3980 6296
507 311 641 375 3ἷ3ι
1729 309 1791 369 S.
1835 308 2214 370 SYMEONIS
2242 309 2600 371 JUNlOBIS
3699 300 3823 368 3132

510 415 789 476 revocavit
820 414 1065 470 animum
1089 425 1318 470 sanctus
1335 414 1403 469 ad
1423 415 1693 470 visionem
1730 416 1903 480 illam,
1924 432 2082 487 quam

2250 419 2455 490 ιμεὼν,
2486 420 2556 491 ἢν
2604 419 2733 490 χθὲς
2778 420 2874 473 καὶ
2916 418 3109 490 πρώην
3159 419 3301 489 περὶ
3362 414 3560 472 αὐτοῦ
3604 416 3822 489 ἑωράκει

508 514 683 584 pridie
717 526 782 567 ac
813 510 1030 580 pridem
1067 510 1173 564 hac
1195 525 1365 579 super
1410 526 1469 566 re
1494 522 1888 584 conspexerat;
1923 528 2080 584 quam

2249 533 2348 579 τως
2378 533 2437 569 τε
2471 516 2764 585 σύμφωνον
2802 515 2939 585 αὐτῇ
2975 515 3035 566 τὸ
3066 512 3505 582 γεγενημένον.
3531 509 3641 564 καὶ
3692 512 3821 572 ὅπως

508 606 720 661 scilicet
788 618 1050 673 expresse
1135 618 1267 659 cum
1338 603 1434 659 illa
1485 606 1913 669 concordarent,
1966 621 2080 676 qua

2252 623 2336 677 τερ
2374 606 2556 676 ἐκείνη
2582 605 2898 675 παρέδειξεν
2926 603 3076 674 αὐτῷ
3107 605 3381 675 κρυφίως
3415 603 3534 655 καὶ
3589 601 3824 672 ἀπορῖδῆ⁶

510 696 672 750 ιιιοάο
702 695 905 750 flebant
929 712 943 759 ;
970 710 1247 765 quamque
1269 695 1531 751 distincte
1584 712 1733 751 nunc
1764 697 1915 752 exitu
1943 710 2082 753 com-

2243 714 2334 760 ως,
2363 696 2523 751 τοῦτο
2550 696 2731 749 τοίνυν
2763 698 2859 751 ἐπὶ
2886 696 2982 750 τοῦ
3012 696 3364 766 πράγματος
3397 696 3521 749 ἴδοι
3559 709 3577 724 ·
3641 693 3815 745 ἔπειτα

507 793 653 860 pteta
685 796 963 846 cerneret.
985 803 1109 855 quae
1135 788 1295 857 prius
1321 798 1538 843 secreto
1560 796 1727 858 alque
1764 789 1984 845 occulte
2004 804 2079 844 re-

2255 790 2388 842 ἑντοι
2417 790 2516 842 καὶ⁵
2549 791 2646 858 τῆς
2672 789 2824 851 θείας
2845 789 3030 857 φωνῆς
3055 787 3279 857 ἐκείνης
3331 786 3451 855 τῆς
3503 786 3659 856 τεῷ-ς
3688 785 3827 837 αὐτὶ-ν

512 885 843 947 ιιιηωεειιιοια
898 877 1159 931 fuerant:
1225 877 1427 932 deinde
1473 879 1641 933 etiam
1688 879 1890 934 divina:
1943 880 2084 934 illius

2256 874 2628 958 ι[εν]εχθείσης
2678 879 3074 951 ἐπιμνησθεὶς,
3132 879 3213 942 ὡς
3289 877 3451 949 πρὸς
3598 876 3828 945 ἀνάγκης

507 969 682 1028 vocis.
713 982 837 1037 qure
856 966 1088 1021 auribus
1110 966 1455 1030 insonuerat,
1482 963 1849 1031 recordatus:
1880 975 2079 1035 etquo‘

2255 974 2355 1045 Βτῷ
2393 973 2740 1028 καταστάντα
2767 973 2864 1026 καὶ
2894 972 2982 1025 τον
3017 970 3329 1023 ἐπίσκοπον
3380 967 3555 1039 εἶχε,
3598 969 3705 1023 καὶ
3737 966 3827 1021 ούῖ

511 1054 678 1108 modo
708 1070 891 1109 coram
918 1070 977 1109 se
1007 1054 1241 1109 haberet
1272 1054 1619 1125 episcopum,
1647 1055 1816 1110 etiam
1852 1056 1920 1109 ad
1980 1056 2083 1109 vim

2256 1082 2271 1117 ρ
2318 1063 2422 1118 εἴτι
2461 1064 2558 1116 καὶ
2604 1062 2815 1131 γένοιτο
2881 1061 3148 1132 μεθήσειν
3234 1061 3527 1129 λέγοντα,
3588 1058 3828 1121 εὐδοκίας

510 1139 816 1201 faciendam
841 1156 1114 1216 paratum,
1140 1145 1531 1215 dicentemque
1563 1146 1711 1215 quod
1740 1162 1890 1209 eum,
1926 1145 2082 1216 quid-

2259 1154 2385 1206 ηκαὶ
2425 1152 2613 1222 σαφῶς
2633 1149 2727 1223 ἦν)
2764 1153 2867 1222 τῆς
2902 1153 3110 1208 ἄνωθεν
3141 1154 3422 1223 ἄντικρυς
3463 1152 3540 1203 τὸ
3606 1152 3831 1218 πρᾶγμα

510 1238 644 1307 quid
679 1239 901 1295 demum
950 1240 1109 1294 fieret
1139 1280 1154 1303 ,
1199 1254 1310 1293 non
1358 1247 1506 1293 esset
1547 1237 1910 1304 dimissurus;
1978 1254 2082 1293 rem

2258 1244 2574 1313 ιτανοήσας,
2590 1243 2762 1297 κλίνει
2784 1244 2883 1313 μὲν
2902 1245 2994 1297 τὸν
3018 1244 3224 1312 αὐχένα
3254 1243 3352 1296 καὶ
3382 1242 3579 1295 ἄκωνο
3602 1244 3635 1293 ὁ
3662 1241 3723 1293 δὲ
3751 1242 3830 1309 τὴν

515 1330 1107 1400 bcneplaciti(utvere
1129 1335 1271 1396 erat)
1307 1330 1482 1384 divini
1530 1345 1653 1385 esse
1707 1330 2087 1394 considerans,

2262 1338 2369 1405 εἶρα
2396 1336 2461 1404 τῇ
2492 1334 2703 1404 κεφαλῇ
2735 1332 2963 1398 ἐπιθεὶς,
2995 1332 3244 1395 εὐλαϐῶς
3273 1333 3495 1402 κομιδῇ
3531 1331 3643 1384 καὶ
3670 1348 3834 1395 πεφν-

511 1422 775 1477 incurvat
806 1422 897 1476 ille
917 1422 1143 1491 quidem
1175 1422 1382 1476 collum
1408 1422 1576 1477 etiam
1611 1423 1848 1490 invitus;
1879 1423 2083 1493 episco-

2262 1426 2598 1496 ιγμὲνωςτάς
2609 1443 2669 1479 τε
2692 1424 2943 1496 συνήθεις
2965 1425 3131 1494 εὐχὰς
3149 1422 3430 1484 ἐπειπὼν,
3456 1423 3566 1475 καὶ
3596 1422 3834 1491 δάκρυσι

508 1528 615 1583 pus
671 1530 822 1580 vero,
866 1515 1126 1570 manibus
1147 1514 1317 1585 capiti
1383 1514 1637 1585 religiose
1689 1515 1990 1571 admodum
2040 1528 2080 1571 el

2264 1518 2302 1570 ib
2330 1515 2440 1570 τῶν
2469 1515 2648 1585 εὐχῶν
2674 1514 2965 1585 καταχὲας.
3006 1514 3068 1567 τδ
3094 1512 3279 1583 ψυχῆς
3303 1513 3462 1565 θεῖόν
3494 1529 3555 1565 τι
3589 1513 3836 1582 πασχού-

509 1604 915 1674 circumspecte
938 1605 1234 1674 impositis,
1269 1604 1382 1661 dici
1409 1605 1601 1659 solitas
1632 1606 1915 1661 orationes
1962 1621 2081 1676 ρει-ε

2266 1622 2305 1672 ις
2337 1605 2563 1674 ἐναργὲς
2594 1603 2884 1673 σύμϐολον,
2913 1601 3065 1673 ἱερέα
3089 1601 3311 1665 τελειοῖ,
3349 1602 3545 1673 τρίτῳ
3578 1601 3694 1672 τῆς
3724 1602 3838 1672 ἡλι-

510 1692 699 1758 solvit;
732 1694 1097 1765 suaviumque
1123 1694 1490 1765 lacrymarum
1518 1694 1693 1750 imbre
1748 1695 1895 1750 inter
1957 1710 2082 1765 pre-

1378 1710 1490 1748 rutn
1518 1694 1693 1750 imbre
1748 1695 1895 1750 inter
1957 1710 2090 1765 pre-
2207 1694 2337 1758 κίας
2365 1696 2461 1748 ἐπὶ
2489 1694 2784 1765 τριάκοντα
2819 1693 2950 1748 ἔτει.

510 1786 745 1843 candum
774 1785 1032 1856 perfusus
1060 1827 1073 1847 ,
1109 1787 1297 1841 anima
1352 1788 1544 1842 nescio
1593 1785 1739 1867 quod
1773 1787 1975 1843 divina:
1996 1788 2220 1845 virtutis
2292 1788 2559 1844 indicium
2641 1786 2916 1842 sentiente
2948 1826 2965 1851 ,
3018 1783 3367 1841 sacerdotem
3428 1786 3838 1848 consecravit.

511 1879 676 1935 tertio
709 1889 767 1935 et
794 1881 1079 1936 tricesimo
1107 1881 1289 1935 :etatis
1319 1894 1487 1936 anno.
2088 1887 2097 1897 '

583 2017 705 2074 156.
735 2017 867 2072 Post
898 2017 1016 2072 haec
1044 2016 1359 2086 episcopus,
1402 2015 1549 2071 dicta
1581 2024 1917 2087 acceptaque
1944 2017 2097 2071 saluo
2130 2023 2155 2079 ῑ

2278 2016 2422 2089 ρνς’.
2462 2017 2523 2072 '0
2549 2018 2648 2090 μὲν
2673 2012 2769 2073 οὖν
2791 2017 3018 2089 εἰρήνην
3038 2016 3165 2080 δοὺς
3194 2016 3229 2088 ἢ
3258 2015 3359 2070 καὶ
3382 2015 3591 2070 λαϐὼν
3626 2018 3840 2088 ἀνεχώ-

514 2118 591 2176 te,
622 2111 940 2174 revertitur,
975 2109 1139 2165 laetus
1166 2109 1312 2177 quod
1352 2124 1549 2164 manus
1573 2124 1702 2164 suas
1750 2108 1805 2162 in
1849 2108 1940 2162 tali
1972 2123 2086 2164 vast

2266 2125 2363 2179 ισε,
2393 2108 2600 2179 χαίρων
2627 2113 2710 2166 ὅτι
2755 2107 2857 2171 τὰς
2884 2109 3072 2177 χεῖρας
3102 2106 3194 2159 ἐπὶ
3229 2105 3465 2177 τοιούτῳ
3517 2107 3731 2161 σκεύει
3767 2108 3838 2178 τῷ

511 2201 898 2260 consecrando
959 2199 1196 2270 Spiritui
1264 2208 1456 2254 sancto
1514 2198 1951 2255 commodasset:
1997 2197 2083 2270 Sy-

2266 2198 2488 2270 νεύματι
2515 2200 2777 2270 χρήσειεν
2797 2215 2812 2230 ·
2836 2197 2915 2268 τῷ
2941 2198 2999 2251 δὲ
3018 2184 3249 2267 Συμεὼν
3274 2198 3324 2251 οί
3352 2198 3632 2268 μαθηταὶ
3669 2218 3838 2271 προς·

511 2293 697 2348 meoni
752 2306 890 2345 vero
936 2298 1296 2345 accesserunt
1353 2288 1635 2359 discipuli,
1690 2298 1983 2359 rogantes,
2042 2304 2076 2342 u

2267 2291 2475 2356 θόντες,
2521 2292 2708 2361 ἠξίουν
2737 2291 2840 2363 τὴν
2883 2289 3034 2343 θείαν
3071 2288 3235 2355 αὑτὸν
3278 2289 3627 2344 ἐπιτελέσαι
3665 2309 3837 2360 μυττ-

512 2381 829 2436 divinorum
861 2380 1249 2451 mysteriorum
1291 2378 1562 2449 primitias
1596 2377 1849 2433 offerret.
1889 2379 2084 2433 Verum

2263 2382 2470 2451 ξωγίαν.
2512 2380 2572 2435 Ὁ
2602 2380 2661 2434 δὲ
2687 2379 2790 2450 τὴν
2831 2378 3206 2449 προσκομιδὴν
3238 2380 3298 2430 ὲν
3332 2377 3654 2447 Πνεῦματι
3698 2381 3835 2451 ἁγίῳ

513 2470 607 2527 ille
635 2471 944 2540 profectum
969 2484 1133 2525 suum
1167 2470 1223 2524 in
1270 2480 1465 2525 sancto
1493 2469 1703 2539 Spiritu
1737 2470 2085 2525 constitutuu

2259 2473 2501 2540 ιντάξας,
2530 2471 2742 2541 ἠγωνία
2768 2469 2912 2523 κατὰ
2940 2470 3066 2531 τοὺς
3097 2468 3337 2538 θερμοὺς
3380 2469 3501 2524 τῶν
3540 2473 3831 2543 ἐραστῶν,

513 2560 756 2625 habens,
798 2562 963 2617 anxio
1007 2568 1128 2616 erat
1175 2561 1398 2624 animo,
1458 2560 1714 2629 exemplo
1769 2559 2085 2616 ferventiun

2262 2584 2358 2628 ιως
2394 2565 2460 2619 ἂν
2486 2564 2564 2635 τῷ
2602 2561 2921 2632 ποθουμένῳ
2956 2560 3077 2631 Θεῷ
3107 2561 3506 2631 προσενέγκαι,
3539 2565 3647 2617 καὶ
3688 2565 3834 2635 αὐτῷ

513 2660 846 2711 amatorum,
877 2651 1162 2721 quomodo
1184 2648 1521 2704 sacrificium
1562 2650 1677 2704 Deo
1726 2664 1829 2704 suo
1859 2651 2078 2719 gratissi

2264 2656 2414 2711 Ξλλον
2433 2656 2686 2727 ἡδυνθείη
2710 2656 2777 2709 τὰ
2797 2654 2899 2723 τῆς
2927 2653 3142 2718 θυσίας.
3174 2654 3287 2706 Καὶ
3308 2655 3419 2724 ὁρᾷ
3447 2656 3512 2707 ἐν
3545 2657 3836 2710 ἀποκαλύ-

515 2759 668 2801 mum
697 2743 944 2805 offerret,
982 2759 1048 2798 ac
1069 2742 1262 2812 majori
1292 2742 1447 2795 illum
1499 2740 1747 2797 alliceret
1799 2742 2083 2812 voluptate

2263 2767 2302 2802 ει
2333 2749 2524 2803 ἑαυτὸν
2563 2750 2665 2817 μὲν
2686 2748 2787 2816 τὴν
2810 2745 2961 2799 θείαν
2990 2745 3078 2798 διὰ
3107 2744 3206 2815 τῆς
3234 2745 3508 2813 τοιαύτης
3542 2746 3835 2817 ἀναφορᾶς

512 2835 771 2905 viditque
830 2850 933 2904 per
987 2835 1391 2904 apparitiouem
1445 2849 1502 2888 se
1552 2836 1734 2904 ipsum
1793 2834 2084 2890 lstiusmod

2258 2841 2555 2910 ειτουργίαν
2592 2837 2965 2900 ἐπιτελοῦντα,
2998 2835 3257 2905 τάγματα
3298 2835 3357 2888 δὲ
3403 2836 3601 2902 ἁγίων
3659 2840 3830 2906 ἀγγέ-

423 2946 435 2955 ’
514 2926 800 2983 oblatione
845 2940 1060 2981 sacram
1119 2926 1401 2997 liturgiam
1460 2926 1885 2996 perlicientem;
1935 2936 1995 2980 at

2258 2951 2321 2989 nv
2350 2933 2528 3001 χιόνος
2559 2929 2859 3000 λευκότερα
2902 2929 3004 2990 τὰς
3029 2925 3322 2990 ἀναϐολὰς,
3357 2926 3477 2996 πρὸ
3522 2929 3639 2998 τῆς
3665 2930 3830 2984 αὑτοῦ

516 3022 842 3091 angelorum
868 3031 1194 3075 sanctorum
1223 3021 1508 3086 cohortes,
1532 3020 1787 3074 vestibus
1817 3019 1943 3074 nive
1975 3035 2088 3074 can-

2260 3025 2462 3086 τάσεως
2501 3021 2735 3086 ἑστῶτα,
2766 3019 2859 3073 καί
2906 3035 3014 3072 τινι
3072 3019 3291 3086 κινήσει
3348 3017 3572 3087 χειρῶν
3618 3020 3832 3092 ἐξαισία

516 3110 835 3168 didioribus
875 3113 1230 3175 amictorum,
1263 3111 1529 3164 stantium
1587 3119 1716 3166 ante
1766 3110 2088 3166 columnam.

2260 3111 2318 3167 ον
2351 3112 2801 3182 ἐπευφημοῦντα.
2831 3109 3053 3163 κάκεῖνο
3076 3108 3603 3181 προσεπελέγονταο
3656 3112 3727 3164 Εἰ
3754 3128 3832 3175 τις

516 3213 576 3260 et
599 3204 846 3259 motione
886 3203 1122 3273 quadam
1156 3217 1418 3256 manuum
1453 3202 1718 3257 inusitata
1739 3203 1911 3257 veluti
1963 3204 2088 3260 bene

2258 3209 2280 3276 ᾗ
2309 3204 2571 3275 ὁμολογίᾳ
2592 3203 2766 3274 ταύτῃ
2788 3201 2886 3268 τῆς
2911 3198 3150 3263 πίστεως
3172 3198 3237 3250 οὐ
3268 3201 3557 3257 κοινωνεῖ,
3582 3201 3830 3271 ἀνάθεμα

516 3293 887 3366 precantium.
914 3308 978 3347 ac
1018 3292 1110 3347 tali
1137 3292 1591 3348 concludentium
1642 3292 1787 3347 dicta
1838 3294 2057 3365 epilOgo

2257 3314 2382 3350 ττω·
2420 3294 2550 3365 ἑξῆς
2586 3294 2644 3347 δὲ
2689 3294 2783 3345 καὶ
2825 3290 2960 3344 Θεὸν
2990 3287 3203 3343 ἄνωθεν
3250 3288 3697 3356 ἐπευδοκοῦντα,
3744 3292 3829 3345 καὶ

519 3385 579 3441 Si
621 3385 747 3455 quis
796 3385 927 3439 huic
973 3384 1101 3439 fldei
1166 3381 1502 3440 confessioni
1552 3398 1664 3439 non
1704 3388 2091 3445 communicat,

2257 3388 2310 3452 ἃς
2339 3388 2523 3457 φωνὰς
2549 3384 2740 3455 ὥσπερ
2772 3380 3269 3454 ὲπισφραγίζοντα.
3310 3380 3374 3434 Ὀ
3399 3381 3507 3449 μὲν
3538 3377 3643 3435 οὖν
3665 3382 3829 3434 ταῦτα

518 3477 814 3534 anathema
862 3477 957 3531 sit.
992 3476 1133 3530 Tum
1196 3475 1339 3529 vidit
1392 3475 1564 3529 Deum
1619 3491 1862 3546 quoque,
1894 3477 2085 3532 caalest

2260 3479 2450 3550 υηθεὶς
2478 3479 2610 3548 περὶ
2633 3475 2736 3544 τῆς
2770 3474 2924 3536 θείας
2959 3471 3388 3542 μυσταγωγίας,
3426 3472 3532 3525 καὶ
3576 3471 3831 3534 τοιαύτας

518 3568 680 3639 signo
709 3567 1028 3638 angelorum
1059 3581 1227 3622 voces
1272 3567 1754 3636 comprobantem,
1812 3583 1876 3622 ac
1928 3566 2090 3637 sigillt

2257 3571 2591 3643 ληροιρορίας
2619 3566 2824 3631 λαϐὼν,
2858 3567 2951 3620 καὶ
2975 3564 3155 3626 οὕτως
3187 3565 3470 3633 ἀσφαλεῖς
3491 3565 3593 3617 καὶ
3613 3564 3829 3633 βεϐαίας

518 3658 680 3728 quasi
715 3672 817 3712 suo
844 3657 1211 3711 munientem.
1237 3656 1429 3727 Itaque
1468 3666 1759 3728 postquam
1802 3656 1929 3713 talia
1961 3658 2090 3712 circ:

2279 3662 2538 3732 λαμπρὰς
2568 3659 2662 3713 καὶ
2677 3653 3124 3722 ἀναντιῤῥητους,
3142 3657 3195 3710 εί
3216 3655 3436 3726 βούλει,
3471 3656 3745 3725 προθύμῳ
3774 3654 3827 3706 τδ

519 3749 773 3806 divinum
830 3749 1164 3804 sacrificium
1217 3750 1471 3814 edoctus,
1524 3748 1946 3806 testiﬁcationes
1998 3758 2091 3805 tan

2254 3754 2401 3809 οιπδν
2424 3752 2593 3823 αὐτὴν
2612 3750 2859 3804 ἐπετέλει
2878 3749 2975 3801 καὶ
2995 3747 3223 3820 γλώττῃ
3249 3749 3352 3801 καὶ
3374 3748 3658 3820 πνεύματι
3672 3765 3687 3776 ·
3703 3748 3826 3814 ἡμῖν

522 3848 726 3900 certas,
751 3847 858 3892 tam
892 3839 1122 3901 solidas.
1152 3849 1261 3894 tam
1304 3839 1656 3910 perspicuas,
1700 3848 1759 3895 et
1788 3841 2016 3911 quibus,
2064 3856 2091 3893 s

2255 3848 2273 3900 ὲ
2302 3846 2395 3900 καὶ
2423 3845 2489 3898 τὰ
2516 3845 2654 3914 πρὸς
2685 3841 2754 3895 τὰ
2780 3838 2909 3910 ἑξῆς
2932 3839 2961 3892 ὁ
2981 3837 3143 3905 λόγος
3177 3837 3468 3909 βαδιεῖται
3489 3840 3602 3894 τῶν
3622 3837 3714 3893 τοῦ
3741 3838 3827 3893 ἀν-

522 3931 599 3986 ita
630 3929 740 3993 vis,
772 3931 1077 3985 contradici
1110 3931 1191 3986 nil
1212 3941 1412 4001 potest,
1437 3931 1778 4002 accepisset,
1816 3932 2094 4002 promptis-

1138 3931 1191 3986 lil
1212 3941 1412 4001 potest,
1437 3931 1778 4002 accepisset,
1816 3932 2118 4002 promptis—
2218 3938 2344 4009 δρὸς
2373 3934 2710 4007 θαυμασίων.

524 4023 664 4079 sima
701 4022 967 4091 deinceps
996 4031 1055 4077 et
1083 4023 1272 4095 lingua
1321 4032 1379 4079 et
1428 4025 1630 4094 spiritu
1689 4024 1825 4079 illud
1881 4024 2107 4079 obtulit.

523 4113 639 4171 Nos
665 4130 799 4171 vero
824 4125 1024 4172 caetera
1049 4116 1155 4171 viri
1186 4116 1453 4172 miracula
1485 4132 1911 4190 prosequamur.

2018 4297 2242 4354 CAPUT
2271 4293 2390 4351 XX.

1198 4411 1431 4476 Bacillo,
1463 4411 1638 4478 verba,
1677 4429 1822 4482 aqua
1850 4426 2130 4472 manuum,
2171 4409 2325 4464 varia
2359 4412 2561 4476 patrat.
2607 4401 2875 4456 Morinum
2910 4397 3157 4453 suscitat.

601 4526 727 4583 157.
767 4524 862 4579 Vir
891 4523 1136 4594 quidam,
1171 4525 1394 4581 natione
1415 4524 1562 4588 Iber,
1585 4540 1686 4595 per
1705 4525 1919 4579 calores
1950 4531 2114 4579 aesta-
2146 4527 2173 4584 [

2294 4518 2427 4593 ρνζ’.
2473 4516 2637 4585 ’Δνήρ
2667 4530 2752 4575 τις
2777 4512 2933 4581 Ἰϐηρ
2954 4511 3016 4565 τὸ
3042 4509 3230 4578 γένος,
3250 4512 3315 4565 ὲν
3344 4513 3510 4584 ἁκμῇ
3540 4514 3722 4586 θέρους
3741 4513 3818 4565 ἐπί

526 4617 603 4673 tis
632 4616 687 4670 in
718 4628 844 4669 area
896 4613 1134 4684 quadam
1180 4629 1434 4669 somnum
1468 4614 1721 4684 capiebat
1748 4613 1881 4667 vino
1927 4622 2093 4683 potus

2254 4629 2361 4674 ινος
2401 4609 2605 4669 ἅλωνος
2649 4604 2943 4657 ἐκάθευδεν
2974 4601 3083 4654 ὑπὸ
3112 4602 3295 4666 οἴνου,
3325 4598 3425 4659 οἷα
3473 4607 3542 4674 δὴ
3568 4607 3817 4679 φιλείτοῑς

529 4705 998 4778 quemadmodum
1029 4705 1266 4760 ebriosis
1332 4707 1474 4762 solet
1533 4705 1823 4769 accidere,
1952 4704 2101 4775 idqm

2251 4700 2487 4757 ἰνωθεῖσι
2512 4693 2853 4762 συμϐαίνειν,
2887 4690 2983 4743 καὶ
3014 4689 3077 4743 τὸ
3108 4691 3295 4759 στόμα
3334 4695 3590 4765 κεχήνει.
3624 4695 3817 4763 ὐςεως

531 4797 720 4852 hiante
748 4812 877 4851 ore:
904 4811 1029 4851 cum
1055 4795 1329 4866 adrepens
1351 4795 1602 4857 coluber,
1634 4802 1901 4866 percepto
1925 4795 2103 4850 odore

2245 4790 2507 4864 ὀιγαροῦν
2568 4785 2718 4855 αὐτῷ
2771 4780 3275 4854 προσερπύσαντος
3346 4786 3447 4839 καὶ
3509 4787 3615 4854 τῆς
3658 4785 3817 4851 ὀσμῆς

529 4905 632 4960 per
697 4889 885 4943 fauces
934 4888 1037 4941 viri
1073 4888 1141 4943 ad
1200 4889 1413 4944 viscera
1461 4904 1636 4957 usque
1672 4887 1991 4941 sitibundus
2022 4901 2101 4956 pe

2246 4883 2568 4953 ιὶσθομένου,
2602 4882 2659 4932 ἐν
2684 4875 2826 4945 δίψει
2870 4889 2931 4925 τε
2968 4873 3108 4941 πρὸς
3147 4873 3221 4925 τὰ
3252 4874 3479 4949 ἐγκαῑα
3519 4875 3615 4929 τοῦ
3647 4873 3818 4940 ἀδεὴς

529 4990 714 5037 netrat
749 4998 763 5035 :
796 4997 902 5053 qua
940 4996 999 5035 rc
1033 4981 1124 5035 ille
1168 4980 1224 5034 in
1255 4990 1565 5035 extremum
1602 4978 1907 5048 periculum
1937 4977 2101 5032 addu-

2252 4971 2511 5032 ἱσδύντος,
2539 4969 2597 5020 ὲν
2625 4965 2786 5019 παντὶ
2810 4960 3057 5015 κινὲύνου
3083 4961 3420 5032 γενόμενος,
3458 4966 3555 5019 καὶ
3575 4966 3604 5017 δ
3627 4966 3677 5017 τε
3706 4978 3819 5016 ποτε

529 5083 673 5139 ctus,
706 5050 845 5128 nihil
875 5073 1177 5144 quidquam
1209 5071 1356 5140 qbod
1384 5071 1489 5125 sibi
1521 5071 1848 5138 applicaret,
1882 5068 2101 5122 remedi

2250 5064 2492 5133 ςρήσηται
2529 5056 2717 5112 λοιπὸν
2745 5051 2924 5122 ἑαυτῷ
2952 5050 3029 5121 μὴ
3061 5051 3232 5122 ἔχων,
3266 5054 3429 5127 παρὰ
3457 5054 3552 5108 τὸν
3578 5055 3715 5108 θεῖον
3740 5054 3822 5104 εὖ.

478 5132 840 5223 λέίηνριιίοηε.
883 5161 1173 5217 confestim
1204 5159 1273 5213 ad
1303 5167 1552 5213 sanctum
1584 5155 1910 5226 Symeonem
1946 5156 2048 5210 adv

2345 5151 2591 5223 Συμεὼν,
2625 5149 2723 5219 τὴν
2755 5146 2923 5217 μόνην
2946 5145 3075 5213 ἥκει
3100 5144 3202 5198 τοῦ
3235 5147 3459 5210 πάθους
3489 5146 3815 5214 καταφυγὴν,

529 5254 631 5318 lat,
666 5255 890 5310 unicum
927 5254 982 5307 in
1029 5251 1238 5306 morbis
1264 5247 1600 5320 perfugium,
1627 5246 1843 5301 unicam
1873 5247 1930 5301 in
1967 5255 2101 5302 tantt

2250 5247 2325 5317 ςὴν
2371 5247 2539 5316 μόνην
2566 5240 2886 5313 τηλικούτου
2916 5236 3095 5291 κακοῦ
3127 5237 3318 5294 λύσιν.
3366 5241 3428 5295 '0
3467 5240 3526 5294 δὲ
3553 5241 3643 5294 τὸν
3668 5240 3822 5308 ἄνδρα

533 5349 681 5403 malo
715 5347 1070 5402 medicinam.
1108 5346 1158 5400 ls
1201 5353 1383 5399 autem
1425 5342 1729 5398 calamitosi
1772 5341 1880 5395 viri
1934 5342 2105 5396 miser

2250 5340 2325 5409 πῆς
2359 5337 2644 5406 συμφορᾶς
2678 5333 2926 5404 ἐλεήσας,
2949 5328 3054 5400 τὴν
3089 5330 3335 5396 κοιλίαν,
3367 5333 3439 5405 ἢν
3469 5335 3574 5387 ὅσα
3601 5331 3694 5385 καὶ
3721 5348 3822 5400 φω-

535 5447 646 5499 tus.
694 5447 969 5502 ventrem,
1004 5451 1170 5507 quem
1203 5435 1433 5491 coluber
1475 5434 1553 5489 uti
1598 5441 1818 5488 antrum
1850 5447 2010 5486 suum
2046 5431 2107 5484 in

2252 5430 2347 5483 ,εὺν
2388 5430 2417 5481 ὁ
2452 5427 2576 5495 ὄφις
2606 5425 2762 5496 ᾤκει,
2794 5424 2860 5491 τῇ
2903 5419 3090 5490 ῥάϐδῳ
3121 5421 3570 5492 διασφραγίσας,
3612 5423 3717 5489 ἐξω
3742 5436 3824 5489 τε.

532 5530 773 5593 colebat,
795 5530 996 5585 bacillo
1023 5545 1123 5584 suo
1145 5530 1345 5601 signat,
1365 5535 1531 5595 atque
1556 5523 1893 5579 monasterio
1975 5523 2104 5576 ειιίιε

2252 5519 2413 5574 νέσθαι
2441 5521 2541 5588 τῆς
2567 5516 2733 5587 μονῆς
2763 5511 3077 5581 ἐπιτρέπει.
3114 5512 3401 5577 Ἐξελθὼν
3422 5516 3610 5569 τοίνυν
3636 5514 3824 5573 sile-To);

532 5622 707 5691 iubet.
742 5620 965 5676 Jussum
999 5620 1205 5677 factum
1233 5641 1245 5674 :
1289 5620 1346 5674 in
1392 5633 1617 5690 egressu
1651 5615 1835 5671 statim
1862 5629 2100 5670 exonera

2259 5615 2455 5677 κεῖνος,
2500 5609 2648 5663 κενοῖ
2692 5603 2780 5659 8οά
2820 5603 2929 5657 τῶν
2969 5602 3226 5670 φυσικῶν
3281 5604 3492 5671 ἐξόδων
3533 5605 3711 5671 ζῶντα
3743 5601 3824 5654 τὸν

539 5713 625 5766 via
664 5713 900 5767 naturali
943 5714 1128 5767 vivum
1161 5720 1496 5783 serpentem,
1550 5718 1603 5764 et
1652 5707 1946 5764 incolumis
1982 5707 2111 5762 redi:

2255 5719 2372 5772 φιν,
2429 5701 2522 5755 καὶ
2571 5699 2753 5753 οἶκαδε
2802 5693 2960 5765 ὑγιὴς
2997 5695 3302 5766 ἐπανήκει,
3346 5695 3544 5770 θαῦμα
3583 5697 3645 5751 οὐ
3678 5696 3827 5748 πᾶσιν
