4026 6292
251 384 392 449 3133

1268 385 1447 448 VITA
1484 387 1531 443 A
1570 384 2011 450 NICEPHORO
2044 390 2531 455 CONSCRIPTA.

3381 391 3529 459 313‘

257 501 489 564 δμμαπι,
514 493 650 548 ἀλλὰ
677 494 771 547 καὶ
803 494 956 561 ὠσὶν,
982 494 1043 549 τδ
1075 495 1376 566 τηνικαῦτα
1409 497 1559 562 ίδείν,
1583 499 1678 552 καὶ
1699 498 1838 560 ὅσοις

1948 501 2193 568 domum,
2254 505 2584 560 miraculum
2634 504 2811 561 factus
2860 520 2973 560 non
3012 506 3261 561 omnium
3315 514 3528 563 tantum

258 589 336 651 είς
361 586 522 657 δεῦρο
555 588 717 641 πάλιν
748 586 976 642 ἀκοῦσαι
1006 587 1235 655 γένοιτο.

1946 595 2146 660 oculis,
2173 595 2268 651 sed
2313 597 2480 652 etiam
2536 597 2796 662 auribus;
2844 598 3019 652 oculis
3064 597 3310 667 quidem,
3359 613 3528 668 quor.-

250 682 390 746 quot
444 685 576 732 tunc
630 675 894 745 temporis
928 673 1063 729 illud
1115 672 1350 741 videre;
1407 676 1638 733 auribus
1718 693 1874 747 vero,
1948 691 2221 753 quotquot
2278 684 2334 739 in
2391 696 2717 755 praesentem
2779 701 2955 757 usque
3014 686 3161 742 diem
3217 689 3408 744 audire
3458 688 3529 746 li-

249 767 388 823 cuit.

330 856 464 930 ρνη’.
507 854 642 913 Εἶτα
685 859 1021 931 προσάγεταί
1065 877 1150 924 τις
1189 859 1338 931 αὐτῷ
1377 860 1582 923 νεᾶνις,
1633 858 1697 912 οὐ
1732 876 1844 914 κω-

249 953 491 1024 φεύουσα
529 953 691 1022 μόνον
726 953 822 1005 καὶ
864 952 1128 1023 μηδαμῶς
1159 951 1530 1022 φθεγγομένη,
1568 953 1705 1008 ἀλλὰ
1747 953 1844 1008 καὶ

246 1020 439 1117 τρὶμῷ
478 1020 539 1098 τό
577 1046 686 1099 πᾶν
729 1020 890 1115 σῶμα
917 1020 1530 1113 ⁸λατοσούτιμσυνεχομένη
1562 1086 1576 1107 ,
1609 1044 1686 1108 ὡς
1718 1046 1842 1114 μηδ’

247 1138 371 1192 οἵαν
396 1154 453 1189 τε
485 1133 625 1189 εἶναι
656 1139 968 1207 διακρατεῖν
996 1137 1196 1205 ἑαυτὴν
1224 1175 1239 1196 ,
1261 1136 1395 1188 ἀλλὰ
1422 1135 1619 1189 σινδόνι
1642 1138 1841 1207 μᾶλλον

250 1226 653 1298 βαστάζεσθαι’
690 1227 917 1279 ἐσδεστο
942 1226 999 1279 δὲ
1031 1228 1123 1278 καὶ
1148 1228 1176 1279 ὁ
1201 1224 1385 1296 πατὴρ
1416 1225 1514 1296 ἤδη
1546 1228 1643 1296 τῆς
1674 1228 1841 1299 κόρης

246 1319 376 1381 τοὺς
407 1317 741 1387 ὀφθαλμούς.
779 1318 887 1370 Καὶ
924 1320 952 1371 ὁ
994 1317 1095 1386 μὲν
1122 1318 1215 1385 ὑφ’
1242 1318 1447 1387 ἑτέρων
1471 1317 1844 1387 χειραγωγού-

252 1427 437 1481 μενος,
463 1413 497 1480 ἡ
520 1409 578 1463 δὲ
606 1410 881 1479 φερομένη
902 1427 915 1439 ·
947 1410 976 1463 ὀ
1007 1409 1106 1479 μὲν
1146 1409 1361 1461 ἵσταται
1396 1409 1502 1478 np‘)
1530 1408 1622 1462 τοῦ
1680 1409 1837 1477 ἁγίου

249 1503 474 1572 τυφλὸς,
499 1505 533 1573 ἠ
566 1503 623 1556 δὲ
660 1502 995 1574 προτίθεται.
1046 1502 1115 1579 ὉΔ
1135 1501 1233 1571 μὲν
1261 1496 1354 1554 οὗν
1399 1502 1582 1571 πατὴρ
1606 1503 1686 1563 εἰς
1715 1501 1842 1555 ἐαυ-

249 1597 345 1649 τὸν
373 1596 767 1666 ἀναδεχόμενος
793 1596 894 1665 τὴν
925 1595 1025 1665 τῆς
1064 1593 1252 1656 παιδὸς
1276 1593 1530 1664 κπάρεσιν
1577 1594 1721 1662 (ἐπεὶ
1746 1592 1841 1646 καὶ

250 1691 460 1761 πατὴρ.
514 1689 768 1743 κάκείνου
820 1688 1022 1758 μᾶλλον
1067 1686 1128 1740 τὸ
1176 1685 1348 1750 πάθος
1396 1682 1485 1757 ἦν,
1518 1687 1566 1758 εί
1601 1685 1697 1738 καὶ
1740 1685 1841 1767 τῇς

250 1784 444 1846 παιδὸς
475 1783 799 1852 ἐνομίζετο),
837 1782 1022 1852 ἱκέτης
1060 1779 1202 1849 ὑπὲρ
1250 1779 1352 1849 τῆς
1385 1777 1579 1847 διπλῆς
1627 1777 1838 1845 ἐγίνετο

254 1877 563 1946 συμφορᾶς,
599 1875 662 1929 οὐ
715 1873 948 1941 πάρεσιν
978 1871 1159 1926 αὐτῶν
1210 1870 1426 1941 ἰαθῆναι
1472 1870 1654 1939 μόνον,
1702 1868 1838 1923 ἀλλὰ

251 1969 348 2022 καὶ
374 1967 668 2033 τύφλωσιν.
715 1965 774 2016 ’0
793 1966 849 2021 δὲ
875 1964 1018 2028 θεῖος
1046 1960 1273 2033 Συμεὼν
1298 1962 1502 2031 ἀμφοῖν
1529 1960 1598 2014 τὰ
1629 1960 1840 2027 σπλάγ-

2014 866 2139 921 158.
2181 866 2420 922 Rursum
2470 868 2767 922 adducitur
2796 868 2870 922 illi
2914 869 3116 939 puella,
3170 885 3280 924 non
3316 879 3528 926 tantum

1943 960 2205 1015 audiendi
2244 961 2614 1030 loquendique
2651 961 2911 1015 facultate
2935 962 3218 1024 destituta,
3251 962 3346 1018 sed
3379 974 3529 1018 lauto

1944 1051 2109 1105 etiam
2156 1060 2400 1106 tremore
2431 1054 2695 1107 membris
2727 1053 2990 1107 omnibus
3019 1064 3295 1123 correpta.
3331 1067 3393 1109 ut
3424 1056 3529 1109 im-

1907 1143 2161 1211 'potens,
2210 1157 2333 1211 quae
2363 1157 2422 1195 se
2459 1142 2630 1211 ipsam
2683 1143 3005 1202 sustineret,
3057 1143 3230 1196 linteo
3282 1144 3525 1199 involuta

1942 1234 2145 1304 gestari
2187 1234 2416 1289 deberet
2446 1251 2460 1287 :
2491 1236 2629 1303 patri
2686 1250 2821 1287 vero
2849 1234 2987 1303 ejus,
3020 1234 3351 1288 exstinctum
3405 1244 3528 1290 erat

1942 1327 2230 1380 oculorum
2278 1326 2487 1382 lumen.
2535 1326 2603 1381 Et
2653 1326 2755 1381 iste
2804 1326 3028 1395 quidem
3074 1326 3144 1381 ab
3190 1326 3314 1381 aliis
3360 1341 3525 1381 manu

1945 1415 2167 1481 ductus,
2222 1418 2403 1472 stabat
2439 1434 2622 1473 coram
2658 1428 2848 1473 sancto
2892 1434 3096 1485 caecus;
3130 1418 3221 1473 illa
3272 1434 3405 1473 vero
3432 1433 3527 1488 ap-

1942 1517 2189 1577 portata,
2263 1509 2468 1564 ibidem
2528 1510 2790 1564 collocata
2830 1510 3070 1580 jacebat.
3126 1511 3289 1564 Pater
3341 1510 3526 1580 itaque

1942 1601 2217 1672 paralysin
2240 1600 2364 1656 illia:
2389 1617 2542 1656 suam
2574 1603 2748 1671 ipsius
2775 1618 2895 1658 csse
2919 1612 3182 1674 reputans
3208 1603 3352 1673 (cum
3377 1604 3526 1658 enim

1942 1700 2101 1761 pater
2147 1703 2313 1757 esset,
2350 1694 2528 1759 dolor,
2561 1695 2655 1765 qui
2696 1694 2820 1750 filiae
2863 1697 3175 1766 putabatur,
3215 1696 3392 1765 ipsum
3424 1709 3526 1765 po-

1944 1785 2054 1839 tius
2088 1800 2229 1856 :egre
2260 1785 2541 1862 habebat),
2575 1788 2804 1857 supplex
2833 1802 2935 1857 pro
2975 1787 3179 1858 duplici
3212 1787 3524 1842 calamitate

1942 1874 2286 1945 deprecanda
2312 1878 2404 1938 lit,
2429 1877 2713 1932 obtestans
2744 1893 2853 1931 non
2882 1878 3058 1932 solum
3086 1887 3148 1933 ut
3180 1877 3409 1950 paralysi
3441 1893 3529 1933 re-

1941 1966 2207 2029 medium,
2236 1966 2329 2020 sed
2350 1966 2580 2020 ctecitati
2607 1982 2829 2037 quoque
2849 1967 3373 2023 all'eratur.Sanctus
3395 1982 3528 2022 vero

252 2076 356 2130 χνα
386 2057 784 2128 περιαλγήσας,
818 2058 897 2119 είς
923 2056 1207 2125 σπλάγχνα
1233 2071 1295 2107 τε
1338 2053 1502 2106 πάλιν
1531 2052 1693 2115 αὐτὸς
1722 2053 1838 2120 φιλ-

1943 2058 2213 2131 Symeon,
2265 2060 2383 2129 ipse
2429 2058 2652 2129 quidem
2707 2059 2994 2114 amborum
3046 2059 3527 2115 commiseratione

253 2148 572 2221 ανθρωπίας
600 2147 737 2201 Θεοῦ
763 2147 984 2216 βλέψας,
1017 2146 1111 2199 atati.
1144 2146 1274 2214 γόνυ
1308 2144 1493 2207 κλίνας
1511 2143 1681 2213 αὐτῷ,
1707 2146 1839 2213 παρ’

253 2237 316 2297 οὗ
364 2244 454 2297 τὸν
481 2243 629 2294 ἔλεον
660 2241 775 2312 ᾔδει
817 2238 1089 2301 πλουσίως
1135 2238 1412 2308 χεόμενον,
1446 2237 1709 2301 ἀναστὰς.
1739 2238 1840 2306 τὴν

255 2336 595 2405 Δεσποτικὴν
648 2333 833 2403 φωνὴν
867 2331 1208 2403 (ἐπιτιμήσει
1261 2330 1316 2383 δέ
1372 2347 1463 2398 μοι
1503 2329 1603 2398 τῆς
1635 2330 1840 2399 τόλμης

254 2429 456 2493 οὐδεὶς,
496 2430 617 2481 ἐπεὶ
655 2426 913 2480 κάκείνου
946 2425 1135 2493 σαφῶς
1172 2425 1205 2492 ἡ
1234 2423 1407 2493 φωνὴ,
1451 2424 1505 2475 Ὀ
1536 2423 1840 2475 πιστεύων

253 2528 342 2589 είς
386 2524 510 2593 ἐμὲ,
539 2523 612 2576 τὰ
646 2519 854 2590 ἔργαᾶ
892 2518 1005 2589 ἐγὼ
1033 2517 1202 2582 ποιῶ,
1244 2517 1521 2581 κάκεῖνος
1548 2514 1834 2585 ποιήσεθ’

255 2619 496 2681 ἀναστὰς
524 2616 723 2678 τοίνυν,
753 2616 853 2686 τὴν
874 2612 1210 2683 Δεσποτικὴν
1240 2611 1340 2682 ἔφη
1366 2611 1570 2680 φωνήν·
1603 2610 1666 2661 Ἡ
1685 2611 1836 2671 παῖς,

253 2706 521 2776 ἀνάστηθι
557 2707 655 2760 καὶ
689 2705 846 2775 στῆθι
872 2706 967 2757 ἐπὶ
999 2706 1122 2768 τοὺς
1162 2704 1331 2767 πόδας
1361 2721 1476 2757 σου.
1508 2704 1620 2771 Τῆς
1652 2703 1709 2755 δέ
1742 2703 1839 2755 αὑ-

252 2801 383 2853 τὶκα
408 2800 543 2869 μέλη
571 2799 747 2852 πάντα
774 2797 1097 2868 ρωσθείσης,
1128 2798 1219 2849 καὶ
1247 2796 1382 2865 ὁμοῦ
1410 2795 1486 2865 τῷ
1508 2796 1838 2865 κελεύσματι

252 2895 419 2946 ποσὶν
449 2891 649 2955 οἰκείος
674 2890 1059 2957 διαναστάσης.
1097 2891 1209 2950 τοῖς
1236 2888 1400 2941 αὑτοῦ
1429 2887 1664 2957 χείλεσιν
1694 2891 1835 2940 ἐκεῖο

253 3001 344 3047 νος
399 2982 489 3034 τὸν
534 2982 796 3035 δάκτυλον
842 2982 1122 3043 ἐκπιέσας,
1162 2979 1391 3049 στόματί
1424 2996 1483 3030 τε
1520 2978 1621 3047 τῆς
1670 2978 1840 3048 κόρης

253 3076 418 3132 αὐτὸν
440 3077 534 3128 καὶ
560 3075 692 3127 ὠσὶν
721 3071 995 3143 ἐμϐαλὼν,
1021 3070 1290 3124 λαλοῦσαν
1320 3070 1645 3142 ἐλευθερίως
1676 3071 1841 3135 εὐθὺς

252 3171 351 3224 καὶ
410 3167 716 3222 ἀκούουσαν
775 3165 1008 3235 ὁρᾶσθαι
1067 3167 1181 3227 τοῖς
1248 3163 1484 3235 παροῦσι
1550 3166 1836 3235 παρεῖχεν.

254 3258 388 3314 Εἶτα
423 3261 560 3331 πρὸς
591 3261 683 3312 τὶν
707 3258 919 3328 πατέρα
945 3256 1296 3325 ἐπιστρέψας,
1336 3259 1427 3308 καὶ
1456 3255 1703 3327 δακτύλῳ
1736 3258 1840 3311 πά·-

1940 2151 2286 2205 visceraiiter
2333 2157 2531 2215 tactus,
2578 2150 2770 2205 oculos
2818 2164 2950 2204 vero
2981 2149 3035 2203 iu
3066 2150 3279 2204 viscera
3313 2149 3529 2204 miseri-

1940 2242 2145 2297 cordiae
2164 2243 2366 2297 divinas
2389 2243 2713 2314 coujiciens,
2739 2257 2918 2314 genua
2940 2243 2990 2297 ei
3026 2240 3196 2301 ﬂexit.
3222 2258 3253 2296 a
3284 2257 3395 2311 quo
3420 2241 3529 2296 lar-

1939 2335 2082 2406 giter
2119 2334 2332 2389 eﬂ‘undi
2381 2335 2818 2391 misericordiam
2864 2350 3007 2404 saepe
3036 2343 3296 2405 expertus
3318 2335 3525 2391 fuerat:

1943 2442 2291 2497 surgensque
2343 2427 2544 2482 deinde
2577 2427 2863 2482 Dominica
2911 2427 3003 2482 illa
3048 2442 3182 2482 voce
3217 2430 3343 2495 (nec
3394 2443 3528 2483 vero

1944 2520 2272 2573 temeritatis
2306 2534 2393 2573 me
2420 2520 2711 2588 quisquam
2748 2529 2961 2590 arguet,
2991 2519 3251 2588 quoniam
3284 2520 3527 2574 clarissi-

1944 2625 2031 2665 me
2054 2609 2189 2664 dicit
2218 2611 2333 2680 ipsc
2364 2611 2625 2667 Dominus
2656 2630 2669 2666 :
2694 2610 2798 2676 Qui
2826 2612 2987 2666 credit
3008 2613 3062 2665 in
3092 2628 3193 2669 me.
3225 2628 3386 2683 Opera
3409 2629 3529 2685 qua!

1944 2719 2038 2773 ego
2065 2703 2200 2773 facio
2228 2706 2340 2775 ipse
2372 2706 2528 2773 faciet
2552 2704 2642 2775 ³¹),
2671 2705 2977 2771 Dominica,
3005 2706 3247 2774 inquam,
3277 2707 3365 2760 illa
3392 2721 3529 2761 voce

1944 2810 2077 2849 usus
2096 2804 2183 2849 est
2219 2813 2233 2850 :
2279 2797 2487 2861 Puella,
2526 2813 2710 2868 surge,
2749 2807 2806 2852 et
2835 2806 2919 2852 sta
2970 2813 3138 2867 super
3178 2797 3346 2867 pedes
3382 2807 3525 2854 tuos.

1939 2887 2189 2958 Cumque
2227 2890 2403 2958 puella
2453 2906 2575 2945 mox
2605 2892 2865 2946 omnibus
2887 2892 3209 2946 conﬁrmata
3241 2892 3524 2949 membris.

1940 2980 2105 3034 simul
2144 2991 2308 3050 atque
2334 2982 2485 3049 jussa
2513 2981 2637 3044 fuit,
2664 2982 2909 3051 pedibus
2952 2983 3068 3036 suis
3110 2991 3294 3037 erecta
3322 2992 3523 3049 staret;

1942 3085 2160 3125 rursum
2213 3071 2304 3125 ille
2328 3071 2609 3125 admotum
2634 3072 2792 3141 prius
2827 3072 2993 3126 labiis
3025 3072 3142 3127 suis
3176 3073 3408 3143 digitum
3440 3073 3525 3127 ori

1941 3165 2277 3233 auribusque
2329 3165 2526 3234 puellae
2561 3165 2821 3226 inseruit,
2878 3174 2935 3220 et
2985 3167 3303 3236 loquentem
3353 3167 3528 3223 libere

1941 3257 2370 3326 audientcmque
2421 3257 2791 3327 praesentibus
2838 3259 3195 3326 spectandam
3251 3259 3526 3313 exhibuit.

251 3352 338 3406 λιν
398 3352 598 3420 ὁμοίως
651 3353 717 3420 τῇ
780 3349 946 3402 αὐτοῦ
1018 3347 1269 3423 γλώττῃ,
1306 3347 1651 3418 διαϐραχέντι
1710 3347 1838 3408 τοὺς

1946 3346 2085 3401 llinc
2127 3347 2194 3401 ad
2240 3357 2520 3417 parentem
2565 3363 2884 3411 conversus,
2918 3348 3221 3419 digitoque,
3273 3349 3530 3403 similiter

252 3441 571 3509 ὀφθαλμοὺς
626 3439 936 3508 ἐπιχρίσας,
976 3439 1283 3508 Δεσποτικῇ
1337 3439 1573 3508 κάκείνῳ
1615 3438 1676 3490 τὸ
1722 3439 1839 3507 φῶς

252 3533 508 3603 ἐνεργείᾳ
572 3532 880 3601 χαρίζεται.
959 3531 1195 3592 Ἐκεῖνος
1262 3529 1370 3598 γὰρ
1426 3525 1493 3600 ἦν
1559 3529 1838 3584 κάνταῦθα

254 3626 446 3692 σαφῶς
490 3623 749 3694 ἐνεργῶν,
794 3625 842 3675 εἰ
891 3623 983 3675 καὶ
1026 3621 1257 3689 διακόνῳ
1303 3621 1380 3690 τῷ
1410 3621 1703 3690 θεράποντι
1742 3622 1836 3675 κέ-

252 3733 448 3787 χρητο,
483 3716 578 3769 καὶ
606 3714 749 3767 οὕτω
778 3714 906 3783 μιᾶς
938 3713 1261 3783 προσευχῆς,
1295 3712 1506 3781 καρπὸς
1542 3711 1704 3781 διπλῆ
1750 3711 1838 3764 θε-

257 3810 462 3880 ραπεία
491 3808 726 3875 γίνεται.

331 3901 461 3970 ρνθ·⁹
494 3902 728 3953 Ἔπειτα
784 3901 968 3969 μέντοι
1016 3898 1114 3952 atat
1158 3896 1435 3960 γυναικῶν
1480 3896 1629 3965 αὐτῷ
1655 3897 1836 3968 πλήθη

251 3992 582 4062 προσῆλθον,
607 3994 662 4044 αἱ
692 3993 792 4059 μὲν
825 3990 986 4060 ξηραὶ
1010 3990 1137 4052 τοὺς
1169 3989 1425 4060 μαστοὺς.
1460 3982 1549 4041 οἷα
1567 3989 1838 4056 γάλακτος

251 4081 648 4150 ἀπορούμεναι,
680 4081 773 4133 καὶ
804 4081 871 4133 τὰ
899 4078 1078 4148 βρέφη
1123 4078 1373 4140 ἐλεεινῶς
1402 4077 1519 4130 ἀνθ’
1552 4078 1837 4149 ἱκετηρίας

250 4172 657 4243 προὸἐάλουσαι
684 4190 697 4204 ο
733 4174 789 4224 αἱ
815 4171 860 4223 δ’
894 4173 952 4222 ἐν
977 4172 1173 4242 γαστρὶ
1209 4169 1307 4237 μὲν
1341 4169 1560 4237 ἔχουσαι
1592 4169 1686 4222 καὶ
1714 4169 1839 4222 ὡδί-

250 4279 462 4321 νουσαι.
508 4261 784 4330 πνεύματι
827 4259 885 4313 δὲ
933 4262 1189 4328 πονηροῖς
1236 4255 1583 4326 ἐταζόμεναι,
1625 4256 1701 4318 ὡς
1744 4257 1838 4310 καὶ

248 4355 394 4407 αὐτὰ
434 4354 534 4422 ττρὸ
566 4353 660 4421 τῆς
686 4352 874 4413 ὠδῖνος
907 4351 976 4403 τὰ
1014 4350 1228 4420 ἔμϐρυα
1256 4348 1587 4401 κινδυνεύειν
1615 4347 1839 4418 ἀμϐλῶ-

252 4460 385 4500 σαι’
436 4449 536 4508 τὰς
584 4445 642 4498 δὲ
697 4443 1002 4496 ἀτεκνοῦσα
1063 4443 1246 4511 μήτρα
1294 4441 1524 4499 ἐλύπει.
1585 4441 1681 4495 καὶ
1737 4444 1837 4510 τὴν

249 4537 511 4592 ἀπαιδίαν
543 4536 791 4606 χαλεπῶς
828 4535 1196 4602 ἀπωδύροντο.
1240 4534 1385 4587 Ἀλλ’
1413 4535 1471 4587 αἱ
1515 4534 1612 4602 μὲν
1651 4535 1837 4604 εὐχαῖς

250 4630 465 4683 ἐκείνου
513 4632 614 4697 τὴν
648 4627 816 4697 Θηλὴν
850 4628 1189 4696 ἀναοήλασαι
1218 4668 1232 4691 ,
1276 4626 1370 4679 καὶ
1429 4626 1702 4692 γάλακτος
1739 4627 1837 4680 αὑ-

247 4722 351 4792 τὴν
379 4721 892 4791 ὑποπεπλησμέναι,
923 4718 979 4772 αἱ
1005 4720 1060 4772 δὲ
1089 4720 1196 4772 τὼν
1226 4720 1555 4789 πνευμάτων
1593 4718 1839 4771 ἀπαλλα-

247 4815 455 4880 γεῖσαι,
493 4812 552 4864 αἱ
579 4812 635 4863 δὲ
660 4810 905 4863 λυθεῖσαι
932 4810 1031 4880 τὴν
1059 4811 1345 4880 στείρωσιν
1373 4807 1699 4877 ἐπανῆλθον,
1731 4826 1840 4877 μη-

245 4900 406 4972 τέρες
432 4906 570 4973 μετά
598 4903 774 4956 ταῦτα
801 4902 1111 4971 γενόμεναι,
1134 4902 1227 4954 καὶ
1250 4901 1463 4971 καρπὸν
1490 4900 1621 4970 παρ’
1650 4899 1840 4954 ἐλπίδα

249 4995 462 5059 κοιλίας
493 4995 800 5048 ὲπιδιῦσαι.

323 5172 420 5243 ρξ’.
466 5172 629 5241 Ἑξῆς
692 5172 751 5224 δὲ
808 5168 1144 5239 προσάγεται
1186 5186 1268 5232 τις
1309 5169 1451 5240 ἀνὴρ
1508 5168 1836 5239 Ἀντιοχεὺς,

245 5263 399 5332 αὐτῴ
431 5264 651 5333 μεγέθει
678 5261 925 5328 σώματος
965 5261 1238 5329 μέγιστος,
1270 5261 1368 5313 καὶ
1393 5263 1453 5315 οὺ
1478 5260 1665 5330 πόρῤω
1704 5260 1839 5312 πολὺ

246 5356 543 5422 γιγάντων,
566 5354 779 5422 πικροῖς
803 5353 867 5405 τά
881 5370 937 5405 τε
951 5352 1087 5406 ἄλλα
1106 5352 1242 5404 πάθε
1252 5367 1303 5403 σι
1317 5352 1410 5403 καὶ
1422 5352 1598 5413 νόσοις
1622 5367 1841 5420 κατειρ-

244 5446 544 5514 γασμένος,
576 5446 670 5498 καὶ
712 5446 810 5516 τὴν
845 5447 999 5515 χεῖρα
1032 5444 1200 5515 ξηρᾶν
1230 5444 1370 5513 ἔχων
1416 5441 1517 5512 ἤδη
1550 5446 1643 5495 καὶ
1673 5442 1833 5496 οἱονεὶ

240 5536 596 5607 τεθνηκυῖαν.
631 5537 776 5591 Ἰδὼν
807 5536 1099 5609 τοιγαροῦν
1127 5539 1157 5591 ὁ
1184 5537 1276 5591 τοῦ
1303 5537 1437 5591 Θεοῦ
1451 5535 1636 5598 δοῦλος
1652 5535 1837 5599 αὐτὸν,

241 5635 311 5686 ob
351 5633 561 5693 θεατοῖς
583 5629 904 5699 ὀφθαλμοῖς,
936 5630 1048 5684 ἁλλ’
1077 5630 1126 5683 οἳ
1157 5633 1250 5685 καὶ
1293 5630 1402 5683 τῶν
1432 5629 1641 5699 ἀδήλων
1698 5622 1837 5699 ἦσαν

322 5806 366 5838 ⁸⁸
402 5805 561 5863 Joan.
602 5822 714 5874 xw,
761 5806 844 5861 l2.

1947 3440 2132 3509 lingua
2179 3440 2506 3503 madefacto,
2552 3442 2745 3495 oculos
2791 3441 3030 3503 illinens,
3092 3441 3278 3494 divina
3321 3442 3527 3496 virtute

1948 3530 2025 3585 illi
2055 3547 2273 3602 quoque
2302 3549 2460 3587 usum
2494 3533 2719 3587 videndi
2748 3532 2980 3601 largitus
3008 3541 3113 3585 est.
3150 3532 3293 3585 Deus
3319 3534 3527 3601 quippe

1945 3631 2083 3685 erat,
2107 3624 2200 3691 qui
2233 3623 2421 3677 istlucc
2443 3623 2854 3699 tammanil‘esta
2887 3622 3151 3676 miracula
3169 3622 3523 3691 operabatur,

1943 3714 2047 3767 etsi
2104 3712 2308 3767 famulo
2363 3729 2464 3768 suo
2490 3729 2590 3783 pro
2630 3714 2885 3769 ministro
2929 3723 3219 3768 uteretur:
3251 3722 3417 3783 atque
3451 3715 3527 3768 ita

1946 3805 2110 3859 unius
2144 3807 2413 3860 orationis
2453 3806 2667 3861 fructus
2709 3806 2911 3876 duplex
2946 3807 3159 3861 curatio
3190 3805 3312 3860 fuit.

2019 3896 2141 3951 159.
2168 3898 2362 3967 lugens
2394 3913 2618 3970 quoque
2644 3900 2936 3953 mulierum
2961 3900 3123 3954 turba
3157 3899 3363 3954 secutis
3388 3907 3527 3954 tem-

1944 3984 2173 4054 poribus
2221 3987 2287 4041 ad
2330 3998 2578 4042 sanctum
2624 3996 3003 4043 convenerunt
3054 4006 3067 4042 :
3118 4005 3349 4058 quarum
3407 3989 3528 4044 alia:

1946 4073 2115 4128 ubera
2152 4076 2389 4132 arefacta
2424 4079 2674 4146 lacteque
2720 4078 2983 4133 destituta
3032 4088 3407 4149 apportanles,
3438 4080 3525 4134 iu-

1944 4165 2123 4220 fantes
2157 4182 2287 4223 suos
2332 4170 2709 4238 spectaculum
2754 4169 3068 4225 miserabile
3103 4154 3204 4240 pro
3245 4172 3524 4241 supplica-

1947 4256 2112 4313 tionis
2135 4268 2260 4313 actu
2294 4269 2423 4314 ante
2456 4260 2633 4329 ipsum
2659 4259 3006 4315 collocabant
3043 4278 3057 4315 :
3092 4262 3213 4316 alite
3242 4270 3527 4329 portantis

1945 4356 2163 4402 uterum
2205 4359 2261 4405 et
2303 4366 2336 4404 e
2379 4352 2691 4421 propinquo
2724 4361 2881 4421 partu
2909 4352 3244 4412 laborantes,
3273 4353 3527 4422 malignis

1944 4440 2233 4508 spiritibus
2268 4442 2340 4497 ita
2391 4443 2830 4513 exagitabantur,
2863 4453 2921 4498 ut
2957 4444 3258 4498 infantibus
3281 4444 3524 4498 nondum

1944 4531 2111 4586 editis
2149 4534 2452 4602 periculum
2489 4550 2597 4590 non
2639 4535 2757 4590 leve
2812 4547 3098 4591 crearetur
3132 4554 3144 4588 :
3176 4537 3302 4593 aliis
3337 4546 3527 4590 uterus

1946 4623 2281 4680 infecundus
2330 4626 2508 4681 dolori
2562 4636 2684 4681 erat
2738 4628 3090 4682 sterilitatem
3152 4643 3312 4702 suam
3349 4627 3526 4681 inces-

1865 4736 1920 4795 D
1945 4726 2131 4773 sanler
2168 4718 2618 4774 lametttantibus.
2644 4719 2847 4773 Verum
2893 4719 3002 4774 illa:
3040 4720 3299 4789 precibus
3347 4718 3522 4773 sancti

1946 4822 2215 4862 mammas
2259 4809 2580 4864 tuberantes
2628 4809 2883 4878 laetoque
2929 4810 3120 4878 plenas
3160 4815 3519 4874 receperunt;

1945 4897 2069 4953 ista:
2102 4899 2395 4967 spiritibus
2426 4898 2638 4953 abactis
2661 4899 2911 4953 liberata:
2939 4907 3088 4963 sunt,
3113 4897 3196 4950 ba:
3233 4896 3522 4951 sterilitate

1943 4989 2158 5045 sublata
2200 5000 2567 5053 revertentes,
2599 4999 2805 5044 matres
2836 4988 2994 5044 facta;
3025 4999 3177 5054 sunt,
3199 4985 3414 5043 ventris
3436 4985 3521 5041 sui

1942 5079 2124 5133 fructu
2160 5089 2359 5149 praeter
2382 5097 2534 5149 spent
2569 5081 2740 5135 edito.
3530 5084 3533 5087 ’

2015 5172 2138 5227 160.
2172 5172 2322 5228 Alias
2352 5174 2570 5228 sistitur
2601 5174 2686 5227 vir
2708 5171 2933 5242 quidam
2967 5170 3370 5235 Antiochenus,
3400 5185 3521 5224 cor-

1939 5248 2096 5337 poris
2134 5272 2470 5338 proceritate
2500 5268 2785 5321 maximus
2810 5280 2914 5319 nec
2936 5265 3173 5318 multum
3232 5262 3521 5317 dissimilis

1935 5356 2167 5428 giganti,
2184 5354 2301 5422 qui,
2320 5360 2517 5422 praeter
2538 5351 2675 5404 alios
2698 5351 2901 5419 quibus
2928 5350 3288 5419 torquebatur
3306 5351 3525 5403 dolores

1936 5466 2001 5506 ac
2048 5451 2293 5513 morbos,
2325 5461 2545 5499 manum
2599 5443 2809 5498 aridam
2865 5443 3098 5496 habebat
3132 5454 3184 5497 et
3212 5442 3324 5513 jam
3366 5442 3521 5512 quasi

1934 5552 2229 5599 mortuam.
2264 5539 2467 5596 Videtis
2511 5536 2659 5591 illum
2714 5536 2804 5591 Dei
2854 5535 3110 5601 famulus,
3150 5552 3257 5589 non
3296 5536 3515 5606 quidem

1936 5631 2112 5687 oculis
2163 5628 2552 5693 emerim-ibus,
2589 5627 2683 5684 sed
2718 5625 3093 5690 interioribus,
3121 5641 3242 5697 quae
3280 5629 3512 5684 abscon‘
