4026 6292
580 416 589 423 .
636 357 780 422 3135

1874 356 1934 412 S.
1973 349 2353 410 SYMEONIS
2386 349 2750 409 JUNIOBIS

3729 349 3830 416 3136

636 471 755 526 dita
785 475 915 524 sunt
963 466 1307 521 intuentibus
1359 476 1419 521 et
1463 464 1887 537 penetrantibus
1942 464 2194 527 occulta;

2302 460 2450 529 αὐτῷ
2466 459 2668 519 θεατοὶ,
2688 455 2911 510 καὶτῶν
2934 455 3263 527 ἀπορρήτων
3286 455 3634 525 ἐρμηνευταὶ,
3652 458 3826 533 Ἕλληνι

636 575 1091 632 cognoscensque
1144 560 1407 628 gentilcm
1462 558 1727 627 religione
1786 573 1944 612 esse:
1995 558 2052 612 Si
2111 559 2216 625 vis,

637 654 841 723 inquit,
864 667 1033 706 sanus
1060 650 1200 714 ﬁeri,
1222 651 1415 705 invoca
1449 650 1739 704 nobiscum
1776 650 1831 703 in
1862 651 2221 720 simplicitate

636 745 819 801 cordis
844 745 1189 814 unigenitum
1234 743 1329 796 Dei
1363 741 1588 804 Filium,
1617 741 1910 795 Dominum
1962 752 2217 798 nostrum

634 837 825 893 Jesum
844 835 1150 898 Christum,
1173 842 1535 902 sanctamque
1558 833 1834 903 Virginem
1856 834 1950 887 Dei
1970 834 2221 889 Genitri-

637 945 778 993 cem,
805 945 874 982 ex
912 945 1019 998 qua
1036 928 1185 982 nasci
1214 928 1388 982 voluit
1439 927 1744 982 secundum
1785 942 2034 987 carnem,
2096 940 2219 980 erc-

638 1023 777 1078 dens
808 1022 863 1074 in
904 1036 1074 1075 unum
1139 1019 1311 1072 Deum
1365 1019 1583 1072 Patrem
1639 1018 2098 1087 omnipotentem,
2163 1016 2218 1069 in

637 1114 820 1184 ipsum
847 1111 1196 1181 unigenitum
1226 1111 1351 1179 ejus
1376 1109 1600 1173 Filium,
1625 1118 1682 1163 et
1712 1109 1767 1162 in
1787 1108 2241 1162 sanctissimum-

635 1222 701 1259 ac
734 1204 1102 1257 viviﬁcantem
1133 1200 1422 1269 Spiritum,
1482 1199 1697 1254 fallacia
1750 1214 1884 1253 vero
1916 1197 2065 1251 idola
2119 1212 2219 1251 ex-

636 1295 966 1351 secratione
1002 1292 1227 1363 publica
1261 1293 1470 1345 devove
1490 1300 1657 1360 atque
1689 1289 1999 1354 detestare;
2039 1296 2096 1342 et
2128 1288 2218 1340 in-

636 1393 919 1456 posterum
957 1382 1165 1437 doloris
1203 1397 1402 1452 expers
1435 1381 1661 1437 futurus
1685 1396 1766 1446 es,
1799 1380 2030 1434 omniex
2060 1385 2217 1448 parte

637 1488 880 1531 sanatus.
912 1475 1117 1528 Verum
1144 1474 1233 1528 ille
1272 1490 1339 1528 ex
1374 1474 1466 1527 his
1497 1473 1662 1527 dictis
1699 1473 1875 1527 nihilo
1909 1471 2217 1539 promptior

638 1565 705 1620 ad
731 1563 1070 1619 credendum
1098 1562 1298 1628 factus,
1325 1562 1421 1616 sed
1443 1562 1622 1616 fallaci
1646 1577 1758 1617 sua:
1782 1559 2214 1631 perniciosaeque

636 1653 934 1725 gentilitati
990 1652 1351 1723 pertinaciter
1409 1652 1696 1707 adhazrere
1750 1666 2018 1720 pergens,
2086 1648 2216 1702 inde

562 1744 568 1750 ’
640 1757 897 1815 tanquam
940 1759 1083 1798 onus
1114 1743 1312 1799 inutile
1375 1745 1587 1814 ejectus
1634 1753 1742 1809 est,
1794 1743 1936 1796 nihil
1988 1742 2217 1796 omnino

635 1835 757 1904 epis
783 1841 1116 1889 consecutus
1139 1848 1439 1903 congressu
1489 1848 1611 1888 suo.

707 1957 833 2009 lGl.
870 1956 1008 2009 Cum
1037 1970 1173 2009 vero
1231 1955 1289 2008 in
1343 1953 1437 2008 tali
1497 1962 1644 2008 statu
1710 1954 1804 2007 diu
1866 1955 2218 2022 multumque

635 2045 999 2114 perstitisset,
1017 2043 1346 2112 videretque
1377 2043 1516 2097 alios
1535 2058 1728 2098 omnes
1757 2052 2030 2111 quotquot
2055 2042 2218 2097 ﬁdem

635 2136 874 2206 amplexi
904 2134 1531 2189 fuerantincolumitate
1571 2133 1805 2199 donari;
1859 2134 1969 2187 sibi
2022 2142 2218 2188 contra

639 2244 712 2282 ne
743 2228 1015 2282 tantillam
1045 2226 1271 2295 quidem
1320 2226 1681 2281 levandorum
1731 2226 2012 2280 malorum
2060 2240 2218 2295 spem

637 2319 967 2389 aﬂ'ulgere:
1038 2318 1236 2371 nuntio
1308 2317 1659 2373 ethnicorum
1726 2317 2220 2387 superstitionibus

637 2411 876 2464 remisso
899 2451 914 2474 ,
946 2408 1188 2473 Christe,
1210 2409 1410 2478 inquit,
1426 2410 1564 2479 quia
1583 2409 1787 2464 famulo
1814 2418 1910 2463 tuo
1922 2408 2216 2479 Symeone,

635 2514 763 2553 cum
795 2499 941 2552 Deus
965 2513 1139 2559 esses,
1163 2498 1483 2567 praedicaris
1496 2514 1565 2553 ex
1593 2508 1781 2553 sancta
1800 2498 2023 2568 Virgine
2050 2498 2217 2552 Maria

634 2599 799 2643 natus
842 2589 1047 2654 homo;
1094 2589 1164 2642 da
1202 2603 1368 2643 aures
1417 2588 1610 2643 faciles
1656 2588 1919 2657 precibus
1980 2587 2130 2641 illius
2159 2587 2215 2640 in

634 2680 970 2750 aaljutorium
1005 2696 1209 2735 meum.
1236 2681 1318 2735 fta
1354 2690 1630 2749 precatus,
1679 2690 1787 2733 tam
1835 2680 2038 2733 bellam
2077 2695 2214 2733 con-

632 2772 930 2827 fessionem
994 2787 1148 2826 suam
1202 2771 1546 2837 paenitentiae
1609 2770 1867 2840 laerymis
1916 2770 2215 2839 gratiorem

632 2860 786 2922 fecit,
823 2870 879 2914 et
901 2860 1201 2929 pristinum
1245 2873 1496 2913 errorem
1524 2868 1850 2912 exsecratus
1905 2865 2010 2911 est.
2057 2857 2215 2923 Quod

633 2968 760 3007 cum
788 2953 1113 3022 Symeonem
1149 2967 1261 3005 non
1286 2951 1523 3020 fugeret,
1548 2949 1760 3004 aﬂ’undi
1795 2964 1992 3017 aquam
2032 2949 2213 3019 jubet,

632 3040 875 3111 lotisque
907 3040 1164 3094 manibus
1189 3039 1304 3093 suis
1338 3038 1612 3092 laboranti
1658 3039 1776 3093 viro
1825 3038 2073 3108 portari:
2117 3039 2212 3108 qui

2321 551 2420 618 τὴν
2445 549 2739 619 θρησκείαν
2759 548 2910 614 ὄντα,
2946 548 3009 599 Εἰ
3044 546 3220 610 θέλεις
3246 548 3404 615 ὑγιὴς
3426 548 3679 615 γενέσθαι,
3693 556 3824 622 φησιν,

2322 638 2642 693 ἑπικάλεσαι
2670 637 2757 689 διὰ
2779 637 2878 706 τῆς
2906 636 3065 707 ἡμῶν
3091 635 3369 699 εὐτελείας
3392 637 3486 689 τὸν
3510 640 3744 711 μονογενῆ
3763 644 3823 697 τοῦ

2322 730 2458 783 θεοῦ
2507 732 2650 795 Υίὸν,
2685 731 2777 783 τὸν
2817 731 3025 799 Κύριον
3074 730 3233 799 ἡμῶν
3269 728 3474 797 Ἰησοῦν
3522 733 3743 800 Χριστὸν,
3763 740 3825 789 καὶ

2321 824 2419 892 τὴν
2472 823 2634 888 ἁγίαν
2679 822 2956 891 Παρθένον
3004 823 3100 873 καὶ
3132 821 3416 886 Θεοτόκον,
3451 822 3512 886 ἐξ
3547 818 3825 894 ἦςεύδόκηπ

2322 914 2651 983 γεννηθῆναι
2678 915 2739 965 τὸ
2779 914 2921 966 κατά
2956 912 3155 982 σάρκα,
3190 914 3466 965 πιστεύων
3513 916 3588 977 είς
3623 915 3704 967 ἕνα
3736 917 3825 970 Θεὸν

2323 1008 2546 1076 Πατέρα
2578 1007 3022 1076 παντοκράτορα,
3052 1008 3111 1060 ἐν
3141 1004 3292 1075 αὑτῷ
3314 1006 3393 1074 τῷ
3428 1012 3695 1076 μονογενεῖ
3714 1010 3825 1065 αὑτοῦ

2322 1095 2438 1165 Υἱῷ
2475 1134 2489 1157 ,
2523 1099 2619 1148 καὶ
2642 1096 2721 1165 τῷ
2750 1098 3006 1166 παναγίῳ
3033 1097 3129 1149 καὶ
3176 1096 3431 1168 ζωοποιῷ
3466 1099 3735 1167 Πνεύματι,
3764 1103 3826 1173 τὴν

2322 1187 2415 1239 ἐπὶ
2443 1190 2555 1249 τοῖς
2585 1187 2827 1250 εἰδώλοις
2870 1188 3081 1256 πλάνην
3138 1187 3444 1257 ἀναθέματι
3482 1188 3700 1261 λαμπρῷ
3724 1209 3827 1263 περι-

2321 1275 2553 1336 ϐάλλων,
2585 1279 2678 1330 καί⁵
2720 1281 2779 1330 τὸ
2820 1278 3005 1331 λοιπὸν
3051 1278 3276 1340 ἀλύπως
3336 1279 3440 1350 ἔσῃ
3490 1282 3585 1334 καλ¹
3638 1284 3827 1354 καθαρῶς

2321 1365 2604 1434 ὑγιαίνων.
2646 1367 2705 1421 '0
2758 1368 2814 1422 δὲ
2866 1368 3197 1439 πειθομένην
3229 1371 3329 1423 οὑκ
3360 1365 3510 1441 εἶχεν
3549 1373 3640 1441 τὴν
3664 1376 3826 1445 καρδίαν

2318 1461 2431 1521 τοῖς
2458 1458 2797 1528 λεγομένοις,
2828 1460 2967 1513 ἀλλά
2996 1462 3095 1530 τῆς
3118 1462 3329 1524 οἰκείας
3373 1461 3455 1515 ἔτι
3508 1466 3825 1535 περιεχομένην

2318 1549 2537 1618 ἀπάτης
2574 1549 2673 1618 τῆς
2719 1548 3042 1621 Ἑλληνικῆς
3078 1552 3293 1622 ἐκείνης
3314 1553 3411 1605 καὶ
3457 1553 3699 1623 ὀλεθρίου,
3723 1554 3826 1606 ἔνθεν

2316 1657 2398 1692 τοι
2458 1639 2553 1692 κοιλ⁸
2612 1640 2766 1701 κενὸς
2838 1640 3068 1712 ἔρριπτο
3120 1645 3336 1715 φόρτος,
3403 1645 3613 1710 οὐδενὸς
3652 1646 3826 1718 χρηστοῦ

2246 1792 2289 1845 Β
2316 1731 2602 1799 τυγχάνων
2624 1731 2725 1801 τῆς
2746 1733 3122 1803 προσεδρείας.

2396 1941 2528 2013 ρξαν.
2571 1940 2725 1994 Ἐπεὶ
2750 1940 2810 1993 δέ
2872 1942 3008 1996 πολὺ
3045 1942 3203 1997 τοῦτο
3246 1941 3316 2017 ἦν
3348 1948 3445 2002 καὶ
3481 1951 3633 2021 μέχρι
3667 1951 3827 2018 πολλοῦ,

2324 2035 2420 2087 καὶ
2446 2033 2571 2095 τοὺς
2605 2031 2705 2101 μὲν
2731 2032 2924 2096 ἄλλους
2953 2033 3101 2103 ἐώρα
3123 2035 3331 2100 πάντας
3365 2037 3483 2091 ὅσοι
3512 2040 3676 2093 πίστει
3706 2058 3826 2111 προσ-

2323 2126 2491 2197 ῄοσαν
2516 2127 2613 2196 τὴν
2651 2126 2944 2195 θεραπείαν
2969 2129 3361 2199 κομιζομένους
3386 2146 3401 2160 ·
3438 2132 3611 2201 ἐαυτῷ
3634 2132 3682 2184 δὲ
3712 2131 3826 2198 μηδο-

2322 2216 2472 2268 τιοῦν
2549 2215 2686 2287 πρὸς
2750 2216 3070 2287 ἀπαλλαγὴν
3127 2218 3315 2272 κακῶν
3380 2220 3638 2274 τοσούτων
3691 2222 3827 2287 ἐπιση-

2326 2310 2513 2378 μαῖνον
2551 2324 2563 2338 ·
2598 2308 2985 2377 ἀπαγορεύσας
3036 2311 3102 2380 τῇ
3145 2309 3254 2361 τῶν
3310 2309 3578 2380 Ἐλλήνων
3606 2308 3825 2380 θρησκείᾳ,

2322 2400 2547 2469 Χριστέ,
2577 2401 2606 2453 ὁ
2638 2399 2786 2469 παρὰ
2807 2398 2902 2453 τοῦ
2928 2398 3116 2453 δούλου
3143 2416 3237 2453 σου
3270 2400 3501 2470 Συμεὼν
3530 2403 3590 2453 ἐκ
3609 2401 3693 2467 τῆς
3712 2400 3827 2465 ἁγίας

2322 2491 2603 2562 Παρθένου
2631 2492 2851 2561 Μαρίας
2879 2492 3136 2562 τεχθῆναι
3157 2494 3566 2564 κηρυσσόμενος
3585 2493 3716 2557 Θεὸς,
3739 2491 3824 2556 ἔφη,

2322 2584 2561 2653 πρόσχες
2589 2584 2777 2652 εὐχαῖς
2810 2585 3020 2637 ἐκείνου
3052 2586 3135 2648 είς
3154 2584 3253 2654 τὴν
3278 2585 3530 2655 βοήθειάν
3558 2604 3667 2656 μου.
3696 2580 3826 2637 Tw'm

2322 2672 2451 2743 ἔφη,
2488 2675 2583 2727 καὶ
2608 2674 2844 2744 δάκρυσι
2879 2676 3169 2745 μετανοίας
3196 2676 3296 2746 τὴν
3330 2678 3509 2747 καλὴν
3537 2676 3714 2746 ταύτην
3732 2689 3826 2727 κατι

2321 2766 2552 2837 αρτίσας
2604 2767 2895 2836 ὁμολογίαν
2921 2808 2936 2832 ,
2969 2769 3276 2839 ἀναθέματι
3313 2771 3418 2840 τὴν
3446 2772 3692 2842 προτέραν
3709 2763 3825 2820 αὑτοῦ

2319 2857 2502 2909 δίδωσι
2527 2856 2741 2926 πλάνην
2770 2872 2782 2885 ·
2816 2859 2954 2927 ὅπερ
2986 2858 3087 2910 οὑκ
3118 2860 3467 2930 ἀγνοήσαντα
3502 2862 3585 2913 τὸν
3618 2860 3735 2929 ἱερὸν
3752 2858 3825 2908 Συ-

2325 2946 2472 3017 μεὼν
2498 2947 2643 3016 ὕδωρ
2672 2947 2959 3018 ἐνεχθῆναι
2992 2948 3272 3012 κελεῦσαι,
3301 2953 3399 3004 καὶ
3425 2953 3521 3014 τὰς
3545 2954 3708 3022 χεῖρας
3732 2950 3828 3003 am.

2320 3039 2611 3108 νιψάμενον
2637 3039 2714 3108 τῷ
2734 3040 2996 3109 πάσχοντι
3014 3042 3355 3111 μεταδοῦναι·
3375 3044 3469 3096 τὸν
3486 3044 3540 3096 δὲ
3555 3040 3826 3112 χρησάμενον
3890 3053 3897 3067 ·

633 3134 728 3188 illa
758 3149 911 3196 usus,
948 3141 1098 3187 recte
1142 3134 1411 3187 continuo
1442 3116 1670 3196 habere,
1708 3146 2014 3201 manusque
2053 3131 2205 3186 arida

2316 3127 2516 3190 εὐθέως
2586 3128 2982 3200 ἀνορθωθῆναι,
3048 3132 3148 3199 τήν
3229 3149 3288 3186 τε
3345 3133 3522 3205 ξηρὰν
3576 3135 3607 3203 ἢ
3681 3129 3828 3200 νεκρὰν

631 3234 693 3280 et
715 3234 931 3278 mortua
962 3225 1114 3278 velut
1134 3224 1467 3278 reviviscere
1493 3237 1558 3275 ac
1578 3237 1780 3276 novum
1812 3220 2043 3276 induere
2070 3221 2219 3291 vigo-

631 3331 784 3382 rem;
816 3326 1070 3386 totusque
1101 3331 1269 3371 sanus
1292 3331 1404 3371 non
1428 3331 1661 3384 corpore
1680 3325 1915 3381 tantum,
1942 3314 2037 3370 sed
2067 3314 2217 3384 quod

630 3408 809 3478 pluris
835 3416 942 3471 est,
972 3408 1160 3462 animo
1189 3423 1431 3477 quoque,
1476 3407 1700 3461 domum
1746 3420 2019 3470 remeare,
2051 3420 2217 3475 gran-

632 3496 760 3551 dius
795 3498 1125 3552 beneﬁcium
1185 3512 1355 3567 quam
1391 3505 1714 3567 speraverat
1769 3502 2217 3564 exspectaverant-

629 3600 738 3655 que
755 3586 1008 3655 adeptus.

707 3711 826 3765 162.
854 3711 1138 3781 Superiori
1177 3712 1419 3782 quodam
1452 3713 1618 3767 modo
1647 3711 1808 3767 aliine
1838 3720 1926 3766 est
1971 3710 2026 3765 id
2065 3711 2216 3780 quod

631 3802 880 3871 proxime
949 3804 1228 3872 sequitur,
1292 3804 1508 3872 reliqua
1561 3818 1694 3857 vero
1747 3803 1924 3859 multo
1982 3805 2213 3872 majora.

629 3894 789 3949 Alius
808 3894 1033 3963 quidam
1077 3896 1323 3966 gentilis,
1364 3896 1460 3965 qui
1519 3903 1577 3950 et
1627 3894 1744 3964 ipse
1795 3894 2213 3949 idololatrarum

629 3986 916 4040 erroribus
963 3987 1243 4051 imbutus,
1281 3987 1614 4057 paralyticos
1655 3994 1776 4041 erat
1814 4005 1827 4041 :
1859 3985 2126 4041 advectus
2146 3985 2214 4040 ad

631 4076 981 4147 Symeonem,
1007 4077 1353 4147 professione
1392 4077 1521 4133 ﬁdei
1540 4077 1871 4133 Christianae
1895 4077 2065 4144 (bono
2107 4078 2218 4131 uti-

630 4185 762 4239 que,
792 4185 895 4225 nec
924 4171 1116 4225 labore
1172 4184 1276 4225 nec
1326 4171 1507 4239 pretio
1546 4168 1931 4240 comparabili)
1979 4168 2213 4223 salutem

629 4269 963 4315 consecutus
1016 4270 1102 4315 est
1130 4259 1430 4328 duplicem,
1487 4272 1662 4327 eoque
1717 4257 1891 4328 magis
1937 4256 2213 4310 aestiman-

628 4350 777 4412 dam,
806 4361 1012 4420 quanto
1040 4352 1213 4420 pluris
1245 4360 1330 4406 est
1345 4352 1528 4405 anima
1557 4366 1723 4420 quam
1751 4365 1979 4420 corpus.
2005 4350 2212 4403 Verum

627 4450 751 4495 erat
793 4442 870 4493 illi
897 4443 1041 4495 ﬁlius
1064 4456 1307 4510 quoque,
1341 4442 1665 4510 gravissima
1710 4441 2038 4511 aegritudine
2087 4439 2207 4493 fere

629 4528 977 4598 desperatus,
1018 4546 1185 4598 quem
1222 4539 1338 4583 tum
1376 4531 1496 4600 ipse
1532 4540 1647 4584 tum
1685 4542 1863 4587 mater
1905 4531 2203 4595 sublatum,

630 4621 793 4675 dulce
822 4621 1050 4690 utrique
1107 4623 1347 4692 pondus,
1403 4623 1471 4678 ad
1529 4633 1785 4677 sanctum
1858 4622 2207 4678 efferebant:

629 4713 730 4768 sed
760 4712 815 4765 in
840 4712 1039 4768 itinere
1095 4729 1233 4783 puer
1291 4716 1529 4769 animam
1569 4716 1835 4777 reddidit,
1887 4715 2214 4785 parentibus

635 4804 899 4859 acerbum
924 4806 1236 4872 decessum,
1278 4808 1358 4861 uti
1390 4807 1525 4877 ipsis
1548 4823 1665 4863 mos
1698 4817 1806 4873 est,
1852 4807 2212 4862 lamentanti—

630 4894 753 4949 bus.
781 4896 919 4951 Cum
964 4914 1116 4965 vero,
1168 4898 1279 4970 jam
1329 4900 1588 4968 persuasi
1643 4900 1782 4953 nihil
1838 4898 1897 4952 in
1942 4899 2214 4953 ulteriore

630 4987 831 5043 itinere
917 4992 1039 5059 opis
1110 5005 1422 5061 superesse,
1501 4992 1927 5047 constituissent
1985 4990 2211 5045 domum

629 5079 885 5149 regredi,
923 5081 1060 5135 illud
1092 5083 1236 5150 patri
1262 5085 1318 5138 in
1371 5093 1611 5139 mentem
1658 5084 1851 5137 venit:
1883 5082 2068 5148 Quid?
2114 5082 2212 5152 qui

604 5148 715 5225 lme
757 5148 1123 5244 paralyticum
1146 5183 1203 5229 et
1233 5176 1445 5245 portari
1500 5191 1729 5231 necesse
1777 5175 2075 5229 habentem
2118 5148 2216 5229 ro-

624 5265 869 5330 beravit,
900 5277 958 5321 et
995 5267 1199 5336 pedum
1223 5269 1714 5337 membrorumque
1742 5268 1992 5322 omnium
2049 5282 2209 5322 usum

627 5357 896 5423 restituit,
920 5374 1108 5414 nonne
1125 5362 1333 5429 poterit
1364 5361 1516 5435 hunc
1562 5377 1785 5432 quoque
1816 5362 1991 5416 ﬁlium
2023 5378 2208 5417 meum

625 5461 756 5503 resu
764 5449 967 5504 seitare
983 5450 1008 5501 ’ί

696 5557 818 5612 165.
855 5557 1088 5616 Talibus
1118 5560 1304 5616 animo
1343 5562 1547 5617 volutis
1579 5565 1850 5635 uxorique
1902 5564 2213 5619 communi-

631 5647 1241 5713 catis,resumuntiter
1288 5669 1484 5708 versus
1529 5666 1801 5721 sanctum,
1860 5672 2053 5727 magna
2100 5673 2211 5712 non

628 5738 791 5794 modo
807 5755 903 5809 spe
923 5741 1065 5809 fulti,
1087 5744 1182 5798 sed
1206 5746 1371 5798 etiam
1395 5746 1633 5803 roborali
1664 5749 1787 5805 ﬁde.
1812 5751 2040 5818 Jamque
2071 5751 2201 5806 sub-

2322 3222 2539 3292 ἐκείνην
2620 3225 2779 3294 χεῖρα
2844 3221 2956 3277 οἷον
3029 3224 3331 3278 ἀναϐιῶναι
3355 3264 3372 3288 ,
3432 3228 3524 3280 καὶ
3599 3225 3827 3292 ἀναθῆλαι,

2321 3312 2417 3367 καὶ
2474 3313 2600 3382 ὑγιῆ
2658 3314 2720 3365 οὑ
2776 3313 2936 3383 σῶμα
2986 3313 3149 3383 μόνον
3200 3315 3341 3369 ἀλλά
3397 3317 3494 3371 καὶ
3524 3312 3827 3386 ψυχὴν,ὃκαὶ

2321 3404 2641 3473 σωματικῆς
2676 3404 2863 3471 ὑγείας
2900 3404 3096 3476 μακρῷ
3127 3406 3332 3477 μεῖζον,
3353 3408 3543 3462 οἴκαδε
3573 3404 3823 3475 ἀφικέσθαι,

2318 3494 2499 3563 πολλῷ
2551 3495 2646 3548 τοῦ
2704 3496 3049 3562 ἐλπισθέντος
3087 3498 3294 3568 ἀγαθοῦ
3351 3500 3537 3554 πλεῖον
3581 3497 3769 3551 nam
3788 3494 3827 3544 ιώ

2319 3585 2749 3655 ἀπροσδόκητον.

2392 3713 2526 3782 ρξβν.
2559 3712 2828 3782 Συγγενὲς
2856 3717 2935 3787 τῷ
2964 3719 3242 3791 εἰρημένῳ
3284 3719 3348 3774 τὸ
3380 3721 3699 3791 ἐπαγόμενον
3736 3716 3827 3785 ἄχρι

2316 3803 2482 3866 τινὸς,
2520 3804 2590 3857 τὰ
2633 3804 2679 3856 δ’
2702 3803 2827 3873 ἑξῆς
2883 3807 3096 3873 τούτου,
3138 3810 3363 3879 μείζονα
3432 3809 3603 3881 πολλῷ
3641 3807 3720 3862 καὶ
3761 3800 3825 3855 τοῦ

2318 3892 2700 3963 προλαϐόντος.
2734 3896 2936 3968 Ἕλλην
2975 3898 3085 3971 γάρ
3107 3914 3192 3963 τις
3221 3901 3439 3972 ἔτερος,
3472 3905 3569 3973 τῆς
3608 3894 3824 3962 εἰδωλαῆς

2318 3982 2531 4052 πλάνης
2600 3985 2698 4037 καὶ
2765 3981 2943 4051 οὗτος,
3006 3988 3321 4059 παράλυτος
3387 3992 3537 4062 αὐτῷ
3591 3985 3823 4058 κομισθεὶςν

2316 4076 2418 4145 τῆς
2465 4078 2548 4139 είς
2601 4076 2839 4147 Χριστὸν
2894 4078 2990 4132 καὶ
3032 4081 3192 4145 αὐτὸς
3242 4083 3514 4151 πίστεως,
3566 4080 3823 4152 aphracta;

2315 4165 2557 4237 ἀμόχθου
2590 4171 2683 4222 καὶ
2702 4170 2980 4224 ἀδαπάνου
3005 4210 3021 4236 ,
3056 4173 3333 4243 σωτηρίαν
3364 4176 3561 4246 διπλῆν
3587 4171 3822 4241 πορίζεται.

2315 4256 2349 4327 ἢ
2375 4257 2712 4328 πολλαπλῆν,
2745 4260 2775 4311 ὃ
2817 4261 2915 4313 καὶ
2947 4261 3172 4331 μᾶλλον,
3212 4266 3323 4336 ὅσῳ
3355 4267 3455 4319 καὶ
3485 4266 3579 4335 τῆς
3618 4260 3767 4333 ψυχῆς
3784 4257 3823 4306 τὺ

2314 4346 2591 4417 διάφορον.
2638 4349 2775 4402 Ἀλλ’
2800 4348 2869 4421 ἦν
2904 4353 3110 4424 ἔσχατα
3152 4356 3321 4410 νοσῶν
3372 4357 3522 4428 αὐτῷ
3560 4358 3644 4411 καί
3665 4350 3822 4415 υίὸς,ὃν

2239 4478 2294 4539 D
2321 4440 2421 4492 οὐκ
2448 4442 2609 4503 αὐτὸς
2642 4442 2823 4510 μόνος,
2864 4446 2999 4498 ἀλλά
3033 4450 3129 4499 καὶ
3169 4450 3203 4517 ή
3242 4454 3427 4521 μήτηρ
3474 4438 3820 4508 λασόντεςοίβδ

2321 4532 2547 4603 φόρημα
2603 4532 2860 4597 τεκοῦσιν
2904 4538 3276 4607 προσφέρουσι
3326 4540 3405 4610 τῷ
3469 4541 3622 4609 ἁγίῳ.
3661 4530 3819 4593 Μεταξδ

2316 4623 2375 4675 δὲ
2401 4629 2501 4695 τῆς
2551 4625 2775 4694 πορείας
2802 4668 2816 4693 ,
2846 4629 3052 4697 οἴχεται
3102 4630 3200 4699 μὲν
3229 4633 3260 4683 ὁ
3290 4632 3404 4694 υίὸς
3446 4633 3544 4700 τὴν
3574 4621 3819 4681 τελευταίαν

2318 4716 2534 4782 γονεῦσι
2562 4717 2657 4769 καὶ
2682 4718 2889 4788 πικρὰν
2910 4719 3181 4789 ἐκδημίαν
3198 4736 3212 4749 ’
3239 4721 3336 4774 καὶ
3362 4719 3644 4791 θρηνούσιν
3669 4713 3818 4768 αὑτὸν.

2315 4808 2417 4861 ὃσα
2475 4807 2713 4875 πατράσι
2758 4810 2943 4879 νόμος.
2975 4810 3267 4880 mnsam;
3298 4813 3357 4864 δὲ
3397 4810 3655 4881 μηδεμίαν
3687 4798 3819 4857 αὐτοῖς

2315 4898 2424 4953 ἀπὸ
2445 4896 2540 4952 τοῦ
2562 4900 2657 4953 νῦν
2689 4901 2876 4968 ὃνησιν
2900 4898 3044 4957 εἶναι
3072 4907 3173 4973 τῆς
3207 4906 3288 4965 είς
3314 4904 3519 4957 ἐκεῖνον
3544 4898 3675 4963 ὁδοῦ,
3697 4894 3815 4960 ἐγνω-

2319 5008 2418 5044 σαν
2456 4992 2639 5046 οἴκαδε
2698 4994 3076 5063 ἀναστρέφειν,
3133 4992 3251 5047 εἶτα
3300 4996 3477 5050 ἐκεῖνο
3528 4993 3615 5045 τὸν
3665 4981 3819 5048 πατέρα

2315 5084 2622 5155 εἰσέρχεται
2647 5124 2662 5148 ,
2685 5085 2759 5149 ὡς
2788 5087 2899 5156 ἄρα
2935 5086 2994 5139 Ὁ
3036 5086 3366 5157 παρειμένον
3393 5088 3495 5158 ἐμὲ
3522 5085 3611 5139 καὶ
3643 5075 3819 5149 φερόμε’

2320 5178 2480 5247 μενσν
2522 5177 2722 5251 ῥώσας,
2754 5181 2844 5232 καὶ
2879 5180 3116 5250 Χρῆσθαι
3151 5182 3225 5254 μὴ
3259 5181 3387 5234 ποσὶ
3428 5179 3604 5250 μόνον,
3626 5164 3820 5254 alluit?

2316 5271 2451 5324 πᾶσι
2483 5271 2667 5339 μέλεσι
2713 5267 3194 5342 παρασχὼν,ἦπου
3213 5251 3458 5334 ’δυνατὸς
3479 5261 3627 5330 οὗτος
3663 5251 3819 5315 καὶτδν

2319 5363 2434 5417 υίδν
2452 5363 2779 5433 ἀναστῆσαι.

2395 5569 2528 5640 ρξγῆ
2556 5567 2740 5624 Ταῦτα
2769 5566 2892 5621 καθ’
2916 5564 3110 5620 ἐαυτὸν
3134 5563 3435 5634 διανοηθεὶς
3461 5560 3553 5614 καὶ
3575 5558 3634 5627 τῇ
3659 5540 3823 5619 γυναιιῖ

2320 5662 2865 5731 κοινολογησάμενος,
2920 5658 3228 5711 στέλλονται
3262 5657 3360 5727 τὴν
3417 5651 3565 5725 παρά
3601 5645 3681 5699 τὸν
3707 5641 3819 5731 Ui?"

2320 5750 2491 5816 αὖθις,
2521 5750 2658 5820 μετά
2682 5748 2934 5820 τοιαύτης
2967 5749 3065 5802 οὑκ
3091 5747 3304 5811 ἐλπίδος
3331 5745 3485 5817 μόνον
3512 5738 3637 5795 ἀλλὰ
3659 5729 3735 5787 καὶ
3754 5718 3816 5775 πθ
