3980 6296
144 456 278 522 3137

1169 456 1345 516 VITA
1383 456 1432 512 A
1471 450 1917 513 NICEPIIORO
1958 452 2449 533 CONSCRIPTA.

3278 461 3422 524 3138

144 586 331 630 στεως.
361 568 497 639 Ἤδη
529 567 586 621 δὲ
618 567 718 636 τὴν
746 567 913 637 μονὴν
948 565 1229 628 εἰσιοῦσιν,
1260 565 1417 637 ἔτυχέ
1444 583 1567 619 τινα
1603 583 1711 635 μα·-

1828 564 1974 618 ibant
1997 568 2389 621 monasterium
2414 608 2427 632 ,
2460 582 2585 621 cum
2616 567 2757 622 forte
2787 569 3175 639 magistrianus
3207 572 3417 640 (ιο-ιδ)

141 660 449 729 γιστριανδν
491 660 879 729 ὑπαντήσαντα
939 658 1148 719 τούτοις
1195 659 1412 728 ἐπέχειν
1459 658 1558 729 τὴν
1601 659 1717 711 εἴσ-

138 753 274 818 οδον,
322 752 576 822 περιττὸν
630 747 768 803 εἶναι
822 752 1047 817 λέγοντα
1087 750 1178 801 καὶ
1221 750 1322 802 οὐκ
1370 749 1626 820 εὔκαιρον
1656 751 1716 803 τὸ

134 844 443 913 γινόμενον.
491 844 552 895 Εἰ
589 844 694 911 γὰρ
735 842 827 893 καὶ
859 843 991 892 πᾶσι
1023 840 1226 910 Κύριος
1260 842 1426 909 ἐγγὺς
1452 844 1563 903 τοῖς
1596 844 1715 894 επι-

138 933 493 1004 καλουμένοις
527 933 688 986 αὑτὸν
718 934 774 985 ἐν
802 932 1052 1002 ἀληθείᾳ,
1094 932 1189 982 καὶ
1237 930 1450 1001 θέλημα
1483 931 1592 985 τῶν
1621 951 1716 1001 φο-

137 1025 414 1095 ϐουμένων
466 1023 627 1078 αὑτὸν
676 1020 783 1076 οἶδε
818 1026 1012 1088 ποιεῖν,
1058 1024 1195 1076 ἀλλὰ
1234 1023 1412 1094 ψυχὴν
1443 1024 1589 1091 ἆπαξ
1619 1025 1713 1077 τοῦ

139 1116 386 1186 σώματος
412 1116 802 1185 ὲκδημήσασαν
844 1115 1185 1185 ἀναστρέψαι
1217 1117 1380 1167 πάλιν
1409 1117 1710 1186 ἀμήχανον.

140 1211 317 1278 Ὅπερ
345 1211 435 1263 τὸν
471 1209 611 1261 θεῖον
658 1210 825 1278 ἄνδρα
873 1210 947 1279 μὴ
992 1211 1336 1279 ἀγνοήσαντα
1376 1209 1495 1262 ὅλον
1528 1210 1716 1265 ἑαυτὸν

139 1304 428 1366 συντεῖναι,
483 1303 576 1355 καλ⁸
617 1301 751 1371 πρὸς
780 1303 911 1353 Θεδιν
948 1303 1007 1355 οὐ
1036 1305 1224 1373 χεῖρας
1258 1302 1417 1372 μόνον
1460 1303 1592 1355 ἀλλὰ
1624 1303 1717 1355 καὶ

133 1395 365 1464 καρδίας
394 1395 707 1463 ὀφθαλμοὺς
726 1396 1101 1461 ἀνατείναντα,
1133 1397 1358 1468 Χριστὲ,
1384 1397 1570 1465 φάναι,
1608 1399 1717 1452 Πα-

136 1486 266 1557 τρὸς
296 1486 534 1556 ἁνάρχου
568 1485 662 1542 Υἱὲ
696 1486 1001 1554 μονογενὲς,
1030 1487 1117 1554 ἐφ’
1140 1485 1200 1539 ὃν
1228 1487 1321 1539 καὶ
1348 1486 1717 1539 πεπιστεύκα-

135 1596 236 1647 μεν
261 1578 357 1630 καὶ
392 1578 754 1646 πεποίθαμεν,
788 1579 821 1646 ή
844 1578 1072 1649 δύναμις
1099 1579 1259 1648 ἡμῶν
1284 1580 1379 1631 καὶ
1404 1577 1717 1650 καταφυγὴ,

133 1671 194 1723 οὐ
227 1669 320 1732 σὸς
344 1669 580 1740 ἀψευδὴς
609 1669 787 1737 λόγος,
820 1670 880 1722 οὐ
922 1669 989 1739 σὴ
1019 1670 1156 1739 πρὸς
1184 1672 1311 1733 τοὺς
1345 1671 1590 1741 μαθητὰς
1617 1672 1717 1723 ὲπο

135 1761 406 1829 αγγελία⁶
457 1762 601 1814 Ἐὰν
638 1760 815 1829 ἔχητε
858 1760 1085 1828 πίστιν,
1125 1760 1308 1815 οὐδὲν
1350 1761 1720 1829 ἀδυνατήσει

131 1852 315 1922 ὑμῖν;
352 1852 537 1905 Ταῦτα
568 1853 702 1919 πρὸς
733 1852 873 1919 Θεὸν,
897 1853 1077 1923 ήσυχῆ
1124 1852 1394 1925 διελέχθη,
1426 1858 1516 1908 καὶ
1543 1854 1604 1907 τὸ
1636 1873 1719 1909 νε-

134 1944 269 2013 κρὸν
302 1942 398 1995 τοῦ
430 1943 615 2005 παιδὸς
666 1943 824 2012 σῶμα
859 1944 966 2014 πρὸ
990 1943 1156 1996 αὐτοῦ
1189 1945 1417 2014 τεθῆναι
1455 1945 1718 2011 κελεύσας

133 2035 339 2101 γόνατά
371 2051 431 2086 τε
468 2033 601 2095 θεὶς,
634 2034 728 2086 καὶ
768 2033 968 2097 ἱκανῶς
992 2034 1457 2106 προσευξάμενος,
1491 2033 1611 2091 εἶτα
1644 2037 1721 2091 δι-

132 2126 374 2188 αναστάς
427 2126 704 2198 θαρραλέα
760 2128 896 2197 πρὸς
946 2128 1035 2179 τὸν
1075 2128 1326 2198 κείμενον
1364 2129 1619 2203 γλώττῃ,
1664 2132 1720 2185 Ὀ

132 2220 372 2283 καλέσας
408 2222 607 2290 τετραή
619 2238 782 2290 μερον
822 2222 886 2273 ἐκ
911 2222 1083 2290 τάφου
1109 2223 1382 2294 Λάζαρον,
1416 2224 1542 2294 ἔφη,
1568 2225 1723 2279 καλεῖ

136 2328 195 2362 σε
231 2310 299 2362 δι’
331 2312 467 2381 ἐμοῦ
517 2312 611 2364 τοῦ
658 2312 844 2365 δούλου
891 2313 1079 2368 αὑτοῦ.
1121 2315 1229 2368 Καὶ
1272 2318 1617 2388 παραχρῆμα
1658 2316 1724 2383 (ὣ

131 2401 267 2454 Θεοῦ
285 2402 641 2464 ¹δυναστείαςῐ
670 2401 713 2455 ὦ
736 2403 973 2456 ἀϐύσσου
998 2406 1395 2476 χρηστότητοςῙ
1433 2406 1478 2461 ὣ
1510 2409 1603 2463 καὶ
1628 2409 1723 2461 αὐ-

128 2497 241 2558 τοῖς
272 2495 577 2564 ὁρθαλμοῖς
612 2496 841 2549 ἀπίστου
870 2496 961 2551 καὶ
991 2497 1254 2551 ἀπιθάνου
1280 2499 1551 2569 θεάματος
1570 2502 1605 2571 l)
1644 2502 1722 2556 δι-

131 2587 335 2654 ανέστη
380 2587 599 2638 πάντων
646 2585 919 2656 ὁρώντων,
957 2589 1051 2643 καὶ
1105 2588 1214 2654 ζῶν
1256 2592 1369 2655 τοῖς
1401 2592 1651 2646 τεκοῦσιν
1694 2596 1722 2647 ὁ

132 2678 328 2746 νεκρος
356 2677 684 2741 ἀποδίδοται,
714 2677 898 2748 θαῦμα
926 2680 986 2732 οὐ
1023 2681 1183 2750 μόνον
1216 2681 1275 2734 οὐ
1306 2685 1554 2753 γωρητὸν
1584 2686 1721 2757 ἀκοῇ

138 2768 213 2837 μὴ
248 2769 492 2840 τυχούσῃ
537 2768 635 2837 τῆς
681 2768 807 2832 θέας
840 2811 854 2831 ,
888 2771 1003 2824 ἀλλ’
1033 2772 1155 2825 οὐδὲ
1200 2772 1498 2846 ὀφθαλμοῖς
1554 2776 1721 2830 ἰδοῦσι

139 2861 303 2913 πιστά
341 2859 541 2931 μικροῦ
572 2860 857 2931 τιθέμενον
880 2862 948 2915 τὰ
968 2860 1239 2935 ὁρώμενα.

1827 655 2051 725 quidam
2086 656 2304 709 obviam
2349 657 2547 721 factus,
2581 665 2735 711 arcet
2765 656 2889 711 illos
2940 658 3190 725 introitu,
3228 678 3417 732 supel-

1824 762 2135 801 vaeaneum
2165 748 2428 801 dictitans
2469 757 2525 801 et
2560 756 2740 802 actum
2774 764 2937 819 agere
2970 768 2982 802 :
3023 753 3239 805 tametsi
3271 754 3416 807 enim

1824 854 1993 906 prope
2046 838 2119 893 sit
2179 839 2444 893 Dominus
2496 839 2757 893 omnibus
2806 840 3193 897 invocantibus
3244 860 3301 898 se
3362 845 3415 898 in

1821 929 2073 991 veritate,
2138 939 2196 983 et
2246 930 2588 984 voluntatem
2648 931 2960 984 timentium
3011 948 3069 987 se
3124 933 3295 986 soleat
3337 934 3385 987 fa

1819 1035 1947 1074 cere
1974 1040 1985 1074 :
2016 1020 2378 1075 nihilominus
2399 1022 2635 1075 animant
2661 1038 2891 1092 corpore
2918 1026 3086 1078 semel
3115 1010 3389 1093 egressam

1819 1124 1886 1163 eo
1923 1111 2261 1178 postliminio
2314 1112 2515 1167 reverti
2554 1130 2834 1193 nu‘nquam
2884 1132 3067 1184 posse.
3118 1116 3255 1170 Cum
3303 1117 3417 1173 haec

1820 1205 2108 1273 perspicue
2144 1205 2515 1260 innotuissent
2554 1208 2677 1261 viro
2732 1210 2865 1273 Dei,
2923 1219 3097 1264 totum
3143 1227 3198 1266 se
3236 1212 3417 1266 inten-

1821 1296 1975 1360 dens,
2009 1296 2207 1351 levatis
2255 1298 2320 1351 ad
2346 1299 2544 1352 cmlum
2578 1300 2840 1355 manibus
2873 1303 3183 1370 mentisque
3220 1305 3415 1367 oculis,

1821 1386 2059 1450 Christe,
2092 1389 2313 1457 inquit,
2349 1389 2527 1444 Patris
2563 1392 2837 1461 principio
2889 1396 3130 1448 carentis
3168 1396 3419 1465 unigeni-

1822 1485 1912 1532 tus
1941 1478 2130 1545 Filius,
2170 1482 2224 1532 in
2279 1496 2442 1551 quem
2480 1490 2535 1535 et
2564 1483 2842 1537 credimus
2871 1496 2927 1539 et
2966 1501 3274 1554 speramus,
3308 1488 3420 1539 vir—

1823 1582 1911 1625 tus
1938 1581 1994 1625 et
2024 1572 2295 1642 refugium
2331 1582 2582 1628 nostrum
2609 1617 2622 1639 ,
2660 1592 2771 1630 non
2833 1576 2969 1631 fallit
3000 1578 3229 1632 verbum
3261 1589 3436 1648 tuum,

1822 1678 1926 1717 nec
1968 1664 2264 1733 promissio
2298 1664 2585 1735 discipulis
2616 1667 2755 1721 facta
2789 1687 2801 1722 :
2833 1667 2890 1722 Si
2923 1671 3212 1724 habueritis
3236 1671 3413 1740 ﬁdem,

1822 1754 2002 1807 omnia
2030 1754 2169 1807 vobis
2198 1754 2466 1824 possibilia
2501 1765 2624 1809 sunt
2655 1758 2721 1811 ³¹.
2754 1757 2881 1812 Ηαξο
2913 1774 3037 1813 cum
3069 1761 3178 1815 Deo
3204 1769 3417 1815 secreto

1825 1846 2154 1910 collocutus,
2181 1845 2420 1915 imperat
2444 1848 2599 1915 pueri
2625 1847 2861 1903 cadaver
2883 1860 3008 1903 ante
3038 1866 3095 1904 se
3120 1852 3268 1919 poni;
3298 1860 3414 1905 tum

1821 1936 2055 2005 genibus
2103 1937 2301 2006 positis
2331 1937 2543 2006 prolixe
2596 1939 2798 2002 oravit,
2855 1955 3201 2011 surgensque
3242 1942 3416 1996 conli-

1822 2029 1974 2083 denti
2004 2043 2137 2083 voce
2163 2036 2383 2083 mortuo
2412 2029 2550 2083 dixit
2579 2046 2590 2080 :
2615 2029 2718 2093 Qui
2742 2030 3182 2100 quadriduanum
3212 2035 3418 2089 excivit

1823 2136 1854 2176 e
1876 2121 2135 2190 sepulcro
2153 2119 2445 2185 Lazarum,
2474 2129 2670 2176 evocat
2691 2135 2742 2177 te
2763 2138 2862 2192 per
2884 2139 2969 2177 me
2987 2140 3207 2177 servum
3232 2141 3415 2178 suum.

1822 2212 1937 2268 Nec
1964 2213 2293 2283 interposita
2319 2227 2473 2266 mora
2505 2224 2608 2276 est,
2647 2214 2820 2283 surgit
2849 2222 2902 2275 (ο
2933 2216 3228 2283 potentiam
3271 2217 3414 2271 divi-

1825 2306 1985 2359 nam!
2023 2321 2056 2358 ο
2091 2305 2354 2359 bonitatis
2379 2304 2667 2376 abyssuml
2703 2320 2736 2357 ο
2769 2307 3168 2374 spectaculum.
3215 2307 3415 2361 viden-

1830 2396 1977 2449 tibus
1993 2395 2158 2449 etiam
2183 2394 2355 2448 oculis
2375 2394 2978 2464 persuasucredituque
2999 2394 3418 2459 dillicilel),sur-

1829 2485 1906 2556 git
1934 2485 2379 2554 inspectantibus
2405 2486 2641 2549 cunctis,
2669 2493 2724 2539 et
2753 2485 2912 2539 vivus
2944 2488 3268 2554 parentibus
3300 2488 3416 2543 suis

1827 2575 2102 2630 redditur.
2134 2575 2276 2630 Illud
2309 2576 2559 2645 profecto
2588 2576 2916 2631 miraculum
2962 2588 3065 2641 est,
3102 2579 3251 2648 quod
3299 2596 3414 2635 non

1826 2667 2056 2722 auribus
2088 2666 2253 2720 modo
2293 2681 2487 2720 eorum
2535 2668 2629 2737 qui
2666 2668 2745 2741 rei
2793 2679 2959 2738 gesta!
2994 2685 3103 2723 non
3149 2672 3415 2725 interfue-

1788 2765 1994 2824 .runt,
2034 2756 2131 2812 sed
2186 2756 2320 2826 ipsis
2366 2772 2587 2826 quoque
2620 2757 2968 2813 intuentibus
3006 2775 3190 2814 coram
3238 2761 3415 2817 oculis
3510 2746 3523 2751 Ἦ

1829 2849 2390 2920 incomprehensibile
2414 2850 2654 2913 videtur,
2686 2859 2875 2921 utpote
2912 2852 3289 2923 magnitudine
3313 2867 3415 2907 sua

1833 2942 1999 2998 ﬁdem
2054 2943 2342 2998 oculorum
2374 2957 2664 3011 superans.
3500 2926 3503 2929 ’

1570 3103 1799 3162 CAPUT
1836 3104 1982 3164 XXI.

884 3210 1245 3284 Paralyticua,
1280 3217 1496 3283 surdus,
1550 3227 1748 3284 mutus,
1805 3220 2060 3290 furiosus,
2118 3222 2341 3277 cinadus
2386 3232 2667 3277 curantur.

245 3318 333 3374 55'.
374 3320 544 3374 Οὔπω
579 3322 733 3374 τέλοε
761 3318 876 3374 εἴγε
908 3326 969 3374 τὸ
1010 3327 1152 3374 τε)ιοῦ

204 3322 333 3389 ρξδ’.
374 3322 544 3375 Οῦπω
579 3322 733 3387 τέλος
761 3322 876 3396 εἶχε
908 3326 969 3379 τὸ
1010 3327 1219 3382 τοιοῦτο
1254 3331 1382 3401 περὶ
1410 3330 1501 3386 τὸν
1527 3334 1720 3402 νεκρὸν
1749 3339 1792 3397 c

135 3409 320 3481 θαῦμα
345 3412 423 3483 τῷ
450 3411 700 3483 Συμεὼν,
723 3417 815 3469 καὶ
849 3421 1229 3490 προσήνεγκαν
1258 3422 1543 3494 ἄνθρωπον
1575 3424 1725 3497 αὒτῷ

135 3503 547 3569 συγκύπτοντα,
577 3507 669 3558 καὶ
691 3508 751 3559 οὐ
786 3509 946 3577 μόνον
974 3510 1225 3581 οὐδαμῶς
1251 3514 1527 3584 ἀνακύψαι
1561 3515 1724 3571 δυνά-

133 3609 312 3660 μενον,
351 3593 496 3647 ὰλλὰ
542 3595 636 3648 καὶ
671 3598 939 3668 τράχηλον
968 3602 1063 3654 καὶ
1095 3603 1356 3674 κεφαλὴν,
1392 3606 1486 3660 καὶ
1521 3606 1639 3660 ὅλον
1664 3608 1725 3661 τὸ

129 3683 288 3753 σῶμα
342 3686 490 3740 οῦτω
531 3688 943 3759 πεπεδημένον,
1002 3693 1077 3756 ὡς
1129 3695 1251 3765 μηδ⁹
1280 3696 1386 3767 ὅτῳ
1428 3694 1521 3752 οῦν
1573 3700 1724 3770 μέλει

127 3775 382 3831 δύνασθαι
412 3778 661 3853 χρῆσθαι
685 3798 698 3811 ο
730 3780 790 3844 ὃς
819 3783 1008 3836 τοῦτον
1043 3785 1186 3852 ἰδὼν,
1217 3787 1424 3859 ἐλεεινῇ
1470 3790 1546 3853 ώς
1579 3786 1724 3861 εἶχεν

124 3868 253 3921 ἐϐόα
281 3875 458 3940 φωνῇ,
513 3869 764 3942 Ἐλέησόν
791 3891 879 3943 με,
907 3874 1060 3928 δοῦλε
1080 3877 1174 3929 τοῦ
1200 3878 1335 3933 Θεοῦ
1360 3879 1453 3933 τοῦ
1476 3881 1720 3950 ὑψίστου.

132 3957 189 4012 Ὀ
222 3960 275 4012 δὲ
306 3964 466 4033 χεῖρα
522 3960 599 4032 τῷ
640 3964 898 4036 τραχήλῳ
945 3967 1040 4020 τοῦ
1088 3969 1281 4041 ἀνδρὸς
1324 3972 1553 4035 ἐπιθεὶς,
1602 3975 1723 4027 ἐπι-

120 4051 312 4119 κλήσει
343 4054 467 4123 θείᾳ
514 4052 947 4126 δυναμουμένην,
972 4059 1139 4130 ἀνῆκε
1170 4062 1269 4131 τῆς
1287 4062 1527 4131 ἀφύκτου
1555 4065 1724 4135 πέδης

126 4144 338 4215 ἐκείνης
363 4147 465 4216 τὴν
489 4148 762 4220 κεφαλὴν,
797 4145 916 4203 εἶτα
936 4154 1000 4222 τῇ
1028 4153 1164 4223 αὐτῇ
1192 4154 1380 4208 τοῦτον
1406 4157 1550 4226 χειρὶ
1579 4158 1722 4212 κατά

128 4232 298 4288 νώτου
327 4237 537 4301 παίσας
561 4238 697 4307 ὁμοῦ
722 4242 788 4309 τῇ
811 4239 991 4312 πληγῇ
1021 4244 1115 4296 καὶ
1137 4244 1233 4314 τήν
1260 4246 1367 4299 τῶν
1394 4239 1597 4300 ὀδυνῶῦ
1618 4251 1723 4303 ἀπ-

127 4323 393 4397 αλλαγήν,
454 4329 553 4381 καὶ
616 4328 714 4396 τήν
769 4329 876 4384 τῶν
926 4333 1104 4402 μελῶν
1155 4334 1328 4401 λύσιν,
1369 4337 1463 4390 καὶ
1497 4339 1595 4409 τήν
1625 4338 1721 4392 τοῦ

128 4417 331 4481 παντὸς
392 4419 654 4491 σώματος
712 4422 1023 4495 ἐλευθερίαν
1075 4426 1379 4496 χαρίζεται.
1422 4430 1530 4483 Καὶ
1578 4430 1723 4485 οὕτω

134 4506 388 4576 πέμπτου
430 4515 526 4566 ἐπὶ
571 4515 866 4583 τριάκοντα
913 4517 1186 4579 ἐνιαυτοῦ,
1236 4520 1414 4588 μελῶν
1462 4522 1597 4592 πέδη
1628 4524 1722 4577 καλ⁸

130 4594 384 4667 σώματος
415 4603 675 4671 πάρεσις,
704 4603 779 4666 ώς
805 4603 900 4657 τοῦ
934 4606 1235 4676 πάσχοντος
1264 4605 1484 4661 ἀκούειν
1512 4603 1600 4680 ἦν,
1632 4609 1722 4661 τὸν

1897 3337 2022 3393 164.
2062 3336 2319 3392 Nondum
2350 3337 2512 3408 plane
2543 3338 2859 3394 absolutum
2900 3349 3018 3394 erat
3058 3341 3412 3409 miraculum,

1825 3430 1973 3500 quod
2012 3431 2069 3485 in
2100 3442 2319 3487 mortuo
2347 3435 2459 3504 jam
2494 3435 2644 3488 dicto
2691 3433 2944 3503 patrabat
2995 3432 3254 3503 Symcon,
3286 3450 3414 3490 cum

1825 3521 2106 3577 hominem
2161 3524 2447 3579 adducunt
2481 3527 2677 3589 alium,
2732 3526 3106 3585 incurvatum,
3166 3541 3269 3579 nec.
3317 3541 3412 3581 so-

1823 3612 1937 3667 lum
1987 3630 2097 3668 non
2149 3615 2420 3669 valentem
2473 3630 2532 3673 se
2595 3616 2706 3669 ullo
2758 3615 2922 3668 modo
2982 3615 3202 3683 erigere
3248 3632 3263 3668 :
3315 3630 3411 3670 vc-

1824 3717 1949 3757 rum
1997 3703 2165 3757 etiam
2195 3703 2359 3766 collo,
2394 3703 2595 3772 capite,
2642 3719 2707 3757 ac
2757 3710 2869 3756 toto
2891 3717 3124 3770 corpore
3170 3701 3244 3756 ita
3277 3716 3414 3755 con-

1826 3803 2063 3849 tractum
2117 3794 2576 3864 impeditumque,
2628 3803 2689 3848 ut
2725 3793 2959 3848 membri
3011 3793 3219 3848 nullius
3252 3809 3414 3849 usum

1823 3885 2062 3940 liberum
2116 3884 2368 3939 haberet.
2421 3883 2493 3939 Ut
2554 3884 2644 3937 hic
2692 3882 3020 3954 Symeonem
3065 3882 3226 3949 vidit,
3279 3898 3416 3939 voce

1823 3990 1989 4045 quam
2034 3975 2216 4044 potuit
2260 3975 2498 4031 maxime
2536 3973 2878 4028 lamentabili
2916 3974 3172 4027 clamavit
3203 3990 3217 4028 :
3254 3974 3415 4029 Mise-

1823 4080 1948 4142 rere
1990 4065 2120 4131 mei,
2166 4063 2369 4120 famule
2415 4065 2509 4119 Dei
2544 4064 2820 4120 altissimi.
2854 4063 2947 4118 Sic
2988 4065 3275 4120 invocatus
3299 4081 3415 4120 ma-

1822 4173 1956 4211 num
2010 4157 2243 4226 imponit
2289 4157 2433 4212 collo
2476 4157 2603 4222 viri,
2654 4171 2877 4211 manum
2931 4156 3279 4212 invocatione
3327 4156 3414 4211 di-

1822 4249 1951 4303 vina
1971 4258 2276 4318 potentem,
2309 4259 2366 4303 et
2419 4250 2656 4304 nexibus
2701 4248 2896 4303 solutis
2946 4258 3112 4317 caput
3167 4249 3414 4304 restituit

1825 4339 1928 4395 sibi
1959 4357 1973 4393 :
2004 4351 2119 4394 tum
2144 4339 2340 4393 eadem
2377 4354 2544 4394 manu
2609 4339 2716 4393 viri
2782 4350 2995 4409 tergum
3063 4342 3313 4409 percutit
3353 4349 3411 4396 et

1825 4432 1943 4500 ipsa
1966 4431 2328 4501 percussione
2348 4431 2734 4500 depulsionem
2764 4432 3019 4486 dolorum
3039 4440 3095 4486 et
3130 4432 3411 4487 membro-

1824 4536 1946 4574 rum
1969 4519 2325 4584 solutionem,
2353 4530 2408 4573 et
2433 4521 2688 4590 corporis
2712 4520 2883 4575 toxius
2901 4520 3220 4589 expeditum
3249 4537 3409 4576 usum

1827 4610 2101 4666 concedit.
2118 4610 2298 4680 Atque
2329 4611 2405 4666 ita
2441 4611 2836 4681 impedimenta
2868 4611 3201 4682 vinculaque
3231 4626 3409 4667 mem-

126 4686 227 4757 τῆς
274 4691 570 4755 ἀσθενείας
625 4695 815 4763 χρόνον
866 4695 1303 4768 δημοσιεύοντος,
1345 4701 1457 4770 ἁφῇ
1500 4676 1602 4771 μιᾷ
1630 4701 1722 4754 κα)¹

1832 4701 2060 4755 brorum
2099 4717 2167 4755 ac
2194 4701 2464 4771 paralysis
2490 4702 2764 4771 corporis,
2798 4717 2922 4770 quae
2939 4702 3051 4772 jam
3077 4703 3327 4771 quinque
3354 4709 3411 4755 et

128 4780 311 4854 πληγῇ
345 4784 674 4854 παραδόξως
695 4786 902 4842 λύεται.

1834 4793 2059 4864 triginta
2090 4808 2264 4847 annos
2290 4795 2586 4847 tenuerant
2635 4792 3120 4863 (quemadmodum
3168 4808 3234 4846 ex
3292 4793 3412 4861 ipso

126 4889 274 4945 {egro
295 4880 497 4935 audire
524 4880 704 4947 licuit,
740 4868 958 4955 tempus
1022 4884 1359 4941 inﬁrmitatis
1388 4901 1501 4941 sua:
1559 4886 1779 4956 publice
1819 4886 2189 4958 enuntiante),
2245 4886 2486 4941 tactione
2552 4901 2665 4942 una
2728 4901 2950 4956 unaque
3010 4882 3407 4956 'percuSsioue,

130 4976 336 5035 praster
368 4973 843 5040 exspectationem
872 4975 1199 5031 mirabiliter
1228 4978 1408 5032 soluta
1432 4976 1680 5032 fuerunt.

210 5059 340 5131 ρξε’,
380 5058 519 5115 Εἶτα
569 5065 1015 5135 προσηνέχθησαν
1063 5067 1212 5138 αὐτῷ
1268 5070 1507 5134 νεάνιδες
1541 5071 1653 5135 δύο,
1695 5072 1726 5141 ἠ

135 5147 234 5217 μὲν
257 5150 357 5221 τὴν
388 5153 641 5221 γλῶτταν
669 5157 1042 5229 πεπεδημένη,
1064 5161 1098 5229 ή
1133 5159 1190 5212 δὲ
1220 5160 1288 5213 τὰ
1316 5157 1430 5215 ὦτα
1453 5164 1731 5233 κωφεύου-

130 5256 234 5296 σαο
268 5243 329 5310 ἐξ
358 5247 534 5319 αὐτῆς
567 5247 625 5302 δὲ
646 5250 796 5320 ὅμως
820 5252 1080 5321 ἑκάτεραι
1114 5253 1214 5323 τῆς
1241 5257 1321 5317 εἰς
1351 5256 1467 5322 φῶς
1498 5257 1728 5325 προόδου

127 5331 207 5404 τῷ
244 5334 413 5391 πάθει
458 5337 923 5412 κατειλημμέναι.
953 5334 1052 5393 Ὧν
1081 5341 1111 5393 ὁ
1160 5341 1255 5393 τοῦ
1296 5341 1432 5395 Θεοῦ
1470 5341 1731 5413 θεράπων

203 5489 251 5523 ⁸³
291 5489 493 5549 Matth.
534 5508 652 5559 XXI,
684 5494 775 5549 21.

207 5650 428 5720 (42-43)
465 5649 565 5706 Gr.
598 5651 1023 5723 Μαγιστριανός.
1050 5651 1203 5717 Quod
1216 5651 1526 5723 plerumque
1551 5654 1605 5707 in
1619 5664 1727 5708 ter-

130 5727 421 5794 pretantur
441 5736 617 5792 agens
653 5724 707 5794 iu
726 5723 921 5794 rebus,
940 5722 1057 5774 ideo
1080 5722 1225 5792 quod
1242 5739 1298 5794 re
1314 5724 1427 5794 ipsa
1442 5722 1507 5778 in
1538 5726 1726 5788 sacris,

128 5789 225 5848 out
249 5789 597 5862 militiafaut
625 5792 760 5862 aliis
793 5792 977 5862 etiam,
1013 5789 1201 5862 manus
1221 5789 1438 5862 aliqaod
1462 5804 1726 5848 exerceat:

131 5870 178 5915 et
199 5868 277 5918 est
302 5864 461 5932 quasi
488 5859 744 5931 ofﬁcialis
762 5859 1004 5929 magistri
1029 5859 1325 5931 ofﬁciorum
1348 5880 1370 5929 ;
1401 5863 1464 5918 de
1485 5880 1589 5935 quo
1621 5882 1734 5919 ma-

1899 5069 2022 5123 165.
2062 5067 2221 5125 Hisce
2246 5067 2318 5122 ita
2353 5068 2589 5139 peractis
2628 5067 2955 5137 prodierunt
2988 5065 3415 5123 adolescentulaa

1829 5161 1974 5224 duae,
2022 5162 2195 5216 altera
2259 5160 2545 5231 loquendi,
2616 5159 2791 5214 altera
2823 5157 3086 5214 audiendi
3154 5156 3414 5212 facultate

1828 5262 2099 5309 carcnte:
2159 5263 2214 5309 et
2258 5254 2382 5308 illos
2437 5252 2659 5322 quidem
2695 5251 2945 5306 defectus
2996 5251 3065 5305 ab
3107 5251 3227 5321 ipso
3288 5260 3412 5305 ortu

1831 5362 2022 5402 secum
2055 5347 2111 5401 in
2163 5347 2308 5401 hanc
2365 5347 2547 5402 lucem
2603 5344 2925 5399 intulerant.
2980 5343 3152 5398 Movit
3199 5343 3415 5398 illarum

1836 5657 2000 5729 gistro
2030 5664 2153 5729 ante
2172 5653 2377 5729 uitam§
2404 5654 2466 5729 Δ8,
2492 5656 2726 5729 egimus.
2772 5653 2898 5729 Vide
2953 5650 3108 5729 plura
3135 5651 3199 5729 de
3248 5647 3416 5729 lla-gi—

1836 5716 2045 5780 striano
2092 5727 2146 5778 in
2176 5716 2915 5782 Glossavrt'oGraeco-barbaro
2953 5716 3175 5775 Meursii
3219 5726 3267 5773 et
3308 5716 3418 5770 Fa-

1840 5794 1867 5848 b
1882 5798 2003 5850 rctii
2028 5796 2099 5850 ad
2132 5793 2448 5850 Cedrenum.
