4026 6292
546 374 692 440 3139

1760 383 1822 440 S.
1863 375 2245 441 SYMEONIS
2282 368 2649 434 JUNIORIS

3711 362 3852 428 3M0

546 490 684 538 aetas
711 481 904 537 ﬂorida
930 492 987 538 et
1011 484 1276 555 juvenilis
1319 487 1865 543 commiscrationem
1917 485 2126 541 famulo

2244 475 2322 528 τοῦ
2349 475 2449 544 τῆς
2478 475 2731 542 νεότητος
2758 471 2953 533 ἄνθους
2981 465 3164 524 οἶκτον
3199 469 3403 535 λαϐὼν,
3441 472 3529 535 ὡς
3561 473 3670 526 καὶ
3711 489 3852 541 cup.

547 573 671 634 Dei,
703 589 814 644 [ιι-ω
839 574 1050 630 doloris
1077 591 1239 631 sensu
1275 577 1329 632 in
1390 579 1628 649 gemitus
1680 579 1886 633 soluto.
1924 577 2129 634 Oculos

549 664 735 734 itaque
791 680 888 736 Spe
928 667 1125 736 plenus
1156 671 1212 725 in
1271 671 1474 726 cmlum
1513 671 1830 736 intendens,
1877 681 1940 726 ut
1992 670 2128 726 inde

530 757 814 810 'auxilium
866 759 1197 826 advocaret;
1227 741 1282 814 et
1315 761 1548 830 digitum
1570 763 1817 818 .alterius
1847 762 1954 825 ori,
1991 762 2131 816 alte-

525 847 670 912 ,rius
697 849 925 903 auribus
975 850 1322 918 immittens;
1368 854 1518 907 illius
1571 854 1838 908 continuo
1887 853 2131 922 linguam

551 939 736 1002 50h“,
772 941 936 1010 hujus
961 959 1093 997 vero
1118 959 1283 999 aures
1312 945 1554 1014 aperuit,
1583 945 1656 998 ita
1694 959 1755 998 ut
1785 953 1843 999 et
1872 945 2134 1014 loquere-

554 1039 646 1084 tur
680 1042 737 1088 et
766 1033 984 1089 audiret
1014 1044 1248 1106 utraque
1279 1036 1400 1092 sine
1447 1037 1861 1106 impedimento.

1352 1127 1392 1161 6

629 1221 744 1276 {66.
780 1221 918 1276 illud
957 1237 1178 1292 quoque
1203 1223 1427 1277 silentio
1465 1223 1860 1278 involvendum
1889 1239 2001 1278 non
2027 1233 2133 1287 est,

555 1322 744 1382 utpote
772 1314 1157 1370 demonstrans
1186 1313 1444 1370 similiter
1467 1316 1569 1370 viri
1621 1316 1798 1371 sancti
1847 1325 1905 1371 et
1937 1325 2137 1385 poten-

555 1405 684 1459 tiam
717 1406 862 1474 apud
895 1406 1090 1471 Deum,
1125 1419 1180 1462 et
1216 1407 1614 1478 benignitatem
1677 1425 1804 1480 erga
1855 1409 2134 1474 homines,

553 1497 675 1566 opis
703 1497 936 1567 indigns.
963 1497 1058 1552 Vir
1081 1498 1305 1567 quidam
1347 1499 1548 1554 allatus
1596 1499 1722 1564 fuit,
1783 1509 1946 1555 aetate
2003 1515 2136 1570 pro—

553 1600 746 1643 vectus
773 1591 1067 1643 admodum
1099 1599 1155 1644 et
1203 1589 1417 1658 capillis
1441 1606 1634 1655 canus,
1663 1591 1756 1661 qui
1805 1599 1918 1653 tua,
1951 1591 2138 1646 invide

559 1683 778 1734 I-nmani
837 1683 1056 1752 generis
1102 1683 1326 1737 inimice
1368 1691 1426 1737 ct
1459 1685 1658 1738 salutis
1707 1694 1910 1738 nostra:
1960 1684 2140 1739 hostis

555 1771 784 1832 infense.
823 1783 937 1836 tua,
971 1775 1220 1844 inquam,
1245 1786 1511 1844 operante.
1540 1776 1594 1830 in
1619 1791 1688 1832 eo
1737 1777 1947 1832 malitia
1997 1777 2134 1831 nihil

555 1881 664 1918 non
695 1865 886 1933 agebat
913 1866 1183 1918 absonum
1213 1867 1604 1936 indecensque.
1660 1867 1797 1921 Nam
1823 1868 1867 1921 si
1914 1867 2138 1937 quando

554 1974 585 2008 a
611 1957 919 2017 daemoniis.
949 1956 1127 2024 ipsum
1163 1972 1387 2026 semper
1417 1959 1848 2028 exagitantibus,
1869 1959 2140 2028 impulsus

557 2057 727 2100 totam
756 2058 1070 2116 pcrcrrarct
1097 2048 1412 2115 civitatem,
1467 2065 1608 2118 quas
1666 2065 1777 2104 non
1847 2051 2142 2106 etl'utiebat

557 2137 958 2207 biaspbemias!
987 2125 1150 2209 quam
1173 2141 1575 2209 turpitudinem
1597 2141 1844 2196 inausam
1869 2143 2144 2212 relinque-

555 2227 678 2282 bat!
711 2227 813 2294 Qui
848 2244 978 2282 vero
1004 2229 1056 2282 in
1091 2229 1268 2298 ipsum
1295 2229 1502 2285 infelici
1527 2246 1761 2286 occursu
1795 2246 1892 2286 seu
1919 2231 2010 2287 die
2040 2247 2139 2288 seu

555 2329 717 2374 nocte
779 2320 1116 2383 incidebant,
1176 2323 1426 2390 proxime
1471 2338 1503 2377 a
1549 2323 1801 2392 periculo
1865 2324 2136 2380 aberant:

553 2411 802 2465 vioiento
826 2411 972 2464 enim
1003 2427 1069 2465 ac
1102 2411 1298 2466 insano
1320 2411 1530 2482 impetu
1581 2428 1680 2469 eos
1726 2414 2014 2479 invadens,
2043 2431 2140 2470 ve-

556 2501 816 2556 stimenta
881 2502 1160 2558 frustatim
1199 2505 1562 2568 dilacerabat,
1611 2507 1866 2577 colloque
1917 2508 2141 2575 injectis

553 2592 812 2647 inanibus
867 2593 1210 2664 improvidos
1260 2596 1537 2653 sutiocare
1591 2597 1899 2654 nitebatur.
1943 2599 2139 2669 Neque

556 2677 647 2733 hic
705 2680 863 2735 furiae
913 2691 1222 2737 steterunt:
1274 2686 1558 2754 pr0priam
1599 2702 1756 2742 suam
1811 2703 2037 2744 carnem
2083 2689 2140 2759 (ο

554 2769 864 2842 miserum!)
893 2772 1154 2828 dentibus
1173 2774 1461 2846 abreptam
1493 2779 1755 2834 mandere
1803 2795 1869 2836 ac
1905 2781 2140 2836 commi-

552 2877 724 2916 nuere
755 2867 1071 2933 spectaculo
1105 2868 1408 2924 miserabili
1453 2871 1608 2926 visus
1659 2871 1788 2939 fuit,
1845 2883 2012 2944 atque
2053 2874 2140 2929 bis

553 2955 717 3007 etiam
768 2971 878 3010 non
927 2959 1090 3026 paulo
1166 2959 1492 3016 itmnaniora
1565 2973 1807 3032 patrare.
1861 2964 2141 3036 Agebatur

554 3043 673 3098 dies
699 3045 850 3100 Jovis
878 3057 1067 3102 sancta
1104 3063 1167 3104 ac
1195 3052 1537 3116 veneranda,
1591 3069 1700 3123 qua
1736 3055 2003 3112 Dominus
2034 3072 2140 3112 no-

2231 568 2402 630 παθὲς
2463 568 2654 628 αὑταῖς
2704 561 2817 617 οἷον
2881 563 3270 628 ἐπιστενάξαι,
3334 566 3418 628 εἰς
3480 566 3742 637 οὐρανόν
3791 579 3847 615 τι

2232 662 2440 731 πλῆρες
2490 659 2702 726 ἐλπίδος
2755 657 2900 723 ἰδὼν,
2947 657 3036 709 ἵνα
3075 659 3171 710 καὶ
3220 656 3319 727 τὴν
3360 640 3592 711 ἐκεῖθεν
3647 657 3856 729 ἐλκύσῃ,

2234 754 2510 826 βοήθειαν,
2559 753 2655 806 καὶ
2702 751 2794 804 τὴν
2838 751 3103 805 δάκτυλον
3151 751 3427 822 ἐμϐαλὼν,
3461 754 3576 821 τῆς
3625 754 3742 821 μὲν
3781 754 3855 822 τῷ

2235 847 2490 916 στόματι,
2543 845 2644 915 τῆς
2701 845 2760 896 δὲ
2797 845 2909 906 τοῖς
2943 843 3068 908 ὠσὶ,
3100 845 3166 914 τῇ
3220 847 3320 913 μὲν
3355 845 3532 908 εὐθὺς
3580 844 3716 897 λύει
3762 845 3855 914 τὴν

2234 937 2500 1008 γλῶτταν,
2542 940 2610 1008 τῇ
2666 938 2722 990 δὲ
2781 935 2990 1002 ἀνοίγει
3055 935 3154 994 τὰς
3207 935 3396 1000 ἀκοὰς,
3449 935 3537 998 ὡς
3602 937 3721 1006 τὴν
3767 939 3856 1002 μὲν

2235 1030 2615 1100 φθέγγεσθαι,
2653 1029 2754 1100 τὴν
2814 1029 2872 1082 δὲ
2937 1025 3192 1092 ἀκούειν,
3256 1026 3604 1098 ἐλευθερίως
3661 1028 3857 1098 ἀμῷ-

2234 1141 2391 1196 τερα.

2312 1213 2454 1285 ρξςν,
2502 1215 2626 1268 Ἐπὶ
2661 1214 2872 1278 τούτοις
2920 1217 3097 1268 ἐκεῖνο
3153 1213 3584 1284 λεγέσθω,τῆς
3620 1215 3763 1283 ἴσης
3805 1213 3858 1268 δ’

2236 1307 2332 1360 τοῦ
2363 1308 2554 1379 ἀνδρὸς
2582 1309 2677 1360 καὶ
2704 1309 2858 1379 παρὰ
2887 1307 3006 1377 Θεῷ
3035 1308 3379 1370 δυναστείας,
3413 1311 3514 1359 καὶ
3556 1312 3704 1376 περὶ
3739 1310 3860 1367 τοὺς

2239 1399 2425 1452 οἴκτου
2481 1399 2778 1470 δεομένους
2840 1399 3272 1471 φιλανθρωπίας.
3306 1399 3693 1470 Προσηνέχί.η
3757 1401 3860 1468 γάρ

2238 1508 2322 1554 τις
2387 1492 2525 1564 ἀνὴρ
2583 1491 2888 1562 αύτῷ,τὴν
2945 1491 3046 1561 μὲν
3103 1491 3320 1562 ἡλικίαν
3363 1490 3737 1562 πρεσϐύτη·,
3771 1493 3860 1543 καὶ

2239 1581 2338 1654 τὴν
2369 1584 2534 1654 τρίχα
2565 1583 2668 1654 ἤδη
2722 1583 2940 1645 λευκὸς,
2981 1586 3047 1654 σῇ
3101 1583 3158 1636 δὲ
3189 1583 3403 1646 πάντως
3433 1582 3734 1652 ἐνεργείᾳ.
3769 1583 3863 1653 βεξ-

2242 1693 2408 1730 σκανε
2461 1678 2555 1730 τοῦ
2603 1677 2714 1730 τῶν
2762 1677 3064 1745 ἀνθρώπων
3115 1677 3304 1746 γένους
3365 1676 3539 1745 ἐχθρὲ
3592 1679 3697 1729 καὶ
3766 1677 3862 1746 τῆς

2243 1769 2521 1840 ἡμετέρας
2577 1768 2784 1822 ἄνωθεν
2836 1769 3107 1838 σωτηρίας
3163 1767 3414 1836 πολέμιε,
3449 1767 3571 1820 τῶν
3629 1767 3862 1820 ἀτόπων

2241 1861 2581 1930 ἀπελόμενος
2609 1859 2846 1921 ούδενός.
2901 1859 2988 1922 Ὠς
3014 1859 3122 1930 γὰρ
3169 1858 3276 1911 ὑπὸ
3304 1858 3412 1911 τῶν
3451 1859 3728 1926 ἀγόντων
3777 1860 3864 1912 ἀεὶ

2241 1951 2513 2022 δαιμόνων
2550 1952 2714 2004 αὐτὸν
2793 1951 3174 2022 ἐλαυνόμενος,
3234 1951 3414 2004 πᾶσαν
3461 1950 3706 2022 περιῄει
3764 1951 3863 2020 τὴν

2241 2042 2416 2107 πάλιν,
2445 2043 2500 2096 τί
2540 2043 2640 2114 μέν
2694 2043 2806 2096 τῶν
2844 2042 3184 2113 βλασφὴμων
3203 2043 3266 2094 ού
3297 2043 3473 2109 λέγων
3503 2059 3519 2108 ;
3557 2045 3618 2095 τί
3653 2044 3722 2096 δὲ
3753 2045 3860 2096 τῶν

2241 2138 2542 2208 αἰσχίστων
2569 2137 2634 2190 ού
2668 2136 2813 2208 δρῶν
2842 2155 2858 2204 ;
2892 2131 2988 2199 Οἷς
3023 2136 3088 2190 ἂν
3122 2136 3337 2206 ἡμέρας
3361 2135 3396 2196 ἢ
3426 2137 3643 2200 νυκτὸς
3679 2154 3860 2207 now:-

2246 2232 2336 2302 ρον
2367 2231 2600 2300 συνάντη
2611 2249 2688 2300 μα
2713 2232 2947 2296 γένοιτο,
2985 2231 3048 2282 ού
3079 2229 3215 2282 πολὺ
3243 2229 3432 2300 πόῥρω
3460 2229 3712 2294 τούτους
3744 2248 3860 2283 κιν-

2240 2321 2398 2374 δύνου
2445 2323 2679 2392 καθίστη
2709 2337 2724 2351 ·
2759 2323 2940 2391 φόνιόν
2973 2337 3026 2372 τι
3055 2320 3164 2390 γᾰρ
3212 2320 3394 2372 αὐτῶν
3458 2321 3563 2372 καὶ
3608 2322 3860 2390 μανικὸν

2241 2413 2620 2484 δραττόμενος,
2654 2414 2725 2466 τά
2752 2430 2811 2466 τε
2864 2412 3056 2483 ἱμάτιά
3107 2428 3262 2480 σφισι
3311 2413 3859 2482 περιερῤήγνυ,καὶ

2241 2505 2332 2558 τὸν
2365 2505 2636 2577 τράχηλον
2664 2504 2946 2577 περιάγων
2977 2505 3169 2576 ἄγχειν
3207 2505 3404 2568 αὐτοὺς
3433 2506 3756 2575 ἐπειρᾶτο,
3794 2507 3856 2558 ού

2245 2597 2354 2667 μὴν
2388 2597 2521 2650 ἀλλὰ
2548 2599 2644 2651 καὶ
2672 2597 2782 2650 τῶν
2811 2597 2980 2660 ἰδίων,
3010 2597 3194 2666 οἵμοιί
3236 2595 3457 2666 σαρκῶν
3487 2597 3714 2667 ἥπτετο
3759 2601 3855 2652 καὶ

2241 2689 2445 2742 τούτων
2474 2688 2721 2751 ἐλεεινῶς
2754 2689 3136 2760 παρατρώγων
3166 2689 3371 2758 ὼρᾶτο,
3396 2689 3496 2742 καὶ
3540 2689 3691 2745 ἄλλα.
3721 2691 3856 2744 τού-

2239 2796 2349 2833 των
2397 2780 2498 2834 ούκ
2557 2780 2723 2851 ὀλίγῳ
2771 2780 3129 2850 χαλεπώτερα
3171 2779 3325 2850 ἕδρα.
3376 2779 3513 2832 Ποτέ
3546 2779 3687 2848 γοῦν
3741 2782 3855 2852 inp

2243 2871 2636 2943 περιτυχὼν,ἠ
2674 2873 2948 2942 σεϐασμία
2994 2872 3040 2925 δ’
3073 2868 3142 2944 ἦν
3173 2875 3267 2925 καὶ
3323 2873 3537 2943 μεγάλη
3571 2873 3850 2944 πέμπτη,

2243 2963 2368 3017 καθ’
2397 2965 2466 3036 ἢν
2497 2967 2526 3018 ὁ
2559 2964 2766 3036 Κύριος
2803 2965 2963 3037 ήμῶν
2991 2965 3086 3018 καὶ
3111 2965 3244 3029 Θεὸς
3266 2968 3378 3028 τοῖς
3408 2965 3690 3035 μαθηταῖς
3725 2985 3856 3022 συν-

2241 3053 2563 3124 δειπνήσας,
2598 3053 2690 3124 ὑφ’
2720 3053 2840 3118 ἐνὸς
2872 3054 3054 3107 αὐτῶν
3084 3053 3541 3126 παραδέδοτο,τὴν
3581 3055 3853 3123 γλῶτταν

553 3149 669 3190 ster
699 3153 822 3190 cum
861 3139 1151 3209 discipulis
1172 3151 1448 3208 comatus,
1482 3145 1554 3199 ab
1579 3145 1800 3200 illorum
1829 3164 1941 3203 uno
1966 3149 2140 3204 tradi-

2244 3147 2448 3211 ἐκεῖνος
2492 3146 2790 3214 ἐξελκύσας
2825 3149 2926 3218 τῆς
2983 3146 3106 3200 δνου
3131 3185 3148 3212 ,
3177 3145 3356 3200 ῶιῦσί
3410 3164 3468 3199 τε
3507 3147 3668 3212 ἰδίοις
3695 3152 3715 3218 (
3739 3149 3849 3218 φεύ

557 3237 645 3282 tus
678 3229 814 3293 fuit,
850 3247 973 3285 eum
1004 3233 1174 3288 asinae
1224 3233 1366 3289 forte
1416 3251 1739 3300 occursans,
1778 3240 2022 3311 linguam
2081 3244 2135 3298 ei

553 3323 811 3384 extraxit,
846 3324 1187 3396 llrmiterque
1218 3328 1480 3386 dentibus
1502 3332 1618 3387 suis
1649 3334 1980 3403 prebensam
2007 3336 2136 3406 (vah

555 3417 978 3481 spectaculum!)
1017 3419 1290 3502 prmcidit.
1316 3435 1381 3476 ac
1421 3423 1688 3480 dentibus
1737 3427 2138 3482 comininutam

555 3504 837 3574 laceravit,
873 3510 1198 3581 sanguinem
1235 3514 1445 3570 circum
1483 3532 1546 3572 os
1584 3517 1922 3574 deﬂuentem
1944 3520 2142 3576 bibens

553 3612 618 3650 ac
649 3597 899 3669 lingens,
966 3601 1134 3672 idque
1172 3605 1226 3660 in
1278 3607 1484 3664 canitie
1537 3619 1647 3664 tam
1691 3612 2024 3678 venerabili,
2081 3619 2140 3668 et

554 3691 1028 3761 granuisenecta;
1082 3704 1248 3768 atque
1294 3700 1398 3754 sub
1453 3716 1713 3758 occasum
1771 3705 1934 3760 vitae:
1989 3705 2139 3776 quod

555 3782 696 3838 adeo
728 3783 1060 3842 intuentium
1083 3792 1278 3846 oculos
1301 3793 1443 3848 male
1467 3794 1728 3858 habebat,
1759 3807 1820 3852 nt
1870 3797 2141 3869 lacrymas

555 3875 921 3944 exprimeret;
961 3888 1018 3935 et
1049 3880 1315 3936 miserum
1343 3899 1638 3953 superesse
1675 3887 1730 3940 in
1759 3887 1900 3942 vivis
1943 3887 2140 3942 dolen-
2167 3889 2174 3900 '

559 3971 666 4029 tes,
691 3978 926 4023 mortem
960 3969 1036 4024 illi
1066 3987 1166 4040 pro
1194 3970 1468 4028 beneficio
1527 3983 1915 4044 precarentur.
1967 3976 2137 4032 Asina

558 4055 806 4123 interim,
851 4060 984 4117 licet
1015 4070 1122 4117 tam
1171 4063 1480 4122 crudeliter
1529 4064 1599 4121 ab
1637 4067 1758 4137 ipso
1795 4075 2026 4124 tractata
2081 4075 2139 4123 et

559 4153 810 4208 mutilata
841 4155 1104 4227 linguam,
1133 4157 1522 4228 nihilominus,
1565 4159 1816 4218 damone
1877 4163 1972 4234 qui
2021 4163 2206 4218 virum

557 4245 696 4301 nihil
721 4262 894 4318 paena:
929 4263 1083 4318 passa
1113 4249 1328 4306 fuisset.

631 4339 754 4392 167.
807 4339 1118 4394 Adducitur
1149 4356 1285 4412 ergo
1327 4357 1494 4398 senex
1523 4343 1596 4399 ad
1657 4345 1841 4402 virum
1881 4353 2160 4414 sanctum,

557 4431 855 4500 statimque
878 4430 947 4485 ab
973 4432 1346 4489 incolentibus
1365 4449 1492 4489 eum
1537 4436 1828 4492 daemoniis
1850 4454 1950 4508 per
1975 4447 2142 4510 caput

556 4521 934 4594 suSpenditur,
967 4523 1138 4578 veluti
1171 4541 1282 4580 non
1307 4525 1625 4584 ferentibus
1671 4529 1848 4584 sancti
1895 4545 2136 4602 conspe-

557 4623 878 4684 ctumzquo
904 4614 1028 4670 illos
1080 4625 1507 4686 percunctante,
1546 4635 1648 4685 cur
1711 4621 1934 4676 tandem
1971 4623 2049 4678 ita
2086 4622 2142 4676 in

557 4721 744 4762 senem
801 4705 1126 4763 debacchati
1187 4708 1460 4776 fuissent,
1531 4711 1609 4767 illi
1679 4728 1867 4770 amare
1944 4711 2140 4770 [lentes

559 4798 818 4866 (dixisses
847 4799 951 4854 viri
978 4803 1290 4871 praesentia
1340 4805 1499 4875 quasi
1531 4821 1676 4860 διὀιό
1715 4805 1932 4878 ﬂagello
1981 4822 2143 4863 exce-

557 4899 682 4960 ptos
711 4903 877 4958 esse),
907 4895 986 4950 Ad
1008 4894 1133 4956 hoc,
1171 4895 1452 4968 inquiunt,
1500 4899 1654 4954 missi
1707 4915 1920 4965 sumus,
1948 4907 2009 4953 ut
2053 4899 2140 4955 vel

559 4981 616 5035 in
638 4998 836 5052 aquam
889 4987 974 5040 vel
1029 4985 1086 5040 in
1139 4987 1321 5058 ignem
1373 4989 1554 5058 ipsum
1616 4991 2137 5060 praecipitaremus:

559 5073 749 5128 talium
792 5076 942 5131 enim
979 5093 1166 5133 rerum
1197 5079 1289 5134 isti
1314 5079 1465 5152 (hem
1519 5081 1845 5152 insaniam!)
1898 5081 2140 5137 ministri

559 5165 738 5220 seduli
764 5175 821 5221 et
867 5180 1226 5226 exsecutores
1260 5181 1411 5228 sunt.
1463 5171 1596 5227 Dies
1639 5171 1807 5242 igitur
1852 5183 1910 5227 et
1946 5181 2142 5227 noctes

561 5259 766 5327 pariter
795 5261 1038 5329 quinque
1083 5262 1442 5318 Innltifariam
1481 5263 1552 5317 ab
1595 5261 1685 5318 bis
1717 5264 1914 5320 incolis
1959 5273 2140 5318 tortus

557 5351 1068 5425 fueratacerbeque
1095 5368 1366 5417 vexatus:
1417 5371 1544 5412 cum
1592 5357 1716 5413 illos
1758 5357 1999 5428 graviter
2045 5371 2139 5412 ca-

557 5445 785 5518 stigatos
808 5446 1077 5504 facessere
1101 5448 1251 5512 inde,
1274 5459 1332 5505 et
1354 5466 1638 5522 nunquam
1663 5450 1926 5522 deinceps
1950 5451 2140 5507 sedem

556 5537 720 5594 istam
751 5541 998 5610 repetere
1021 5542 1220 5611 jubet:
1250 5559 1355 5600 nec
1390 5553 1730 5614 praeceptum
1785 5555 1989 5600 eventu
2043 5561 2139 5600 ca-

554 5631 693 5686 ruit.
714 5631 858 5687 .lnssi
894 5649 1157 5704 namque,
1181 5635 1417 5690 ninltum
1438 5637 1811 5694 vociferantes
1831 5637 2143 5694 hominem-

557 5736 666 5788 que
693 5722 966 5791 jactantcs
988 5739 1020 5778 e
1051 5725 1281 5796 vestigio
1309 5735 1678 5791 evanuerunt,
1706 5741 1815 5782 non
1872 5728 1990 5782 ausi
2053 5728 2141 5782 in-

559 5819 844 5880 posterum
877 5814 1008 5867 illuc
1033 5816 1236 5870 reverti
1265 5832 1278 5868 :
1311 5830 1481 5872 senex
1510 5823 1702 5872 autem
1746 5817 1994 5874 violento
2038 5817 2138 5874 illo

2241 3238 2338 3293 τοῦ
2391 3238 2664 3309 θεάματος
2693 3241 2746 3311 ι)
2780 3241 3094 3310 ἁπτόμενος
3159 3239 3369 3310 ταύτης
3423 3241 3522 3295 καὶ
3585 3245 3850 3314 παρατέ-

2243 3347 2416 3400 μνων,
2476 3329 2793 3400 διεμασᾶτο,
2845 3328 3018 3383 πίνων
3079 3328 3280 3394 ἀθλίως
3338 3333 3434 3384 καὶ
3507 3333 3850 3404 περιλείχων

2241 3422 2336 3475 τοῦ
2364 3422 2624 3492 αἵματος,
2650 3424 2745 3476 καὶ
2783 3421 2954 3476 ταῦτα
2989 3425 3046 3476 ἐν
3097 3422 3242 3476 οὕτω
3281 3425 3454 3494 σεμνῇ
3521 3424 3712 3496 πολιᾷ,
3747 3426 3850 3479 καὶ

2247 3512 2406 3584 βαθεῖ
2435 3515 2606 3584 γήρα,
2642 3514 2738 3566 καὶ
2765 3513 2884 3583 βίου
2917 3513 3151 3584 δυσμαῖς
3181 3530 3197 3548 ο
3231 3513 3262 3566 ὃ
3290 3515 3384 3567 καὶ
3409 3513 3848 3586 φιλανθρώπως

2245 3605 2562 3676 ὀφθαλμοὺς
2621 3605 2789 3658 ἐκίνει
2847 3605 2986 3678 πρὸς
3030 3605 3263 3676 δάκρυα,
3301 3606 3523 3660 καὶτὸν
3570 3606 3848 3678 δύστηνον

2245 3699 2516 3769 ὠδύροντο
2557 3700 2656 3770 τῆς
2686 3697 2855 3768 ζωῆς,
2891 3699 2986 3753 καὶ
3038 3699 3268 3754 θάνατον
3322 3699 3476 3771 αὐτῷ
3500 3699 3711 3771 μᾶλλον
3763 3701 3848 3765 ὡς

2243 3791 2538 3862 εὐεργέτην
2563 3792 2589 3843 ἐ
2602 3791 2889 3863 πηύχοντο.
2905 3789 2968 3846 Ἦ
2985 3793 3170 3860 μέντοι
3184 3792 3330 3856 ύνος,
3357 3794 3540 3846 καίτοι
3557 3809 3622 3861 γε
3643 3793 3845 3848 τοιαύ-

2241 3899 2311 3936 τα
2340 3882 2472 3952 παρ’
2503 3882 2666 3936 αὑτοῦ
2699 3882 2986 3953 πάσχουσα
3004 3921 3022 3944 ,
3053 3883 3148 3938 καὶ
3172 3885 3273 3954 τὴν
3299 3884 3556 3953 γλῶσσαν
3584 3885 3844 3940 δαπανω»

2245 3975 2406 4046 μὲνη,
2434 3975 2578 4042 ὅμως
2613 3975 2915 4044 ἐνεργείαις
2945 3973 3056 4028 τῶν
3088 3977 3146 4026 ἐν
3172 3975 3324 4048 αὐτῷ
3355 3975 3628 4047 δαιμόνων
3651 3979 3843 4048 εἱστή-

2242 4079 2351 4126 κει,
2387 4063 2614 4133 μηδενὸς
2645 4062 2836 4136 ὥσπερ
2864 4062 3118 4132 ἀλγεινοῦ
3143 4067 3484 4137 πειρωμένη.
3711 4069 3718 4072 ”

2244 4159 2525 4230 insidebat
2571 4169 2796 4230 agente,
2855 4175 2966 4214 non
3029 4161 3195 4216 aliter
3266 4161 3520 4217 substitit
3565 4178 3740 4234 quam
3790 4161 3836 4218 si

2321 4340 2456 4416 ρξζν,
2493 4343 2721 4412 Ἀγεται
2771 4339 3064 4413 τοιγαροῦν
3092 4341 3248 4414 παρά
3297 4341 3392 4396 τὸν
3423 4341 3570 4396 θεῖον
3614 4344 3837 4416 ἄνδραό

2249 4437 2499 4508 γηραιὸς,
2523 4435 2584 4498 ὃς
2610 4434 2748 4506 ὁμοῦ
2775 4451 2834 4488 τε
2863 4428 3004 4488 εἶδεν
3034 4433 3218 4496 αὑτὸν,
3255 4435 3349 4489 καὶ
3391 4433 3528 4504 ὁμοῦ
3561 4435 3672 4490 ύπδ
3726 4437 3835 4489 τῶν

2243 4529 2598 4584 ἐνοικούντων
2655 4527 2804 4600 αὐτῷ
2835 4527 3108 4598 δαιμόνων
3142 4526 3286 4582 κατὰ
3314 4527 3561 4597 κεφαλῆς
3601 4529 3830 4600 ἦρτςτο.

2243 4621 2498 4693 καθάπερ
2553 4621 2653 4674 οὐκ
2700 4621 3037 4690 ἐνεγκόντων
3106 4619 3207 4692 τὴν
3262 4619 3412 4673 θέαν.
3467 4619 3529 4672 ’0
3593 4621 3699 4690 μὲν
3741 4621 3834 4676 οὖν

2243 4714 2398 4784 ἅγιος
2452 4713 2785 4768 ἐπυνθάνετο
2842 4712 3044 4778 αὐτῶν,
3104 4712 3159 4766 τί
3196 4712 3260 4784 δή
3295 4729 3426 4765 ποτε
3485 4700 3726 4767 τοιαῦτα
3757 4714 3833 4783 τῷ

2241 4807 2460 4878 γέροντι
2511 4806 2925 4877 παροινήσειαν.
2978 4805 3043 4858 οι
3071 4803 3130 4858 δέ
3174 4805 3371 4876 πικρὸν
3405 4803 3728 4868 κλαίοντες.
3753 4799 3841 4860 οἷα

2243 4899 2338 4952 καὶ
2367 4899 2434 4968 τῇ
2463 4899 2692 4967 μάστιγι
2726 4897 2827 4966 τῆς
2861 4895 3077 4948 ἐκείνου
3103 4895 3414 4966 παρουσίας
3471 4894 3664 4956 δεινῶς
3699 4897 3828 4948 ἐτα-

2243 4990 2482 5060 ζόμιενοι,
2541 4991 2736 5060 Ἡμεῖς
2789 4991 2883 5042 ἐπὶ
2940 4987 3122 5050 τοῦτο,
3179 4973 3346 5058 φησὶ,¹
3390 4986 3783 5057 ἐπεστάλμεθα
3812 5026 3831 5052 ,

2241 5056 2384 5134 ὥστε
2441 5056 2536 5136 οιαὶ
2596 5056 2719 5134 διαθ⁹
2753 5079 2948 5144 ὓδατος
2990 5077 3174 5149 βαλεῖν
3194 5056 3202 5058 7
3223 5056 3442 5148 αὒτὺνῆ
3471 5056 3646 5148 πυρός
3671 5093 3689 5110 ·
3722 5079 3834 5130 τῶν

2241 5170 2354 5240 γὰρ
2405 5172 2664 5226 τοιούτων
2722 5173 2922 5225 ἐκεῖνοι
2956 5169 3082 5242 (ιρεῦ
3131 5169 3234 5239 τῆς
3287 5167 3554 5238 μανίαςί)
3585 5169 3829 5222 διάκονοι

2245 5264 2522 5318 σπουδαίοι
2554 5265 2647 5318 καὶ
2676 5263 2968 5336 ὑπηρέται.
3008 5263 3250 5330 Ἡμέρας
3285 5262 3382 5332 μὲν
3409 5257 3504 5315 οὖν
3533 5262 3696 5314 πέντε
3729 5263 3829 5316 καὶ

2243 5355 2446 5420 νύκτας
2501 5357 2646 5420 ἴσας,
2687 5357 2946 5419 ποικίλως
3019 5355 3447 5426 βασανιζόμενος
3499 5353 3592 5407 ὑπ’
3645 5353 3830 5406 αὐτῶν

2241 5443 2332 5518 ἦν,
2363 5448 2457 5502 καὶ
2507 5449 2734 5519 πάσχων
2787 5447 2974 5510 κακῶς
2999 5463 3014 5478 ο
3048 5443 3168 5502 εἶτα
3205 5446 3564 5517 σφοδρότερον
3593 5446 3828 5508 αὑτοξςὸ

2241 5544 2336 5596 τοῦ
2367 5540 2502 5594 Θεοῦ
2518 5540 2769 5612 θεράπων
2793 5541 3122 5611 ἐπιτιμήσας
3153 5539 3385 5606 ἐξελθεῖν
3410 5555 3470 5592 τε
3492 5538 3594 5592 τού
3611 5537 3826 5608 ἀιδρὲς,

2243 5633 2341 5688 καὶ
2391 5633 2591 5704 μηκέτι
2641 5632 2803 5686 πάλιν
2855 5634 2936 5696 είς
2982 5632 3144 5686 αὐτὸν
3175 5631 3494 5686 ἐπανελθεῖν
3523 5629 3822 5684 ἐπιτάτττιο

2243 5727 2340 5782 καὶ
2385 5725 2446 5780 τι
2489 5724 2817 5796 πρὸσταγμα
2848 5725 3010 5796 ἔργον
3035 5720 3125 5798 ἦν.
3157 5725 3266 5780 Καὶ
3293 5725 3343 5779 οἱ
3370 5722 3471 5795 μὲν
3495 5722 3668 5776 πολλὰ
3695 5723 3824 5790 κρά-

2244 5817 2434 5884 ξαντες
2481 5819 2579 5872 καὶ
2620 5817 3020 5890 σπαράξαντες,
3073 5815 3276 5882 εὐθέως
3335 5814 3602 5886 ἀπῆλθον,
3635 5814 3815 5869 οὐκέτι
