4026 6292
170 338 313 408 alii

1188 336 1364 398 vna
1405 338 1452 396 Α
1491 293 1931 398 Nicnpnono
1970 337 2452 398 coxscmpn.

3311 337 3456 404 3143

171 450 553 521 τολμήσαντες
583 442 741 511 αὖθις
773 450 851 515 είς
879 447 1041 503 aestv
1075 446 1416 516 ἀναστρέψαι
1449 462 1464 477 ·
1500 445 1529 498 ὁ
1558 445 1613 498 δὲ
1653 445 1749 499 τοῦ

1887 449 2081 502 urbine
2118 464 2183 503 ac
2226 458 2552 518 tempestate
2584 448 2877 509 liberatus.
2925 446 3107 504 stabat
3136 448 3303 519 plane
3362 469 3453 507 reo

172 541 417 618 χαλεποῦ
443 540 715 605 κλύδωνος
741 542 953 596 ἐκείνου
975 542 1068 595 καὶ
1088 540 1188 607 τῆς
1219 538 1388 609 ζάλης
1405 537 1761 605 ἀπαλλαγεὶς,

176 634 542 703 καθεστηκὼς
596 636 842 704 εἱστήκει
894 635 990 687 καὶ
1036 634 1226 701 νήφων
1256 671 1271 694 ,
1331 631 1614 696 ἀναλόγως
1666 630 1766 697 τῆς

178 729 316 801 πρὶν
347 725 738 796 ἀσχημοσύνης
777 726 870 778 καὶ
912 724 1179 792 ἀκοσμίας
1203 726 1269 792 τῇ
1305 724 1637 775 καταστάσει
1671 722 1764 774 καὶ

178 822 474 888 σεμνότητι
508 819 803 888 χρώμενος.
843 817 921 885 Τῇ
959 817 1140 885 μέντοι
1172 815 1302 884 δνῳ,
1336 815 1454 866 ούδέ
1480 814 1610 885 γὰρ.
1646 813 1768 866 οὐδὲ

174 911 336 963 τοῦτο
360 910 691 978 παραλιπεῖν
706 909 852 973 ἀξιον
871 949 883 972 ,
909 909 1036 977 χοῦς
1067 909 1133 960 ἐκ
1172 907 1267 960 τοῦ
1299 908 1523 978 Συμεὼν
1566 907 1765 974 ὀλίγος,

179 1004 447 1071 θεραπεία
477 999 578 1067 τῆ;
608 998 853 1070 γλώττης
885 1001 1086 1053 αὐτίκα
1113 1001 1345 1066 γίνεται.

254 1089 392 1160 ρξιί.
422 1090 576 1142 Μετά
608 1089 780 1141 ταῦτα
812 1088 1186 1157 προσάγονταί
1214 1106 1358 1152 τινες
1394 1088 1587 1159 ἄνδρες
1616 1087 1771 1160 αύτῷ

175 1181 294 1243 δύο,
328 1181 420 1234 τὸν
464 1179 650 1248 ἕτερον
691 1183 802 1233 τοῖν
830 1179 1010 1233 ποδοῖν
1041 1180 1300 1251 ἑκάτερος
1335 1182 1515 1234 αὐτῶν
1553 1183 1770 1254 ἰαθῆναι

178 1274 431 1344 δεόμενος
456 1292 467 1301 υ
496 1269 569 1342 ἦν
610 1272 720 1344 γὰρ
753 1274 939 1341 ἕτερος
972 1275 1176 1342 ἀμφοῖν
1225 1274 1501 1343 σεσηπὼς,
1544 1276 1638 1327 καὶ
1681 1275 1773 1328 τέ-

180 1382 314 1434 χνης
353 1364 553 1434 ἰατρῶν
580 1364 948 1433 ίσχυρῦτερος,
981 1365 1196 1433 θατέρῳ
1220 1364 1276 1417 δὲ
1316 1369 1432 1418 τοῖν
1457 1366 1672 1435 ἀνδροῖν
1712 1364 1774 1416 τὸ

183 1453 358 1516 πάθος
387 1453 574 1521 σχεδὸν
621 1452 717 1505 καὶ
749 1451 1050 1523 σύντροφον
1076 1449 1175 1524 ἦν,
1196 1457 1633 1525 τεσσαρακοστὺν
1671 1457 1772 1507 αὺ-

180 1547 276 1600 τὸν
316 1546 572 1609 ἐκπιεζον
621 1544 763 1607 Ετος.
819 1544 981 1597 Ἀλλά
1009 1544 1087 1614 τῷ
1125 1544 1224 1613 μὲν
1259 1546 1388 1616 χοῦς
1419 1547 1520 1613 τῆς
1563 1547 1774 1599 ἐκείνου

182 1636 289 1707 γῆς
311 1639 533 1708 κραθεὶς
563 1636 737 1696 ὕδατι,
770 1637 847 1705 τῷ
873 1636 928 1689 δὲ
960 1639 1073 1706 ἁφὴ
1110 1637 1417 1707 σύμμικτος
1448 1639 1578 1708 εὐχῇ
1611 1638 1775 1708 θερα-

185 1730 317 1783 πεία
347 1730 616 1799 κατέστη·
649 1729 744 1781 καὶ
778 1727 869 1779 τὸν
905 1731 1106 1783 οἰκεῖον
1140 1731 1399 1800 ἑκάτερος
1422 1730 1560 1783 πόδα
1582 1732 1776 1800 νεαρὸν

1866 539 2096 594 stitutus
2121 541 2223 595 sibi
2257 541 2568 610 mentisque
2593 554 2841 609 compos,
2876 549 2932 593 et
2968 551 3123 594 tanto
3172 542 3457 598 ferebatur

1866 640 2192 686 mansuetus
2233 634 2693 701 verecundusque
2726 673 2740 696 ,
2776 646 2943 701 quam
3002 641 3129 687 ante
3178 634 3456 690 violentus

1867 730 2032 792 atque
2055 724 2370 792 impudens.
2393 724 2540 789 Quid
2593 734 2776 778 autem
2830 725 3029 777 asina?
3071 741 3249 794 neque
3299 728 3449 780 enim

1871 814 1987 885 ipsa
2010 816 2175 886 digna
2228 827 2316 871 est
2373 816 2671 885 prteteriri.
2736 816 3042 869 Pauxil‘lum
3093 818 3359 886 pulveris,
3422 835 3450 871 a

1868 917 2064 963 sancto
2093 915 2405 978 acceptum,
2433 907 2728 963 sanitatem
2776 907 2979 978 lingua:
3001 909 3122 978 ejus
3156 909 3455 962 confestim

1868 991 2073 1057 attulit.

1944 1091 2067 1147 168.
2092 1093 2222 1146 Post
2252 1093 2369 1147 haec
2407 1092 2722 1151 afferuntur
2760 1092 2863 1147 viri
2894 1092 3141 1162 quipiam
3174 1092 3463 1156 duo,nter-

1871 1200 1981 1254 que
2012 1185 2137 1254 pedi
2174 1200 2277 1239 suo
2300 1185 2477 1239 altero
2500 1185 2700 1240 allecto
2756 1185 3068 1239 remedium
3123 1195 3418 1254 poscentes
3445 1204 3459 1238 :

1873 1277 2040 1332 unius
2066 1293 2304 1347 namque
2330 1278 2441 1348 jam
2483 1278 2848 1347 putrefactus,
2911 1288 3090 1331 artem
3155 1280 3463 1347 resintebat

1875 1371 2261 1436 medicorum;
2320 1372 2491 1426 alium
2544 1372 2781 1426 acerbus
2804 1371 2986 1435 dolor,
3047 1371 3163 1426 fere
3225 1371 3294 1425 ab
3345 1371 3464 1442 ipso

1875 1472 1999 1517 ortu
2071 1463 2450 1527 continuatus,
2518 1463 2882 1534 quadraginta
2943 1465 3057 1532 jam
3126 1480 3301 1518 annos
3362 1479 3464 1518 ex-

1875 1552 2184 1607 cruciabat.
2228 1552 2448 1606 llloruni
2474 1555 2634 1607 alteri
2673 1554 3039 1608 nihilominus
3064 1556 3250 1624 pulvis
3302 1565 3466 1610 terra:

1878 1642 2046 1705 illus,
2094 1658 2237 1712 aqua
2289 1643 2587 1707 subactus;
2622 1644 2780 1698 alteri
2850 1654 3161 1708 contactus,
3210 1647 3465 1701 oratione
3534 1695 3538 1699 r

1880 1733 2124 1799 adjutus,
2172 1734 2456 1789 salutifera
2500 1733 2776 1789 medicina
2834 1736 3082 1790 exstitit:
3139 1746 3197 1789 ct
3239 1736 3464 1789 domum

181 1821 376 1889 ὥσπερ
408 1820 715 1887 ἀπολαϐὼν,
748 1823 845 1892 οὐχ
872 1823 946 1885 ὡς
975 1822 1165 1894 πρώην
1194 1822 1523 1891 οἰμώζοντες
1557 1824 1651 1875 καὶ
1676 1840 1771 1890 φε-

1887 1841 2028 1880 ;uam
2054 1835 2287 1895 uterque
2314 1826 2501 1889 rediit,
2518 1827 2628 1895 jam
2653 1842 2762 1880 non
2793 1827 3016 1895 portati.
3043 1838 3327 1897 gementes
3350 1827 3468 1895 plo-

185 1914 427 1986 ρόμενοι,
468 1912 603 1965 ἀλλά
646 1912 977 1984 σκιρτῶντες
1027 1914 1120 1965 καὶ
1150 1912 1432 1983 χαίροντες
1476 1913 1772 1980 ἐπανῆκον.

187 2007 419 2059 Ἔπειτα
453 2002 640 2074 τυφλῷ
671 2021 776 2057 τινι
808 2004 1245 2075 προσενεχθέντι,
1288 2002 1517 2072 γλυκεῖά
1544 2021 1626 2066 τις
1652 2002 1777 2073 ὄψις

182 2100 214 2152 ὁ
230 2098 383 2164 ἆγιος
407 2098 637 2166 γίνεται.
659 2098 811 2150 Κατά
830 2101 940 2166 γὰρ
969 2096 1067 2167 τὴν
1090 2095 1316 2168 πρώτην
1342 2096 1532 2158 νύκτα,
1564 2096 1688 2150 καθ’
1710 2098 1778 2167 ἢν

185 2208 327 2262 προσ
343 2188 446 2264 [εν]
462 2193 679 2259 ήνεκτο,
699 2190 875 2243 ἐδόκει
901 2190 1118 2243 νεανίαν
1145 2192 1173 2242 ὁ
1196 2189 1393 2258 τυφλὸς
1417 2190 1570 2261 ὁρᾷ-ι,
1596 2189 1776 2259 τρίχι-

186 2298 279 2336 νον
332 2282 535 2351 ἔνδυμα
583 2280 990 2352 περικείμενον,
1033 2281 1130 2349 τὴν
1175 2279 1296 2349 ὄψιν
1344 2280 1617 2350 λαμπρὸν,
1648 2282 1778 2342 τοὺς

186 2373 356 2437 πόδας
403 2374 631 2442 γυμνὸν,
677 2372 911 2443 φέροντα
959 2372 1151 2441 ῥάϐδον
1186 2375 1250 2441 τῇ
1293 2371 1478 2442 δεξιᾷ,
1519 2371 1676 2440 βαῖνη
1719 2372 1777 2424 δὲ

186 2460 350 2534 αὕτη,
375 2463 469 2525 Δὸς
494 2462 672 2528 δόξαν,
701 2462 952 2528 λέγοντα,
974 2460 1052 2530 τῷ
1074 2459 1212 2529 Θεῷ.
1245 2460 1310 2513 Ἠ
1334 2460 1434 2530 μὲν
1456 2456 1551 2513 οὖν
1569 2476 1777 2527 φαντασ-

186 2555 281 2609 σία
310 2554 452 2607 οὕτω
474 2555 570 2624 τὴν
597 2554 858 2625 ἀλήθειαν
888 2556 1159 2624 ἐμιμεῖτο,
1190 2553 1266 2616 ὡς
1295 2553 1389 2606 καὶ
1410 2553 1777 2607 διυπνισθέντι

185 2651 271 2721 τῷ
290 2649 476 2721 τυφλῷ
512 2651 689 2703 δοκεῖν
710 2649 933 2721 ἔχεσθαι
953 2648 1054 2717 τῆς
1071 2649 1166 2699 τοῦ
1194 2645 1452 2714 φανέντος
1475 2643 1551 2696 ἔτι
1575 2641 1778 2713 χειρὸς,

191 2742 367 2807 φιλεῖν
401 2759 461 2795 τε
505 2744 673 2812 αἱτὴν
720 2740 988 2812 ἐμφύντα,
1019 2740 1129 2796 ,κοιλ⁸
1179 2737 1316 2807 μηδέ
1357 2733 1778 2799 ἀποσπασθῆναι

186 2831 394 2903 ταύτης
436 2833 502 2887 τά
546 2834 700 2903 χείλη
751 2833 1066 2902 βού).εσθ;ι·
1105 2829 1403 2898 ὑπεδήλουν
1432 2827 1543 2895 γάρ
1585 2841 1639 2877 τι
1684 2823 1781 2877 καὶ

187 2923 431 2977 τοιοῦτον
469 2925 517 2976 οί
543 2922 722 2977 ὒπνὶι.
761 2923 849 2986 Ὠς
876 2923 934 2975 δὲ
963 2921 1098 2991 πρὸς
1133 2920 1225 2974 τὸν
1282 2918 1437 2986 ἅγιον
1463 2916 1562 2985 τῆς
1590 2911 1779 2967 ἐπιού-

192 3030 295 3082 σης
324 3017 449 3083 περὶ
480 3015 702 3084 πρώτην
741 3014 818 3067 ἓω
843 3014 1095 3082 εἰσήχθη,
1124 3009 1529 3079 σφραγίσαντος
1569 3003 1779 3057 ἐκείνου

189 3109 320 3170 τοὺς
348 3106 658 3175 ὀφθαλμοὺς
701 3106 892 3171 αὐτοῦ,
927 3103 1125 3175 βλέψας
1163 3102 1280 3174 (τῆς
1324 3099 1640 3172 ἀπορρήτου
1681 3112 1778 3149 σου

1878 1924 2200 1987 rantesque,
2235 1925 2297 1970 ut
2331 1919 2520 1986 prius;
2550 1917 2643 1971 sed
2682 1917 2991 1985 gaudentes
3022 1926 3079 1971 et
3100 1918 3465 1982 exsultantes,

1877 2020 2102 2076 recepto
2131 2023 2234 2062 usu
2269 2008 2430 2077 pedis
2459 2009 2678 2078 qualem
2707 2009 2947 2078 juvenes
2985 2009 3319 2062 habuerant.
3340 2009 3470 2062 Pero

1879 2100 2088 2154 sanatis
2117 2099 2209 2165 iis,
2259 2100 2499 2171 Symeon
2528 2101 2696 2155 allato
2723 2100 2944 2153 cuidam
2974 2115 3121 2156 cmco
3148 2100 3461 2169 jucundum

1878 2205 1980 2260 per
2003 2206 2061 2245 se
2090 2192 2474 2261 spectaculum
2500 2192 2625 2245 fuit.
2663 2192 2880 2245 Etenim
2910 2192 3087 2261 prima
3109 2192 3178 2246 ab
3222 2193 3468 2247 adventu

1877 2292 2042 2338 nocte
2071 2282 2224 2338 visus
2254 2283 2358 2338 sibi
2391 2293 2477 2338 est
2496 2283 2986 2352 viderejuvenem,
3019 2283 3243 2337 cilicino
3263 2283 3469 2337 amictu

1878 2371 2305 2438 circumdatum,
2348 2374 2506 2427 vultu
2537 2372 2886 2442 splendidum
2911 2416 2925 2434 ,
2972 2373 3180 2426 nudum
3209 2374 3468 2442 pedibus,

1877 2463 2146 2519 ferentem
2222 2464 2448 2518 dextera
2514 2464 2723 2534 virgam
2773 2465 3064 2534 (palmeam
3118 2464 3266 2518 illam
3315 2467 3473 2534 puta)

1878 2557 2311 2628 dicentemque:
2348 2560 2424 2614 Da
2471 2559 2702 2630 gloriam
2754 2559 2888 2613 Deo.
2936 2558 3063 2612 Ha-c
3109 2570 3474 2628 repraesenta-

1881 2647 1959 2702 tio
2010 2644 2123 2702 ‘tam
2173 2647 2420 2718 perfecte
2464 2649 2788 2703 imitabatur
2824 2648 3139 2713 veritatem,
3192 2656 3253 2703 ut
3297 2650 3475 2720 evigi-

1879 2738 2000 2794 lans
2023 2753 2202 2793 caecus
2226 2739 2613 2805 arbitraretur,
2636 2740 2941 2793 etiamnum
2971 2752 3031 2792 se
3055 2754 3276 2792 manum
3302 2739 3472 2803 illius,

1883 2829 1978 2899 qui
2028 2838 2385 2898 apparuerat,
2421 2839 2634 2885 tentare
2693 2828 2957 2894 osculari,
3000 2845 3102 2884 nec
3147 2829 3292 2884 labia
3347 2830 3477 2885 inde

1883 2922 2046 2976 avelli
2080 2922 2404 2991 permittere
2426 2939 2439 2974 :
2459 2921 2667 2991 aliquid
2693 2922 2842 2976 enim
2867 2920 3175 2976 istiusmodi
3205 2929 3477 2975 monstra--

1885 3022 2001 3068 tum
2044 3014 2230 3069 fuerat
2270 3015 2326 3068 in
2368 3014 2600 3069 somnis.
2639 3012 2776 3068 Cum
2814 3027 2946 3067 vero
2974 3020 3192 3082 postera
3225 3012 3314 3066 die
3368 3011 3476 3067 sub

1883 3103 2189 3158 diluculum
2243 3103 2519 3158 adductus
2562 3109 2648 3157 est
2681 3101 2749 3155 ad
2791 3109 3067 3164 sanctum,
3106 3099 3375 3169 impresso
3407 3098 3478 3153 ab

189 3166 405 3271 Xptesé'
434 3166 776 3269 καὶ-βασιλεῦ
810 3166 1180 3270 χρηστότητος
1199 3166 1251 3265 ι)
1291 3166 1451 3257 εὐθὺς
1478 3166 1778 3259 -ὁ-τυφλος,

1887 3194 2087 3251 eodem
2133 3194 2315 3249 oculis
2362 3194 2546 3275 erucis
2591 3192 2771 3263 signo,
2819 3190 2960 3246 vidit
2991 3190 3257 3245 continuo
3298 3204 3479 3245 caecus

191 3291 289 3343 τόν
317 3307 378 3343 τε
406 3290 551 3344 θεῖον
588 3290 710 3343 ίδὼν
741 3289 989 3360 Συμεὼν,
1018 3289 1113 3343 καὶ
1140 3288 1277 3359 πρὸς
1300 3287 1399 3358 τὴν
1426 3284 1639 3338 ἐκείνου
1665 3280 1780 3352 ὄψιν

1887 3291 1943 3355 (o
2003 3283 2342 3341 ineﬁ‘abilem
2407 3284 2613 3340 Christi
2689 3283 2993 3339 bonitatem
3031 3282 3072 3349 ι)
3130 3282 3477 3350 intuitusque

194 3382 492 3446 ἐκκαυθεὶς
541 3384 640 3454 τὴν
677 3383 924 3453 καρδίαν,
957 3382 1122 3436 αὑτὸν
1173 3380 1363 3448 ἔλεγεν
1400 3372 1541 3432 εἶναι
1588 3376 1680 3429 τὸν
1728 3375 1780 3429 ἐν

1887 3387 2137 3434 sanctum
2171 3385 2338 3447 atque
2367 3376 2489 3446 ipso
2518 3375 2720 3431 intuitu
2751 3388 3057 3430 succensus
3088 3382 3146 3427 et
3172 3371 3479 3428 inﬂamma-

191 3475 394 3548 ὀνείρῳ
420 3476 679 3545 φανέντα,
713 3481 808 3529 καὶ
837 3475 938 3547 τῆς
971 3474 1156 3546 χειρὸς
1184 3472 1369 3543 ἐζήτει
1399 3468 1685 3533 λαϐέσθαι,
1719 3462 1790 3540 ἦς

192 3565 351 3636 αὐτῷ
399 3568 591 3630 νυκτὸς
637 3566 758 3637 ὄψις
796 3563 1179 3638 ἐμφορηθῆναι
1210 3563 1458 3634 παρέσχε
1484 3577 1500 3593 ο
1551 3559 1649 3612 καὶ
1691 3558 1785 3611 τὸν

194 3658 409 3731 ὄνειρον
454 3659 650 3729 ἡδονῆς
697 3658 840 3723 ὅλοις
891 3656 1119 3728 χείλεσι,
1157 3656 1280 3718 ταῖς
1327 3652 1437 3707 τῶν
1494 3648 1784 3722 παρόντων

195 3750 395 3816 ἀκοαῖς
426 3750 671 3824 ἐπεξῄει.

1890 3479 2024 3537 tus,
2070 3470 2226 3525 illum
2270 3469 2526 3536 eumdem
2576 3483 2701 3523 esse
2762 3465 3108 3524 exclamavit.
3160 3479 3323 3534 quem
3383 3479 3479 3532 per

1888 3563 2133 3635 quietem
2194 3568 2589 3631 conspexerat,
2626 3560 2784 3630 cujus
2828 3571 3052 3613 manum
3084 3555 3325 3610 retinere
3354 3562 3476 3608 ten-

1892 3660 2127 3718 taverat,
2151 3660 2212 3706 et
2248 3650 2486 3706 osculari
2518 3658 2777 3721 potuerat
2815 3648 2881 3703 ad
2910 3648 3219 3702 satietatem
3255 3665 3269 3700 :
3298 3659 3480 3716 neque

1891 3743 2145 3798 cessabat
2175 3742 2455 3798 somnium
2485 3750 2592 3796 tam
2618 3739 2929 3812 jucundum
2956 3738 3137 3809 plenis
3180 3737 3374 3793 buccis
3419 3737 3475 3791 in

1890 3848 2058 3891 aures
2106 3833 2464 3905 praesentiam
2504 3831 2828 3888 immittere.

1627 3965 1856 4023 CAPUT
1894 3965 2063 4022 XXII.

194 4097 459 4169 Iniuriosi
500 4096 556 4151 in
595 4100 842 4150 sanctum
870 4092 1087 4163 ejusque
1122 4089 1410 4162 imaginem
1456 4085 2325 4235 mirpggleoljz.jzr'iiejgﬂplrredicto
2366 4086 2541 4156 puniti
2571 4101 2590 4141 :
2626 4083 2981 4157 indulgentia,
3017 4080 3344 4186 misericordi
3390 4095 3479 4135 reo

1354 4188 1361 4195 .
1812 4198 1829 4225 θ
2118 4196 2133 4210 ⁸
2908 4216 2913 4219 Χ

1354 4188 1361 4195 “
1559 4188 1829 4225 μιυιοηαυ,
1871 4188 1923 4224 μ’
1934 4188 2133 4212 προναία.

272 4304 407 4380 950’.
450 4304 540 4360 Ἐν
583 4302 761 4374 τούτῳ
803 4301 862 4356 δέ
910 4316 1056 4364 τινες
1102 4297 1293 4370 ἀνδρες
1339 4293 1441 4366 τῆς
1486 4293 1786 4365 Ἀντιόχου,

1967 4290 2090 4347 169.
2114 4291 2330 4346 Interea
2355 4289 2461 4345 viri
2489 4288 2714 4360 quidam
2736 4286 3068 4344 Antiocheni
3094 4302 3163 4342 eo
3180 4285 3480 4356 impietatis

195 4378 448 4472 χαλεπὴν
504 4395 790 4458 νοσοῦντες
843 4393 1122 4456 ἀσέϐειαν,
1162 4389 1239 4454 ὠς
1294 4389 1432 4460 μήτε
1482 4403 1537 4440 τι
1585 4386 1780 4454 σαρκὸς

1895 4382 2264 4449 devenerunt,
2297 4390 2359 4437 ut
2387 4390 2743 4451 peccatorum
2782 4378 2969 4435 carnis
3014 4379 3284 4435 rationem
3317 4379 3371 4434 in
3390 4379 3483 4451 ju-

194 4489 512 4560 ἁμάρτημα
567 4489 625 4539 ἐν
673 4484 907 4555 εὐθύνης
958 4480 1205 4536 τίθεσθαι
1259 4479 1427 4550 λόγῳ,
1484 4478 1622 4549 μήτε
1675 4475 1787 4530 τῶν

198 4577 565 4651 ἀνθρωπίνων
598 4574 867 4645 σωμάτων
893 4573 1189 4627 ἀνάστασιν
1214 4568 1571 4641 προσδοκᾷνῆ
1598 4566 1790 4632 ἐξέτα-

197 4687 314 4737 σιν,
350 4670 445 4723 καὶ
471 4669 580 4722 τῶν
620 4667 745 4739 τῇδε
780 4664 1129 4737 βεϐιωμένων
1154 4662 1421 4718 ἀντίδοσιν
1443 4677 1459 4692 ⁸
1501 4659 1637 4715 ἀλλὰ
1661 4658 1791 4722 τοὺς·

202 4766 310 4834 μέν
336 4764 402 4833 τῇ
436 4762 548 4815 τῶν
584 4758 831 4829 ἀστέρων
866 4758 1011 4829 φορᾷ
1043 4756 1229 4826 νέμειν
1265 4754 1329 4809 τὸ
1371 4754 1512 4817 πᾶν,
1543 4753 1637 4808 καὶ
1674 4754 1789 4815 τοῖς

198 4855 433 4908 ἐκείνων
482 4851 725 4924 σχήμασι
767 4849 864 4905 καὶ
901 4849 1167 4920 κινήμασι
1202 4846 1344 4901 κατά
1384 4845 1487 4916 τῆς
1533 4842 1790 4915 προνοίας

199 4946 453 5017 ἀνοήτως
475 4943 850 5015 παραχωρεῖν,
884 4939 1011 5004 τοὺς
1037 4939 1095 4992 δὲ
1117 4938 1290 5011 τύχην
1321 4935 1671 5008 δογματίζειν
1694 4935 1790 4988 καὶ

199 5036 265 5091 ὼ
344 5034 682 5106 αὐτόματον
736 5032 866 5097 τοὺς
906 5031 965 5085 δὲ
1020 5028 1441 5101 μετεμψύχωσίν
1483 5044 1606 5080 τινα
1655 5042 1791 5092 πρε-

202 5127 425 5182 σϐεύειν
452 5128 549 5181 καὶ
575 5125 939 5197 εἱμαρμένην.
971 5114 1131 5178 Οὗτοι
1164 5120 1297 5190 γοῦν
1336 5120 1489 5190 παρά
1521 5118 1614 5171 τὸν
1646 5117 1790 5171 θεῖον

199 5217 437 5289 Συμεὼν
471 5218 736 5283 ἀνιόντες,
767 5216 1001 5282 διαλέξει
1031 5214 1172 5281 πρὸς
1200 5212 1364 5266 αὑτὸν
1404 5208 1668 5281 ἐχρῶντο,
1694 5212 1792 5262 καὶ

200 5309 562 5382 ἀποδεικτικῇ
587 5311 770 5380 σοφίᾳ,
797 5303 832 5383 ᾖ
860 5309 954 5361 καὶ
980 5306 1181 5377 μᾶλλον
1210 5303 1489 5374 ἐφρόνουν,
1514 5300 1610 5354 καὶ
1632 5301 1791 5353 πιθα-

200 5404 326 5467 ναϊς
369 5402 726 5457 ἀντιθέσεσιν.
767 5399 907 5457 Ἀλλ’
937 5396 1006 5473 ἦν
1050 5398 1258 5453 ἐκείνου
1301 5394 1402 5466 μὲν
1434 5395 1529 5448 καὶ
1559 5393 1680 5446 θεία
1707 5410 1791 5457 τις

200 5492 585 5567 ἐπικαθημένη
615 5493 787 5550 πειθὼ
815 5496 928 5558 τοῖς
953 5492 1211 5564 χείλεσιν,
1239 5483 1274 5566 ᾖ
1316 5486 1426 5542 τῶν
1458 5483 1791 5556 λογολεσχῶν

198 5589 434 5650 τουτων,
475 5586 569 5641 καὶ
599 5584 869 5658 περιττῶν
891 5583 991 5659 τὴν
1036 5581 1234 5655 μανίαν
1274 5578 1475 5652 μᾶλλον
1501 5576 1535 5646 ἢ
1574 5576 1669 5648 τὴν
1703 5593 1791 5630 σο-

202 5674 363 5745 φίαν,
414 5675 587 5740 οὐδεὶς
634 5676 869 5745 ἠδύνατο
923 5673 1251 5743 ἀντιλέγειν.
1286 5670 1360 5723 Τὸ
1398 5669 1457 5722 δέ
1502 5669 1664 5723 πλέον
1695 5667 1794 5737 τῆς

199 5772 331 5830 κατ’
360 5769 542 5825 αὐτῶν
573 5769 776 5842 ἰσχύος,
813 5770 908 5825 καὶ
940 5770 974 5841 η
1006 5768 1118 5822 τῶν
1163 5765 1409 5843 σημείων
1453 5763 1725 5834 ἐνέργεια,
1755 5763 1785 5816 δ

1895 4474 2046 4531 dicio
2067 4490 2178 4530 non
2226 4473 2643 4545 reposcendam,
2667 4474 3037 4536 sustinerent;
3063 4486 3164 4527 nec
3183 4486 3477 4541 corporum

1894 4577 2213 4623 nostrorum
2260 4565 2746 4624 resurrectionem.
2778 4573 2873 4619 aut
2902 4571 3185 4633 gestorum
3223 4570 3476 4627 exanfen,

1894 4673 2199 4730 eorumque
2234 4657 2658 4714 retributionem
2682 4657 2845 4711 ullam
2872 4664 3292 4726 exspectarent;
3314 4656 3479 4709 dicti-

1896 4758 2081 4807 tantes
2109 4749 2207 4805 alii
2232 4749 2481 4819 quidem,
2516 4757 2790 4803 astrorum
2825 4763 2989 4803 cursu
3034 4745 3329 4817 gubernari
3359 4760 3482 4799 om-

1896 4845 2012 4910 nia,
2045 4856 2354 4913 eorutnque
2406 4841 2599 4911 ﬁguris
2642 4856 2707 4897 ac
2760 4839 3021 4915 motibus
3052 4847 3244 4893 contra
3298 4837 3482 4906 provi-

1898 4936 2139 4992 dentiam
2175 4935 2373 4991 insano
2406 4933 2575 4989 modo
2615 4946 2841 5002 parere;
2889 4928 2981 4984 alii
3011 4944 3167 4994 vero,
3202 4928 3481 4983 fortunam

1896 5038 2064 5098 atque
2097 5041 2288 5082 casum
2316 5026 2659 5087 decernere;
2693 5022 2784 5076 alii
2835 5019 3097 5089 denique,
3128 5019 3484 5088 transmigra-

1897 5120 2107 5174 tionem
2159 5118 2471 5172 animarum
2504 5114 2790 5182 fatumque
2833 5110 3040 5182 primas
3084 5108 3358 5163 obtinere.
3388 5108 3481 5162 Isti

1900 5211 2229 5284 Symeonem
2255 5207 2498 5279 aggressi
2516 5204 2875 5275 disputando,
2898 5200 3346 5263 demonstrativa,
3375 5216 3484 5270 qua

1898 5303 2256 5374 praestabant,
2287 5307 2411 5355 arte
2447 5305 2506 5354 et
2539 5295 3005 5366 persuasibilibus
3029 5292 3487 5350 contentionibus

1899 5391 2223 5447 utebantur.
2259 5390 2462 5446 Verum
2512 5385 2788 5440 insidebat
2813 5385 2991 5440 sancti
3026 5381 3191 5438 labiis
3226 5383 3310 5435 vis
3338 5395 3461 5450 quae

1899 5483 2026 5537 dam
2074 5479 2449 5552 persuadendi
2508 5477 2716 5542 divina,
2761 5477 2853 5530 cui
2902 5476 3219 5545 loquacium
3255 5475 3487 5531 istorum

1900 5583 1959 5630 et
2017 5572 2242 5627 infamia
2294 5573 2480 5642 potius
2532 5583 2696 5639 quam
2753 5567 3027 5637 sapientia
3081 5567 3486 5623 abundantiam

1901 5666 2090 5721 nullus
2134 5674 2349 5736 poterat
2381 5663 2787 5717 contradicere.
2825 5660 3042 5729 Quanto
3087 5671 3271 5717 autem
3315 5675 3492 5732 major

1901 5759 2164 5828 potentiae
2210 5774 2273 5814 ac
2337 5757 2619 5827 signorum
2692 5764 2886 5809 contra
2933 5754 3059 5810 illos
3105 5754 3287 5810 virtus
3334 5762 3487 5821 erat,
