4026 6292
274 248 407 314 3145

1270 245 1441 307 νιΤΑ
1486 250 1530 302 Α
1569 239 2008 303 NICEPHORO
2041 237 2525 300 CONSCRIPTA.

3371 222 3508 287 3156

272 360 366 430 τὴν
392 359 468 413 ἕω
488 354 576 413 διὰ
597 354 691 411 τοῦ
720 350 1025 428 πνεύματος
1054 353 1311 419 δίδοσθαι,
1335 357 1429 409 ναὶ
1456 355 1620 409 αὑτὸν
1646 356 1704 407 ὲν
1724 356 1843 417 ταῖς

1946 352 2254 410 Orientales
2294 366 2328 406 a
2382 348 2578 420 spiritu
2635 344 3002 408 tribuebatur,
3052 340 3262 412 plateas
3316 340 3511 394 Antio--

274 449 549 513 πλατείαις
580 448 848 519 περιιέναι
879 446 981 517 τῆς
1019 446 1312 516 Ἀντιόχου,
1340 445 1433 499 τόν
1458 462 1516 498 τε
1561 443 1835 515 Ἰορδάνην

272 541 513 612 ποταμὸν
563 540 714 612 αύτῷ
751 539 999 604 ἕπεσθαι,
1035 540 1132 593 καὶ
1161 538 1251 592 τὸν
1277 539 1334 590 ἐν
1381 536 1545 607 Ἐδὲμ
1572 535 1835 607 παράδει-

272 650 361 687 σον
388 633 578 703 ὦσπερ
624 629 1106 686 ἀποκαλύπτεσθαι
1135 645 1151 660 ο
1180 629 1274 682 καὶ
1315 627 1391 691 ὡς
1443 627 1681 697 πονηρὸν
1740 627 1836 697 θη-

273 725 383 798 ρίον
442 724 500 778 ἓν
537 741 644 778 τινι
699 723 950 794 σπηλαίῳ
976 719 1353 793 κρυπτόμενον
1379 720 1590 772 ἐκεῖθεν
1619 717 1833 787 ἐξενεχ-

272 817 359 871 θὲν
382 816 468 869 διὰ
504 815 675 887 μέσης
700 813 888 882 ἄγοιτο
915 814 1015 883 τῆς
1054 811 1261 874 πόλεως
1293 809 1653 881 ὑϐριζόμενον
1689 825 1701 838 ·
1736 807 1832 861 καὶΙ

267 905 339 970 ὡς
403 905 614 969 πολλοῖς
670 905 778 958 τῶν
826 902 1129 974 ἀνθρώπων
1181 899 1514 955 διαταθεῖσιν
1569 902 1597 953 6
1654 897 1839 969 ἄρχων

272 1000 472 1061 ἐκεῖνος
517 996 732 1067 επιθείη
792 996 1004 1066 πληγὰς
1057 996 1118 1048 ού
1173 993 1360 1067 πόρρω
1399 991 1666 1058 θανάτου,
1696 990 1838 1045 ὥστε

274 1089 448 1160 σάρκα
473 1089 653 1141 πᾶσαν
673 1087 929 1150 ἐπιεικῶς
954 1084 1320 1155 καταπτῆξαι⁹
1346 1084 1440 1137 καὶ
1459 1082 1533 1146 ὡς
1557 1082 1665 1135 τῶν
1684 1080 1840 1151 αὐτῷ

273 1180 560 1250 γνωρίμων
597 1196 679 1242 τις
734 1178 812 1249 τῷ
856 1180 1077 1250 ἄρχοντι
1122 1174 1410 1248 παρεστὼς
1454 1176 1534 1239 είς
1572 1174 1838 1242 ἐξέτασιν,

271 1272 488 1342 ἀπαθὴς
516 1271 702 1326 κακῶν
724 1271 822 1325 ὑπ’
861 1270 1027 1325 αὑτοῦ
1057 1270 1307 1340 ἀφεθείη.

346 1535 483 1602 ρογν.
510 1524 701 1582 Ταῦτα
734 1531 762 1583 6
785 1524 887 1599 μξὲν
922 1522 1065 1592 ἰδὼν,
1087 1526 1198 1591 τοῖς
1222 1522 1493 1597 μαθηταῖς
1515 1522 1841 1596 ἐξηγήσατο*

275 1622 399 1691 ἑξῆς
427 1623 482 1674 δὲ
518 1622 613 1675 καὶ
636 1622 664 1674 ὅ
704 1620 756 1672 τί
814 1637 945 1674 ποτε
973 1619 1041 1673 τὰ
1097 1618 1330 1687 ὀφθέντα
1369 1617 1618 1688 βούλεται
1658 1614 1846 1683 σαφῶς

1935 445 2141 500 chenas
2156 442 2335 506 obire,
2370 439 2598 494 ﬂuvium
2623 450 2758 491 vero
2779 432 3071 489 Jordanem
3090 429 3321 501 vestigia
3340 429 3512 500 ipsius

1936 530 2112 599 sequi,
2144 537 2201 583 et
2227 528 2566 599 paradisum,
2592 524 2688 595 qui
2727 523 2784 578 in
2839 521 3015 578 Edent
3072 527 3180 584 est,
3212 519 3366 575 velut
3409 520 3511 575 de-

1936 621 2046 692 tegi
2075 637 2139 676 ac
2169 620 2399 676 revelari
2426 638 2441 673 :
2466 627 2583 673 tum
2605 631 2741 672 vero
2771 614 2941 670 feram
2974 613 3293 684 pessimam,
3343 626 3511 682 specu

1937 711 2176 782 quadam
2206 711 2496 774 latentem,
2538 708 2669 762 inde
2688 705 2893 768 emit-ti,
2928 711 3220 773 actamque
3268 717 3368 772 per
3396 716 3505 755 me«

1939 802 2088 857 diam
2135 801 2436 865 civitatem,
2472 798 2685 855 cladem
2755 810 2867 850 non
2933 793 3209 848 modicam
3266 790 3509 854 inferre;

1938 892 2195 947 homines
2236 906 2402 963 porro
2432 889 2635 944 multos
2691 887 2861 941 feram
2901 885 3257 952 insequentes
3298 880 3369 934 ab
3417 879 3511 933 illo

1939 982 2193 1054 principe
2224 981 2400 1053 plagis
2432 980 2574 1035 male
2619 977 2872 1033 mulctari
2906 975 3023 1030 fere
3054 986 3230 1043 usque
3271 971 3338 1025 ad
3368 986 3516 1025 mor-

1942 1085 2072 1142 tem,
2097 1076 2237 1133 adeo
2282 1084 2344 1130 ut
2370 1073 2551 1129 omnis
2577 1087 2705 1128 caro
2725 1068 3020 1125 admodum
3043 1073 3513 1127 eonsternaretur;

1944 1166 2186 1237 denique
2214 1181 2246 1221 e
2291 1165 2438 1220 notis
2496 1179 2560 1219 ac
2607 1160 2973 1217 familiaribus
3036 1156 3153 1211 suis
3201 1154 3514 1225 quempiam

1951 1258 2106 1313 dicto
2131 1256 2366 1327 principi
2399 1264 2580 1311 astare
2601 1250 3051 1309 examinandum,
3082 1246 3151 1302 ab
3183 1260 3362 1316 eoque
3396 1260 3513 1299 om-

1943 1347 2033 1402 nis
2064 1346 2398 1401 calamitatis
2446 1360 2517 1400 ac
2553 1342 2789 1415 periculi
2834 1341 3159 1403 immunem,
3220 1334 3513 1389 dimissum

1942 1453 2084 1493 esse.

2019 1530 2142 1584 173.
2177 1529 2305 1585 Haec
2334 1530 2410 1584 ita
2437 1536 2503 1583 ut
2531 1527 2749 1583 viderat
2797 1526 3087 1596 discipulis
3133 1526 3380 1581 narravit
3413 1524 3519 1595 Sy-

1944 1636 2146 1688 meon;
2198 1620 2401 1676 deinde
2451 1620 2641 1685 etiam,
2680 1618 2820 1689 quid
2872 1617 2977 1673 sibi
3015 1625 3229 1673 ostenta
3287 1616 3515 1680 vellent,

275 1713 516 1784 ἐπεξῄει,
549 1712 624 1774 ὡς
654 1712 762 1780 ἄρα
801 1710 1028 1781 φοϐερὸς
1071 1709 1349 1763 ἐλεύσεται
1383 1708 1586 1778 ἄρχων,
1623 1709 1717 1760 καὶ
1746 1707 1843 1771 τὰς

1946 1714 2262 1783 explicavit.
2339 1712 2626 1779 Quomodo
2675 1726 2877 1781 nempe
2941 1709 3208 1765 terribilis
3258 1709 3517 1779 princeps

282 1799 535 1862 ἀσεϐείας
556 1798 736 1851 αὐτῶν
767 1798 997 1867 ἐλέγξει,
1028 1797 1136 1851 τῶν
1162 1794 1222 1850 ’δὲ
1254 1798 1349 1851 καὶ
1379 1797 1607 1851 θανάτου
1641 1796 1842 1866 τρόπον

281 1892 632 1946 καταδικάσει
668 1891 996 1962 βαρύτατον.
1033 1889 1204 1945 Τοῦτο
1249 1892 1359 1962 γάρ
1393 1890 1660 1960 ἑπόμενος
1700 1889 1841 1942 ὑπο-

279 1985 455 2054 φαίνει
480 1985 509 2037 6
545 1984 837 2055 Ἰορδάνης,
864 1983 948 2037 ὅτι
971 1985 1151 2039 πᾶσαν
1178 1983 1356 2037 αὐτῶν
1397 1981 1691 2035 καταδύσει
1719 1982 1840 2035 θεο-

281 2076 499 2146 μαχίαν,
531 2074 721 2146 ὥσπερ
749 2076 778 2127 ό
807 2075 1320 2144 ἀνακαλυπτόμενος
1365 2075 1696 2145 παράδεισος
1741 2073 1842 2126 πάι

275 2163 379 2230 λιν,
416 2166 512 2228 τὰς
542 2164 756 2234 ἀγαθὰς
804 2164 913 2218 τῶν
949 2164 1176 2218 δικαίων
1224 2161 1576 2217 ὑποδείκνυσι
1618 2164 1841 2235 ποιρῤη-

281 2259 668 2329 σιασθήσεσθαι
723 2256 970 2328 πράξεις.
1026 2256 1099 2309 Τὸ
1192 2255 1375 2326 μέντοι
1447 2253 1844 2325 περιαγόμενον

275 2349 483 2419 θηρίον,
509 2350 542 2416 ὴ
575 2346 666 2401 τοῦ
712 2346 958 2400 διαϐόλου
988 2347 1054 2400 ἂν
1085 2346 1174 2416 εἴη
1195 2347 1393 2416 πλάνη,
1419 2344 1486 2417 ἢν
1516 2346 1566 2398 οι
1625 2344 1844 2411 μάταιοι

275 2442 368 2495 ἐπὶ
398 2444 510 2503 τοῖς
543 2440 778 2503 εἰδώλοις
800 2439 1196 2509 πεπλάνηνται,
1227 2439 1261 2510 η
1300 2443 1395 2493 καὶ
1421 2438 1847 2508 δημοσιευθεῖσα

272 2534 575 2603 οἰχήσεται,
606 2531 946 2586 λανθάνουσα
978 2530 1048 2583 τὰ
1089 2530 1262 2584 πολλὰ
1286 2531 1426 2594 τέως
1469 2530 1566 2585 καὶ
1599 2544 1842 2601 κρυπτο-

277 2625 434 2695 μένη.
472 2623 825 2695 Παρεδήλωσε
865 2622 922 2675 δὲ
954 2629 1049 2676 καὶ
1078 2622 1156 2692 τῷ
1184 2623 1265 2684 είς
1303 2621 1549 2686 ἐξέτασιν
1597 2604 1704 2692 πρὸ
1746 2618 1844 2675 τοῦ

281 2717 537 2785 ἄρχοντος
577 2713 913 2784 παρεστάναι
957 2713 1197 2783 φανέντι,
1229 2710 1566 2780 φυλάξασθαι
1610 2710 1709 2774 τὰς
1736 2709 1848 2764 τῶν

241 2836 249 2844 ’
278 2805 495 2872 φαύλων
524 2805 756 2874 ὁμιλίας,
794 2804 972 2875 ἑαυτῷ
1003 2805 1097 2857 τοῦ
1130 2804 1320 2857 λοιποῦ
1343 2805 1433 2856 ἐπὶ
1463 2803 1625 2857 πλέον
1677 2820 1850 2874 προσ-

280 2901 493 2966 σχόντα.
529 2899 686 2968 Ἄρτι
717 2898 813 2967 μὲν
841 2893 935 2951 οὖν
969 2897 1144 2950 ταῦτα
1173 2899 1201 2950 ό
1232 2895 1458 2966 Συμεὼν
1485 2898 1806 2967 προειρήκει
1831 2911 1847 2926 ·

273 2988 509 3041 οῡπωδὲ
534 2987 792 3056 τέταρτος
830 2984 1074 3057 παρῆλθε
1111 2983 1313 3053 μεταξὺ
1347 2982 1476 3053 μὴν,
1512 2981 1606 3035 καί
1633 2997 1717 3043 τις
1744 2996 1844 3051 με-

1941 1815 2236 1870 venturus,
2274 1813 2685 1875 arguturusque
2729 1802 2854 1857 illos
2916 1800 3238 1872 impietatis,
3299 1800 3517 1868 aliquos

1941 1896 2106 1951 etiam
2133 1895 2298 1950 morti
2339 1895 2651 1950 saevissimas
2678 1893 3008 1948 addicturus
3034 1899 3201 1946 esset.
3241 1891 3375 1945 Nam
3399 1890 3519 1945 Jor-

1943 1987 2110 2041 danes
2133 1986 2231 2056 qui
2267 1985 2623 2056 sequebatur,
2664 1990 3049 2056 praemonstrat
3082 1981 3198 2036 fore
3229 1990 3290 2036 ut
3331 1979 3523 2034 omnis.

1944 2075 2161 2147 illorum
2193 2084 2383 2131 contra
2408 2077 2585 2131 Deum
2610 2075 2865 2144 impietas
2897 2087 2967 2128 ac
3012 2071 3242 2127 rebellio
3294 2070 3517 2140 penitus

1944 2166 2306 2234 obrueretur;
2339 2166 2431 2237 qui
2461 2181 2594 2222 vero
2621 2164 2982 2236 detegebatur
3002 2162 3317 2232 paradisus,
3368 2159 3516 2230 quod

1944 2254 2243 2323 proborum
2267 2261 2416 2308 recte
2438 2252 2581 2308 facta
2614 2251 2795 2323 palam
2826 2265 2892 2305 ac
2940 2249 3118 2303 libere
3167 2246 3513 2318 praedicanda

1944 2352 2152 2399 essent.
2203 2343 2338 2410 Qua:
2367 2352 2561 2399 autem
2612 2340 3106 2398 circumferebatur
3154 2338 3360 2405 bellua,
3396 2336 3514 2391 dia-

1945 2442 2059 2498 boli
2088 2442 2363 2498 fallaciam
2395 2453 2561 2513 atque
2588 2443 2949 2513 imposturam
2984 2455 3110 2497 esse
3157 2438 3362 2503 aiebat,
3417 2450 3516 2507 per

1946 2543 2113 2602 quam
2137 2531 2260 2585 vani
2282 2532 2558 2597 homines,
2586 2532 2643 2586 in
2672 2532 2834 2587 idolis
2876 2546 3030 2602 spem
3062 2538 3356 2601 ponentes,
3412 2529 3516 2584 cir-

1947 2618 2440 2676 cumveniebantur
2467 2635 2736 2693 ;quaeque
2750 2637 2817 2678 eo
2840 2637 3015 2692 usque
3040 2630 3101 2677 ut
3120 2621 3422 2693 plurimum
3441 2620 3517 2674 la-

1949 2710 2136 2777 titans,
2193 2710 2416 2768 tandem
2460 2712 2522 2767 in
2571 2713 2753 2769 lucem
2806 2712 3078 2784 producta
3132 2719 3515 2768 evanesceret.

1948 2800 2218 2857 lndicavit
2254 2804 2420 2858 etiam
2454 2819 2555 2875 per
2578 2820 2730 2872 eum,
2765 2803 2861 2874 qui
2883 2804 2951 2859 ad
2977 2802 3337 2873 quaestionem
3368 2799 3517 2856 acci-

1951 2884 2040 2950 tus
2068 2903 2247 2949 astare
2264 2893 2509 2967 principi
2541 2892 2833 2952 videbatur
2854 2896 3073 2952 moneri
3113 2911 3193 2961 se,
3227 2902 3290 2948 ut
3333 2893 3388 2949 in
3417 2908 3517 2964 po-

1951 2996 2159 3042 sterum
2192 3003 2226 3042 a
2257 3003 2553 3059 pravorum
2582 2988 2844 3060 alloquiis
2863 3004 2922 3046 se
2953 2988 3279 3051 custodiret,
3298 2986 3519 3057 sibique

274 3077 448 3147 γά>.ην
469 3078 549 3140 είς
597 3074 666 3128 τὰ
714 3075 847 3144 πρὸς
891 3074 966 3126 ἕω
1009 3072 1189 3125 λαϐὼν
1236 3071 1431 3141 ἀρχὴν,
1452 3069 1715 3141 ἐπεδήμει
1771 3072 1840 3140 τῇ

1946 3057 2665 3137 ειιιιιίοενίιιεγειιεηάεηᾰιιῐη
2687 3057 2812 3138 esse
2838 3083 3024 3137 sciret.
3044 3082 3113 3137 Et
3136 3090 3267 3137 tunc
3289 3080 3516 3152 quidem

288 3167 584 3237 Ἀντιόχου,
652 3165 936 3235 Ἀμᾶντιος
985 3165 1193 3234 ὄνομα,
1250 3164 1386 3232 ἀνὴρ
1451 3163 1796 3227 παιδευτικδς
1826 3204 1840 3227 ,

272 3258 521 3329 ἀρχικὸς,
563 3256 808 3326 λογισμῷ
843 3256 1140 3325 χρώμενος,
1169 3254 1417 3325 άρῤεπὴς
1458 3254 1558 3324 τὴν
1592 3253 1842 3325 γνώμην,

271 3350 558 3421 ἐλεύθερος
585 3351 684 3419 τὴν
711 3347 910 3418 ψυχὴν,
937 3346 1101 3416 ζυγοῦ
1130 3347 1258 3415 περὶ
1285 3345 1346 3399 τὸ
1373 3343 1833 3416 δίκαιον’όικριϐ.έΔ

273 3459 488 3512 στερος,
527 3441 763 3494 τοσαῦτα
803 3439 979 3511 ζηλῶν
1020 3439 1160 3510 ὑπὲρ
1184 3438 1405 3510 ἀρετῆς,
1439 3438 1538 3491 ὅσα
1579 3437 1675 3491 καὶ
1706 3436 1848 3490 κατὰ

270 3535 375 3605 τῆς
415 3535 631 3598 κακίας,
668 3536 760 3587 καὶ
788 3537 867 3596 είς
894 3534 1060 3602 ἄκρον
1092 3532 1357 3602 ἑκάτεραι
1392 3529 1449 3594 δς
1489 3530 1581 3582 καὶ
1610 3530 1717 3599 πρὸ
1749 3528 1842 3582 τοῦ

272 3630 375 3697 τὴν
414 3627 686 3696 Ἀντιόχου
716 3625 1066 3690 καταλαϐεῖν,
1091 3625 1272 3679 πᾶσαν
1286 3623 1365 3688 ὡς
1390 3621 1501 3676 οἷόν
1525 3639 1585 3675 τε
1607 3637 1846 3691 κακουρ-

269 3718 404 3790 γίαν
449 3720 719 3791 περιεῖλεν
752 3717 855 3771 ἀνὰ
892 3717 991 3787 τὴν
1031 3716 1147 3768 Ἕω
1171 3731 1185 3746 ·
1220 3715 1533 3785 τομωτέραν
1564 3712 1702 3766 κατὰ
1741 3712 1847 3765 τῶν

270 3810 532 3864 τοιούτων
588 3809 687 3880 τὴν
748 3809 1020 3880 μάχαιραν
1080 3807 1301 3874 ἐπάγων
1363 3805 1457 3858 τοῦ
1517 3803 1846 3874 ἀξιώματος,

269 3901 419 3951 ὥστε
459 3900 685 3952 δεδιέναι
725 3899 932 3959 πάντας
980 3897 1074 3949 καὶ
1111 3897 1332 3966 τρέμειν
1373 3896 1510 3965 πρὸς
1546 3895 1646 3965 τὴν
1679 3894 1846 3948 αὐτοῦ

275 3990 604 4062 παρουσίαν,
652 3990 712 4042 οὐ
789 3988 1024 4057 φαύλους
1078 3987 1259 4057 μόνον,
1319 3984 1438 4039 οὐδὲ
1489 3985 1850 4058 κακούργους,

273 4082 414 4135 αλλὰ
444 4083 538 4135 καὶ
566 4075 643 4143 οἷς
669 4081 730 4134 τὸ
758 4081 999 4143 ἐπιεικὲς
1024 4081 1053 4132 ὁ
1081 4079 1194 4150 βίος
1227 4079 1362 4133 πολὺ
1407 4081 1503 4134 καὶ
1543 4080 1603 4134 τὸ
1635 4080 1854 4150 μέτριον

274 4168 414 4242 εἶχε.
453 4173 704 4242 Τοσαύτη
751 4189 834 4235 τις
874 4168 943 4242 ἦν
984 4173 1083 4242 τῆς
1120 4171 1423 4243 παρουσίας
1464 4169 1559 4225 τοῦ
1600 4171 1792 4243 ἀνδρὸς
1818 4173 1852 4242 ἠ

275 4262 638 4330 κατάπληξις.

1942 3170 2131 3226 ἱειιιαξο
2162 3170 2604 3241 prmdicebantur
2628 3188 2659 3228 a
2678 3172 2983 3245 Symeone:
3030 3187 3137 3229 nec
3185 3173 3519 3229 intercesse-

1940 3274 2076 3316 runt
2104 3278 2322 3318 menses
2346 3273 2604 3334 quatuor,
2651 3280 2776 3320 cum
2804 3266 3029 3337 quidam
3088 3266 3378 3320 Amantius
3416 3279 3519 3320 no-

1942 3350 2090 3406 mine
2125 3351 2255 3423 (45),
2288 3368 2389 3422 per
2410 3352 2695 3409 Orientem
2730 3369 2929 3425 magno
2970 3361 3240 3424 occupato
3263 3353 3517 3424 imperio.

1944 3441 2291 3500 Antiochiam
2344 3447 2599 3501 accessit.
2651 3447 2743 3503 Vir
2797 3456 2916 3502 erat
2975 3447 3300 3510 litteratus,
3358 3454 3522 3516 aptus

1952 3532 2207 3602 imperio,
2240 3535 2529 3591 ratiocinio
2552 3536 2784 3604 pollens,
2811 3544 3068 3592 constans
3107 3536 3314 3600 animo,
3334 3544 3522 3592 mente

1950 3627 2112 3695 liber,
2149 3629 2377 3700 iustitia:
2400 3631 2458 3685 in
2492 3631 2686 3701 primis
2720 3630 3036 3698 studiosus;
3078 3632 3173 3701 qui
3228 3639 3381 3684 tanto
3420 3645 3523 3701 pro

1951 3721 2178 3785 virtute,
2219 3732 2425 3792 quanto
2450 3731 2648 3778 contra
2668 3723 3021 3793 iniquitatem
3054 3724 3194 3787 zelo,
3228 3722 3522 3793 utrobique

1953 3824 2191 3873 summo,
2241 3809 2539 3880 agebatur:
2570 3811 2666 3880 qui
2711 3813 2866 3882 prius
2893 3811 3059 3867 etiam
3103 3825 3266 3879 quam
3308 3809 3525 3865 veniret

1952 3899 2324 3961 Antiochiam,
2380 3916 2598 3956 omnem
2652 3910 2924 3972 quantum
2987 3901 3170 3971 potuit
3218 3901 3522 3970 nequitiam

1950 4007 2050 4062 per
2083 3990 2362 4047 Orientem
2426 3991 2747 4057 sustulerat,
2803 3992 3042 4047 acutiori
3083 3993 3249 4046 etiam
3298 3991 3357 4046 in
3401 3991 3526 4047 illos

1951 4082 2147 4137 stricto
2169 4081 2372 4152 gladio,
2409 4082 2507 4152 qui
2557 4091 2715 4137 erant
2760 4081 2817 4136 in
2872 4081 3143 4152 dignitate
3196 4081 3522 4147 constituti;

1952 4174 2033 4229 sic
2059 4183 2120 4228 ut
2144 4175 2434 4230 universos
2474 4175 2639 4230 timor
2681 4190 2746 4230 ac
2797 4182 3006 4229 tremor
3048 4174 3358 4241 invaderet,
3404 4175 3526 4245 ipso

1952 4264 2322 4320 adventante:
2380 4280 2484 4320 nec
2516 4265 2695 4320 solum
2750 4264 2912 4320 nihili
2957 4264 3210 4320 homines
3244 4278 3309 4319 ac
3353 4264 3526 4318 male-

276 4356 411 4414 voli.
443 4356 538 4410 sed
565 4356 601 4411 ii
628 4370 869 4427 quoque,
895 4373 1135 4427 quorum
1169 4357 1280 4413 vita
1320 4371 1444 4412 cum
1478 4355 1753 4428 probitate
1818 4371 1885 4413 ac
1920 4357 2084 4414 bonis
2113 4357 2363 4413 moribus
2390 4358 2689 4431 conjuncta
2750 4363 2892 4424 erat,
2922 4354 3365 4422 reiormidarent,
3389 4355 3543 4410 adeo

277 4449 555 4506 terribilis
581 4458 703 4503 erat
731 4448 853 4518 ejus
882 4450 1196 4519 praesentia.

354 4541 479 4612 ροδ’.
508 4531 676 4600 Οὗτος
702 4537 927 4601 πολλοὺς
948 4539 1050 4592 ἀνα
1074 4538 1173 4609 τὴν
1210 4537 1481 4609 Ἀντιόχου
1516 4538 1625 4593 τῶν
1662 4538 1843 4610 Ἐλλη-

2026 4538 2145 4594 176.
2177 4537 2277 4595 Hic
2305 4539 2508 4594 multos
2537 4539 2825 4610 gentilium
2857 4549 2914 4595 et
2935 4538 3227 4601 atheorum
3258 4541 3530 4597 siderum-

281 4631 483 4687 νιστῶν
511 4631 604 4684 καὶ
630 4631 828 4693 ἀθέων,
845 4630 954 4683 τῶν
977 4647 1036 4682 τε
1062 4629 1276 4701 περὶτὰ
1300 4630 1556 4701 σχήματα
1574 4628 1685 4686 τῶν
1703 4630 1843 4685 ἀστό-

1958 4646 2066 4702 que
2097 4632 2413 4701 aspectibus
2441 4640 2499 4687 et
2527 4632 3013 4703 coniunctionibus
3044 4635 3396 4704 speculandis
3431 4632 3530 4689 de-

283 4742 393 4795 ρων
425 4723 518 4778 καὶ
538 4724 635 4786 τὰς
659 4721 862 4785 πλοκὰς
883 4722 1210 4793 κεχηνότων,
1233 4721 1377 4791 ἅπερ
1397 4723 1580 4787 αὐτοῖς
1600 4722 1743 4781 κατὰ
1762 4724 1843 4794 τῆς

1959 4720 2225 4787 ditorum,
2260 4737 2326 4777 ac
2361 4722 2532 4776 multa
2563 4721 2691 4777 inde
2723 4729 2916 4777 contra
2946 4722 3356 4778 Providentiam
3384 4722 3530 4777 divi-

277 4819 541 4886 προνοίας
585 4815 919 4885 ὲπινενόητο,
973 4814 1299 4868 καὶτούτων
1328 4815 1442 4869 ὅσοι
1490 4815 1843 4888 διαφερόντως

1954 4829 2083 4869 nam
2111 4815 2502 4879 astruentium,
2538 4814 2844 4884 praesertim
2890 4815 3241 4879 illustriores,
3283 4814 3528 4877 studiose

277 4910 392 4963 τῶν
448 4908 624 4964 ἄλλων
676 4907 1084 4985 ἐπισημότεροι,
1137 4904 1379 4977 ἀνευρὼν
1423 4906 1728 4975 φιλοπόνως
1762 4906 1843 4961 κατ

1956 4904 2295 4975 conquisitos
2346 4906 2853 4976 comprehendebat
2907 4906 3403 4976 compingehatque
3457 4890 3529 4961 in

282 4997 700 5068 συλλαϐόμενος,
722 4997 816 5049 καὶ
847 4996 1043 5058 αὐτοὺς
1076 4995 1175 5063 μὲν
1204 4997 1283 5058 είς
1311 4996 1663 5069 δεσμωτήρια
1691 5014 1843 5051 κατα

1956 5012 2232 5053 carcerem
2266 5014 2280 5052 :
2312 4999 2481 5054 libros
2529 5007 2712 5054 autem
2761 4999 2978 5053 illorum
3023 5013 3235 5064 omnes,
3291 5013 3360 5053 ex
3408 4999 3531 5069 qui-

280 5087 527 5153 κλείσας,
558 5086 736 5149 πάσας
768 5084 825 5138 δὲ
870 5085 969 5149 τὰς
998 5085 1179 5138 αὐτῶν
1211 5084 1447 5155 βίϐλους,
1488 5085 1548 5151 ἐξ
1585 5080 1662 5140 ὧν
1710 5086 1843 5140 ὲκεί-

1957 5088 2061 5144 bus
2081 5089 2215 5144 falsa
2241 5090 2512 5159 sapientia
2534 5098 2592 5145 et
2611 5105 2766 5145 novae
2791 5098 2983 5147 contra
3004 5088 3296 5144 veritatem
3316 5088 3531 5160 opinio.

359 5242 469 5311 (45)
493 5240 544 5295 Is
570 5258 673 5295 non
702 5240 861 5305 alius,
894 5240 1069 5311 credo,
1096 5240 1273 5309 fuerit,
1300 5256 1459 5311 quam
1480 5240 1543 5294 de
1567 5255 1668 5311 quo
1693 5240 1859 5295 Theo-

321 5310 483 5365 Iumes
542 5313 610 5364 ad
653 5327 853 5364 annum
901 5310 1303 5366 29’Justint'ani
1333 5310 1462 5379 imp.
1518 5313 1613 5363 hoc
1657 5312 1809 5364 modo
1836 5327 1854 5364 :

321 5329 483 5365 tumes
542 5329 609 5364 aa
653 5329 853 5364 annum
901 5329 970 5366 zu
1009 5329 1302 5364 Jusumam
1333 5329 1462 5379 ιπιρ.
1518 5329 1613 5363 noc
1657 5329 1809 5364 moao
1836 5329 1854 5364 :

278 5329 851 5449 f’rzecepitAmantio,
884 5382 1091 5434 militiae
1124 5381 1406 5449 magistro,
1427 5382 1481 5433 in
1515 5380 1855 5435 Palmstinam

281 5451 454 5505 mis-3n
472 5453 541 5504 de
568 5451 831 5519 Stephani
858 5452 1004 5505 caede
1029 5452 1308 5519 inquirere

1967 5241 2081 5307 dio,
2107 5242 2245 5297 alios
2261 5244 2458 5314 capitis
2488 5245 2850 5305 abscissione.
2872 5245 3217 5302 truncatione
3255 5243 3531 5302 membro-

1960 5327 2082 5385 rum
2116 5315 2432 5385 nonnullos.
2496 5316 2790 5385 plerosque
2841 5315 3161 5372 facultatum
3231 5316 3530 5370 amissione

1956 5383 2229 5454 multavit.
2283 5384 2360 5437 Ex
2413 5399 2525 5451 quo
2545 5383 2726 5439 metus
2782 5385 2975 5454 ingens
3013 5387 3066 5438 in
3094 5392 3280 5454 partes
3335 5399 3530 5454 omnes

1953 5449 2264 5525 Orientales
2290 5449 2589 5525 incubuit.
2628 5454 2765 5508 Hinc
2797 5449 2957 5524 porro
3007 5449 3282 5525 colligitur
3325 5453 3525 5513 omnia,

281 5534 392 5573 rea:
417 5518 692 5603 Praefectus
727 5532 882 5588 atque
919 5538 949 5573 ιι
981 5518 1644 5603 ιιιηιιιίιααηιίὸυελαςίιςίε
1674 5529 1721 5573 et
1748 5519 1851 5574 Sa-
1950 5535 2069 5589 qua:
2092 5520 2327 5603 ab‘initio
2350 5525 2540 5603 capitis
2570 5524 2640 5603 l3
2670 5526 2771 5577 huc
2798 5518 2985 5595 'nsque
3050 5518 3156 5596 perv
3174 5524 3240 5579 70
3283 5536 3529 5603 numeros

281 5587 651 5663 maritimam
681 5606 798 5663 cum
837 5605 1053 5642 numero
1085 5605 1189 5663 non
1211 5604 1375 5656 parvo
1404 5587 1847 5663 Christianorum,
1950 5587 2266 5663 narrantur,
2297 5587 2441 5646 intra
2491 5595 2649 5648 unius
2679 5603 2773 5649 aut
2817 5603 2874 5649 ut
2900 5587 3185 5648 'sumr'num
3223 5587 3529 5663 sesquinnni

279 5658 634 5728 interfectust,
675 5660 768 5728 qui
790 5675 929 5728 quos
962 5659 1395 5728 reperitsontes,
1430 5660 1567 5714 alios
1616 5675 1847 5729 suspcn-
1947 5660 2118 5730 spatio
2143 5662 2406 5715 accidisse.

570 5753 820 5813 Parnm.
889 5751 1005 5812 Gn.
1055 5751 1150 5809 LX
1168 5749 1397 5812 XXVI.
3084 5757 3160 5816 93

1345 5449 1541 5518 (fuerat
1566 5450 1648 5503 hic
1674 5449 1854 5504 Cresa-
