4026 6292
549 302 611 368 31
621 300 692 365 47

1762 295 1818 355 S.
1862 292 2238 354 SYMEONIS
2274 293 2638 357 JUNIORIS

3645 286 3764 372 ius

548 429 648 469 nes
702 410 1194 482 depromebantur,
1238 408 1488 480 collegit;
1534 422 1715 489 neque
1775 409 1896 462 iilos
1940 408 2124 471 modo,

2236 424 2342 471 νοις
2387 408 2421 477 ή
2463 407 2763 478 ψευδομὲνη
2805 408 2967 478 σοφία
3011 410 3105 465 καὶ
3144 411 3205 463 τὸ
3249 410 3383 463 κατὰ
3418 411 3519 478 τῖς
3554 413 3768 484 ἀληθείας

547 505 641 559 sed
687 502 833 557 idola
859 502 1115 556 similiter
1153 500 1358 563 omnia,
1395 500 1448 553 in
1479 497 1681 567 quibus
1712 506 1969 566 tanquam
2016 496 2124 551 diis

549 609 649 648 con
660 593 900 648 lidebant
930 610 944 647 :
968 593 1259 661 Argentum
1289 592 1480 661 quippe
1498 605 1653 642 suum
1677 601 1729 645 et
1755 605 1948 678 auru‘m
1968 604 2122 642 suum

551 686 784 754 fecerunt
808 685 906 740 sibi
933 683 1077 739 idola
1102 684 1166 736 ”.
1208 683 1276 736 Et
1311 701 1323 736 :
1359 684 1727 737 A'doraverunt
1755 698 1816 735 ea
1849 699 1967 753 qua:
1990 683 2124 752 fece-

552 785 675 831 rant
696 778 845 848 digiti
874 778 1108 847 ipsorum
1134 775 1199 840 ³³,
1232 782 1294 828 ιιι
1323 791 1448 829 cum
1472 775 1610 830 Osca
1640 784 1804 844 atque
1842 775 1981 829 Isaia
2003 790 2127 843 pro-

554 870 737 939 phetis
768 870 980 938 loquar.
1018 868 1086 922 Et
1122 882 1189 921 ex
1232 867 1391 921 libris
1427 867 1648 937 quidem
1696 882 1808 921 non
1852 868 2122 921 modicam

551 960 812 1014 excitavit
846 959 1140 1022 ﬂammam,
1181 957 1366 1012 medio
1395 958 1514 1013 foro
1546 959 1600 1012 in
1642 959 1823 1028 ignem
1871 957 2121 1028 injectis;

554 1052 824 1105 idolorum
860 1066 992 1103 vero
1023 1049 1404 1119 impotentiam
1432 1065 1497 1104 ac
1528 1050 1963 1104 imbecillitatem
2010 1065 2124 1104 ma-

554 1144 750 1197 nifeste
785 1141 1202 1208 demonstravit,
1241 1141 1628 1211 suspendendo
1662 1142 1752 1196 illa
1784 1142 1838 1195 in
1867 1143 2124 1213 compitis

553 1250 612 1287 ac
654 1233 869 1302 plateis,
901 1232 1352 1303 ostendendoque
1376 1232 1516 1285 nihil
1547 1240 1673 1286 esse‘
1699 1220 1933 1301 amplius
1956 1247 2121 1301 quam

552 1325 696 1394 quod
726 1325 1004 1387 videntur,
1031 1339 1200 1397 opera
1233 1339 1495 1378 manuum
1519 1332 1576 1378 et
1600 1324 1766 1390 artis;
1800 1324 1941 1379 nihil
1972 1324 2122 1379 aliud

550 1432 711 1486 quam
739 1416 881 1486 quod
914 1432 1034 1471 esse
1063 1416 1178 1486 ipsa
1203 1417 1397 1471 volunt
1419 1414 1681 1480 artiﬁces,
1712 1424 1772 1469 ut
1793 1415 1976 1470 denuo
1995 1432 2125 1471 ver-

552 1506 635 1559 bis
668 1505 1063 1576 prophetarum
1092 1514 1236 1559 utar.
1270 1505 1460 1560 Stabat
1490 1520 1709 1575 quoque
1740 1505 1852 1570 ille,
1887 1507 1981 1576 qui
2009 1508 2121 1577 jam

554 1593 761 1662 pridem
786 1592 1042 1664 Symeoni
1072 1594 1127 1648 in
1149 1593 1364 1649 visione
1389 1603 1740 1664 apparuerat,
1762 1609 1947 1649 coram
1971 1595 2125 1666 prin-

552 1684 673 1754 cipe
724 1685 778 1739 in
821 1684 1179 1754 qumstionem
1212 1693 1439 1739 vocatus
1481 1702 1494 1737 :
1530 1684 1625 1739 sed
1672 1686 1973 1741 monachus
2000 1687 2123 1757 qui-

2229 499 2622 565 νεανιεύεσθαι,
2646 500 2707 553 οὐ
2741 499 2848 571 μὴν
2871 500 3008 555 ἀλλὰ
3031 502 3124 555 καὶ
3153 502 3220 555 τὰ
3247 502 3441 554 εἴδωλα
3468 503 3646 557 πάντα
3675 524 3771 560 συν-

2230 590 2473 659 αγαγὼν,
2506 587 2587 655 οἷς
2631 593 2729 643 ὅσα
2771 593 2864 646 καὶ
2910 594 3051 656 Θεοῖς
3084 593 3450 649 ἐπεποίθεσαν
3497 594 3596 663 (Τὸ
3627 597 3772 667 ἀρτύν

2221 701 2359 752 pter
2387 685 2495 753 γὰρ
2528 684 2727 739 αὐτῶν
2761 685 2858 739 καὶ
2898 689 2963 739 τὸ
2992 688 3249 755 χρυσίον
3276 687 3481 742 αὐτῶν
3517 690 3774 757 ἐποίησαν

2229 775 2466 853 ἑαυτοῖς
2494 775 2734 839 εἴδωλα,
2767 776 2864 828 καὶ
2895 779 3364 844 προσεκύνησαν
3391 774 3491 845 οἷς
3516 779 3776 847 ἐποίησαν

2229 867 2282 918 οἱ
2308 862 2594 918 δάκτυλοι
2620 863 2841 931 αὐτῶν,
2870 866 2957 919 ἵνα
2985 867 3078 920 καὶ
3114 866 3271 938 Ὠσηὲ
3305 869 3425 936 ἅμα
3452 870 3550 921 καὶ
3586 871 3776 923 Ἡσαΐαν

2230 955 2337 1026 ἔχω
2376 956 2941 1027 συμφθεγγομένους),
2975 958 3082 1010 τῶν
3138 958 3237 1029 μὲν
3293 959 3354 1011 οὐ
3404 960 3618 1030 μικρὰν
3664 964 3777 1033 αἴρει

2230 1048 2424 1115 φλόγα,
2478 1047 2591 1118 πῦρ
2647 1047 2786 1100 κατὰ
2834 1048 3007 1118 μέσην
3045 1049 3250 1118 ἀγορὰν
3285 1050 3477 1113 αὐτοῖς
3518 1051 3773 1121 ἐμϐαλών·

2202 1142 2338 1194 ¹τῶν
2385 1141 2443 1194 δὲ
2501 1142 2816 1213 δημοσιεύει
2863 1144 3110 1215 φανερῶς
3171 1144 3272 1213 τὴν
3319 1145 3632 1209 ἀσθένειαν,
3684 1150 3777 1200 κατ’

2228 1234 2488 1302 ἁμφόδων
2531 1235 2624 1287 καὶ
2665 1234 2937 1288 πλατειῶν
2982 1237 3265 1307 κρεμάσας
3294 1239 3459 1300 αὐτὰ,
3494 1239 3590 1291 καὶ
3629 1239 3775 1303 δείξεις

2235 1319 2403 1389 μηδὲν
2458 1318 2619 1371 πλέον
2658 1318 2787 1373 ὄντα
2831 1320 2939 1373 τῶν
2976 1322 3294 1393 ὁρωμένων,
3330 1327 3475 1383 ἀλλὰ
3514 1326 3656 1382 τοῦτ’
3685 1333 3786 1385 αὐτὸ

2230 1410 2431 1481 χειρῶν
2468 1409 2608 1480 ἔργα
2635 1410 2730 1465 καὶ
2777 1412 2995 1483 τέχνης,
3028 1415 3193 1469 οὐδὲν
3216 1417 3366 1481 ἄλλο,
3405 1420 3439 1489 ἢ
3472 1420 3503 1474 ὃ
3543 1422 3783 1493 βούλονται

2229 1504 2277 1555 οἱ
2315 1504 2553 1571 τεχνῖται
2599 1503 2738 1558 αὐτὰ
2785 1507 3060 1573 γενέσθαι,
3108 1510 3194 1562 ἵνα
3228 1514 3341 1572 τοῖς
3387 1513 3503 1565 τῶν
3529 1516 3784 1586 προφητῶν

2230 1591 2326 1682 καὶ
2370 1592 2463 1645 νῦν
2509 1594 2803 1665 χρήσωμαι
2853 1594 3097 1671 [λόγοις].
3138 1600 3399 1673 Είστήκει
3439 1605 3500 1659 δὲ
3555 1609 3648 1661 καὶ
3682 1611 3783 1682 όεῷ

2243 1680 2408 1751 Ἀγίῳ
2432 1684 2623 1756 πρώην
2653 1687 2739 1741 διὰ
2761 1688 2994 1761 θεωρίας
3027 1692 3234 1762 ὀφθεὶς,
3280 1697 3387 1767 πρὸ
3430 1699 3531 1752 τοῦ
3563 1680 3783 1772 ἄρχοντῴ

552 1777 712 1840 dam,
766 1776 1063 1831 admodum
1118 1775 1376 1846 Symeoni
1428 1776 1660 1840 similis,
1724 1777 1903 1847 ipsum
1957 1793 2125 1833 manu

2236 1776 2310 1838 είς
2341 1773 2610 1842 ἐξέτασιν,
2644 1780 2876 1850 μοναχὸς
2904 1781 2960 1834 δέ
2980 1802 3086 1847 τις,
3121 1785 3200 1854 τῷ
3239 1788 3473 1857 Συμεὼν
3524 1767 3782 1863 προσεικα-

554 1867 916 1937 apprehensa,
970 1866 1195 1923 instanti
1224 1866 1433 1936 judicio
1462 1867 1691 1936 eripuit,
1721 1867 1965 1938 principe
2014 1869 2129 1924 cle-

555 1967 767 2015 menter
807 1958 1012 2013 factum
1047 1957 1281 2013 ferente.

628 2183 749 2238 175.
787 2178 1004 2235 Accidit
1047 2194 1146 2249 per
1191 2176 1334 2233 idem
1365 2187 1599 2247 tempus,
1644 2190 1837 2230 eorum
1871 2175 1965 2245 qui
2004 2174 2131 2230 istic

557 2284 687 2331 sunt
726 2272 1106 2329 mendicorum
1139 2269 1432 2340 quemdam
1498 2268 1565 2323 ad
1601 2267 1926 2339 Symeonem
1975 2283 2132 2323 acce-

558 2369 709 2432 dere,
754 2373 919 2435 atque
954 2380 1020 2419 ex
1054 2363 1227 2434 ipsius
1268 2371 1417 2417 terra
1458 2359 1666 2432 aliquid
1718 2368 1996 2431 petentem
2042 2376 2133 2416 ac-

558 2461 782 2529 cipere,
841 2456 1191 2512 Antiochiam
1243 2454 1443 2509 deinde
1508 2454 1566 2508 in
1624 2453 1903 2524 tugurium
1968 2468 2130 2508 suum

560 2562 868 2613 reversum,
936 2543 1221 2600 offendere
1278 2543 1447 2598 alium
1481 2542 1775 2614 quemdam
1823 2541 2131 2597 vicinorum

561 2655 809 2703 suorum,
859 2646 916 2694 et
964 2638 1142 2708 ipsum
1192 2637 1529 2700 mendicum,
1562 2634 1797 2706 pedibus
1851 2632 2134 2687 manibus-

561 2748 667 2802 que
707 2730 938 2801 paralysi
978 2728 1139 2783 tactis
1195 2727 1653 2792 decumbentem;
1692 2724 1808 2795 qui,
1853 2724 1921 2779 ab
1961 2725 2133 2779 altero

562 2824 655 2878 illo
701 2821 927 2892 pulvere
969 2820 1081 2890 jam
1149 2817 1298 2872 dicto
1346 2832 1622 2887 aspersus,
1700 2814 1856 2868 visus
1904 2812 2009 2868 sibi
2050 2821 2135 2868 est

562 2914 751 2969 videre
814 2912 1143 2967 monachum
1195 2908 1510 2980 quemdam,
1561 2909 1720 2964 vultu
1763 2916 1929 2978 atque
1979 2922 2134 2962 coma

564 3005 820 3075 Symeoni
850 3002 1210 3072 persimilem,
1247 3002 1451 3072 jacenti
1485 3000 1590 3055 sibi
1616 3000 1988 3071 porrigentem
2021 3013 2135 3052 ma-

2232 1865 2449 1933 σμένος,
2500 1871 2619 1922 κατ’
2673 1871 2988 1941 ὀφθαλμοὺς
3038 1876 3259 1930 πάντων
3297 1879 3603 1951 λαϐόμενος
3650 1884 3783 1936 αὐτοῦ

2230 1957 2331 2027 τῆς
2376 1960 2578 2031 χειρὸς,
2613 1963 2847 2028 ἐξείλετο
2873 1969 2968 2036 τῆς
3002 1969 3301 2042 μελλούσης
3346 1976 3605 2048 εὐθύνης,
3630 1980 3783 2048 πράως

2230 2051 2324 2104 τοῦ
2358 2053 2618 2125 ἄρχοντος
2647 2056 2708 2109 τὸ
2739 2061 2962 2128 γεγονὶς
2992 2066 3330 2133 ἐνεγκόντος.

2304 2198 2426 2264 ροε’.
2472 2190 2718 2260 Ἐγένετο
2761 2191 2820 2245 δέ
2863 2207 2985 2245 τινα
3027 2190 3325 2261 τηνικαῦτα
3365 2191 3683 2263 προσαίτην,
3714 2189 3775 2259 τῷ

2232 2281 2362 2353 θείῳ
2391 2282 2615 2353 Συμεὼν
2647 2282 3031 2353 προσελθόντα,
3067 2284 3166 2353 τῆς
3193 2283 3403 2336 ἐκείνου
3435 2300 3497 2336 τε
3525 2285 3628 2351 γῆς
3654 2283 3778 2347 atri,-

2234 2393 2402 2429 σαντα
2444 2376 2537 2428 καὶ
2574 2374 2827 2437 λαϐόντα,
2862 2374 2944 2438 εἵς
2981 2391 3039 2427 τε
3078 2374 3176 2441 τὴν
3217 2374 3495 2445 Ἀντιόχου
3546 2374 3671 2446 πρὸς
3699 2372 3774 2440 τὴν

2232 2467 2440 2521 οἰκείαν
2472 2465 2626 2530 αὖθις
2655 2466 2894 2534 καλύϐην
2925 2464 3310 2531 ἐπανελθόντα,
3341 2467 3650 2535 παράλυτόν
3680 2480 3777 2516 τινα

2233 2560 2422 2629 χεῖρας
2450 2558 2543 2610 καὶ
2576 2558 2761 2623 πόδας,
2794 2558 3093 2629 προσαίτην
3124 2560 3219 2613 καὶ
3252 2560 3437 2623 αὐτὸν,
3469 2562 3533 2613 ὲκ
3557 2565 3772 2627 γειτόνων

2235 2647 2627 2718 κατακείμενον
2659 2646 2805 2717 ἔχειν
2826 2664 2839 2677 ·
2879 2647 2937 2701 ὃν
2979 2648 3147 2702 αὑτοῦ
3186 2649 3585 2720 φιλανθρώπως
3617 2646 3774 2714 ἐκείνῳ

2234 2739 2500 2808 χρίσαντα
2526 2738 2603 2807 τῷ
2630 2738 2734 2808 χοῒ,
2762 2739 2906 2803 ἐδοξὲ
2934 2756 3055 2793 τινα
3089 2739 3167 2810 τῷ
3198 2743 3523 2811 παρειμένῳ
3553 2739 3767 2810 μοναχὸν.

2234 2828 2473 2882 τοιοῦτον
2516 2825 2627 2892 οἷος
2677 2830 2706 2882 ό
2760 2828 2985 2899 Συμεὼν
3041 2830 3139 2899 τὴν
3192 2832 3314 2899 ὄψιν
3356 2833 3453 2885 καὶ
3480 2832 3576 2902 τὴν
3610 2831 3769 2898 κόμην,

2239 2919 2366 2973 ἰδεῖν
2399 2917 2663 2989 ὀρέξαντα
2708 2922 2870 2990 χεῖρα
2912 2922 3170 2993 κειμένῳ,
3219 2923 3314 2976 καὶ
3345 2922 3540 2995 ὥσπερ
3568 2925 3664 2977 ἀπὸ
3699 2938 3772 2973 κε-

2234 3010 2538 3080 λεύσματος
2587 3012 2748 3067 αὑτὸν
2791 3014 3175 3085 ἀναστήσαντα
3229 3017 3325 3068 καὶ
3363 3016 3694 3087 παραχρῆμα
3723 3010 3773 3079 (ὦ

566 3111 721 3161 ηυιη,
768 3111 833 3149 ac
859 3094 1029 3149 veluti
1053 3110 1120 3147 ex
1146 3093 1404 3147 mandato
1429 3093 1608 3162 ipsum
1634 3090 1937 3159 erigentem
1970 3098 2134 3158 atque

2238 3102 2357 3166 πῶς
2406 3120 2522 3171 σου,
2565 3104 2800 3174 Χριστὲ,
2848 3106 3066 3178 λαλήσω
3106 3107 3204 3170 τὰς
3237 3107 3619 3176 δυναστείαςς)
3648 3104 3773 3173 ὑγιὴς

565 3203 693 3243 ecce
739 3186 852 3256 (qui
883 3185 1131 3255 eloquar,
1173 3184 1428 3249 Domine,
1460 3182 1759 3253 potentiam
1792 3191 1941 3234 tuam
1960 3180 1998 3249 ἰ)
2029 3188 2135 3234 sta-

570 3280 663 3333 tim
710 3277 1041 3349 paralyticus
1069 3291 1233 3331 sanus
1268 3274 1501 3340 exstitit,
1526 3288 1787 3327 manuum
1823 3272 2134 3342 pedumque

566 3370 977 3441 expcditissimo
1021 3382 1127 3422 usu
1157 3375 1402 3436 recepto.

642 3502 765 3556 176.
802 3501 979 3557 Judex
1015 3512 1197 3555 autem
1222 3514 1322 3553 seu
1352 3496 1609 3568 princeps
1642 3495 1755 3561 ille,
1784 3495 1854 3551 de
1883 3511 1993 3565 quo
2019 3494 2138 3565 egi-

572 3610 694 3650 mus
741 3592 1115 3665 (progreditur
1147 3591 1292 3646 enim
1319 3589 1387 3645 ad
1436 3589 1647 3660 reliqua
1680 3588 1858 3645 oratio
1902 3590 2135 3657 nostra),

571 3703 673 3756 pro
727 3685 955 3755 justitiae
1007 3682 1267 3737 tribunali
1306 3697 1526 3736 rursum
1566 3680 1880 3747 considens,
1939 3679 2138 3735 vinctis

571 3774 885 3847 singulatim
911 3789 975 3829 ac
1007 3773 1258 3844 pluribus
1292 3773 1453 3828 simul
1481 3772 1598 3828 sisti
1624 3772 1812 3845 jussis,
1851 3772 1910 3827 in
1935 3786 2136 3826 unum-

571 3881 845 3942 quemque
873 3880 1064 3921 eorum
1100 3865 1519 3921 convenientem
1546 3879 1646 3935 pro
1674 3863 1886 3919 meritis
1920 3872 2142 3918 senten-

574 3962 702 4017 tiam
731 3956 1210 4014 condemnationis
1242 3956 1369 4012 tulit
1402 3973 1415 4009 :
1450 3970 1618 4009 unum
1645 3969 1797 4020 vero,
1839 3953 1989 4024 quod
2014 3968 2151 4023 gra~r

572 4057 726 4111 viora
784 4052 1126 4122 deliquisset,
1177 4051 1573 4120 seditionisque
1628 4048 1910 4119 popularis
1952 4059 2143 4104 auctor

575 4150 931 4215 incentorque
976 4143 1401 4198 novissimorum
1455 4142 1791 4196 tumultuum
1829 4139 2046 4204 fuisset,
2086 4139 2143 4194 in

574 4252 794 4293 carcere
826 4235 1146 4304 reliquerat,
1174 4232 1514 4305 gravissimis
1544 4229 1832 4285 tormentis
1862 4244 2145 4285 reservan-

572 4332 725 4387 dum.
756 4329 972 4385 lnterea
1015 4326 1320 4381 monachus
1366 4323 1591 4392 quidam
1646 4337 1877 4392 pauper,
1923 4321 2146 4392 Symeo-

576 4439 699 4477 nem
730 4417 1086 4483 conveniens,
1121 4417 1347 4486 injecta,
1378 4422 1441 4468 ut
1487 4413 1711 4476 assolet,
1743 4411 1946 4480 captivi
1997 4411 2135 4465 illius

2251 4417 2495 4485 μνήμης,
2542 4411 2630 4468 οἶα
2665 4417 2829 4482 φιλεῖ,
2868 4418 3190 4487 γενομένης,
3243 4417 3515 4489 ἐπηύχετο
3563 4414 3616 4471 εὖ
3659 4409 3768 4477 αὐτῷ
3806 4403 3810 4407 ’

576 4510 875 4597 mentione,
924 4506 1290 4577 precabantur
1322 4519 1646 4573 prosperum
1675 4503 1776 4567 illi,
1811 4503 1924 4556 Deo
1955 4502 2147 4571 propi-

576 4604 675 4669 tio,
722 4593 982 4656 eventum
1020 4617 1033 4652 :
1065 4597 1335 4663 Quoniam
1386 4595 1632 4665 precanti
1662 4595 1819 4659 mihi,
1852 4593 2051 4663 inquit,
2088 4593 2144 4647 in

573 4695 807 4753 ecclesia
855 4693 1035 4764 (cujus
1087 4705 1293 4745 nomen
1318 4704 1539 4760 quoque
1595 4687 1910 4760 adjiciebat)
1952 4687 2144 4752 astitit,

577 4800 630 4840 et
657 4801 782 4840 cum
810 4783 1098 4846 audiisset,
1121 4780 1257 4850 quid
1284 4788 1549 4850 peterem,
1568 4787 1777 4833 vestem
1806 4778 1947 4833 hanc
1977 4776 2150 4832 cilici-

580 4893 704 4931 nam
750 4875 972 4938 coemit,
1010 4873 1168 4943 cujus
1198 4886 1349 4926 eram
1395 4868 1666 4938 imprimis
1700 4876 1929 4938 urgente
1962 4880 2152 4921 neces-

579 4968 740 5020 sitate
777 4964 1014 5035 indigus.
1049 4963 1206 5017 Alius
1237 4975 1458 5032 quoque
1494 4960 1801 5025 mendicus,
1831 4958 1964 5012 mihi
1996 4972 2144 5020 vero,

581 5055 778 5125 inquit,
835 5070 932 5124 per
984 5054 1127 5107 viam
1164 5040 1480 5115 occurrens,
1528 5050 1794 5119 insignem
1845 5048 2040 5116 stipem
2080 5045 2148 5098 ad

582 5147 1035 5203 sustentationem
1052 5145 1279 5214 largitus
1292 5150 1399 5198 cst.
1416 5144 1656 5198 Rursum
1679 5140 1820 5194 alius
1836 5138 2118 5208 excipiens
2132 5154 2147 5196 ;

584 5241 727 5295 Idem
766 5232 879 5301 ille,
911 5237 1214 5306 inquiebat,
1254 5234 1515 5288 infantem
1558 5247 1587 5285 a
1624 5239 1798 5285 matre
1840 5230 2149 5299 expositum

583 5347 644 5387 ac
667 5331 974 5400 vagientem
1010 5327 1261 5391 sustulit;
1301 5340 1364 5379 ac
1395 5325 1585 5378 sedula
1619 5321 1978 5391 inquisitione
2033 5336 2151 5373 mu-

584 5425 794 5480 lierem,
834 5437 954 5490 qua:
1000 5435 1194 5474 recens
1246 5425 1555 5487 pepererat,
1617 5413 1923 5476 inveniens,
1973 5413 2153 5467 eidem

586 5514 894 5572 lactandum
933 5523 1096 5582 atque
1124 5509 1516 5565 enutriendum
1552 5507 1861 5570 conmisit;
1902 5506 2040 5560 duos
2084 5505 2153 5559 εἰς

657 5720 687 5727 ’·
740 5710 844 5758 Use
886 5720 996 5763 vui,
1028 5708 1078 5756 st.
1155 5702 1200 5732 ⁸³
1238 5704 1336 5754 isa.
1381 5718 1438 5764 ιι,
1488 5702 1538 5751 S.

2236 3195 2266 3249 ὁ
2296 3194 2606 3265 παράλυτος
2647 3190 2737 3266 ἦν,
2768 3197 2927 3250 ποσὶν
2964 3196 3102 3267 ὁμοῦ
3142 3198 3236 3250 καὶ
3267 3197 3459 3268 χερσὶν
3496 3195 3771 3267 ἐλευθερίως

2238 3285 2539 3359 χρώμενοςο

2314 3507 2454 3574 ρος⁹.
2499 3502 2559 3556 '0
2586 3502 2765 3573 μέντοι
2804 3503 3064 3575 δικαστής
3104 3504 3307 3576 (ἔχεται
3332 3506 3440 3579 γὰρ
3460 3506 3536 3561 ἔτι
3566 3506 3653 3576 τῆς
3672 3504 3770 3558 ἀκο-

2238 3595 2456 3659 λουθίας
2479 3596 2508 3648 ό
2540 3595 2720 3664 λόγος)
2747 3595 2840 3648 ἐπὶ
2869 3595 3113 3665 βήματος
3141 3593 3299 3662 αὖθις
3334 3596 3640 3652 δικαστικοῡ
3665 3610 3769 3665 προ-

2241 3686 2494 3748 καθίσας,
2541 3685 2668 3749 τούς
2718 3702 2776 3738 τε
2825 3685 3107 3757 δεσμώτας
3148 3688 3269 3741 καθ’
3310 3690 3406 3743 ἕνα
3454 3692 3550 3744 καὶ
3596 3688 3769 3745 πλείους

2243 3776 2759 3847 παραστησάμενος,
2805 3781 2899 3832 καὶ
2931 3781 3029 3850 τὴν
3073 3781 3287 3850 ἑκάστῳ
3318 3784 3683 3853 προσήκουσαν
3707 3773 3770 3837 ἐξ·

2241 3864 2481 3935 ενεγκὼν
2511 3868 2830 3939 καταδίκην,
2850 3869 2948 3923 ἕνα
2971 3869 3177 3924 τούτων
3202 3871 3281 3941 (ὃς
3317 3873 3411 3925 καὶ
3442 3871 3697 3942 βαρύτατα
3720 3860 3771 3935 ἦν

2242 3959 2664 4031 ἐξημαρτηκὼς,
2695 3963 2790 4014 καὶ
2814 3963 3031 4025 στάσεις
3056 3962 3354 4031 δημοτικὰς
3384 3964 3675 4034 ἀνεγείρας,
3699 3958 3769 4010 καὶ

2244 4051 2523 4122 νεωτέρων
2579 4050 2823 4123 θορύϐων
2874 4052 3169 4122 ἁψάμενος)
3222 4055 3279 4104 ὲν
3325 4053 3403 4122 τῷ
3456 4044 3770 4122 δεσμωτηρίῳ

2246 4142 2648 4209 καταλελοίπει,
2693 4143 3024 4213 βαρυτάταις
3065 4146 3227 4198 αὑτὸν
3271 4147 3366 4198 καὶ
3399 4147 3674 4218 τιμωρίαις
3701 4156 3769 4191 τα·

2250 4233 2589 4302 μιευόμενος.
2637 4234 2726 4285 Ἐν
2756 4235 2993 4304 τοσούτῳ
3037 4234 3093 4289 δέ
3136 4253 3221 4298 τις
3253 4236 3437 4306 ἐνδεής
3469 4233 3680 4306 μοναχδς
3712 4227 3769 4295 τῷ

2248 4324 2470 4393 Συμεὼν
2493 4324 2826 4395 προσελθὼν,
2859 4326 2952 4380 καί
2980 4343 3124 4389 τινος
3156 4327 3369 4380 ἐκείνου
3410 4328 3504 4381 τοῦ
3542 4323 3765 4394 δεσμώτου

2249 4501 2503 4572 γενέσθαί
2536 4506 2688 4576 παρὰ
2732 4506 2888 4569 Θεοῦ,
2915 4506 3036 4559 Ὀτι
3089 4524 3181 4574 μοι
3223 4509 3767 4579 κατακεκλιμένῳ,φη·

2252 4599 2356 4664 σὶν,
2391 4600 2450 4650 ὲν
2482 4597 2611 4668 ἱερῷ
2644 4597 2727 4669 (τὸ
2758 4596 2852 4650 τοῦ
2901 4596 3028 4650 ναοῦ
3076 4598 3332 4670 προσθεὶς
3378 4600 3567 4671 ὄνομα)
3589 4592 3768 4651 ἐπιστὰς

2252 4690 2343 4741 καὶ
2379 4687 2680 4758 πυθόμενος
2712 4689 2835 4741 ὅτου
2879 4688 3133 4760 δεοίμην,
3169 4691 3382 4760 ἱμάτιον
3425 4692 3656 4762 ὠνήσατο
3682 4679 3766 4751 τρί’

2252 4791 2420 4845 χινον·
2454 4776 2646 4829 τούτου
2696 4777 2804 4847 γὰρ
2857 4773 2925 4847 ἦν
2973 4794 3062 4847 μοι
3118 4779 3256 4849 πρὸς
3296 4780 3542 4849 ἀνάγκης
3572 4780 3600 4848 ή
3633 4769 3764 4844 χρεία·

2257 4866 2486 4935 Ἕτερος
2526 4865 2583 4918 δέ
2614 4883 2697 4928 τις
2721 4866 3020 4936 προσαίτης
3048 4869 3141 4920 καὶ
3172 4864 3347 4932 οὗτος,
3389 4869 3542 4939 Ἐμοὶ
3558 4869 3624 4927 δὲ,
3651 4858 3763 4933 φησὶ»

2253 4955 2526 5025 ἐπιτυχὼν
2578 4956 2701 5009 καθ’
2726 4958 2864 5021 ὁδὸν,
2916 4958 3135 5027 δαψιλὲς
3180 4960 3261 5022 είς
3309 4960 3596 5032 διατροφήν
3632 4956 3765 5022 κέρμα

2252 5049 2493 5103 δεδώκει.
2524 5049 2717 5113 ’Ἄλλος
2739 5051 2796 5103 δὲ
2820 5051 2914 5103 καὶ
2939 5051 3101 5102 πάλιν
3132 5050 3439 5115 ὑπολαῦὼν,
3479 5052 3683 5106 Ἐκεῖνος
3699 5039 3764 5093 καί

2258 5142 2455 5211 βρέφος
2496 5140 2600 5193 ὑπὸ
2634 5140 2735 5210 τῆς
2777 5140 3102 5211 γειναμένης
3144 5142 3390 5207 ἐκτεθὲν,
3421 5142 3543 5213 ἔφη,
3575 5138 3651 5192 καὶ
3674 5145 3762 5186 κνυ-

2258 5230 2519 5300 ζούμενον
2555 5231 2897 5301 ἀνελόμενος,
2946 5232 3143 5304 ἐρεύνῃ
3198 5248 3257 5283 τε
3306 5231 3570 5301 φιλοπόνω
3592 5222 3763 5295 γυναῖκα

2259 5321 2504 5374 νεοτόκον
2549 5320 2749 5389 εὑρὼν,
2792 5320 3153 5392 παρατίθησιν
3185 5323 3322 5392 αὐτῇ
3371 5321 3593 5391 θηλάσαι
3615 5330 3663 5367 τε
3684 5308 3766 5375 ἅμα

2263 5413 2353 5465 καὶ
2396 5412 2658 5483 ἐκθρέψαι
2702 5412 2765 5465 τδ
2809 5411 3025 5481 βρέφος,
3050 5413 3143 5466 δύο
3167 5413 3402 5483 χρυσοῦς
3438 5413 3567 5475 τέως
3587 5396 3764 5491 κατ⁸⁶ῗ⁹

2262 5499 2391 5567 λὼν,
2454 5502 2548 5554 καὶ
2603 5499 2657 5551 εἴ
2709 5517 2760 5552 τι
2823 5496 2950 5554 ἄλλο
3014 5500 3112 5571 τῆς
3178 5501 3307 5571 περὶ
3369 5500 3469 5569 τὴν
3522 5495 3759 5557 ἀνατροῖην

3906 2920 3907 3015 ψ

3906 3126 3907 3221 ψ

3905 3296 3907 3425 l
