3980 6296
218 344 373 425 3149“

1205 356 1381 418 VlTA
1418 354 1465 412 Α
1501 350 1940 413 NICEPHORO
1979 349 2468 411 CONSCBIPTA.

3335 346 3473 410 317:0

222 475 546 547 μισθαρνίας
611 470 1035 559 ἐπικαταϐαλεῖν
1101 471 1196 525 καὶ
1256 470 1418 546 τοῦτο
1481 469 1786 541 βεϐαιωσά-

1899 470 2002 522 mul
2048 468 2366 537 dependens
2399 483 2622 533 aureos,
2672 476 2975 539 sancteque
3036 469 3314 540 spondens
3353 486 3471 539 pero

222 584 400 637 μενος.

290 744 418 816 pot".
442 744 583 816 Πρὸς
599 743 789 807 ταῦτα,
814 741 1012 795 πλείων
1028 734 1208 803 οἶκτος
1232 738 1399 793 αὐτοῦ
1419 736 1687 807 λαμϐάνει
1702 734 1796 789 τὸν

220 835 460 905 Συμεὼν,
480 835 687 904 καὶτῆς
706 832 913 888 ἄνωθεν
931 833 1070 902 ὑπὲρ
1087 830 1252 884 αὐτοῦ
1275 829 1437 884 πάλιν
1455 831 1661 889 ἐκεῖνος
1678 826 1796 895 φιλ-

219 926 529 996 ανθρωπίας
559 925 745 978 ἐδεῖτο.
777 923 866 994 Τῷ
904 922 1001 993 μὲν
1026 921 1119 974 οὖν
1151 922 1377 991 δικαστῇ
1405 919 1622 973 δέδοκτο
1649 919 1751 990 ῆδη
1776 958 1792 984 ,

218 1017 305 1085 νηῒ
352 1018 444 1070 τὸν
485 1017 654 1088 ἄνδρα
699 1015 897 1086 φόρτον
951 1013 1233 1082 ἐμϐαλεῖν,
1272 1014 1366 1066 καὶ
1414 1011 1619 1082 ταύτην
1656 1011 1792 1065 ἀνά-

218 1112 391 1178 ψαντα
429 1109 573 1163 κατὰ
624 1109 890 1177 πελάγους
924 1107 1163 1176 ἀφεῖναι,
1222 1103 1363 1158 ὥστε
1416 1104 1511 1156 τὸν
1558 1102 1837 1180 δείλαιονκ

221 1206 448 1268 ἐκεῖνον,
482 1204 552 1256 τὰ
584 1201 677 1255 δύο
705 1200 905 1265 ταῦτα,
945 1199 1057 1269 πῦρ
1089 1198 1206 1270 ἅμα
1237 1199 1331 1251 καὶ
1377 1195 1523 1267 ὕδωρ
1561 1194 1791 1266 μερίσα-

221 1295 362 1347 σθαι.
400 1294 626 1347 Δέδοκτο
658 1290 850 1355 ταῦτα,
888 1291 983 1345 καὶ
1015 1292 1049 1362 ἡ
1082 1289 1261 1361 ψῆφος
1287 1287 1531 1359 ἐκράτει,
1577 1286 1672 1340 κα)⁹
1700 1286 1793 1339 τὸν

220 1386 317 1453 μὲν
375 1384 659 1454 δεσμώτην
709 1384 970 1452 ἀνάλογον
1003 1386 1061 1436 ἐν
1100 1383 1167 1452 τῇ
1219 1380 1432 1451 φυλακῇ
1468 1378 1792 1449 τηλικούτου

220 1477 542 1546 προσδοκίας
596 1474 768 1528 κακοῦ
823 1475 941 1535 δέος
974 1469 1088 1544 εἷχε
1121 1490 1135 1502 ·
1171 1473 1258 1526 τὸν
1291 1469 1518 1542 Συμεὼν
1562 1470 1620 1523 δὲ
1660 1486 1796 1540 χρη·

220 1568 441 1638 στότερα
474 1566 601 1636 περὶ
622 1564 785 1619 αὐτοῦ
820 1565 1023 1635 μᾶλλον
1045 1568 1071 1620 ό
1103 1566 1233 1635 περὶ
1253 1564 1380 1626 τοὺς
1408 1562 1610 1625 ἐνδεεῖς
1643 1561 1792 1615 ὲκεί-

216 1675 306 1710 νου
357 1658 504 1719 ἕλεος
534 1658 773 1721 ἐλπίζειν
814 1655 1008 1719 ἐποίει,
1043 1655 1178 1724 πρὸς
1217 1653 1369 1706 ἔλεον
1392 1653 1553 1706 πάλιν
1582 1653 1793 1723 ὁρῶντα

217 1749 373 1814 Θεοῦ,
402 1749 496 1802 τοῦ
570 1750 665 1801 καὶ
724 1747 983 1817 ποτήριον
1037 1745 1245 1815 ψυχροῦ
1309 1746 1641 1815 δεχομένου,
1699 1746 1793 1799 καὶ

1895 559 2207 614 soluturum
2257 559 2481 628 insuper
2509 558 2782 629 quidquid
2826 574 2930 629 pro
2957 559 3287 615 educatione
3318 561 3473 630 pueri

1894 648 2326 717 expenderetur.

1970 740 2092 793 177.
2134 740 2349 794 Auditis
2377 742 2550 803 hisce,
2578 740 2785 810 majore
2813 739 3051 810 Symeon
3081 741 3301 810 capitur
3324 756 3478 795 com-

1897 830 2252 886 miseratione
2284 829 2411 891 viri,
2459 829 2814 899 divinamque
2844 845 2943 899 pro
2985 845 3053 885 eo
3083 831 3478 901 benignitatem

1898 923 2131 993 supplex
2152 922 2502 993 deprecatur.
2528 921 2756 992 Jamque
2778 922 2945 976 fixum
2969 937 3035 976 ac
3066 931 3334 977 statutum
3362 932 3483 977 erat

1892 1015 2068 1086 judici
2121 1014 2406 1069 hominem
2442 1015 2566 1067 navi
2618 1014 2927 1083 imponere,
2976 1029 3209 1084 eamque
3262 1014 3479 1084 injectis

1897 1104 2132 1160 ﬂammis
2154 1119 2439 1160 accensam
2466 1104 2811 1159 committere
2841 1104 3069 1174 pelago;
3108 1113 3168 1159 ut
3214 1106 3479 1159 miserum

1897 1195 2010 1251 duo
2045 1196 2334 1260 elementa,
2368 1196 2510 1266 ignis
2535 1204 2592 1250 et
2617 1211 2779 1265 aqua,
2826 1196 3167 1266 partirentur
3208 1197 3479 1267 quodam-

1895 1288 2064 1343 modo
2093 1289 2240 1343 inter
2280 1303 2358 1342 se.
2388 1288 2488 1352 ita,
2522 1287 2768 1357 inquam,
2821 1286 2990 1341 ﬁxum
3029 1288 3202 1358 judici
3245 1297 3367 1342 erat
3415 1303 3479 1343 ac

1897 1379 2079 1433 stabat
2108 1379 2418 1445 sententia;
2439 1381 2799 1449 vinctumque
2833 1380 2888 1433 in
2918 1379 3167 1434 custodia
3200 1380 3320 1449 pari
3349 1395 3480 1450 pro-

1897 1470 2153 1538 portione
2214 1480 2396 1525 metus
2458 1472 2592 1525 tanti
2638 1472 2863 1543 jamjam
2921 1471 3180 1526 instantis
3227 1470 3356 1524 mali
3384 1485 3474 1525 oc-

1897 1570 2212 1631 cupaverat.
2246 1562 2448 1617 Verum
2490 1564 2707 1618 mitiora
2745 1564 2932 1618 omnia
2984 1578 3204 1633 sperare
3250 1564 3475 1635 Symeo-

1898 1666 2024 1706 nem
2065 1650 2294 1722 jubebat
2324 1653 2726 1718 misericordia,
2758 1669 2923 1722 quam
2966 1669 3092 1724 erga
3127 1654 3342 1724 indiges
3383 1654 3475 1709 ille

1897 1754 2247 1807 exercuerat,
2276 1746 2467 1801 oculos
2510 1746 2750 1801 vicissim
2784 1748 2840 1802 in
2879 1747 3317 1802 misericordiam
3378 1748 3472 1801 Dei

218 1835 484 1898 πλουσίως
551 1837 895 1905 ἀντιμετρείν
953 1834 1157 1897 εἰδότος
1226 1834 1458 1902 ἀγαθαῖς
1519 1835 1782 1906 προαιρέ-

1899 1844 2330 1902 convertentem,
2384 1836 2479 1906 qui
2535 1852 2691 1906 aqua:
2746 1838 2913 1891 etiam
2966 1836 3178 1907 frigidae
3242 1836 3471 1891 calicem

219 1941 386 1981 σεσιν.

287 2101 421 2174 ροη’.
438 2104 691 2174 Γεωργοῦ
707 2106 763 2158 δέ
793 2123 935 2169 τινος
954 2107 1011 2160 ἐν
1034 2104 1208 2177 τούτῳ
1239 2104 1347 2159 τῶν
1371 2106 1581 2160 ἐκείνου
1607 2107 1795 2177 ἀγρῶν

219 2197 367 2265 παρὰ
398 2197 490 2249 τὸν
526 2198 715 2265 Ἂγιον
751 2195 1091 2263 ἀνελθόντος,
1115 2199 1368 2252 κάκείνου
1390 2201 1531 2271 ,περὶ
1562 2198 1658 2253 τοῦ
1690 2201 1790 2254 άν-

217 2287 339 2357 δρὺς
392 2289 674 2359 ἐρομένου,
712 2289 831 2360 ῆτις
868 2290 998 2343 ποτὲ
1032 2291 1065 2361 ἡ
1110 2291 1232 2343 κατ’
1257 2290 1422 2345 αὐτοῦ
1471 2291 1652 2363 ψῆφος
1683 2294 1794 2364 εἴη,

217 2378 292 2443 ὡς
322 2379 526 2443 ἐκεῖνος
554 2380 623 2433 τὰ
647 2385 776 2452 περὶ
807 2380 972 2436 αὐτοῦ
1019 2381 1318 2452 δεδογμένα
1347 2383 1545 2453 φράσοι
1589 2399 1603 2414 ·
1635 2385 1664 2436 ὁ
1692 2384 1794 2437 Συ-

221 2472 366 2543 μεὼν
399 2473 734 2536 πεποιθότως
763 2474 1070 2538 ὑπολαϐὼν,
1122 2475 1258 2527 Οὐδὲ
1302 2474 1423 2546 θρὶξ
1457 2477 1523 2529 ἐκ
1569 2475 1671 2547 τῆς
1700 2494 1796 2530 κε-

220 2565 391 2634 φαλῆς
416 2564 579 2618 αὐτοῦ
622 2567 890 2628 πεσεῖται,
922 2561 1099 2630 εἶπεν,
1127 2567 1234 2619 οὐδ’
1267 2567 1316 2619 εί
1361 2566 1564 2631 πάντες
1601 2570 1651 2621 ot
1686 2569 1793 2639 γῆς

216 2658 471 2728 ἄρχοντες
497 2661 614 2711 κατ’
643 2646 807 2712 αὐτοῦ
837 2658 1196 2730 άθροισθεῖεν.
1214 2659 1288 2713 Οὐ
1317 2659 1425 2731 γὰρ
1444 2659 1481 2714 ἃ
1500 2660 1577 2731 τῷ
1605 2662 1798 2732 ἄρχον-

218 2765 270 2801 τι
303 2751 434 2820 περὶ
479 2749 573 2803 τοῦ
622 2751 833 2823 ἀνδρὸς,
866 2752 1001 2805 ἀλλὰ
1035 2756 1101 2823 τῇ
1139 2751 1346 2807 ἄνωθεν
1376 2752 1544 2823 ψήφῳ
1575 2760 1798 2824 κέκ-ριτο

222 2839 422 2908 μᾶλλον
437 2841 629 2913 ἐκείνῳ
651 2844 776 2911 περὶ
798 2842 961 2896 αὐτοῦ
986 2844 1347 2915 προφητεύειν
1374 2845 1797 2917 ἐπῄει.”Επειτα

220 2932 403 3001 μέντοι
431 2934 524 2986 καὶ
552 2934 628 2996 ὡς
657 2935 690 3004 ἡ
721 2935 843 3006 χεὶρ
872 2936 985 3005 ἔχει
1006 2936 1272 2990 διακονεῖν
1310 2936 1406 2990 ἐπὶ
1427 2939 1526 3010 τῆς
1550 2936 1797 3009 φυλακῆς

216 3021 366 3094 αὐτῷ
396 3025 627 3096 παρῄνει
656 3025 748 3080 τὸν
784 3027 1185 3097 γεωργόν”’1ν’
1214 3022 1275 3081 εὗ
1312 3044 1395 3082 σοι
1428 3028 1567 3099 μετὰ
1599 3028 1795 3092 ταῦτα,

222 3116 376 3186 φησὶ,
409 3115 633 3186 γένηται
656 3118 787 3187 παρ’
818 3116 1005 3172 αὐτοῦ.
1048 3117 1105 3170 '0
1136 3118 1192 3171 δὲ
1231 3119 1386 3189 παρὰ
1419 3119 1482 3173 τὸ
1508 3120 1796 3192 δεσμωτή-

1896 1938 2169 1999 acceptat,
2195 1928 2467 1999 bonisque
2509 1930 2813 2000 propositis
2851 1930 3057 1986 ali'atim
3109 1930 3251 1985 solet
3292 1946 3475 1985 remu-

1897 2022 2102 2076 nerari.

1986 2113 2110 2168 178.
2135 2113 2348 2168 Interea
2367 2111 2589 2183 quidam
2618 2111 2858 2183 agricola
2899 2127 2963 2165 ex
2996 2112 3145 2167 illius
3178 2114 3324 2185 agris
3383 2114 3473 2168 ad-

1896 2203 2130 2259 veniens
2168 2203 2237 2258 ad
2292 2211 2571 2264 sanctum,
2631 2203 2946 2258 sciscitatur
3001 2219 3190 2274 ecqua:
3253 2205 3473 2259 tandem

1896 2307 2090 2355 contra
2113 2300 2389 2370 captivum
2415 2298 2689 2354 sententia
2706 2298 3187 2368 pronuntiaretur,
3210 2306 3474 2369 rogatque.

1899 2398 1962 2446 ut
1984 2391 2298 2461 eloquetur,
2337 2388 2473 2459 quid
2497 2388 2644 2443 circa
2695 2388 2875 2458 ipsum
2897 2388 3261 2443 constitutum
3295 2406 3358 2444 ac
3380 2390 3472 2445 de-

1894 2490 2113 2538 cretum
2144 2480 2552 2549 sit.Excipiens
2576 2488 2821 2540 sanctus,
2847 2478 3192 2534 conﬁdenter
3216 2481 3432 2549 reponit
3458 2500 3471 2533 :

1897 2574 1978 2629 Ne
2012 2573 2242 2643 capillus
2292 2570 2517 2642 quidem
2545 2570 2615 2626 de
2665 2570 2845 2641 capite
2894 2571 3016 2640 ejus
3059 2569 3239 2636 cadet,
3286 2586 3396 2624 non
3424 2573 3467 2626 si

1898 2679 2093 2719 omnes
2118 2662 2289 2718 totius
2311 2672 2473 2717 terra:
2507 2660 2791 2730 principes
2849 2650 3116 2714 adversus
3153 2661 3335 2730 ipsum
3376 2675 3472 2716 co-

1898 2754 2007 2809 acti
2034 2753 2285 2808 fuerint:
2318 2766 2428 2806 non
2452 2750 2601 2804 enim
2625 2764 2746 2818 quae
2769 2749 3043 2819 principis
3078 2751 3315 2815 calculo,
3378 2751 3472 2806 sed

1899 2845 2086 2916 potius
2117 2858 2240 2914 qua:
2278 2842 2465 2896 divino
2502 2840 2746 2912 judicata
2780 2848 3007 2909 rataque
3047 2851 3228 2905 erant,
3280 2843 3471 2897 vatici-

1897 2934 2156 2989 nabatur.
2198 2931 2409 2987 Deinde
2461 2930 2629 2985 etiam
2683 2929 3011 2985 hortabatur
3050 2931 3367 3001 agricolam,
3414 2946 3473 2988 ut

1897 3025 2002 3096 ipsi
2030 3037 2295 3095 quantum
2317 3031 2503 3092 posset
2530 3022 2588 3076 in
2614 3022 2863 3077 custodia
2911 3023 3305 3078 famularetur:
3332 3025 3474 3092 Quo,

1899 3116 2207 3186 inquiebat,
2233 3115 2470 3184 benigne
2501 3114 2604 3169 tibi
2636 3113 2730 3168 ﬁat
2745 3114 3006 3185 deinceps
3037 3116 3108 3170 ab
3129 3116 3268 3186 ipso.
3290 3117 3477 3172 Currit

216 3226 334 3277 ριον
361 3209 620 3280 δρομαῖος
650 3208 843 3274 ἐλθὼν,
874 3209 1094 3280 κομίζει
1124 3210 1202 3281 τῷ
1234 3211 1513 3284 καταδίκῳ
1554 3189 1655 3283 τῆς
1686 3189 1794 3266 σω-

1903 3209 1995 3263 ille
2024 3206 2304 3262 curriculo
2327 3205 2395 3260 ad
2416 3220 2719 3271 carcerem,
2761 3206 3164 3262 faustissimum
3214 3208 3474 3264 damnato

213 3299 407 3370 τηρίας
436 3299 503 3352 τὰ
554 3300 866 3368 εὐαγγέλια·
901 3301 1020 3373 ᾔδει
1058 3302 1192 3373 γάρ,
1242 3302 1357 3373 ᾔδει
1387 3306 1535 3374 σαφῆ
1582 3322 1798 3375 προφη-

216 3392 370 3444 τείαν
422 3387 566 3446 εἶναι
619 3392 688 3445 τὰ
739 3393 844 3447 ὐπὸ
895 3392 990 3447 106
1045 3393 1225 3447 Ὁσίου
1259 3395 1551 3465 λεγόμενα,
1580 3397 1795 3461 πολλοῖς

215 3481 605 3553 προλαϐοῦσιν,
632 3483 767 3537 ἀλλὰ
829 3486 923 3538 καὶ
981 3485 1162 3556 πολλῷ
1221 3487 1486 3557 μείζοσιν,
1521 3487 1662 3558 ἔχων
1701 3489 1796 3542 καὶ

215 3573 350 3645 περὶ
383 3575 489 3627 τῶν
524 3575 812 3646 παρόντων
856 3575 1103 3648 θαρρεῖν.
1158 3577 1269 3648 Τῆς
1304 3577 1350 3630 δ’
1407 3578 1667 3647 ἐπιούσης
1698 3580 1796 3633 ἐπὶ

214 3665 461 3735 βήματος
511 3662 668 3730 αὖθις
722 3666 817 3720 106
850 3666 1108 3739 ἄρχοντος
1171 3669 1637 3739 προκαθίσαντος,
1700 3669 1796 3722 καὶ

211 3756 324 3810 ἀπὸ
356 3755 457 3826 τῆς
484 3757 729 3827 φυλακῆς
775 3756 1285 3828 μεταστειλαμένου,
1313 3759 1363 3810 οἱ
1399 3757 1498 3827 μὲν
1531 3761 1797 3827 παρόντες

210 3847 515 3917 ἁνήρτηντο
542 3850 662 3910 ταῖς
689 3848 817 3917 περὶ
849 3847 1017 3900 αὐτοῦ
1044 3846 1260 3900 ἐλπίσιν
1293 3863 1306 3878 ·
1345 3847 1374 3898 ὁ
1414 3849 1472 3900 δὲ
1508 3847 1792 3917 συμπαθές

207 3957 265 3993 τι
300 3940 396 3994 καὶ
422 3940 633 4011 ἥμερον
666 3943 748 4003 είς
797 3940 960 3994 αὐτὸν
1011 3938 1155 4005 ἰδὼν,
1186 3940 1367 4010 ἀφῆκε
1415 3940 1596 4009 πάσης
1633 3939 1796 3993 αὐτὸν

209 4030 368 4102 παρὰ
424 4033 606 4084 πᾶσαν
669 4030 999 4102 προσδοκίαν
1032 4029 1267 4100 εὐθύνης
1297 4044 1311 4059 ⁸
1355 4030 1451 4082 καὶ
1505 4030 1658 4099 παρὰ
1699 4030 1792 4082 τὸν

208 4122 406 4190 Ἀγιον
431 4121 692 4183 ἀνελθὼν,
722 4122 791 4176 τὰ
820 4123 916 4190 τῆς
958 4123 1103 4193 ζωῆς
1137 4121 1285 4194 αὐτῷ
1318 4124 1655 4194 χαριστήρια
1686 4140 1789 4175 πε-

211 4213 457 4285 ριφανῶς
482 4214 772 4283 ὡμολόγει,
802 4211 890 4267 οἷα
913 4214 1166 4278 θανάτου,
1200 4213 1301 4283 φεῦ
1332 4215 1344 4268 1
1381 4214 1664 4285 αἰσχίστου
1692 4215 1787 4267 καὶ

208 4306 549 4378 πικροτάτου
578 4308 764 4376 εὐχαῖς
787 4305 996 4360 ἐκείνου
1029 4306 1123 4360 καὶ
1160 4307 1482 4378 πρεσϐείαις
1510 4306 1794 4377 ἀπηλλαγ-

206 4398 399 4468 μένος.
436 4396 593 4450 Οὕτω
656 4398 757 4467 μὲν
811 4393 908 4451 οὖν
964 4398 1115 4452 οὐδὲν
1166 4398 1277 4451 τῶν
1330 4397 1435 4451 ὐπὸ
1484 4396 1577 4450 106
1612 4397 1791 4449 ὐσίου

204 4487 632 4558 προειρημένων
670 4488 1066 4557 διαπεπτὼκει,
1093 4489 1229 4543 ἀλλὰ
1281 4490 1573 4559 σύμφωνον
1623 4494 1789 4544 πᾶσιν

202 4580 395 4643 αὐτοῖς
436 4582 501 4632 ἐκ
555 4577 650 4632 τοῦ
696 4580 882 4642 τέλους
912 4581 1011 4634 κα)⁸
1057 4581 1119 4635 τδ
1171 4580 1330 4652 ἔργον
1362 4583 1578 4649 ἀπήντα
1606 4597 1623 4613 ο
1659 4582 1792 4651 ἡμῖν

200 4671 263 4724 δὲ
301 4672 396 4724 καὶ
422 4671 494 4724 τά
520 4672 646 4744 ἑξῆς
665 4672 772 4727 τῶν
807 4672 975 4729 αὑτοῦ
1009 4673 1305 4742 θαυμάτων
1333 4672 1642 4737 ἀκολούθως
1669 4673 1788 4727 δια-

199 4763 462 4833 ληπτέον.

1899 3299 2094 3354 salutis
2125 3299 2381 3353 nuntium
2415 3305 2678 3367 portans:
2711 3309 2943 3354 noverat
2998 3300 3167 3366 enim,
3198 3311 3258 3356 et
3301 3301 3476 3371 probe

1898 3397 2129 3445 noverat
2182 3398 2390 3444 certam
2420 3405 2543 3445 esse
2577 3390 2957 3460 prophetiam;
2993 3407 3062 3446 ex
3119 3392 3311 3446 multis
3356 3395 3472 3465 jam

1897 3488 2025 3535 ante
2059 3479 2399 3541 memoratis,
2433 3481 2546 3536 imo
2563 3489 2620 3535 et
2651 3481 2812 3550 longe
2869 3481 3124 3550 pluribus
3174 3497 3473 3551 persuasus

1897 3572 1966 3628 de
2012 3572 2373 3643 praesentibus
2424 3572 2566 3626 bene
2597 3586 2843 3640 sperare.
2894 3573 3122 3626 Postero
3158 3572 3248 3627 die
3280 3614 3294 3638 ,
3321 3574 3474 3643 prin-

1899 3664 2020 3734 cipe
2039 3678 2139 3733 pro
2165 3662 2426 3717 tribunali
2445 3661 2629 3717 denuo
2644 3663 2895 3730 sedente,
2926 3664 3285 3734 vincturaque
3310 3681 3341 3721 e
3372 3683 3474 3722 cu-

1896 3755 2074 3811 stodia
2127 3754 2336 3809 accersi
2389 3753 2640 3823 iubente,
2712 3754 3029 3823 pendebant
3071 3756 3291 3823 animis,
3319 3772 3473 3827 spem

1895 3848 2044 3903 inter
2074 3854 2132 3901 et
2158 3854 2371 3900 metum
2393 3845 2569 3910 dubii,
2593 3855 2867 3915 quotquot
2892 3846 3123 3901 aderant
3144 3864 3158 3901 :
3173 3847 3346 3919 judex
3379 3866 3474 3904 au-

1896 3946 2005 3994 tem
2063 3938 2302 4008 benigno
2351 3937 2679 4007 placidoque
2734 3938 2892 3994 vultu
2963 3939 3140 4009 ipsum
3216 3941 3468 4008 intuitus,

1894 4037 2097 4101 praeter
2123 4031 2371 4085 omnium
2425 4032 2892 4099 exspectationem
2922 4032 3072 4084 omni
3119 4032 3355 4087 liberum
3376 4035 3468 4105 ju-

1895 4122 2041 4178 dicio
2066 4121 2310 4177 dimisit:
2345 4120 2441 4191 qui
2466 4120 2534 4177 ad
2584 4130 2835 4175 sanctum
2876 4137 3202 4192 preperans,
3247 4138 3474 4180 conser-

1893 4225 2078 4271 vatam
2106 4214 2299 4280 vitam,
2333 4229 2534 4269 munus
2587 4212 2762 4283 ipsius
2810 4228 2933 4269 esse
2986 4215 3166 4284 palam
3212 4218 3471 4272 omnibus

1894 4304 2182 4360 confessus
2200 4313 2304 4367 est,
2329 4311 2486 4359 ratus
2518 4303 2852 4374 turpissimae
2878 4314 3042 4375 atque
3097 4307 3468 4365 acerbissimae

1894 4397 2060 4451 morti
2093 4396 2355 4467 precibus
2377 4395 2527 4450 illius
2554 4412 2619 4452 ac
2640 4396 3040 4452 intercessione
3071 4413 3129 4453 se
3152 4410 3470 4471 exemptum

1897 4503 2039 4543 esse.
2067 4487 2160 4543 Sic
2188 4487 2356 4558 igitur
2380 4487 2519 4541 nihil
2549 4503 2763 4555 eorum,
2786 4505 2908 4560 quae
2939 4498 3169 4546 sanctus
3209 4493 3474 4562 praedice-

1898 4579 2015 4646 bat,
2052 4579 2204 4633 exitu
2233 4576 2628 4644 frustrabatur,
2659 4580 2754 4635 sed
2790 4583 2946 4650 paria
2964 4583 3246 4640 vaticiniis
3285 4587 3469 4641 omni-

1896 4670 2001 4725 bus
2022 4669 2141 4740 ipso
2158 4676 2361 4725 eventu
2395 4671 2805 4741 respondebant
2827 4689 3015 4743 opera.
3045 4676 3249 4732 Verum
3273 4688 3472 4734 caetera

1895 4763 2070 4833 ipsius
2103 4761 2379 4817 mirabilia
2406 4763 2721 4819 successive
2752 4766 3137 4836 prosequenda
3178 4777 3327 4823 sunt.

1624 4905 1851 4963 CAPUT
1890 4903 2084 4959 XXIII.

776 5022 1029 5079 Tormina
1072 5035 1348 5089 curantur,
1381 5024 1682 5080 inobedicns
1720 5024 1937 5095 punitur
1966 5037 1984 5074 :
2014 5021 2250 5074 absentia
2301 5018 2549 5093 Symeoni
2589 5023 2943 5081 innotescunt.

281 5135 419 5207 900',
445 5135 630 5207 Γέρων
652 5153 735 5198 τις
765 5136 1176 5207 ἀμπελουργὸς,
1198 5137 1306 5190 ἀπὸ
1329 5137 1529 5207 χωρίου
1568 5137 1787 5206 Σάμϐου

197 5226 548 5293 καλουμένου
584 5228 750 5293 τινὸς,
778 5230 898 5291 ταῖς
930 5208 1197 5297 ἀμπέλοις
1235 5227 1578 5295 ἐγκεκυφὼς,
1612 5226 1788 5293 ἔδοξεν

193 5318 277 5380 ὡς
313 5317 422 5389 ἄρα
456 5319 760 5387 φωνήσειεν
815 5319 978 5371 αὐτὸν
1006 5317 1040 5386 ἡ
1089 5315 1246 5386 γυνὴ,
1286 5317 1380 5368 καὶ
1427 5315 1623 5385 ἀθρόον
1672 5318 1791 5367 ἐπι-

197 5407 476 5476 στραφεὶς
504 5405 723 5476 ἐκείνην
750 5406 848 5476 μὲν
883 5406 982 5475 οὐχ
1009 5405 1113 5475 ὁρᾷ
1141 5405 1357 5474 (φάσμα
1384 5405 1493 5474 γάρ
1515 5420 1567 5455 τι
1596 5404 1787 5472 δαιμό-

191 5516 319 5553 νιον
350 5494 421 5570 ἦν
452 5496 555 5568 τῆς
583 5496 840 5567 γυναικὸς
867 5497 1005 5550 οἴκοι
1040 5495 1363 5566 μενούσης),
1402 5496 1561 5557 αὐτὸς
1590 5496 1647 5548 δὲ
1687 5496 1789 5550 ὐπ-

193 5588 459 5659 εσπάσθη
496 5590 566 5641 τὰ
603 5587 749 5640 ἔνδον
770 5626 784 5650 ,
826 5591 918 5641 καὶ
960 5587 1157 5658 φόρτος
1190 5585 1340 5656 αὐτῷ
1372 5586 1585 5653 γεγόνει
1615 5585 1789 5640 ταῦτα

194 5679 462 5741 ἐλεεινὸς,
518 5678 679 5749 ἄχρις
720 5677 898 5730 αὐτῶν
943 5673 1269 5745 καθειμένος
1296 5676 1562 5744 γονάτων.
1597 5676 1654 5729 '0
1692 5677 1790 5746 μὲν
1821 5693 1841 5714 ο

191 5771 264 5843 δὴ
311 5770 550 5842 καμάτῳ
596 5769 777 5840 πολλῷ
808 5770 902 5823 καὶ¹
950 5768 1134 5840 μόχθῳ
1187 5770 1321 5839 πρὸς
1356 5769 1447 5823 τὸν
1486 5769 1628 5822 θεῖον
1691 5772 1787 5823 άν-

1969 5133 2086 5189 l79.
2123 5133 2305 5189 Senex
2342 5134 2589 5204 quidam,
2637 5136 2818 5191 cultor
2863 5140 3061 5204 vineae,
3118 5158 3186 5198 ex
3222 5145 3344 5200 loco
3374 5150 3469 5218 qui

1893 5223 2128 5279 Sambus
2163 5225 2404 5290 dicitur,
2452 5227 2701 5282 colendis
2736 5228 2944 5285 vitibus
2987 5248 3198 5290 navans
3225 5250 3471 5306 operam,

1894 5316 2126 5386 putabat
2173 5317 2242 5371 ab
2299 5334 2471 5373 uxore
2532 5335 2633 5375 sua
2667 5334 2725 5375 se
2776 5323 2988 5389 vocari,
3035 5340 3099 5379 ac
3132 5337 3361 5396 repente
3407 5345 3474 5385 eo

1893 5422 2215 5472 conversus,
2242 5424 2469 5463 uxorem
2494 5413 2703 5467 nullam
2724 5414 2895 5479 videt,
2917 5416 3242 5484 phantasma
3268 5422 3473 5490 quippe

1896 5497 2161 5554 daemonis
2181 5500 2459 5570 quoddam
2494 5512 2635 5571 erat,
2668 5506 2958 5561 mulierem
2989 5508 3137 5562 domi
3159 5519 3474 5565 manentem

1897 5589 2072 5659 probe
2099 5592 2442 5647 simulantis:
2463 5602 2519 5648 at
2539 5595 2657 5666 ipse
2674 5598 2984 5653 visceribus
3000 5600 3335 5669 distorqueri
3361 5618 3474 5657 coe-

1898 5680 2001 5750 pit,
2031 5697 2153 5751 quaa
2176 5683 2527 5753 importabile
2547 5688 2686 5743 adeo
2703 5704 2768 5743 ac
2787 5689 3105 5744 miserabile
3127 5705 3271 5744 onus
3328 5690 3471 5746 facta

1898 5783 2079 5842 erant,
2116 5785 2177 5831 ut
2201 5775 2319 5846 ipsa
2347 5793 2526 5848 genua
2556 5781 2930 5837 subsiderent.
2977 5782 3152 5853 Igitur
3184 5776 3473 5841 laboribus
