4026 6292
568 343 718 409 πει
1770 339 1848 400 8.
1890 332 2158 400 SYMEOl

2208 330 2267 400 [Β
2303 329 2663 401 JUNIORIS
3272 330 3277 341 '
3682 332 3798 407 an

582 471 746 530 atque
763 452 1025 511 aerumnis
1051 453 1248 523 impar,
1269 450 1335 506 ad
1352 458 1614 505 sanctum
1638 449 1965 522 Symeonem
1992 451 2161 506 addu-

2209 453 2241 511 λ
2267 450 2507 520 ενεχοεὶς
2538 447 2785 519 Συμεὼν,
2814 446 2919 518 πρὸ
2943 447 3042 517 τῆς
3076 446 3242 501 αὐτοῦ
3274 446 3527 511 στάσεως
3558 448 3799 505 ἐκυλινδεῖ-

582 562 723 613 ctns,
746 554 874 602 ante
909 546 1221 601 columnam
1253 543 1455 597 misere
1480 541 1871 598 volutabatur:
1907 542 2056 614 quod
2082 542 2165 598 fa-

2272 557 2352 603 το,
2385 539 2446 593 τὸ
2479 539 2703 609 γεγονὸς
2735 537 3099 608 ἀπαγγέλλων
3136 538 3197 592 οὒ
3225 538 3433 610 ῥήμασι
3470 539 3666 610 μᾶλλον
3686 542 3715 610 ἢ
3736 541 3804 595 δά-

585 649 735 694 ctum
750 638 1065 704 fuerat,non
1076 635 1265 703 verbis
1281 635 1454 706 magis
1465 649 1629 704 quam
1645 635 1907 707 lacrymis
1923 635 2163 691 ubertim

2270 648 2487 705 κρυσιν,
2507 630 2543 685 ἃ
2572 631 2636 699 δὴ
2668 630 2839 684 πολλὰ
2884 630 3146 700 κατέχεεν
3189 630 3282 697 τοῦ
3329 630 3590 698 ἐδάφους,
3620 633 3703 685 καὶ
3732 631 3802 701 τῆς

586 739 683 793 per
698 730 899 778 terram
913 720 1297 785 ﬂuitantibus,»
1310 718 1632 783 enuntians,
1653 728 1819 789 atque
1836 719 2169 776 calamitatis

2272 722 2566 792 συμφορᾶς
2597 721 2981 790 ἀπαλλαγῆναι
3020 720 3293 791 δεόμενος.
3337 720 3398 774 Ὀ
3427 720 3490 774 δὲ
3538 720 3801 785 διαναστὰς,

586 829 699 868 suae
720 814 1052 869 levationem
1076 812 1432 882 precabatur.
1491 811 1594 868 Cui
1632 828 1872 883 surgens
1908 822 2165 867 sanctus:

2272 813 2536 884 Πορεύου,
2583 813 2730 884 εφη·
2762 813 2849 866 ἐπ’
2886 812 2953 866 ἂν
2992 817 3173 899 μέντοι
3215 812 3305 866 τὸν
3334 813 3592 882 ποταμὸν
3621 828 3805 884 περαιω-

588 903 758 969 Vade,
794 904 996 972 inquit,
1019 902 1197 957 donec
1211 912 1473 972 superato
1495 902 1691 967 ﬂuvio,
1727 901 2019 957 adversum
2033 916 2169 955 con-

2270 903 2382 967 θεὶς
2413 902 2507 956 τοῦ
2539 903 2837 975 ἀντιπέρας
2871 903 3069 973 ἐπιϐῇς
3091 902 3283 973 ὄρους,
3306 902 3395 966 δὸς
3428 903 3595 969 δῦξαν
3626 902 3686 954 δι’
3712 905 3804 972 ἐμοῦ

588 996 879 1052 seenderis
904 1003 1185 1059 montem;
1210 1002 1267 1049 et
1298 994 1367 1048 da
1409 994 1640 1063 gloriam
1675 994 1788 1048 Deo
1835 1009 1934 1063 per
1967 1009 2074 1049 me.
2118 992 2171 1049 Is

2270 995 2348 1066 τῷ
2377 996 2516 1067 Θεῷ.
2556 996 2616 1050 Ὀ
2647 996 2702 1050 δὲ
2727 997 2818 1050 τὸν
2848 994 3005 1065 λόγον
3025 995 3169 1050 κατὰ
3201 994 3301 1061 τὴν
3340 984 3568 1065 ἀγαθὴν
3604 994 3714 1065 γῆν,
3735 996 3806 1047 oio-

480 1118 485 1123 -
588 1097 771 1140 autem
795 1085 962 1139 verba
995 1084 1179 1138 haacin
1215 1090 1361 1137 terra
1387 1082 1553 1147 bona,
1574 1081 1746 1137 veluti
1779 1098 1967 1137 semen
1991 1099 2070 1153 qui

2271 1087 2351 1141 νεί
2383 1105 2505 1142 τινα
2553 1088 2774 1159 σπόρον,
2804 1090 2862 1142 ἐν
2890 1090 3002 1151 τοῖς
3039 1089 3139 1159 τῆς
3166 1088 3396 1158 καρδίας
3445 1088 3665 1151 κόλποις
3693 1088 3806 1152 δεξά-

590 1176 936 1241 dam,cordis
961 1175 1087 1230 sinu
1121 1174 1424 1243 excipiens,
1453 1174 1709 1245 cumjam
1740 1174 1797 1227 in
1825 1182 2068 1229 montem
2097 1189 2165 1229 ex

2275 1197 2457 1250 μενος,
2478 1181 2564 1243 λὼς
2602 1180 2702 1251 ήδη
2731 1179 2826 1232 τοῦ
2876 1179 3002 1234 κατ’
3037 1180 3267 1250 ἀντικρὺ
3299 1180 3466 1251 ὄρους
3496 1179 3684 1250 ἐπέϐη,
3712 1184 3808 1251 πᾷς

589 1270 840 1341 opposito
862 1269 1028 1323 situm
1056 1267 1255 1321 enixus
1281 1273 1446 1328 esset,
1478 1264 1544 1318 ad
1581 1265 1686 1318 viri
1718 1265 1816 1321 Dei
1848 1266 2166 1319 columnam

2269 1274 2362 1325 τὸν
2404 1272 2595 1326 στύλον
2635 1272 2729 1325 τοῦ
2776 1273 2968 1344 ἀνδρὸς
3010 1273 3371 1345 ἐπιστρέψας,
3409 1273 3514 1327 καὶ
3543 1272 3639 1337 τὰς
3662 1277 3807 1343 χεῖρες

588 1375 911 1425 conversus,
947 1358 1223 1422 manibus,
1252 1357 1417 1411 simul
1448 1372 1572 1411 cum
1600 1371 1696 1426 spe
1716 1365 1773 1411 et
1802 1356 2041 1412 cordein
2055 1372 2170 1411 cm:-

2275 1362 2414 1432 μετὰ
2438 1362 2547 1416 τῶν
2574 1363 2807 1417 ἐλπίδων
2834 1363 2929 1417 καὶ
2958 1367 3056 1434 τῆς
3082 1364 3307 1436 καρδίας
3337 1366 3420 1429 είς
3443 1365 3700 1438 οὐρανοὺς
3720 1360 3811 1417 ἂνα-

588 1457 671 1510 las
687 1454 903 1519 levatis,
936 1453 1170 1524 genibus
1190 1452 1418 1506 acvultu
1441 1452 1495 1505 in
1514 1458 1715 1505 terram
1733 1451 1982 1522 deiectis,
1999 1451 2169 1505 Deum

2271 1456 2472 1520 τείνας,
2511 1455 2716 1523 γόνατά
2757 1471 2816 1509 τε
2863 1453 2958 1509 καὶ
2985 1456 3137 1526 ὄψεις
3176 1459 3245 1527 γῇ
3270 1456 3548 1522 δεδωκὼς,
3588 1458 3674 1511 τὸν
3716 1456 3810 1509 Gai:

592 1564 689 1617 per
729 1546 1091 1601 mediatorem
1124 1542 1455 1615 Symeonem
1486 1559 1586 1613 pro
1619 1543 1947 1599 liberatione
1989 1543 2173 1613 depri-

2274 1548 2378 1601 ὑπὸ
2409 1547 2601 1621 μεσίτῃ
2635 1547 2713 1619 τῷ
2742 1542 2972 1619 Συμεὼν
2999 1548 3080 1611 είς
3109 1548 3435 1621 ἀπαλλαγὴν
3466 1551 3572 1619 τῆς
3600 1550 3808 1620 κατεχού-

593 1640 792 1695 mentis
820 1654 878 1693 se
911 1638 1037 1692 mali
1078 1636 1396 1703 invocabat,
1442 1645 1499 1689 et
1528 1636 1794 1689 continuo
1823 1633 1969 1705 (quis
2017 1632 2172 1688 audi-

2276 1657 2376 1712 σης
2405 1641 2569 1694 αὐτὸν
2597 1641 2845 1709 ἀνάγκης
2878 1641 3215 1695 ἐπεκαλεῖτο.
3247 1643 3355 1695 Καὶ
3383 1642 3719 1713 παραχρῆμα
3736 1633 3809 1708 (τίς

594 1732 744 1787 tione
799 1730 931 1785 tanti
978 1729 1227 1785 miraculi
1260 1743 1370 1782 non
1401 1727 1755 1797 obstupeseet
1771 1727 1814 1798 ?)
1864 1734 2048 1781 tumor
2079 1725 2170 1780 ille

2277 1731 2377 1785 οὐκ
2408 1731 2474 1786 ἂν
2503 1732 2641 1803 ἀκοῇ
2667 1731 2727 1785 τὺ
2757 1731 2941 1802 θαῦμα
2981 1732 3390 1803 καταπλαγείης
3417 1735 3438 1803 )
3489 1735 3518 1787 ὁ
3552 1733 3813 1805 τηλικοῦτος

593 1827 896 1878 immensus
927 1820 1174 1884 evanuit,
1220 1819 1479 1874 omnibus
1508 1819 1682 1889 ipsius
1734 1817 1999 1872 membris
2027 1826 2175 1871 recte

2221 1809 2249 1863 Β
2276 1825 2555 1877 διαλέλυτο
2577 1824 2761 1892 ὄγκος,
2786 1825 2954 1893 ὑγιῶς
2977 1825 3125 1895 αὐτῷ
3152 1825 3369 1880 πάντων
3401 1826 3502 1880 καλ⁵
3531 1827 3666 1880 κατὰ
3694 1825 3811 1894 φύσιν

592 1932 654 1970 ac
676 1924 1047 1986 congruenter
1072 1922 1285 1970 natura:
1314 1927 1375 1966 se
1403 1910 2052 1979 habentibus.Quotquot
2072 1909 2175 1964 ita-

2276 1916 2529 1986 ἐχόντων.
2558 1915 2697 1979 Τοὺς
2733 1917 3022 1980 κοινωνοὺς
3061 1917 3240 1972 τοίνυν
3268 1917 3368 1987 τῆς
3400 1919 3701 1989 συμφορᾶς,
3733 1918 3813 1970 ὅροι

593 2025 700 2078 que
724 2008 930 2063 conscii
966 2004 1294 2062 calamitatis
1321 2003 1470 2058 illius
1491 2002 1739 2066 fuerunt,
1768 2002 1807 2055 ii
1833 2016 2031 2072 nempe
2053 2015 2174 2054 om-

2274 2003 2476 2076 δηλαδὴ
2514 2006 2609 2060 καὶ
2650 2007 3168 2079 συνεπιὸοηθοῦντες
3214 2008 3363 2079 αύτῷ
3414 2010 3812 2074 διαδαστάζοντες

593 2116 695 2156 nes
727 2100 822 2170 qui
872 2112 1095 2154 manum
1130 2095 1460 2167 adiutricem
1503 2093 1864 2149 admoventes
1886 2092 2069 2163 ipsum
2119 2091 2175 2145 in

2275 2091 2415 2166 ἦσαν
2444 2096 2582 2167 πρὸς
2608 2095 2708 2167 τὴν
2734 2098 2982 2169 πορείαν,
3009 2102 3300 2165 κοινωνοὺς
3332 2103 3432 2155 καὶ
3460 2102 3558 2156 τοῦ
3586 2102 3814 2171 θαύματος

594 2200 840 2247 montem
894 2188 1334 2253 transtulerant,
1387 2186 1613 2241 eosdem
1662 2183 1902 2255 prodigii
1950 2197 2176 2254 quoque

2278 2190 2545 2243 ἐποιεῖτο·
2581 2189 2677 2244 καὶ
2712 2189 2862 2255 ὅπως
2907 2191 3003 2244 τοῦ
3050 2192 3255 2257 πάθους
3298 2195 3621 2266 ἀπήλλακτο
3656 2194 3808 2260 δείξας.

595 2286 848 2341 conscios
875 2282 1005 2339 fecit
1022 2299 1037 2349 ;
1054 2296 1303 2350 cumque
1331 2282 1695 2334 monstrasset
1715 2292 1825 2347 quo
1841 2284 2003 2347 pacto
2019 2275 2179 2330 malis

2279 2281 2431 2350 κοινῇ
2458 2281 2594 2351 πρὸς
2621 2280 2714 2335 τὸν
2735 2282 2925 2349 ’Ἃγιον
2952 2285 3277 2356 ,ἐπανῄεσαν
3307 2285 3490 2353 αὖθις,
3508 2289 3651 2358 κοινῇ
3670 2288 3729 2341 τὰ
3742 2285 3811 2353 τῆς

595 2382 885 2445 exemptus
911 2380 1079 2438 esset,
1103 2371 1265 2426 simul
1287 2370 1352 2425 ad
1373 2376 1623 2425 sanctum
1661 2367 1968 2434 redierunt,
2012 2364 2177 2420 simul

1437 2376 1623 2424 nctum
1661 2367 1968 2434 redierunt,
2012 2364 2177 2420 simul
2279 2373 2601 2445 εὐεργεσίας
2627 2374 3027 2447 ἀνωμολόγουν.

598 2464 927 2521 beneficium
978 2461 1217 2518 confessi
1253 2466 1618 2530 agnoverunt.

670 2668 795 2725 I80.
834 2666 1024 2737 Magna
1049 2663 1270 2735 quidem
1295 2670 1353 2717 et
1371 2659 1661 2726 mirabilis,
1690 2659 1827 2722 scio,
1855 2658 2057 2714 accidit
2068 2657 2180 2729 piis

2353 2664 2463 2734 ρπν.
2495 2660 2656 2731 Μέγα
2711 2658 2809 2732 μὲν
2856 2658 2948 2716 οὖν
2980 2655 3097 2715 οῖδα
3142 2658 3412 2729 φιλοθέοις
3454 2660 3634 2725 ἀκοαῖς
3664 2658 3716 2712 τὸ
3750 2656 3807 2709 διο

600 2760 828 2814 nuribus
852 2760 968 2813 haec
993 2755 1261 2819 narratio,
1293 2755 1459 2809 habet
1486 2761 1667 2808 tamen
1694 2753 1860 2807 etiam
1886 2764 2179 2822 supparem

2322 2771 2497 2827 γημα,
2548 2755 2775 2824 ἀδελφὸν
2812 2754 2868 2808 δέ
2912 2755 3062 2824 ὅμως
3106 2754 3204 2808 καὶ
3241 2754 3305 2808 τὺ
3351 2756 3677 2825 ἐπαγόμενον
3707 2751 3804 2821 ἔχει.

603 2853 773 2914 illam,
810 2865 932 2919 qua:
963 2848 1237 2918 sequitur.
1285 2845 1442 2901 Alius
1480 2845 1729 2915 quidam,
1754 2843 2002 2900 Caesarea
2028 2842 2182 2927 ‘Cap-

2320 2851 2513 2920 Ετερος
2542 2850 2651 2919 γάρ
2668 2866 2772 2913 τις,
2815 2850 2879 2903 ἐκ
2900 2847 3236 2919 Καισαρείας
3265 2848 3322 2900 δὲ
3345 2845 3711 2903 Καππαδοκῶν
3730 2842 3808 2911 ὡρ-

603 2943 846 3013 padooia:
872 2940 1165 3006 oriundus,
1199 2955 1231 2994 a
1255 2954 1314 2993 re
1337 2937 1595 2993 familiari
1631 2937 1839 2992 aﬂatim
1868 2952 1973 2992 nec
1994 2937 2184 2993 minus

2288 2940 2549 3009 μημένος,
2590 2936 2704 3007 βίου
2754 2936 2853 3006 μὲν
2897 2936 3099 2999 ἱκανῶς
3137 2937 3241 2990 οὐκ
3284 2938 3518 3009 ἀσήμως
3557 2937 3609 2989 δέ
3640 2933 3720 2990 καὶ
3741 2931 3804 2999 γέ·

602 3054 630 3089 a
660 3037 881 3108 generis
910 3034 1199 3088 nobilitate
1231 3033 1558 3094 instructus,
1581 3030 1775 3086 iisdem
1797 3030 2002 3093 quibus
2024 3044 2185 3099 supe-

2283 3048 2408 3092 νους
2436 3029 2595 3101 ἔχων,
2624 3029 2787 3083 πάθει
2811 3030 2905 3082 καὶ
2933 3028 3087 3100 βάρει
3109 3029 3185 3100 τῷ
3217 3030 3366 3101 αύτῷ
3397 3026 3717 3100 πιεζόμενος,
3740 3026 3806 3077 καὶ

606 3127 722 3180 ι·ἰοι·
776 3124 1109 3178 torminibus
1154 3123 1477 3194 ventrisque
1521 3130 1736 3176 tumore
1766 3120 2177 3187 afﬂictabatur;

2214 3147 2250 3209 ε
2283 3124 2383 3192 τὴν
2415 3122 2515 3192 μὲν
2538 3122 2729 3175 οὐσίαν
2768 3122 2987 3191 τέχναις
3017 3120 3221 3192 ἰατρῶν
3264 3121 3668 3190 ἐκδαπανηθεὶς,
3694 3115 3804 3171 οἰδὲν

600 3222 822 3288 jamque
846 3214 1152 3271 substantia
1177 3213 1326 3268 omni
1351 3215 1406 3267 in
1430 3212 1770 3268 medicorum
1795 3220 1969 3266 artem
1987 3226 2184 3281 expen-

2284 3217 2341 3270 δέ
2379 3215 2505 3271 ἄλλο
2541 3215 2746 3269 τούτων
2797 3214 3058 3284 δνάμενος
3097 3214 3181 3268 ὅτι
3222 3215 3299 3287 μὴ
3334 3215 3437 3288 τὴν
3478 3215 3535 3281 ἐξ
3564 3209 3804 3281 ἀνθρώπων

605 3327 686 3376 sa,
718 3308 867 3364 aliud
900 3306 1039 3361 nihil
1066 3305 1426 3361 emolumenti
1453 3312 1696 3375 ceperat,
1721 3320 1883 3373 quam
1913 3303 2059 3373 quod
2098 3303 2186 3358 di-

2285 3308 2384 3377 τῆς
2431 3306 2729 3377 θεραπεξας
2764 3306 3098 3374 ἀπόγνωσιν,
3145 3307 3240 3359 καὶ
3283 3304 3371 3361 διὰ
3400 3306 3557 3360 τοῦτο
3598 3301 3714 3373 πρὸς
3741 3299 3802 3351 τὸν

606 3402 805 3457 dicerit
853 3399 1193 3455 curationem
1226 3398 1523 3452 humanam
1555 3411 1674 3452 esse
1697 3410 2184 3466 supervacaneam,

2288 3396 2428 3452 θεῖον
2476 3398 2643 3468 ἄνδρα
2673 3396 2862 3451 τοῦτον
2926 3398 3024 3451 καὶ
3069 3397 3169 3467 τὴν
3217 3394 3277 3465 ἐξ
3323 3397 3491 3452 αὐτοῦ
3536 3386 3802 3460 καταφυγὼν

607 3493 845 3563 ideoque
873 3490 940 3546 ad
968 3490 1212 3545 divinam
1246 3487 1419 3544 divini
1456 3487 1688 3558 hujusce
1723 3487 1829 3541 viri
1862 3501 2021 3555 opem
2056 3499 2188 3540 con-

2322 3490 2438 3544 είαν
2473 3489 2753 3561 ἐνέργειαν
2806 3502 2823 3521 ⁸
2859 3483 3014 3553 οὗτος
3050 3488 3203 3558 παρὰ
3238 3489 3331 3542 τὸν
3370 3487 3592 3559 Συμεὼν
3621 3479 3803 3540 ἀνελθὼν

605 3585 828 3657 fugerit.
860 3585 938 3639 Eo
967 3583 1154 3652 itaque
1177 3596 1302 3636 cum
1334 3580 1667 3643 advenisset,
1688 3593 1905 3649 preces,
1927 3578 2184 3650 gemitus,

2286 3584 2519 3652 δεήσεις,
2551 3582 2816 3651 οἰμωγὰς,
2843 3581 3073 3649 δάκρυα,
3101 3583 3210 3635 πᾶν
3253 3581 3308 3634 εἴ
3332 3599 3385 3635 τι
3415 3582 3543 3636 ἄλλο
3567 3576 3803 3645 δυνάμενον

607 3679 895 3748 lacrymas,
930 3684 987 3729 et
1025 3675 1071 3729 si
1101 3673 1234 3743 quid
1270 3681 1533 3742 praeterea
1579 3680 1667 3726 est
1698 3670 1847 3741 quod
1896 3669 2189 3725 commise-

2322 3677 2368 3738 ίς
2392 3669 2572 3728 οἶκτον
2605 3673 2832 3726 ἐλκῦσαι
2866 3673 3064 3744 ψυχὴν,
3100 3674 3237 3744 ὑπὲρ
3268 3676 3366 3742 τῆς
3403 3674 3499 3728 τοῦ
3526 3671 3703 3731 πάθους
3725 3667 3801 3718 ἀπ-

611 3768 880 3821 rationem
931 3764 1078 3819 ciere
1129 3763 1237 3833 piis
1281 3761 1570 3816 animabus
1613 3761 1807 3830 possit,
1843 3775 1942 3829 pro
1975 3759 2189 3814 incolu-

2289 3765 2532 3836 αλλαγῆς
2564 3765 2845 3818 ἐπεδείκνυ
2866 3780 2881 3796 ο
2915 3765 3052 3835 πρὸς
3081 3764 3224 3835 ἅπερ
3255 3758 3467 3830 ἐκεῖνος
3485 3764 3553 3818 τὰ
3582 3759 3801 3826 σπλάγχνα

614 3859 801 3912 unitate
830 3869 887 3910 et
925 3856 1176 3910 dolorum
1215 3853 1541 3923 depulsione
1572 3852 1892 3907 exhibebat.
1916 3851 2017 3906 llis
2057 3863 2191 3904 vero

2320 3856 2500 3919 ιαθὼν,
2555 3859 2635 3920 είς
2683 3858 2999 3928 οἱκτιρμοὺς
3069 3855 3265 3925 ἔϐλεψε
3313 3855 3498 3920 πάλιν,
3562 3854 3670 3915 vos;
3714 3848 3801 3900 ὅσον

614 3951 851 4021 Symeon
882 3948 949 4002 ad
999 3945 1380 4003 miserandum
1434 3954 1646 4006 motus.
1673 3958 1870 3998 versus
1913 3943 2062 3997 illam
2091 3943 2193 3996 nii—

2290 3948 2442 4002 αἰτοῦ
2451 3964 2550 4018 μεν
2575 3948 2662 4001 ἀεὶ
2689 3946 2954 4012 διδόντας,
2979 3946 3074 4000 καί
3102 3963 3246 4008 τινος
3269 3945 3586 4017 αἰσθόμενος
3605 3944 3655 3995 ἐν
3670 3933 3800 4001 ἐαυτῷ

614 4038 969 4093 sericordiam
1003 4037 1195 4092 oculos
1219 4036 1469 4096 sustulit.
1503 4050 1627 4105 qua:
1653 4033 1920 4103 quidquid
1954 4032 2193 4102 petimus

2291 4042 2511 4111 χάριτος
2541 4036 2840 4108 θειοτέρας,
2875 4036 3126 4104 ’Δναϐὰς,
3146 4039 3332 4108 φησὶν,
3367 4038 3579 4108 ἐγγισόν
3608 4050 3701 4103 μοι.
3726 4022 3799 4080 Τοῦ

614 4145 834 4199 semper
856 4129 1052 4184 tribuit
1083 4146 1097 4182 :
1139 4129 1496 4197 sentiensque
1528 4126 1858 4181 diviniorem
1893 4123 2191 4194 quamdam

2290 4130 2347 4184 δὲ
2388 4129 2464 4193 ὡς
2496 4129 2818 4184 κεκέλευστο
2844 4128 3166 4200 δράσαντος,
3209 4131 3446 4202 ἐπείπερ
3495 4129 3693 4196 ἔγγιστα
3728 4118 3795 4189 ἤδη

618 4222 671 4276 in
693 4236 752 4276 se
772 4221 999 4292 gratiam
1018 4238 1031 4275 :
1048 4220 1385 4285 Ascendens,
1405 4219 1608 4289 inquit,
1631 4217 2011 4288 appropinqua
2033 4216 2189 4270 mihi.

2290 4222 2385 4277 τοῦ
2418 4222 2599 4290 ’Δγιου
2632 4222 2774 4275 ἔλθοι
2804 4221 2910 4290 (τίς
2941 4220 3154 4294 ᾅσεται,
3177 4222 3405 4294 Χριστέ,
3431 4223 3499 4276 τὰ
3536 4218 3648 4283 ἐλὲη
3672 4206 3798 4276 σονς)

615 4313 719 4378 Qui
747 4327 872 4366 cum
892 4311 1042 4382 iussa
1068 4325 1193 4364 mox
1214 4324 1533 4379 capescens,
1556 4308 1780 4377 jamque
1803 4306 2049 4376 proxime
2074 4322 2194 4361 sane

2291 4314 2386 4368 τοῦ
2411 4312 2617 4376 πάθους
2650 4313 2851 4376 εὐθέως
2876 4312 3333 4384 θεραπευθέντος,
3376 4316 3405 4368 ὁ
3454 4309 3658 4384 Συμεὼν
3685 4297 3797 4368 ilan

505 4442 516 4455 .
618 4412 765 4458 ctum
798 4403 1028 4457 veniens
1049 4401 1194 4472 (quis
1216 4399 1433 4454 Domini
1456 4398 1870 4453 misericordias
1892 4398 2091 4452 cantab

2293 4407 2389 4461 καὶ
2415 4406 2644 4478 ὄψεικαὶ
2668 4405 2904 4476 γλώττῃ,
2939 4405 3249 4476 ΙΙἌνθρωπε,
3279 4406 3449 4472 ῐασαι,
3478 4401 3680 4472 ἔφηοὨς
3699 4394 3740 4448 δὲ
3758 4388 3798 4442 τδ

619 4498 767 4550 illico
792 4501 1088 4564 persanato
1120 4491 1311 4547 morbo
1351 4491 1644 4545 incolumis
1669 4497 1902 4556 astaret;
1931 4490 2188 4561 Symeon,

2225 4510 2268 4564 ι)
2295 4499 2490 4570 ἁθρόον
2527 4498 2704 4552 ἐκεῖνο
2735 4499 2832 4567 τῆς
2862 4497 3180 4567 θεραπείας,
3209 4497 3305 4550 καὶ
3333 4497 3502 4568 αὐτὴν
3546 4481 3712 4577 ἔϐλαψε
3729 4481 3794 4577 τὴν

617 4586 1016 4661 animadversis
1051 4586 1164 4656 jam
1194 4592 1252 4639 et
1279 4582 1569 4653 repentina
1603 4581 1847 4637 hominis
1885 4582 2192 4645 sanatione,

2296 4588 2391 4642 τοῦ
2440 4588 2740 4657 πάσχοντος
2771 4586 3047 4657 αἴσθησιν,
3102 4586 3391 4656 Οὐδαμῶς,
3439 4586 3555 4653 ἆγιε
3586 4577 3665 4632 τοῦ
3685 4574 3793 4628 Θεοῦ,

619 4690 677 4734 et
702 4677 851 4749 gravi
881 4676 1038 4747 quasi
1064 4676 1246 4731 adhuc
1277 4675 1541 4746 patientis
1567 4690 1755 4737 sensu,
1787 4674 1865 4730 ait
1905 4674 2006 4737 illi,
2041 4674 2195 4729 vultu

2298 4680 2547 4751 δακρύων
2579 4678 2674 4733 καὶ
2708 4677 2910 4731 στένων
2936 4673 3110 4738 εἶπεν,
3141 4676 3279 4730 ἀλλὰ
3314 4676 3518 4746 χαλεπή
3542 4687 3616 4732 τις
3639 4663 3791 4751 ἀνάγκη

620 4748 784 4840 atque
815 4783 911 4824 ore
952 4767 1227 4824 renidenti
1255 4784 1269 4821 :
1301 4767 1371 4820 Mi
1406 4767 1590 4831 homo,
1624 4774 1849 4822 sanatus
1869 4781 1950 4821 es.
1982 4766 2199 4835 Nequa-

2302 4748 2478 4833 πιέζει
2526 4785 2616 4839 με,
2647 4768 2797 4838 ἥδιον
2826 4757 3009 4837 πολλῷ
3052 4766 3147 4820 τοῦ
3179 4767 3278 4836 ζῇν
3321 4764 3492 4828 οὕτως
3529 4748 3793 4829 ἐργαζομένη

619 4877 806 4930 quam,
834 4871 1023 4916 sancte
1047 4861 1163 4925 Dei,
1189 4861 1266 4914 ait
1290 4860 1430 4914 alter
1454 4858 1594 4913 ﬂens
1621 4866 1786 4927 atque
1808 4857 2198 4929 ingemiscens.

2305 4879 2394 4929 μοι
2446 4861 2506 4914 τὺ
2538 4860 2739 4914 θανεῖν.
2783 4859 2840 4913 '0
2879 4859 2936 4913 δέ
2987 4859 3170 4930 ἡρέμα
3223 4858 3499 4928 προσθεὶς,
3547 4845 3791 4938 Ἐρεύνησον

620 4952 715 5007 sed
733 4960 977 5007 extrema
1003 4951 1252 5021 quaedam
1277 4949 1579 5003 necessitas
1602 4963 1688 5001 me
1714 4947 1938 5017 premit,
1961 4947 2199 5016 facitque

2302 4953 2514 5018 ἐαυτὸν,
2548 4953 2674 5023 ἔφη,
2706 4951 2800 5005 καὶ
2818 4952 2940 5025 εῐσῃ
2963 4951 3148 5020 σαφῶς
3178 4951 3261 5004 ὃτι
3292 4950 3385 5003 τοῦ
3408 4948 3596 5005 πάθους
3619 4933 3793 5025 idP-1'

624 5054 685 5099 ut
713 5060 862 5099 mors
896 5045 1029 5099 mihi
1064 5045 1224 5113 longe
1260 5042 1467 5112 gratior
1493 5040 1587 5094 tali
1623 5040 1734 5095 vita
1762 5040 1853 5093 sit.
1889 5039 2044 5093 Tunc
2071 5055 2201 5094 san-

2303 5045 2412 5109 ξαι.
2466 5042 2554 5106 Ὧς
2603 5043 2660 5096 δὲ
2696 5045 2761 5114 τῇ
2801 5022 2945 5113 χειρί
2982 5044 3079 5112 τὴν
3125 5043 3351 5112 ἔρευναν
3383 5034 3669 5109 ἐπιτρέψας,
3697 5022 3791 5124 Ep“

621 5146 745 5193 ctus
783 5137 949 5192 tacite
979 5134 1319 5207 subiiciens:
1350 5132 1631 5193 Scrutare,
1668 5131 1870 5200 inquit,
1891 5130 2198 5203 temetipse,

2304 5138 2498 5190 ἑαυτὸν
2546 5137 2755 5203 ἀπαθῆ,
2788 5136 2883 5189 τοῦ
2918 5136 3084 5204 ὄγκου
3127 5137 3474 5190 παντάπασιν
3517 5114 3792 5183 ὑπολεανθέν·

619 5229 995 5299 etcomperies
1006 5245 1072 5284 ex
1088 5236 1201 5282 toto
1212 5226 1580 5281 convaluisse.
1599 5222 1736 5279 Cum
1769 5233 1953 5278 autem
1970 5223 2016 5278 is
2036 5239 2199 5277 manu

2187 5240 2199 5276 l
2302 5243 2415 5294 τος,
2458 5229 2534 5291 ὼς
2578 5228 2742 5299 μηδὲν
2773 5245 2824 5280 τι
2863 5223 2956 5281 οὖν
2992 5225 3489 5297 ἐπισημαίνειν,τοῦ
3516 5216 3636 5275 κατὰ
3660 5208 3776 5299 quia"

622 5322 928 5392 periculum
963 5321 1083 5391 ejus
1115 5318 1194 5373 rei
1226 5318 1468 5383 fecisset,
1502 5331 1561 5371 se
1601 5315 1933 5370 incolumem
1972 5315 2198 5385 reperit,

2309 5319 2515 5388 ἰλίγγου
2544 5298 2846 5388 πληροῦται
2888 5319 2983 5370 καὶ
3009 5316 3197 5387 δίνης·
3228 5318 3367 5389 ὅπερ
3393 5317 3453 5370 οὐ
3484 5312 3635 5377 λύπης
3670 5298 3791 5394 illiw,“

624 5411 816 5466 tubere
830 5413 981 5465 omni
1008 5409 1233 5464 omnino
1251 5409 1497 5463 emollito
1528 5416 1584 5461 et
1603 5407 1855 5476 depulso.
1884 5405 2019 5461 Cum
2039 5406 2204 5476 igitur

2198 5424 2204 5436 '
2305 5413 2417 5465 δίου
2457 5412 2638 5481 μόνον,
2675 5410 2810 5464 ἀλλὰ
2841 5411 2935 5463 καὶ
2967 5411 3141 5479 χαρᾶς
3172 5408 3445 5481 ὑπερϐολὴ
3486 5398 3701 5459 πολλάκις
3724 5398 3788 5436 π⁶⁶

622 5503 757 5557 nihil
775 5503 1096 5573 quidquam,
1119 5502 1266 5571 quod
1285 5518 1316 5556 a
1342 5508 1538 5555 natura
1559 5499 1801 5554 alienum
1822 5509 1986 5562 esset,
2005 5500 2204 5569 depre-

2197 5531 2204 5540 -
2308 5520 2445 5568 φυκε
2469 5503 2625 5573 δρᾷν,
2653 5502 2731 5574 τῷ
2758 5501 3006 5571 ἀδοκήτῳ
3039 5501 3133 5553 τοῦ
3171 5502 3492 5571 πράγματος
3517 5494 3569 5547 τὺ
3592 5487 3671 5555 τῆς
3694 5487 3787 5567 καρς

624 5594 913 5659 henderet,
935 5601 1072 5648 aastu
1094 5593 1260 5647 animi
1282 5593 1525 5662 repletus
1543 5606 1608 5645 ac
1625 5590 1894 5661 vertigine
1910 5590 2075 5661 (quod
2094 5607 2204 5645 non

2194 5608 2204 5645 ¹
2307 5596 2423 5657 δίας
2479 5594 2680 5665 θερμὸν
2737 5593 3095 5657 συστείλασα,
3148 5592 3244 5646 καὶ
3303 5591 3494 5661 νεκρὰς
3539 5583 3693 5679 ὥσπερ
3727 5577 3784 5657 τοξ

626 5691 790 5741 modo
807 5686 1080 5757 repentini
1105 5687 1309 5750 luctus,
1331 5700 1526 5738 verum
1551 5684 1716 5738 etiam
1741 5685 1925 5754 gaudii
1949 5700 2207 5740 excessus

2195 5702 2207 5740 ι
2312 5686 2560 5755 σώματος
2605 5685 2705 5748 τὰς
2745 5684 3024 5755 ἐνεργείας
3058 5681 3421 5735 ἀπολιποῦσα.
3462 5680 3514 5731 '0
3538 5672 3619 5745 μὲν
3650 5668 3785 5757 σὺν-τέ’

630 5790 736 5829 non
765 5792 891 5830 raro
923 5777 1211 5831 consuevit
1239 5776 1476 5840 ellicere,
1510 5790 1635 5829 cum
1668 5791 1725 5829 re
1754 5777 2008 5846 quapiam
2050 5779 2201 5833 inex-

2190 5809 2201 5818 -
2312 5777 2406 5831 τοῦ
2457 5748 2782 5849 πράγματος
2815 5748 3107 5847 παραδόξῳ
3137 5772 3519 5841 καταπλαγεὶς,
3554 5763 3696 5825 ὀλίγον
3715 5748 3780 5799 δῶ
