4026 6292
297 392 438 457 3153

1303 400 1482 457 νιΤΑ
1519 399 1568 455 Α
1599 395 2037 458 NICEPHORO
2073 398 2556 460 CONSCRIPTA.

3408 391 3549 455 315i

290 501 481 572 ἔμελλε
531 503 906 574 περιτρέπειν,
948 504 997 557 εἰ
1045 505 1120 576 μὴ
1157 505 1344 575 χεῖρας
1382 503 1531 575 αύτῷ
1576 521 1721 568 τινες
1767 506 1870 558 τῶν

1979 514 2220 575 spectata
2250 507 2402 562 calor
2422 504 2607 561 cordis
2627 503 2997 567 contrahitur,
3020 510 3076 558 et
3091 503 3342 572 corporis
3356 518 3550 572 opera-

291 592 580 663 παρόντων
611 594 713 646 ea:
721 611 866 665 σχον.

1974 598 2156 652 tiones
2182 598 2335 652 velut
2362 606 2628 652 emortua;
2659 594 2968 659 desinunt),
3014 594 3277 663 repletus,
3303 594 3550 662 inquam.

289 698 519 757 stupore
542 690 615 743 ob
644 689 722 744 rei
753 705 863 745 non
892 691 1127 761 opinata:
1158 690 1663 756 admirabilitatem,
1731 706 1900 761 prope
1940 691 2043 746 fuit
2086 701 2148 747 ut
2178 700 2482 756 corrueret,
2516 690 2625 745 nisi
2660 689 2887 760 quidam
2951 688 3304 758 praesentium
3339 688 3552 759 injectis

290 784 550 839 manibus
584 786 1020 854 prohibuissent.

365 882 515 947 ρπα¹.
538 878 1168 957 Καταπεπληγμένωνδὲ
1188 880 1383 951 κομιδῇ
1405 879 1501 933 καὶ
1520 879 1736 933 πάντων
1756 879 1874 932 ὅσοι

2045 875 2169 930 181.
2212 876 2323 931 Nec
2341 876 2524 931 minor
2553 891 2769 940 omnes,
2790 874 2886 945 qui
2914 874 3051 930 tanti
3075 872 3313 944 prodigii
3340 882 3554 944 specta—

216 972 232 1050 ξ
283 965 381 1019 τοῦ
410 965 628 1020 τοσοῦδε
664 965 940 1035 θαύματος
972 966 1267 1036 ἐτύγχανον
1309 969 1517 1035 θεαταὶ,
1544 969 1606 1023 τὸ
1639 968 1865 1023 παλαιὸν

1979 975 2123 1022 tores
2147 967 2421 1034 astabant,
2452 976 2645 1037 stupor
2682 965 2928 1021 incessit.
2956 965 3110 1021 Unus
3143 965 3407 1035 Angulas,
3440 966 3554 1035 jam

199 4816 253 4908 gs

286 1056 384 1112 τοῦ
415 1058 654 1128 πονηροῦ
682 1057 819 1127 πρὸς
849 1058 1048 1112 κακίαν
1099 1060 1330 1129 ὄργανον
1357 1060 1385 1112 ό
1431 1061 1749 1131 Ἀγγουλᾶς,
1799 1063 1866 1116 ἐκ

292 1150 462 1204 ιιέσου
485 1150 688 1204 τούτων
722 1149 1032 1214 ὑπολαϐὼν,
1074 1152 1132 1206 ⁸0
1162 1153 1258 1222 μὲν
1284 1150 1378 1208 οῦν
1411 1155 1596 1223 ὄγκος,
1626 1155 1701 1216 ὡς
1727 1152 1869 1224 ὁρῶ-

296 1259 421 1314 μεν,
449 1242 641 1314 ᾤχετο,
678 1242 783 1314 εφη
807 1258 823 1273 ⁸
850 1243 906 1297 τί
939 1243 998 1297 δὲ
1026 1245 1122 1298 καὶ
1145 1246 1175 1297 ό
1192 1245 1445 1309 τοσοῦτος
1483 1246 1577 1299 τοῦ
1606 1247 1873 1316 δέρματος

296 1331 517 1398 κόλπος,
541 1332 641 1386 εἶτ’
664 1332 758 1388 οῦν
781 1333 842 1387 τὸ
866 1336 1357 1406 ύποπεπλησμένον
1385 1332 1479 1387 τοῦ
1506 1333 1671 1402 ὄγκου
1699 1333 1876 1403 δέρμα

295 1425 546 1492 γεγόνεις
605 1427 706 1495 ἐμὲ
757 1428 866 1498 γάρ
921 1428 982 1481 ού
1016 1427 1253 1498 μετρίως
1302 1426 1371 1479 τὰ
1396 1424 1623 1480 τοιαῦτα
1662 1424 1876 1492 πέφυκε

298 1516 693 1581 σκανδαλίζειν.
751 1519 920 1583 Εἰδὼς
980 1520 1159 1573 τοίνυν
1192 1521 1220 1572 ὁ
1271 1518 1461 1586 Μέγας
1502 1519 1698 1587 πεῖραν
1736 1510 1873 1567 εἷναι
1919 1518 1935 1531 ⁶

296 1607 457 1662 τοῦτο
483 1610 577 1663 τοῦ
607 1610 875 1681 βασκάνου
902 1613 996 1665 καὶ
1024 1612 1209 1673 πάλιν,
1230 1612 1404 1666 ὁπόσα
1431 1609 1527 1665 καὶ
1551 1607 1768 1681 γλώττῃ
1798 1604 1874 1676 τῷ

295 1697 470 1769 ἀθλίῳ
501 1701 670 1772 τούτῳ
700 1702 1004 1774 χρωμένου,
1037 1704 1360 1773 ἑμφυσήσας
1397 1702 1476 1773 τῷ
1507 1700 1868 1770 ἀναισχύντῳ,

298 1790 388 1842 ἵνα
411 1792 506 1843 καὶ
526 1790 625 1862 τήν
652 1795 900 1849 ἐναντίαν
933 1794 1180 1866 ἀπελάσῃ
1204 1794 1454 1865 δύναμιν,
1490 1794 1549 1846 '0
1579 1792 1672 1846 τὸν
1694 1790 1880 1845 τοσοῦ-

298 1899 412 1949 τον,
436 1884 566 1953 ἔφη,
589 1884 783 1949 λεάνας
800 1887 963 1955 δγκον
989 1888 1083 1941 καὶ
1096 1887 1376 1950 διαλύσας,
1399 1888 1501 1939 οὐκ
1526 1885 1634 1955 ἄρα
1654 1877 1879 1948 δυνατὸς

295 1967 454 2036 οὗτος
481 1978 577 2029 καὶ
604 1977 666 2030 τὸ
697 1978 874 2049 δέρμα
910 1980 1133 2045 συνάξαι
1160 1978 1322 2032 πάλιν
1364 1978 1458 2032 καὶ
1485 1976 1872 2040 καταστεῖλαι;

310 2065 452 2117 Ἀλλ’
502 2069 532 2121 ό
581 2067 681 2138 μὲν
732 2069 829 2140 τήν
878 2071 973 2123 τοῦ
1015 2070 1247 2132 παλαιοῦ
1274 2070 1534 2140 πολεμίου
1568 2069 1877 2140 προσϐολὴν

295 2157 471 2230 ταύτῃ
490 2160 585 2212 καλ⁵
611 2160 705 2214 νῦν
726 2161 1098 2233 διεκρούσατο,
1120 2165 1280 2234 ἡμεῖς
1300 2162 1359 2215 δὲ
1383 2162 1517 2235 πρὸς
1542 2162 1610 2215 τὰ
1629 2160 1757 2232 έξῆς
1779 2159 1875 2213 τοῦ

294 2247 456 2315 λόγου
484 2250 814 2322 τρεψόμεθα.

372 2338 514 2408 ρπβν.
554 2341 804 2413 Μοναχός
858 2360 940 2405 τις
994 2342 1138 2397 κατά
1178 2343 1498 2398 Λαοδίκειαν
1537 2342 1638 2412 τῆς
1673 2341 1876 2414 Συρίας

292 2430 773 2501 ὲγκεκλεισμένος,
812 2434 948 2505 πρός
976 2450 1037 2487 τε
1068 2434 1166 2505 τήν
1211 2435 1443 2505 χρονίαν·
1474 2432 1753 2503 κάθειρξιν
1780 2435 1876 2488 καλ⁸

294 2522 396 2593 τὴν
459 2523 660 2595 συχνὴν
714 2526 950 2599 ἐρημίαν
1004 2525 1329 2596 ἀκηδιάσας,
1368 2525 1626 2597 ἀφορμὴν
1685 2525 1875 2597 ὥσπερ

293 2616 398 2666 οὐκ
425 2615 632 2669 ἐλάττω
652 2619 753 2687 τῆς
770 2618 1000 2687 ἡσυχίας
1016 2619 1114 2690 τὴν
1136 2619 1217 2681 είς
1252 2618 1345 2671 τὸν
1365 2617 1506 2671 θεῖον
1532 2617 1758 2688 Συμεὼν
1777 2620 1873 2675 ἄν·

295 2706 416 2759 οδον
444 2707 689 2777 θέμενος,
722 2709 997 2779 ἐμήνυσεν
1025 2709 1172 2780 αὐτῷ
1202 2710 1403 2781 θερμὸν
1433 2709 1614 2779 ἔρωτα
1646 2710 1746 2782 τῆς
1776 2712 1874 2766 αῦ-

295 2795 393 2849 τοῦ
416 2799 841 2869 προσκυνήσεως
875 2798 1042 2870 ἔχειν,
1079 2800 1173 2852 καὶ
1204 2800 1302 2871 ἤδη
1332 2798 1617 2870 βούλεσθαι
1639 2802 1871 2857 ἀνιέναι.

302 2889 370 2942 '0
399 2890 457 2943 δὲ
492 2890 554 2944 τὺ
587 2890 941 2964 μικροψύχως
974 2893 1067 2947 ὑπ’
1090 2892 1259 2951 αὑτοῦ
1301 2893 1587 2963 γινόμενον
1617 2892 1720 2946 οὐκ
1767 2896 1872 2962 ἀγ-

1972 1059 2187 1129 pridem
2223 1061 2491 1115 daemonis
2536 1060 2606 1114 ad
2638 1060 2782 1113 mala
2817 1057 3553 1128 perpetrandainstrumen-

1975 1159 2113 1216 tum,
2145 1168 2176 1207 e
2204 1152 2386 1206 media
2422 1151 2580 1206 turba
2621 1151 2970 1221 proclamans
3015 1166 3029 1203 :
3071 1149 3278 1203 Tumor
3308 1148 3555 1218 quidem,

1979 1243 2181 1314 inquit,
2215 1243 2377 1310 abiit,
2417 1252 2479 1299 ut
2520 1243 2775 1299 videmus
2805 1260 2820 1297 :
2848 1258 3042 1297 verum
3075 1242 3206 1312 quid
3242 1249 3428 1296 tantus
3455 1241 3557 1297 iste

1977 1333 2138 1401 pellis
2166 1334 2362 1388 sinus?
2385 1332 2529 1403 quid
2554 1334 2600 1389 si
2624 1342 2841 1387 tumore
2867 1333 3050 1387 denuo
3074 1331 3451 1401 compleatur?
3475 1330 3558 1395 Mc

1977 1426 2262 1481 enimvero
2284 1442 2397 1482 non
2419 1425 2777 1481 mediocriter
2801 1425 2981 1479 solent
3009 1424 3136 1478 talia
3158 1424 3555 1479 scandalizare.

1973 1516 2080 1571 Pro
2109 1525 2394 1586 comperto
2415 1526 2600 1573 autem
2624 1516 2837 1572 habens
2875 1530 3108 1586 magnus
3133 1515 3373 1587 Symeon
3431 1524 3522 1569 ten
3540 1545 3555 1553 ο

1980 1606 2245 1663 tationem
2278 1623 2400 1664 esse
2446 1609 2618 1664 invidi
2676 1610 2849 1664 hostis
2880 1608 3079 1675 nostri,
3124 1624 3223 1679 per
3260 1608 3555 1663 osmiseri

1902 1681 1945 1736 Β
1981 1698 2142 1755 istius
2174 1700 2476 1770 loquentis,
2513 1700 2814 1755 insulilavit
2852 1702 2906 1755 in
2946 1700 3343 1771 impudentem,
3389 1710 3559 1771 utque

1980 1791 2189 1848 inimici
2234 1801 2564 1863 potestatem
2593 1794 2663 1848 ab
2701 1810 2770 1849 eo
2817 1795 3149 1864 repelleret:
3185 1794 3329 1860 ρων
3354 1794 3556 1864 inquit.

1982 1884 2308 1940 mollescere
2332 1892 2496 1954 atque
2513 1901 2843 1941 evanescere
2866 1885 2999 1940 fecit
3026 1892 3299 1940 tumorem
3322 1892 3560 1951 tantum,

1977 1989 2162 2029 nonne
2186 1976 2334 2032 idem
2369 1977 2545 2047 possit
2578 1993 2798 2047 quoque
2829 1978 3029 2046 pellem
3057 1977 3316 2065 colligere
3346 1992 3411 2032 ac
3428 1992 3560 2033 con-

1978 2064 2200 2120 trahere
2223 2065 2407 2121 denuo
2421 2067 2445 2120 ⁸1
2459 2066 2640 2137 Atque
2664 2068 2757 2122 ille
2778 2069 3003 2138 quidem
3024 2068 3106 2122 sic
3128 2064 3392 2137 impetum
3418 2069 3562 2122 anti-

1976 2156 2073 2225 qui
2094 2156 2271 2211 hostis
2290 2157 2458 2213 etiam
2482 2167 2615 2214 tunc
2641 2160 2944 2229 repressit:
2972 2175 3075 2217 nos
3100 2174 3237 2214 vero
3255 2160 3322 2214 ad
3348 2159 3559 2229 reliqua

1976 2249 2313 2317 pertexenda
2344 2251 2742 2306 convertimur.

2050 2363 2170 2419 182.
2197 2363 2427 2431 Quidam
2459 2368 2762 2423 monachus
2788 2368 3071 2427 Laodiceae
3092 2368 3261 2440 Syriae
3290 2369 3557 2430 inclusus.

1977 2453 2342 2513 diuturnioris
2392 2458 2662 2519 clausura:
2696 2474 2760 2515 ac
2794 2459 3109 2515 solitudinis
3158 2467 3439 2529 perpetuae
3469 2469 3560 2515 ta:-

1977 2546 2093 2613 dio,
2143 2549 2513 2605 meditabatur
2562 2552 2775 2613 aditum
2819 2552 2888 2607 ad
2926 2562 3180 2608 sanctum
3212 2552 3559 2625 Symeonem,

1975 2640 2147 2694 veluti
2194 2643 2540 2698 occasionem
2561 2659 2690 2706 non
2726 2646 2910 2703 minus
2934 2644 3107 2715 quieti
3147 2654 3511 2714 opportunam
3542 2664 3556 2699 :

1974 2732 2199 2801 jamque
2224 2732 2638 2802 significaverat
2661 2748 2825 2803 quam
2859 2733 3075 2788 ardenti
3106 2730 3383 2788 desiderio
3409 2739 3563 2786 teneo

1978 2832 2152 2888 retur,
2170 2825 2347 2894 ipsum
2367 2825 2656 2889 adorandi,
2682 2825 2942 2896 quodque
2972 2827 3027 2879 in
3056 2825 3343 2895 procinctu
3371 2822 3440 2878 ad
3460 2823 3561 2884 iter

1977 2922 2166 2970 staret.
2200 2915 2305 2971 Sed
2330 2916 2421 2976 ille
2483 2916 2538 2971 in
2585 2915 3097 2986 pusillanimitatetn
3144 2914 3407 2968 incidisse
3434 2929 3558 2968 eun:

296 2983 501 3053 νοήσας
522 3024 537 3049 ,
570 2987 681 3054 υύχ
729 2986 877 3039 ὅσιον
913 2987 1037 3040 οὐδὲ
1067 2987 1298 3059 πρέπον,
1341 2987 1467 3058 ἔφη.
1502 2988 1872 3042 καταλιπόντα

1979 3006 2302 3076 neutiquam
2338 2983 2617 3077 ignorans,
2648 3006 2975 3076 respondit:
3012 3003 3126 3059 Nec
3155 3005 3308 3075 pium
3348 3012 3434 3059 est
3462 3020 3561 3058 nec

297 3077 361 3128 τὸ
397 3080 724 3147 προσκυνεῖν
747 3078 867 3151 Θεῷ
907 3080 967 3133 ὲν
995 3080 1132 3152 αὐλῇ
1169 3079 1305 3152 ἁγίᾳ
1351 3079 1538 3147 αὐτοῦ,
1567 3079 1695 3151 ήτις
1731 3081 1878 3133 ἐστὶν

295 3152 328 3220 ὃ
357 3169 452 3221 τοῦ
491 3169 727 3241 μοναχοῦ
758 3171 996 3235 οίκίσκος
1026 3172 1251 3242 ἀρεταῖς
1303 3171 1542 3235 ἀπάσαις
1593 3171 1877 3242 καταλαμ-

301 3260 538 3329 πόμενος
567 3278 628 3314 τε
662 3263 758 3316 καὶ
793 3264 1221 3335 πλατυνόμενος,
1249 3266 1329 3327 είς
1377 3262 1668 3335 ἀνθρώπου
1710 3279 1884 3334 προσ-

296 3352 529 3422 κύνησιν
547 3354 724 3424 ήκειν*
772 3355 1128 3427 Ὑπόμεινον
1154 3356 1286 3428 γὰρ,
1316 3358 1469 3427 φησι,
1498 3357 1606 3411 τὸν
1636 3358 1879 3425 Κύριον,

296 3451 332 3500 ό
363 3446 507 3511 θεῖος
557 3445 759 3513 Δαυτιδ,
811 3449 911 3502 καὶ
966 3449 1245 3518 φύλαξον
1300 3449 1417 3516 τὴν
1478 3448 1625 3503 ὁδὸν
1670 3448 1887 3507 αὐτοῦ,

299 3536 490 3591 Ταῦτα
512 3538 815 3608 τηνικαῦτα
846 3538 944 3609 μὲν
978 3540 1177 3609 ὲπέσχε
1217 3538 1310 3592 τὸν
1340 3541 1575 3609 μοναχόν
1600 3555 1615 3570 ο
1650 3537 1745 3593 τοῦ
1775 3540 1883 3593 πά-

298 3628 431 3692 θους
463 3628 521 3682 δὲ
551 3631 693 3700 μετὰ
721 3631 917 3702 μικρὸν
942 3631 1427 3697 δυναστεύσαντος,
1456 3632 1674 3697 ἔξεισιν,
1695 3632 1757 3684 οὐ
1780 3631 1883 3701 τὴν

299 3720 537 3791 ἡσυχίαν
576 3722 706 3790 παρ’
733 3722 886 3775 οὐδὲν
917 3721 1076 3792 μόνον
1105 3721 1225 3774 οὐδὲ
1273 3721 1372 3792 τὴν
1405 3720 1884 3793 κάθειρξινθέμε-

304 3829 416 3876 νος,
458 3813 597 3867 ἀλλά
639 3813 743 3867 διαὶ
790 3816 871 3877 είς
937 3814 1216 3882 πορνείαν,
1267 3815 1458 3884 οῖμοιί
1514 3813 1882 3883 κατενεχθεὶς,

305 3903 510 3975 πτῶμα
569 3904 732 3959 τίνων
795 3905 859 3958 οὐ
914 3905 1205 3977 δακρύων,
1252 3907 1424 3959 ποίων
1482 3906 1583 3959 οὐκ
1634 3906 1886 3978 ὀδυρμῶν

298 3997 454 4062 ἀξιον
475 3999 488 4051 !
1608 4007 1639 4019 ί

378 4095 525 4159 ρπγ’.
560 4090 792 4144 Ἔπειτα
845 4091 1030 4160 μέντοι
1089 4090 1366 4161 παρέϐαλε
1424 4091 1503 4162 τῷ
1568 4090 1756 4163 Ἀγίῳ,
1789 4093 1887 4163 τῆς

1981 3097 2169 3163 decet,
2197 3098 2242 3153 si
2263 3098 2478 3155 desinat
2507 3100 2633 3169 quis
2664 3099 2838 3157 Deum
2856 3097 3089 3155 adorare
3129 3097 3183 3151 in
3226 3096 3349 3151 aula
3375 3105 3560 3150 sancta

1982 3205 2103 3254 sua,
2157 3190 2336 3260 qualis
2387 3197 2472 3244 est
2519 3189 2654 3245 cella
2697 3187 2976 3252 monachi,
3016 3188 3283 3248 virtutum
3315 3186 3561 3240 omnium

1983 3279 2275 3349 splendore
2303 3278 2584 3350 refulgens
2620 3294 2684 3333 ac
2706 3277 2929 3343 referta,
2963 3276 3263 3346 veniatque
3289 3275 3357 3330 ad
3382 3274 3563 3329 homi-

1981 3383 2110 3423 nem
2133 3368 2496 3424 adorandum.
2521 3368 2788 3438 Exspecta
2809 3367 3118 3431 Dominum,
3142 3366 3366 3420 divinus
3386 3365 3565 3434 inquit

1981 3459 2176 3523 David,
2203 3468 2252 3514 et
2269 3459 2470 3515 custodi
2498 3460 2639 3513 viam
2662 3460 2776 3529 ejus
2799 3457 2867 3510 “.
2890 3455 3017 3511 Haec
3034 3466 3147 3511 tum
3170 3456 3395 3526 quidem
3424 3454 3569 3508 inhio

1984 3551 2237 3606 buerunt
2264 3550 2637 3617 monachum;
2671 3565 2866 3612 verum
2903 3549 3067 3619 paulo
3102 3556 3245 3617 post,
3267 3545 3562 3615 praedomi-

1985 3652 2150 3698 nante
2178 3643 2374 3697 eadem
2391 3643 2560 3697 animi
2590 3641 3035 3712 perturbatione,
3054 3639 3209 3702 exiit,
3247 3638 3569 3707 relinquens

1985 3749 2100 3788 non
2132 3734 2308 3788 solum
2343 3734 2586 3802 quietem
2610 3748 2765 3788 suam
2794 3742 2966 3803 atque
3000 3733 3329 3793 claustrum,
3380 3730 3475 3783 sed
3507 3730 3560 3783 in

1986 3822 2410 3878 fornicationem
2443 3838 2689 3893 quoque,
2752 3824 2863 3879 heu
2917 3825 3038 3878 mel
3104 3821 3380 3882 incidens,
3431 3836 3560 3875 casn

1988 3914 2194 3984 quibus
2217 3929 2329 3969 non
2364 3914 2645 3987 lacrymis,
2695 3915 2916 3986 quibus’
2953 3930 3064 3969 non
3117 3912 3435 3984 planctibus
3482 3912 3567 3967 di-

1987 4019 2095 4073 gno
2120 4005 2135 4058 l

2062 4096 2185 4150 183.
2215 4096 2421 4151 Deinde
2459 4105 2640 4151 tamen
2681 4098 2853 4151 sancti
2885 4108 3170 4169 aspectum
3205 4099 3399 4165 subiit,
3431 4099 3559 4154 nul—

304 4179 409 4247 μὲν
438 4179 712 4250 ἁμαρτίας
748 4181 869 4235 οὐδὲ
934 4180 1096 4254 ψιλὴν
1137 4183 1275 4246 ὅλως
1319 4182 1641 4254 ποιούμενος
1669 4185 1879 4255 μνήμην

1989 4187 2097 4243 lam
2123 4189 2208 4242 vel
2253 4189 2635 4245 tenuissimam
2684 4187 2887 4257 (qualia
2918 4191 3140 4262 maligni
3166 4192 3399 4261 spiritus
3442 4192 3571 4246 arti-

299 4266 416 4340 (οἶα
449 4272 520 4325 τά
563 4272 659 4326 τοῦ
710 4273 954 4346 πονηροῦ
1006 4274 1380 4347 τεχνάσματα,
1426 4274 1743 4345 καὶήπρὸς
1794 4274 1888 4343 τὴν

1991 4278 2148 4334 ﬁcia!
2179 4282 2360 4350 qualis
2389 4282 2724 4338 verecundia
2757 4283 2823 4337 ad
2880 4281 3255 4337 confitendum
3298 4283 3566 4337 malitiam

302 4363 695 4437 ἐξομολόγησιν
727 4366 822 4421 τοῦ
852 4368 1025 4421 κακοῦ
1062 4371 1183 4433 ταῖς
1212 4368 1321 4422 τῶν
1351 4366 1663 4438 ἀνθρώπων
1687 4367 1879 4438 ψυχαῖς

1992 4384 2173 4437 suam,
2219 4371 2478 4429 humanis
2519 4374 2799 4429 mentibus
2858 4373 3164 4445 ingenita!)
3217 4374 3432 4445 peccati
3484 4375 3568 4429 sui

302 4459 636 4528 ἐγγινομένη
686 4457 849 4522 αίδώς
874 4459 941 4529 ι),
971 4459 1068 4531 τὴν
1100 4459 1157 4513 δὲ
1184 4459 1286 4529 τῆς
1339 4457 1605 4529 συνήθους
1653 4459 1881 4530 ἡσυχίας

303 4548 581 4603 ἔκπτωσιν
658 4550 872 4620 πικρῶς
927 4551 1270 4623 ὀδυρόμενος.
1339 4552 1408 4605 Ὁ
1464 4551 1520 4605 δὲ
1584 4551 1884 4622 ὀφθαλμοῖς

302 4638 555 4702 ἀθεάτοις
615 4641 680 4693 τά
740 4643 1098 4712 κεκρυμμένα
1133 4642 1296 4714 ὁρῶν,
1348 4643 1442 4696 καὶ
1489 4641 1584 4695 τοῦ
1644 4643 1882 4712 χαλεποῦ

307 4726 510 4795 μύσους
546 4728 757 4781 ἐκείνου
803 4730 895 4784 τὸν
933 4730 1166 4802 μοναχὸν
1215 4732 1569 4800 ἀποκαθᾶραι
1621 4731 1882 4803 βουλόμε-

303 4829 412 4876 νος,
440 4814 514 4866 Ού
556 4816 882 4887 συναλγήσω
920 4835 1023 4885 σοι,
1059 4819 1243 4889 φησιν,
1274 4821 1357 4873 ὅτι
1398 4821 1489 4874 τὸν
1515 4821 1608 4874 τοῦ
1636 4824 1881 4877 οίκίσκου

305 4905 603 4977 διέρῤηξας
653 4913 851 4980 τοῖχον,
880 4911 1002 4964 ἐπεί
1063 4929 1145 4965 σοι
1181 4912 1278 4965 καὶ
1308 4912 1572 4967 εἰσελθεῖν
1623 4913 1782 4977 αὖθις
1813 4916 1883 4971 δι’

305 4998 473 5053 αὑτοῦ
506 5003 659 5073 ῥᾷον,
691 5004 786 5057 καὶ
835 5005 966 5058 εῐσω
1012 5005 1267 5074 γενέσθαι
1299 5006 1462 5061 πάλιν
1504 5007 1879 5064 ἐπανελθόντι·

303 5092 421 5147 ἀλλ’
447 5094 530 5148 ότι
554 5097 648 5149 τὸν
677 5098 780 5167 τῆς
818 5097 999 5169 ψυχῆς
1024 5099 1351 5161 κατέσεισας
1392 5100 1623 5172 πύργον,
1658 5102 1756 5155 καὶ
1807 5103 1884 5175 τῷ

302 5186 506 5258 ἐχθρῷ,
562 5188 696 5257 φεῦί
726 5191 1072 5261 αἰχμάλωτος
1100 5191 1444 5263 ἀπηνέχθης,
1488 5197 1571 5258 εἰς
1624 5196 1882 5266 πορνείαν

304 5281 724 5352 κατολισθήσας.
755 5283 943 5338 Ταῦτα
1003 5284 1097 5338 τὸν
1151 5286 1385 5356 μοναχὸν
1448 5286 1791 5356 καταπλῆξαι
1822 5305 1881 5340 τε

302 5372 420 5440 ἅμα
452 5371 551 5426 καὶ
582 5375 919 5441 καταιδέσαι,
947 5377 1010 5431 τὸ
1048 5377 1147 5447 μὲν
1193 5380 1258 5448 τῇ
1304 5378 1412 5431 τῶν
1444 5377 1683 5448 ἐλέγχων
1728 5378 1882 5431 Eleu-

303 5464 461 5537 θερίᾳ
493 5468 588 5521 ἐπὶ
620 5471 730 5533 τοῖς
761 5470 995 5540 ἀδήλως,
1028 5470 1105 5533 ὡς
1161 5470 1324 5534 αὐτὸς
1373 5467 1531 5540 ᾤετο,
1572 5470 1882 5543 διαπεπρα-

300 5561 545 5631 γμένοις,
594 5561 656 5616 τὸ
706 5562 763 5617 δὲ
794 5564 873 5635 τῷ
914 5565 1135 5635 μεγέθει
1185 5566 1284 5637 τῆς
1331 5565 1563 5637 ὕϐρεως,
1612 5566 1679 5637 ἢν
1719 5566 1882 5632 αὐτὸς

299 5651 384 5717 εἰς
444 5652 639 5709 ἑαυτὸν
700 5653 901 5719 ἀθλίως
960 5656 1214 5729 ἐνύϐρισε
1243 5676 1256 5693 ο
1320 5657 1417 5714 καὶ
1456 5657 1639 5732 πρηνῆ
1686 5659 1880 5714 ἑαυτὸν

370 5833 419 5867 ⁸⁸
450 5831 592 5890 Psal.
636 5849 816 5899 um,
849 5833 936 5888 51.

1986 4460 2196 4517 faciens
2248 4464 2622 4530 mentionem,
2689 4465 2786 4521 sed
2855 4465 3238 4520 indesinenter
3308 4465 3568 4536 plorans,

1985 4554 2133 4624 quod
2175 4556 2404 4625 pristina
2465 4558 2649 4628 quiete
2700 4559 3013 4615 excidisset.
3071 4558 3274 4614 Verum
3324 4571 3568 4621 sanctus,

1988 4647 2349 4704 interioribus
2369 4650 2545 4705 oculis
2575 4653 2901 4707 abscondita
2928 4651 3294 4722 perspiciens,
3318 4667 3383 4705 ac
3407 4650 3568 4704 tertia

1986 4739 2197 4808 peccati
2248 4741 2461 4796 macula
2515 4743 2849 4798 monachum
2903 4740 3566 4819 emundandicupidus:

1988 4829 2111 4884 Non
2138 4845 2243 4900 ego
2269 4831 2372 4885 tibi
2404 4833 2736 4902 compatior,
2781 4833 2982 4903 inquit,
3006 4833 3154 4903 quod
3202 4831 3428 4894 claustri
3487 4831 3568 4885 tui

1984 4936 2178 4977 muros
2220 4922 2536 4995 perfregisti
2598 4926 2883 4997 (quoniam
2937 4926 3100 4981 facile
3133 4925 3232 4984 tibi
3293 4934 3378 4980 est
3401 4932 3569 4995 .post~

1986 5012 2201 5069 liminio
2272 5018 2498 5081 reverti,
2549 5033 2614 5073 ac
2680 5034 2907 5074 reverso
2970 5018 3226 5086 intrare),
3268 5017 3363 5073 sed
3419 5016 3566 5087 quod

1985 5106 2184 5162 animae
2209 5114 2316 5163 tua:
2360 5107 2780 5181 prapugnaculo
2827 5110 3134 5176 destructo,
3192 5109 3444 5180 captivus
3490 5109 3561 5165 ab

1986 5195 2144 5253 hoste
2168 5199 2440 5257 abductus
2466 5202 2724 5275 (pudori!)
2750 5203 2806 5259 in
2823 5202 3243 5259 fornicationem
3278 5203 3566 5272 prolapsus

1986 5289 2083 5344 sis.
2114 5291 2618 5351 Perculerunthzec
2645 5296 2977 5354 monachum
3011 5295 3218 5365 pariter
3267 5310 3331 5349 ac
3365 5291 3565 5348 confu-

1988 5381 2233 5449 derunt;
2286 5391 2404 5439 tum
2465 5394 2694 5456 propter
2742 5387 3059 5445 libertatem
3114 5384 3564 5457 reprehendendi

1987 5472 2078 5527 illa
2131 5490 2255 5544 quae
2307 5475 2423 5549 ipse
2450 5478 2681 5547 putabat
2737 5480 2877 5534 clam
2937 5479 3110 5544 facta;
3158 5489 3274 5533 tum
3338 5485 3566 5547 propter

1988 5573 2187 5621 tetram
2216 5567 2535 5637 ignominiaa
2561 5574 2742 5624 notam
2764 5586 2930 5641 quam
2973 5569 3078 5625 sibi
3132 5568 3248 5639 ipse
3292 5568 3567 5623 inusserat

1985 5655 2208 5715 infelix:
2246 5659 2652 5734 prostravitque
2676 5678 2733 5718 se
2766 5676 2995 5734 pronus,
3034 5668 3304 5735 quantum
3361 5658 3579 5733 potuitl
3664 5728 3669 5733 ο
