  <div class='ocr_page' id='page_1' title='image "/cluster/home/n/w/nwhite01/storage/ocr_20150623/86 pt.2/mdp.39015008855424/705.png"; bbox 0 0 4026 6292; ppageno 0'>
   <div class='ocr_carea' id='block_1_1' title="bbox 623 351 3803 461">
    <p class='ocr_par' dir='ltr' id='par_1_1' title="bbox 623 351 3803 461">
     <span class='ocr_line' id='line_1_1' title="bbox 623 351 3803 461; baseline 0.014 -46"><span class='ocrx_word' id='word_1_1' title='bbox 623 351 761 421; x_wconf 63' lang='grc'><strong>9155</strong></span> <span class='ocrx_word' id='word_1_2' title='bbox 1834 371 1895 430; x_wconf 90' lang='lat' dir='ltr'><strong>S.</strong></span> <span class='ocrx_word' id='word_1_3' title='bbox 1938 371 2314 433; x_wconf 48' lang='lat' dir='ltr'><strong>SYMEONib&#39;</strong></span> <span class='ocrx_word' id='word_1_4' title='bbox 2351 366 2718 438; x_wconf 11' lang='lat' dir='ltr'><strong>JUNIORIS‘</strong></span> <span class='ocrx_word' id='word_1_5' title='bbox 3706 394 3803 461; x_wconf 68' lang='lat'><strong>3156</strong></span> 
     </span>
    </p>
   </div>
   <div class='ocr_carea' id='block_1_2' title="bbox 626 467 2216 572">
    <p class='ocr_par' dir='ltr' id='par_1_2' title="bbox 626 467 2194 548">
     <span class='ocr_line' id='line_1_2' title="bbox 626 467 2194 548; baseline 0.006 -25"><span class='ocrx_word' id='word_1_6' title='bbox 626 482 693 523; x_wconf 79' lang='lat' dir='ltr'><strong>ac</strong></span> <span class='ocrx_word' id='word_1_7' title='bbox 724 467 925 523; x_wconf 70' lang='lat' dir='ltr'><strong>calenti</strong></span> <span class='ocrx_word' id='word_1_8' title='bbox 956 472 1246 527; x_wconf 88' lang='lat' dir='ltr'><strong>oculorum</strong></span> <span class='ocrx_word' id='word_1_9' title='bbox 1271 474 1448 532; x_wconf 84' lang='lat' dir='ltr'><strong>imbre</strong></span> <span class='ocrx_word' id='word_1_10' title='bbox 1481 486 1683 530; x_wconf 79' lang='lat' dir='ltr'><strong>terram</strong></span> <span class='ocrx_word' id='word_1_11' title='bbox 1732 476 2017 548; x_wconf 82' lang='lat' dir='ltr'><strong>irrigavit;</strong></span> <span class='ocrx_word' id='word_1_12' title='bbox 2055 486 2194 533; x_wconf 43' lang='lat' dir='ltr'><strong>tem,</strong></span> 
     </span>
    </p>
   </div>
   <div class='ocr_carea' id='block_1_3' title="bbox 2216 467 3806 572">
    <p class='ocr_par' dir='ltr' id='par_1_3' title="bbox 2225 480 3806 572">
     <span class='ocr_line' id='line_1_3' title="bbox 2225 480 3806 572; baseline 0.013 -39"><span class='ocrx_word' id='word_1_13' title='bbox 2225 487 2271 543; x_wconf 84' lang='grc' dir='ltr'>Α</span> <span class='ocrx_word' id='word_1_14' title='bbox 2300 483 2376 546; x_wconf 81' lang='grc' dir='ltr'>ὡς</span> <span class='ocrx_word' id='word_1_15' title='bbox 2407 480 2516 554; x_wconf 72' lang='grc' dir='ltr'>εἶχε</span> <span class='ocrx_word' id='word_1_16' title='bbox 2549 487 2892 554; x_wconf 73' lang='grc' dir='ltr'>καταϐαλὼν,</span> <span class='ocrx_word' id='word_1_17' title='bbox 2927 491 3018 543; x_wconf 72' lang='grc' dir='ltr'>καὶ</span> <span class='ocrx_word' id='word_1_18' title='bbox 3049 490 3227 563; x_wconf 86' lang='grc' dir='ltr'>θερμά</span> <span class='ocrx_word' id='word_1_19' title='bbox 3261 493 3469 563; x_wconf 73' lang='grc' dir='ltr'>δάκρυα</span> <span class='ocrx_word' id='word_1_20' title='bbox 3509 496 3601 549; x_wconf 79' lang='grc' dir='ltr'><strong>τοῦ</strong></span> <span class='ocrx_word' id='word_1_21' title='bbox 3632 500 3806 572; x_wconf 73' lang='grc' dir='ltr'>ἐδάφους</span> 
     </span>
    </p>
   </div>
   <div class='ocr_carea' id='block_1_4' title="bbox 631 563 2221 657">
    <p class='ocr_par' dir='ltr' id='par_1_4' title="bbox 631 563 2188 635">
     <span class='ocr_line' id='line_1_4' title="bbox 631 563 2188 635; baseline 0.008 -25"><span class='ocrx_word' id='word_1_22' title='bbox 631 573 732 625; x_wconf 84' lang='lat' dir='ltr'><strong>pus</strong></span> <span class='ocrx_word' id='word_1_23' title='bbox 759 574 985 630; x_wconf 87' lang='lat' dir='ltr'><strong>quoque</strong></span> <span class='ocrx_word' id='word_1_24' title='bbox 1012 578 1123 631; x_wconf 92' lang='lat' dir='ltr'><strong>quo</strong></span> <span class='ocrx_word' id='word_1_25' title='bbox 1145 563 1332 633; x_wconf 89' lang='lat' dir='ltr'><strong>lapsus</strong></span> <span class='ocrx_word' id='word_1_26' title='bbox 1355 564 1531 620; x_wconf 77' lang='lat' dir='ltr'><strong>fuerat</strong></span> <span class='ocrx_word' id='word_1_27' title='bbox 1580 566 1852 632; x_wconf 86' lang='lat' dir='ltr'><strong>indicans,</strong></span> <span class='ocrx_word' id='word_1_28' title='bbox 1879 568 2188 635; x_wconf 75' lang='lat' dir='ltr'><strong>dictitabat,</strong></span> 
     </span>
    </p>
   </div>
   <div class='ocr_carea' id='block_1_5' title="bbox 2216 563 3806 657">
    <p class='ocr_par' dir='ltr' id='par_1_5' title="bbox 2307 563 3806 657">
     <span class='ocr_line' id='line_1_5' title="bbox 2307 563 3806 657; baseline 0.012 -31"><span class='ocrx_word' id='word_1_29' title='bbox 2307 576 2728 646; x_wconf 77' lang='grc' dir='ltr'>καταχεόμενος,</span> <span class='ocrx_word' id='word_1_30' title='bbox 2761 578 2840 632; x_wconf 80' lang='grc' dir='ltr'>ἔτι</span> <span class='ocrx_word' id='word_1_31' title='bbox 2869 582 2962 634; x_wconf 71' lang='grc' dir='ltr'>καὶ</span> <span class='ocrx_word' id='word_1_32' title='bbox 2986 582 3076 635; x_wconf 68' lang='grc' dir='ltr'><strong>τὸν</strong></span> <span class='ocrx_word' id='word_1_33' title='bbox 3106 584 3297 652; x_wconf 84' lang='grc' dir='ltr'>χρόνον</span> <span class='ocrx_word' id='word_1_34' title='bbox 3326 585 3416 637; x_wconf 81' lang='grc' dir='ltr'><strong>τοῦ</strong></span> <span class='ocrx_word' id='word_1_35' title='bbox 3459 563 3730 656; x_wconf 59' lang='grc' dir='ltr'>πτώματοέ</span> <span class='ocrx_word' id='word_1_36' title='bbox 3748 563 3806 657; x_wconf 49' lang='grc' dir='ltr'>ἐξί</span> 
     </span>
    </p>
   </div>
   <div class='ocr_carea' id='block_1_6' title="bbox 626 649 2216 747">
    <p class='ocr_par' dir='ltr' id='par_1_6' title="bbox 626 649 2193 727">
     <span class='ocr_line' id='line_1_6' title="bbox 626 649 2193 727; baseline 0.006 -24"><span class='ocrx_word' id='word_1_37' title='bbox 626 649 876 717; x_wconf 77' lang='lat' dir='ltr'><strong>quintam</strong></span> <span class='ocrx_word' id='word_1_38' title='bbox 904 652 1051 707; x_wconf 86' lang='lat' dir='ltr'><strong>illam</strong></span> <span class='ocrx_word' id='word_1_39' title='bbox 1080 664 1206 722; x_wconf 88' lang='lat' dir='ltr'><strong>post</strong></span> <span class='ocrx_word' id='word_1_40' title='bbox 1233 670 1418 709; x_wconf 88' lang='lat' dir='ltr'><strong>casum</strong></span> <span class='ocrx_word' id='word_1_41' title='bbox 1445 656 1529 726; x_wconf 82' lang='lat' dir='ltr'><strong>agi</strong></span> <span class='ocrx_word' id='word_1_42' title='bbox 1553 655 1728 721; x_wconf 91' lang='lat' dir='ltr'><strong>diem;</strong></span> <span class='ocrx_word' id='word_1_43' title='bbox 1755 656 2193 727; x_wconf 86' lang='lat' dir='ltr'><strong>obsecrabatque</strong></span> 
     </span>
    </p>
   </div>
   <div class='ocr_carea' id='block_1_7' title="bbox 2216 649 3806 747">
    <p class='ocr_par' dir='ltr' id='par_1_7' title="bbox 2301 649 3806 747">
     <span class='ocr_line' id='line_1_7' title="bbox 2301 649 3806 747; baseline 0.015 -34"><span class='ocrx_word' id='word_1_44' title='bbox 2301 659 2638 728; x_wconf 84' lang='grc' dir='ltr'>ομολογεῖτο,</span> <span class='ocrx_word' id='word_1_45' title='bbox 2662 665 2917 737; x_wconf 80' lang='grc' dir='ltr'><strong>πέμπτην</strong></span> <span class='ocrx_word' id='word_1_46' title='bbox 2940 667 3090 737; x_wconf 78' lang='grc' dir='ltr'>αὐτῷ</span> <span class='ocrx_word' id='word_1_47' title='bbox 3107 649 3323 741; x_wconf 40' lang='grc' dir='ltr'>’ταύτην</span> <span class='ocrx_word' id='word_1_48' title='bbox 3350 668 3490 727; x_wconf 77' lang='grc' dir='ltr'>εἶναι</span> <span class='ocrx_word' id='word_1_49' title='bbox 3520 649 3683 743; x_wconf 78' lang='grc' dir='ltr'>λέγων</span> 
     </span>
    </p>
   </div>
   <div class='ocr_carea' id='block_1_8' title="bbox 630 741 2220 842">
    <p class='ocr_par' dir='ltr' id='par_1_8' title="bbox 630 741 2195 817">
     <span class='ocr_line' id='line_1_8' title="bbox 630 741 2195 817; baseline 0.007 -25"><span class='ocrx_word' id='word_1_50' title='bbox 630 741 855 796; x_wconf 81' lang='lat' dir='ltr'><strong>liberari</strong></span> <span class='ocrx_word' id='word_1_51' title='bbox 889 759 919 796; x_wconf 90' lang='lat' dir='ltr'><strong>a</strong></span> <span class='ocrx_word' id='word_1_52' title='bbox 939 753 1151 811; x_wconf 87' lang='lat' dir='ltr'><strong>sancto,</strong></span> <span class='ocrx_word' id='word_1_53' title='bbox 1182 747 1295 817; x_wconf 88' lang='lat' dir='ltr'><strong>jam</strong></span> <span class='ocrx_word' id='word_1_54' title='bbox 1319 747 1500 816; x_wconf 84' lang='lat' dir='ltr'><strong>praeda</strong></span> <span class='ocrx_word' id='word_1_55' title='bbox 1540 747 1684 801; x_wconf 88' lang='lat' dir='ltr'><strong>hosti</strong></span> <span class='ocrx_word' id='word_1_56' title='bbox 1715 749 1915 803; x_wconf 90' lang='lat' dir='ltr'><strong>factus.</strong></span> <span class='ocrx_word' id='word_1_57' title='bbox 1945 747 2048 814; x_wconf 85' lang='lat' dir='ltr'><strong>Qui</strong></span> <span class='ocrx_word' id='word_1_58' title='bbox 2070 763 2195 803; x_wconf 90' lang='lat' dir='ltr'><strong>ora-</strong></span> 
     </span>
    </p>
   </div>
   <div class='ocr_carea' id='block_1_9' title="bbox 2218 741 3808 842">
    <p class='ocr_par' dir='ltr' id='par_1_9' title="bbox 2301 741 3808 842">
     <span class='ocr_line' id='line_1_9' title="bbox 2301 741 3808 842; baseline 0.015 -40"><span class='ocrx_word' id='word_1_59' title='bbox 2301 752 2362 802; x_wconf 83' lang='grc' dir='ltr'><strong>τὸ</strong></span> <span class='ocrx_word' id='word_1_60' title='bbox 2403 752 2575 815; x_wconf 80' lang='grc' dir='ltr'>πάθος</span> <span class='ocrx_word' id='word_1_61' title='bbox 2604 755 2839 824; x_wconf 80' lang='grc' dir='ltr'><strong>ἡμέραν,</strong></span> <span class='ocrx_word' id='word_1_62' title='bbox 2869 760 2961 809; x_wconf 77' lang='grc' dir='ltr'><strong>καὶ</strong></span> <span class='ocrx_word' id='word_1_63' title='bbox 2990 760 3257 829; x_wconf 84' lang='grc' dir='ltr'>ρυσθῆναι</span> <span class='ocrx_word' id='word_1_64' title='bbox 3289 763 3381 816; x_wconf 81' lang='grc' dir='ltr'>ὑπ’</span> <span class='ocrx_word' id='word_1_65' title='bbox 3408 765 3573 819; x_wconf 78' lang='grc' dir='ltr'>αὐτοῦ</span> <span class='ocrx_word' id='word_1_66' title='bbox 3593 741 3721 837; x_wconf 56' lang='grc' dir='ltr'>ᾔτει,</span> <span class='ocrx_word' id='word_1_67' title='bbox 3742 773 3808 842; x_wconf 77' lang='grc' dir='ltr'><strong>ἃρ-</strong></span> 
     </span>
    </p>
   </div>
   <div class='ocr_carea' id='block_1_10' title="bbox 628 833 2218 920">
    <p class='ocr_par' dir='ltr' id='par_1_10' title="bbox 628 833 2192 909">
     <span class='ocr_line' id='line_1_10' title="bbox 628 833 2192 909; baseline 0.004 -22"><span class='ocrx_word' id='word_1_68' title='bbox 628 833 776 889; x_wconf 75' lang='grc' dir='ltr'>ι.ὶοιιο</span> <span class='ocrx_word' id='word_1_69' title='bbox 799 842 856 889; x_wconf 90' lang='lat' dir='ltr'><strong>et</strong></span> <span class='ocrx_word' id='word_1_70' title='bbox 885 837 1068 891; x_wconf 89' lang='lat' dir='ltr'><strong>crucis</strong></span> <span class='ocrx_word' id='word_1_71' title='bbox 1093 839 1250 908; x_wconf 83' lang='lat' dir='ltr'><strong>signo</strong></span> <span class='ocrx_word' id='word_1_72' title='bbox 1286 839 1468 909; x_wconf 89' lang='lat' dir='ltr'><strong>ipsum</strong></span> <span class='ocrx_word' id='word_1_73' title='bbox 1525 840 1804 905; x_wconf 87' lang='lat' dir='ltr'><strong>muniens,</strong></span> <span class='ocrx_word' id='word_1_74' title='bbox 1842 840 2192 909; x_wconf 86' lang='lat' dir='ltr'><strong>insuperabi-</strong></span> 
     </span>
    </p>
   </div>
   <div class='ocr_carea' id='block_1_11' title="bbox 2218 833 3808 920">
    <p class='ocr_par' dir='ltr' id='par_1_11' title="bbox 2302 833 3808 920">
     <span class='ocr_line' id='line_1_11' title="bbox 2302 833 3808 920; baseline 0.017 -33"><span class='ocrx_word' id='word_1_75' title='bbox 2302 852 2496 905; x_wconf 83' lang='grc' dir='ltr'>παγμα</span> <span class='ocrx_word' id='word_1_76' title='bbox 2549 838 2649 909; x_wconf 79' lang='grc' dir='ltr'>ήδη</span> <span class='ocrx_word' id='word_1_77' title='bbox 2702 841 2781 910; x_wconf 81' lang='grc' dir='ltr'>τῷ</span> <span class='ocrx_word' id='word_1_78' title='bbox 2837 842 3102 918; x_wconf 82' lang='grc' dir='ltr'><strong>ἀλλοτρίῳ</strong></span> <span class='ocrx_word' id='word_1_79' title='bbox 3152 854 3538 920; x_wconf 77' lang='grc' dir='ltr'>γεγενημένος.</span> <span class='ocrx_word' id='word_1_80' title='bbox 3573 833 3715 911; x_wconf 65' lang='grc' dir='ltr'>’Ᾰλλά</span> <span class='ocrx_word' id='word_1_81' title='bbox 3748 833 3808 913; x_wconf 49' lang='grc' dir='ltr'><strong>τόν</strong></span> 
     </span>
    </p>
   </div>
   <div class='ocr_carea' id='block_1_12' title="bbox 628 929 2218 1013">
    <p class='ocr_par' dir='ltr' id='par_1_12' title="bbox 628 929 2192 1002">
     <span class='ocr_line' id='line_1_12' title="bbox 628 929 2192 1002; baseline 0.003 -20"><span class='ocrx_word' id='word_1_82' title='bbox 628 930 736 983; x_wconf 90' lang='lat' dir='ltr'><strong>lem</strong></span> <span class='ocrx_word' id='word_1_83' title='bbox 763 929 1025 1001; x_wconf 85' lang='lat' dir='ltr'><strong>deinceps</strong></span> <span class='ocrx_word' id='word_1_84' title='bbox 1056 932 1209 987; x_wconf 92' lang='lat' dir='ltr'><strong>hosti</strong></span> <span class='ocrx_word' id='word_1_85' title='bbox 1258 932 1432 1000; x_wconf 88' lang='lat' dir='ltr'><strong>fecit;</strong></span> <span class='ocrx_word' id='word_1_86' title='bbox 1464 934 1598 989; x_wconf 87' lang='lat' dir='ltr'><strong>fecit</strong></span> <span class='ocrx_word' id='word_1_87' title='bbox 1649 934 1812 990; x_wconf 84' lang='lat' dir='ltr'><strong>etiam</strong></span> <span class='ocrx_word' id='word_1_88' title='bbox 1853 934 2192 1002; x_wconf 85' lang='lat' dir='ltr'><strong>circumspe-</strong></span> 
     </span>
    </p>
   </div>
   <div class='ocr_carea' id='block_1_13' title="bbox 2218 929 3808 1013">
    <p class='ocr_par' dir='ltr' id='par_1_13' title="bbox 2302 929 3808 1013">
     <span class='ocr_line' id='line_1_13' title="bbox 2302 929 3808 1013; baseline 0.016 -33"><span class='ocrx_word' id='word_1_89' title='bbox 2302 929 2401 997; x_wconf 79' lang='grc' dir='ltr'>μὲν</span> <span class='ocrx_word' id='word_1_90' title='bbox 2431 930 2563 1000; x_wconf 84' lang='grc' dir='ltr'>εὐχῇ</span> <span class='ocrx_word' id='word_1_91' title='bbox 2588 933 2683 985; x_wconf 62' lang='grc' dir='ltr'><strong>καὶ⁵</strong></span> <span class='ocrx_word' id='word_1_92' title='bbox 2718 937 2974 1004; x_wconf 82' lang='grc' dir='ltr'>σφραγῖδι</span> <span class='ocrx_word' id='word_1_93' title='bbox 3018 938 3268 1005; x_wconf 81' lang='grc' dir='ltr'><strong>ὁπλίσας,</strong></span> <span class='ocrx_word' id='word_1_94' title='bbox 3302 945 3727 1013; x_wconf 83' lang='grc' dir='ltr'>ἁκαταγὼνιστον</span> <span class='ocrx_word' id='word_1_95' title='bbox 3746 952 3808 1004; x_wconf 68' lang='grc' dir='ltr'><strong>τοῦ</strong></span> 
     </span>
    </p>
   </div>
   <div class='ocr_carea' id='block_1_14' title="bbox 626 1018 2216 1109">
    <p class='ocr_par' dir='ltr' id='par_1_14' title="bbox 626 1018 2188 1095">
     <span class='ocr_line' id='line_1_14' title="bbox 626 1018 2188 1095; baseline 0.003 -22"><span class='ocrx_word' id='word_1_96' title='bbox 626 1018 832 1075; x_wconf 90' lang='lat' dir='ltr'><strong>ctiores</strong></span> <span class='ocrx_word' id='word_1_97' title='bbox 860 1021 1157 1090; x_wconf 89' lang='lat' dir='ltr'><strong>discipulos</strong></span> <span class='ocrx_word' id='word_1_98' title='bbox 1194 1038 1348 1091; x_wconf 87' lang='lat' dir='ltr'><strong>suos,</strong></span> <span class='ocrx_word' id='word_1_99' title='bbox 1392 1025 1499 1080; x_wconf 90' lang='lat' dir='ltr'><strong>hoc</strong></span> <span class='ocrx_word' id='word_1_100' title='bbox 1547 1025 1799 1095; x_wconf 89' lang='lat' dir='ltr'><strong>exemplo</strong></span> <span class='ocrx_word' id='word_1_101' title='bbox 1850 1024 2188 1088; x_wconf 85' lang='lat' dir='ltr'><strong>admonitos,</strong></span> 
     </span>
    </p>
   </div>
   <div class='ocr_carea' id='block_1_15' title="bbox 2219 1018 3809 1109">
    <p class='ocr_par' dir='ltr' id='par_1_15' title="bbox 2297 1022 3809 1109">
     <span class='ocr_line' id='line_1_15' title="bbox 2297 1022 3809 1109; baseline 0.014 -35"><span class='ocrx_word' id='word_1_102' title='bbox 2297 1022 2487 1076; x_wconf 82' lang='grc' dir='ltr'><strong>λοιποῦ</strong></span> <span class='ocrx_word' id='word_1_103' title='bbox 2528 1023 2607 1095; x_wconf 84' lang='grc' dir='ltr'>τῷ</span> <span class='ocrx_word' id='word_1_104' title='bbox 2637 1024 2819 1097; x_wconf 85' lang='grc' dir='ltr'>ἐχθρῷ</span> <span class='ocrx_word' id='word_1_105' title='bbox 2851 1031 3146 1099; x_wconf 74' lang='grc' dir='ltr'><strong>πεποιήκει</strong></span> <span class='ocrx_word' id='word_1_106' title='bbox 3178 1047 3192 1061; x_wconf 72' lang='grc' dir='ltr'>ο</span> <span class='ocrx_word' id='word_1_107' title='bbox 3220 1033 3658 1109; x_wconf 82' lang='grc' dir='ltr'>ἀσφαλεστέρους</span> <span class='ocrx_word' id='word_1_108' title='bbox 3679 1040 3809 1096; x_wconf 75' lang='grc' dir='ltr'>δὲκαὶ</span> 
     </span>
    </p>
   </div>
   <div class='ocr_carea' id='block_1_16' title="bbox 626 1111 2216 1187">
    <p class='ocr_par' dir='ltr' id='par_1_16' title="bbox 626 1111 2185 1187">
     <span class='ocr_line' id='line_1_16' title="bbox 626 1111 2185 1187; baseline 0.004 -22"><span class='ocrx_word' id='word_1_109' title='bbox 626 1111 788 1175; x_wconf 88' lang='lat' dir='ltr'><strong>nihil,</strong></span> <span class='ocrx_word' id='word_1_110' title='bbox 814 1113 946 1168; x_wconf 90' lang='lat' dir='ltr'><strong>licet</strong></span> <span class='ocrx_word' id='word_1_111' title='bbox 970 1115 1028 1169; x_wconf 93' lang='lat' dir='ltr'><strong>in</strong></span> <span class='ocrx_word' id='word_1_112' title='bbox 1047 1117 1268 1171; x_wconf 89' lang='lat' dir='ltr'><strong>occulto</strong></span> <span class='ocrx_word' id='word_1_113' title='bbox 1299 1115 1529 1183; x_wconf 87' lang='lat' dir='ltr'><strong>factum,</strong></span> <span class='ocrx_word' id='word_1_114' title='bbox 1556 1132 1668 1171; x_wconf 90' lang='lat' dir='ltr'><strong>non</strong></span> <span class='ocrx_word' id='word_1_115' title='bbox 1692 1117 2035 1187; x_wconf 88' lang='lat' dir='ltr'><strong>exploratum</strong></span> <span class='ocrx_word' id='word_1_116' title='bbox 2064 1132 2185 1171; x_wconf 89' lang='lat' dir='ltr'><strong>esse</strong></span> 
     </span>
    </p>
   </div>
   <div class='ocr_carea' id='block_1_17' title="bbox 2219 1111 3809 1187">
    <p class='ocr_par' dir='ltr' id='par_1_17' title="bbox 2295 1112 3809 1184">
     <span class='ocr_line' id='line_1_17' title="bbox 2295 1112 3809 1184; baseline 0.013 -19"><span class='ocrx_word' id='word_1_117' title='bbox 2295 1113 2424 1176; x_wconf 85' lang='grc' dir='ltr'>τοὺς</span> <span class='ocrx_word' id='word_1_118' title='bbox 2453 1112 2723 1184; x_wconf 83' lang='grc' dir='ltr'>μαθητὰς,</span> <span class='ocrx_word' id='word_1_119' title='bbox 2763 1117 2972 1181; x_wconf 71' lang='grc' dir='ltr'>εἰδότας</span> <span class='ocrx_word' id='word_1_120' title='bbox 3003 1121 3150 1184; x_wconf 84' lang='grc' dir='ltr'>ὅπως</span> <span class='ocrx_word' id='word_1_121' title='bbox 3193 1123 3347 1177; x_wconf 77' lang='grc' dir='ltr'>οὐδὲν</span> <span class='ocrx_word' id='word_1_122' title='bbox 3383 1126 3552 1181; x_wconf 78' lang='grc' dir='ltr'>αὐτὸν</span> <span class='ocrx_word' id='word_1_123' title='bbox 3598 1129 3707 1182; x_wconf 73' lang='grc' dir='ltr'>οὐδὲ</span> <span class='ocrx_word' id='word_1_124' title='bbox 3736 1130 3809 1184; x_wconf 71' lang='grc' dir='ltr'>τῶν</span> 
     </span>
    </p>
   </div>
   <div class='ocr_carea' id='block_1_18' title="bbox 623 1199 2213 1279">
    <p class='ocr_par' dir='ltr' id='par_1_18' title="bbox 623 1199 903 1271">
     <span class='ocr_line' id='line_1_18' title="bbox 623 1199 903 1271; baseline 0.007 -16"><span class='ocrx_word' id='word_1_125' title='bbox 623 1199 903 1271; x_wconf 86' lang='lat' dir='ltr'><strong>Symeoni.</strong></span> 
     </span>
    </p>
   </div>
   <div class='ocr_carea' id='block_1_19' title="bbox 1708 1199 3298 1279">
    <p class='ocr_par' dir='ltr' id='par_1_19' title="bbox 2298 1207 3298 1279">
     <span class='ocr_line' id='line_1_19' title="bbox 2298 1207 3298 1279; baseline 0.011 -23"><span class='ocrx_word' id='word_1_126' title='bbox 2298 1207 2357 1257; x_wconf 83' lang='grc' dir='ltr'><strong>ἐν</strong></span> <span class='ocrx_word' id='word_1_127' title='bbox 2391 1209 2576 1277; x_wconf 81' lang='grc' dir='ltr'>κρυφῇ</span> <span class='ocrx_word' id='word_1_128' title='bbox 2608 1210 2911 1279; x_wconf 80' lang='grc' dir='ltr'><strong>γινομένων</strong></span> <span class='ocrx_word' id='word_1_129' title='bbox 2938 1211 3298 1269; x_wconf 84' lang='grc' dir='ltr'>διαλανθάνει.</span> 
     </span>
    </p>
   </div>
   <div class='ocr_carea' id='block_1_20' title="bbox 691 1292 2281 1374">
    <p class='ocr_par' dir='ltr' id='par_1_20' title="bbox 691 1292 2187 1368">
     <span class='ocr_line' id='line_1_20' title="bbox 691 1292 2187 1368; baseline 0.003 -22"><span class='ocrx_word' id='word_1_130' title='bbox 691 1292 814 1347; x_wconf 71' lang='grc'><strong>184.</strong></span> <span class='ocrx_word' id='word_1_131' title='bbox 848 1293 917 1348; x_wconf 84' lang='lat' dir='ltr'><strong>Et</strong></span> <span class='ocrx_word' id='word_1_132' title='bbox 945 1294 1052 1350; x_wconf 91' lang='lat' dir='ltr'><strong>hoe</strong></span> <span class='ocrx_word' id='word_1_133' title='bbox 1093 1296 1317 1365; x_wconf 88' lang='lat' dir='ltr'><strong>quidem</strong></span> <span class='ocrx_word' id='word_1_134' title='bbox 1368 1299 1730 1363; x_wconf 86' lang='lat' dir='ltr'><strong>demonstrat,</strong></span> <span class='ocrx_word' id='word_1_135' title='bbox 1786 1299 1933 1368; x_wconf 90' lang='lat' dir='ltr'><strong>quod</strong></span> <span class='ocrx_word' id='word_1_136' title='bbox 1997 1296 2187 1367; x_wconf 86' lang='lat' dir='ltr'><strong>procul</strong></span> 
     </span>
    </p>
   </div>
   <div class='ocr_carea' id='block_1_21' title="bbox 2220 1292 3810 1374">
    <p class='ocr_par' dir='ltr' id='par_1_21' title="bbox 2370 1295 3810 1374">
     <span class='ocr_line' id='line_1_21' title="bbox 2370 1295 3810 1374; baseline 0.01 -26"><span class='ocrx_word' id='word_1_137' title='bbox 2370 1295 2512 1365; x_wconf 85' lang='grc' dir='ltr'>ρπδ’.</span> <span class='ocrx_word' id='word_1_138' title='bbox 2544 1298 2655 1351; x_wconf 70' lang='grc' dir='ltr'><strong>Καὶ</strong></span> <span class='ocrx_word' id='word_1_139' title='bbox 2706 1299 2865 1353; x_wconf 79' lang='grc' dir='ltr'>τοῦτο</span> <span class='ocrx_word' id='word_1_140' title='bbox 2928 1302 3025 1371; x_wconf 81' lang='grc' dir='ltr'><strong>μὲν</strong></span> <span class='ocrx_word' id='word_1_141' title='bbox 3073 1302 3140 1374; x_wconf 84' lang='grc' dir='ltr'>δὴ</span> <span class='ocrx_word' id='word_1_142' title='bbox 3187 1305 3419 1372; x_wconf 82' lang='grc' dir='ltr'>τοιοῦτο,</span> <span class='ocrx_word' id='word_1_143' title='bbox 3453 1309 3552 1360; x_wconf 74' lang='grc' dir='ltr'><strong>καὶ</strong></span> <span class='ocrx_word' id='word_1_144' title='bbox 3606 1309 3729 1362; x_wconf 74' lang='grc' dir='ltr'>οὕτω</span> <span class='ocrx_word' id='word_1_145' title='bbox 3763 1311 3810 1362; x_wconf 80' lang='grc' dir='ltr'>τὰ</span> 
     </span>
    </p>
   </div>
   <div class='ocr_carea' id='block_1_22' title="bbox 620 1385 2210 1469">
    <p class='ocr_par' dir='ltr' id='par_1_22' title="bbox 620 1385 2187 1460">
     <span class='ocr_line' id='line_1_22' title="bbox 620 1385 2187 1460; baseline 0.004 -24"><span class='ocrx_word' id='word_1_146' title='bbox 620 1392 830 1439; x_wconf 87' lang='lat' dir='ltr'><strong>remota</strong></span> <span class='ocrx_word' id='word_1_147' title='bbox 863 1385 1118 1456; x_wconf 89' lang='lat' dir='ltr'><strong>Symeoni</strong></span> <span class='ocrx_word' id='word_1_148' title='bbox 1145 1389 1298 1443; x_wconf 89' lang='lat' dir='ltr'><strong>velut</strong></span> <span class='ocrx_word' id='word_1_149' title='bbox 1325 1396 1452 1444; x_wconf 89' lang='lat' dir='ltr'><strong>ante</strong></span> <span class='ocrx_word' id='word_1_150' title='bbox 1467 1390 1659 1444; x_wconf 89' lang='lat' dir='ltr'><strong>oculos</strong></span> <span class='ocrx_word' id='word_1_151' title='bbox 1679 1399 1830 1459; x_wconf 78' lang='lat' dir='ltr'><strong>gesta</strong></span> <span class='ocrx_word' id='word_1_152' title='bbox 1853 1401 2017 1460; x_wconf 90' lang='lat' dir='ltr'><strong>atque</strong></span> <span class='ocrx_word' id='word_1_153' title='bbox 2049 1403 2187 1459; x_wconf 71' lang='lat' dir='ltr'><strong>prae-</strong></span> 
     </span>
    </p>
   </div>
   <div class='ocr_carea' id='block_1_23' title="bbox 2220 1385 3810 1469">
    <p class='ocr_par' dir='ltr' id='par_1_23' title="bbox 2300 1387 3810 1469">
     <span class='ocr_line' id='line_1_23' title="bbox 2300 1387 3810 1469; baseline 0.011 -31"><span class='ocrx_word' id='word_1_154' title='bbox 2300 1387 2518 1457; x_wconf 85' lang='grc' dir='ltr'>μακράν</span> <span class='ocrx_word' id='word_1_155' title='bbox 2571 1389 2666 1441; x_wconf 75' lang='grc' dir='ltr'>καὶ</span> <span class='ocrx_word' id='word_1_156' title='bbox 2713 1391 2901 1463; x_wconf 85' lang='grc' dir='ltr'>πόρρω</span> <span class='ocrx_word' id='word_1_157' title='bbox 2931 1393 3010 1463; x_wconf 82' lang='grc' dir='ltr'>τῷ</span> <span class='ocrx_word' id='word_1_158' title='bbox 3064 1395 3288 1464; x_wconf 86' lang='grc' dir='ltr'>Συμεὼν</span> <span class='ocrx_word' id='word_1_159' title='bbox 3338 1398 3399 1450; x_wconf 89' lang='grc' dir='ltr'><strong>ἐν</strong></span> <span class='ocrx_word' id='word_1_160' title='bbox 3445 1399 3810 1469; x_wconf 80' lang='grc' dir='ltr'>όφθαλμοῖς,ὡς</span> 
     </span>
    </p>
   </div>
   <div class='ocr_carea' id='block_1_24' title="bbox 620 1476 2210 1562">
    <p class='ocr_par' dir='ltr' id='par_1_24' title="bbox 620 1476 2189 1543">
     <span class='ocr_line' id='line_1_24' title="bbox 620 1476 2189 1543; baseline 0.002 -12"><span class='ocrx_word' id='word_1_161' title='bbox 620 1476 798 1531; x_wconf 87' lang='lat' dir='ltr'><strong>sentia</strong></span> <span class='ocrx_word' id='word_1_162' title='bbox 835 1477 1273 1543; x_wconf 86' lang='lat' dir='ltr'><strong>exhiberentur;</strong></span> <span class='ocrx_word' id='word_1_163' title='bbox 1308 1480 1405 1535; x_wconf 90' lang='lat' dir='ltr'><strong>sed</strong></span> <span class='ocrx_word' id='word_1_164' title='bbox 1446 1479 1624 1536; x_wconf 86' lang='lat' dir='ltr'><strong>oratio</strong></span> <span class='ocrx_word' id='word_1_165' title='bbox 1673 1489 1864 1536; x_wconf 86' lang='lat' dir='ltr'><strong>nostra</strong></span> <span class='ocrx_word' id='word_1_166' title='bbox 1915 1480 2033 1535; x_wconf 86' lang='lat' dir='ltr'><strong>vult</strong></span> <span class='ocrx_word' id='word_1_167' title='bbox 2081 1479 2189 1534; x_wconf 88' lang='lat' dir='ltr'><strong>alia</strong></span> 
     </span>
    </p>
   </div>
   <div class='ocr_carea' id='block_1_25' title="bbox 2218 1476 3808 1562">
    <p class='ocr_par' dir='ltr' id='par_1_25' title="bbox 2296 1479 3808 1562">
     <span class='ocr_line' id='line_1_25' title="bbox 2296 1479 3808 1562; baseline 0.011 -32"><span class='ocrx_word' id='word_1_168' title='bbox 2296 1480 2542 1548; x_wconf 83' lang='grc' dir='ltr'>παρόντα</span> <span class='ocrx_word' id='word_1_169' title='bbox 2586 1479 2831 1537; x_wconf 86' lang='grc' dir='ltr'>δεικνύον</span> <span class='ocrx_word' id='word_1_170' title='bbox 2858 1498 2872 1512; x_wconf 88' lang='grc'>⁶</span> <span class='ocrx_word' id='word_1_171' title='bbox 2906 1483 2934 1535; x_wconf 88' lang='grc' dir='ltr'><strong>ό</strong></span> <span class='ocrx_word' id='word_1_172' title='bbox 2966 1485 3021 1538; x_wconf 79' lang='grc' dir='ltr'>δὲ</span> <span class='ocrx_word' id='word_1_173' title='bbox 3051 1486 3209 1554; x_wconf 88' lang='grc' dir='ltr'>λόγος</span> <span class='ocrx_word' id='word_1_174' title='bbox 3254 1489 3347 1543; x_wconf 77' lang='grc' dir='ltr'><strong>καὶ</strong></span> <span class='ocrx_word' id='word_1_175' title='bbox 3388 1490 3528 1544; x_wconf 75' lang='grc' dir='ltr'>ἄλλα</span> <span class='ocrx_word' id='word_1_176' title='bbox 3559 1494 3653 1561; x_wconf 84' lang='grc' dir='ltr'>τῆς</span> <span class='ocrx_word' id='word_1_177' title='bbox 3685 1494 3808 1562; x_wconf 74' lang='grc' dir='ltr'>αὐτῆς</span> 
     </span>
    </p>
   </div>
   <div class='ocr_carea' id='block_1_26' title="bbox 618 1569 2208 1655">
    <p class='ocr_par' dir='ltr' id='par_1_26' title="bbox 618 1570 2187 1643">
     <span class='ocr_line' id='line_1_26' title="bbox 618 1570 2187 1643; baseline 0.001 -20"><span class='ocrx_word' id='word_1_178' title='bbox 618 1583 858 1639; x_wconf 91' lang='lat' dir='ltr'><strong>quoque,</strong></span> <span class='ocrx_word' id='word_1_179' title='bbox 890 1571 1136 1638; x_wconf 81' lang='lat' dir='ltr'><strong>eiusdem</strong></span> <span class='ocrx_word' id='word_1_180' title='bbox 1176 1586 1302 1625; x_wconf 92' lang='lat' dir='ltr'><strong>cum</strong></span> <span class='ocrx_word' id='word_1_181' title='bbox 1332 1573 1443 1643; x_wconf 89' lang='lat' dir='ltr'><strong>jam</strong></span> <span class='ocrx_word' id='word_1_182' title='bbox 1475 1573 1626 1627; x_wconf 89' lang='lat' dir='ltr'><strong>dicto</strong></span> <span class='ocrx_word' id='word_1_183' title='bbox 1656 1574 1879 1627; x_wconf 86' lang='lat' dir='ltr'><strong>virtutis</strong></span> <span class='ocrx_word' id='word_1_184' title='bbox 1900 1581 1956 1627; x_wconf 90' lang='lat' dir='ltr'><strong>et</strong></span> <span class='ocrx_word' id='word_1_185' title='bbox 2004 1570 2187 1627; x_wconf 75' lang='lat' dir='ltr'><strong>efﬁca-</strong></span> 
     </span>
    </p>
   </div>
   <div class='ocr_carea' id='block_1_27' title="bbox 2218 1569 3808 1655">
    <p class='ocr_par' dir='ltr' id='par_1_27' title="bbox 2292 1569 3808 1655">
     <span class='ocr_line' id='line_1_27' title="bbox 2292 1569 3808 1655; baseline 0.011 -33"><span class='ocrx_word' id='word_1_186' title='bbox 2292 1569 2371 1640; x_wconf 83' lang='grc' dir='ltr'>τῷ</span> <span class='ocrx_word' id='word_1_187' title='bbox 2397 1571 2674 1643; x_wconf 73' lang='grc' dir='ltr'><strong>εἰρημένῳ</strong></span> <span class='ocrx_word' id='word_1_188' title='bbox 2691 1573 2972 1646; x_wconf 81' lang='grc' dir='ltr'>δυνάμεως</span> <span class='ocrx_word' id='word_1_189' title='bbox 2994 1580 3308 1648; x_wconf 84' lang='grc' dir='ltr'>προσθεῖναι</span> <span class='ocrx_word' id='word_1_190' title='bbox 3337 1581 3808 1655; x_wconf 65' lang='grc' dir='ltr'>βούλετανἈνθρὼ-</span> 
     </span>
    </p>
   </div>
   <div class='ocr_carea' id='block_1_28' title="bbox 618 1658 2208 1745">
    <p class='ocr_par' dir='ltr' id='par_1_28' title="bbox 618 1658 2188 1734">
     <span class='ocr_line' id='line_1_28' title="bbox 618 1658 2188 1734; baseline 0.002 -22"><span class='ocrx_word' id='word_1_191' title='bbox 618 1658 718 1713; x_wconf 71' lang='grc' dir='ltr'>οἰεε</span> <span class='ocrx_word' id='word_1_192' title='bbox 740 1659 984 1731; x_wconf 74' lang='lat' dir='ltr'><strong>adjungi.</strong></span> <span class='ocrx_word' id='word_1_193' title='bbox 1023 1660 1259 1727; x_wconf 88' lang='lat' dir='ltr'><strong>Accidit,</strong></span> <span class='ocrx_word' id='word_1_194' title='bbox 1291 1672 1538 1732; x_wconf 86' lang='lat' dir='ltr'><strong>tempore</strong></span> <span class='ocrx_word' id='word_1_195' title='bbox 1569 1679 1679 1732; x_wconf 90' lang='lat' dir='ltr'><strong>quo</strong></span> <span class='ocrx_word' id='word_1_196' title='bbox 1729 1663 1916 1734; x_wconf 80' lang='lat' dir='ltr'><strong>fruges</strong></span> <span class='ocrx_word' id='word_1_197' title='bbox 1959 1670 2188 1717; x_wconf 67' lang='lat' dir='ltr'><strong>matura:</strong></span> 
     </span>
    </p>
   </div>
   <div class='ocr_carea' id='block_1_29' title="bbox 2219 1658 3809 1745">
    <p class='ocr_par' dir='ltr' id='par_1_29' title="bbox 2293 1662 3809 1745">
     <span class='ocr_line' id='line_1_29' title="bbox 2293 1662 3809 1745; baseline 0.011 -33"><span class='ocrx_word' id='word_1_198' title='bbox 2293 1678 2381 1731; x_wconf 85' lang='grc' dir='ltr'>πῳ</span> <span class='ocrx_word' id='word_1_199' title='bbox 2437 1662 2636 1733; x_wconf 68' lang='grc' dir='ltr'>ωνέόη</span> <span class='ocrx_word' id='word_1_200' title='bbox 2689 1665 2798 1718; x_wconf 75' lang='grc' dir='ltr'>τινὶ</span> <span class='ocrx_word' id='word_1_201' title='bbox 2851 1668 2981 1738; x_wconf 62' lang='grc' dir='ltr'><strong>περὶ⁵</strong></span> <span class='ocrx_word' id='word_1_202' title='bbox 3031 1668 3185 1722; x_wconf 83' lang='grc' dir='ltr'>σίτου¹</span> <span class='ocrx_word' id='word_1_203' title='bbox 3224 1671 3411 1741; x_wconf 84' lang='grc' dir='ltr'>ἀκμὴν</span> <span class='ocrx_word' id='word_1_204' title='bbox 3448 1673 3510 1726; x_wconf 83' lang='grc' dir='ltr'>τὺ</span> <span class='ocrx_word' id='word_1_205' title='bbox 3557 1673 3809 1745; x_wconf 69' lang='grc' dir='ltr'>θαυμαστὸν</span> 
     </span>
    </p>
   </div>
   <div class='ocr_carea' id='block_1_30' title="bbox 615 1751 2205 1842">
    <p class='ocr_par' dir='ltr' id='par_1_30' title="bbox 615 1751 2185 1820">
     <span class='ocr_line' id='line_1_30' title="bbox 615 1751 2185 1820; baseline 0.004 -18"><span class='ocrx_word' id='word_1_206' title='bbox 615 1760 766 1812; x_wconf 88' lang='lat' dir='ltr'><strong>sunt,</strong></span> <span class='ocrx_word' id='word_1_207' title='bbox 791 1751 1083 1820; x_wconf 86' lang='lat' dir='ltr'><strong>quemdam</strong></span> <span class='ocrx_word' id='word_1_208' title='bbox 1106 1752 1387 1808; x_wconf 88' lang='lat' dir='ltr'><strong>hominem</strong></span> <span class='ocrx_word' id='word_1_209' title='bbox 1423 1770 1482 1809; x_wconf 87' lang='lat' dir='ltr'><strong>se</strong></span> <span class='ocrx_word' id='word_1_210' title='bbox 1507 1754 1574 1809; x_wconf 90' lang='lat' dir='ltr'><strong>ad</strong></span> <span class='ocrx_word' id='word_1_211' title='bbox 1607 1765 1848 1809; x_wconf 90' lang='lat' dir='ltr'><strong>montem</strong></span> <span class='ocrx_word' id='word_1_212' title='bbox 1875 1755 2185 1809; x_wconf 85' lang='lat' dir='ltr'><strong>mirabilem</strong></span> 
     </span>
    </p>
   </div>
   <div class='ocr_carea' id='block_1_31' title="bbox 2218 1751 3808 1842">
    <p class='ocr_par' dir='ltr' id='par_1_31' title="bbox 2293 1753 3808 1842">
     <span class='ocr_line' id='line_1_31' title="bbox 2293 1753 3808 1842; baseline 0.009 -35"><span class='ocrx_word' id='word_1_213' title='bbox 2293 1753 2495 1809; x_wconf 79' lang='grc' dir='ltr'><strong>ἀνιόντι</strong></span> <span class='ocrx_word' id='word_1_214' title='bbox 2525 1755 2652 1827; x_wconf 76' lang='grc' dir='ltr'>ὅρος</span> <span class='ocrx_word' id='word_1_215' title='bbox 2710 1758 2806 1810; x_wconf 74' lang='grc' dir='ltr'><strong>καὶ</strong></span> <span class='ocrx_word' id='word_1_216' title='bbox 2833 1758 2910 1829; x_wconf 83' lang='grc' dir='ltr'>τῷ</span> <span class='ocrx_word' id='word_1_217' title='bbox 2956 1777 3016 1813; x_wconf 86' lang='grc' dir='ltr'><strong>τε</strong></span> <span class='ocrx_word' id='word_1_218' title='bbox 3067 1762 3307 1817; x_wconf 81' lang='grc' dir='ltr'>καύσωνι</span> <span class='ocrx_word' id='word_1_219' title='bbox 3357 1768 3459 1837; x_wconf 82' lang='grc' dir='ltr'><strong>τῆς</strong></span> <span class='ocrx_word' id='word_1_220' title='bbox 3499 1768 3748 1842; x_wconf 85' lang='grc' dir='ltr'>ὥρας,τῷ</span> <span class='ocrx_word' id='word_1_221' title='bbox 3768 1785 3808 1821; x_wconf 81' lang='grc' dir='ltr'><strong>τε</strong></span> 
     </span>
    </p>
   </div>
   <div class='ocr_carea' id='block_1_32' title="bbox 615 1836 2205 1931">
    <p class='ocr_par' dir='ltr' id='par_1_32' title="bbox 615 1841 2186 1927">
     <span class='ocr_line' id='line_1_32' title="bbox 615 1841 2186 1927; baseline 0.003 -32"><span class='ocrx_word' id='word_1_222' title='bbox 615 1841 894 1927; x_wconf 71' lang='lat' dir='ltr'><strong>conferre.</strong></span> <span class='ocrx_word' id='word_1_223' title='bbox 930 1844 1379 1913; x_wconf 83' lang='lat' dir='ltr'><strong>tempestatisque</strong></span> <span class='ocrx_word' id='word_1_224' title='bbox 1407 1846 1606 1901; x_wconf 89' lang='lat' dir='ltr'><strong>ardore</strong></span> <span class='ocrx_word' id='word_1_225' title='bbox 1626 1856 1683 1900; x_wconf 89' lang='lat' dir='ltr'><strong>et</strong></span> <span class='ocrx_word' id='word_1_226' title='bbox 1725 1846 2035 1901; x_wconf 86' lang='lat' dir='ltr'><strong>acclivitate</strong></span> <span class='ocrx_word' id='word_1_227' title='bbox 2082 1845 2186 1900; x_wconf 70' lang='lat' dir='ltr'><strong>viae</strong></span> 
     </span>
    </p>
   </div>
   <div class='ocr_carea' id='block_1_33' title="bbox 2221 1836 3811 1931">
    <p class='ocr_par' dir='ltr' id='par_1_33' title="bbox 2221 1836 3811 1931">
     <span class='ocr_line' id='line_1_33' title="bbox 2221 1836 3811 1931; baseline 0.007 -31"><span class='ocrx_word' id='word_1_228' title='bbox 2221 1836 2260 1893; x_wconf 85' lang='grc' dir='ltr'><strong>Β</strong></span> <span class='ocrx_word' id='word_1_229' title='bbox 2287 1847 2387 1916; x_wconf 76' lang='grc' dir='ltr'>τῆς</span> <span class='ocrx_word' id='word_1_230' title='bbox 2417 1847 2538 1901; x_wconf 76' lang='grc' dir='ltr'>ὀδοῦ</span> <span class='ocrx_word' id='word_1_231' title='bbox 2571 1848 2806 1914; x_wconf 80' lang='grc' dir='ltr'><strong>ἀνάντει,</strong></span> <span class='ocrx_word' id='word_1_232' title='bbox 2846 1852 2981 1923; x_wconf 81' lang='grc' dir='ltr'>πρὸς</span> <span class='ocrx_word' id='word_1_233' title='bbox 3024 1854 3126 1924; x_wconf 78' lang='grc' dir='ltr'>τὴν</span> <span class='ocrx_word' id='word_1_234' title='bbox 3171 1857 3264 1911; x_wconf 84' lang='grc' dir='ltr'>τοῦ</span> <span class='ocrx_word' id='word_1_235' title='bbox 3318 1836 3509 1929; x_wconf 77' lang='grc' dir='ltr'>δίψους</span> <span class='ocrx_word' id='word_1_236' title='bbox 3548 1836 3811 1931; x_wconf 69' lang='grc' dir='ltr'>ἀπαγορεύ-</span> 
     </span>
    </p>
   </div>
   <div class='ocr_carea' id='block_1_34' title="bbox 613 1918 2203 2017">
    <p class='ocr_par' dir='ltr' id='par_1_34' title="bbox 613 1918 2187 2001">
     <span class='ocr_line' id='line_1_34' title="bbox 613 1918 2187 2001; baseline 0.003 -15"><span class='ocrx_word' id='word_1_237' title='bbox 613 1918 850 1987; x_wconf 81' lang='lat' dir='ltr'><strong>excitata</strong></span> <span class='ocrx_word' id='word_1_238' title='bbox 881 1934 1004 1989; x_wconf 87' lang='lat' dir='ltr'><strong>sitis</strong></span> <span class='ocrx_word' id='word_1_239' title='bbox 1022 1935 1375 1990; x_wconf 76' lang='lat' dir='ltr'><strong>vehementia</strong></span> <span class='ocrx_word' id='word_1_240' title='bbox 1429 1936 1800 2001; x_wconf 79' lang='lat' dir='ltr'><strong>deficientem,</strong></span> <span class='ocrx_word' id='word_1_241' title='bbox 1851 1937 2008 1991; x_wconf 80' lang='lat' dir='ltr'><strong>humi</strong></span> <span class='ocrx_word' id='word_1_242' title='bbox 2051 1951 2187 1991; x_wconf 90' lang='lat' dir='ltr'><strong>con-</strong></span> 
     </span>
    </p>
   </div>
   <div class='ocr_carea' id='block_1_35' title="bbox 2219 1918 3809 2017">
    <p class='ocr_par' dir='ltr' id='par_1_35' title="bbox 2296 1918 3809 2017">
     <span class='ocr_line' id='line_1_35' title="bbox 2296 1918 3809 2017; baseline 0.007 -28"><span class='ocrx_word' id='word_1_243' title='bbox 2296 1952 2450 1989; x_wconf 88' lang='grc' dir='ltr'>σαντι</span> <span class='ocrx_word' id='word_1_244' title='bbox 2486 1935 2607 2005; x_wconf 88' lang='grc' dir='ltr'>βίαν</span> <span class='ocrx_word' id='word_1_245' title='bbox 2632 1937 2726 1992; x_wconf 76' lang='grc' dir='ltr'>ἐπὶ</span> <span class='ocrx_word' id='word_1_246' title='bbox 2761 1940 2863 2010; x_wconf 81' lang='grc' dir='ltr'>τὴν</span> <span class='ocrx_word' id='word_1_247' title='bbox 2889 1918 2995 2011; x_wconf 73' lang='grc' dir='ltr'>γῆν</span> <span class='ocrx_word' id='word_1_248' title='bbox 3035 1918 3436 2017; x_wconf 71' lang='grc' dir='ltr'>καταρρεῦσαι,</span> <span class='ocrx_word' id='word_1_249' title='bbox 3469 1918 3564 2003; x_wconf 70' lang='grc' dir='ltr'>καὶ</span> <span class='ocrx_word' id='word_1_250' title='bbox 3599 1918 3809 2002; x_wconf 41' lang='lat' dir='ltr'><strong>metu.</strong></span> 
     </span>
    </p>
   </div>
   <div class='ocr_carea' id='block_1_36' title="bbox 615 2024 2205 2112">
    <p class='ocr_par' dir='ltr' id='par_1_36' title="bbox 615 2024 2185 2099">
     <span class='ocr_line' id='line_1_36' title="bbox 615 2024 2185 2099; baseline 0.003 -20"><span class='ocrx_word' id='word_1_251' title='bbox 615 2024 801 2079; x_wconf 87' lang='lat' dir='ltr'><strong>cidere</strong></span> <span class='ocrx_word' id='word_1_252' title='bbox 830 2035 887 2079; x_wconf 91' lang='lat' dir='ltr'><strong>et</strong></span> <span class='ocrx_word' id='word_1_253' title='bbox 911 2032 1122 2080; x_wconf 85' lang='lat' dir='ltr'><strong>tantum</strong></span> <span class='ocrx_word' id='word_1_254' title='bbox 1161 2042 1273 2081; x_wconf 87' lang='lat' dir='ltr'><strong>non</strong></span> <span class='ocrx_word' id='word_1_255' title='bbox 1305 2028 1491 2083; x_wconf 91' lang='lat' dir='ltr'><strong>animo</strong></span> <span class='ocrx_word' id='word_1_256' title='bbox 1537 2029 1735 2098; x_wconf 89' lang='lat' dir='ltr'><strong>linqui.</strong></span> <span class='ocrx_word' id='word_1_257' title='bbox 1769 2029 2001 2099; x_wconf 78' lang='lat' dir='ltr'><strong>Jamque</strong></span> <span class='ocrx_word' id='word_1_258' title='bbox 2046 2037 2185 2084; x_wconf 88' lang='lat' dir='ltr'><strong>tem-</strong></span> 
     </span>
    </p>
   </div>
   <div class='ocr_carea' id='block_1_37' title="bbox 2218 2024 3808 2112">
    <p class='ocr_par' dir='ltr' id='par_1_37' title="bbox 2286 2027 3808 2112">
     <span class='ocr_line' id='line_1_37' title="bbox 2286 2027 3808 2112; baseline 0.009 -34"><span class='ocrx_word' id='word_1_259' title='bbox 2286 2043 2383 2095; x_wconf 88' lang='grc' dir='ltr'><strong>γον</strong></span> <span class='ocrx_word' id='word_1_260' title='bbox 2440 2027 2858 2098; x_wconf 81' lang='grc' dir='ltr'>ὑπολιμπάνειν.</span> <span class='ocrx_word' id='word_1_261' title='bbox 2881 2027 2990 2086; x_wconf 62' lang='grc' dir='ltr'><strong>*Ην</strong></span> <span class='ocrx_word' id='word_1_262' title='bbox 3026 2035 3126 2105; x_wconf 83' lang='grc' dir='ltr'><strong>μὲν</strong></span> <span class='ocrx_word' id='word_1_263' title='bbox 3158 2032 3251 2090; x_wconf 79' lang='grc' dir='ltr'>οὖν</span> <span class='ocrx_word' id='word_1_264' title='bbox 3280 2038 3382 2109; x_wconf 72' lang='grc' dir='ltr'>ήδη</span> <span class='ocrx_word' id='word_1_265' title='bbox 3440 2041 3570 2112; x_wconf 79' lang='grc' dir='ltr'>περὶ</span> <span class='ocrx_word' id='word_1_266' title='bbox 3599 2041 3690 2103; x_wconf 79' lang='grc' dir='ltr'>τὰς</span> <span class='ocrx_word' id='word_1_267' title='bbox 3723 2043 3808 2093; x_wconf 74' lang='grc' dir='ltr'>ἐτ’.-</span> 
     </span>
    </p>
   </div>
   <div class='ocr_carea' id='block_1_38' title="bbox 614 2117 2204 2201">
    <p class='ocr_par' dir='ltr' id='par_1_38' title="bbox 614 2118 2186 2189">
     <span class='ocr_line' id='line_1_38' title="bbox 614 2118 2186 2189; baseline 0.004 -21"><span class='ocrx_word' id='word_1_268' title='bbox 614 2128 717 2183; x_wconf 89' lang='lat' dir='ltr'><strong>pus</strong></span> <span class='ocrx_word' id='word_1_269' title='bbox 740 2121 859 2169; x_wconf 87' lang='lat' dir='ltr'><strong>erat</strong></span> <span class='ocrx_word' id='word_1_270' title='bbox 885 2130 997 2184; x_wconf 91' lang='lat' dir='ltr'><strong>quo</strong></span> <span class='ocrx_word' id='word_1_271' title='bbox 1054 2118 1387 2185; x_wconf 65' lang='lat' dir='ltr'><strong>vespertinae</strong></span> <span class='ocrx_word' id='word_1_272' title='bbox 1436 2127 1712 2174; x_wconf 88' lang='lat' dir='ltr'><strong>canuntur</strong></span> <span class='ocrx_word' id='word_1_273' title='bbox 1763 2134 1980 2189; x_wconf 87' lang='lat' dir='ltr'><strong>preces,</strong></span> <span class='ocrx_word' id='word_1_274' title='bbox 2048 2134 2186 2189; x_wconf 88' lang='lat' dir='ltr'><strong>quas</strong></span> 
     </span>
    </p>
   </div>
   <div class='ocr_carea' id='block_1_39' title="bbox 2218 2117 3808 2201">
    <p class='ocr_par' dir='ltr' id='par_1_39' title="bbox 2286 2117 3808 2201">
     <span class='ocr_line' id='line_1_39' title="bbox 2286 2117 3808 2201; baseline 0.009 -32"><span class='ocrx_word' id='word_1_275' title='bbox 2286 2117 2536 2188; x_wconf 82' lang='grc' dir='ltr'>λυχνίους</span> <span class='ocrx_word' id='word_1_276' title='bbox 2587 2120 2754 2191; x_wconf 82' lang='grc' dir='ltr'>ᾠδὰς,</span> <span class='ocrx_word' id='word_1_277' title='bbox 2782 2124 2879 2178; x_wconf 58' lang='grc' dir='ltr'><strong>καὶ⁵</strong></span> <span class='ocrx_word' id='word_1_278' title='bbox 2923 2125 3147 2191; x_wconf 84' lang='grc' dir='ltr'>ταύτας,</span> <span class='ocrx_word' id='word_1_279' title='bbox 3176 2128 3252 2192; x_wconf 85' lang='grc' dir='ltr'>ὡς</span> <span class='ocrx_word' id='word_1_280' title='bbox 3283 2129 3539 2201; x_wconf 86' lang='grc' dir='ltr'>σύνηθες,</span> <span class='ocrx_word' id='word_1_281' title='bbox 3571 2133 3599 2184; x_wconf 87' lang='grc' dir='ltr'><strong>ό</strong></span> <span class='ocrx_word' id='word_1_282' title='bbox 3634 2131 3808 2201; x_wconf 78' lang='grc' dir='ltr'>Συμεὼν</span> 
     </span>
    </p>
   </div>
   <div class='ocr_carea' id='block_1_40' title="bbox 614 2209 2204 2294">
    <p class='ocr_par' dir='ltr' id='par_1_40' title="bbox 614 2210 2185 2281">
     <span class='ocr_line' id='line_1_40' title="bbox 614 2210 2185 2281; baseline 0.002 -20"><span class='ocrx_word' id='word_1_283' title='bbox 614 2215 839 2262; x_wconf 87' lang='lat' dir='ltr'><strong>sanctus</strong></span> <span class='ocrx_word' id='word_1_284' title='bbox 859 2222 961 2276; x_wconf 93' lang='lat' dir='ltr'><strong>pro</strong></span> <span class='ocrx_word' id='word_1_285' title='bbox 988 2223 1145 2262; x_wconf 89' lang='lat' dir='ltr'><strong>more</strong></span> <span class='ocrx_word' id='word_1_286' title='bbox 1185 2224 1286 2264; x_wconf 90' lang='lat' dir='ltr'><strong>suo</strong></span> <span class='ocrx_word' id='word_1_287' title='bbox 1322 2224 1446 2269; x_wconf 90' lang='lat' dir='ltr'><strong>cum</strong></span> <span class='ocrx_word' id='word_1_288' title='bbox 1485 2210 1776 2281; x_wconf 88' lang='lat' dir='ltr'><strong>discipulis</strong></span> <span class='ocrx_word' id='word_1_289' title='bbox 1836 2212 1949 2266; x_wconf 87' lang='lat' dir='ltr'><strong>Deo</strong></span> <span class='ocrx_word' id='word_1_290' title='bbox 1971 2210 2185 2280; x_wconf 91' lang='lat' dir='ltr'><strong>persol-</strong></span> 
     </span>
    </p>
   </div>
   <div class='ocr_carea' id='block_1_41' title="bbox 2218 2209 3808 2294">
    <p class='ocr_par' dir='ltr' id='par_1_41' title="bbox 2287 2209 3808 2294">
     <span class='ocr_line' id='line_1_41' title="bbox 2287 2209 3808 2294; baseline 0.009 -34"><span class='ocrx_word' id='word_1_291' title='bbox 2287 2209 2404 2279; x_wconf 85' lang='grc' dir='ltr'>Θεῷ</span> <span class='ocrx_word' id='word_1_292' title='bbox 2456 2210 2593 2280; x_wconf 79' lang='grc' dir='ltr'>μετὰ</span> <span class='ocrx_word' id='word_1_293' title='bbox 2635 2213 2743 2266; x_wconf 91' lang='grc' dir='ltr'>τῶν</span> <span class='ocrx_word' id='word_1_294' title='bbox 2776 2216 3033 2285; x_wconf 82' lang='grc' dir='ltr'><strong>μαθητῶν</strong></span> <span class='ocrx_word' id='word_1_295' title='bbox 3056 2219 3310 2273; x_wconf 80' lang='grc' dir='ltr'><strong>ἀπεδίδου</strong></span> <span class='ocrx_word' id='word_1_296' title='bbox 3337 2238 3353 2252; x_wconf 75' lang='grc' dir='ltr'><strong>ο</strong></span> <span class='ocrx_word' id='word_1_297' title='bbox 3389 2224 3449 2275; x_wconf 87' lang='grc' dir='ltr'><strong>ἐν</strong></span> <span class='ocrx_word' id='word_1_298' title='bbox 3480 2224 3649 2294; x_wconf 84' lang='grc' dir='ltr'>τούτῳ</span> <span class='ocrx_word' id='word_1_299' title='bbox 3668 2224 3717 2277; x_wconf 80' lang='grc' dir='ltr'>δὲ</span> <span class='ocrx_word' id='word_1_300' title='bbox 3743 2223 3808 2275; x_wconf 80' lang='grc' dir='ltr'><strong>δύο</strong></span> 
     </span>
    </p>
   </div>
   <div class='ocr_carea' id='block_1_42' title="bbox 615 2298 2205 2384">
    <p class='ocr_par' dir='ltr' id='par_1_42' title="bbox 615 2298 2181 2372">
     <span class='ocr_line' id='line_1_42' title="bbox 615 2298 2181 2372; baseline 0.002 -21"><span class='ocrx_word' id='word_1_301' title='bbox 615 2298 808 2364; x_wconf 84' lang='lat' dir='ltr'><strong>vehat;</strong></span> <span class='ocrx_word' id='word_1_302' title='bbox 857 2314 984 2352; x_wconf 90' lang='lat' dir='ltr'><strong>cum</strong></span> <span class='ocrx_word' id='word_1_303' title='bbox 1043 2299 1183 2355; x_wconf 91' lang='lat' dir='ltr'><strong>duos</strong></span> <span class='ocrx_word' id='word_1_304' title='bbox 1227 2300 1448 2354; x_wconf 91' lang='lat' dir='ltr'><strong>illorum</strong></span> <span class='ocrx_word' id='word_1_305' title='bbox 1488 2300 1557 2355; x_wconf 91' lang='lat' dir='ltr'><strong>ad</strong></span> <span class='ocrx_word' id='word_1_306' title='bbox 1606 2316 1665 2356; x_wconf 88' lang='lat' dir='ltr'><strong>se</strong></span> <span class='ocrx_word' id='word_1_307' title='bbox 1722 2310 1948 2356; x_wconf 87' lang='lat' dir='ltr'><strong>vocatos</strong></span> <span class='ocrx_word' id='word_1_308' title='bbox 2002 2300 2181 2372; x_wconf 85' lang='lat' dir='ltr'><strong>jubet,</strong></span> 
     </span>
    </p>
   </div>
   <div class='ocr_carea' id='block_1_43' title="bbox 2216 2298 3806 2384">
    <p class='ocr_par' dir='ltr' id='par_1_43' title="bbox 2284 2298 3806 2384">
     <span class='ocr_line' id='line_1_43' title="bbox 2284 2298 3806 2384; baseline 0.009 -33"><span class='ocrx_word' id='word_1_309' title='bbox 2284 2298 2439 2359; x_wconf 86' lang='grc' dir='ltr'>τινὰς</span> <span class='ocrx_word' id='word_1_310' title='bbox 2492 2300 2727 2366; x_wconf 84' lang='grc' dir='ltr'>καλέσας</span> <span class='ocrx_word' id='word_1_311' title='bbox 2777 2304 2957 2358; x_wconf 83' lang='grc' dir='ltr'>αὐτῶν</span> <span class='ocrx_word' id='word_1_312' title='bbox 2997 2305 3342 2378; x_wconf 77' lang='grc' dir='ltr'>ἐπισκήπτει,</span> <span class='ocrx_word' id='word_1_313' title='bbox 3385 2312 3648 2377; x_wconf 72' lang='grc' dir='ltr'>λαϐόντας</span> <span class='ocrx_word' id='word_1_314' title='bbox 3681 2315 3806 2384; x_wconf 78' lang='grc' dir='ltr'>ἄρτου</span> 
     </span>
    </p>
   </div>
   <div class='ocr_carea' id='block_1_44' title="bbox 613 2387 2203 2475">
    <p class='ocr_par' dir='ltr' id='par_1_44' title="bbox 613 2389 2185 2459">
     <span class='ocr_line' id='line_1_44' title="bbox 613 2389 2185 2459; baseline 0.002 -18"><span class='ocrx_word' id='word_1_315' title='bbox 613 2396 837 2458; x_wconf 82' lang='lat' dir='ltr'><strong>accepto</strong></span> <span class='ocrx_word' id='word_1_316' title='bbox 862 2402 1003 2458; x_wconf 89' lang='lat' dir='ltr'><strong>pane</strong></span> <span class='ocrx_word' id='word_1_317' title='bbox 1024 2396 1081 2444; x_wconf 87' lang='lat' dir='ltr'><strong>et</strong></span> <span class='ocrx_word' id='word_1_318' title='bbox 1112 2405 1277 2459; x_wconf 86' lang='lat' dir='ltr'><strong>aqua,</strong></span> <span class='ocrx_word' id='word_1_319' title='bbox 1298 2389 1389 2443; x_wconf 88' lang='lat' dir='ltr'><strong>via</strong></span> <span class='ocrx_word' id='word_1_320' title='bbox 1419 2391 1625 2445; x_wconf 88' lang='lat' dir='ltr'><strong>montis</strong></span> <span class='ocrx_word' id='word_1_321' title='bbox 1656 2399 1924 2446; x_wconf 87' lang='lat' dir='ltr'><strong>consueta</strong></span> <span class='ocrx_word' id='word_1_322' title='bbox 1955 2390 2185 2445; x_wconf 87' lang='lat' dir='ltr'><strong>descen-</strong></span> 
     </span>
    </p>
   </div>
   <div class='ocr_carea' id='block_1_45' title="bbox 2216 2387 3806 2475">
    <p class='ocr_par' dir='ltr' id='par_1_45' title="bbox 2283 2387 3806 2475">
     <span class='ocr_line' id='line_1_45' title="bbox 2283 2387 3806 2475; baseline 0.009 -34"><span class='ocrx_word' id='word_1_323' title='bbox 2283 2389 2380 2441; x_wconf 77' lang='grc' dir='ltr'>καὶ</span> <span class='ocrx_word' id='word_1_324' title='bbox 2410 2387 2622 2455; x_wconf 77' lang='grc' dir='ltr'>ὓδατος,</span> <span class='ocrx_word' id='word_1_325' title='bbox 2658 2392 2757 2463; x_wconf 84' lang='grc' dir='ltr'>τήν</span> <span class='ocrx_word' id='word_1_326' title='bbox 2787 2409 2848 2446; x_wconf 88' lang='grc' dir='ltr'><strong>τε</strong></span> <span class='ocrx_word' id='word_1_327' title='bbox 2876 2394 2969 2447; x_wconf 83' lang='grc' dir='ltr'><strong>τοῦ</strong></span> <span class='ocrx_word' id='word_1_328' title='bbox 2999 2396 3160 2466; x_wconf 80' lang='grc' dir='ltr'>ὅρους</span> <span class='ocrx_word' id='word_1_329' title='bbox 3184 2399 3300 2454; x_wconf 82' lang='grc' dir='ltr'>ὁδὸν</span> <span class='ocrx_word' id='word_1_330' title='bbox 3328 2404 3625 2474; x_wconf 83' lang='grc' dir='ltr'>παριόντας</span> <span class='ocrx_word' id='word_1_331' title='bbox 3670 2406 3806 2475; x_wconf 79' lang='grc' dir='ltr'>εὐρεξν</span> 
     </span>
    </p>
   </div>
   <div class='ocr_carea' id='block_1_46' title="bbox 614 2472 2204 2565">
    <p class='ocr_par' dir='ltr' id='par_1_46' title="bbox 614 2472 2181 2550">
     <span class='ocr_line' id='line_1_46' title="bbox 614 2472 2181 2550; baseline 0.003 -20"><span class='ocrx_word' id='word_1_332' title='bbox 614 2479 771 2543; x_wconf 83' lang='lat' dir='ltr'><strong>dere,</strong></span> <span class='ocrx_word' id='word_1_333' title='bbox 805 2480 1132 2534; x_wconf 88' lang='lat' dir='ltr'><strong>inventuros</strong></span> <span class='ocrx_word' id='word_1_334' title='bbox 1162 2472 1458 2549; x_wconf 84' lang='lat' dir='ltr'><strong>quemdam</strong></span> <span class='ocrx_word' id='word_1_335' title='bbox 1501 2481 1557 2535; x_wconf 93' lang='lat' dir='ltr'><strong>in</strong></span> <span class='ocrx_word' id='word_1_336' title='bbox 1578 2490 1784 2534; x_wconf 90' lang='lat' dir='ltr'><strong>terram</strong></span> <span class='ocrx_word' id='word_1_337' title='bbox 1814 2487 2181 2550; x_wconf 87' lang='lat' dir='ltr'><strong>prostratum,</strong></span> 
     </span>
    </p>
   </div>
   <div class='ocr_carea' id='block_1_47' title="bbox 2216 2472 3806 2565">
    <p class='ocr_par' dir='ltr' id='par_1_47' title="bbox 2283 2472 3806 2565">
     <span class='ocr_line' id='line_1_47' title="bbox 2283 2472 3806 2565; baseline 0.011 -34"><span class='ocrx_word' id='word_1_338' title='bbox 2283 2496 2404 2533; x_wconf 89' lang='grc' dir='ltr'>τινα</span> <span class='ocrx_word' id='word_1_339' title='bbox 2431 2481 2574 2536; x_wconf 79' lang='grc' dir='ltr'>κατὰ</span> <span class='ocrx_word' id='word_1_340' title='bbox 2602 2482 2706 2553; x_wconf 81' lang='grc' dir='ltr'>γῆς</span> <span class='ocrx_word' id='word_1_341' title='bbox 2728 2485 3087 2557; x_wconf 74' lang='grc' dir='ltr'>ἐρριμμένον,</span> <span class='ocrx_word' id='word_1_342' title='bbox 3125 2492 3364 2547; x_wconf 80' lang='grc' dir='ltr'>πνέοντα</span> <span class='ocrx_word' id='word_1_343' title='bbox 3399 2472 3579 2565; x_wconf 83' lang='grc' dir='ltr'>μικρά</span> <span class='ocrx_word' id='word_1_344' title='bbox 3628 2472 3806 2548; x_wconf 28' lang='grc' dir='ltr'>καὶ-ἐκ-</span> 
     </span>
    </p>
   </div>
   <div class='ocr_carea' id='block_1_48' title="bbox 612 2570 2202 2658">
    <p class='ocr_par' dir='ltr' id='par_1_48' title="bbox 612 2571 2179 2644">
     <span class='ocr_line' id='line_1_48' title="bbox 612 2571 2179 2644; baseline 0.005 -24"><span class='ocrx_word' id='word_1_345' title='bbox 612 2572 702 2625; x_wconf 77' lang='lat' dir='ltr'><strong>vix</strong></span> <span class='ocrx_word' id='word_1_346' title='bbox 739 2571 1043 2641; x_wconf 89' lang='lat' dir='ltr'><strong>spirantem</strong></span> <span class='ocrx_word' id='word_1_347' title='bbox 1073 2574 1261 2628; x_wconf 89' lang='lat' dir='ltr'><strong>animo</strong></span> <span class='ocrx_word' id='word_1_348' title='bbox 1284 2574 1578 2630; x_wconf 86' lang='lat' dir='ltr'><strong>deﬁciente</strong></span> <span class='ocrx_word' id='word_1_349' title='bbox 1604 2592 1617 2628; x_wconf 94' lang='lat'><strong>:</strong></span> <span class='ocrx_word' id='word_1_350' title='bbox 1646 2574 1801 2630; x_wconf 88' lang='lat' dir='ltr'><strong>hisce</strong></span> <span class='ocrx_word' id='word_1_351' title='bbox 1819 2574 2023 2629; x_wconf 88' lang='lat' dir='ltr'><strong>fractas</strong></span> <span class='ocrx_word' id='word_1_352' title='bbox 2075 2575 2179 2644; x_wconf 92' lang='lat' dir='ltr'><strong>ipsi</strong></span> 
     </span>
    </p>
   </div>
   <div class='ocr_carea' id='block_1_49' title="bbox 2215 2570 3805 2658">
    <p class='ocr_par' dir='ltr' id='par_1_49' title="bbox 2283 2570 3805 2658">
     <span class='ocr_line' id='line_1_49' title="bbox 2283 2570 3805 2658; baseline 0.009 -33"><span class='ocrx_word' id='word_1_353' title='bbox 2283 2570 2591 2640; x_wconf 71' lang='grc' dir='ltr'>λελοιπότα,</span> <span class='ocrx_word' id='word_1_354' title='bbox 2630 2575 2843 2640; x_wconf 83' lang='grc' dir='ltr'>τούτοις</span> <span class='ocrx_word' id='word_1_355' title='bbox 2887 2579 3039 2651; x_wconf 86' lang='grc' dir='ltr'><strong>αὐτῷ</strong></span> <span class='ocrx_word' id='word_1_356' title='bbox 3070 2582 3167 2651; x_wconf 83' lang='grc' dir='ltr'>τὴν</span> <span class='ocrx_word' id='word_1_357' title='bbox 3218 2584 3451 2651; x_wconf 88' lang='grc' dir='ltr'>δύναμιν</span> <span class='ocrx_word' id='word_1_358' title='bbox 3494 2589 3805 2658; x_wconf 80' lang='grc' dir='ltr'>ἀπειρηκυῖαν</span> 
     </span>
    </p>
   </div>
   <div class='ocr_carea' id='block_1_50' title="bbox 611 2662 2201 2748">
    <p class='ocr_par' dir='ltr' id='par_1_50' title="bbox 611 2663 2183 2736">
     <span class='ocr_line' id='line_1_50' title="bbox 611 2663 2183 2736; baseline 0.003 -22"><span class='ocrx_word' id='word_1_359' title='bbox 611 2663 761 2717; x_wconf 81' lang='lat' dir='ltr'><strong>vires</strong></span> <span class='ocrx_word' id='word_1_360' title='bbox 792 2664 1188 2720; x_wconf 88' lang='lat' dir='ltr'><strong>restituendas.</strong></span> <span class='ocrx_word' id='word_1_361' title='bbox 1217 2665 1423 2720; x_wconf 81' lang='lat' dir='ltr'><strong>Verum</strong></span> <span class='ocrx_word' id='word_1_362' title='bbox 1458 2664 1719 2721; x_wconf 89' lang='lat' dir='ltr'><strong>festinato</strong></span> <span class='ocrx_word' id='word_1_363' title='bbox 1773 2681 1913 2736; x_wconf 88' lang='lat' dir='ltr'><strong>opus</strong></span> <span class='ocrx_word' id='word_1_364' title='bbox 1944 2676 2048 2730; x_wconf 85' lang='lat' dir='ltr'><strong>est,</strong></span> <span class='ocrx_word' id='word_1_365' title='bbox 2104 2665 2183 2719; x_wconf 79' lang='lat' dir='ltr'><strong>in-</strong></span> 
     </span>
    </p>
   </div>
   <div class='ocr_carea' id='block_1_51' title="bbox 2216 2662 3806 2748">
    <p class='ocr_par' dir='ltr' id='par_1_51' title="bbox 2284 2662 3806 2748">
     <span class='ocr_line' id='line_1_51' title="bbox 2284 2662 3806 2748; baseline 0.011 -33"><span class='ocrx_word' id='word_1_366' title='bbox 2284 2662 2602 2717; x_wconf 73' lang='grc' dir='ltr'>ἀναλαϐεῖν.</span> <span class='ocrx_word' id='word_1_367' title='bbox 2647 2665 2809 2719; x_wconf 87' lang='grc' dir='ltr'>Ἀλλά</span> <span class='ocrx_word' id='word_1_368' title='bbox 2856 2668 3054 2738; x_wconf 83' lang='grc' dir='ltr'>τάχους</span> <span class='ocrx_word' id='word_1_369' title='bbox 3080 2671 3158 2741; x_wconf 86' lang='grc' dir='ltr'>τῷ</span> <span class='ocrx_word' id='word_1_370' title='bbox 3210 2673 3498 2745; x_wconf 83' lang='grc' dir='ltr'>πράγματι</span> <span class='ocrx_word' id='word_1_371' title='bbox 3545 2678 3725 2748; x_wconf 85' lang='grc' dir='ltr'>χρεία,</span> <span class='ocrx_word' id='word_1_372' title='bbox 3752 2679 3806 2746; x_wconf 77' lang='grc' dir='ltr'>μὴ</span> 
     </span>
    </p>
   </div>
   <div class='ocr_carea' id='block_1_52' title="bbox 611 2752 2201 2839">
    <p class='ocr_par' dir='ltr' id='par_1_52' title="bbox 611 2753 2180 2827">
     <span class='ocr_line' id='line_1_52' title="bbox 611 2753 2180 2827; baseline 0.003 -21"><span class='ocrx_word' id='word_1_373' title='bbox 611 2753 749 2821; x_wconf 85' lang='lat' dir='ltr'><strong>quit,</strong></span> <span class='ocrx_word' id='word_1_374' title='bbox 778 2768 847 2807; x_wconf 81' lang='lat' dir='ltr'><strong>ne</strong></span> <span class='ocrx_word' id='word_1_375' title='bbox 873 2769 1024 2809; x_wconf 88' lang='lat' dir='ltr'><strong>mors</strong></span> <span class='ocrx_word' id='word_1_376' title='bbox 1053 2766 1393 2824; x_wconf 77' lang='lat' dir='ltr'><strong>praeverteris</strong></span> <span class='ocrx_word' id='word_1_377' title='bbox 1420 2757 1633 2812; x_wconf 80' lang='lat' dir='ltr'><strong>auferat</strong></span> <span class='ocrx_word' id='word_1_378' title='bbox 1677 2756 2001 2827; x_wconf 80' lang='lat' dir='ltr'><strong>pauxillum,</strong></span> <span class='ocrx_word' id='word_1_379' title='bbox 2031 2756 2180 2826; x_wconf 89' lang='lat' dir='ltr'><strong>quod</strong></span> 
     </span>
    </p>
   </div>
   <div class='ocr_carea' id='block_1_53' title="bbox 2213 2752 3803 2839">
    <p class='ocr_par' dir='ltr' id='par_1_53' title="bbox 2282 2752 3803 2839">
     <span class='ocr_line' id='line_1_53' title="bbox 2282 2752 3803 2839; baseline 0.009 -33"><span class='ocrx_word' id='word_1_380' title='bbox 2282 2752 2536 2819; x_wconf 79' lang='grc' dir='ltr'>θάνατος,</span> <span class='ocrx_word' id='word_1_381' title='bbox 2562 2755 2720 2826; x_wconf 78' lang='grc' dir='ltr'>φησὶ,</span> <span class='ocrx_word' id='word_1_382' title='bbox 2750 2759 3042 2829; x_wconf 73' lang='grc' dir='ltr'>προλαϐὼν</span> <span class='ocrx_word' id='word_1_383' title='bbox 3095 2764 3188 2816; x_wconf 75' lang='grc' dir='ltr'>καὶ</span> <span class='ocrx_word' id='word_1_384' title='bbox 3248 2764 3349 2836; x_wconf 81' lang='grc' dir='ltr'>τὴν</span> <span class='ocrx_word' id='word_1_385' title='bbox 3394 2768 3587 2839; x_wconf 81' lang='grc' dir='ltr'>ὀλίγην</span> <span class='ocrx_word' id='word_1_386' title='bbox 3636 2770 3803 2838; x_wconf 69' lang='grc' dir='ltr'>ἐκείνην</span> 
     </span>
    </p>
   </div>
   <div class='ocr_carea' id='block_1_54' title="bbox 610 2845 2200 2931">
    <p class='ocr_par' dir='ltr' id='par_1_54' title="bbox 610 2845 2180 2914">
     <span class='ocr_line' id='line_1_54' title="bbox 610 2845 2180 2914; baseline 0.004 -19"><span class='ocrx_word' id='word_1_387' title='bbox 610 2852 881 2912; x_wconf 74' lang='lat' dir='ltr'><strong>superest,</strong></span> <span class='ocrx_word' id='word_1_388' title='bbox 927 2845 1174 2914; x_wconf 88' lang='lat' dir='ltr'><strong>spiritus.</strong></span> <span class='ocrx_word' id='word_1_389' title='bbox 1235 2846 1318 2900; x_wconf 89' lang='lat' dir='ltr'><strong>llli</strong></span> <span class='ocrx_word' id='word_1_390' title='bbox 1370 2854 1555 2901; x_wconf 89' lang='lat' dir='ltr'><strong>autem</strong></span> <span class='ocrx_word' id='word_1_391' title='bbox 1616 2855 1907 2903; x_wconf 90' lang='lat' dir='ltr'><strong>currentes</strong></span> <span class='ocrx_word' id='word_1_392' title='bbox 1963 2853 2038 2901; x_wconf 82' lang='lat' dir='ltr'><strong>ut‘</strong></span> <span class='ocrx_word' id='word_1_393' title='bbox 2073 2846 2180 2901; x_wconf 78' lang='lat' dir='ltr'><strong>sibi</strong></span> 
     </span>
    </p>
   </div>
   <div class='ocr_carea' id='block_1_55' title="bbox 2214 2845 3804 2931">
    <p class='ocr_par' dir='ltr' id='par_1_55' title="bbox 2283 2846 3804 2931">
     <span class='ocr_line' id='line_1_55' title="bbox 2283 2846 3804 2931; baseline 0.008 -32"><span class='ocrx_word' id='word_1_394' title='bbox 2283 2846 2454 2916; x_wconf 80' lang='grc' dir='ltr'>πνοὴν</span> <span class='ocrx_word' id='word_1_395' title='bbox 2484 2847 2774 2917; x_wconf 84' lang='grc' dir='ltr'>ἀφέληται.</span> <span class='ocrx_word' id='word_1_396' title='bbox 2807 2851 2872 2903; x_wconf 89' lang='grc' dir='ltr'>Οί</span> <span class='ocrx_word' id='word_1_397' title='bbox 2897 2850 2956 2904; x_wconf 83' lang='grc' dir='ltr'>δὲ</span> <span class='ocrx_word' id='word_1_398' title='bbox 2986 2853 3282 2923; x_wconf 85' lang='grc' dir='ltr'>δράσαντες</span> <span class='ocrx_word' id='word_1_399' title='bbox 3312 2858 3458 2912; x_wconf 83' lang='grc' dir='ltr'><strong>κατά</strong></span> <span class='ocrx_word' id='word_1_400' title='bbox 3511 2861 3578 2913; x_wconf 84' lang='grc' dir='ltr'>τὰ</span> <span class='ocrx_word' id='word_1_401' title='bbox 3618 2877 3804 2931; x_wconf 76' lang='grc' dir='ltr'>προστε-</span> 
     </span>
    </p>
   </div>
   <div class='ocr_carea' id='block_1_56' title="bbox 614 2934 2204 3022">
    <p class='ocr_par' dir='ltr' id='par_1_56' title="bbox 614 2934 2181 3008">
     <span class='ocr_line' id='line_1_56' title="bbox 614 2934 2181 3008; baseline 0.006 -24"><span class='ocrx_word' id='word_1_402' title='bbox 614 2934 927 2987; x_wconf 83' lang='lat' dir='ltr'><strong>mandatum</strong></span> <span class='ocrx_word' id='word_1_403' title='bbox 954 2944 1095 3000; x_wconf 89' lang='lat' dir='ltr'><strong>erat,</strong></span> <span class='ocrx_word' id='word_1_404' title='bbox 1153 2936 1442 3006; x_wconf 90' lang='lat' dir='ltr'><strong>reperiunt</strong></span> <span class='ocrx_word' id='word_1_405' title='bbox 1483 2938 1755 3008; x_wconf 89' lang='lat' dir='ltr'><strong>jacentem</strong></span> <span class='ocrx_word' id='word_1_406' title='bbox 1790 2938 1844 2993; x_wconf 86' lang='lat' dir='ltr'><strong>in</strong></span> <span class='ocrx_word' id='word_1_407' title='bbox 1877 2938 1966 2993; x_wconf 90' lang='lat' dir='ltr'><strong>via</strong></span> <span class='ocrx_word' id='word_1_408' title='bbox 2002 2938 2181 2994; x_wconf 89' lang='lat' dir='ltr'><strong>homi-</strong></span> 
     </span>
    </p>
   </div>
   <div class='ocr_carea' id='block_1_57' title="bbox 2212 2934 3802 3022">
    <p class='ocr_par' dir='ltr' id='par_1_57' title="bbox 2279 2936 3802 3022">
     <span class='ocr_line' id='line_1_57' title="bbox 2279 2936 3802 3022; baseline 0.012 -35"><span class='ocrx_word' id='word_1_409' title='bbox 2279 2936 2547 3005; x_wconf 86' lang='grc' dir='ltr'>ταγμένα,</span> <span class='ocrx_word' id='word_1_410' title='bbox 2581 2938 2899 3008; x_wconf 84' lang='grc' dir='ltr'>εὑρίσκουσι</span> <span class='ocrx_word' id='word_1_411' title='bbox 2950 2944 3203 3014; x_wconf 83' lang='grc' dir='ltr'>κείμενον</span> <span class='ocrx_word' id='word_1_412' title='bbox 3244 2948 3408 3003; x_wconf 79' lang='grc' dir='ltr'>αὐτὸν</span> <span class='ocrx_word' id='word_1_413' title='bbox 3436 2951 3544 3005; x_wconf 88' lang='grc' dir='ltr'><strong>ἀνά</strong></span> <span class='ocrx_word' id='word_1_414' title='bbox 3590 2951 3802 3022; x_wconf 76' lang='grc' dir='ltr'>τὴνὸδὸν,</span> 
     </span>
    </p>
   </div>
   <div class='ocr_carea' id='block_1_58' title="bbox 610 3025 2200 3110">
    <p class='ocr_par' dir='ltr' id='par_1_58' title="bbox 610 3025 2174 3101">
     <span class='ocr_line' id='line_1_58' title="bbox 610 3025 2174 3101; baseline 0.005 -26"><span class='ocrx_word' id='word_1_415' title='bbox 610 3038 758 3087; x_wconf 89' lang='lat' dir='ltr'><strong>nem,</strong></span> <span class='ocrx_word' id='word_1_416' title='bbox 783 3025 894 3093; x_wconf 88' lang='lat' dir='ltr'><strong>jam</strong></span> <span class='ocrx_word' id='word_1_417' title='bbox 917 3033 1128 3078; x_wconf 88' lang='lat' dir='ltr'><strong>tantum</strong></span> <span class='ocrx_word' id='word_1_418' title='bbox 1156 3041 1269 3080; x_wconf 91' lang='lat' dir='ltr'><strong>non</strong></span> <span class='ocrx_word' id='word_1_419' title='bbox 1300 3037 1602 3082; x_wconf 87' lang='lat' dir='ltr'><strong>mortuum.</strong></span> <span class='ocrx_word' id='word_1_420' title='bbox 1628 3029 1854 3085; x_wconf 86' lang='lat' dir='ltr'><strong>Tollunt</strong></span> <span class='ocrx_word' id='word_1_421' title='bbox 1878 3046 2007 3101; x_wconf 78' lang='lat' dir='ltr'><strong>ergo</strong></span> <span class='ocrx_word' id='word_1_422' title='bbox 2025 3044 2174 3096; x_wconf 91' lang='lat' dir='ltr'><strong>eum,</strong></span> 
     </span>
    </p>
   </div>
   <div class='ocr_carea' id='block_1_59' title="bbox 2215 3025 3805 3110">
    <p class='ocr_par' dir='ltr' id='par_1_59' title="bbox 2282 3025 3805 3110">
     <span class='ocr_line' id='line_1_59' title="bbox 2282 3025 3805 3110; baseline 0.009 -31"><span class='ocrx_word' id='word_1_423' title='bbox 2282 3025 2424 3098; x_wconf 82' lang='grc' dir='ltr'>πλὴν</span> <span class='ocrx_word' id='word_1_424' title='bbox 2451 3027 2546 3081; x_wconf 80' lang='grc' dir='ltr'><strong>τοῦ</strong></span> <span class='ocrx_word' id='word_1_425' title='bbox 2577 3030 2840 3084; x_wconf 85' lang='grc' dir='ltr'>ἀναπνεῖν</span> <span class='ocrx_word' id='word_1_426' title='bbox 2860 3035 3053 3103; x_wconf 87' lang='grc' dir='ltr'>νεκρόν</span> <span class='ocrx_word' id='word_1_427' title='bbox 3079 3052 3092 3065; x_wconf 89' lang='grc'>·</span> <span class='ocrx_word' id='word_1_428' title='bbox 3124 3037 3439 3110; x_wconf 84' lang='grc' dir='ltr'>ἀνελόμενοι</span> <span class='ocrx_word' id='word_1_429' title='bbox 3467 3045 3643 3096; x_wconf 83' lang='grc' dir='ltr'>τοίνυν</span> <span class='ocrx_word' id='word_1_430' title='bbox 3662 3043 3805 3107; x_wconf 66' lang='grc' dir='ltr'>αὐτὸν,</span> 
     </span>
    </p>
   </div>
   <div class='ocr_carea' id='block_1_60' title="bbox 611 3114 2201 3205">
    <p class='ocr_par' dir='ltr' id='par_1_60' title="bbox 611 3114 2175 3190">
     <span class='ocr_line' id='line_1_60' title="bbox 611 3114 2175 3190; baseline 0.003 -22"><span class='ocrx_word' id='word_1_431' title='bbox 611 3114 875 3183; x_wconf 79' lang='lat' dir='ltr'><strong>atquein</strong></span> <span class='ocrx_word' id='word_1_432' title='bbox 902 3122 1117 3184; x_wconf 88' lang='lat' dir='ltr'><strong>partem</strong></span> <span class='ocrx_word' id='word_1_433' title='bbox 1142 3117 1468 3172; x_wconf 89' lang='lat' dir='ltr'><strong>monasterii</strong></span> <span class='ocrx_word' id='word_1_434' title='bbox 1523 3117 1848 3174; x_wconf 90' lang='lat' dir='ltr'><strong>inferiorem</strong></span> <span class='ocrx_word' id='word_1_435' title='bbox 1919 3128 2175 3190; x_wconf 88' lang='lat' dir='ltr'><strong>portant:</strong></span> 
     </span>
    </p>
   </div>
   <div class='ocr_carea' id='block_1_61' title="bbox 2258 3114 3848 3205">
    <p class='ocr_par' dir='ltr' id='par_1_61' title="bbox 2282 3119 3848 3205">
     <span class='ocr_line' id='line_1_61' title="bbox 2282 3119 3848 3205; baseline 0.012 -35"><span class='ocrx_word' id='word_1_436' title='bbox 2282 3119 2378 3171; x_wconf 79' lang='grc' dir='ltr'><strong>καὶ</strong></span> <span class='ocrx_word' id='word_1_437' title='bbox 2436 3121 2516 3182; x_wconf 80' lang='grc' dir='ltr'><strong>εἰς</strong></span> <span class='ocrx_word' id='word_1_438' title='bbox 2569 3120 2668 3191; x_wconf 85' lang='grc' dir='ltr'><strong>τὴν</strong></span> <span class='ocrx_word' id='word_1_439' title='bbox 2717 3124 3014 3195; x_wconf 82' lang='grc' dir='ltr'>κατωτέρω</span> <span class='ocrx_word' id='word_1_440' title='bbox 3063 3130 3231 3199; x_wconf 84' lang='grc' dir='ltr'>μονὴν</span> <span class='ocrx_word' id='word_1_441' title='bbox 3281 3132 3601 3203; x_wconf 87' lang='grc' dir='ltr'>ἀγαγόντες,</span> <span class='ocrx_word' id='word_1_442' title='bbox 3632 3135 3805 3205; x_wconf 72' lang='grc' dir='ltr'>ὀψὲκειὶ</span> <span class='ocrx_word' id='word_1_443' title='bbox 3842 3136 3848 3144; x_wconf 86' lang='grc'><em>’</em></span> 
     </span>
    </p>
   </div>
   <div class='ocr_carea' id='block_1_62' title="bbox 612 3205 2202 3300">
    <p class='ocr_par' dir='ltr' id='par_1_62' title="bbox 612 3205 2176 3285">
     <span class='ocr_line' id='line_1_62' title="bbox 612 3205 2176 3285; baseline 0.005 -26"><span class='ocrx_word' id='word_1_444' title='bbox 612 3205 711 3261; x_wconf 88' lang='lat' dir='ltr'><strong>ubi</strong></span> <span class='ocrx_word' id='word_1_445' title='bbox 734 3207 824 3260; x_wconf 85' lang='lat' dir='ltr'><strong>vix</strong></span> <span class='ocrx_word' id='word_1_446' title='bbox 874 3205 1091 3262; x_wconf 86' lang='lat' dir='ltr'><strong>tandem</strong></span> <span class='ocrx_word' id='word_1_447' title='bbox 1148 3207 1541 3267; x_wconf 86' lang='lat' dir='ltr'><strong>abiturientem</strong></span> <span class='ocrx_word' id='word_1_448' title='bbox 1602 3211 1862 3285; x_wconf 86' lang='lat' dir='ltr'><strong>spiritum</strong></span> <span class='ocrx_word' id='word_1_449' title='bbox 1914 3212 2176 3280; x_wconf 86' lang='lat' dir='ltr'><strong>retinere,</strong></span> 
     </span>
    </p>
   </div>
   <div class='ocr_carea' id='block_1_63' title="bbox 2215 3205 3805 3300">
    <p class='ocr_par' dir='ltr' id='par_1_63' title="bbox 2215 3205 3805 3300">
     <span class='ocr_line' id='line_1_63' title="bbox 2215 3205 3805 3300; baseline 0.015 -39"><span class='ocrx_word' id='word_1_450' title='bbox 2215 3205 2251 3229; x_wconf 68' lang='grc' dir='ltr'><em>υ</em></span> <span class='ocrx_word' id='word_1_451' title='bbox 2286 3209 2439 3280; x_wconf 86' lang='grc' dir='ltr'>μόλις</span> <span class='ocrx_word' id='word_1_452' title='bbox 2480 3212 2850 3283; x_wconf 77' lang='grc' dir='ltr'>ἐπαναγαγεῖν</span> <span class='ocrx_word' id='word_1_453' title='bbox 2897 3216 3052 3282; x_wconf 77' lang='grc' dir='ltr'>αὖθις</span> <span class='ocrx_word' id='word_1_454' title='bbox 3092 3220 3241 3293; x_wconf 79' lang='grc' dir='ltr'>αὐτῷ</span> <span class='ocrx_word' id='word_1_455' title='bbox 3291 3225 3394 3297; x_wconf 81' lang='grc' dir='ltr'><strong>τὴν</strong></span> <span class='ocrx_word' id='word_1_456' title='bbox 3439 3226 3663 3300; x_wconf 85' lang='grc' dir='ltr'>δύναμιν</span> <span class='ocrx_word' id='word_1_457' title='bbox 3693 3229 3805 3298; x_wconf 70' lang='grc' dir='ltr'>ἴσχυε</span> 
     </span>
    </p>
   </div>
   <div class='ocr_carea' id='block_1_64' title="bbox 612 3297 2409 3369">
    <p class='ocr_par' dir='ltr' id='par_1_64' title="bbox 612 3297 2409 3369">
     <span class='ocr_line' id='line_1_64' title="bbox 612 3297 2409 3369; baseline 0.004 -20"><span class='ocrx_word' id='word_1_458' title='bbox 612 3297 865 3367; x_wconf 87' lang='lat' dir='ltr'><strong>viresque</strong></span> <span class='ocrx_word' id='word_1_459' title='bbox 896 3312 1158 3354; x_wconf 83' lang='lat' dir='ltr'><strong>revocare</strong></span> <span class='ocrx_word' id='word_1_460' title='bbox 1181 3308 1507 3369; x_wconf 78' lang='lat' dir='ltr'><strong>potuerunt.</strong></span> <span class='ocrx_word' id='word_1_461' title='bbox 2283 3319 2409 3360; x_wconf 72' lang='grc' dir='ltr'>σαν..</span> 
     </span>
    </p>
   </div>
   <div class='ocr_carea' id='block_1_65' title="bbox 684 3386 2274 3485">
    <p class='ocr_par' dir='ltr' id='par_1_65' title="bbox 684 3386 2182 3460">
     <span class='ocr_line' id='line_1_65' title="bbox 684 3386 2182 3460; baseline 0.007 -19"><span class='ocrx_word' id='word_1_462' title='bbox 684 3387 801 3442; x_wconf 84' lang='grc'><strong>185.</strong></span> <span class='ocrx_word' id='word_1_463' title='bbox 829 3386 1176 3444; x_wconf 82' lang='lat' dir='ltr'><strong>Carbonihus</strong></span> <span class='ocrx_word' id='word_1_464' title='bbox 1197 3390 1493 3460; x_wconf 88' lang='lat' dir='ltr'><strong>aliquando</strong></span> <span class='ocrx_word' id='word_1_465' title='bbox 1521 3391 1911 3450; x_wconf 83' lang='lat' dir='ltr'><strong>deﬁcientibus</strong></span> <span class='ocrx_word' id='word_1_466' title='bbox 1948 3395 2003 3450; x_wconf 90' lang='lat' dir='ltr'><strong>in</strong></span> <span class='ocrx_word' id='word_1_467' title='bbox 2062 3410 2182 3451; x_wconf 88' lang='lat' dir='ltr'><strong>mo-</strong></span> 
     </span>
    </p>
   </div>
   <div class='ocr_carea' id='block_1_66' title="bbox 2214 3386 3804 3485">
    <p class='ocr_par' dir='ltr' id='par_1_66' title="bbox 2354 3398 3804 3485">
     <span class='ocr_line' id='line_1_66' title="bbox 2354 3398 3804 3485; baseline 0.008 -35"><span class='ocrx_word' id='word_1_468' title='bbox 2354 3404 2494 3469; x_wconf 87' lang='grc' dir='ltr'>ρπε¹.</span> <span class='ocrx_word' id='word_1_469' title='bbox 2536 3398 2849 3470; x_wconf 80' lang='grc' dir='ltr'>Ἀνθράκων</span> <span class='ocrx_word' id='word_1_470' title='bbox 2893 3402 3120 3476; x_wconf 80' lang='grc' dir='ltr'>ἀπύρων</span> <span class='ocrx_word' id='word_1_471' title='bbox 3163 3408 3300 3485; x_wconf 62' lang='grc' dir='ltr'>ςποτὲ</span> <span class='ocrx_word' id='word_1_472' title='bbox 3336 3409 3437 3482; x_wconf 77' lang='grc' dir='ltr'>τὴν</span> <span class='ocrx_word' id='word_1_473' title='bbox 3467 3418 3630 3483; x_wconf 78' lang='grc' dir='ltr'>μονὴν</span> <span class='ocrx_word' id='word_1_474' title='bbox 3666 3412 3804 3465; x_wconf 80' lang='grc' dir='ltr'>ἐπιλε-</span> 
     </span>
    </p>
   </div>
   <div class='ocr_carea' id='block_1_67' title="bbox 616 3482 2206 3575">
    <p class='ocr_par' dir='ltr' id='par_1_67' title="bbox 616 3482 2178 3558">
     <span class='ocr_line' id='line_1_67' title="bbox 616 3482 2178 3558; baseline 0.004 -23"><span class='ocrx_word' id='word_1_475' title='bbox 616 3482 880 3548; x_wconf 88' lang='lat' dir='ltr'><strong>nasterio,</strong></span> <span class='ocrx_word' id='word_1_476' title='bbox 909 3482 1271 3538; x_wconf 88' lang='lat' dir='ltr'><strong>contulerunt</strong></span> <span class='ocrx_word' id='word_1_477' title='bbox 1293 3485 1514 3554; x_wconf 89' lang='lat' dir='ltr'><strong>vesperi</strong></span> <span class='ocrx_word' id='word_1_478' title='bbox 1535 3484 1684 3541; x_wconf 90' lang='lat' dir='ltr'><strong>inter</strong></span> <span class='ocrx_word' id='word_1_479' title='bbox 1703 3502 1761 3542; x_wconf 92' lang='lat' dir='ltr'><strong>se</strong></span> <span class='ocrx_word' id='word_1_480' title='bbox 1786 3488 1965 3558; x_wconf 88' lang='lat' dir='ltr'><strong>capita</strong></span> <span class='ocrx_word' id='word_1_481' title='bbox 1982 3497 2037 3543; x_wconf 92' lang='lat' dir='ltr'><strong>et</strong></span> <span class='ocrx_word' id='word_1_482' title='bbox 2065 3503 2178 3544; x_wconf 88' lang='lat' dir='ltr'><strong>ser-</strong></span> 
     </span>
    </p>
   </div>
   <div class='ocr_carea' id='block_1_68' title="bbox 2212 3482 3802 3575">
    <p class='ocr_par' dir='ltr' id='par_1_68' title="bbox 2280 3482 3802 3575">
     <span class='ocr_line' id='line_1_68' title="bbox 2280 3482 3802 3575; baseline 0.009 -36"><span class='ocrx_word' id='word_1_483' title='bbox 2280 3486 2565 3551; x_wconf 88' lang='grc' dir='ltr'>λοιπότων,</span> <span class='ocrx_word' id='word_1_484' title='bbox 2600 3492 2714 3553; x_wconf 84' lang='grc' dir='ltr'>τοῖς</span> <span class='ocrx_word' id='word_1_485' title='bbox 2746 3491 2843 3561; x_wconf 85' lang='grc' dir='ltr'><strong>μὲν</strong></span> <span class='ocrx_word' id='word_1_486' title='bbox 2869 3493 3115 3565; x_wconf 81' lang='grc' dir='ltr'>ἀδελφοῖς</span> <span class='ocrx_word' id='word_1_487' title='bbox 3147 3482 3304 3566; x_wconf 84' lang='grc' dir='ltr'>λόγος</span> <span class='ocrx_word' id='word_1_488' title='bbox 3329 3501 3571 3574; x_wconf 78' lang='grc' dir='ltr'>ἑσπέρας</span> <span class='ocrx_word' id='word_1_489' title='bbox 3590 3482 3711 3575; x_wconf 70' lang='grc' dir='ltr'>πρὸς</span> <span class='ocrx_word' id='word_1_490' title='bbox 3735 3502 3802 3555; x_wconf 73' lang='grc' dir='ltr'>ἀλ-</span> 
     </span>
    </p>
   </div>
   <div class='ocr_carea' id='block_1_69' title="bbox 614 3572 2204 3673">
    <p class='ocr_par' dir='ltr' id='par_1_69' title="bbox 614 3572 2175 3650">
     <span class='ocr_line' id='line_1_69' title="bbox 614 3572 2175 3650; baseline 0.006 -27"><span class='ocrx_word' id='word_1_491' title='bbox 614 3587 807 3627; x_wconf 84' lang='lat' dir='ltr'><strong>mones</strong></span> <span class='ocrx_word' id='word_1_492' title='bbox 829 3572 1126 3628; x_wconf 86' lang='lat' dir='ltr'><strong>admodum</strong></span> <span class='ocrx_word' id='word_1_493' title='bbox 1178 3574 1325 3629; x_wconf 84' lang='lat' dir='ltr'><strong>anxii</strong></span> <span class='ocrx_word' id='word_1_494' title='bbox 1363 3574 1603 3632; x_wconf 86' lang='lat' dir='ltr'><strong>fratres:</strong></span> <span class='ocrx_word' id='word_1_495' title='bbox 1649 3577 1853 3647; x_wconf 89' lang='lat' dir='ltr'><strong>quibus</strong></span> <span class='ocrx_word' id='word_1_496' title='bbox 1900 3579 2175 3650; x_wconf 89' lang='lat' dir='ltr'><strong>Symeon:</strong></span> 
     </span>
    </p>
   </div>
   <div class='ocr_carea' id='block_1_70' title="bbox 2209 3572 3799 3673">
    <p class='ocr_par' dir='ltr' id='par_1_70' title="bbox 2280 3572 3799 3673">
     <span class='ocr_line' id='line_1_70' title="bbox 2280 3572 3799 3673; baseline 0.011 -42"><span class='ocrx_word' id='word_1_497' title='bbox 2280 3579 2472 3650; x_wconf 80' lang='grc' dir='ltr'>λήλους</span> <span class='ocrx_word' id='word_1_498' title='bbox 2520 3582 2620 3635; x_wconf 83' lang='grc' dir='ltr'>οὐκ</span> <span class='ocrx_word' id='word_1_499' title='bbox 2664 3584 2841 3652; x_wconf 82' lang='grc' dir='ltr'>ὀλίγος</span> <span class='ocrx_word' id='word_1_500' title='bbox 2887 3581 2989 3656; x_wconf 74' lang='grc' dir='ltr'><strong>ἦνο</strong></span> <span class='ocrx_word' id='word_1_501' title='bbox 3038 3590 3067 3642; x_wconf 92' lang='grc' dir='ltr'><strong>ό</strong></span> <span class='ocrx_word' id='word_1_502' title='bbox 3103 3589 3178 3655; x_wconf 85' lang='grc' dir='ltr'><strong>δὲ,</strong></span> <span class='ocrx_word' id='word_1_503' title='bbox 3212 3591 3303 3662; x_wconf 85' lang='grc' dir='ltr'><strong>Μὴ</strong></span> <span class='ocrx_word' id='word_1_504' title='bbox 3334 3572 3669 3673; x_wconf 34' lang='grc' dir='ltr'><strong>φρονέτίσητέ,</strong></span> <span class='ocrx_word' id='word_1_505' title='bbox 3706 3595 3799 3662; x_wconf 69' lang='grc' dir='ltr'>εφη-</span> 
     </span>
    </p>
   </div>
   <div class='ocr_carea' id='block_1_71' title="bbox 609 3663 2199 3757">
    <p class='ocr_par' dir='ltr' id='par_1_71' title="bbox 609 3663 2179 3741">
     <span class='ocr_line' id='line_1_71' title="bbox 609 3663 2179 3741; baseline 0.005 -23"><span class='ocrx_word' id='word_1_506' title='bbox 609 3663 810 3728; x_wconf 87' lang='lat' dir='ltr'><strong>Nolite,</strong></span> <span class='ocrx_word' id='word_1_507' title='bbox 841 3663 1040 3734; x_wconf 85' lang='lat' dir='ltr'><strong>inquit,</strong></span> <span class='ocrx_word' id='word_1_508' title='bbox 1082 3665 1304 3720; x_wconf 84' lang='lat' dir='ltr'><strong>solliciti</strong></span> <span class='ocrx_word' id='word_1_509' title='bbox 1325 3682 1483 3734; x_wconf 89' lang='lat' dir='ltr'><strong>esse;</strong></span> <span class='ocrx_word' id='word_1_510' title='bbox 1527 3667 1786 3725; x_wconf 89' lang='lat' dir='ltr'><strong>adveniet</strong></span> <span class='ocrx_word' id='word_1_511' title='bbox 1813 3670 2021 3741; x_wconf 91' lang='lat' dir='ltr'><strong>quippe</strong></span> <span class='ocrx_word' id='word_1_512' title='bbox 2054 3670 2179 3726; x_wconf 90' lang='lat' dir='ltr'><strong>luce</strong></span> 
     </span>
    </p>
   </div>
   <div class='ocr_carea' id='block_1_72' title="bbox 2207 3663 3797 3757">
    <p class='ocr_par' dir='ltr' id='par_1_72' title="bbox 2279 3663 3797 3757">
     <span class='ocr_line' id='line_1_72' title="bbox 2279 3663 3797 3757; baseline 0.011 -32"><span class='ocrx_word' id='word_1_513' title='bbox 2279 3672 2531 3740; x_wconf 75' lang='grc' dir='ltr'>ἀφίξεται</span> <span class='ocrx_word' id='word_1_514' title='bbox 2574 3674 2683 3744; x_wconf 87' lang='grc' dir='ltr'><strong>γὰρ</strong></span> <span class='ocrx_word' id='word_1_515' title='bbox 2711 3674 2900 3747; x_wconf 78' lang='grc' dir='ltr'>αὔριον</span> <span class='ocrx_word' id='word_1_516' title='bbox 2944 3679 3147 3749; x_wconf 80' lang='grc' dir='ltr'>πλῆθος</span> <span class='ocrx_word' id='word_1_517' title='bbox 3192 3663 3393 3752; x_wconf 81' lang='grc' dir='ltr'>αὐτῶν,</span> <span class='ocrx_word' id='word_1_518' title='bbox 3443 3663 3664 3757; x_wconf 26' lang='grc' dir='ltr'><strong>ὃχσονντῇ</strong></span> <span class='ocrx_word' id='word_1_519' title='bbox 3699 3688 3797 3757; x_wconf 73' lang='grc' dir='ltr'>μονῇ</span> 
     </span>
    </p>
   </div>
   <div class='ocr_carea' id='block_1_73' title="bbox 608 3754 2198 3849">
    <p class='ocr_par' dir='ltr' id='par_1_73' title="bbox 608 3754 2179 3832">
     <span class='ocr_line' id='line_1_73' title="bbox 608 3754 2179 3832; baseline 0.007 -25"><span class='ocrx_word' id='word_1_520' title='bbox 608 3754 851 3809; x_wconf 83' lang='lat' dir='ltr'><strong>crastina</strong></span> <span class='ocrx_word' id='word_1_521' title='bbox 881 3761 1067 3810; x_wconf 87' lang='lat' dir='ltr'><strong>tantus</strong></span> <span class='ocrx_word' id='word_1_522' title='bbox 1094 3757 1395 3823; x_wconf 73' lang='lat' dir='ltr'><strong>carbonum</strong></span> <span class='ocrx_word' id='word_1_523' title='bbox 1414 3774 1702 3823; x_wconf 85' lang='lat' dir='ltr'><strong>numerus,</strong></span> <span class='ocrx_word' id='word_1_524' title='bbox 1725 3772 1964 3832; x_wconf 89' lang='lat' dir='ltr'><strong>quantus</strong></span> <span class='ocrx_word' id='word_1_525' title='bbox 1987 3762 2179 3818; x_wconf 87' lang='lat' dir='ltr'><strong>usibus</strong></span> 
     </span>
    </p>
   </div>
   <div class='ocr_carea' id='block_1_74' title="bbox 2208 3754 3798 3849">
    <p class='ocr_par' dir='ltr' id='par_1_74' title="bbox 2279 3754 3798 3849">
     <span class='ocr_line' id='line_1_74' title="bbox 2279 3754 3798 3849; baseline 0.013 -33"><span class='ocrx_word' id='word_1_526' title='bbox 2279 3764 2419 3817; x_wconf 85' lang='grc' dir='ltr'><strong>κατά</strong></span> <span class='ocrx_word' id='word_1_527' title='bbox 2437 3765 2645 3836; x_wconf 59' lang='grc' dir='ltr'>χρείαν</span> <span class='ocrx_word' id='word_1_528' title='bbox 2679 3766 2792 3837; x_wconf 87' lang='grc' dir='ltr'>όρῶ</span> <span class='ocrx_word' id='word_1_529' title='bbox 2820 3769 2929 3840; x_wconf 87' lang='grc' dir='ltr'>γὰρ</span> <span class='ocrx_word' id='word_1_530' title='bbox 2953 3769 3121 3841; x_wconf 78' lang='grc' dir='ltr'>ἄνδρα</span> <span class='ocrx_word' id='word_1_531' title='bbox 3144 3774 3264 3828; x_wconf 84' lang='grc' dir='ltr'>τινὰ</span> <span class='ocrx_word' id='word_1_532' title='bbox 3291 3775 3399 3828; x_wconf 86' lang='grc' dir='ltr'>τῶν</span> <span class='ocrx_word' id='word_1_533' title='bbox 3427 3754 3798 3849; x_wconf 75' lang='grc' dir='ltr'>ἀγροικοτέρων.</span> 
     </span>
    </p>
   </div>
   <div class='ocr_carea' id='block_1_75' title="bbox 608 3842 2198 3937">
    <p class='ocr_par' dir='ltr' id='par_1_75' title="bbox 608 3842 2175 3921">
     <span class='ocr_line' id='line_1_75' title="bbox 608 3842 2175 3921; baseline 0.006 -25"><span class='ocrx_word' id='word_1_534' title='bbox 608 3842 933 3897; x_wconf 87' lang='lat' dir='ltr'><strong>monasterii</strong></span> <span class='ocrx_word' id='word_1_535' title='bbox 962 3842 1195 3899; x_wconf 76' lang='lat' dir='ltr'><strong>sufﬁciat</strong></span> <span class='ocrx_word' id='word_1_536' title='bbox 1218 3863 1232 3899; x_wconf 93' lang='lat'><strong>:</strong></span> <span class='ocrx_word' id='word_1_537' title='bbox 1253 3861 1381 3901; x_wconf 90' lang='lat' dir='ltr'><strong>nam</strong></span> <span class='ocrx_word' id='word_1_538' title='bbox 1413 3848 1594 3903; x_wconf 91' lang='lat' dir='ltr'><strong>virum</strong></span> <span class='ocrx_word' id='word_1_539' title='bbox 1621 3851 1913 3920; x_wconf 90' lang='lat' dir='ltr'><strong>quemdam</strong></span> <span class='ocrx_word' id='word_1_540' title='bbox 1955 3851 2175 3921; x_wconf 86' lang='lat' dir='ltr'><strong>prospi-</strong></span> 
     </span>
    </p>
   </div>
   <div class='ocr_carea' id='block_1_76' title="bbox 2209 3842 3799 3937">
    <p class='ocr_par' dir='ltr' id='par_1_76' title="bbox 2278 3842 3799 3937">
     <span class='ocr_line' id='line_1_76' title="bbox 2278 3842 3799 3937; baseline 0.01 -29"><span class='ocrx_word' id='word_1_541' title='bbox 2278 3856 2430 3909; x_wconf 77' lang='grc' dir='ltr'>δυσὶν</span> <span class='ocrx_word' id='word_1_542' title='bbox 2457 3856 2643 3928; x_wconf 82' lang='grc' dir='ltr'>ὥσπερ</span> <span class='ocrx_word' id='word_1_543' title='bbox 2663 3860 2906 3928; x_wconf 78' lang='grc' dir='ltr'>ἡμιόνοις</span> <span class='ocrx_word' id='word_1_544' title='bbox 2932 3864 3294 3934; x_wconf 80' lang='grc' dir='ltr'>προσάγοντα,</span> <span class='ocrx_word' id='word_1_545' title='bbox 3321 3842 3553 3924; x_wconf 67' lang='grc' dir='ltr'>τοιοῦτοι</span> <span class='ocrx_word' id='word_1_546' title='bbox 3576 3872 3629 3923; x_wconf 85' lang='grc' dir='ltr'>δὲ</span> <span class='ocrx_word' id='word_1_547' title='bbox 3651 3842 3799 3937; x_wconf 74' lang='grc' dir='ltr'>ἀνθρα-</span> 
     </span>
    </p>
   </div>
   <div class='ocr_carea' id='block_1_77' title="bbox 607 3932 2197 4030">
    <p class='ocr_par' dir='ltr' id='par_1_77' title="bbox 607 3932 2175 4012">
     <span class='ocr_line' id='line_1_77' title="bbox 607 3932 2175 4012; baseline 0.005 -25"><span class='ocrx_word' id='word_1_548' title='bbox 607 3932 696 3988; x_wconf 90' lang='lat' dir='ltr'><strong>cio</strong></span> <span class='ocrx_word' id='word_1_549' title='bbox 718 3935 1082 3999; x_wconf 87' lang='lat' dir='ltr'><strong>rusticanum,</strong></span> <span class='ocrx_word' id='word_1_550' title='bbox 1111 3934 1250 3991; x_wconf 86' lang='lat' dir='ltr'><strong>duos</strong></span> <span class='ocrx_word' id='word_1_551' title='bbox 1277 3937 1458 3992; x_wconf 89' lang='lat' dir='ltr'><strong>mulos</strong></span> <span class='ocrx_word' id='word_1_552' title='bbox 1474 3938 1584 3993; x_wconf 90' lang='lat' dir='ltr'><strong>huc</strong></span> <span class='ocrx_word' id='word_1_553' title='bbox 1605 3949 1877 4010; x_wconf 79' lang='lat' dir='ltr'><strong>agentem,</strong></span> <span class='ocrx_word' id='word_1_554' title='bbox 1903 3941 2175 4012; x_wconf 86' lang='lat' dir='ltr'><strong>ejusmodi</strong></span> 
     </span>
    </p>
   </div>
   <div class='ocr_carea' id='block_1_78' title="bbox 2208 3932 3798 4030">
    <p class='ocr_par' dir='ltr' id='par_1_78' title="bbox 2279 3932 3798 4030">
     <span class='ocr_line' id='line_1_78' title="bbox 2279 3932 3798 4030; baseline 0.006 -30"><span class='ocrx_word' id='word_1_555' title='bbox 2279 3964 2373 4010; x_wconf 84' lang='grc' dir='ltr'><strong>κες</strong></span> <span class='ocrx_word' id='word_1_556' title='bbox 2419 3948 2527 4018; x_wconf 84' lang='grc' dir='ltr'><strong>ἀρα</strong></span> <span class='ocrx_word' id='word_1_557' title='bbox 2578 3949 2785 4004; x_wconf 83' lang='grc' dir='ltr'>τούτοιν</span> <span class='ocrx_word' id='word_1_558' title='bbox 2828 3932 3177 4024; x_wconf 74' lang='grc' dir='ltr'>ἐκατέροίνό</span> <span class='ocrx_word' id='word_1_559' title='bbox 3209 3958 3426 4025; x_wconf 81' lang='grc' dir='ltr'>φόρτος.</span> <span class='ocrx_word' id='word_1_560' title='bbox 3459 3962 3639 4015; x_wconf 81' lang='grc' dir='ltr'>Ταῦτα</span> <span class='ocrx_word' id='word_1_561' title='bbox 3676 3932 3798 4030; x_wconf 75' lang='grc' dir='ltr'>ὁμὲν</span> 
     </span>
    </p>
   </div>
   <div class='ocr_carea' id='block_1_79' title="bbox 611 4024 2201 4123">
    <p class='ocr_par' dir='ltr' id='par_1_79' title="bbox 611 4024 2176 4100">
     <span class='ocr_line' id='line_1_79' title="bbox 611 4024 2176 4100; baseline 0.008 -26"><span class='ocrx_word' id='word_1_562' title='bbox 611 4038 752 4093; x_wconf 88' lang='lat' dir='ltr'><strong>quos</strong></span> <span class='ocrx_word' id='word_1_563' title='bbox 791 4024 961 4099; x_wconf 87' lang='lat' dir='ltr'><strong>vultis</strong></span> <span class='ocrx_word' id='word_1_564' title='bbox 1014 4025 1288 4082; x_wconf 86' lang='lat' dir='ltr'><strong>carbones</strong></span> <span class='ocrx_word' id='word_1_565' title='bbox 1334 4029 1666 4100; x_wconf 85' lang='lat' dir='ltr'><strong>bajulantes.</strong></span> <span class='ocrx_word' id='word_1_566' title='bbox 1723 4030 1877 4086; x_wconf 91' lang='lat' dir='ltr'><strong>Talia</strong></span> <span class='ocrx_word' id='word_1_567' title='bbox 1926 4033 2018 4087; x_wconf 91' lang='lat' dir='ltr'><strong>ille</strong></span> <span class='ocrx_word' id='word_1_568' title='bbox 2073 4031 2176 4088; x_wconf 90' lang='lat' dir='ltr'><strong>sub</strong></span> 
     </span>
    </p>
   </div>
   <div class='ocr_carea' id='block_1_80' title="bbox 2209 4024 3799 4123">
    <p class='ocr_par' dir='ltr' id='par_1_80' title="bbox 2277 4024 3799 4123">
     <span class='ocr_line' id='line_1_80' title="bbox 2277 4024 3799 4123; baseline 0.012 -34"><span class='ocrx_word' id='word_1_569' title='bbox 2277 4041 2390 4102; x_wconf 87' lang='grc' dir='ltr'>τοῖς</span> <span class='ocrx_word' id='word_1_570' title='bbox 2421 4038 2688 4109; x_wconf 84' lang='grc' dir='ltr'>μαθηταῖς</span> <span class='ocrx_word' id='word_1_571' title='bbox 2722 4044 2852 4111; x_wconf 78' lang='grc' dir='ltr'>περὶ</span> <span class='ocrx_word' id='word_1_572' title='bbox 2894 4045 3086 4108; x_wconf 82' lang='grc' dir='ltr'>νυκτὸς</span> <span class='ocrx_word' id='word_1_573' title='bbox 3111 4024 3293 4118; x_wconf 13' lang='grc' dir='ltr'>ἀρχάςί</span> <span class='ocrx_word' id='word_1_574' title='bbox 3318 4046 3493 4116; x_wconf 78' lang='grc' dir='ltr'>εἶπεν,</span> <span class='ocrx_word' id='word_1_575' title='bbox 3519 4054 3639 4123; x_wconf 80' lang='grc' dir='ltr'>ἥκει</span> <span class='ocrx_word' id='word_1_576' title='bbox 3674 4024 3799 4110; x_wconf 23' lang='grc' dir='ltr'><strong>δέψεὶς</strong></span> 
     </span>
    </p>
   </div>
   <div class='ocr_carea' id='block_1_81' title="bbox 609 4111 2199 4213">
    <p class='ocr_par' dir='ltr' id='par_1_81' title="bbox 609 4111 2178 4188">
     <span class='ocr_line' id='line_1_81' title="bbox 609 4111 2178 4188; baseline 0.005 -22"><span class='ocrx_word' id='word_1_577' title='bbox 609 4111 793 4166; x_wconf 91' lang='lat' dir='ltr'><strong>noctis</strong></span> <span class='ocrx_word' id='word_1_578' title='bbox 813 4112 1104 4168; x_wconf 77' lang='lat' dir='ltr'><strong>exordium</strong></span> <span class='ocrx_word' id='word_1_579' title='bbox 1136 4115 1467 4186; x_wconf 79' lang='lat' dir='ltr'><strong>discipulis:</strong></span> <span class='ocrx_word' id='word_1_580' title='bbox 1496 4127 1715 4188; x_wconf 89' lang='lat' dir='ltr'><strong>postera</strong></span> <span class='ocrx_word' id='word_1_581' title='bbox 1763 4135 1897 4176; x_wconf 87' lang='lat' dir='ltr'><strong>vero</strong></span> <span class='ocrx_word' id='word_1_582' title='bbox 1942 4121 2066 4177; x_wconf 88' lang='lat' dir='ltr'><strong>luce</strong></span> <span class='ocrx_word' id='word_1_583' title='bbox 2090 4121 2178 4176; x_wconf 90' lang='lat' dir='ltr'><strong>vir</strong></span> 
     </span>
    </p>
   </div>
   <div class='ocr_carea' id='block_1_82' title="bbox 2210 4111 3800 4213">
    <p class='ocr_par' dir='ltr' id='par_1_82' title="bbox 2277 4111 3800 4213">
     <span class='ocr_line' id='line_1_82' title="bbox 2277 4111 3800 4213; baseline 0.012 -32"><span class='ocrx_word' id='word_1_584' title='bbox 2277 4129 2374 4201; x_wconf 79' lang='grc' dir='ltr'>τὴν</span> <span class='ocrx_word' id='word_1_585' title='bbox 2397 4129 2524 4200; x_wconf 77' lang='grc' dir='ltr'>ἑξῆς</span> <span class='ocrx_word' id='word_1_586' title='bbox 2563 4133 2591 4185; x_wconf 84' lang='grc' dir='ltr'><strong>ό</strong></span> <span class='ocrx_word' id='word_1_587' title='bbox 2619 4131 2879 4201; x_wconf 83' lang='grc' dir='ltr'>τοιοῦτος,</span> <span class='ocrx_word' id='word_1_588' title='bbox 2906 4111 3245 4210; x_wconf 39' lang='grc' dir='ltr'>κομίζων-</span> <span class='ocrx_word' id='word_1_589' title='bbox 3278 4145 3415 4213; x_wconf 81' lang='grc' dir='ltr'>μονῇ</span> <span class='ocrx_word' id='word_1_590' title='bbox 3447 4111 3679 4205; x_wconf 70' lang='grc' dir='ltr'>τούτους,</span> <span class='ocrx_word' id='word_1_591' title='bbox 3705 4141 3800 4201; x_wconf 74' lang='grc' dir='ltr'>ὠςά</span> 
     </span>
    </p>
   </div>
   <div class='ocr_carea' id='block_1_83' title="bbox 609 4203 2199 4303">
    <p class='ocr_par' dir='ltr' id='par_1_83' title="bbox 609 4203 2178 4281">
     <span class='ocr_line' id='line_1_83' title="bbox 609 4203 2178 4281; baseline 0.006 -24"><span class='ocrx_word' id='word_1_592' title='bbox 609 4203 698 4259; x_wconf 89' lang='lat' dir='ltr'><strong>ille</strong></span> <span class='ocrx_word' id='word_1_593' title='bbox 726 4203 946 4258; x_wconf 82' lang='lat' dir='ltr'><strong>advexit</strong></span> <span class='ocrx_word' id='word_1_594' title='bbox 965 4220 1085 4274; x_wconf 51' lang='lat' dir='ltr'><strong>qua:</strong></span> <span class='ocrx_word' id='word_1_595' title='bbox 1097 4207 1425 4275; x_wconf 69' lang='lat' dir='ltr'><strong>pmdixerat</strong></span> <span class='ocrx_word' id='word_1_596' title='bbox 1445 4217 1688 4264; x_wconf 86' lang='lat' dir='ltr'><strong>sanctus.</strong></span> <span class='ocrx_word' id='word_1_597' title='bbox 1714 4211 2055 4281; x_wconf 68' lang='lat' dir='ltr'><strong>Praeceperat</strong></span> <span class='ocrx_word' id='word_1_598' title='bbox 2076 4211 2178 4267; x_wconf 92' lang='lat' dir='ltr'><strong>ali-</strong></span> 
     </span>
    </p>
   </div>
   <div class='ocr_carea' id='block_1_84' title="bbox 2208 4203 3798 4303">
    <p class='ocr_par' dir='ltr' id='par_1_84' title="bbox 2278 4203 3798 4303">
     <span class='ocr_line' id='line_1_84' title="bbox 2278 4203 3798 4303; baseline 0.009 -29"><span class='ocrx_word' id='word_1_599' title='bbox 2278 4222 2504 4292; x_wconf 87' lang='grc' dir='ltr'>Συμεὼν</span> <span class='ocrx_word' id='word_1_600' title='bbox 2534 4226 2880 4296; x_wconf 83' lang='grc' dir='ltr'>προειρήκει.</span> <span class='ocrx_word' id='word_1_601' title='bbox 2923 4203 3244 4285; x_wconf 70' lang='grc' dir='ltr'>Ἐντέταλτο</span> <span class='ocrx_word' id='word_1_602' title='bbox 3264 4203 3584 4303; x_wconf 44' lang='grc' dir='ltr'>παρῗαύτοῦ</span> <span class='ocrx_word' id='word_1_603' title='bbox 3607 4203 3703 4297; x_wconf 71' lang='grc' dir='ltr'>τοῖς</span> <span class='ocrx_word' id='word_1_604' title='bbox 3725 4248 3798 4301; x_wconf 86' lang='grc' dir='ltr'>μα·</span> 
     </span>
    </p>
   </div>
   <div class='ocr_carea' id='block_1_85' title="bbox 608 4295 2198 4396">
    <p class='ocr_par' dir='ltr' id='par_1_85' title="bbox 608 4295 2175 4378">
     <span class='ocr_line' id='line_1_85' title="bbox 608 4295 2175 4378; baseline 0.005 -28"><span class='ocrx_word' id='word_1_605' title='bbox 608 4295 830 4366; x_wconf 90' lang='lat' dir='ltr'><strong>quando</strong></span> <span class='ocrx_word' id='word_1_606' title='bbox 845 4296 981 4360; x_wconf 88' lang='lat' dir='ltr'><strong>suis,</strong></span> <span class='ocrx_word' id='word_1_607' title='bbox 1004 4312 1076 4352; x_wconf 91' lang='lat' dir='ltr'><strong>ne</strong></span> <span class='ocrx_word' id='word_1_608' title='bbox 1093 4313 1259 4366; x_wconf 90' lang='lat' dir='ltr'><strong>quem</strong></span> <span class='ocrx_word' id='word_1_609' title='bbox 1288 4300 1518 4354; x_wconf 89' lang='lat' dir='ltr'><strong>omnino</strong></span> <span class='ocrx_word' id='word_1_610' title='bbox 1557 4303 1872 4378; x_wconf 63' lang='lat' dir='ltr'><strong>saecularem</strong></span> <span class='ocrx_word' id='word_1_611' title='bbox 1896 4302 2175 4358; x_wconf 88' lang='lat' dir='ltr'><strong>hominem</strong></span> 
     </span>
    </p>
   </div>
   <div class='ocr_carea' id='block_1_86' title="bbox 2203 4295 3793 4396">
    <p class='ocr_par' dir='ltr' id='par_1_86' title="bbox 2278 4295 3793 4396">
     <span class='ocr_line' id='line_1_86' title="bbox 2278 4295 3793 4396; baseline 0.013 -31"><span class='ocrx_word' id='word_1_612' title='bbox 2278 4312 2466 4384; x_wconf 85' lang='grc' dir='ltr'>θηταῖς</span> <span class='ocrx_word' id='word_1_613' title='bbox 2501 4315 2687 4386; x_wconf 74' lang='grc' dir='ltr'>μηδενὶ</span> <span class='ocrx_word' id='word_1_614' title='bbox 2727 4295 2977 4389; x_wconf 82' lang='grc' dir='ltr'>μηδαμοῦ</span> <span class='ocrx_word' id='word_1_615' title='bbox 3009 4323 3258 4393; x_wconf 85' lang='grc' dir='ltr'>κοσμικῷ</span> <span class='ocrx_word' id='word_1_616' title='bbox 3286 4295 3601 4396; x_wconf 75' lang='grc' dir='ltr'>παρρησίαν</span> <span class='ocrx_word' id='word_1_617' title='bbox 3626 4295 3793 4385; x_wconf 73' lang='grc' dir='ltr'>διδόναιι</span> 
     </span>
    </p>
   </div>
   <div class='ocr_carea' id='block_1_87' title="bbox 604 4388 2194 4488">
    <p class='ocr_par' dir='ltr' id='par_1_87' title="bbox 604 4388 2176 4458">
     <span class='ocr_line' id='line_1_87' title="bbox 604 4388 2176 4458; baseline 0.004 -16"><span class='ocrx_word' id='word_1_618' title='bbox 604 4389 985 4450; x_wconf 89' lang='lat' dir='ltr'><strong>convenirent,</strong></span> <span class='ocrx_word' id='word_1_619' title='bbox 1031 4403 1212 4457; x_wconf 88' lang='lat' dir='ltr'><strong>neque</strong></span> <span class='ocrx_word' id='word_1_620' title='bbox 1262 4388 1532 4458; x_wconf 86' lang='lat' dir='ltr'><strong>colloquia</strong></span> <span class='ocrx_word' id='word_1_621' title='bbox 1597 4391 1707 4446; x_wconf 90' lang='lat' dir='ltr'><strong>ulla</strong></span> <span class='ocrx_word' id='word_1_622' title='bbox 1751 4400 1848 4446; x_wconf 89' lang='lat' dir='ltr'><strong>aut</strong></span> <span class='ocrx_word' id='word_1_623' title='bbox 1893 4407 2176 4449; x_wconf 85' lang='lat' dir='ltr'><strong>sermones</strong></span> 
     </span>
    </p>
   </div>
   <div class='ocr_carea' id='block_1_88' title="bbox 2202 4388 3792 4488">
    <p class='ocr_par' dir='ltr' id='par_1_88' title="bbox 2280 4388 3792 4488">
     <span class='ocr_line' id='line_1_88' title="bbox 2280 4388 3792 4488; baseline 0.011 -30"><span class='ocrx_word' id='word_1_624' title='bbox 2280 4406 2403 4476; x_wconf 85' lang='grc' dir='ltr'>μηδ’</span> <span class='ocrx_word' id='word_1_625' title='bbox 2446 4407 2525 4469; x_wconf 90' lang='grc' dir='ltr'><strong>είς</strong></span> <span class='ocrx_word' id='word_1_626' title='bbox 2555 4408 2769 4477; x_wconf 87' lang='grc' dir='ltr'>ὁμιλίαν</span> <span class='ocrx_word' id='word_1_627' title='bbox 2802 4388 2985 4473; x_wconf 86' lang='grc' dir='ltr'>αὐτοῖς</span> <span class='ocrx_word' id='word_1_628' title='bbox 3027 4413 3095 4466; x_wconf 78' lang='grc' dir='ltr'><strong>τὰ</strong></span> <span class='ocrx_word' id='word_1_629' title='bbox 3115 4388 3289 4467; x_wconf 77' lang='grc' dir='ltr'>πολλὰ</span> <span class='ocrx_word' id='word_1_630' title='bbox 3317 4388 3416 4471; x_wconf 65' lang='grc' dir='ltr'><strong>καῖ</strong></span> <span class='ocrx_word' id='word_1_631' title='bbox 3443 4388 3631 4487; x_wconf 71' lang='grc' dir='ltr'>λόγους</span> <span class='ocrx_word' id='word_1_632' title='bbox 3660 4418 3792 4488; x_wconf 61' lang='grc' dir='ltr'>ήκειν,</span> 
     </span>
    </p>
   </div>
   <div class='ocr_carea' id='block_1_89' title="bbox 604 4478 2194 4574">
    <p class='ocr_par' dir='ltr' id='par_1_89' title="bbox 604 4478 2172 4553">
     <span class='ocr_line' id='line_1_89' title="bbox 604 4478 2172 4553; baseline 0.006 -20"><span class='ocrx_word' id='word_1_633' title='bbox 604 4494 730 4533; x_wconf 83' lang='lat' dir='ltr'><strong>cum</strong></span> <span class='ocrx_word' id='word_1_634' title='bbox 766 4478 835 4533; x_wconf 90' lang='lat' dir='ltr'><strong>iis</strong></span> <span class='ocrx_word' id='word_1_635' title='bbox 864 4478 1181 4545; x_wconf 88' lang='lat' dir='ltr'><strong>miscerent,</strong></span> <span class='ocrx_word' id='word_1_636' title='bbox 1230 4479 1342 4553; x_wconf 84' lang='lat' dir='ltr'><strong>nisi</strong></span> <span class='ocrx_word' id='word_1_637' title='bbox 1381 4480 1439 4535; x_wconf 94' lang='lat' dir='ltr'><strong>in</strong></span> <span class='ocrx_word' id='word_1_638' title='bbox 1468 4483 1788 4551; x_wconf 79' lang='lat' dir='ltr'><strong>gravissima</strong></span> <span class='ocrx_word' id='word_1_639' title='bbox 1812 4488 2172 4553; x_wconf 88' lang='lat' dir='ltr'><strong>necessitate;</strong></span> 
     </span>
    </p>
   </div>
   <div class='ocr_carea' id='block_1_90' title="bbox 2202 4478 3792 4574">
    <p class='ocr_par' dir='ltr' id='par_1_90' title="bbox 2209 4478 3792 4574">
     <span class='ocr_line' id='line_1_90' title="bbox 2209 4478 3792 4574; baseline 0.009 -26"><span class='ocrx_word' id='word_1_640' title='bbox 2209 4501 2252 4555; x_wconf 91' lang='lat' dir='ltr'><strong>D</strong></span> <span class='ocrx_word' id='word_1_641' title='bbox 2281 4498 2329 4550; x_wconf 86' lang='grc' dir='ltr'>εἰ</span> <span class='ocrx_word' id='word_1_642' title='bbox 2363 4497 2438 4567; x_wconf 86' lang='grc' dir='ltr'>μὴ</span> <span class='ocrx_word' id='word_1_643' title='bbox 2480 4498 2622 4551; x_wconf 84' lang='grc' dir='ltr'>κατὰ</span> <span class='ocrx_word' id='word_1_644' title='bbox 2651 4500 2786 4554; x_wconf 88' lang='grc' dir='ltr'>πολύ</span> <span class='ocrx_word' id='word_1_645' title='bbox 2815 4518 2867 4553; x_wconf 92' lang='grc' dir='ltr'><strong>τι</strong></span> <span class='ocrx_word' id='word_1_646' title='bbox 2900 4502 2962 4555; x_wconf 82' lang='grc' dir='ltr'><strong>τὸ</strong></span> <span class='ocrx_word' id='word_1_647' title='bbox 2990 4504 3312 4571; x_wconf 72' lang='grc' dir='ltr'>ἀναγκαῖονο</span> <span class='ocrx_word' id='word_1_648' title='bbox 3360 4509 3453 4562; x_wconf 80' lang='grc' dir='ltr'>καὶ</span> <span class='ocrx_word' id='word_1_649' title='bbox 3500 4478 3652 4563; x_wconf 73' lang='grc' dir='ltr'>τοῦτο</span> <span class='ocrx_word' id='word_1_650' title='bbox 3743 4506 3792 4574; x_wconf 74' lang='grc' dir='ltr'>μὴ</span> 
     </span>
    </p>
   </div>
   <div class='ocr_carea' id='block_1_91' title="bbox 606 4568 2196 4666">
    <p class='ocr_par' dir='ltr' id='par_1_91' title="bbox 606 4568 2176 4645">
     <span class='ocr_line' id='line_1_91' title="bbox 606 4568 2176 4645; baseline 0.006 -23"><span class='ocrx_word' id='word_1_651' title='bbox 606 4577 738 4624; x_wconf 90' lang='lat' dir='ltr'><strong>tunc</strong></span> <span class='ocrx_word' id='word_1_652' title='bbox 757 4584 889 4623; x_wconf 84' lang='lat' dir='ltr'><strong>vero</strong></span> <span class='ocrx_word' id='word_1_653' title='bbox 913 4568 1080 4625; x_wconf 86' lang='lat' dir='ltr'><strong>etiam</strong></span> <span class='ocrx_word' id='word_1_654' title='bbox 1110 4584 1221 4623; x_wconf 88' lang='lat' dir='ltr'><strong>non</strong></span> <span class='ocrx_word' id='word_1_655' title='bbox 1247 4569 1653 4627; x_wconf 88' lang='lat' dir='ltr'><strong>immorandum</strong></span> <span class='ocrx_word' id='word_1_656' title='bbox 1675 4573 1793 4638; x_wconf 91' lang='lat' dir='ltr'><strong>diu,</strong></span> <span class='ocrx_word' id='word_1_657' title='bbox 1824 4575 1919 4629; x_wconf 91' lang='lat' dir='ltr'><strong>sed</strong></span> <span class='ocrx_word' id='word_1_658' title='bbox 1948 4576 2176 4645; x_wconf 84' lang='lat' dir='ltr'><strong>praeciso</strong></span> 
     </span>
    </p>
   </div>
   <div class='ocr_carea' id='block_1_92' title="bbox 2204 4568 3794 4666">
    <p class='ocr_par' dir='ltr' id='par_1_92' title="bbox 2280 4568 3794 4666">
     <span class='ocr_line' id='line_1_92' title="bbox 2280 4568 3794 4666; baseline 0.007 -26"><span class='ocrx_word' id='word_1_659' title='bbox 2280 4587 2717 4659; x_wconf 76' lang='grc' dir='ltr'>ἐνδιατρίϐοντας</span> <span class='ocrx_word' id='word_1_660' title='bbox 2762 4595 2884 4655; x_wconf 86' lang='grc' dir='ltr'>ταῖς</span> <span class='ocrx_word' id='word_1_661' title='bbox 2938 4593 3075 4664; x_wconf 77' lang='grc' dir='ltr'>πρὸς</span> <span class='ocrx_word' id='word_1_662' title='bbox 3108 4568 3311 4660; x_wconf 21' lang='grc' dir='ltr'>*αὐτοὺς</span> <span class='ocrx_word' id='word_1_663' title='bbox 3356 4599 3667 4666; x_wconf 83' lang='grc' dir='ltr'>διαλέξεσιν,</span> 
     </span>
    </p>
   </div>
   <div class='ocr_carea' id='block_1_93' title="bbox 604 4658 2194 4759">
    <p class='ocr_par' dir='ltr' id='par_1_93' title="bbox 604 4658 2179 4738">
     <span class='ocr_line' id='line_1_93' title="bbox 604 4658 2179 4738; baseline 0.006 -24"><span class='ocrx_word' id='word_1_664' title='bbox 604 4674 862 4715; x_wconf 89' lang='lat' dir='ltr'><strong>sermone</strong></span> <span class='ocrx_word' id='word_1_665' title='bbox 891 4658 1284 4714; x_wconf 87' lang='lat' dir='ltr'><strong>discedendum</strong></span> <span class='ocrx_word' id='word_1_666' title='bbox 1313 4677 1478 4732; x_wconf 88' lang='lat' dir='ltr'><strong>quam</strong></span> <span class='ocrx_word' id='word_1_667' title='bbox 1508 4678 1665 4729; x_wconf 83' lang='lat' dir='ltr'><strong>mox;</strong></span> <span class='ocrx_word' id='word_1_668' title='bbox 1697 4673 1756 4719; x_wconf 91' lang='lat' dir='ltr'><strong>ut</strong></span> <span class='ocrx_word' id='word_1_669' title='bbox 1793 4673 1984 4722; x_wconf 88' lang='lat' dir='ltr'><strong>noctes</strong></span> <span class='ocrx_word' id='word_1_670' title='bbox 2015 4678 2179 4738; x_wconf 90' lang='lat' dir='ltr'><strong>atque</strong></span> 
     </span>
    </p>
   </div>
   <div class='ocr_carea' id='block_1_94' title="bbox 2202 4658 3792 4759">
    <p class='ocr_par' dir='ltr' id='par_1_94' title="bbox 2277 4658 3792 4759">
     <span class='ocr_line' id='line_1_94' title="bbox 2277 4658 3792 4759; baseline 0.007 -31"><span class='ocrx_word' id='word_1_671' title='bbox 2277 4678 2415 4747; x_wconf 82' lang='grc' dir='ltr'>ταχὺ</span> <span class='ocrx_word' id='word_1_672' title='bbox 2464 4658 2995 4751; x_wconf 70' lang='grc' dir='ltr'>ἀπαλλαττομένους,</span> <span class='ocrx_word' id='word_1_673' title='bbox 3046 4686 3216 4740; x_wconf 81' lang='grc' dir='ltr'>νύκτα</span> <span class='ocrx_word' id='word_1_674' title='bbox 3270 4658 3454 4756; x_wconf 73' lang='grc' dir='ltr'>μέντοι</span> <span class='ocrx_word' id='word_1_675' title='bbox 3502 4658 3592 4744; x_wconf 63' lang='grc' dir='ltr'>καὶ</span> <span class='ocrx_word' id='word_1_676' title='bbox 3631 4658 3792 4759; x_wconf 57' lang='grc' dir='ltr'>ἡμέραν</span> 
     </span>
    </p>
   </div>
   <div class='ocr_carea' id='block_1_95' title="bbox 605 4747 2195 4851">
    <p class='ocr_par' dir='ltr' id='par_1_95' title="bbox 605 4747 2177 4823">
     <span class='ocr_line' id='line_1_95' title="bbox 605 4747 2177 4823; baseline 0.008 -21"><span class='ocrx_word' id='word_1_677' title='bbox 605 4747 726 4804; x_wconf 88' lang='lat' dir='ltr'><strong>dies</strong></span> <span class='ocrx_word' id='word_1_678' title='bbox 763 4747 969 4803; x_wconf 88' lang='lat' dir='ltr'><strong>divinis</strong></span> <span class='ocrx_word' id='word_1_679' title='bbox 991 4750 1221 4818; x_wconf 91' lang='lat' dir='ltr'><strong>psalmis</strong></span> <span class='ocrx_word' id='word_1_680' title='bbox 1260 4765 1323 4805; x_wconf 89' lang='lat' dir='ltr'><strong>ac</strong></span> <span class='ocrx_word' id='word_1_681' title='bbox 1350 4752 1569 4823; x_wconf 79' lang='lat' dir='ltr'><strong>legibus</strong></span> <span class='ocrx_word' id='word_1_682' title='bbox 1604 4755 1935 4812; x_wconf 88' lang='lat' dir='ltr'><strong>meditandis</strong></span> <span class='ocrx_word' id='word_1_683' title='bbox 1974 4759 2177 4815; x_wconf 90' lang='lat' dir='ltr'><strong>transi-</strong></span> 
     </span>
    </p>
   </div>
   <div class='ocr_carea' id='block_1_96' title="bbox 2203 4747 3793 4851">
    <p class='ocr_par' dir='ltr' id='par_1_96' title="bbox 2277 4747 3793 4851">
     <span class='ocr_line' id='line_1_96' title="bbox 2277 4747 3793 4851; baseline 0.009 -35"><span class='ocrx_word' id='word_1_684' title='bbox 2277 4767 2389 4827; x_wconf 90' lang='grc' dir='ltr'>τοῖς</span> <span class='ocrx_word' id='word_1_685' title='bbox 2427 4766 2592 4830; x_wconf 88' lang='grc' dir='ltr'>θείοις</span> <span class='ocrx_word' id='word_1_686' title='bbox 2610 4747 2855 4839; x_wconf 79' lang='grc' dir='ltr'>’ψαλμοῖς</span> <span class='ocrx_word' id='word_1_687' title='bbox 2887 4747 2985 4825; x_wconf 59' lang='grc' dir='ltr'><strong>καί</strong></span> <span class='ocrx_word' id='word_1_688' title='bbox 3010 4772 3193 4843; x_wconf 87' lang='grc' dir='ltr'>νόμοις</span> <span class='ocrx_word' id='word_1_689' title='bbox 3235 4747 3544 4851; x_wconf 78' lang='grc' dir='ltr'>ἐμμελετᾷν</span> 
     </span>
    </p>
   </div>
   <div class='ocr_carea' id='block_1_97' title="bbox 603 4841 2193 4941">
    <p class='ocr_par' dir='ltr' id='par_1_97' title="bbox 603 4841 2176 4919">
     <span class='ocr_line' id='line_1_97' title="bbox 603 4841 2176 4919; baseline 0.007 -23"><span class='ocrx_word' id='word_1_690' title='bbox 603 4851 816 4911; x_wconf 81' lang='lat' dir='ltr'><strong>gentes,</strong></span> <span class='ocrx_word' id='word_1_691' title='bbox 846 4841 1023 4897; x_wconf 88' lang='lat' dir='ltr'><strong>seduli</strong></span> <span class='ocrx_word' id='word_1_692' title='bbox 1049 4845 1491 4915; x_wconf 81' lang='lat' dir='ltr'><strong>praescriptarum</strong></span> <span class='ocrx_word' id='word_1_693' title='bbox 1524 4849 1833 4919; x_wconf 78' lang='lat' dir='ltr'><strong>regularum</strong></span> <span class='ocrx_word' id='word_1_694' title='bbox 1855 4850 2176 4907; x_wconf 83' lang='lat' dir='ltr'><strong>observato-</strong></span> 
     </span>
    </p>
   </div>
   <div class='ocr_carea' id='block_1_98' title="bbox 2201 4841 3791 4941">
    <p class='ocr_par' dir='ltr' id='par_1_98' title="bbox 2280 4841 3791 4941">
     <span class='ocr_line' id='line_1_98' title="bbox 2280 4841 3791 4941; baseline 0.007 -31"><span class='ocrx_word' id='word_1_695' title='bbox 2280 4857 2441 4928; x_wconf 81' lang='grc' dir='ltr'>μένου</span> <span class='ocrx_word' id='word_1_696' title='bbox 2463 4861 2686 4923; x_wconf 86' lang='grc' dir='ltr'>κανόνος</span> <span class='ocrx_word' id='word_1_697' title='bbox 2716 4863 2989 4931; x_wconf 85' lang='grc' dir='ltr'>ἐπιμελῶς</span> <span class='ocrx_word' id='word_1_698' title='bbox 3016 4841 3326 4937; x_wconf 31' lang='grc' dir='ltr'>ἐχομένουνςξ</span> <span class='ocrx_word' id='word_1_699' title='bbox 3356 4841 3497 4924; x_wconf 50' lang='lat' dir='ltr'><strong>ﬂoss-</strong></span> <span class='ocrx_word' id='word_1_700' title='bbox 3518 4871 3640 4941; x_wconf 82' lang='grc' dir='ltr'>γοῦν</span> <span class='ocrx_word' id='word_1_701' title='bbox 3664 4869 3791 4924; x_wconf 76' lang='grc' dir='ltr'>ἐδόκει</span> 
     </span>
    </p>
   </div>
   <div class='ocr_carea' id='block_1_99' title="bbox 603 4931 2193 5034">
    <p class='ocr_par' dir='ltr' id='par_1_99' title="bbox 603 4931 2187 5006">
     <span class='ocr_line' id='line_1_99' title="bbox 603 4931 2187 5006; baseline 0.009 -21"><span class='ocrx_word' id='word_1_702' title='bbox 603 4946 694 4986; x_wconf 85' lang='lat' dir='ltr'><strong>res</strong></span> <span class='ocrx_word' id='word_1_703' title='bbox 713 4931 917 4987; x_wconf 79' lang='lat' dir='ltr'><strong>forent.</strong></span> <span class='ocrx_word' id='word_1_704' title='bbox 937 4934 1248 5004; x_wconf 83' lang='lat' dir='ltr'><strong>Aliquando</strong></span> <span class='ocrx_word' id='word_1_705' title='bbox 1268 4936 1455 5006; x_wconf 82' lang='lat' dir='ltr'><strong>igitur,</strong></span> <span class='ocrx_word' id='word_1_706' title='bbox 1475 4952 1598 4992; x_wconf 92' lang='lat' dir='ltr'><strong>cum</strong></span> <span class='ocrx_word' id='word_1_707' title='bbox 1620 4948 1842 4999; x_wconf 76' lang='lat' dir='ltr'><strong>sanctus</strong></span> <span class='ocrx_word' id='word_1_708' title='bbox 1862 4942 1930 4996; x_wconf 89' lang='lat' dir='ltr'><strong>ad</strong></span> <span class='ocrx_word' id='word_1_709' title='bbox 1948 4942 2187 4999; x_wconf 88' lang='lat' dir='ltr'><strong>inferius.</strong></span> 
     </span>
    </p>
   </div>
   <div class='ocr_carea' id='block_1_100' title="bbox 2199 4931 3789 5034">
    <p class='ocr_par' dir='ltr' id='par_1_100' title="bbox 2276 4931 3789 5034">
     <span class='ocr_line' id='line_1_100' title="bbox 2276 4931 3789 5034; baseline 0.011 -32"><span class='ocrx_word' id='word_1_710' title='bbox 2276 4950 2353 5030; x_wconf 76' lang='grc' dir='ltr'><strong>τῷ</strong></span> <span class='ocrx_word' id='word_1_711' title='bbox 2381 4951 2624 5021; x_wconf 87' lang='grc' dir='ltr'>Συμεὼν,</span> <span class='ocrx_word' id='word_1_712' title='bbox 2662 4953 2887 5024; x_wconf 89' lang='grc' dir='ltr'>πλησίον</span> <span class='ocrx_word' id='word_1_713' title='bbox 2928 4931 3124 5028; x_wconf 31' lang='grc' dir='ltr'>ὥσπερ,</span> <span class='ocrx_word' id='word_1_714' title='bbox 3164 4959 3327 5013; x_wconf 75' lang='grc' dir='ltr'>αὐτὸν</span> <span class='ocrx_word' id='word_1_715' title='bbox 3361 4962 3422 5016; x_wconf 85' lang='grc' dir='ltr'><strong>ἐν</strong></span> <span class='ocrx_word' id='word_1_716' title='bbox 3463 4931 3542 5034; x_wconf 45' lang='grc' dir='ltr'><strong>τῇ.</strong></span> <span class='ocrx_word' id='word_1_717' title='bbox 3564 4961 3789 5029; x_wconf 64' lang='grc' dir='ltr'>κατωτὲρξ</span> 
     </span>
    </p>
   </div>
   <div class='ocr_carea' id='block_1_101' title="bbox 606 5025 2196 5123">
    <p class='ocr_par' dir='ltr' id='par_1_101' title="bbox 606 5025 2179 5099">
     <span class='ocr_line' id='line_1_101' title="bbox 606 5025 2179 5099; baseline 0.01 -23"><span class='ocrx_word' id='word_1_718' title='bbox 606 5025 1002 5079; x_wconf 88' lang='lat' dir='ltr'><strong>monasterium</strong></span> <span class='ocrx_word' id='word_1_719' title='bbox 1057 5027 1381 5082; x_wconf 83' lang='lat' dir='ltr'><strong>accessisset</strong></span> <span class='ocrx_word' id='word_1_720' title='bbox 1433 5030 1680 5099; x_wconf 88' lang='lat' dir='ltr'><strong>propius,</strong></span> <span class='ocrx_word' id='word_1_721' title='bbox 1732 5032 1886 5089; x_wconf 83' lang='lat' dir='ltr'><strong>visus</strong></span> <span class='ocrx_word' id='word_1_722' title='bbox 1934 5035 2040 5089; x_wconf 89' lang='lat' dir='ltr'><strong>sibi</strong></span> <span class='ocrx_word' id='word_1_723' title='bbox 2093 5046 2179 5092; x_wconf 91' lang='lat' dir='ltr'><strong>est</strong></span> 
     </span>
    </p>
   </div>
   <div class='ocr_carea' id='block_1_102' title="bbox 2203 5025 3793 5123">
    <p class='ocr_par' dir='ltr' id='par_1_102' title="bbox 2279 5025 3793 5123">
     <span class='ocr_line' id='line_1_102' title="bbox 2279 5025 3793 5123; baseline 0.006 -29"><span class='ocrx_word' id='word_1_724' title='bbox 2279 5026 2414 5119; x_wconf 80' lang='grc' dir='ltr'>μονῇ</span> <span class='ocrx_word' id='word_1_725' title='bbox 2469 5045 2783 5112; x_wconf 89' lang='grc' dir='ltr'>γενόμενον,</span> <span class='ocrx_word' id='word_1_726' title='bbox 2829 5046 3014 5101; x_wconf 84' lang='grc' dir='ltr'>ἐκεῖνα</span> <span class='ocrx_word' id='word_1_727' title='bbox 3049 5025 3188 5120; x_wconf 80' lang='grc' dir='ltr'>πρός</span> <span class='ocrx_word' id='word_1_728' title='bbox 3234 5068 3385 5117; x_wconf 87' lang='grc' dir='ltr'>τινας</span> <span class='ocrx_word' id='word_1_729' title='bbox 3419 5025 3532 5109; x_wconf 63' lang='grc' dir='ltr'><strong>τῶν</strong></span> <span class='ocrx_word' id='word_1_730' title='bbox 3570 5025 3793 5123; x_wconf 72' lang='grc' dir='ltr'>κοσμικῶ</span> 
     </span>
    </p>
   </div>
   <div class='ocr_carea' id='block_1_103' title="bbox 604 5111 2194 5209">
    <p class='ocr_par' dir='ltr' id='par_1_103' title="bbox 604 5111 2179 5195">
     <span class='ocr_line' id='line_1_103' title="bbox 604 5111 2179 5195; baseline 0.01 -29"><span class='ocrx_word' id='word_1_731' title='bbox 604 5111 798 5167; x_wconf 87' lang='lat' dir='ltr'><strong>audire</strong></span> <span class='ocrx_word' id='word_1_732' title='bbox 817 5114 1030 5185; x_wconf 90' lang='lat' dir='ltr'><strong>aliquos</strong></span> <span class='ocrx_word' id='word_1_733' title='bbox 1056 5116 1182 5170; x_wconf 88' lang='lat' dir='ltr'><strong>talia</strong></span> <span class='ocrx_word' id='word_1_734' title='bbox 1198 5131 1320 5170; x_wconf 92' lang='lat' dir='ltr'><strong>cum</strong></span> <span class='ocrx_word' id='word_1_735' title='bbox 1345 5119 1699 5176; x_wconf 65' lang='lat' dir='ltr'><strong>smcularibus</strong></span> <span class='ocrx_word' id='word_1_736' title='bbox 1717 5122 2022 5192; x_wconf 90' lang='lat' dir='ltr'><strong>loquentes,</strong></span> <span class='ocrx_word' id='word_1_737' title='bbox 2045 5141 2179 5195; x_wconf 89' lang='lat' dir='ltr'><strong>qua-</strong></span> 
     </span>
    </p>
   </div>
   <div class='ocr_carea' id='block_1_104' title="bbox 2199 5111 3789 5209">
    <p class='ocr_par' dir='ltr' id='par_1_104' title="bbox 2273 5111 3789 5209">
     <span class='ocr_line' id='line_1_104' title="bbox 2273 5111 3789 5209; baseline 0.009 -27"><span class='ocrx_word' id='word_1_738' title='bbox 2273 5111 2495 5184; x_wconf 81' lang='grc' dir='ltr'>ἀκούειν</span> <span class='ocrx_word' id='word_1_739' title='bbox 2528 5111 2853 5201; x_wconf 86' lang='grc' dir='ltr'>λαλούντων,</span> <span class='ocrx_word' id='word_1_740' title='bbox 2887 5137 3029 5205; x_wconf 80' lang='grc' dir='ltr'>ἅπερ</span> <span class='ocrx_word' id='word_1_741' title='bbox 3059 5111 3208 5209; x_wconf 73' lang='grc' dir='ltr'><strong>αύτῷ</strong></span> <span class='ocrx_word' id='word_1_742' title='bbox 3235 5144 3292 5196; x_wconf 87' lang='grc' dir='ltr'>αἱ</span> <span class='ocrx_word' id='word_1_743' title='bbox 3315 5111 3527 5198; x_wconf 69' lang='grc' dir='ltr'>ἐντολαὶ</span> <span class='ocrx_word' id='word_1_744' title='bbox 3553 5148 3642 5199; x_wconf 83' lang='grc' dir='ltr'>οὐκ</span> <span class='ocrx_word' id='word_1_745' title='bbox 3661 5111 3789 5195; x_wconf 44' lang='grc' dir='ltr'>’ἐδού-</span> 
     </span>
    </p>
   </div>
   <div class='ocr_carea' id='block_1_105' title="bbox 604 5202 2194 5304">
    <p class='ocr_par' dir='ltr' id='par_1_105' title="bbox 604 5202 2177 5286">
     <span class='ocr_line' id='line_1_105' title="bbox 604 5202 2177 5286; baseline 0.012 -30"><span class='ocrx_word' id='word_1_746' title='bbox 604 5202 675 5258; x_wconf 86' lang='lat' dir='ltr'><strong>lia</strong></span> <span class='ocrx_word' id='word_1_747' title='bbox 708 5219 819 5260; x_wconf 90' lang='lat' dir='ltr'><strong>non</strong></span> <span class='ocrx_word' id='word_1_748' title='bbox 849 5205 1050 5263; x_wconf 85' lang='lat' dir='ltr'><strong>licebat</strong></span> <span class='ocrx_word' id='word_1_749' title='bbox 1074 5222 1173 5276; x_wconf 88' lang='lat' dir='ltr'><strong>per</strong></span> <span class='ocrx_word' id='word_1_750' title='bbox 1198 5208 1322 5263; x_wconf 88' lang='lat' dir='ltr'><strong>data</strong></span> <span class='ocrx_word' id='word_1_751' title='bbox 1354 5222 1646 5280; x_wconf 85' lang='lat' dir='ltr'><strong>praecepta.</strong></span> <span class='ocrx_word' id='word_1_752' title='bbox 1679 5214 1982 5270; x_wconf 82' lang='lat' dir='ltr'><strong>Accersens</strong></span> <span class='ocrx_word' id='word_1_753' title='bbox 2009 5215 2177 5286; x_wconf 77' lang='lat' dir='ltr'><strong>igitur</strong></span> 
     </span>
    </p>
   </div>
   <div class='ocr_carea' id='block_1_106' title="bbox 2199 5202 3789 5304">
    <p class='ocr_par' dir='ltr' id='par_1_106' title="bbox 2274 5202 3789 5304">
     <span class='ocr_line' id='line_1_106' title="bbox 2274 5202 3789 5304; baseline 0.009 -32"><span class='ocrx_word' id='word_1_754' title='bbox 2274 5220 2448 5277; x_wconf 83' lang='grc' dir='ltr'>λοντο.</span> <span class='ocrx_word' id='word_1_755' title='bbox 2520 5223 2773 5289; x_wconf 80' lang='grc' dir='ltr'>Καλέσας</span> <span class='ocrx_word' id='word_1_756' title='bbox 2824 5202 3009 5282; x_wconf 74' lang='grc' dir='ltr'>τοίνυν</span> <span class='ocrx_word' id='word_1_757' title='bbox 3069 5202 3297 5299; x_wconf 77' lang='grc' dir='ltr'>αὐτοὺς,</span> <span class='ocrx_word' id='word_1_758' title='bbox 3357 5235 3604 5304; x_wconf 83' lang='grc' dir='ltr'>ἐρεύναις</span> <span class='ocrx_word' id='word_1_759' title='bbox 3658 5249 3705 5285; x_wconf 86' lang='grc' dir='ltr'><strong>τε</strong></span> <span class='ocrx_word' id='word_1_760' title='bbox 3750 5230 3789 5279; x_wconf 63' lang='grc' dir='ltr'><strong>τὸ</strong></span> 
     </span>
    </p>
   </div>
   <div class='ocr_carea' id='block_1_107' title="bbox 604 5293 2194 5395">
    <p class='ocr_par' dir='ltr' id='par_1_107' title="bbox 604 5293 2175 5372">
     <span class='ocr_line' id='line_1_107' title="bbox 604 5293 2175 5372; baseline 0.011 -27"><span class='ocrx_word' id='word_1_761' title='bbox 604 5293 746 5358; x_wconf 89' lang='lat' dir='ltr'><strong>illos,</strong></span> <span class='ocrx_word' id='word_1_762' title='bbox 764 5294 1192 5366; x_wconf 81' lang='lat' dir='ltr'><strong>examinansque</strong></span> <span class='ocrx_word' id='word_1_763' title='bbox 1221 5307 1276 5353; x_wconf 89' lang='lat' dir='ltr'><strong>et</strong></span> <span class='ocrx_word' id='word_1_764' title='bbox 1305 5314 1421 5354; x_wconf 90' lang='lat' dir='ltr'><strong>rem</strong></span> <span class='ocrx_word' id='word_1_765' title='bbox 1446 5309 1502 5354; x_wconf 92' lang='lat' dir='ltr'><strong>et</strong></span> <span class='ocrx_word' id='word_1_766' title='bbox 1524 5309 1763 5372; x_wconf 88' lang='lat' dir='ltr'><strong>tempus,</strong></span> <span class='ocrx_word' id='word_1_767' title='bbox 1794 5305 1998 5360; x_wconf 84' lang='lat' dir='ltr'><strong>factum</strong></span> <span class='ocrx_word' id='word_1_768' title='bbox 2022 5322 2175 5362; x_wconf 91' lang='lat' dir='ltr'><strong>com-</strong></span> 
     </span>
    </p>
   </div>
   <div class='ocr_carea' id='block_1_108' title="bbox 2198 5293 3788 5395">
    <p class='ocr_par' dir='ltr' id='par_1_108' title="bbox 2274 5293 3788 5395">
     <span class='ocr_line' id='line_1_108' title="bbox 2274 5293 3788 5395; baseline 0.009 -32"><span class='ocrx_word' id='word_1_769' title='bbox 2274 5313 2507 5383; x_wconf 78' lang='grc' dir='ltr'>πρᾶγμα</span> <span class='ocrx_word' id='word_1_770' title='bbox 2530 5314 2625 5367; x_wconf 79' lang='grc' dir='ltr'>καὶ</span> <span class='ocrx_word' id='word_1_771' title='bbox 2649 5314 2743 5379; x_wconf 76' lang='grc' dir='ltr'>τὸν,</span> <span class='ocrx_word' id='word_1_772' title='bbox 2762 5318 2952 5387; x_wconf 83' lang='grc' dir='ltr'>καιρὸν</span> <span class='ocrx_word' id='word_1_773' title='bbox 2973 5293 3428 5395; x_wconf 37' lang='grc' dir='ltr'>δεδωκὼςξεῦρεν</span> <span class='ocrx_word' id='word_1_774' title='bbox 3463 5326 3538 5390; x_wconf 84' lang='grc' dir='ltr'>ὡς</span> <span class='ocrx_word' id='word_1_775' title='bbox 3567 5293 3696 5392; x_wconf 76' lang='grc' dir='ltr'>αὐτῷ</span> <span class='ocrx_word' id='word_1_776' title='bbox 3710 5321 3788 5376; x_wconf 76' lang='grc' dir='ltr'>τοῖς</span> 
     </span>
    </p>
   </div>
   <div class='ocr_carea' id='block_1_109' title="bbox 606 5384 2196 5487">
    <p class='ocr_par' dir='ltr' id='par_1_109' title="bbox 606 5384 2172 5456">
     <span class='ocr_line' id='line_1_109' title="bbox 606 5384 2172 5456; baseline 0.01 -20"><span class='ocrx_word' id='word_1_777' title='bbox 606 5384 767 5451; x_wconf 80' lang='lat' dir='ltr'><strong>perit,</strong></span> <span class='ocrx_word' id='word_1_778' title='bbox 799 5387 943 5440; x_wconf 88' lang='lat' dir='ltr'><strong>sicut</strong></span> <span class='ocrx_word' id='word_1_779' title='bbox 970 5387 1352 5456; x_wconf 85' lang='lat' dir='ltr'><strong>spiritualibus</strong></span> <span class='ocrx_word' id='word_1_780' title='bbox 1383 5392 1559 5447; x_wconf 88' lang='lat' dir='ltr'><strong>oculis</strong></span> <span class='ocrx_word' id='word_1_781' title='bbox 1589 5409 1621 5451; x_wconf 85' lang='lat' dir='ltr'><strong>a</strong></span> <span class='ocrx_word' id='word_1_782' title='bbox 1657 5410 1717 5448; x_wconf 90' lang='lat' dir='ltr'><strong>se</strong></span> <span class='ocrx_word' id='word_1_783' title='bbox 1742 5395 1919 5450; x_wconf 83' lang='lat' dir='ltr'><strong>visum</strong></span> <span class='ocrx_word' id='word_1_784' title='bbox 1951 5395 2172 5452; x_wconf 85' lang='lat' dir='ltr'><strong>fuerat:</strong></span> 
     </span>
    </p>
   </div>
   <div class='ocr_carea' id='block_1_110' title="bbox 2197 5384 3787 5487">
    <p class='ocr_par' dir='ltr' id='par_1_110' title="bbox 2272 5384 3787 5487">
     <span class='ocr_line' id='line_1_110' title="bbox 2272 5384 3787 5487; baseline 0.009 -33"><span class='ocrx_word' id='word_1_785' title='bbox 2272 5402 2365 5455; x_wconf 77' lang='grc' dir='ltr'><strong>τοῦ</strong></span> <span class='ocrx_word' id='word_1_786' title='bbox 2397 5405 2716 5475; x_wconf 89' lang='grc' dir='ltr'>Πνεύματος</span> <span class='ocrx_word' id='word_1_787' title='bbox 2736 5384 3033 5481; x_wconf 77' lang='grc' dir='ltr'>ὀφθαλμοῖς</span> <span class='ocrx_word' id='word_1_788' title='bbox 3058 5384 3253 5485; x_wconf 82' lang='grc' dir='ltr'>ἐθεάθη</span> <span class='ocrx_word' id='word_1_789' title='bbox 3275 5430 3290 5444; x_wconf 72' lang='grc' dir='ltr'>ο</span> <span class='ocrx_word' id='word_1_790' title='bbox 3312 5384 3350 5468; x_wconf 49' lang='grc' dir='ltr'><strong>ὃ.</strong></span> <span class='ocrx_word' id='word_1_791' title='bbox 3366 5417 3459 5471; x_wconf 74' lang='grc' dir='ltr'><strong>καὶ</strong></span> <span class='ocrx_word' id='word_1_792' title='bbox 3485 5384 3637 5487; x_wconf 65' lang='grc' dir='ltr'>φόϐον</span> <span class='ocrx_word' id='word_1_793' title='bbox 3653 5384 3787 5468; x_wconf 65' lang='grc' dir='ltr'><strong>αὐτοῖς</strong></span> 
     </span>
    </p>
   </div>
   <div class='ocr_carea' id='block_1_111' title="bbox 604 5473 2194 5580">
    <p class='ocr_par' dir='ltr' id='par_1_111' title="bbox 604 5473 2173 5555">
     <span class='ocr_line' id='line_1_111' title="bbox 604 5473 2173 5555; baseline 0.014 -30"><span class='ocrx_word' id='word_1_794' title='bbox 604 5473 656 5526; x_wconf 80' lang='lat' dir='ltr'><strong>id</strong></span> <span class='ocrx_word' id='word_1_795' title='bbox 678 5475 825 5543; x_wconf 91' lang='lat' dir='ltr'><strong>quod</strong></span> <span class='ocrx_word' id='word_1_796' title='bbox 847 5492 957 5531; x_wconf 91' lang='lat' dir='ltr'><strong>non</strong></span> <span class='ocrx_word' id='word_1_797' title='bbox 983 5479 1158 5534; x_wconf 87' lang='lat' dir='ltr'><strong>levem</strong></span> <span class='ocrx_word' id='word_1_798' title='bbox 1182 5480 1415 5537; x_wconf 89' lang='lat' dir='ltr'><strong>incussit</strong></span> <span class='ocrx_word' id='word_1_799' title='bbox 1450 5484 1743 5555; x_wconf 89' lang='lat' dir='ltr'><strong>discipulis.</strong></span> <span class='ocrx_word' id='word_1_800' title='bbox 1760 5487 2032 5555; x_wconf 81' lang='lat' dir='ltr'><strong>timorem,</strong></span> <span class='ocrx_word' id='word_1_801' title='bbox 2070 5488 2173 5551; x_wconf 79' lang='lat' dir='ltr'><strong>fide</strong></span> 
     </span>
    </p>
   </div>
   <div class='ocr_carea' id='block_1_112' title="bbox 2195 5473 3785 5580">
    <p class='ocr_par' dir='ltr' id='par_1_112' title="bbox 2274 5473 3785 5580">
     <span class='ocr_line' id='line_1_112' title="bbox 2274 5473 3785 5580; baseline 0.016 -34"><span class='ocrx_word' id='word_1_802' title='bbox 2274 5495 2373 5548; x_wconf 79' lang='grc' dir='ltr'>οὐκ</span> <span class='ocrx_word' id='word_1_803' title='bbox 2426 5473 2607 5566; x_wconf 84' lang='grc' dir='ltr'>ὀλίγον</span> <span class='ocrx_word' id='word_1_804' title='bbox 2658 5473 2841 5570; x_wconf 46' lang='grc' dir='ltr'>ἐνῆκε,</span> <span class='ocrx_word' id='word_1_805' title='bbox 2884 5473 3184 5575; x_wconf 75' lang='grc' dir='ltr'>μελλούσης</span> <span class='ocrx_word' id='word_1_806' title='bbox 3228 5473 3527 5580; x_wconf 64' lang='grc' dir='ltr'>ἀξιόχρεων</span> <span class='ocrx_word' id='word_1_807' title='bbox 3570 5502 3785 5579; x_wconf 63' lang='grc' dir='ltr'><strong>ἐγγυητὴ-δ</strong></span> 
     </span>
    </p>
   </div>
   <div class='ocr_carea' id='block_1_113' title="bbox 602 5566 2192 5654">
    <p class='ocr_par' dir='ltr' id='par_1_113' title="bbox 602 5566 1946 5639">
     <span class='ocr_line' id='line_1_113' title="bbox 602 5566 1946 5639; baseline 0.013 -22"><span class='ocrx_word' id='word_1_808' title='bbox 602 5566 828 5635; x_wconf 68' lang='lat' dir='ltr'><strong>dignum</strong></span> <span class='ocrx_word' id='word_1_809' title='bbox 854 5571 1075 5639; x_wconf 88' lang='lat' dir='ltr'><strong>majoris</strong></span> <span class='ocrx_word' id='word_1_810' title='bbox 1105 5573 1157 5626; x_wconf 91' lang='lat' dir='ltr'><strong>in</strong></span> <span class='ocrx_word' id='word_1_811' title='bbox 1191 5572 1438 5628; x_wconf 87' lang='lat' dir='ltr'><strong>futurum</strong></span> <span class='ocrx_word' id='word_1_812' title='bbox 1473 5578 1701 5633; x_wconf 69' lang='lat' dir='ltr'><strong>cautelae</strong></span> <span class='ocrx_word' id='word_1_813' title='bbox 1731 5580 1946 5635; x_wconf 85' lang='lat' dir='ltr'><strong>vadem.</strong></span> 
     </span>
    </p>
   </div>
   <div class='ocr_carea' id='block_1_114' title="bbox 999 5566 2589 5654">
    <p class='ocr_par' dir='ltr' id='par_1_114' title="bbox 1000 5572 2589 5654">
     <span class='ocr_line' id='line_1_114' title="bbox 1000 5572 2589 5654; baseline 0.01 -29"><span class='ocrx_word' id='word_1_814' title='bbox 1000 5572 1075 5627; x_wconf 86' lang='lat' dir='ltr'><strong>ris</strong></span> <span class='ocrx_word' id='word_1_815' title='bbox 1105 5573 1157 5626; x_wconf 91' lang='lat' dir='ltr'><strong>in</strong></span> <span class='ocrx_word' id='word_1_816' title='bbox 1191 5572 1438 5628; x_wconf 87' lang='lat' dir='ltr'><strong>futurum</strong></span> <span class='ocrx_word' id='word_1_817' title='bbox 1473 5578 1701 5633; x_wconf 69' lang='lat' dir='ltr'><strong>cautelae</strong></span> <span class='ocrx_word' id='word_1_818' title='bbox 1731 5580 1946 5635; x_wconf 85' lang='lat' dir='ltr'><strong>vadem.</strong></span> <span class='ocrx_word' id='word_1_819' title='bbox 2274 5587 2589 5654; x_wconf 79' lang='grc' dir='ltr'>ἀσφαλείας.</span> 
     </span>
    </p>
   </div>
   <div class='ocr_carea' id='block_1_115' title="bbox 678 5656 2268 5763">
    <p class='ocr_par' dir='ltr' id='par_1_115' title="bbox 678 5656 2171 5737">
     <span class='ocr_line' id='line_1_115' title="bbox 678 5656 2171 5737; baseline 0.013 -28"><span class='ocrx_word' id='word_1_820' title='bbox 678 5656 798 5711; x_wconf 79' lang='grc'><strong>186.</strong></span> <span class='ocrx_word' id='word_1_821' title='bbox 841 5659 1030 5715; x_wconf 84' lang='lat' dir='ltr'><strong>Frater</strong></span> <span class='ocrx_word' id='word_1_822' title='bbox 1059 5664 1308 5732; x_wconf 89' lang='lat' dir='ltr'><strong>quidam,</strong></span> <span class='ocrx_word' id='word_1_823' title='bbox 1347 5666 1605 5721; x_wconf 88' lang='lat' dir='ltr'><strong>virtutem</strong></span> <span class='ocrx_word' id='word_1_824' title='bbox 1632 5670 1932 5737; x_wconf 84' lang='lat' dir='ltr'><strong>professus,</strong></span> <span class='ocrx_word' id='word_1_825' title='bbox 1973 5674 2171 5729; x_wconf 89' lang='lat' dir='ltr'><strong>missus</strong></span> 
     </span>
    </p>
   </div>
   <div class='ocr_carea' id='block_1_116' title="bbox 2190 5656 3780 5763">
    <p class='ocr_par' dir='ltr' id='par_1_116' title="bbox 2349 5682 3780 5763">
     <span class='ocr_line' id='line_1_116' title="bbox 2349 5682 3780 5763; baseline -0.007 -19"><span class='ocrx_word' id='word_1_826' title='bbox 2349 5687 2499 5744; x_wconf 78' lang='grc' dir='ltr'>ρπς’-</span> <span class='ocrx_word' id='word_1_827' title='bbox 2550 5682 2799 5751; x_wconf 71' lang='grc' dir='ltr'>Ἀδελςρὸς</span> <span class='ocrx_word' id='word_1_828' title='bbox 2856 5703 2938 5750; x_wconf 89' lang='grc' dir='ltr'><strong>τις</strong></span> <span class='ocrx_word' id='word_1_829' title='bbox 2987 5688 3186 5759; x_wconf 77' lang='grc' dir='ltr'>ἀρετὴν</span> <span class='ocrx_word' id='word_1_830' title='bbox 3250 5694 3691 5763; x_wconf 70' lang='grc' dir='ltr'>μαρτυρούμενος,</span> <span class='ocrx_word' id='word_1_831' title='bbox 3726 5685 3780 5735; x_wconf 72' lang='grc' dir='ltr'>εἰς</span> 
     </span>
    </p>
   </div>
   <div class='ocr_carea' id='block_1_117' title="bbox 607 5744 2197 5855">
    <p class='ocr_par' dir='ltr' id='par_1_117' title="bbox 607 5744 2167 5827">
     <span class='ocr_line' id='line_1_117' title="bbox 607 5744 2167 5827; baseline 0.012 -27"><span class='ocrx_word' id='word_1_832' title='bbox 607 5744 745 5801; x_wconf 64' lang='lat' dir='ltr'><strong>iam:</strong></span> <span class='ocrx_word' id='word_1_833' title='bbox 779 5749 843 5802; x_wconf 81' lang='lat' dir='ltr'><strong>ad</strong></span> <span class='ocrx_word' id='word_1_834' title='bbox 873 5750 1281 5810; x_wconf 82' lang='lat' dir='ltr'><strong>divcmlcndum</strong></span> <span class='ocrx_word' id='word_1_835' title='bbox 1307 5758 1498 5824; x_wconf 88' lang='lat' dir='ltr'><strong>salem,</strong></span> <span class='ocrx_word' id='word_1_836' title='bbox 1536 5758 1747 5815; x_wconf 87' lang='lat' dir='ltr'><strong>insidiis</strong></span> <span class='ocrx_word' id='word_1_837' title='bbox 1778 5762 2003 5827; x_wconf 84' lang='lat' dir='ltr'><strong>diaboli,</strong></span> <span class='ocrx_word' id='word_1_838' title='bbox 2041 5766 2167 5819; x_wconf 85' lang='lat' dir='ltr'><strong>talia</strong></span> 
     </span>
    </p>
   </div>
   <div class='ocr_carea' id='block_1_118' title="bbox 2187 5744 3777 5855">
    <p class='ocr_par' dir='ltr' id='par_1_118' title="bbox 2274 5744 3777 5855">
     <span class='ocr_line' id='line_1_118' title="bbox 2713 5744 3689 5763; baseline 0.007 -12"><span class='ocrx_word' id='word_1_839' title='bbox 2713 5744 2792 5751; x_wconf 83' lang='lat'><strong>.-</strong></span> <span class='ocrx_word' id='word_1_840' title='bbox 2917 5744 2933 5750; x_wconf 80' lang='lat'><strong>-</strong></span> <span class='ocrx_word' id='word_1_841' title='bbox 3028 5744 3040 5759; x_wconf 85' lang='lat'><strong><em>.</em></strong></span> <span class='ocrx_word' id='word_1_842' title='bbox 3142 5744 3153 5759; x_wconf 91' lang='lat'><strong>.</strong></span> <span class='ocrx_word' id='word_1_843' title='bbox 3250 5744 3556 5763; x_wconf 39' lang='grc' dir='ltr'><strong>.ν..-κ.γ</strong></span> <span class='ocrx_word' id='word_1_844' title='bbox 3658 5744 3689 5752; x_wconf 67' lang='grc' dir='ltr'><strong><em>υ</em></strong></span> 
     </span>
     <span class='ocr_line' id='line_1_119' title="bbox 2274 5768 3777 5855; baseline 0.012 -33"><span class='ocrx_word' id='word_1_845' title='bbox 2274 5768 2466 5834; x_wconf 79' lang='grc' dir='ltr'>ἄλατος</span> <span class='ocrx_word' id='word_1_846' title='bbox 2498 5773 2751 5845; x_wconf 79' lang='grc' dir='ltr'>ἐπέμφθη</span> <span class='ocrx_word' id='word_1_847' title='bbox 2778 5777 3070 5845; x_wconf 85' lang='grc' dir='ltr'>διακονίαν,</span> <span class='ocrx_word' id='word_1_848' title='bbox 3094 5783 3210 5843; x_wconf 84' lang='grc' dir='ltr'>ταῖς</span> <span class='ocrx_word' id='word_1_849' title='bbox 3237 5781 3293 5834; x_wconf 80' lang='grc' dir='ltr'>δὲ</span> <span class='ocrx_word' id='word_1_850' title='bbox 3320 5783 3413 5837; x_wconf 73' lang='grc' dir='ltr'><strong>τοῦ</strong></span> <span class='ocrx_word' id='word_1_851' title='bbox 3445 5782 3660 5855; x_wconf 71' lang='grc' dir='ltr'>πονηροῦ</span> <span class='ocrx_word' id='word_1_852' title='bbox 3680 5773 3777 5830; x_wconf 72' lang='grc' dir='ltr'><strong>κε·τά</strong></span> 
     </span>
    </p>
   </div>
   <div class='ocr_carea' id='block_1_119' title="bbox 3921 5109 3925 5717">
    <p class='ocr_par' dir='ltr' id='par_1_119' title="bbox 3921 5109 3923 5263">
     <span class='ocr_line' id='line_1_120' title="bbox 3921 5109 3923 5263; baseline 0 0"><span class='ocrx_word' id='word_1_853' title='bbox 3921 5109 3923 5263; x_wconf 56' lang='grc' dir='ltr'><em>γ</em></span> 
     </span>
    </p>
   </div>
  </div>
