3980 6296
235 399 375 467 3157
1259 413 1436 473 VlTA
1472 415 1519 473 A
1557 414 1995 479 NICEPHOBO
2034 387 2515 480 CONSCRIPTA.
3352 412 3487 478 3152

232 512 341 567 τῶν
365 515 621 571 τοιούτων
651 518 968 585 ἐπιϐουλαῖς
1015 521 1109 574 καὶ
1155 525 1267 587 τοῖς
1313 523 1524 577 ἐκείνου
1569 525 1804 589 πιθανοῖς

1921 543 1986 583 ου
1998 529 2248 583 rantibus
2271 526 2595 592 infestioris,
2621 525 2884 595 falsisque
2900 522 3351 594 persuasionibus
3374 541 3489 595 spe-

235 605 554 678 ὃελεάμασι,
596 612 1018 682 παρακερδαίνει
1073 630 1127 665 τι
1179 614 1276 684 τῆς
1318 616 1510 668 τούτου
1554 619 1807 689 τιμῆς,ῆ

1923 617 2061 672 ciem
2086 616 2338 672 veritatis
2362 616 2784 688 praeferentibus
2806 615 3087 680 inductus,
3117 614 3325 685 aliquid
3346 616 3495 686 justo

238 698 532 769 ζημιοῦται
566 701 768 772 μᾶλλον
797 704 1060 773 ἐσχάτως,
1088 705 1186 758 ὅσα
1225 707 1319 758 καὶ
1347 706 1525 777 ψυχῆς
1554 708 1587 777 ή
1618 707 1810 777 ζημία.

1922 710 2157 778 amplius
2199 709 2361 775 lucri,
2413 717 2510 764 aut
2538 708 2724 778 potius
2759 708 2995 762 multum
3042 706 3229 761 damni
3265 707 3414 773 fecit,
3450 706 3494 761 si

237 787 410 842 Τοῦτο
464 792 643 844 τοίνυν
696 794 724 845 ό
782 792 1005 861 Συμεὼν
1051 794 1160 847 ἀπὸ
1195 796 1469 866 μακρόθεν
1499 798 1677 865 εἰδὼς,
1706 801 1809 862 τοῖς

1922 800 2159 855 animam
2190 809 2424 871 spectes.
2449 800 2605 865 Quod
2620 815 2745 855 cum
2776 808 2998 855 sanctus
3022 799 3255 870 Symeon
3282 799 3494 853 eminus

240 877 511 948 μαθηταῖς
543 883 874 950 ἀπαγγέλλει
899 901 911 916 ’
944 881 1061 938 εἶτα
1090 888 1509 955 μεταστέλλεται
1536 890 1672 960 πρὸς
1695 890 1812 945 ἐαυ-

1924 901 2299 962 cognosceret,
2324 892 2612 962 discipulis
2630 906 2851 962 quoque
2875 890 3248 945 manifestavit
3267 906 3281 943 :
3300 888 3496 944 deinde

238 967 332 1021 τὸν
374 971 736 1027 ἐπανελθόντα
783 974 875 1027 τὸν
914 974 1163 1045 ἀδελφὸν,
1212 977 1423 1046 ἐλέγχει
1461 977 1523 1031 τὸ
1575 981 1810 1047 γεγονὸς1

1926 985 2158 1039 accersit
2187 983 2412 1038 fratrem
2446 984 2601 1038 illum
2640 983 2752 1053 jam
2782 982 3065 1047 reducem,
3095 982 3161 1037 ad
3194 997 3253 1037 se
3285 980 3498 1051 :arguit

240 1059 471 1131 ἐπιτιμᾷ
504 1061 608 1130 τῆς
635 1063 840 1134 κλοπῆς
859 1080 874 1096 ο
901 1064 1092 1120 ἔπειτα
1123 1065 1305 1135 μέντοι
1349 1067 1565 1138 δέχεται
1613 1068 1711 1139 τὴν
1738 1067 1812 1134 ἐξ·

1928 1074 2160 1141 factum,
2189 1074 2544 1144 reprehendit
2582 1074 2851 1137 fraudem,
2903 1083 3019 1129 tum
3050 1074 3257 1144 excipit
3289 1072 3500 1129 confes—

236 1150 584 1221 ομολόγησιν,
606 1153 789 1208 δίδωσι
810 1155 908 1227 τὴν
926 1155 1141 1224 ἄφεσιν,
1163 1158 1356 1225 ἐπάγει
1378 1158 1475 1230 τὴν
1501 1160 1799 1231 θεραπείαν

1924 1166 2159 1231 sionem,
2224 1166 2457 1221 remittit
2512 1176 2836 1236 peccatum,
2890 1167 3137 1222 restituit
3184 1167 3496 1222 sanitatem.

256 1242 511 1313 ’Λνῆλθόν
540 1247 683 1309 τινές
710 1263 841 1299 ποτε
882 1248 989 1300 τῶν
1028 1249 1378 1318 Ἰσραηλιτῶν
1407 1250 1549 1304 κατὰ
1584 1251 1825 1323 προσκύ-

1929 1257 2291 1313 Advenerunt
2329 1259 2625 1329 aliquando
2646 1260 2933 1315 lsmaelitae
2971 1261 3193 1330 quidam
3222 1259 3501 1315 adoraturi

240 1350 400 1401 νησιν
446 1335 540 1389 τοῦ
597 1335 782 1407 Ἀγίου
810 1358 823 1371 ·
859 1340 1056 1411 συνέϐη
1096 1342 1152 1394 δὲ
1196 1340 1295 1412 τὴν
1357 1342 1561 1396 τούτων
1604 1344 1812 1415 ἡμίονοι

1933 1361 2214 1416 sanctum;
2251 1367 2377 1407 cum
2414 1352 2636 1418 accidit,
2668 1354 2903 1407 solutam
2930 1367 3123 1406 eorum
3148 1352 3351 1407 mulam
3394 1342 3505 1422 ‘per

245 1424 628 1491 ἁπολυθεῖσαν,
663 1430 755 1482 καὶ
781 1432 919 1499 πρός
942 1447 1065 1483 τινα
1107 1431 1203 1485 τοῦ
1235 1431 1394 1502 ὅρους
1424 1435 1668 1505 κρημνὸν
1698 1436 1817 1488 ὑπο-

1932 1445 2205 1515 quoddam
2263 1446 2468 1500 montis
2523 1445 2891 1516 prwcipitium
2933 1444 3293 1507 descendere,
3340 1453 3504 1514 atque

248 1517 588 1606 καταϐᾶσαν,
615 1520 903 1589 προσδέσει
943 1521 1037 1574 τοῦ
1085 1523 1320 1592 ῥυτῆρος
1349 1525 1476 1594 περί
1508 1542 1636 1578 τινα
1668 1525 1820 1596 ὓλην,

1934 1536 2336 1591 adhaerescente
2382 1536 2539 1591 freno
2569 1536 2652 1606 (ut
2684 1535 2805 1590 ﬁeri
2841 1550 2952 1589 non
2978 1548 3103 1589 raro
3129 1542 3327 1605 sponte
3353 1548 3506 1588 asso-

244 1601 335 1679 οῖα
384 1606 531 1673 φιλεῖ
579 1607 839 1672 πολλάκις
878 1610 1202 1679 αὐτομάτως
1243 1612 1512 1679 γίνεσθαι,
1543 1615 1668 1685 τῇδε
1696 1618 1816 1668 ἀποι

1932 1627 2026 1694 let)
2072 1626 2140 1681 ad
2189 1625 2409 1681 arboris
2459 1635 2739 1692 truncum,
2786 1625 2994 1680 ibidem
3045 1625 3297 1681 retineri.
3331 1624 3504 1690 Quam

245 1697 535 1767 ληφθῆναι.
586 1699 675 1763 Ὦς
729 1699 821 1754 οῦν
868 1701 1070 1771 πολλὴν
1110 1703 1282 1773 αὐτῆς
1330 1704 1546 1773 θέμενοι
1578 1705 1817 1776 ζήτησιν1

1935 1735 2054 1773 cum
2083 1720 2331 1789 diligenti
2356 1735 2419 1775 ac
2444 1719 2703 1775 triduana
2725 1719 2894 1775 etiam
2922 1719 3283 1790 inquisitione
3315 1717 3507 1786 depre-

248 1787 384 1840 ἀλλά
420 1787 516 1840 καὶ
549 1790 629 1849 είς
656 1789 848 1860 τρίτην
880 1791 1009 1860 ἑξῆς
1031 1793 1246 1862 ἡμέραν
1267 1795 1365 1864 οὐχ
1392 1789 1494 1847 οἷοί
1516 1813 1576 1848 τε
1600 1797 1820 1864 γεγόνα-

1938 1811 2181 1865 hendere
2212 1826 2323 1865 non
2354 1820 2610 1882 possent;
2656 1811 2865 1867 adeunt
2894 1819 3168 1874 sanctum,
3210 1814 3510 1864 maerentes

251 1893 335 1930 σιν
378 1879 649 1949 ἀνευρεῖν,
697 1882 953 1951 προσίασι
990 1881 1068 1953 τῷ
1113 1883 1390 1955 Μεγάλῳ,
1434 1886 1689 1950 ἀλύοντες
1734 1889 1823 1941 καί

1936 1901 2353 1973 pendentesque
2390 1902 2609 1957 animis.
2650 1902 2700 1956 Is
2735 1910 2941 1967 autem,
2981 1901 3138 1971 quasi
3169 1901 3385 1955 videret
3414 1898 3508 1953 ubi

247 1968 346 2033 τάς
392 1969 569 2073 ψυχάς
616 1973 821 2045 σφόδρα
864 1973 1297 2045 διαπονούμενοι.
1365 1977 1425 2029 '0
1470 1977 1546 2042 δὲ,
1576 1978 1819 2049 καθάπερ

1939 1968 2153 2061 alligata
2181 1968 2327 2047 esset
2351 1994 2522 2059 mula,
2556 1994 2764 2049 vocatis
2793 1968 3016 2049 duobus
3029 1992 3316 2065 discipulis
3341 1992 3511 2060 impe—

247 2061 392 2132 ὁρῶν
428 2056 499 2115 ὀἵ
517 2064 840 2132 προσδέδετο
875 2065 1038 2137 αῦτη,
1072 2067 1307 2132 καλέσας
1354 2067 1448 2122 δύο
1494 2069 1604 2123 τῶν
1651 2071 1819 2142 μαθη-

1938 2083 2097 2147 ravit,
2124 2098 2191 2137 eo
2223 2095 2283 2137 ut
2320 2084 2741 2150 contenderent,
2780 2085 3133 2153 solutumque
3173 2082 3377 2137 animal
3410 2079 3510 2135 do-

251 2152 383 2219 τῶν,
440 2154 694 2210 ἐκέλευσε
760 2159 878 2210 ἐκεῖ
924 2159 1272 2229 γενομένους,
1314 2162 1410 2215 καὶ
1462 2163 1561 2232 τὴν
1607 2162 1823 2233 ἡμίονον

1938 2173 2104 2227 minis
2137 2174 2493 2229 restituerent
2535 2174 2834 2230 incolume.
2868 2173 3025 2241 Quod
3044 2152 3129 2230 ita
3170 2173 3374 2229 factum
3407 2181 3509 2228 est.

252 2244 517 2309 λύσαντας
569 2248 956 2304 ἀνασώσασθαι
997 2252 1110 2314 τοῖς
1158 2251 1465 2317 δεσπόταις.
1516 2254 1692 2326 Ὅπερ
1739 2249 1824 2308 οὖν

1939 2266 2020 2321 llli
2059 2277 2241 2322 autem
2273 2283 2399 2322 eum
2443 2274 2664 2336 recepta
2690 2268 2838 2322 mula
2892 2267 2960 2321 ad
2994 2283 3094 2323 sua
3126 2266 3339 2322 reversi
3361 2273 3511 2331 sunt,

252 2335 424 2433 ταύτῃ
450 2338 580 2433 ,καὶ
640 2340 883 2409 γεγονὸς,
952 2341 1320 2406 ἀπολαϐόντες
1376 2345 1547 2415 αὐτὴν
1612 2347 1824 2412 ἐκείνοι¹

1939 2359 2323 2433 prodigiosum.
2349 2360 2505 2418 illum
2541 2335 2663 2417 esse
2699 2360 2979 2417 hominem
3024 2358 3404 2433 praedicantes.

255 2424 391 2494 πρὸς
411 2425 509 2498 τὴν
533 2429 745 2483 ἑαυτῶν
770 2430 1101 2503 ἐπανῄεσαν,
1127 2432 1316 2503 θαῦμα
1342 2434 1434 2488 τὸν
1460 2435 1629 2507 ἄνδρα
1651 2435 1829 2495 ποιούς
1940 2424 1959 2432 -
2106 2424 2139 2433 ν’
3025 2424 3045 2431 —
3067 2431 3073 2436 “

256 2533 426 2587 μενοι.

1574 2640 1575 2645 Ν
1673 2665 1897 2725 CAPUT
1935 2666 2124 2724 xxrv.

1342 2775 1503 2834 Varia
1535 2781 1785 2850 prwvidet
1822 2800 1884 2837 ac
1932 2784 2172 2854 pradicit
2206 2782 2455 2854 Symeon.

331 2883 476 2954 put".
506 2885 869 2955 Σχολαστικός
900 2906 1005 2956 τις,
1036 2888 1210 2963 ὄνομα
1256 2890 1532 2964 Ἰωάννης,
1573 2895 1714 2966 ἀνὴρ
1753 2895 1844 2948 εὐ-

2015 2897 2140 2953 187.
2177 2896 2493 2953 Advocatus
2547 2894 2796 2966 quidam,
2862 2894 3102 2951 Idannes
3147 2900 3519 2965 nuncupatus,

261 2976 447 3048 σεϐὴς,
490 2976 584 3030 καὶ
614 2980 681 3049 τῇ
724 2979 818 3049 τῆς
869 2979 1014 3051 ζωῆς
1042 2984 1191 3053 πηγῇ
1230 2981 1309 3053 τῷ
1334 2983 1429 3037 τοῦ
1461 2983 1600 3037 Θεοῦ
1638 2984 1833 3057 δηλαδὴ

1949 2987 2029 3043 vir
2056 2987 2202 3057 pius,
2229 2994 2286 3043 et
2313 2985 2465 3041 fonte
2503 2985 2649 3052 vitae,
2682 2985 2779 3039 Dei
2818 2984 3030 3039 scilicet
3064 2982 3282 3049 timore,
3327 2981 3521 3037 admo-

262 3066 411 3137 φόϐῳ
435 3067 677 3137 τρυφῶν,
713 3068 777 3123 ἐκ
819 3087 964 3134 τινος
998 3072 1097 3140 μὲν
1123 3071 1447 3144 ὁρμώμενος
1484 3072 1700 3144 κώμης,
1732 3074 1834 3128 τῶν

1953 3078 2077 3133 dum
2104 3078 2440 3143 delectatus;
2473 3094 2541 3132 ex
2576 3090 2716 3147 pago
2741 3075 2988 3146 quidem,
3014 3075 3139 3130 urbi
3170 3074 3525 3129 Antiochense

262 3156 366 3209 ὑπὸ
398 3156 498 3228 τὴν
530 3158 805 3228 ’Δντιόχου
833 3162 1125 3230 κειμένων,
1154 3164 1277 3218 κατ’
1306 3163 1478 3236 αὐτὴν
1502 3163 1560 3218 δὲ
1587 3164 1834 3234 τηνικαῦ-

1951 3171 2219 3242 subjecto,
2251 3168 2550 3233 oriundus,
2585 3177 2718 3223 tunc
2749 3182 2883 3223 vero
2936 3166 2994 3220 in
3048 3166 3166 3236 ipsa
3203 3165 3341 3221 urbe
3373 3180 3523 3220 com-

263 3264 330 3303 τα
352 3249 452 3320 τὴν
486 3249 642 3303 πόλιν
674 3251 898 3319 διάγων,
924 3254 1077 3323 παρὰ
1104 3255 1195 3308 τὸν
1221 3255 1449 3327 Συμεὼν
1477 3256 1737 3324 ἀνελθὼν,
1775 3258 1835 3311 τό

1952 3275 2192 3323 morans,
2231 3260 2301 3315 ad
2335 3269 2588 3315 sanctum
2619 3257 2794 3323 venit,
2834 3272 2962 3312 cum
2997 3272 3179 3326 eoque
3212 3252 3524 3311 communi-

1870 3301 1917 3362 (Ξ

263 3340 385 3395 καθ’
414 3342 603 3395 ἑαυτὸν
650 3344 957 3398 ἐκοινοῦτο·
1002 3346 1079 3409 ὡς
1126 3346 1234 3416 ἄρα
1283 3347 1469 3418 μέλλοι
1514 3350 1774 3418 Δομνῖνος
1817 3353 1835 3402 ί

1952 3352 2095 3408 cavit
2132 3351 2384 3422 quaedam
2434 3350 2505 3405 ad
2550 3365 2611 3405 se
2659 3348 2964 3420 spectantia
3010 3365 3025 3403 :
3089 3360 3288 3417 nempe
3336 3355 3524 3401 utrum

263 3432 557 3504 ἱερώτατος
597 3435 939 3507 πατριάρχης
968 3439 1134 3491 αὑτὸν
1165 3437 1268 3506 τῆς
1307 3436 1420 3493 τῶν
1454 3438 1835 3510 πρεσϐυτέρων

1955 3444 2127 3514 ipsum
2177 3443 2557 3498 sanctissimus
2615 3440 2928 3512 patriarcha
2983 3439 3289 3495 Domninus
3354 3438 3527 3493 sacris

265 3523 495 3589 ἀξιῶσαι
537 3527 889 3598 χειροτονίας,
938 3528 1033 3582 καὶ
1076 3530 1227 3599 παρά
1272 3530 1373 3599 τὴν
1411 3530 1660 3601 βασιλίδα
1693 3531 1837 3584 πόλιν

1956 3533 2401 3605 presbyterorum
2450 3532 2743 3586 ordinibus
2783 3530 3130 3601 dignaturus,
3166 3535 3224 3583 et
3270 3543 3528 3598 quarum-

266 3613 408 3666 κατὰ
441 3614 505 3684 δή
531 3631 653 3667 τινα
676 3616 864 3687 χρείαν
889 3616 999 3670 τῶν
1023 3618 1340 3687 ἀναγκαίων
1366 3619 1670 3690 ἐκπέμψαι,
1697 3620 1838 3674 ιιάῦειι⁴

1956 3623 2075 3679 dam
2110 3622 2293 3692 magni
2335 3620 2601 3676 momenti
2636 3635 2821 3675 rerum
2861 3618 3327 3689 expediendarum
3364 3632 3528 3673 causa

268 3702 441 3773 Ιλεγε,
478 3704 614 3758 καὶό
636 3724 688 3760 τι
729 3706 792 3761 τὸ
819 3706 941 3779 Θεῷ
968 3708 1158 3763 δοκοῦν
1187 3709 1307 3781 ᾔτει
1338 3711 1553 3782 μαθεῖν.
1593 3710 1652 3764 Ὁ
1683 3711 1742 3764 δὲ
1774 3709 1840 3782 τῷ

1959 3713 2011 3768 in
2044 3714 2250 3784 regiam
2274 3711 2470 3767 urbem
2494 3711 2765 3767 missurus
2790 3719 2957 3767 esset.
2980 3709 3077 3764 His
3096 3708 3379 3779 expositis,
3405 3724 3531 3764 ave-

280 3796 552 3866 πνεύματι
586 3798 923 3864 πεποιθότως
950 3799 1256 3867 ὑπολαϐὼν,
1283 3801 1312 3854 δ
1343 3804 1439 3855 καὶ
1465 3802 1604 3871 δῆλα
1631 3804 1742 3866 τοῖς
1762 3802 1852 3854 αύ-

1961 3804 2068 3870 bat,
2104 3820 2229 3874 quae
2277 3804 2377 3859 Dei
2425 3803 2684 3859 voluntas
2713 3811 2882 3868 esset,
2922 3801 3245 3874 intelligere.
3297 3800 3533 3858 Sanctus

268 3887 361 3940 τοῦ
402 3885 700 3957 ὀφθαλμοῖς
729 3890 960 3961 καθίστη
990 3891 1060 3945 τὰ
1092 3889 1435 3962 ἔμπροσθεν,
1475 3891 1689 3954 Ἄπιθι,
1723 3892 1840 3962 ἐφη·

1960 3896 2022 3951 ad
2038 3895 2159 3950 haec
2185 3894 2372 3949 animo
2396 3893 2718 3960 confidenti,
2740 3910 2848 3948 non
2867 3908 3028 3949 secus
3044 3909 3108 3948 ac
3124 3893 3169 3947 si
3197 3908 3384 3948 coram
3406 3902 3532 3947 ante

269 3978 581 4047 ἀφιέρωσαι
635 3980 744 4051 γάρ
780 3981 884 4052 ῆδη
929 3983 1008 4052 τῷ
1069 3981 1261 4055 ὕψηλῷ
1299 3983 1453 4054 παρά
1491 3982 1628 4036 Θεοῦ
1680 3982 1841 4054 θρόνα

1982 3985 2148 4053 ιουιος
2172 3985 2357 4038 omnia
2407 3984 2645 4039 fuissent
2703 3984 2902 4055 posita,
2964 3983 3306 4052 reSpondens
3360 3973 3554 4046 :Abi,'

270 4069 370 4138 τῆς
394 4069 1397 4144 ΚωνσταντινουπολιτῶνἘκκλησίας,
1432 4073 1461 4127 ὃ
1490 4075 1643 4144 παρά
1673 4073 1842 4144 σαυτῷ

1965 4058 2166 4146 inquit;
2193 4077 2321 4147 .jam
2359 4091 2510 4131 nunc
2548 4076 2697 4130 enim
2745 4083 3101 4129 consecratus
3128 4091 3159 4129 a
3206 4071 3319 4129 Deo
3347 4089 3430 4133 es.
3474 4082 3537 4127 ut

269 4159 474 4214 κείσθω
534 4161 701 4233 μόνῳ,
761 4162 921 4231 ἄχρις
978 4161 1045 4215 ἂν
1107 4164 1204 4218 καὶ
1257 4166 1373 4228 τοῖς
1428 4164 1608 4228 ἄλλοις
1659 4166 1724 4218 ἐκ
1759 4165 1841 4218 τοῐ

1964 4170 2021 4225 in
2078 4183 2297 4224 summo
2336 4167 2597 4224 Ecclesiae
2654 4166 3278 4236 Constantinopolitanae
3336 4167 3536 4220 throno

270 4251 461 4317 τέλους
516 4252 791 4322 γνώριμον
838 4254 1104 4323 γένηται·
1156 4250 1274 4309 εἷτα
1321 4256 1418 4310 καὶ
1460 4257 1645 4310 ὁποῖον
1696 4256 1842 4310 αὐτοι

1964 4259 2295 4330 ρταιεὶόοοες
2324 4258 2471 4329 quod
2500 4256 2666 4311 velim
2695 4256 2795 4310 tibi
2816 4256 2916 4310 soli
2945 4256 3107 4321 scias,
3128 4254 3308 4310 donec
3333 4250 3536 4310 eventu

272 4340 412 4399 εῐναι
435 4345 553 4399 δέον
586 4344 838 4417 παρῄνει.
872 4347 963 4400 καὶ
996 4346 1099 4401 ὅσα
1141 4345 1382 4417 τοσούτῳ
1420 4346 1693 4417 ἀξιώματι
1726 4346 1844 4417 πρέ-

1965 4350 2081 4420 ipso
2136 4349 2447 4404 innotescat
2495 4348 2636 4403 aliis.
2714 4346 2924 4401 Deinde
2993 4345 3254 4401 monebat
3317 4359 3537 4414 quoque

274 4455 449 4494 ποντα
478 4439 587 4510 είη.
1962 4449 2167 4510 quanta
2205 4439 2299 4493 illa
2337 4438 2576 4510 dignitas
2626 4445 2794 4500 esset,
2840 4451 2907 4491 ac
2956 4435 3146 4506 quales
3196 4450 3317 4489 eam
3358 4449 3541 4488 mores

1962 4532 2240 4587 decorent.

351 4617 498 4689 ρπη⁸.
545 4617 604 4673 '0
649 4618 708 4672 δὲ
759 4617 931 4690 ταύτῃ
999 4617 1090 4673 τὸν
1151 4619 1344 4688 Ἀγιον
1417 4618 1847 4687 συγκαταϐάντα
1890 4635 1923 4689 ι]

2036 4619 2160 4675 188.
2213 4620 2473 4682 Joannes,
2538 4615 2946 4681 animadverso,
2998 4628 3164 4685 quam
3223 4613 3438 4668 facilem
3486 4613 3537 4666 in

282 4707 427 4774 ίδὼν,
484 4709 578 4763 καὶ
636 4709 784 4772 ὅστις
835 4709 1200 4781 Ἰουστινιανῷ
1247 4709 1494 4780 διάδοχος
1549 4709 1702 4762 ἔσται
1757 4712 1854 4778 τῆς

1971 4718 2091 4764 vota
2114 4724 2213 4763 sua
2237 4709 2524 4764 habuisset
2546 4717 2818 4773 sanctum,
2842 4708 3068 4778 rogabat
3092 4722 3279 4778 porro,
3302 4715 3362 4761 ut
3382 4706 3543 4777 signi-

282 4801 563 4872 βασιλείας
615 4796 822 4872 (οὗτος
872 4803 986 4874 γὰρ
1056 4802 1128 4856 τά
1207 4803 1500 4873 Ῥωμαίων
1557 4801 1854 4873 τηνικαῦτα

1971 4802 2157 4857 ficaret
2190 4800 2317 4870 quis
2354 4799 2673 4856 Iustiniano
2723 4814 3015 4855 successor
3048 4800 3104 4853 in
3136 4798 3366 4867 imperio
3395 4797 3543 4852 futu-

283 4894 538 4966 σκῆπτρα
584 4894 855 4961 διεῖπεν),
892 4896 1045 4967 ἠξίου
1102 4894 1321 4966 μαθεῖν.
1356 4896 1465 4949 Καὶ
1493 4894 1576 4962 ὃς,
1613 4894 1855 4965 φυλακὴν

1970 4910 2065 4949 rus
2090 4901 2239 4949 esset
2272 4911 2285 4947 :
2320 4893 2411 4947 ille
2443 4893 2592 4947 enim
2629 4901 2761 4947 tunc
2813 4891 3206 4946 moderabatur
3250 4891 3542 4961 imperium

283 4987 432 5061 αὑτῷ
470 4986 563 5039 τοῦ
600 4987 899 5058 μυστηρίου
930 4989 1198 5061 πρότερον
1227 4987 1429 5052 ἱκανῶς
1463 4987 1855 5058 παραγγείλας,

1972 4987 2300 5042 Romanum.
2333 4984 2437 5041 Cui
2466 4994 2714 5050 sanctus,
2747 4984 2958 5040 indicto
3003 4984 3159 5054 prius
3211 4998 3427 5038 arcanae
3465 4983 3544 5038 rei

256 5057 600 5143 /‘Iouorivo;,
634 5078 757 5149 ἔφη.
794 5080 849 5131 Ὀ
879 5057 984 5149 μὲν
1010 5057 1283 5149 οῢννπαρὰ
1320 5078 1416 5132 τοῦ
1452 5057 1598 5132 θείου
1639 5076 1828 5149 Συμεὼ

1971 5079 2226 5135 silentio:
2255 5077 2526 5141 Justinus,
2560 5077 2757 5147 inquit.
2788 5076 2948 5132 Hisce
3004 5076 3174 5146 igitur
3226 5074 3543 5139 intellectis,

281 5169 459 5223 ταῦτα
491 5167 699 5239 μαθὼν,
730 5170 824 5223 καὶ
876 5172 996 5232 ταῖς
1052 5167 1218 5223 αὑτοῦ
1281 5169 1468 5240 εὐχαῖς
1524 5168 1853 5237 ἐφοδιασθεὶς

1976 5169 2256 5239 sanctique
2316 5167 2575 5237 precibus
2603 5166 2762 5236 quasi
2810 5166 3014 5220 viatico
3052 5167 3193 5219 bene
3246 5165 3548 5218 instructus

283 5257 756 5330 ἢκαθοπλισθεὶς,
785 5260 1040 5330 ἀσμένως
1075 5277 1135 5312 τε
1182 5260 1282 5330 τὴν
1336 5259 1429 5314 τοῦ
1490 5259 1855 5330 πρεσϐυτέρου

1976 5270 2137 5330 atque
2166 5267 2438 5324 armatus,
2472 5259 2685 5314 lubenti
2715 5258 2903 5312 animo
2955 5258 3248 5329 presbyter
3296 5257 3548 5310 initiatus

285 5352 624 5422 χειροτονίαν
676 5351 1010 5422 δεξάμενος,
1069 5351 1339 5423 προθύμῳ
1384 5352 1509 5405 ποδὶ
1558 5351 1709 5421 παρά
1767 5353 1857 5423 τὴι

1974 5361 2084 5418 est,
2117 5361 2175 5407 et
2209 5350 2349 5420 pede
2378 5349 2546 5404 alacri
2598 5349 2665 5403 ad
2712 5349 2920 5419 regiam
2944 5350 3145 5405 urbem
3198 5365 3256 5403 se
3291 5347 3546 5402 contulit.

288 5443 540 5514 βασιλίδα
559 5442 715 5497 πόλιν
742 5441 963 5515 ἐχώρει.
1016 5445 1105 5497 Ἐν
1130 5443 1267 5514 αὐτῇ
1300 5443 1358 5497 δὲ
1387 5443 1692 5513 γενομένῳ,
1726 5446 1860 5513 πρὸς

1977 5445 2073 5500 Hic
2106 5458 2232 5499 cum
2258 5449 2427 5506 esset,
2468 5441 2708 5496 habebat
2756 5442 2980 5511 quidem
3016 5439 3279 5495 omnibus
3332 5439 3549 5494 occulta

290 5536 391 5608 μὲν
417 5536 546 5597 τοὺς
565 5534 759 5597 ἄλλους
784 5517 1074 5605 ἀπόρρητα
1101 5531 1169 5605 ἦν
1199 5533 1343 5605 άπερ
1368 5534 1397 5585 ὁ
1425 5533 1521 5587 τοῦ
1550 5532 1684 5587 Θεοῦ
1710 5534 1862 5607 θερά-

1976 5535 2257 5598 vaticinia,
2287 5529 2397 5588 silﬁ
2422 5548 2452 5587 a
2484 5533 2693 5587 famulo
2727 5533 2823 5587 Dei
2857 5533 3129 5604 Symeone
3174 5529 3432 5593 reddita;
3461 5545 3548 5582 sa-

289 5642 409 5679 πων
472 5623 696 5694 Συμεὼν
753 5625 1101 5695 προειρήκει,
1135 5623 1273 5695 πρὸς
1334 5623 1392 5676 δὲ
1434 5624 1527 5678 τὸν
1588 5623 1861 5679 Ἰουστίνον

1979 5624 2199 5696 tagebat
2226 5632 2409 5678 autem
2443 5623 2694 5680 studiose
2725 5624 2955 5694 (quanta
2998 5622 3056 5676 in
3084 5619 3342 5675 humanis
3398 5634 3551 5672 men-

288 5711 402 5786 (οἷα
427 5715 498 5768 τά
525 5717 623 5785 τῆς
652 5714 1002 5785 ἀνθρωπίνης
1035 5714 1402 5785 μικροψυχίας
1442 5714 1476 5785 ἢ
1499 5715 1786 5785 φιλαυτίας
1808 5717 1860 5787 l),

1975 5715 2124 5770 tibus
2149 5721 2246 5769 aut
2277 5712 2725 5783 pusillanimitas,
2758 5722 2855 5768 aut
2875 5727 2972 5767 sua
3010 5708 3547 5780 promovendicupi-

291 5805 362 5863 ἶν’
391 5805 610 5860 εὔνοιαν
654 5806 836 5875 ἑαυτῷ
867 5806 999 5874 παρ’
1032 5807 1244 5861 ἐκείνου
1280 5808 1499 5871 πάντως
1535 5807 1863 5881 μνηστεύση-

1978 5806 2335 5877 dilasinestl)
2367 5814 2427 5859 ut
2477 5806 2531 5860 in
2591 5805 2845 5861 notitiam
2915 5802 3115 5860 Justini
3152 5800 3381 5856 veniens
3431 5801 3550 5869 eius
