  <div class='ocr_page' id='page_1' title='image "/cluster/home/n/w/nwhite01/storage/ocr_20150623/86 pt.2/mdp.39015008855424/707.png"; bbox 0 0 3980 6296; ppageno 0'>
   <div class='ocr_carea' id='block_1_1' title="bbox 538 421 2118 494">
    <p class='ocr_par' dir='ltr' id='par_1_1' title="bbox 538 421 2118 494">
     <span class='ocr_line' id='line_1_1' title="bbox 538 421 2118 494; baseline 0.006 -9"><span class='ocrx_word' id='word_1_1' title='bbox 538 421 680 485; x_wconf 80' lang='grc'><strong>3159</strong></span> <span class='ocrx_word' id='word_1_2' title='bbox 1570 433 1579 443; x_wconf 90' lang='grc'><em>’</em></span> <span class='ocrx_word' id='word_1_3' title='bbox 1746 434 1809 494; x_wconf 89' lang='lat' dir='ltr'><strong>S.</strong></span> <span class='ocrx_word' id='word_1_4' title='bbox 1850 436 2118 494; x_wconf 68' lang='lat' dir='ltr'><strong>SYMEOF</strong></span> 
     </span>
    </p>
   </div>
   <div class='ocr_carea' id='block_1_2' title="bbox 2225 421 3812 494">
    <p class='ocr_par' dir='ltr' id='par_1_2' title="bbox 2260 426 3812 494">
     <span class='ocr_line' id='line_1_2' title="bbox 2260 426 3812 494; baseline 0 0"><span class='ocrx_word' id='word_1_5' title='bbox 2260 437 2401 494; x_wconf 84' lang='lat' dir='ltr'><strong>JUN</strong></span> <span class='ocrx_word' id='word_1_6' title='bbox 2413 438 2619 494; x_wconf 84' lang='lat' dir='ltr'><strong>[ORlS</strong></span> <span class='ocrx_word' id='word_1_7' title='bbox 3702 426 3812 494; x_wconf 62' lang='lat'><strong>31$</strong></span> 
     </span>
    </p>
   </div>
   <div class='ocr_carea' id='block_1_3' title="bbox 540 531 2118 619">
    <p class='ocr_par' dir='ltr' id='par_1_3' title="bbox 540 531 2103 614">
     <span class='ocr_line' id='line_1_3' title="bbox 540 531 2103 614; baseline 0.01 -29"><span class='ocrx_word' id='word_1_8' title='bbox 540 531 983 590; x_wconf 76' lang='lat' dir='ltr'><strong>benevolentiam</strong></span> <span class='ocrx_word' id='word_1_9' title='bbox 1003 537 1108 592; x_wconf 87' lang='lat' dir='ltr'><strong>sibi</strong></span> <span class='ocrx_word' id='word_1_10' title='bbox 1129 549 1508 608; x_wconf 79' lang='lat' dir='ltr'><strong>compararet:</strong></span> <span class='ocrx_word' id='word_1_11' title='bbox 1539 557 1777 612; x_wconf 86' lang='lat' dir='ltr'><strong>cumque</strong></span> <span class='ocrx_word' id='word_1_12' title='bbox 1808 542 2103 614; x_wconf 88' lang='lat' dir='ltr'><strong>aliquando</strong></span> 
     </span>
    </p>
   </div>
   <div class='ocr_carea' id='block_1_4' title="bbox 2225 531 3815 619">
    <p class='ocr_par' dir='ltr' id='par_1_4' title="bbox 2225 541 3815 619">
     <span class='ocr_line' id='line_1_4' title="bbox 2225 541 3815 619; baseline -0.004 -20"><span class='ocrx_word' id='word_1_13' title='bbox 2225 565 2313 609; x_wconf 79' lang='grc' dir='ltr'>ται,</span> <span class='ocrx_word' id='word_1_14' title='bbox 2342 549 2576 619; x_wconf 83' lang='grc' dir='ltr'>σπουδὴν</span> <span class='ocrx_word' id='word_1_15' title='bbox 2627 549 2778 602; x_wconf 77' lang='grc' dir='ltr'>ἔθετο</span> <span class='ocrx_word' id='word_1_16' title='bbox 2826 545 3237 617; x_wconf 84' lang='grc' dir='ltr'>γνωρισθῆναι,</span> <span class='ocrx_word' id='word_1_17' title='bbox 3284 547 3400 598; x_wconf 77' lang='grc' dir='ltr'>καὶ</span> <span class='ocrx_word' id='word_1_18' title='bbox 3462 541 3646 612; x_wconf 75' lang='grc' dir='ltr'>μόνος</span> <span class='ocrx_word' id='word_1_19' title='bbox 3695 544 3815 610; x_wconf 61' lang='grc' dir='ltr'>μόνῃ</span> 
     </span>
    </p>
   </div>
   <div class='ocr_carea' id='block_1_5' title="bbox 539 631 2118 710">
    <p class='ocr_par' dir='ltr' id='par_1_5' title="bbox 539 631 2098 706">
     <span class='ocr_line' id='line_1_5' title="bbox 539 631 2098 706; baseline 0.007 -22"><span class='ocrx_word' id='word_1_20' title='bbox 539 631 688 686; x_wconf 87' lang='lat' dir='ltr'><strong>solus</strong></span> <span class='ocrx_word' id='word_1_21' title='bbox 719 648 844 686; x_wconf 92' lang='lat' dir='ltr'><strong>eum</strong></span> <span class='ocrx_word' id='word_1_22' title='bbox 876 635 994 688; x_wconf 93' lang='lat' dir='ltr'><strong>solo</strong></span> <span class='ocrx_word' id='word_1_23' title='bbox 1027 645 1236 705; x_wconf 87' lang='lat' dir='ltr'><strong>ageret,</strong></span> <span class='ocrx_word' id='word_1_24' title='bbox 1265 638 1642 706; x_wconf 67' lang='lat' dir='ltr'><strong>praailictionis</strong></span> <span class='ocrx_word' id='word_1_25' title='bbox 1698 655 1897 694; x_wconf 87' lang='lat' dir='ltr'><strong>arcana</strong></span> <span class='ocrx_word' id='word_1_26' title='bbox 1920 641 1976 694; x_wconf 91' lang='lat' dir='ltr'><strong>ei</strong></span> <span class='ocrx_word' id='word_1_27' title='bbox 1999 640 2098 694; x_wconf 91' lang='lat' dir='ltr'><strong>de-</strong></span> 
     </span>
    </p>
   </div>
   <div class='ocr_carea' id='block_1_6' title="bbox 2225 631 3819 710">
    <p class='ocr_par' dir='ltr' id='par_1_6' title="bbox 2225 632 3819 710">
     <span class='ocr_line' id='line_1_6' title="bbox 2225 632 3819 710; baseline -0.004 -20"><span class='ocrx_word' id='word_1_28' title='bbox 2225 638 2544 707; x_wconf 64' lang='grc' dir='ltr'>τυγγεγονὼς</span> <span class='ocrx_word' id='word_1_29' title='bbox 2584 639 2653 692; x_wconf 82' lang='grc' dir='ltr'>τὰ</span> <span class='ocrx_word' id='word_1_30' title='bbox 2701 639 2800 707; x_wconf 87' lang='grc' dir='ltr'><strong>τῆς</strong></span> <span class='ocrx_word' id='word_1_31' title='bbox 2843 638 3206 710; x_wconf 65' lang='grc' dir='ltr'>προρρήσεως</span> <span class='ocrx_word' id='word_1_32' title='bbox 3248 633 3710 690; x_wconf 65' lang='grc' dir='ltr'>ἀποκαλύπτει.</span> <span class='ocrx_word' id='word_1_33' title='bbox 3747 632 3819 694; x_wconf 71' lang='grc' dir='ltr'>Ἐξ</span> 
     </span>
    </p>
   </div>
   <div class='ocr_carea' id='block_1_7' title="bbox 541 719 2118 799">
    <p class='ocr_par' dir='ltr' id='par_1_7' title="bbox 541 721 2100 794">
     <span class='ocr_line' id='line_1_7' title="bbox 541 721 2100 794; baseline 0.009 -23"><span class='ocrx_word' id='word_1_34' title='bbox 541 721 877 787; x_wconf 80' lang='lat' dir='ltr'><strong>texit;etex</strong></span> <span class='ocrx_word' id='word_1_35' title='bbox 908 723 1003 778; x_wconf 92' lang='lat' dir='ltr'><strong>illo</strong></span> <span class='ocrx_word' id='word_1_36' title='bbox 1055 738 1302 794; x_wconf 88' lang='lat' dir='ltr'><strong>tempore</strong></span> <span class='ocrx_word' id='word_1_37' title='bbox 1363 727 1508 782; x_wconf 86' lang='lat' dir='ltr'><strong>inter</strong></span> <span class='ocrx_word' id='word_1_38' title='bbox 1555 727 1855 784; x_wconf 80' lang='lat' dir='ltr'><strong>familiares</strong></span> <span class='ocrx_word' id='word_1_39' title='bbox 1898 730 2100 786; x_wconf 89' lang='lat' dir='ltr'><strong>Justini</strong></span> 
     </span>
    </p>
   </div>
   <div class='ocr_carea' id='block_1_8' title="bbox 2225 719 3817 799">
    <p class='ocr_par' dir='ltr' id='par_1_8' title="bbox 2234 719 3817 799">
     <span class='ocr_line' id='line_1_8' title="bbox 2234 719 3817 799; baseline -0.006 -15"><span class='ocrx_word' id='word_1_40' title='bbox 2234 733 2413 784; x_wconf 81' lang='grc' dir='ltr'><strong>κείνου</strong></span> <span class='ocrx_word' id='word_1_41' title='bbox 2463 731 2662 795; x_wconf 84' lang='grc' dir='ltr'>τοίνυν,</span> <span class='ocrx_word' id='word_1_42' title='bbox 2695 733 2724 782; x_wconf 86' lang='grc' dir='ltr'>ὁ</span> <span class='ocrx_word' id='word_1_43' title='bbox 2759 731 2857 798; x_wconf 83' lang='grc' dir='ltr'>μὲν</span> <span class='ocrx_word' id='word_1_44' title='bbox 2900 730 3170 799; x_wconf 87' lang='grc' dir='ltr'>Ἰουστίνῳ</span> <span class='ocrx_word' id='word_1_45' title='bbox 3205 728 3556 798; x_wconf 74' lang='grc' dir='ltr'>φιλιωθεὶς,</span> <span class='ocrx_word' id='word_1_46' title='bbox 3599 719 3694 776; x_wconf 73' lang='grc' dir='ltr'>οἷα</span> <span class='ocrx_word' id='word_1_47' title='bbox 3741 725 3817 774; x_wconf 68' lang='grc' dir='ltr'>καὶ</span> 
     </span>
    </p>
   </div>
   <div class='ocr_carea' id='block_1_9' title="bbox 543 815 2118 892">
    <p class='ocr_par' dir='ltr' id='par_1_9' title="bbox 543 815 2101 889">
     <span class='ocr_line' id='line_1_9' title="bbox 543 815 2101 889; baseline 0.009 -28"><span class='ocrx_word' id='word_1_48' title='bbox 543 821 884 878; x_wconf 80' lang='lat' dir='ltr'><strong>numeratus,</strong></span> <span class='ocrx_word' id='word_1_49' title='bbox 934 823 1125 884; x_wconf 84' lang='lat' dir='ltr'><strong>utpote</strong></span> <span class='ocrx_word' id='word_1_50' title='bbox 1178 815 1276 884; x_wconf 73' lang='lat' dir='ltr'><strong>qui”</strong></span> <span class='ocrx_word' id='word_1_51' title='bbox 1334 818 1593 871; x_wconf 91' lang='lat' dir='ltr'><strong>nuntium</strong></span> <span class='ocrx_word' id='word_1_52' title='bbox 1638 835 1762 873; x_wconf 93' lang='lat' dir='ltr'><strong>eum</strong></span> <span class='ocrx_word' id='word_1_53' title='bbox 1821 821 2101 889; x_wconf 85' lang='lat' dir='ltr'><strong>voluptate</strong></span> 
     </span>
    </p>
   </div>
   <div class='ocr_carea' id='block_1_10' title="bbox 2225 815 3822 892">
    <p class='ocr_par' dir='ltr' id='par_1_10' title="bbox 2225 816 3822 892">
     <span class='ocr_line' id='line_1_10' title="bbox 2225 816 3822 892; baseline -0.004 -18"><span class='ocrx_word' id='word_1_54' title='bbox 2225 825 2269 876; x_wconf 70' lang='grc' dir='ltr'><strong>ῖά</strong></span> <span class='ocrx_word' id='word_1_55' title='bbox 2324 823 2460 892; x_wconf 76' lang='grc' dir='ltr'>πρὸς</span> <span class='ocrx_word' id='word_1_56' title='bbox 2512 824 2705 892; x_wconf 78' lang='grc' dir='ltr'>ἡδονὴν</span> <span class='ocrx_word' id='word_1_57' title='bbox 2751 821 3293 888; x_wconf 82' lang='grc' dir='ltr'>εὐαγγελισάμενος,</span> <span class='ocrx_word' id='word_1_58' title='bbox 3333 819 3490 888; x_wconf 83' lang='grc' dir='ltr'>παρ’</span> <span class='ocrx_word' id='word_1_59' title='bbox 3558 816 3720 884; x_wconf 78' lang='grc' dir='ltr'>αὐτῷ</span> <span class='ocrx_word' id='word_1_60' title='bbox 3768 817 3822 868; x_wconf 72' lang='grc' dir='ltr'>τὰ</span> 
     </span>
    </p>
   </div>
   <div class='ocr_carea' id='block_1_11' title="bbox 1746 434 2619 499">
    <p class='ocr_par' dir='ltr' id='par_1_11' title="bbox 1746 434 2619 499">
     <span class='ocr_line' id='line_1_11' title="bbox 1746 434 2619 499; baseline 0.005 -4"><span class='ocrx_word' id='word_1_61' title='bbox 1746 434 1809 496; x_wconf 88' lang='lat' dir='ltr'><strong>S.</strong></span> <span class='ocrx_word' id='word_1_62' title='bbox 1850 436 2225 498; x_wconf 82' lang='lat' dir='ltr'><strong>SYMEONIS</strong></span> <span class='ocrx_word' id='word_1_63' title='bbox 2260 437 2619 499; x_wconf 76' lang='lat' dir='ltr'><strong>JUNIORIS</strong></span> 
     </span>
    </p>
   </div>
   <div class='ocr_carea' id='block_1_12' title="bbox 539 903 2118 984">
    <p class='ocr_par' dir='ltr' id='par_1_12' title="bbox 539 903 2105 979">
     <span class='ocr_line' id='line_1_12' title="bbox 539 903 2105 979; baseline 0.007 -24"><span class='ocrx_word' id='word_1_64' title='bbox 539 903 895 973; x_wconf 87' lang='lat' dir='ltr'><strong>conjunctum</strong></span> <span class='ocrx_word' id='word_1_65' title='bbox 915 906 1209 972; x_wconf 88' lang='lat' dir='ltr'><strong>attulisset,</strong></span> <span class='ocrx_word' id='word_1_66' title='bbox 1230 906 1477 977; x_wconf 87' lang='lat' dir='ltr'><strong>ejusdem</strong></span> <span class='ocrx_word' id='word_1_67' title='bbox 1505 919 1564 963; x_wconf 89' lang='lat' dir='ltr'><strong>ut</strong></span> <span class='ocrx_word' id='word_1_68' title='bbox 1595 911 1892 979; x_wconf 87' lang='lat' dir='ltr'><strong>plurimum</strong></span> <span class='ocrx_word' id='word_1_69' title='bbox 1916 926 2105 966; x_wconf 89' lang='lat' dir='ltr'><strong>mensa</strong></span> 
     </span>
    </p>
   </div>
   <div class='ocr_carea' id='block_1_13' title="bbox 2225 903 3822 984">
    <p class='ocr_par' dir='ltr' id='par_1_13' title="bbox 2225 905 3822 984">
     <span class='ocr_line' id='line_1_13' title="bbox 2225 905 3822 984; baseline -0.007 -17"><span class='ocrx_word' id='word_1_70' title='bbox 2225 914 2378 967; x_wconf 87' lang='grc' dir='ltr'>τολλὰ</span> <span class='ocrx_word' id='word_1_71' title='bbox 2400 915 2620 984; x_wconf 82' lang='grc' dir='ltr'><strong>διῃτᾶτο</strong></span> <span class='ocrx_word' id='word_1_72' title='bbox 2647 929 2662 943; x_wconf 87' lang='grc'><strong>·</strong></span> <span class='ocrx_word' id='word_1_73' title='bbox 2703 913 2763 965; x_wconf 85' lang='grc' dir='ltr'><strong>οὐ</strong></span> <span class='ocrx_word' id='word_1_74' title='bbox 2788 912 2965 980; x_wconf 86' lang='grc' dir='ltr'>πολλῴ</span> <span class='ocrx_word' id='word_1_75' title='bbox 2985 912 3040 964; x_wconf 85' lang='grc' dir='ltr'><strong>δέ</strong></span> <span class='ocrx_word' id='word_1_76' title='bbox 3071 912 3332 981; x_wconf 75' lang='grc' dir='ltr'>ὕστερον,</span> <span class='ocrx_word' id='word_1_77' title='bbox 3377 907 3707 973; x_wconf 78' lang='grc' dir='ltr'><strong>ἐξωθεῖται</strong></span> <span class='ocrx_word' id='word_1_78' title='bbox 3741 905 3822 975; x_wconf 72' lang='grc' dir='ltr'><strong>μὲν</strong></span> 
     </span>
    </p>
   </div>
   <div class='ocr_carea' id='block_1_14' title="bbox 543 995 2106 1071">
    <p class='ocr_par' dir='ltr' id='par_1_14' title="bbox 543 995 2106 1071">
     <span class='ocr_line' id='line_1_14' title="bbox 543 995 2106 1071; baseline 0.006 -23"><span class='ocrx_word' id='word_1_79' title='bbox 543 995 822 1051; x_wconf 85' lang='lat' dir='ltr'><strong>utebatur.</strong></span> <span class='ocrx_word' id='word_1_80' title='bbox 858 997 979 1052; x_wconf 86' lang='lat' dir='ltr'><strong>Non</strong></span> <span class='ocrx_word' id='word_1_81' title='bbox 1017 999 1190 1053; x_wconf 77' lang='lat' dir='ltr'><strong>multo</strong></span> <span class='ocrx_word' id='word_1_82' title='bbox 1219 1005 1347 1068; x_wconf 83' lang='lat' dir='ltr'><strong>post-</strong></span> <span class='ocrx_word' id='word_1_83' title='bbox 1382 1001 1602 1071; x_wconf 90' lang='lat' dir='ltr'><strong>ejieitnr</strong></span> <span class='ocrx_word' id='word_1_84' title='bbox 1625 1017 1655 1055; x_wconf 90' lang='lat' dir='ltr'><strong>e</strong></span> <span class='ocrx_word' id='word_1_85' title='bbox 1690 1002 1819 1056; x_wconf 91' lang='lat' dir='ltr'><strong>sede</strong></span> <span class='ocrx_word' id='word_1_86' title='bbox 1840 1001 2106 1057; x_wconf 86' lang='lat' dir='ltr'><strong>Constan-</strong></span> 
     </span>
    </p>
   </div>
   <div class='ocr_carea' id='block_1_15' title="bbox 544 1085 2106 1164">
    <p class='ocr_par' dir='ltr' id='par_1_15' title="bbox 544 1085 2106 1164">
     <span class='ocr_line' id='line_1_15' title="bbox 544 1085 2106 1164; baseline 0.008 -26"><span class='ocrx_word' id='word_1_87' title='bbox 544 1085 893 1156; x_wconf 86' lang='lat' dir='ltr'><strong>tinopolitana</strong></span> <span class='ocrx_word' id='word_1_88' title='bbox 943 1090 1248 1161; x_wconf 78' lang='lat' dir='ltr'><strong>Eutychius</strong></span> <span class='ocrx_word' id='word_1_89' title='bbox 1279 1090 1415 1162; x_wconf 69' lang='grc'><strong>(46),</strong></span> <span class='ocrx_word' id='word_1_90' title='bbox 1451 1093 1848 1164; x_wconf 87' lang='lat' dir='ltr'><strong>reponiturque</strong></span> <span class='ocrx_word' id='word_1_91' title='bbox 1906 1095 1962 1149; x_wconf 88' lang='lat' dir='ltr'><strong>in</strong></span> <span class='ocrx_word' id='word_1_92' title='bbox 2009 1110 2106 1150; x_wconf 87' lang='lat' dir='ltr'><strong>ea-</strong></span> 
     </span>
    </p>
   </div>
   <div class='ocr_carea' id='block_1_16' title="bbox 541 1177 2108 1251">
    <p class='ocr_par' dir='ltr' id='par_1_16' title="bbox 541 1177 2108 1251">
     <span class='ocr_line' id='line_1_16' title="bbox 541 1177 2108 1251; baseline 0.008 -21"><span class='ocrx_word' id='word_1_93' title='bbox 541 1177 666 1232; x_wconf 88' lang='lat' dir='ltr'><strong>dem</strong></span> <span class='ocrx_word' id='word_1_94' title='bbox 693 1179 781 1233; x_wconf 91' lang='lat' dir='ltr'><strong>hic</strong></span> <span class='ocrx_word' id='word_1_95' title='bbox 808 1179 926 1248; x_wconf 89' lang='lat' dir='ltr'><strong>ipse</strong></span> <span class='ocrx_word' id='word_1_96' title='bbox 962 1181 1202 1236; x_wconf 89' lang='lat' dir='ltr'><strong>Joannes</strong></span> <span class='ocrx_word' id='word_1_97' title='bbox 1239 1182 1648 1251; x_wconf 81' lang='lat' dir='ltr'><strong>Scholasticus;</strong></span> <span class='ocrx_word' id='word_1_98' title='bbox 1677 1185 1733 1239; x_wconf 90' lang='lat' dir='ltr'><strong>in</strong></span> <span class='ocrx_word' id='word_1_99' title='bbox 1764 1187 1924 1239; x_wconf 88' lang='lat' dir='ltr'><strong>talem</strong></span> <span class='ocrx_word' id='word_1_100' title='bbox 1983 1201 2108 1242; x_wconf 88' lang='lat' dir='ltr'><strong>sen—</strong></span> 
     </span>
    </p>
   </div>
   <div class='ocr_carea' id='block_1_17' title="bbox 544 1270 2109 1349">
    <p class='ocr_par' dir='ltr' id='par_1_17' title="bbox 544 1270 2109 1349">
     <span class='ocr_line' id='line_1_17' title="bbox 544 1270 2109 1349; baseline 0.006 -26"><span class='ocrx_word' id='word_1_101' title='bbox 544 1270 794 1336; x_wconf 90' lang='lat' dir='ltr'><strong>tentiam,</strong></span> <span class='ocrx_word' id='word_1_102' title='bbox 853 1272 1154 1327; x_wconf 89' lang='lat' dir='ltr'><strong>inclinante</strong></span> <span class='ocrx_word' id='word_1_103' title='bbox 1203 1274 1316 1329; x_wconf 90' lang='lat' dir='ltr'><strong>Deo</strong></span> <span class='ocrx_word' id='word_1_104' title='bbox 1347 1273 1741 1340; x_wconf 88' lang='lat' dir='ltr'><strong>Justinianum,</strong></span> <span class='ocrx_word' id='word_1_105' title='bbox 1769 1276 1866 1347; x_wconf 82' lang='lat' dir='ltr'><strong>qui</strong></span> <span class='ocrx_word' id='word_1_106' title='bbox 1911 1287 1967 1332; x_wconf 90' lang='lat' dir='ltr'><strong>et</strong></span> <span class='ocrx_word' id='word_1_107' title='bbox 1993 1277 2109 1349; x_wconf 87' lang='lat' dir='ltr'><strong>ipse</strong></span> 
     </span>
    </p>
   </div>
   <div class='ocr_carea' id='block_1_18' title="bbox 545 1359 2111 1438">
    <p class='ocr_par' dir='ltr' id='par_1_18' title="bbox 545 1359 2111 1438">
     <span class='ocr_line' id='line_1_18' title="bbox 545 1359 2111 1438; baseline 0.007 -25"><span class='ocrx_word' id='word_1_108' title='bbox 545 1374 652 1413; x_wconf 86' lang='lat' dir='ltr'><strong>non</strong></span> <span class='ocrx_word' id='word_1_109' title='bbox 685 1359 778 1415; x_wconf 89' lang='lat' dir='ltr'><strong>diu</strong></span> <span class='ocrx_word' id='word_1_110' title='bbox 801 1363 973 1417; x_wconf 87' lang='lat' dir='ltr'><strong>vitam</strong></span> <span class='ocrx_word' id='word_1_111' title='bbox 1003 1364 1204 1419; x_wconf 80' lang='lat' dir='ltr'><strong>exinde</strong></span> <span class='ocrx_word' id='word_1_112' title='bbox 1257 1366 1553 1436; x_wconf 81' lang='lat' dir='ltr'><strong>produxit;</strong></span> <span class='ocrx_word' id='word_1_113' title='bbox 1593 1368 1873 1438; x_wconf 80' lang='lat' dir='ltr'><strong>cessitque</strong></span> <span class='ocrx_word' id='word_1_114' title='bbox 1938 1369 2111 1438; x_wconf 89' lang='lat' dir='ltr'><strong>impe-</strong></span> 
     </span>
    </p>
   </div>
   <div class='ocr_carea' id='block_1_19' title="bbox 543 1451 2110 1530">
    <p class='ocr_par' dir='ltr' id='par_1_19' title="bbox 543 1451 2110 1530">
     <span class='ocr_line' id='line_1_19' title="bbox 543 1451 2110 1530; baseline 0.006 -26"><span class='ocrx_word' id='word_1_115' title='bbox 543 1451 688 1506; x_wconf 89' lang='lat' dir='ltr'><strong>rium</strong></span> <span class='ocrx_word' id='word_1_116' title='bbox 723 1453 974 1508; x_wconf 86' lang='lat' dir='ltr'><strong>Justino:</strong></span> <span class='ocrx_word' id='word_1_117' title='bbox 1007 1456 1481 1524; x_wconf 86' lang='lat' dir='ltr'><strong>quemadmodum</strong></span> <span class='ocrx_word' id='word_1_118' title='bbox 1516 1459 1728 1528; x_wconf 83' lang='lat' dir='ltr'><strong>singula</strong></span> <span class='ocrx_word' id='word_1_119' title='bbox 1759 1460 1870 1530; x_wconf 89' lang='lat' dir='ltr'><strong>jam</strong></span> <span class='ocrx_word' id='word_1_120' title='bbox 1896 1460 2110 1529; x_wconf 87' lang='lat' dir='ltr'><strong>pridem</strong></span> 
     </span>
    </p>
   </div>
   <div class='ocr_carea' id='block_1_20' title="bbox 544 1544 1890 1617">
    <p class='ocr_par' dir='ltr' id='par_1_20' title="bbox 544 1544 1890 1617">
     <span class='ocr_line' id='line_1_20' title="bbox 544 1544 1890 1617; baseline 0.005 -19"><span class='ocrx_word' id='word_1_121' title='bbox 544 1553 811 1598; x_wconf 83' lang='lat' dir='ltr'><strong>eventura</strong></span> <span class='ocrx_word' id='word_1_122' title='bbox 843 1544 1149 1601; x_wconf 76' lang='lat' dir='ltr'><strong>clarissime</strong></span> <span class='ocrx_word' id='word_1_123' title='bbox 1175 1549 1890 1617; x_wconf 89' lang='lat' dir='ltr'><strong>pronuntiaveratsanctus.</strong></span> 
     </span>
    </p>
   </div>
   <div class='ocr_carea' id='block_1_21' title="bbox 618 1633 2107 1712">
    <p class='ocr_par' dir='ltr' id='par_1_21' title="bbox 618 1633 2107 1712">
     <span class='ocr_line' id='line_1_21' title="bbox 618 1633 2107 1712; baseline 0.008 -26"><span class='ocrx_word' id='word_1_124' title='bbox 618 1633 738 1688; x_wconf 71' lang='lat'><strong>189.</strong></span> <span class='ocrx_word' id='word_1_125' title='bbox 769 1635 1020 1691; x_wconf 80' lang='lat' dir='ltr'><strong>Justinus</strong></span> <span class='ocrx_word' id='word_1_126' title='bbox 1073 1637 1281 1707; x_wconf 89' lang='lat' dir='ltr'><strong>itaque,</strong></span> <span class='ocrx_word' id='word_1_127' title='bbox 1316 1641 1447 1709; x_wconf 86' lang='lat' dir='ltr'><strong>quia</strong></span> <span class='ocrx_word' id='word_1_128' title='bbox 1488 1657 1518 1696; x_wconf 94' lang='lat' dir='ltr'><strong>a</strong></span> <span class='ocrx_word' id='word_1_129' title='bbox 1560 1641 1833 1712; x_wconf 89' lang='lat' dir='ltr'><strong>Symeone</strong></span> <span class='ocrx_word' id='word_1_130' title='bbox 1885 1659 1989 1698; x_wconf 93' lang='lat' dir='ltr'><strong>non</strong></span> <span class='ocrx_word' id='word_1_131' title='bbox 2021 1659 2107 1698; x_wconf 83' lang='lat' dir='ltr'><strong>so-</strong></span> 
     </span>
    </p>
   </div>
   <div class='ocr_carea' id='block_1_22' title="bbox 543 1726 2113 1804">
    <p class='ocr_par' dir='ltr' id='par_1_22' title="bbox 543 1726 2113 1804">
     <span class='ocr_line' id='line_1_22' title="bbox 543 1726 2113 1804; baseline 0.006 -24"><span class='ocrx_word' id='word_1_132' title='bbox 543 1726 657 1780; x_wconf 91' lang='lat' dir='ltr'><strong>lum</strong></span> <span class='ocrx_word' id='word_1_133' title='bbox 689 1727 1010 1797; x_wconf 72' lang='lat' dir='ltr'><strong>praedictum</strong></span> <span class='ocrx_word' id='word_1_134' title='bbox 1031 1738 1170 1796; x_wconf 89' lang='lat' dir='ltr'><strong>erat,</strong></span> <span class='ocrx_word' id='word_1_135' title='bbox 1202 1731 1616 1804; x_wconf 89' lang='lat' dir='ltr'><strong>ipsumimperii</strong></span> <span class='ocrx_word' id='word_1_136' title='bbox 1646 1735 1786 1790; x_wconf 93' lang='lat' dir='ltr'><strong>solio</strong></span> <span class='ocrx_word' id='word_1_137' title='bbox 1809 1737 2113 1790; x_wconf 89' lang='lat' dir='ltr'><strong>subliman-</strong></span> 
     </span>
    </p>
   </div>
   <div class='ocr_carea' id='block_1_23' title="bbox 547 1819 2114 1898">
    <p class='ocr_par' dir='ltr' id='par_1_23' title="bbox 547 1819 2114 1898">
     <span class='ocr_line' id='line_1_23' title="bbox 547 1819 2114 1898; baseline 0.007 -27"><span class='ocrx_word' id='word_1_138' title='bbox 547 1819 701 1883; x_wconf 94' lang='lat' dir='ltr'><strong>dum,</strong></span> <span class='ocrx_word' id='word_1_139' title='bbox 733 1820 830 1874; x_wconf 90' lang='lat' dir='ltr'><strong>sed</strong></span> <span class='ocrx_word' id='word_1_140' title='bbox 862 1821 1044 1890; x_wconf 90' lang='lat' dir='ltr'><strong>reipsa</strong></span> <span class='ocrx_word' id='word_1_141' title='bbox 1069 1821 1310 1891; x_wconf 82' lang='lat' dir='ltr'><strong>factum;</strong></span> <span class='ocrx_word' id='word_1_142' title='bbox 1336 1834 1484 1880; x_wconf 88' lang='lat' dir='ltr'><strong>tanta</strong></span> <span class='ocrx_word' id='word_1_143' title='bbox 1511 1827 1566 1881; x_wconf 94' lang='lat' dir='ltr'><strong>in</strong></span> <span class='ocrx_word' id='word_1_144' title='bbox 1602 1827 1784 1898; x_wconf 92' lang='lat' dir='ltr'><strong>ipsum</strong></span> <span class='ocrx_word' id='word_1_145' title='bbox 1832 1828 2114 1883; x_wconf 76' lang='lat' dir='ltr'><strong>ferebatur</strong></span> 
     </span>
    </p>
   </div>
   <div class='ocr_carea' id='block_1_24' title="bbox 550 1913 2110 1990">
    <p class='ocr_par' dir='ltr' id='par_1_24' title="bbox 550 1913 2110 1990">
     <span class='ocr_line' id='line_1_24' title="bbox 550 1913 2110 1990; baseline 0.006 -24"><span class='ocrx_word' id='word_1_146' title='bbox 550 1913 748 1968; x_wconf 92' lang='lat' dir='ltr'><strong>ﬁducia</strong></span> <span class='ocrx_word' id='word_1_147' title='bbox 763 1923 924 1984; x_wconf 88' lang='lat' dir='ltr'><strong>atque</strong></span> <span class='ocrx_word' id='word_1_148' title='bbox 942 1917 1164 1982; x_wconf 81' lang='lat' dir='ltr'><strong>aﬁ’ectu,</strong></span> <span class='ocrx_word' id='word_1_149' title='bbox 1180 1928 1440 1987; x_wconf 87' lang='lat' dir='ltr'><strong>quantam</strong></span> <span class='ocrx_word' id='word_1_150' title='bbox 1460 1936 1557 1990; x_wconf 81' lang='lat' dir='ltr'><strong>par</strong></span> <span class='ocrx_word' id='word_1_151' title='bbox 1574 1932 1697 1977; x_wconf 90' lang='lat' dir='ltr'><strong>erat</strong></span> <span class='ocrx_word' id='word_1_152' title='bbox 1713 1922 1915 1976; x_wconf 91' lang='lat' dir='ltr'><strong>habere</strong></span> <span class='ocrx_word' id='word_1_153' title='bbox 1935 1923 2110 1989; x_wconf 91' lang='lat' dir='ltr'><strong>illum,</strong></span> 
     </span>
    </p>
   </div>
   <div class='ocr_carea' id='block_1_25' title="bbox 547 2005 2109 2084">
    <p class='ocr_par' dir='ltr' id='par_1_25' title="bbox 547 2005 2109 2084">
     <span class='ocr_line' id='line_1_25' title="bbox 547 2005 2109 2084; baseline 0.006 -24"><span class='ocrx_word' id='word_1_154' title='bbox 547 2005 642 2074; x_wconf 89' lang='lat' dir='ltr'><strong>qui</strong></span> <span class='ocrx_word' id='word_1_155' title='bbox 671 2007 989 2063; x_wconf 74' lang='lat' dir='ltr'><strong>istiusmodi</strong></span> <span class='ocrx_word' id='word_1_156' title='bbox 1021 2012 1439 2079; x_wconf 74' lang='lat' dir='ltr'><strong>pnedictionem</strong></span> <span class='ocrx_word' id='word_1_157' title='bbox 1490 2014 1558 2067; x_wconf 90' lang='lat' dir='ltr'><strong>ab</strong></span> <span class='ocrx_word' id='word_1_158' title='bbox 1617 2014 1737 2082; x_wconf 88' lang='lat' dir='ltr'><strong>ipso</strong></span> <span class='ocrx_word' id='word_1_159' title='bbox 1800 2024 2109 2084; x_wconf 88' lang='lat' dir='ltr'><strong>acceperat.</strong></span> 
     </span>
    </p>
   </div>
   <div class='ocr_carea' id='block_1_26' title="bbox 547 2099 2114 2176">
    <p class='ocr_par' dir='ltr' id='par_1_26' title="bbox 547 2099 2114 2176">
     <span class='ocr_line' id='line_1_26' title="bbox 547 2099 2114 2176; baseline 0.005 -23"><span class='ocrx_word' id='word_1_160' title='bbox 547 2099 749 2165; x_wconf 82' lang='lat' dir='ltr'><strong>Quare,</strong></span> <span class='ocrx_word' id='word_1_161' title='bbox 784 2116 908 2155; x_wconf 86' lang='lat' dir='ltr'><strong>cum</strong></span> <span class='ocrx_word' id='word_1_162' title='bbox 933 2101 1041 2155; x_wconf 83' lang='lat' dir='ltr'><strong>ﬁlia</strong></span> <span class='ocrx_word' id='word_1_163' title='bbox 1067 2103 1186 2170; x_wconf 74' lang='lat' dir='ltr'><strong>ejus</strong></span> <span class='ocrx_word' id='word_1_164' title='bbox 1207 2119 1236 2157; x_wconf 93' lang='lat' dir='ltr'><strong>a</strong></span> <span class='ocrx_word' id='word_1_165' title='bbox 1261 2102 1508 2164; x_wconf 71' lang='lat' dir='ltr'><strong>daamoue</strong></span> <span class='ocrx_word' id='word_1_166' title='bbox 1537 2105 1768 2166; x_wconf 86' lang='lat' dir='ltr'><strong>insessa,</strong></span> <span class='ocrx_word' id='word_1_167' title='bbox 1793 2105 2114 2176; x_wconf 81' lang='lat' dir='ltr'><strong>gravissime</strong></span> 
     </span>
    </p>
   </div>
   <div class='ocr_carea' id='block_1_27' title="bbox 552 2194 2113 2267">
    <p class='ocr_par' dir='ltr' id='par_1_27' title="bbox 552 2194 2113 2267">
     <span class='ocr_line' id='line_1_27' title="bbox 552 2194 2113 2267; baseline 0.005 -22"><span class='ocrx_word' id='word_1_168' title='bbox 552 2202 945 2262; x_wconf 74' lang='lat' dir='ltr'><strong>torqueretur;</strong></span> <span class='ocrx_word' id='word_1_169' title='bbox 968 2194 1092 2249; x_wconf 88' lang='lat' dir='ltr'><strong>aliis</strong></span> <span class='ocrx_word' id='word_1_170' title='bbox 1118 2195 1341 2264; x_wconf 84' lang='lat' dir='ltr'><strong>quidem</strong></span> <span class='ocrx_word' id='word_1_171' title='bbox 1367 2205 1662 2267; x_wconf 87' lang='lat' dir='ltr'><strong>propterea</strong></span> <span class='ocrx_word' id='word_1_172' title='bbox 1705 2197 1850 2267; x_wconf 87' lang='lat' dir='ltr'><strong>quod</strong></span> <span class='ocrx_word' id='word_1_173' title='bbox 1883 2196 1950 2251; x_wconf 91' lang='lat' dir='ltr'><strong>ad</strong></span> <span class='ocrx_word' id='word_1_174' title='bbox 2008 2197 2113 2254; x_wconf 90' lang='lat' dir='ltr'><strong>im-</strong></span> 
     </span>
    </p>
   </div>
   <div class='ocr_carea' id='block_1_28' title="bbox 549 2269 2115 2356">
    <p class='ocr_par' dir='ltr' id='par_1_28' title="bbox 549 2269 2115 2356">
     <span class='ocr_line' id='line_1_28' title="bbox 549 2269 2115 2356; baseline 0.003 -20"><span class='ocrx_word' id='word_1_175' title='bbox 549 2284 821 2352; x_wconf 82' lang='lat' dir='ltr'><strong>peratoris</strong></span> <span class='ocrx_word' id='word_1_176' title='bbox 877 2285 1234 2355; x_wconf 84' lang='lat' dir='ltr'><strong>ignominiam</strong></span> <span class='ocrx_word' id='word_1_177' title='bbox 1310 2269 1492 2340; x_wconf 79' lang='lat' dir='ltr'><strong>facere</strong></span> <span class='ocrx_word' id='word_1_178' title='bbox 1561 2286 1878 2356; x_wconf 80' lang='lat' dir='ltr'><strong>hujusmodi</strong></span> <span class='ocrx_word' id='word_1_179' title='bbox 1932 2288 2115 2356; x_wconf 88' lang='lat' dir='ltr'><strong>passio</strong></span> 
     </span>
    </p>
   </div>
   <div class='ocr_carea' id='block_1_29' title="bbox 551 2375 2116 2444">
    <p class='ocr_par' dir='ltr' id='par_1_29' title="bbox 551 2375 2116 2444">
     <span class='ocr_line' id='line_1_29' title="bbox 551 2375 2116 2444; baseline 0.003 -16"><span class='ocrx_word' id='word_1_180' title='bbox 551 2376 746 2444; x_wconf 74' lang='lat' dir='ltr'><strong>puella:</strong></span> <span class='ocrx_word' id='word_1_181' title='bbox 786 2375 1090 2442; x_wconf 85' lang='lat' dir='ltr'><strong>videretur,</strong></span> <span class='ocrx_word' id='word_1_182' title='bbox 1143 2393 1259 2430; x_wconf 88' lang='lat' dir='ltr'><strong>rem</strong></span> <span class='ocrx_word' id='word_1_183' title='bbox 1303 2379 1575 2433; x_wconf 86' lang='lat' dir='ltr'><strong>occultam</strong></span> <span class='ocrx_word' id='word_1_184' title='bbox 1637 2379 1858 2443; x_wconf 83' lang='lat' dir='ltr'><strong>habuit;</strong></span> <span class='ocrx_word' id='word_1_185' title='bbox 1914 2378 2116 2433; x_wconf 84' lang='lat' dir='ltr'><strong>litteris</strong></span> 
     </span>
    </p>
   </div>
   <div class='ocr_carea' id='block_1_30' title="bbox 548 2465 2114 2536">
    <p class='ocr_par' dir='ltr' id='par_1_30' title="bbox 548 2465 2114 2536">
     <span class='ocr_line' id='line_1_30' title="bbox 548 2465 2114 2536; baseline 0.002 -20"><span class='ocrx_word' id='word_1_186' title='bbox 548 2480 680 2518; x_wconf 89' lang='lat' dir='ltr'><strong>vero</strong></span> <span class='ocrx_word' id='word_1_187' title='bbox 719 2465 932 2521; x_wconf 84' lang='lat' dir='ltr'><strong>arcanis</strong></span> <span class='ocrx_word' id='word_1_188' title='bbox 977 2481 1008 2519; x_wconf 91' lang='lat' dir='ltr'><strong>a</strong></span> <span class='ocrx_word' id='word_1_189' title='bbox 1063 2474 1253 2520; x_wconf 81' lang='lat' dir='ltr'><strong>sancto</strong></span> <span class='ocrx_word' id='word_1_190' title='bbox 1307 2466 1484 2535; x_wconf 91' lang='lat' dir='ltr'><strong>petiit,</strong></span> <span class='ocrx_word' id='word_1_191' title='bbox 1549 2483 1672 2521; x_wconf 90' lang='lat' dir='ltr'><strong>eam</strong></span> <span class='ocrx_word' id='word_1_192' title='bbox 1721 2467 1823 2522; x_wconf 86' lang='lat' dir='ltr'><strong>sibi</strong></span> <span class='ocrx_word' id='word_1_193' title='bbox 1881 2468 2114 2536; x_wconf 77' lang='lat' dir='ltr'><strong>gratiam</strong></span> 
     </span>
    </p>
   </div>
   <div class='ocr_carea' id='block_1_31' title="bbox 549 2555 2120 2628">
    <p class='ocr_par' dir='ltr' id='par_1_31' title="bbox 549 2555 2120 2628">
     <span class='ocr_line' id='line_1_31' title="bbox 549 2555 2120 2628; baseline 0.001 -19"><span class='ocrx_word' id='word_1_194' title='bbox 549 2555 784 2622; x_wconf 76' lang='lat' dir='ltr'><strong>faceret,</strong></span> <span class='ocrx_word' id='word_1_195' title='bbox 806 2566 863 2610; x_wconf 91' lang='lat' dir='ltr'><strong>ut</strong></span> <span class='ocrx_word' id='word_1_196' title='bbox 889 2566 1183 2626; x_wconf 74' lang='lat' dir='ltr'><strong>pateretur</strong></span> <span class='ocrx_word' id='word_1_197' title='bbox 1227 2557 1394 2611; x_wconf 83' lang='lat' dir='ltr'><strong>ﬁliam</strong></span> <span class='ocrx_word' id='word_1_198' title='bbox 1445 2558 1518 2611; x_wconf 87' lang='lat' dir='ltr'><strong>ad</strong></span> <span class='ocrx_word' id='word_1_199' title='bbox 1583 2559 1766 2627; x_wconf 88' lang='lat' dir='ltr'><strong>ipsum</strong></span> <span class='ocrx_word' id='word_1_200' title='bbox 1811 2558 2120 2628; x_wconf 79' lang='lat' dir='ltr'><strong>deportari,</strong></span> 
     </span>
    </p>
   </div>
   <div class='ocr_carea' id='block_1_32' title="bbox 547 2645 2115 2718">
    <p class='ocr_par' dir='ltr' id='par_1_32' title="bbox 547 2645 2115 2718">
     <span class='ocr_line' id='line_1_32' title="bbox 547 2645 2115 2718; baseline 0.003 -19"><span class='ocrx_word' id='word_1_201' title='bbox 547 2645 695 2716; x_wconf 92' lang='lat' dir='ltr'><strong>quod</strong></span> <span class='ocrx_word' id='word_1_202' title='bbox 727 2646 1020 2701; x_wconf 84' lang='lat' dir='ltr'><strong>videbatur</strong></span> <span class='ocrx_word' id='word_1_203' title='bbox 1053 2648 1376 2716; x_wconf 87' lang='lat' dir='ltr'><strong>imperatori</strong></span> <span class='ocrx_word' id='word_1_204' title='bbox 1436 2648 1875 2703; x_wconf 83' lang='lat' dir='ltr'><strong>incolumitatem</strong></span> <span class='ocrx_word' id='word_1_205' title='bbox 1919 2650 2115 2718; x_wconf 65' lang='lat' dir='ltr'><strong>puellae</strong></span> 
     </span>
    </p>
   </div>
   <div class='ocr_carea' id='block_1_33' title="bbox 547 2737 2115 2807">
    <p class='ocr_par' dir='ltr' id='par_1_33' title="bbox 547 2737 2115 2807">
     <span class='ocr_line' id='line_1_33' title="bbox 547 2737 2115 2807; baseline -0.001 -18"><span class='ocrx_word' id='word_1_206' title='bbox 547 2737 886 2790; x_wconf 85' lang='lat' dir='ltr'><strong>allaturum:</strong></span> <span class='ocrx_word' id='word_1_207' title='bbox 919 2745 1149 2791; x_wconf 85' lang='lat' dir='ltr'><strong>noverat</strong></span> <span class='ocrx_word' id='word_1_208' title='bbox 1183 2737 1410 2807; x_wconf 89' lang='lat' dir='ltr'><strong>quippe,</strong></span> <span class='ocrx_word' id='word_1_209' title='bbox 1454 2753 1522 2793; x_wconf 80' lang='lat' dir='ltr'><strong>ex</strong></span> <span class='ocrx_word' id='word_1_210' title='bbox 1580 2738 1906 2792; x_wconf 78' lang='lat' dir='ltr'><strong>collaturum</strong></span> <span class='ocrx_word' id='word_1_211' title='bbox 1945 2737 2013 2791; x_wconf 88' lang='lat' dir='ltr'><strong>ab</strong></span> <span class='ocrx_word' id='word_1_212' title='bbox 2051 2756 2115 2790; x_wconf 73' lang='grc' dir='ltr'>ιςιι</span> 
     </span>
    </p>
   </div>
   <div class='ocr_carea' id='block_1_34' title="bbox 547 2825 2111 2898">
    <p class='ocr_par' dir='ltr' id='par_1_34' title="bbox 547 2825 2111 2898">
     <span class='ocr_line' id='line_1_34' title="bbox 547 2825 2111 2898; baseline 0.001 -20"><span class='ocrx_word' id='word_1_213' title='bbox 547 2825 604 2878; x_wconf 85' lang='grc' dir='ltr'>ἰη</span> <span class='ocrx_word' id='word_1_214' title='bbox 628 2826 766 2881; x_wconf 88' lang='lat' dir='ltr'><strong>alios</strong></span> <span class='ocrx_word' id='word_1_215' title='bbox 790 2841 889 2896; x_wconf 89' lang='lat' dir='ltr'><strong>per</strong></span> <span class='ocrx_word' id='word_1_216' title='bbox 924 2826 1184 2881; x_wconf 90' lang='lat' dir='ltr'><strong>miracula</strong></span> <span class='ocrx_word' id='word_1_217' title='bbox 1219 2827 1616 2882; x_wconf 87' lang='lat' dir='ltr'><strong>beneﬁciorum</strong></span> <span class='ocrx_word' id='word_1_218' title='bbox 1651 2828 1925 2898; x_wconf 86' lang='lat' dir='ltr'><strong>largitate,</strong></span> <span class='ocrx_word' id='word_1_219' title='bbox 1958 2842 2111 2881; x_wconf 88' lang='lat' dir='ltr'><strong>suam</strong></span> 
     </span>
    </p>
   </div>
   <div class='ocr_carea' id='block_1_35' title="bbox 547 2917 2113 2992">
    <p class='ocr_par' dir='ltr' id='par_1_35' title="bbox 547 2917 2113 2992">
     <span class='ocr_line' id='line_1_35' title="bbox 547 2917 2113 2992; baseline 0.003 -21"><span class='ocrx_word' id='word_1_220' title='bbox 547 2917 651 2972; x_wconf 84' lang='lat' dir='ltr'><strong>sibi</strong></span> <span class='ocrx_word' id='word_1_221' title='bbox 680 2917 844 2970; x_wconf 79' lang='lat' dir='ltr'><strong>ﬁliam</strong></span> <span class='ocrx_word' id='word_1_222' title='bbox 879 2933 988 2972; x_wconf 95' lang='lat' dir='ltr'><strong>non</strong></span> <span class='ocrx_word' id='word_1_223' title='bbox 1019 2918 1227 2988; x_wconf 87' lang='lat' dir='ltr'><strong>absque</strong></span> <span class='ocrx_word' id='word_1_224' title='bbox 1253 2919 1459 2973; x_wconf 83' lang='lat' dir='ltr'><strong>auxilio</strong></span> <span class='ocrx_word' id='word_1_225' title='bbox 1483 2935 1851 2975; x_wconf 90' lang='lat' dir='ltr'><strong>reversuram.</strong></span> <span class='ocrx_word' id='word_1_226' title='bbox 1875 2920 2113 2992; x_wconf 80' lang='lat' dir='ltr'><strong>Symeon</strong></span> 
     </span>
    </p>
   </div>
   <div class='ocr_carea' id='block_1_36' title="bbox 546 3011 2114 3086">
    <p class='ocr_par' dir='ltr' id='par_1_36' title="bbox 546 3011 2114 3086">
     <span class='ocr_line' id='line_1_36' title="bbox 546 3011 2114 3086; baseline 0.005 -23"><span class='ocrx_word' id='word_1_227' title='bbox 546 3019 731 3064; x_wconf 87' lang='lat' dir='ltr'><strong>autem</strong></span> <span class='ocrx_word' id='word_1_228' title='bbox 760 3011 898 3067; x_wconf 84' lang='lat' dir='ltr'><strong>nihil</strong></span> <span class='ocrx_word' id='word_1_229' title='bbox 933 3020 1177 3066; x_wconf 88' lang='lat' dir='ltr'><strong>moratus</strong></span> <span class='ocrx_word' id='word_1_230' title='bbox 1201 3012 1666 3081; x_wconf 88' lang='lat' dir='ltr'><strong>(consideremus,</strong></span> <span class='ocrx_word' id='word_1_231' title='bbox 1699 3014 1916 3080; x_wconf 90' lang='lat' dir='ltr'><strong>amabo,</strong></span> <span class='ocrx_word' id='word_1_232' title='bbox 1937 3015 2114 3086; x_wconf 88' lang='lat' dir='ltr'><strong>gratia</strong></span> 
     </span>
    </p>
   </div>
   <div class='ocr_carea' id='block_1_37' title="bbox 547 3103 2110 3173">
    <p class='ocr_par' dir='ltr' id='par_1_37' title="bbox 547 3103 2110 3173">
     <span class='ocr_line' id='line_1_37' title="bbox 547 3103 2110 3173; baseline 0.005 -19"><span class='ocrx_word' id='word_1_233' title='bbox 547 3103 668 3171; x_wconf 75' lang='lat' dir='ltr'><strong>ejus</strong></span> <span class='ocrx_word' id='word_1_234' title='bbox 723 3110 928 3173; x_wconf 87' lang='lat' dir='ltr'><strong>quanta</strong></span> <span class='ocrx_word' id='word_1_235' title='bbox 977 3103 1168 3172; x_wconf 79' lang='lat' dir='ltr'><strong>fuerit)</strong></span> <span class='ocrx_word' id='word_1_236' title='bbox 1227 3106 1484 3159; x_wconf 90' lang='lat' dir='ltr'><strong>rescribit</strong></span> <span class='ocrx_word' id='word_1_237' title='bbox 1532 3106 1588 3160; x_wconf 91' lang='lat' dir='ltr'><strong>in</strong></span> <span class='ocrx_word' id='word_1_238' title='bbox 1643 3107 1792 3162; x_wconf 90' lang='lat' dir='ltr'><strong>hunc</strong></span> <span class='ocrx_word' id='word_1_239' title='bbox 1847 3106 2110 3162; x_wconf 90' lang='lat' dir='ltr'><strong>modum:</strong></span> 
     </span>
    </p>
   </div>
   <div class='ocr_carea' id='block_1_38' title="bbox 2203 999 3825 1073">
    <p class='ocr_par' dir='ltr' id='par_1_38' title="bbox 2203 999 3825 1073">
     <span class='ocr_line' id='line_1_38' title="bbox 2203 999 3825 1073; baseline -0.007 -15"><span class='ocrx_word' id='word_1_240' title='bbox 2203 1005 2296 1059; x_wconf 89' lang='grc' dir='ltr'><strong>τοῦ</strong></span> <span class='ocrx_word' id='word_1_241' title='bbox 2324 1005 2423 1068; x_wconf 79' lang='grc' dir='ltr'>τῆς</span> <span class='ocrx_word' id='word_1_242' title='bbox 2447 1003 3060 1065; x_wconf 88' lang='grc' dir='ltr'>Κωνσταντινουπόλεως</span> <span class='ocrx_word' id='word_1_243' title='bbox 3087 1003 3283 1073; x_wconf 86' lang='grc' dir='ltr'>θρόνου</span> <span class='ocrx_word' id='word_1_244' title='bbox 3317 999 3650 1067; x_wconf 81' lang='grc' dir='ltr'>Εὑτύχιος,</span> <span class='ocrx_word' id='word_1_245' title='bbox 3669 1001 3825 1050; x_wconf 79' lang='grc' dir='ltr'>ἀντειο</span> 
     </span>
    </p>
   </div>
   <div class='ocr_carea' id='block_1_39' title="bbox 2209 1093 3824 1167">
    <p class='ocr_par' dir='ltr' id='par_1_39' title="bbox 2209 1093 3824 1167">
     <span class='ocr_line' id='line_1_39' title="bbox 2209 1093 3824 1167; baseline -0.006 -16"><span class='ocrx_word' id='word_1_246' title='bbox 2209 1099 2433 1167; x_wconf 86' lang='grc' dir='ltr'>σάγεται</span> <span class='ocrx_word' id='word_1_247' title='bbox 2449 1098 2504 1150; x_wconf 83' lang='grc' dir='ltr'>δὲ</span> <span class='ocrx_word' id='word_1_248' title='bbox 2533 1097 2694 1159; x_wconf 85' lang='grc' dir='ltr'>αὐτὸς</span> <span class='ocrx_word' id='word_1_249' title='bbox 2719 1099 2747 1150; x_wconf 85' lang='grc' dir='ltr'><strong>ὁ</strong></span> <span class='ocrx_word' id='word_1_250' title='bbox 2773 1095 3130 1164; x_wconf 81' lang='grc' dir='ltr'>Σχολαστικδς</span> <span class='ocrx_word' id='word_1_251' title='bbox 3166 1095 3472 1163; x_wconf 77' lang='grc' dir='ltr'><strong>Ἰωάννης,</strong></span> <span class='ocrx_word' id='word_1_252' title='bbox 3495 1093 3824 1145; x_wconf 73' lang='grc' dir='ltr'>Ἰουστινιι-</span> 
     </span>
    </p>
   </div>
   <div class='ocr_carea' id='block_1_40' title="bbox 2209 1185 3823 1256">
    <p class='ocr_par' dir='ltr' id='par_1_40' title="bbox 2209 1185 3823 1256">
     <span class='ocr_line' id='line_1_40' title="bbox 2209 1185 3823 1256; baseline -0.007 -11"><span class='ocrx_word' id='word_1_253' title='bbox 2209 1191 2298 1245; x_wconf 85' lang='grc' dir='ltr'>νὺν</span> <span class='ocrx_word' id='word_1_254' title='bbox 2326 1191 2420 1244; x_wconf 81' lang='grc' dir='ltr'><strong>τοῦ</strong></span> <span class='ocrx_word' id='word_1_255' title='bbox 2451 1189 2585 1243; x_wconf 83' lang='grc' dir='ltr'><strong>Θεοῦ</strong></span> <span class='ocrx_word' id='word_1_256' title='bbox 2639 1189 2858 1250; x_wconf 79' lang='grc' dir='ltr'>πάντως</span> <span class='ocrx_word' id='word_1_257' title='bbox 2910 1187 3002 1240; x_wconf 80' lang='grc' dir='ltr'>ἐπὶ</span> <span class='ocrx_word' id='word_1_258' title='bbox 3037 1189 3138 1256; x_wconf 87' lang='grc' dir='ltr'>τὴν</span> <span class='ocrx_word' id='word_1_259' title='bbox 3193 1187 3387 1256; x_wconf 70' lang='grc' dir='ltr'>ψῆφον</span> <span class='ocrx_word' id='word_1_260' title='bbox 3461 1185 3823 1254; x_wconf 79' lang='grc' dir='ltr'>κινήσαντος.</span> 
     </span>
    </p>
   </div>
   <div class='ocr_carea' id='block_1_41' title="bbox 2222 1275 3825 1350">
    <p class='ocr_par' dir='ltr' id='par_1_41' title="bbox 2222 1275 3825 1350">
     <span class='ocr_line' id='line_1_41' title="bbox 2222 1275 3825 1350; baseline -0.006 -14"><span class='ocrx_word' id='word_1_261' title='bbox 2222 1281 2600 1337; x_wconf 77' lang='grc' dir='ltr'>Ἱουστινιανοῦ</span> <span class='ocrx_word' id='word_1_262' title='bbox 2634 1280 2690 1333; x_wconf 85' lang='grc' dir='ltr'><strong>δέ</strong></span> <span class='ocrx_word' id='word_1_263' title='bbox 2739 1279 2877 1350; x_wconf 81' lang='grc' dir='ltr'>μετὰ</span> <span class='ocrx_word' id='word_1_264' title='bbox 2923 1279 3095 1332; x_wconf 88' lang='grc' dir='ltr'>ταῦτα</span> <span class='ocrx_word' id='word_1_265' title='bbox 3129 1278 3222 1330; x_wconf 80' lang='grc' dir='ltr'>τὸν</span> <span class='ocrx_word' id='word_1_266' title='bbox 3255 1277 3379 1348; x_wconf 77' lang='grc' dir='ltr'>βίον</span> <span class='ocrx_word' id='word_1_267' title='bbox 3418 1275 3825 1335; x_wconf 58' lang='grc' dir='ltr'>ἀπολιπόντος.</span> 
     </span>
    </p>
   </div>
   <div class='ocr_carea' id='block_1_42' title="bbox 2209 1368 3823 1443">
    <p class='ocr_par' dir='ltr' id='par_1_42' title="bbox 2209 1368 3823 1443">
     <span class='ocr_line' id='line_1_42' title="bbox 2209 1368 3823 1443; baseline -0.007 -14"><span class='ocrx_word' id='word_1_268' title='bbox 2209 1378 2289 1439; x_wconf 89' lang='grc' dir='ltr'>εἰς</span> <span class='ocrx_word' id='word_1_269' title='bbox 2330 1377 2612 1428; x_wconf 85' lang='grc' dir='ltr'>Ἰουστῖνον</span> <span class='ocrx_word' id='word_1_270' title='bbox 2641 1373 2709 1426; x_wconf 85' lang='grc' dir='ltr'>τὰ</span> <span class='ocrx_word' id='word_1_271' title='bbox 2739 1373 2839 1442; x_wconf 83' lang='grc' dir='ltr'><strong>τῆς</strong></span> <span class='ocrx_word' id='word_1_272' title='bbox 2868 1373 3046 1443; x_wconf 73' lang='grc' dir='ltr'>ἀρχῆς</span> <span class='ocrx_word' id='word_1_273' title='bbox 3081 1371 3458 1441; x_wconf 76' lang='grc' dir='ltr'><strong>μεταπίπτει,</strong></span> <span class='ocrx_word' id='word_1_274' title='bbox 3496 1369 3588 1431; x_wconf 86' lang='grc' dir='ltr'>ὡς</span> <span class='ocrx_word' id='word_1_275' title='bbox 3624 1368 3823 1420; x_wconf 72' lang='grc' dir='ltr'>ἕκαστα</span> 
     </span>
    </p>
   </div>
   <div class='ocr_carea' id='block_1_43' title="bbox 2211 1461 3528 1538">
    <p class='ocr_par' dir='ltr' id='par_1_43' title="bbox 2211 1461 3528 1538">
     <span class='ocr_line' id='line_1_43' title="bbox 2211 1461 3528 1538; baseline -0.005 -18"><span class='ocrx_word' id='word_1_276' title='bbox 2211 1465 2494 1538; x_wconf 77' lang='grc' dir='ltr'>πόρρωθεν</span> <span class='ocrx_word' id='word_1_277' title='bbox 2515 1463 2593 1536; x_wconf 82' lang='grc' dir='ltr'>τῷ</span> <span class='ocrx_word' id='word_1_278' title='bbox 2622 1463 2850 1534; x_wconf 87' lang='grc' dir='ltr'>Συμεὼν</span> <span class='ocrx_word' id='word_1_279' title='bbox 2877 1463 3064 1532; x_wconf 82' lang='grc' dir='ltr'><strong>σαφῶς</strong></span> <span class='ocrx_word' id='word_1_280' title='bbox 3095 1461 3528 1535; x_wconf 82' lang='grc' dir='ltr'><strong>προηγόρευτο.</strong></span> 
     </span>
    </p>
   </div>
   <div class='ocr_carea' id='block_1_44' title="bbox 2287 1633 3820 1718">
    <p class='ocr_par' dir='ltr' id='par_1_44' title="bbox 2287 1633 3820 1718">
     <span class='ocr_line' id='line_1_44' title="bbox 2287 1633 3820 1718; baseline -0.008 -19"><span class='ocrx_word' id='word_1_281' title='bbox 2287 1644 2428 1718; x_wconf 88' lang='grc' dir='ltr'>ρπθ’.</span> <span class='ocrx_word' id='word_1_282' title='bbox 2447 1646 2730 1706; x_wconf 81' lang='grc' dir='ltr'>’1ουστῖνος</span> <span class='ocrx_word' id='word_1_283' title='bbox 2757 1643 2856 1714; x_wconf 85' lang='grc' dir='ltr'>μὲν</span> <span class='ocrx_word' id='word_1_284' title='bbox 2881 1637 2998 1707; x_wconf 82' lang='grc' dir='ltr'>οῦν,</span> <span class='ocrx_word' id='word_1_285' title='bbox 3020 1637 3108 1694; x_wconf 75' lang='grc' dir='ltr'>οἷα</span> <span class='ocrx_word' id='word_1_286' title='bbox 3133 1636 3562 1710; x_wconf 77' lang='grc' dir='ltr'>προειρημένον</span> <span class='ocrx_word' id='word_1_287' title='bbox 3595 1635 3715 1689; x_wconf 69' lang='grc' dir='ltr'>ὑπὸ</span> <span class='ocrx_word' id='word_1_288' title='bbox 3741 1633 3820 1686; x_wconf 62' lang='grc' dir='ltr'><strong>τα]</strong></span> 
     </span>
    </p>
   </div>
   <div class='ocr_carea' id='block_1_45' title="bbox 2216 1730 3825 1809">
    <p class='ocr_par' dir='ltr' id='par_1_45' title="bbox 2216 1730 3825 1809">
     <span class='ocr_line' id='line_1_45' title="bbox 2216 1730 3825 1809; baseline -0.007 -18"><span class='ocrx_word' id='word_1_289' title='bbox 2216 1738 2438 1809; x_wconf 89' lang='grc' dir='ltr'>Συμεὼν</span> <span class='ocrx_word' id='word_1_290' title='bbox 2482 1735 2840 1806; x_wconf 77' lang='grc' dir='ltr'>ἐπιϐήσεσθαι</span> <span class='ocrx_word' id='word_1_291' title='bbox 2891 1735 2990 1803; x_wconf 83' lang='grc' dir='ltr'><strong>τῆς</strong></span> <span class='ocrx_word' id='word_1_292' title='bbox 3044 1732 3317 1803; x_wconf 78' lang='grc' dir='ltr'><strong>βασιλείας</strong></span> <span class='ocrx_word' id='word_1_293' title='bbox 3366 1731 3590 1792; x_wconf 68' lang='grc' dir='ltr'>αὐτὸν,</span> <span class='ocrx_word' id='word_1_294' title='bbox 3616 1730 3685 1781; x_wconf 76' lang='grc' dir='ltr'>οὐ</span> <span class='ocrx_word' id='word_1_295' title='bbox 3730 1731 3825 1798; x_wconf 72' lang='grc' dir='ltr'>μὴν</span> 
     </span>
    </p>
   </div>
   <div class='ocr_carea' id='block_1_46' title="bbox 2217 1817 3825 1892">
    <p class='ocr_par' dir='ltr' id='par_1_46' title="bbox 2217 1817 3825 1892">
     <span class='ocr_line' id='line_1_46' title="bbox 2217 1817 3825 1892; baseline -0.009 -10"><span class='ocrx_word' id='word_1_296' title='bbox 2217 1829 2352 1882; x_wconf 84' lang='grc' dir='ltr'><strong>ἀλλά</strong></span> <span class='ocrx_word' id='word_1_297' title='bbox 2380 1829 2475 1882; x_wconf 80' lang='grc' dir='ltr'>καὶ</span> <span class='ocrx_word' id='word_1_298' title='bbox 2506 1828 2586 1889; x_wconf 85' lang='grc' dir='ltr'><strong>είς</strong></span> <span class='ocrx_word' id='word_1_299' title='bbox 2619 1827 2770 1889; x_wconf 80' lang='grc' dir='ltr'>τέλος</span> <span class='ocrx_word' id='word_1_300' title='bbox 2799 1823 3119 1892; x_wconf 76' lang='grc' dir='ltr'>ἐκϐεϐηκὸς,</span> <span class='ocrx_word' id='word_1_301' title='bbox 3151 1821 3388 1890; x_wconf 74' lang='grc' dir='ltr'>τοσαύτῃ</span> <span class='ocrx_word' id='word_1_302' title='bbox 3445 1817 3606 1887; x_wconf 81' lang='grc' dir='ltr'>πρὸς</span> <span class='ocrx_word' id='word_1_303' title='bbox 3671 1819 3825 1869; x_wconf 62' lang='lat' dir='ltr'><strong>aii-tino</strong></span> 
     </span>
    </p>
   </div>
   <div class='ocr_carea' id='block_1_47' title="bbox 2217 1908 3823 1994">
    <p class='ocr_par' dir='ltr' id='par_1_47' title="bbox 2217 1908 3823 1994">
     <span class='ocr_line' id='line_1_47' title="bbox 2217 1908 3823 1994; baseline -0.011 -18"><span class='ocrx_word' id='word_1_304' title='bbox 2217 1923 2414 1994; x_wconf 81' lang='grc' dir='ltr'>ἐχρῆτο</span> <span class='ocrx_word' id='word_1_305' title='bbox 2448 1920 2629 1975; x_wconf 84' lang='grc' dir='ltr'>πίστει</span> <span class='ocrx_word' id='word_1_306' title='bbox 2654 1920 2748 1972; x_wconf 77' lang='grc' dir='ltr'><strong>καὶ</strong></span> <span class='ocrx_word' id='word_1_307' title='bbox 2777 1917 2958 1986; x_wconf 77' lang='grc' dir='ltr'>ψυχῆς</span> <span class='ocrx_word' id='word_1_308' title='bbox 2974 1914 3232 1973; x_wconf 84' lang='grc' dir='ltr'><strong>διαθέσει,</strong></span> <span class='ocrx_word' id='word_1_309' title='bbox 3257 1914 3393 1980; x_wconf 85' lang='grc' dir='ltr'>ὅσην</span> <span class='ocrx_word' id='word_1_310' title='bbox 3413 1911 3518 1963; x_wconf 71' lang='grc' dir='ltr'>τὸν</span> <span class='ocrx_word' id='word_1_311' title='bbox 3557 1908 3823 1978; x_wconf 69' lang='grc' dir='ltr'>τηλικαῶ</span> 
     </span>
    </p>
   </div>
   <div class='ocr_carea' id='block_1_48' title="bbox 2216 2000 3824 2088">
    <p class='ocr_par' dir='ltr' id='par_1_48' title="bbox 2216 2000 3824 2088">
     <span class='ocr_line' id='line_1_48' title="bbox 2216 2000 3824 2088; baseline -0.014 -16"><span class='ocrx_word' id='word_1_312' title='bbox 2216 2033 2316 2088; x_wconf 90' lang='grc' dir='ltr'><strong>της</strong></span> <span class='ocrx_word' id='word_1_313' title='bbox 2350 2015 2479 2082; x_wconf 86' lang='grc' dir='ltr'>παρ’</span> <span class='ocrx_word' id='word_1_314' title='bbox 2511 2011 2676 2066; x_wconf 84' lang='grc' dir='ltr'>αὐτοῦ</span> <span class='ocrx_word' id='word_1_315' title='bbox 2710 2009 2941 2079; x_wconf 83' lang='grc' dir='ltr'>τυχόντα</span> <span class='ocrx_word' id='word_1_316' title='bbox 2965 2005 3301 2076; x_wconf 76' lang='grc' dir='ltr'>προφητείας</span> <span class='ocrx_word' id='word_1_317' title='bbox 3325 2002 3509 2065; x_wconf 72' lang='grc' dir='ltr'>εἰκὸς,</span> <span class='ocrx_word' id='word_1_318' title='bbox 3536 2000 3705 2052; x_wconf 74' lang='grc' dir='ltr'>ὥστε</span> <span class='ocrx_word' id='word_1_319' title='bbox 3741 2001 3824 2052; x_wconf 77' lang='grc' dir='ltr'>καὶ</span> 
     </span>
    </p>
   </div>
   <div class='ocr_carea' id='block_1_49' title="bbox 2219 2094 3822 2178">
    <p class='ocr_par' dir='ltr' id='par_1_49' title="bbox 2219 2094 3822 2178">
     <span class='ocr_line' id='line_1_49' title="bbox 2219 2094 3822 2178; baseline -0.013 -15"><span class='ocrx_word' id='word_1_320' title='bbox 2219 2108 2490 2178; x_wconf 78' lang='grc' dir='ltr'>θυγατρὸς</span> <span class='ocrx_word' id='word_1_321' title='bbox 2524 2105 2630 2160; x_wconf 81' lang='grc' dir='ltr'>ὑπὸ</span> <span class='ocrx_word' id='word_1_322' title='bbox 2650 2103 2901 2172; x_wconf 84' lang='grc' dir='ltr'>δαίμονος</span> <span class='ocrx_word' id='word_1_323' title='bbox 2933 2101 3081 2168; x_wconf 84' lang='grc' dir='ltr'>αὐτῷ</span> <span class='ocrx_word' id='word_1_324' title='bbox 3112 2097 3297 2158; x_wconf 84' lang='grc' dir='ltr'>δεινῶς</span> <span class='ocrx_word' id='word_1_325' title='bbox 3335 2094 3822 2164; x_wconf 77' lang='grc' dir='ltr'>βασανιζομένης,</span> 
     </span>
    </p>
   </div>
   <div class='ocr_carea' id='block_1_50' title="bbox 2217 2185 3821 2271">
    <p class='ocr_par' dir='ltr' id='par_1_50' title="bbox 2217 2185 3821 2271">
     <span class='ocr_line' id='line_1_50' title="bbox 2217 2185 3821 2271; baseline -0.012 -16"><span class='ocrx_word' id='word_1_326' title='bbox 2217 2202 2354 2271; x_wconf 79' lang='grc' dir='ltr'>πρὸς</span> <span class='ocrx_word' id='word_1_327' title='bbox 2404 2199 2504 2269; x_wconf 82' lang='grc' dir='ltr'>μὲν</span> <span class='ocrx_word' id='word_1_328' title='bbox 2563 2198 2688 2259; x_wconf 77' lang='grc' dir='ltr'>τοὺς</span> <span class='ocrx_word' id='word_1_329' title='bbox 2727 2195 2919 2258; x_wconf 77' lang='grc' dir='ltr'>ἀλλους</span> <span class='ocrx_word' id='word_1_330' title='bbox 2951 2192 3016 2246; x_wconf 86' lang='grc' dir='ltr'>δι’</span> <span class='ocrx_word' id='word_1_331' title='bbox 3051 2189 3310 2259; x_wconf 77' lang='grc' dir='ltr'><strong>αἰσχύνης</strong></span> <span class='ocrx_word' id='word_1_332' title='bbox 3355 2188 3438 2256; x_wconf 85' lang='grc' dir='ltr'>τῷ</span> <span class='ocrx_word' id='word_1_333' title='bbox 3493 2186 3737 2256; x_wconf 84' lang='grc' dir='ltr'>βασι.λεί</span> <span class='ocrx_word' id='word_1_334' title='bbox 3771 2185 3821 2235; x_wconf 69' lang='grc' dir='ltr'>τὸ</span> 
     </span>
    </p>
   </div>
   <div class='ocr_carea' id='block_1_51' title="bbox 2217 2280 3819 2362">
    <p class='ocr_par' dir='ltr' id='par_1_51' title="bbox 2217 2280 3819 2362">
     <span class='ocr_line' id='line_1_51' title="bbox 2217 2280 3819 2362; baseline -0.012 -16"><span class='ocrx_word' id='word_1_335' title='bbox 2217 2293 2321 2362; x_wconf 79' lang='grc' dir='ltr'>τῆς</span> <span class='ocrx_word' id='word_1_336' title='bbox 2355 2289 2545 2352; x_wconf 77' lang='grc' dir='ltr'>παιδὸς</span> <span class='ocrx_word' id='word_1_337' title='bbox 2576 2284 2718 2342; x_wconf 78' lang='grc' dir='ltr'>εἶναι</span> <span class='ocrx_word' id='word_1_338' title='bbox 2747 2285 2941 2348; x_wconf 82' lang='grc' dir='ltr'>πάθος,</span> <span class='ocrx_word' id='word_1_339' title='bbox 2974 2284 3262 2353; x_wconf 70' lang='grc' dir='ltr'>γράμμασι</span> <span class='ocrx_word' id='word_1_340' title='bbox 3287 2280 3342 2333; x_wconf 87' lang='grc' dir='ltr'>δὲ</span> <span class='ocrx_word' id='word_1_341' title='bbox 3374 2281 3590 2331; x_wconf 80' lang='grc' dir='ltr'>τούτου</span> <span class='ocrx_word' id='word_1_342' title='bbox 3631 2294 3819 2346; x_wconf 80' lang='grc' dir='ltr'>μυστι-</span> 
     </span>
    </p>
   </div>
   <div class='ocr_carea' id='block_1_52' title="bbox 2217 2370 3819 2456">
    <p class='ocr_par' dir='ltr' id='par_1_52' title="bbox 2217 2370 3819 2456">
     <span class='ocr_line' id='line_1_52' title="bbox 2217 2370 3819 2456; baseline -0.014 -14"><span class='ocrx_word' id='word_1_343' title='bbox 2217 2391 2334 2450; x_wconf 83' lang='grc' dir='ltr'>κοῖς</span> <span class='ocrx_word' id='word_1_344' title='bbox 2381 2384 2676 2456; x_wconf 82' lang='grc' dir='ltr'>δεηθῆναι,</span> <span class='ocrx_word' id='word_1_345' title='bbox 2706 2380 2840 2434; x_wconf 82' lang='grc' dir='ltr'>ὥστ’</span> <span class='ocrx_word' id='word_1_346' title='bbox 2881 2376 3162 2432; x_wconf 81' lang='grc' dir='ltr'>ἐπινεῦσαι</span> <span class='ocrx_word' id='word_1_347' title='bbox 3208 2376 3412 2441; x_wconf 84' lang='grc' dir='ltr'>ταύτην</span> <span class='ocrx_word' id='word_1_348' title='bbox 3473 2371 3626 2441; x_wconf 79' lang='grc' dir='ltr'>παρ’</span> <span class='ocrx_word' id='word_1_349' title='bbox 3662 2370 3819 2456; x_wconf 51' lang='lat' dir='ltr'><strong>aiith</strong></span> 
     </span>
    </p>
   </div>
   <div class='ocr_carea' id='block_1_53' title="bbox 2217 2460 3818 2548">
    <p class='ocr_par' dir='ltr' id='par_1_53' title="bbox 2217 2460 3818 2548">
     <span class='ocr_line' id='line_1_53' title="bbox 2217 2460 3818 2548; baseline -0.014 -16"><span class='ocrx_word' id='word_1_350' title='bbox 2217 2475 2567 2548; x_wconf 83' lang='grc' dir='ltr'>κομισθῆναι,</span> <span class='ocrx_word' id='word_1_351' title='bbox 2599 2474 2736 2543; x_wconf 83' lang='grc' dir='ltr'>ὅπερ</span> <span class='ocrx_word' id='word_1_352' title='bbox 2765 2469 2964 2524; x_wconf 74' lang='grc' dir='ltr'>ταυτὸν</span> <span class='ocrx_word' id='word_1_353' title='bbox 2987 2467 3064 2534; x_wconf 77' lang='grc' dir='ltr'><strong>τῷ</strong></span> <span class='ocrx_word' id='word_1_354' title='bbox 3106 2465 3314 2534; x_wconf 73' lang='grc' dir='ltr'>βασιλεῖ</span> <span class='ocrx_word' id='word_1_355' title='bbox 3356 2463 3457 2514; x_wconf 70' lang='grc' dir='ltr'>καὶ</span> <span class='ocrx_word' id='word_1_356' title='bbox 3502 2461 3620 2529; x_wconf 75' lang='grc' dir='ltr'>τῆς</span> <span class='ocrx_word' id='word_1_357' title='bbox 3661 2460 3818 2530; x_wconf 66' lang='grc' dir='ltr'>θερί-</span> 
     </span>
    </p>
   </div>
   <div class='ocr_carea' id='block_1_54' title="bbox 2217 2551 3816 2634">
    <p class='ocr_par' dir='ltr' id='par_1_54' title="bbox 2217 2551 3816 2634">
     <span class='ocr_line' id='line_1_54' title="bbox 2217 2551 3816 2634; baseline -0.011 -12"><span class='ocrx_word' id='word_1_358' title='bbox 2217 2567 2378 2630; x_wconf 84' lang='grc' dir='ltr'>πείας</span> <span class='ocrx_word' id='word_1_359' title='bbox 2406 2564 2507 2634; x_wconf 79' lang='grc' dir='ltr'>τὴν</span> <span class='ocrx_word' id='word_1_360' title='bbox 2539 2563 2704 2617; x_wconf 85' lang='grc' dir='ltr'>παῖδα</span> <span class='ocrx_word' id='word_1_361' title='bbox 2744 2561 2931 2630; x_wconf 83' lang='grc' dir='ltr'>τυχεῖν</span> <span class='ocrx_word' id='word_1_362' title='bbox 2959 2556 3236 2626; x_wconf 74' lang='grc' dir='ltr'>ἐνομίζετο</span> <span class='ocrx_word' id='word_1_363' title='bbox 3266 2570 3280 2584; x_wconf 75' lang='grc' dir='ltr'><strong>ο</strong></span> <span class='ocrx_word' id='word_1_364' title='bbox 3309 2551 3428 2622; x_wconf 65' lang='grc' dir='ltr'>ᾔδει</span> <span class='ocrx_word' id='word_1_365' title='bbox 3461 2552 3586 2621; x_wconf 67' lang='grc' dir='ltr'><strong>γὰρ</strong></span> <span class='ocrx_word' id='word_1_366' title='bbox 3637 2553 3710 2604; x_wconf 86' lang='grc' dir='ltr'><strong>ἐκ</strong></span> <span class='ocrx_word' id='word_1_367' title='bbox 3731 2552 3816 2618; x_wconf 74' lang='grc' dir='ltr'><strong>τῆς</strong></span> 
     </span>
    </p>
   </div>
   <div class='ocr_carea' id='block_1_55' title="bbox 2217 2643 3814 2728">
    <p class='ocr_par' dir='ltr' id='par_1_55' title="bbox 2217 2643 3814 2728">
     <span class='ocr_line' id='line_1_55' title="bbox 2217 2643 3814 2728; baseline -0.013 -16"><span class='ocrx_word' id='word_1_368' title='bbox 2217 2659 2346 2728; x_wconf 79' lang='grc' dir='ltr'>περὶ</span> <span class='ocrx_word' id='word_1_369' title='bbox 2374 2657 2502 2720; x_wconf 77' lang='grc' dir='ltr'>τοὺς</span> <span class='ocrx_word' id='word_1_370' title='bbox 2535 2655 2728 2716; x_wconf 77' lang='grc' dir='ltr'>ἄλλους</span> <span class='ocrx_word' id='word_1_371' title='bbox 2753 2651 2862 2704; x_wconf 87' lang='grc' dir='ltr'><strong>τῶν</strong></span> <span class='ocrx_word' id='word_1_372' title='bbox 2885 2649 2980 2704; x_wconf 89' lang='grc' dir='ltr'><strong>τοῦ</strong></span> <span class='ocrx_word' id='word_1_373' title='bbox 3011 2647 3205 2716; x_wconf 80' lang='grc' dir='ltr'>ἀνδρὸς</span> <span class='ocrx_word' id='word_1_374' title='bbox 3241 2643 3550 2712; x_wconf 81' lang='grc' dir='ltr'>θαυμάτων</span> <span class='ocrx_word' id='word_1_375' title='bbox 3607 2643 3814 2710; x_wconf 66' lang='grc' dir='ltr'>φιλοτι-</span> 
     </span>
    </p>
   </div>
   <div class='ocr_carea' id='block_1_56' title="bbox 2221 2734 3814 2816">
    <p class='ocr_par' dir='ltr' id='par_1_56' title="bbox 2221 2734 3814 2816">
     <span class='ocr_line' id='line_1_56' title="bbox 2221 2734 3814 2816; baseline -0.009 -16"><span class='ocrx_word' id='word_1_376' title='bbox 2221 2751 2368 2816; x_wconf 76' lang='grc' dir='ltr'>μίας,</span> <span class='ocrx_word' id='word_1_377' title='bbox 2400 2747 2476 2810; x_wconf 78' lang='grc' dir='ltr'>ὡς</span> <span class='ocrx_word' id='word_1_378' title='bbox 2500 2747 2622 2800; x_wconf 81' lang='grc' dir='ltr'>οὐδὲ</span> <span class='ocrx_word' id='word_1_379' title='bbox 2653 2743 2794 2812; x_wconf 81' lang='grc' dir='ltr'>αὓτη</span> <span class='ocrx_word' id='word_1_380' title='bbox 2843 2739 3098 2808; x_wconf 81' lang='grc' dir='ltr'>διακενῆς</span> <span class='ocrx_word' id='word_1_381' title='bbox 3150 2736 3510 2806; x_wconf 72' lang='grc' dir='ltr'>ἀναστρέψει.</span> <span class='ocrx_word' id='word_1_382' title='bbox 3573 2735 3694 2787; x_wconf 76' lang='grc' dir='ltr'><strong>Τὸν</strong></span> <span class='ocrx_word' id='word_1_383' title='bbox 3743 2734 3814 2794; x_wconf 81' lang='grc' dir='ltr'><strong>δέ,</strong></span> 
     </span>
    </p>
   </div>
   <div class='ocr_carea' id='block_1_57' title="bbox 2224 2823 3812 2913">
    <p class='ocr_par' dir='ltr' id='par_1_57' title="bbox 2224 2823 3812 2913">
     <span class='ocr_line' id='line_1_57' title="bbox 2224 2823 3812 2913; baseline -0.01 -21"><span class='ocrx_word' id='word_1_384' title='bbox 2224 2839 2356 2913; x_wconf 77' lang='grc' dir='ltr'><strong>μηδέ</strong></span> <span class='ocrx_word' id='word_1_385' title='bbox 2391 2837 2588 2908; x_wconf 86' lang='grc' dir='ltr'>μικρὸν</span> <span class='ocrx_word' id='word_1_386' title='bbox 2622 2833 2921 2904; x_wconf 78' lang='grc' dir='ltr'>ἐπισχόντα</span> <span class='ocrx_word' id='word_1_387' title='bbox 2943 2831 3059 2900; x_wconf 79' lang='grc' dir='ltr'>(καὶ</span> <span class='ocrx_word' id='word_1_388' title='bbox 3087 2827 3380 2896; x_wconf 78' lang='grc' dir='ltr'>σκοπῶμεν</span> <span class='ocrx_word' id='word_1_389' title='bbox 3404 2825 3515 2895; x_wconf 79' lang='grc' dir='ltr'><strong>τὴν</strong></span> <span class='ocrx_word' id='word_1_390' title='bbox 3564 2827 3634 2878; x_wconf 82' lang='grc' dir='ltr'><strong>ἐν</strong></span> <span class='ocrx_word' id='word_1_391' title='bbox 3666 2823 3812 2892; x_wconf 73' lang='grc' dir='ltr'><strong>αὑτῷ</strong></span> 
     </span>
    </p>
   </div>
   <div class='ocr_carea' id='block_1_58' title="bbox 2216 2915 3818 3006">
    <p class='ocr_par' dir='ltr' id='par_1_58' title="bbox 2216 2915 3818 3006">
     <span class='ocr_line' id='line_1_58' title="bbox 2216 2915 3818 3006; baseline -0.014 -16"><span class='ocrx_word' id='word_1_392' title='bbox 2216 2935 2378 3006; x_wconf 83' lang='grc' dir='ltr'>χάριν</span> <span class='ocrx_word' id='word_1_393' title='bbox 2411 2929 2555 2999; x_wconf 81' lang='grc' dir='ltr'>ὅση),</span> <span class='ocrx_word' id='word_1_394' title='bbox 2577 2926 2782 2995; x_wconf 80' lang='grc' dir='ltr'>Θάρσει</span> <span class='ocrx_word' id='word_1_395' title='bbox 2803 2965 2821 2990; x_wconf 86' lang='grc'><strong>,</strong></span> <span class='ocrx_word' id='word_1_396' title='bbox 2848 2920 3068 2992; x_wconf 82' lang='grc' dir='ltr'>βασιλεῦ</span> <span class='ocrx_word' id='word_1_397' title='bbox 3095 2960 3109 2982; x_wconf 86' lang='grc'><strong>,</strong></span> <span class='ocrx_word' id='word_1_398' title='bbox 3131 2919 3292 2981; x_wconf 79' lang='grc' dir='ltr'>εὐθὺς</span> <span class='ocrx_word' id='word_1_399' title='bbox 3318 2917 3701 2985; x_wconf 68' lang='grc' dir='ltr'>ἀντιγράψαι,</span> <span class='ocrx_word' id='word_1_400' title='bbox 3730 2915 3818 2969; x_wconf 77' lang='grc' dir='ltr'>καὶ</span> 
     </span>
    </p>
   </div>
   <div class='ocr_carea' id='block_1_59' title="bbox 2216 3006 3816 3097">
    <p class='ocr_par' dir='ltr' id='par_1_59' title="bbox 2216 3006 3816 3097">
     <span class='ocr_line' id='line_1_59' title="bbox 2216 3006 3816 3097; baseline -0.015 -15"><span class='ocrx_word' id='word_1_401' title='bbox 2216 3026 2351 3097; x_wconf 84' lang='grc' dir='ltr'>Θεῷ.</span> <span class='ocrx_word' id='word_1_402' title='bbox 2370 3024 2598 3095; x_wconf 88' lang='grc' dir='ltr'>χάριτας</span> <span class='ocrx_word' id='word_1_403' title='bbox 2646 3018 2901 3089; x_wconf 83' lang='grc' dir='ltr'>ὁμολόγει</span> <span class='ocrx_word' id='word_1_404' title='bbox 2944 3013 3021 3083; x_wconf 78' lang='grc' dir='ltr'>τῷ</span> <span class='ocrx_word' id='word_1_405' title='bbox 3045 3011 3308 3084; x_wconf 81' lang='grc' dir='ltr'>εὐεργέτῃ</span> <span class='ocrx_word' id='word_1_406' title='bbox 3333 3026 3347 3041; x_wconf 89' lang='grc'><strong>·</strong></span> <span class='ocrx_word' id='word_1_407' title='bbox 3375 3009 3533 3062; x_wconf 85' lang='grc' dir='ltr'>ῐαται</span> <span class='ocrx_word' id='word_1_408' title='bbox 3559 3010 3682 3078; x_wconf 76' lang='grc' dir='ltr'>γὰρ</span> <span class='ocrx_word' id='word_1_409' title='bbox 3715 3006 3816 3060; x_wconf 66' lang='grc' dir='ltr'>ἀπὸ</span> 
     </span>
    </p>
   </div>
   <div class='ocr_carea' id='block_1_60' title="bbox 2215 3097 3816 3185">
    <p class='ocr_par' dir='ltr' id='par_1_60' title="bbox 2215 3097 3816 3185">
     <span class='ocr_line' id='line_1_60' title="bbox 2215 3097 3816 3185; baseline -0.028 0"><span class='ocrx_word' id='word_1_410' title='bbox 2215 3118 2316 3185; x_wconf 81' lang='grc' dir='ltr'><strong>τῆς</strong></span> <span class='ocrx_word' id='word_1_411' title='bbox 2365 3113 2636 3184; x_wconf 78' lang='grc' dir='ltr'>πληγῆςή</span> <span class='ocrx_word' id='word_1_412' title='bbox 2678 3107 2945 3176; x_wconf 81' lang='grc' dir='ltr'>θυγάτηρ.</span> <span class='ocrx_word' id='word_1_413' title='bbox 2976 3105 3164 3173; x_wconf 68' lang='lat' dir='ltr'><strong>&quot;Om-:9.</strong></span> <span class='ocrx_word' id='word_1_414' title='bbox 3207 3099 3513 3171; x_wconf 77' lang='grc' dir='ltr'>συμϐαῖνον</span> <span class='ocrx_word' id='word_1_415' title='bbox 3552 3100 3678 3152; x_wconf 80' lang='grc' dir='ltr'><strong>ἀπὺ</strong></span> <span class='ocrx_word' id='word_1_416' title='bbox 3727 3097 3816 3152; x_wconf 66' lang='grc' dir='ltr'><strong>τοῦ</strong></span> 
     </span>
    </p>
   </div>
   <div class='ocr_carea' id='block_1_61' title="bbox 545 3190 2118 3288">
    <p class='ocr_par' dir='ltr' id='par_1_61' title="bbox 545 3194 2117 3288">
     <span class='ocr_line' id='line_1_61' title="bbox 545 3194 2117 3288; baseline 0.004 -38"><span class='ocrx_word' id='word_1_417' title='bbox 545 3194 793 3288; x_wconf 63' lang='grc' dir='ltr'>Οοηῐίἄε,</span> <span class='ocrx_word' id='word_1_418' title='bbox 829 3195 1148 3266; x_wconf 88' lang='lat' dir='ltr'><strong>imperator,</strong></span> <span class='ocrx_word' id='word_1_419' title='bbox 1181 3206 1237 3251; x_wconf 90' lang='lat' dir='ltr'><strong>et</strong></span> <span class='ocrx_word' id='word_1_420' title='bbox 1259 3197 1370 3253; x_wconf 88' lang='lat' dir='ltr'><strong>Deo</strong></span> <span class='ocrx_word' id='word_1_421' title='bbox 1396 3197 1733 3254; x_wconf 82' lang='lat' dir='ltr'><strong>benefactori</strong></span> <span class='ocrx_word' id='word_1_422' title='bbox 1754 3201 1958 3271; x_wconf 75' lang='lat' dir='ltr'><strong>gratias</strong></span> <span class='ocrx_word' id='word_1_423' title='bbox 1990 3217 2117 3271; x_wconf 88' lang='lat' dir='ltr'><strong>per-</strong></span> 
     </span>
    </p>
   </div>
   <div class='ocr_carea' id='block_1_62' title="bbox 2225 3190 3814 3288">
    <p class='ocr_par' dir='ltr' id='par_1_62' title="bbox 2225 3190 3814 3288">
     <span class='ocr_line' id='line_1_62' title="bbox 2225 3190 3814 3288; baseline -0.013 -28"><span class='ocrx_word' id='word_1_424' title='bbox 2225 3206 2418 3268; x_wconf 79' lang='grc' dir='ltr'>τὲλους-</span> <span class='ocrx_word' id='word_1_425' title='bbox 2456 3198 2571 3274; x_wconf 75' lang='grc' dir='ltr'>εἶχε</span> <span class='ocrx_word' id='word_1_426' title='bbox 2615 3199 2692 3272; x_wconf 82' lang='grc' dir='ltr'>τῷ</span> <span class='ocrx_word' id='word_1_427' title='bbox 2731 3198 3019 3270; x_wconf 81' lang='grc' dir='ltr'>γράμματι</span> <span class='ocrx_word' id='word_1_428' title='bbox 3051 3195 3146 3247; x_wconf 77' lang='grc' dir='ltr'>καὶ</span> <span class='ocrx_word' id='word_1_429' title='bbox 3285 3193 3552 3288; x_wconf 68' lang='grc' dir='ltr'>πρᾶγμα,</span> <span class='ocrx_word' id='word_1_430' title='bbox 3577 3190 3727 3288; x_wconf 77' lang='grc' dir='ltr'>ὁμοῦ</span> <span class='ocrx_word' id='word_1_431' title='bbox 3759 3206 3814 3288; x_wconf 67' lang='grc' dir='ltr'>τε</span> 
     </span>
    </p>
   </div>
   <div class='ocr_carea' id='block_1_63' title="bbox 546 3282 2118 3370">
    <p class='ocr_par' dir='ltr' id='par_1_63' title="bbox 546 3282 2116 3364">
     <span class='ocr_line' id='line_1_63' title="bbox 546 3282 2116 3364; baseline 0.003 -21"><span class='ocrx_word' id='word_1_432' title='bbox 546 3289 737 3356; x_wconf 86' lang='lat' dir='ltr'><strong>solve;</strong></span> <span class='ocrx_word' id='word_1_433' title='bbox 775 3282 981 3344; x_wconf 47' lang='lat' dir='ltr'><strong>&#39;sanata</strong></span> <span class='ocrx_word' id='word_1_434' title='bbox 1029 3305 1269 3360; x_wconf 88' lang='lat' dir='ltr'><strong>namque</strong></span> <span class='ocrx_word' id='word_1_435' title='bbox 1316 3298 1402 3346; x_wconf 90' lang='lat' dir='ltr'><strong>est</strong></span> <span class='ocrx_word' id='word_1_436' title='bbox 1458 3291 1528 3346; x_wconf 91' lang='lat' dir='ltr'><strong>ab</strong></span> <span class='ocrx_word' id='word_1_437' title='bbox 1562 3291 1771 3347; x_wconf 90' lang='lat' dir='ltr'><strong>inﬁicta</strong></span> <span class='ocrx_word' id='word_1_438' title='bbox 1810 3296 1970 3364; x_wconf 83' lang='lat' dir='ltr'><strong>plaga</strong></span> <span class='ocrx_word' id='word_1_439' title='bbox 2002 3293 2116 3348; x_wconf 89' lang='lat' dir='ltr'><strong>ﬁlia</strong></span> 
     </span>
    </p>
   </div>
   <div class='ocr_carea' id='block_1_64' title="bbox 2225 3282 3810 3370">
    <p class='ocr_par' dir='ltr' id='par_1_64' title="bbox 2225 3282 3810 3370">
     <span class='ocr_line' id='line_1_64' title="bbox 2225 3282 3810 3370; baseline -0.013 -15"><span class='ocrx_word' id='word_1_440' title='bbox 2225 3300 2331 3370; x_wconf 82' lang='grc' dir='ltr'>γὰρ</span> <span class='ocrx_word' id='word_1_441' title='bbox 2357 3298 2455 3367; x_wconf 73' lang='grc' dir='ltr'>τὴν</span> <span class='ocrx_word' id='word_1_442' title='bbox 2489 3293 2778 3364; x_wconf 84' lang='grc' dir='ltr'>ἐπιστολὴν</span> <span class='ocrx_word' id='word_1_443' title='bbox 2811 3294 2839 3346; x_wconf 80' lang='grc' dir='ltr'>ὁ</span> <span class='ocrx_word' id='word_1_444' title='bbox 2885 3288 3136 3360; x_wconf 79' lang='grc' dir='ltr'>βασιλεὺς</span> <span class='ocrx_word' id='word_1_445' title='bbox 3169 3286 3407 3351; x_wconf 81' lang='grc' dir='ltr'>δέδεκτο,</span> <span class='ocrx_word' id='word_1_446' title='bbox 3445 3285 3553 3338; x_wconf 70' lang='grc' dir='ltr'><strong>καὶ</strong></span> <span class='ocrx_word' id='word_1_447' title='bbox 3581 3285 3693 3354; x_wconf 81' lang='grc' dir='ltr'>τῆς</span> <span class='ocrx_word' id='word_1_448' title='bbox 3721 3282 3810 3336; x_wconf 80' lang='grc' dir='ltr'><strong>τοῦ</strong></span> 
     </span>
    </p>
   </div>
   <div class='ocr_carea' id='block_1_65' title="bbox 550 3377 2120 3454">
    <p class='ocr_par' dir='ltr' id='par_1_65' title="bbox 550 3377 2120 3454">
     <span class='ocr_line' id='line_1_65' title="bbox 550 3377 2120 3454; baseline 0.006 -23"><span class='ocrx_word' id='word_1_449' title='bbox 550 3387 662 3434; x_wconf 90' lang='lat' dir='ltr'><strong>tua.</strong></span> <span class='ocrx_word' id='word_1_450' title='bbox 693 3377 808 3434; x_wconf 88' lang='lat' dir='ltr'><strong>Nec</strong></span> <span class='ocrx_word' id='word_1_451' title='bbox 840 3395 928 3435; x_wconf 89' lang='lat' dir='ltr'><strong>res</strong></span> <span class='ocrx_word' id='word_1_452' title='bbox 950 3397 980 3436; x_wconf 93' lang='lat' dir='ltr'><strong>a</strong></span> <span class='ocrx_word' id='word_1_453' title='bbox 1005 3381 1206 3437; x_wconf 85' lang='lat' dir='ltr'><strong>litteris</strong></span> <span class='ocrx_word' id='word_1_454' title='bbox 1229 3381 1584 3452; x_wconf 85' lang='lat' dir='ltr'><strong>discrepavit,</strong></span> <span class='ocrx_word' id='word_1_455' title='bbox 1631 3383 1710 3438; x_wconf 91' lang='lat' dir='ltr'><strong>uti</strong></span> <span class='ocrx_word' id='word_1_456' title='bbox 1740 3385 1921 3454; x_wconf 91' lang='lat' dir='ltr'><strong>patuit</strong></span> <span class='ocrx_word' id='word_1_457' title='bbox 1953 3399 2120 3440; x_wconf 87' lang='lat' dir='ltr'><strong>even-</strong></span> 
     </span>
    </p>
   </div>
   <div class='ocr_carea' id='block_1_66' title="bbox 548 3473 2120 3546">
    <p class='ocr_par' dir='ltr' id='par_1_66' title="bbox 548 3473 2120 3546">
     <span class='ocr_line' id='line_1_66' title="bbox 548 3473 2120 3546; baseline 0.004 -21"><span class='ocrx_word' id='word_1_458' title='bbox 548 3481 638 3525; x_wconf 89' lang='lat' dir='ltr'><strong>tu:</strong></span> <span class='ocrx_word' id='word_1_459' title='bbox 673 3487 801 3527; x_wconf 92' lang='lat' dir='ltr'><strong>nam</strong></span> <span class='ocrx_word' id='word_1_460' title='bbox 825 3473 990 3528; x_wconf 90' lang='lat' dir='ltr'><strong>simul</strong></span> <span class='ocrx_word' id='word_1_461' title='bbox 1045 3481 1210 3544; x_wconf 92' lang='lat' dir='ltr'><strong>atque</strong></span> <span class='ocrx_word' id='word_1_462' title='bbox 1263 3475 1464 3530; x_wconf 69' lang='lat' dir='ltr'><strong>littera:</strong></span> <span class='ocrx_word' id='word_1_463' title='bbox 1526 3474 1848 3546; x_wconf 86' lang='lat' dir='ltr'><strong>imperatori</strong></span> <span class='ocrx_word' id='word_1_464' title='bbox 1902 3475 2120 3532; x_wconf 67' lang='lat' dir='ltr'><strong>traditae</strong></span> 
     </span>
    </p>
   </div>
   <div class='ocr_carea' id='block_1_67' title="bbox 545 3552 1986 3637">
    <p class='ocr_par' dir='ltr' id='par_1_67' title="bbox 545 3552 1986 3637">
     <span class='ocr_line' id='line_1_67' title="bbox 545 3552 1986 3637; baseline 0.006 -20"><span class='ocrx_word' id='word_1_465' title='bbox 545 3564 794 3626; x_wconf 83' lang='lat' dir='ltr'><strong>fuerunt,</strong></span> <span class='ocrx_word' id='word_1_466' title='bbox 820 3566 1040 3620; x_wconf 80' lang='lat' dir='ltr'><strong>vexatio</strong></span> <span class='ocrx_word' id='word_1_467' title='bbox 1063 3582 1284 3637; x_wconf 92' lang='lat' dir='ltr'><strong>quoque</strong></span> <span class='ocrx_word' id='word_1_468' title='bbox 1341 3566 1608 3624; x_wconf 81' lang='lat' dir='ltr'><strong>daemonis</strong></span> <span class='ocrx_word' id='word_1_469' title='bbox 1643 3570 1901 3625; x_wconf 90' lang='lat' dir='ltr'><strong>cessavit.</strong></span> <span class='ocrx_word' id='word_1_470' title='bbox 1977 3552 1986 3558; x_wconf 60' lang='grc'><em>’</em></span> 
     </span>
    </p>
   </div>
   <div class='ocr_carea' id='block_1_68' title="bbox 619 3655 2116 3730">
    <p class='ocr_par' dir='ltr' id='par_1_68' title="bbox 619 3655 2116 3730">
     <span class='ocr_line' id='line_1_68' title="bbox 619 3655 2116 3730; baseline 0.007 -22"><span class='ocrx_word' id='word_1_471' title='bbox 619 3655 741 3711; x_wconf 76' lang='grc'><strong>190.</strong></span> <span class='ocrx_word' id='word_1_472' title='bbox 767 3656 1043 3712; x_wconf 91' lang='lat' dir='ltr'><strong>lnciderat</strong></span> <span class='ocrx_word' id='word_1_473' title='bbox 1077 3658 1276 3714; x_wconf 87' lang='lat' dir='ltr'><strong>deinde</strong></span> <span class='ocrx_word' id='word_1_474' title='bbox 1311 3659 1615 3730; x_wconf 88' lang='lat' dir='ltr'><strong>imperator</strong></span> <span class='ocrx_word' id='word_1_475' title='bbox 1642 3662 1758 3730; x_wconf 89' lang='lat' dir='ltr'><strong>ipse</strong></span> <span class='ocrx_word' id='word_1_476' title='bbox 1784 3662 2116 3719; x_wconf 88' lang='lat' dir='ltr'><strong>Justinusin</strong></span> 
     </span>
    </p>
   </div>
   <div class='ocr_carea' id='block_1_69' title="bbox 551 3743 2121 3822">
    <p class='ocr_par' dir='ltr' id='par_1_69' title="bbox 551 3743 2121 3822">
     <span class='ocr_line' id='line_1_69' title="bbox 551 3743 2121 3822; baseline 0.008 -26"><span class='ocrx_word' id='word_1_477' title='bbox 551 3743 948 3810; x_wconf 86' lang='lat' dir='ltr'><strong>inﬁrmitatem,</strong></span> <span class='ocrx_word' id='word_1_478' title='bbox 1007 3764 1132 3804; x_wconf 93' lang='lat' dir='ltr'><strong>eum</strong></span> <span class='ocrx_word' id='word_1_479' title='bbox 1177 3750 1440 3816; x_wconf 89' lang='lat' dir='ltr'><strong>Joannes,</strong></span> <span class='ocrx_word' id='word_1_480' title='bbox 1493 3766 1655 3821; x_wconf 90' lang='lat' dir='ltr'><strong>quem</strong></span> <span class='ocrx_word' id='word_1_481' title='bbox 1705 3753 1819 3822; x_wconf 89' lang='lat' dir='ltr'><strong>jam</strong></span> <span class='ocrx_word' id='word_1_482' title='bbox 1877 3753 2121 3809; x_wconf 89' lang='lat' dir='ltr'><strong>ostendit</strong></span> 
     </span>
    </p>
   </div>
   <div class='ocr_carea' id='block_1_70' title="bbox 548 3837 2120 3914">
    <p class='ocr_par' dir='ltr' id='par_1_70' title="bbox 548 3837 2120 3914">
     <span class='ocr_line' id='line_1_70' title="bbox 548 3837 2120 3914; baseline 0.008 -25"><span class='ocrx_word' id='word_1_483' title='bbox 548 3837 727 3890; x_wconf 91' lang='lat' dir='ltr'><strong>oratio</strong></span> <span class='ocrx_word' id='word_1_484' title='bbox 777 3846 967 3894; x_wconf 89' lang='lat' dir='ltr'><strong>nostra</strong></span> <span class='ocrx_word' id='word_1_485' title='bbox 1019 3839 1644 3913; x_wconf 68' lang='lat' dir='ltr'><strong>Constantinopolitanae</strong></span> <span class='ocrx_word' id='word_1_486' title='bbox 1699 3843 1846 3899; x_wconf 87' lang='lat' dir='ltr'><strong>sedis</strong></span> <span class='ocrx_word' id='word_1_487' title='bbox 1882 3845 2120 3914; x_wconf 90' lang='lat' dir='ltr'><strong>patriar-</strong></span> 
     </span>
    </p>
   </div>
   <div class='ocr_carea' id='block_1_71' title="bbox 477 3927 2121 4007">
    <p class='ocr_par' dir='ltr' id='par_1_71' title="bbox 477 3927 2121 4007">
     <span class='ocr_line' id='line_1_71' title="bbox 477 3927 2121 4007; baseline 0.007 -25"><span class='ocrx_word' id='word_1_488' title='bbox 477 3961 485 3969; x_wconf 94' lang='lat'><strong><em>-</em></strong></span> <span class='ocrx_word' id='word_1_489' title='bbox 549 3927 872 3992; x_wconf 88' lang='lat' dir='ltr'><strong>eham,tum</strong></span> <span class='ocrx_word' id='word_1_490' title='bbox 906 3941 1134 4003; x_wconf 85' lang='lat' dir='ltr'><strong>propter</strong></span> <span class='ocrx_word' id='word_1_491' title='bbox 1198 3950 1468 3990; x_wconf 89' lang='lat' dir='ltr'><strong>summam</strong></span> <span class='ocrx_word' id='word_1_492' title='bbox 1516 3935 1949 3992; x_wconf 80' lang='lat' dir='ltr'><strong>familiaritatem</strong></span> <span class='ocrx_word' id='word_1_493' title='bbox 1999 3953 2121 4007; x_wconf 70' lang='lat' dir='ltr'><strong>qua:</strong></span> 
     </span>
    </p>
   </div>
   <div class='ocr_carea' id='block_1_72' title="bbox 549 4017 2119 4097">
    <p class='ocr_par' dir='ltr' id='par_1_72' title="bbox 549 4017 2119 4097">
     <span class='ocr_line' id='line_1_72' title="bbox 549 4017 2119 4097; baseline 0.007 -27"><span class='ocrx_word' id='word_1_494' title='bbox 549 4017 653 4086; x_wconf 89' lang='lat' dir='ltr'><strong>ipsi</strong></span> <span class='ocrx_word' id='word_1_495' title='bbox 685 4020 1064 4076; x_wconf 90' lang='lat' dir='ltr'><strong>intercedebat</strong></span> <span class='ocrx_word' id='word_1_496' title='bbox 1085 4037 1210 4078; x_wconf 91' lang='lat' dir='ltr'><strong>eum</strong></span> <span class='ocrx_word' id='word_1_497' title='bbox 1239 4023 1479 4088; x_wconf 76' lang='lat' dir='ltr'><strong>Iustino,</strong></span> <span class='ocrx_word' id='word_1_498' title='bbox 1511 4034 1627 4080; x_wconf 89' lang='lat' dir='ltr'><strong>tum</strong></span> <span class='ocrx_word' id='word_1_499' title='bbox 1685 4036 1915 4097; x_wconf 90' lang='lat' dir='ltr'><strong>propter</strong></span> <span class='ocrx_word' id='word_1_500' title='bbox 1975 4026 2119 4081; x_wconf 86' lang='lat' dir='ltr'><strong>ﬁdu-</strong></span> 
     </span>
    </p>
   </div>
   <div class='ocr_carea' id='block_1_73' title="bbox 547 4111 2121 4189">
    <p class='ocr_par' dir='ltr' id='par_1_73' title="bbox 547 4111 2121 4189">
     <span class='ocr_line' id='line_1_73' title="bbox 547 4111 2121 4189; baseline 0.006 -25"><span class='ocrx_word' id='word_1_501' title='bbox 547 4111 694 4166; x_wconf 88' lang='lat' dir='ltr'><strong>ciam</strong></span> <span class='ocrx_word' id='word_1_502' title='bbox 743 4128 912 4183; x_wconf 85' lang='lat' dir='ltr'><strong>quam</strong></span> <span class='ocrx_word' id='word_1_503' title='bbox 955 4125 1218 4184; x_wconf 90' lang='lat' dir='ltr'><strong>posuerat</strong></span> <span class='ocrx_word' id='word_1_504' title='bbox 1249 4117 1306 4171; x_wconf 91' lang='lat' dir='ltr'><strong>in</strong></span> <span class='ocrx_word' id='word_1_505' title='bbox 1363 4116 1673 4188; x_wconf 86' lang='lat' dir='ltr'><strong>Symeone;</strong></span> <span class='ocrx_word' id='word_1_506' title='bbox 1737 4128 1852 4174; x_wconf 92' lang='lat' dir='ltr'><strong>tum</strong></span> <span class='ocrx_word' id='word_1_507' title='bbox 1883 4119 2121 4189; x_wconf 90' lang='lat' dir='ltr'><strong>denique</strong></span> 
     </span>
    </p>
   </div>
   <div class='ocr_carea' id='block_1_74' title="bbox 546 4203 2118 4281">
    <p class='ocr_par' dir='ltr' id='par_1_74' title="bbox 546 4203 2118 4281">
     <span class='ocr_line' id='line_1_74' title="bbox 546 4203 2118 4281; baseline 0.006 -24"><span class='ocrx_word' id='word_1_508' title='bbox 546 4203 694 4272; x_wconf 90' lang='lat' dir='ltr'><strong>quod</strong></span> <span class='ocrx_word' id='word_1_509' title='bbox 726 4203 955 4260; x_wconf 83' lang='lat' dir='ltr'><strong>ﬁrmiter</strong></span> <span class='ocrx_word' id='word_1_510' title='bbox 973 4223 1299 4277; x_wconf 84' lang='lat' dir='ltr'><strong>persuasum</strong></span> <span class='ocrx_word' id='word_1_511' title='bbox 1329 4209 1570 4266; x_wconf 87' lang='lat' dir='ltr'><strong>habebat</strong></span> <span class='ocrx_word' id='word_1_512' title='bbox 1607 4211 1727 4268; x_wconf 88' lang='lat' dir='ltr'><strong>ﬁeri</strong></span> <span class='ocrx_word' id='word_1_513' title='bbox 1777 4227 1888 4266; x_wconf 91' lang='lat' dir='ltr'><strong>non</strong></span> <span class='ocrx_word' id='word_1_514' title='bbox 1935 4227 2118 4281; x_wconf 87' lang='lat' dir='ltr'><strong>posse,</strong></span> 
     </span>
    </p>
   </div>
   <div class='ocr_carea' id='block_1_75' title="bbox 549 4295 2123 4372">
    <p class='ocr_par' dir='ltr' id='par_1_75' title="bbox 549 4295 2123 4372">
     <span class='ocr_line' id='line_1_75' title="bbox 549 4295 2123 4372; baseline 0.006 -24"><span class='ocrx_word' id='word_1_515' title='bbox 549 4303 610 4349; x_wconf 90' lang='lat' dir='ltr'><strong>ut</strong></span> <span class='ocrx_word' id='word_1_516' title='bbox 638 4295 861 4352; x_wconf 84' lang='lat' dir='ltr'><strong>aliunde</strong></span> <span class='ocrx_word' id='word_1_517' title='bbox 890 4305 1102 4353; x_wconf 91' lang='lat' dir='ltr'><strong>tantum</strong></span> <span class='ocrx_word' id='word_1_518' title='bbox 1126 4310 1324 4355; x_wconf 89' lang='lat' dir='ltr'><strong>actam</strong></span> <span class='ocrx_word' id='word_1_519' title='bbox 1359 4311 1676 4372; x_wconf 89' lang='lat' dir='ltr'><strong>promptum</strong></span> <span class='ocrx_word' id='word_1_520' title='bbox 1708 4302 1928 4358; x_wconf 92' lang='lat' dir='ltr'><strong>adesset</strong></span> <span class='ocrx_word' id='word_1_521' title='bbox 1965 4304 2123 4357; x_wconf 84' lang='lat' dir='ltr'><strong>auxi-</strong></span> 
     </span>
    </p>
   </div>
   <div class='ocr_carea' id='block_1_76' title="bbox 548 4385 2123 4463">
    <p class='ocr_par' dir='ltr' id='par_1_76' title="bbox 548 4385 2123 4463">
     <span class='ocr_line' id='line_1_76' title="bbox 548 4385 2123 4463; baseline 0.006 -23"><span class='ocrx_word' id='word_1_522' title='bbox 548 4385 682 4441; x_wconf 91' lang='lat' dir='ltr'><strong>lium</strong></span> <span class='ocrx_word' id='word_1_523' title='bbox 705 4404 729 4452; x_wconf 87' lang='lat'><strong>;.</strong></span> <span class='ocrx_word' id='word_1_524' title='bbox 759 4388 911 4447; x_wconf 78' lang='lat' dir='ltr'><strong>misit</strong></span> <span class='ocrx_word' id='word_1_525' title='bbox 954 4389 1023 4442; x_wconf 91' lang='lat' dir='ltr'><strong>ad</strong></span> <span class='ocrx_word' id='word_1_526' title='bbox 1068 4389 1421 4460; x_wconf 83' lang='lat' dir='ltr'><strong>Symeonem,</strong></span> <span class='ocrx_word' id='word_1_527' title='bbox 1479 4393 1820 4463; x_wconf 85' lang='lat' dir='ltr'><strong>supplicans,</strong></span> <span class='ocrx_word' id='word_1_528' title='bbox 1873 4402 1932 4448; x_wconf 83' lang='lat' dir='ltr'><strong>ut</strong></span> <span class='ocrx_word' id='word_1_529' title='bbox 1977 4393 2123 4463; x_wconf 89' lang='lat' dir='ltr'><strong>apud</strong></span> 
     </span>
    </p>
   </div>
   <div class='ocr_carea' id='block_1_77' title="bbox 547 4477 2124 4554">
    <p class='ocr_par' dir='ltr' id='par_1_77' title="bbox 547 4477 2124 4554">
     <span class='ocr_line' id='line_1_77' title="bbox 547 4477 2124 4554; baseline 0.006 -23"><span class='ocrx_word' id='word_1_530' title='bbox 547 4477 721 4534; x_wconf 87' lang='lat' dir='ltr'><strong>Deum</strong></span> <span class='ocrx_word' id='word_1_531' title='bbox 780 4493 976 4534; x_wconf 89' lang='lat' dir='ltr'><strong>rursus</strong></span> <span class='ocrx_word' id='word_1_532' title='bbox 1026 4480 1419 4547; x_wconf 88' lang='lat' dir='ltr'><strong>intercederet,</strong></span> <span class='ocrx_word' id='word_1_533' title='bbox 1504 4493 1777 4554; x_wconf 86' lang='lat' dir='ltr'><strong>quatenus</strong></span> <span class='ocrx_word' id='word_1_534' title='bbox 1833 4502 1868 4541; x_wconf 86' lang='lat' dir='ltr'><strong>a</strong></span> <span class='ocrx_word' id='word_1_535' title='bbox 1927 4485 2124 4541; x_wconf 90' lang='lat' dir='ltr'><strong>morbo</strong></span> 
     </span>
    </p>
   </div>
   <div class='ocr_carea' id='block_1_78' title="bbox 2218 3377 3338 3462">
    <p class='ocr_par' dir='ltr' id='par_1_78' title="bbox 2218 3377 3338 3462">
     <span class='ocr_line' id='line_1_78' title="bbox 2218 3377 3338 3462; baseline -0.013 -16"><span class='ocrx_word' id='word_1_536' title='bbox 2218 3391 2472 3462; x_wconf 84' lang='grc' dir='ltr'>δαίμονος</span> <span class='ocrx_word' id='word_1_537' title='bbox 2505 3385 2769 3459; x_wconf 76' lang='grc' dir='ltr'>ἐπηρείας</span> <span class='ocrx_word' id='word_1_538' title='bbox 2794 3385 2979 3458; x_wconf 29' lang='grc' dir='ltr'>ἰι-παῖς</span> <span class='ocrx_word' id='word_1_539' title='bbox 3000 3377 3338 3453; x_wconf 76' lang='grc' dir='ltr'>ἀπήλλακτο..</span> 
     </span>
    </p>
   </div>
   <div class='ocr_carea' id='block_1_79' title="bbox 2294 3633 3816 3726">
    <p class='ocr_par' dir='ltr' id='par_1_79' title="bbox 2294 3633 3816 3726">
     <span class='ocr_line' id='line_1_79' title="bbox 2294 3633 3816 3726; baseline -0.018 -16"><span class='ocrx_word' id='word_1_540' title='bbox 2294 3660 2403 3726; x_wconf 55' lang='grc' dir='ltr'>ριιυ.</span> <span class='ocrx_word' id='word_1_541' title='bbox 2435 3651 2542 3706; x_wconf 89' lang='grc' dir='ltr'><strong>Τοῦ</strong></span> <span class='ocrx_word' id='word_1_542' title='bbox 2607 3648 2664 3703; x_wconf 78' lang='grc' dir='ltr'>δὲ</span> <span class='ocrx_word' id='word_1_543' title='bbox 2716 3644 2884 3702; x_wconf 84' lang='grc' dir='ltr'>αὗτοῦ</span> <span class='ocrx_word' id='word_1_544' title='bbox 2941 3641 3134 3696; x_wconf 83' lang='grc' dir='ltr'>τούτου</span> <span class='ocrx_word' id='word_1_545' title='bbox 3189 3635 3459 3709; x_wconf 79' lang='grc' dir='ltr'>βασιλέως</span> <span class='ocrx_word' id='word_1_546' title='bbox 3521 3633 3816 3687; x_wconf 76' lang='grc' dir='ltr'>ἰουστξνου</span> 
     </span>
    </p>
   </div>
   <div class='ocr_carea' id='block_1_80' title="bbox 2221 3729 3814 3818">
    <p class='ocr_par' dir='ltr' id='par_1_80' title="bbox 2221 3729 3814 3818">
     <span class='ocr_line' id='line_1_80' title="bbox 2221 3729 3814 3818; baseline -0.018 -15"><span class='ocrx_word' id='word_1_547' title='bbox 2221 3749 2362 3818; x_wconf 84' lang='grc' dir='ltr'><strong>νόσῳ</strong></span> <span class='ocrx_word' id='word_1_548' title='bbox 2387 3741 2793 3817; x_wconf 78' lang='grc' dir='ltr'>περιπεσόντος,</span> <span class='ocrx_word' id='word_1_549' title='bbox 2830 3735 3074 3801; x_wconf 81' lang='grc' dir='ltr'>Ἰωάννης</span> <span class='ocrx_word' id='word_1_550' title='bbox 3089 3733 3148 3785; x_wconf 87' lang='grc' dir='ltr'><strong>ὃν</strong></span> <span class='ocrx_word' id='word_1_551' title='bbox 3166 3731 3265 3799; x_wconf 84' lang='grc' dir='ltr'>τῆς</span> <span class='ocrx_word' id='word_1_552' title='bbox 3285 3732 3341 3782; x_wconf 86' lang='grc' dir='ltr'><strong>ἐν</strong></span> <span class='ocrx_word' id='word_1_553' title='bbox 3363 3729 3814 3780; x_wconf 69' lang='grc' dir='ltr'>Κωνσταντινου-</span> 
     </span>
    </p>
   </div>
   <div class='ocr_carea' id='block_1_81' title="bbox 2223 3818 3816 3906">
    <p class='ocr_par' dir='ltr' id='par_1_81' title="bbox 2223 3818 3816 3906">
     <span class='ocr_line' id='line_1_81' title="bbox 2223 3818 3816 3906; baseline -0.018 -12"><span class='ocrx_word' id='word_1_554' title='bbox 2223 3840 2378 3894; x_wconf 84' lang='grc' dir='ltr'>πόλει</span> <span class='ocrx_word' id='word_1_555' title='bbox 2456 3834 2717 3906; x_wconf 88' lang='grc' dir='ltr'>πρόεδρον</span> <span class='ocrx_word' id='word_1_556' title='bbox 2780 3825 3062 3890; x_wconf 80' lang='grc' dir='ltr'>ἀπέδειξεν</span> <span class='ocrx_word' id='word_1_557' title='bbox 3129 3818 3458 3889; x_wconf 84' lang='grc' dir='ltr'>Ἐκκλησίας</span> <span class='ocrx_word' id='word_1_558' title='bbox 3534 3818 3564 3869; x_wconf 79' lang='grc' dir='ltr'><strong>ὁ</strong></span> <span class='ocrx_word' id='word_1_559' title='bbox 3621 3818 3816 3883; x_wconf 71' lang='grc' dir='ltr'>λὸγος,</span> 
     </span>
    </p>
   </div>
   <div class='ocr_carea' id='block_1_82' title="bbox 2225 3908 3810 3999">
    <p class='ocr_par' dir='ltr' id='par_1_82' title="bbox 2225 3908 3810 3999">
     <span class='ocr_line' id='line_1_82' title="bbox 2225 3908 3810 3999; baseline -0.017 -15"><span class='ocrx_word' id='word_1_560' title='bbox 2225 3930 2392 3999; x_wconf 79' lang='grc' dir='ltr'>πολλῇ</span> <span class='ocrx_word' id='word_1_561' title='bbox 2442 3927 2540 3996; x_wconf 84' lang='grc' dir='ltr'>μὲν</span> <span class='ocrx_word' id='word_1_562' title='bbox 2572 3926 2638 3995; x_wconf 83' lang='grc' dir='ltr'><strong>τῇ</strong></span> <span class='ocrx_word' id='word_1_563' title='bbox 2697 3920 2833 3993; x_wconf 78' lang='grc' dir='ltr'>πρὸς</span> <span class='ocrx_word' id='word_1_564' title='bbox 2873 3918 3161 3972; x_wconf 78' lang='grc' dir='ltr'>Ἰουστῖνον</span> <span class='ocrx_word' id='word_1_565' title='bbox 3193 3911 3399 3981; x_wconf 76' lang='grc' dir='ltr'>σχέσει,</span> <span class='ocrx_word' id='word_1_566' title='bbox 3444 3909 3624 3979; x_wconf 83' lang='grc' dir='ltr'>πολλῇ</span> <span class='ocrx_word' id='word_1_567' title='bbox 3670 3908 3726 3961; x_wconf 77' lang='grc' dir='ltr'>δὲ</span> <span class='ocrx_word' id='word_1_568' title='bbox 3751 3908 3810 3973; x_wconf 72' lang='grc' dir='ltr'><strong>τῇ</strong></span> 
     </span>
    </p>
   </div>
   <div class='ocr_carea' id='block_1_83' title="bbox 2223 4000 3811 4094">
    <p class='ocr_par' dir='ltr' id='par_1_83' title="bbox 2223 4000 3811 4094">
     <span class='ocr_line' id='line_1_83' title="bbox 2223 4000 3811 4094; baseline -0.018 -17"><span class='ocrx_word' id='word_1_569' title='bbox 2223 4023 2360 4094; x_wconf 78' lang='grc' dir='ltr'>πρὸς</span> <span class='ocrx_word' id='word_1_570' title='bbox 2391 4020 2481 4074; x_wconf 82' lang='grc' dir='ltr'>τὸν</span> <span class='ocrx_word' id='word_1_571' title='bbox 2510 4014 2737 4087; x_wconf 87' lang='grc' dir='ltr'>Συμεὼν</span> <span class='ocrx_word' id='word_1_572' title='bbox 2763 4013 2965 4075; x_wconf 88' lang='grc' dir='ltr'>πίστει,</span> <span class='ocrx_word' id='word_1_573' title='bbox 3001 4008 3099 4061; x_wconf 72' lang='grc' dir='ltr'><strong>καὶ</strong></span> <span class='ocrx_word' id='word_1_574' title='bbox 3128 4006 3205 4077; x_wconf 84' lang='grc' dir='ltr'>τῷ</span> <span class='ocrx_word' id='word_1_575' title='bbox 3252 4001 3576 4094; x_wconf 67' lang='grc' dir='ltr'>μηδαμόθεν</span> <span class='ocrx_word' id='word_1_576' title='bbox 3623 4000 3811 4094; x_wconf 65' lang='grc' dir='ltr'>πεπεῖ-</span> 
     </span>
    </p>
   </div>
   <div class='ocr_carea' id='block_1_84' title="bbox 2225 4090 3809 4178">
    <p class='ocr_par' dir='ltr' id='par_1_84' title="bbox 2225 4090 3809 4178">
     <span class='ocr_line' id='line_1_84' title="bbox 2225 4090 3809 4178; baseline -0.019 -9"><span class='ocrx_word' id='word_1_577' title='bbox 2225 4090 2348 4170; x_wconf 86' lang='grc' dir='ltr'>σθαι</span> <span class='ocrx_word' id='word_1_578' title='bbox 2393 4111 2576 4178; x_wconf 83' lang='grc' dir='ltr'>σαφῶς</span> <span class='ocrx_word' id='word_1_579' title='bbox 2602 4105 2827 4162; x_wconf 77' lang='grc' dir='ltr'>ἄλλοθεν</span> <span class='ocrx_word' id='word_1_580' title='bbox 2855 4102 3193 4174; x_wconf 84' lang='grc' dir='ltr'>τηλικαύτης</span> <span class='ocrx_word' id='word_1_581' title='bbox 3225 4092 3336 4151; x_wconf 79' lang='grc' dir='ltr'><strong>οἷόν</strong></span> <span class='ocrx_word' id='word_1_582' title='bbox 3369 4112 3432 4148; x_wconf 88' lang='grc' dir='ltr'><strong>τε</strong></span> <span class='ocrx_word' id='word_1_583' title='bbox 3487 4090 3641 4147; x_wconf 78' lang='grc' dir='ltr'>εἶναι</span> <span class='ocrx_word' id='word_1_584' title='bbox 3693 4092 3809 4160; x_wconf 74' lang='grc' dir='ltr'>βοη-</span> 
     </span>
    </p>
   </div>
   <div class='ocr_carea' id='block_1_85' title="bbox 2224 4180 3810 4269">
    <p class='ocr_par' dir='ltr' id='par_1_85' title="bbox 2224 4180 3810 4269">
     <span class='ocr_line' id='line_1_85' title="bbox 2224 4180 3810 4269; baseline -0.021 -8"><span class='ocrx_word' id='word_1_585' title='bbox 2224 4206 2372 4268; x_wconf 87' lang='grc' dir='ltr'>θείας</span> <span class='ocrx_word' id='word_1_586' title='bbox 2407 4204 2596 4256; x_wconf 89' lang='grc' dir='ltr'>τοῦτον</span> <span class='ocrx_word' id='word_1_587' title='bbox 2642 4198 2857 4269; x_wconf 84' lang='grc' dir='ltr'>τυχεῖν,</span> <span class='ocrx_word' id='word_1_588' title='bbox 2900 4190 3203 4247; x_wconf 78' lang='grc' dir='ltr'>ἐπιστέλλει</span> <span class='ocrx_word' id='word_1_589' title='bbox 3233 4186 3312 4255; x_wconf 85' lang='grc' dir='ltr'>τῷ</span> <span class='ocrx_word' id='word_1_590' title='bbox 3336 4184 3573 4255; x_wconf 84' lang='grc' dir='ltr'>Συμεὼν</span> <span class='ocrx_word' id='word_1_591' title='bbox 3594 4222 3608 4244; x_wconf 91' lang='grc'><strong>,</strong></span> <span class='ocrx_word' id='word_1_592' title='bbox 3655 4180 3810 4243; x_wconf 74' lang='grc' dir='ltr'>ἀξιῶν</span> 
     </span>
    </p>
   </div>
   <div class='ocr_carea' id='block_1_86' title="bbox 2223 4271 3810 4375">
    <p class='ocr_par' dir='ltr' id='par_1_86' title="bbox 2223 4271 3810 4375">
     <span class='ocr_line' id='line_1_86' title="bbox 2223 4271 3810 4375; baseline -0.02 -23"><span class='ocrx_word' id='word_1_593' title='bbox 2223 4297 2485 4370; x_wconf 82' lang='grc' dir='ltr'>δεηθῆναι</span> <span class='ocrx_word' id='word_1_594' title='bbox 2524 4293 2688 4347; x_wconf 82' lang='grc' dir='ltr'>πάλιν</span> <span class='ocrx_word' id='word_1_595' title='bbox 2721 4290 2929 4344; x_wconf 86' lang='grc' dir='ltr'>ἐκεῖνον</span> <span class='ocrx_word' id='word_1_596' title='bbox 2968 4281 3128 4346; x_wconf 89' lang='grc' dir='ltr'>Θεοῦ,</span> <span class='ocrx_word' id='word_1_597' title='bbox 3153 4279 3420 4375; x_wconf 62' lang='grc' dir='ltr'>ἀνεθῆναι</span> <span class='ocrx_word' id='word_1_598' title='bbox 3457 4276 3554 4375; x_wconf 49' lang='lat' dir='ltr'><strong>&quot;diu</strong></span> <span class='ocrx_word' id='word_1_599' title='bbox 3593 4271 3810 4375; x_wconf 49' lang='lat' dir='ltr'><strong>ﬁas-Stis</strong></span> 
     </span>
    </p>
   </div>
   <div class='ocr_carea' id='block_1_87' title="bbox 2225 4365 3809 4460">
    <p class='ocr_par' dir='ltr' id='par_1_87' title="bbox 2225 4365 3809 4460">
     <span class='ocr_line' id='line_1_87' title="bbox 2225 4365 3809 4460; baseline -0.02 -14"><span class='ocrx_word' id='word_1_600' title='bbox 2225 4365 2325 4460; x_wconf 78' lang='grc' dir='ltr'>τῆς</span> <span class='ocrx_word' id='word_1_601' title='bbox 2377 4365 2558 4442; x_wconf 83' lang='grc' dir='ltr'>νόσου.</span> <span class='ocrx_word' id='word_1_602' title='bbox 2611 4386 2669 4439; x_wconf 85' lang='grc' dir='ltr'><strong>Ὃ</strong></span> <span class='ocrx_word' id='word_1_603' title='bbox 2699 4383 2756 4438; x_wconf 81' lang='grc' dir='ltr'>δέ</span> <span class='ocrx_word' id='word_1_604' title='bbox 2807 4397 2932 4434; x_wconf 91' lang='grc' dir='ltr'>τινα</span> <span class='ocrx_word' id='word_1_605' title='bbox 2979 4377 3047 4430; x_wconf 82' lang='grc' dir='ltr'><strong>τὰ</strong></span> <span class='ocrx_word' id='word_1_606' title='bbox 3099 4373 3229 4443; x_wconf 73' lang='grc' dir='ltr'>περὶ</span> <span class='ocrx_word' id='word_1_607' title='bbox 3264 4369 3430 4460; x_wconf 76' lang='grc' dir='ltr'>αὑτὸν</span> <span class='ocrx_word' id='word_1_608' title='bbox 3483 4365 3690 4460; x_wconf 73' lang='grc' dir='ltr'>ὥσπερ</span> 
     </span>
    </p>
   </div>
   <div class='ocr_carea' id='block_1_88' title="bbox 2226 4453 3807 4548">
    <p class='ocr_par' dir='ltr' id='par_1_88' title="bbox 2226 4453 3807 4548">
     <span class='ocr_line' id='line_1_88' title="bbox 2226 4453 3807 4548; baseline -0.021 -13"><span class='ocrx_word' id='word_1_609' title='bbox 2226 4453 2458 4548; x_wconf 80' lang='grc' dir='ltr'>ἀγνοῶν,</span> <span class='ocrx_word' id='word_1_610' title='bbox 2489 4470 2915 4530; x_wconf 80' lang='grc' dir='ltr'>ἀντεπιστέλλει,</span> <span class='ocrx_word' id='word_1_611' title='bbox 2958 4465 3080 4536; x_wconf 84' lang='grc' dir='ltr'>μηδ’</span> <span class='ocrx_word' id='word_1_612' title='bbox 3105 4460 3282 4516; x_wconf 82' lang='grc' dir='ltr'>ὁτιοῦν</span> <span class='ocrx_word' id='word_1_613' title='bbox 3313 4458 3479 4512; x_wconf 68' lang='grc' dir='ltr'>αὑτὸν</span> <span class='ocrx_word' id='word_1_614' title='bbox 3509 4453 3807 4526; x_wconf 78' lang='grc' dir='ltr'>προσέσθαι</span> 
     </span>
    </p>
   </div>
   <div class='ocr_carea' id='block_1_89' title="bbox 547 4544 2118 4647">
    <p class='ocr_par' dir='ltr' id='par_1_89' title="bbox 547 4544 2118 4647">
     <span class='ocr_line' id='line_1_89' title="bbox 547 4544 2118 4647; baseline 0.007 -25"><span class='ocrx_word' id='word_1_615' title='bbox 547 4578 865 4640; x_wconf 74' lang='lat' dir='ltr'><strong>resurgeret</strong></span> <span class='ocrx_word' id='word_1_616' title='bbox 900 4570 1224 4641; x_wconf 83' lang='lat' dir='ltr'><strong>imperator.</strong></span> <span class='ocrx_word' id='word_1_617' title='bbox 1251 4573 1495 4646; x_wconf 88' lang='lat' dir='ltr'><strong>Symeon</strong></span> <span class='ocrx_word' id='word_1_618' title='bbox 1514 4544 1670 4641; x_wconf 74' lang='lat' dir='ltr'><strong>vero,</strong></span> <span class='ocrx_word' id='word_1_619' title='bbox 1708 4592 1819 4647; x_wconf 81' lang='lat' dir='ltr'><strong>quo</strong></span> <span class='ocrx_word' id='word_1_620' title='bbox 1859 4585 2002 4632; x_wconf 87' lang='lat' dir='ltr'><strong>statu</strong></span> <span class='ocrx_word' id='word_1_621' title='bbox 2033 4593 2118 4633; x_wconf 92' lang='lat' dir='ltr'><strong>re</strong></span> 
     </span>
    </p>
   </div>
   <div class='ocr_carea' id='block_1_90' title="bbox 2225 4544 3808 4647">
    <p class='ocr_par' dir='ltr' id='par_1_90' title="bbox 2226 4544 3808 4647">
     <span class='ocr_line' id='line_1_90' title="bbox 2226 4544 3808 4647; baseline -0.021 -19"><span class='ocrx_word' id='word_1_622' title='bbox 2226 4544 2334 4628; x_wconf 88' lang='grc' dir='ltr'><strong>τῶν</strong></span> <span class='ocrx_word' id='word_1_623' title='bbox 2391 4565 2858 4640; x_wconf 78' lang='grc' dir='ltr'>ἀπηγορευμένων</span> <span class='ocrx_word' id='word_1_624' title='bbox 2901 4558 3044 4627; x_wconf 85' lang='grc' dir='ltr'>Θεῷ,</span> <span class='ocrx_word' id='word_1_625' title='bbox 3077 4555 3173 4608; x_wconf 72' lang='grc' dir='ltr'><strong>καὶ</strong></span> <span class='ocrx_word' id='word_1_626' title='bbox 3215 4553 3447 4647; x_wconf 49' lang='lat' dir='ltr'><strong>calciatu</strong></span> <span class='ocrx_word' id='word_1_627' title='bbox 3690 4544 3808 4647; x_wconf 65' lang='grc' dir='ltr'><strong>Δτὴν</strong></span> 
     </span>
    </p>
   </div>
   <div class='ocr_carea' id='block_1_91' title="bbox 548 4663 2121 4740">
    <p class='ocr_par' dir='ltr' id='par_1_91' title="bbox 548 4663 2121 4740">
     <span class='ocr_line' id='line_1_91' title="bbox 548 4663 2121 4740; baseline 0.004 -24"><span class='ocrx_word' id='word_1_628' title='bbox 548 4663 698 4718; x_wconf 89' lang='lat' dir='ltr'><strong>illius</strong></span> <span class='ocrx_word' id='word_1_629' title='bbox 721 4671 907 4717; x_wconf 88' lang='lat' dir='ltr'><strong>esseut</strong></span> <span class='ocrx_word' id='word_1_630' title='bbox 930 4679 1041 4718; x_wconf 92' lang='lat' dir='ltr'><strong>non</strong></span> <span class='ocrx_word' id='word_1_631' title='bbox 1064 4664 1346 4735; x_wconf 80' lang='lat' dir='ltr'><strong>ignorans,</strong></span> <span class='ocrx_word' id='word_1_632' title='bbox 1389 4669 1702 4725; x_wconf 88' lang='lat' dir='ltr'><strong>renuntiari</strong></span> <span class='ocrx_word' id='word_1_633' title='bbox 1743 4668 1925 4740; x_wconf 84' lang='lat' dir='ltr'><strong>jubet,</strong></span> <span class='ocrx_word' id='word_1_634' title='bbox 1983 4669 2121 4725; x_wconf 83' lang='lat' dir='ltr'><strong>nihil</strong></span> 
     </span>
    </p>
   </div>
   <div class='ocr_carea' id='block_1_92' title="bbox 545 4753 2123 4831">
    <p class='ocr_par' dir='ltr' id='par_1_92' title="bbox 545 4753 2123 4831">
     <span class='ocr_line' id='line_1_92' title="bbox 545 4753 2123 4831; baseline 0.006 -24"><span class='ocrx_word' id='word_1_635' title='bbox 545 4753 847 4824; x_wconf 84' lang='lat' dir='ltr'><strong>quidquam</strong></span> <span class='ocrx_word' id='word_1_636' title='bbox 875 4763 937 4808; x_wconf 93' lang='lat' dir='ltr'><strong>ut</strong></span> <span class='ocrx_word' id='word_1_637' title='bbox 957 4755 1210 4813; x_wconf 85' lang='lat' dir='ltr'><strong>admittat</strong></span> <span class='ocrx_word' id='word_1_638' title='bbox 1233 4759 1544 4816; x_wconf 82' lang='lat' dir='ltr'><strong>curationis</strong></span> <span class='ocrx_word' id='word_1_639' title='bbox 1561 4761 1630 4815; x_wconf 91' lang='lat' dir='ltr'><strong>ab</strong></span> <span class='ocrx_word' id='word_1_640' title='bbox 1656 4761 1787 4826; x_wconf 85' lang='lat' dir='ltr'><strong>illis,</strong></span> <span class='ocrx_word' id='word_1_641' title='bbox 1815 4761 1910 4831; x_wconf 89' lang='lat' dir='ltr'><strong>qui</strong></span> <span class='ocrx_word' id='word_1_642' title='bbox 1948 4761 2123 4817; x_wconf 88' lang='lat' dir='ltr'><strong>Deum</strong></span> 
     </span>
    </p>
   </div>
   <div class='ocr_carea' id='block_1_93' title="bbox 549 4851 2127 4920">
    <p class='ocr_par' dir='ltr' id='par_1_93' title="bbox 549 4851 2127 4920">
     <span class='ocr_line' id='line_1_93' title="bbox 549 4851 2127 4920; baseline 0.006 -22"><span class='ocrx_word' id='word_1_643' title='bbox 549 4857 849 4916; x_wconf 78' lang='lat' dir='ltr'><strong>negarunt,</strong></span> <span class='ocrx_word' id='word_1_644' title='bbox 883 4854 941 4902; x_wconf 92' lang='lat' dir='ltr'><strong>et</strong></span> <span class='ocrx_word' id='word_1_645' title='bbox 963 4863 1198 4920; x_wconf 84' lang='lat' dir='ltr'><strong>propere</strong></span> <span class='ocrx_word' id='word_1_646' title='bbox 1228 4851 1594 4906; x_wconf 88' lang='lat' dir='ltr'><strong>adventuram</strong></span> <span class='ocrx_word' id='word_1_647' title='bbox 1645 4852 1964 4908; x_wconf 89' lang='lat' dir='ltr'><strong>sanitatem.</strong></span> <span class='ocrx_word' id='word_1_648' title='bbox 2016 4852 2127 4908; x_wconf 88' lang='lat' dir='ltr'><strong>lm-</strong></span> 
     </span>
    </p>
   </div>
   <div class='ocr_carea' id='block_1_94' title="bbox 551 4943 2126 5012">
    <p class='ocr_par' dir='ltr' id='par_1_94' title="bbox 551 4943 2126 5012">
     <span class='ocr_line' id='line_1_94' title="bbox 551 4943 2126 5012; baseline 0.005 -21"><span class='ocrx_word' id='word_1_649' title='bbox 551 4947 774 5004; x_wconf 89' lang='lat' dir='ltr'><strong>perator</strong></span> <span class='ocrx_word' id='word_1_650' title='bbox 804 4943 985 4996; x_wconf 88' lang='lat' dir='ltr'><strong>sancti</strong></span> <span class='ocrx_word' id='word_1_651' title='bbox 1009 4952 1283 5012; x_wconf 65' lang='lat' dir='ltr'><strong>praecepta</strong></span> <span class='ocrx_word' id='word_1_652' title='bbox 1319 4959 1522 5012; x_wconf 87' lang='lat' dir='ltr'><strong>parum</strong></span> <span class='ocrx_word' id='word_1_653' title='bbox 1548 4943 1741 5000; x_wconf 88' lang='lat' dir='ltr'><strong>sedulo</strong></span> <span class='ocrx_word' id='word_1_654' title='bbox 1800 4945 2126 5009; x_wconf 83' lang='lat' dir='ltr'><strong>observans,</strong></span> 
     </span>
    </p>
   </div>
   <div class='ocr_carea' id='block_1_95' title="bbox 549 5032 2126 5098">
    <p class='ocr_par' dir='ltr' id='par_1_95' title="bbox 549 5032 2126 5098">
     <span class='ocr_line' id='line_1_95' title="bbox 549 5032 2126 5098; baseline 0.004 -16"><span class='ocrx_word' id='word_1_655' title='bbox 549 5044 676 5084; x_wconf 86' lang='lat' dir='ltr'><strong>cum</strong></span> <span class='ocrx_word' id='word_1_656' title='bbox 741 5047 801 5086; x_wconf 85' lang='lat' dir='ltr'><strong>se</strong></span> <span class='ocrx_word' id='word_1_657' title='bbox 861 5032 1178 5088; x_wconf 88' lang='lat' dir='ltr'><strong>tradidisset</strong></span> <span class='ocrx_word' id='word_1_658' title='bbox 1231 5033 1475 5098; x_wconf 82' lang='lat' dir='ltr'><strong>cuidam,</strong></span> <span class='ocrx_word' id='word_1_659' title='bbox 1530 5034 1823 5088; x_wconf 87' lang='lat' dir='ltr'><strong>Timotheo</strong></span> <span class='ocrx_word' id='word_1_660' title='bbox 1879 5035 2126 5098; x_wconf 92' lang='lat' dir='ltr'><strong>nomine,</strong></span> 
     </span>
    </p>
   </div>
   <div class='ocr_carea' id='block_1_96' title="bbox 553 5120 2128 5191">
    <p class='ocr_par' dir='ltr' id='par_1_96' title="bbox 553 5120 2128 5191">
     <span class='ocr_line' id='line_1_96' title="bbox 553 5120 2128 5191; baseline 0.003 -20"><span class='ocrx_word' id='word_1_661' title='bbox 553 5120 825 5189; x_wconf 79' lang='lat' dir='ltr'><strong>religione</strong></span> <span class='ocrx_word' id='word_1_662' title='bbox 861 5122 1125 5187; x_wconf 85' lang='lat' dir='ltr'><strong>Hebraeo,</strong></span> <span class='ocrx_word' id='word_1_663' title='bbox 1169 5123 1267 5191; x_wconf 89' lang='lat' dir='ltr'><strong>qui</strong></span> <span class='ocrx_word' id='word_1_664' title='bbox 1318 5122 1373 5176; x_wconf 88' lang='lat' dir='ltr'><strong>in</strong></span> <span class='ocrx_word' id='word_1_665' title='bbox 1424 5121 1584 5176; x_wconf 92' lang='lat' dir='ltr'><strong>libris</strong></span> <span class='ocrx_word' id='word_1_666' title='bbox 1627 5121 1853 5190; x_wconf 86' lang='lat' dir='ltr'><strong>quidem</strong></span> <span class='ocrx_word' id='word_1_667' title='bbox 1898 5137 1962 5176; x_wconf 91' lang='lat' dir='ltr'><strong>ac</strong></span> <span class='ocrx_word' id='word_1_668' title='bbox 2007 5130 2128 5177; x_wconf 88' lang='lat' dir='ltr'><strong>arte</strong></span> 
     </span>
    </p>
   </div>
   <div class='ocr_carea' id='block_1_97' title="bbox 551 5213 2126 5279">
    <p class='ocr_par' dir='ltr' id='par_1_97' title="bbox 551 5213 2126 5279">
     <span class='ocr_line' id='line_1_97' title="bbox 551 5213 2126 5279; baseline 0.002 -14"><span class='ocrx_word' id='word_1_669' title='bbox 551 5213 765 5269; x_wconf 88' lang='lat' dir='ltr'><strong>medica</strong></span> <span class='ocrx_word' id='word_1_670' title='bbox 807 5214 1100 5271; x_wconf 86' lang='lat' dir='ltr'><strong>videbatur</strong></span> <span class='ocrx_word' id='word_1_671' title='bbox 1136 5224 1410 5279; x_wconf 87' lang='lat' dir='ltr'><strong>versatus,</strong></span> <span class='ocrx_word' id='word_1_672' title='bbox 1461 5230 1522 5269; x_wconf 88' lang='lat' dir='ltr'><strong>re</strong></span> <span class='ocrx_word' id='word_1_673' title='bbox 1556 5229 1685 5269; x_wconf 88' lang='lat' dir='ltr'><strong>vera</strong></span> <span class='ocrx_word' id='word_1_674' title='bbox 1739 5222 1922 5270; x_wconf 90' lang='lat' dir='ltr'><strong>autem</strong></span> <span class='ocrx_word' id='word_1_675' title='bbox 1970 5214 2126 5269; x_wconf 88' lang='lat' dir='ltr'><strong>addi-</strong></span> 
     </span>
    </p>
   </div>
   <div class='ocr_carea' id='block_1_98' title="bbox 550 5303 2126 5378">
    <p class='ocr_par' dir='ltr' id='par_1_98' title="bbox 550 5303 2126 5378">
     <span class='ocr_line' id='line_1_98' title="bbox 550 5303 2126 5378; baseline -0.001 -19"><span class='ocrx_word' id='word_1_676' title='bbox 550 5304 831 5360; x_wconf 89' lang='lat' dir='ltr'><strong>etissimus</strong></span> <span class='ocrx_word' id='word_1_677' title='bbox 853 5313 972 5359; x_wconf 90' lang='lat' dir='ltr'><strong>erat</strong></span> <span class='ocrx_word' id='word_1_678' title='bbox 997 5303 1470 5366; x_wconf 81' lang='lat' dir='ltr'><strong>incantationibus</strong></span> <span class='ocrx_word' id='word_1_679' title='bbox 1518 5305 1628 5378; x_wconf 86' lang='lat' dir='ltr'><strong>(his</strong></span> <span class='ocrx_word' id='word_1_680' title='bbox 1683 5303 1831 5360; x_wconf 90' lang='lat' dir='ltr'><strong>enim</strong></span> <span class='ocrx_word' id='word_1_681' title='bbox 1869 5303 2126 5359; x_wconf 90' lang='lat' dir='ltr'><strong>studebat</strong></span> 
     </span>
    </p>
   </div>
   <div class='ocr_carea' id='block_1_99' title="bbox 625 5441 2125 5510">
    <p class='ocr_par' dir='ltr' id='par_1_99' title="bbox 625 5441 2125 5510">
     <span class='ocr_line' id='line_1_99' title="bbox 625 5441 2125 5510; baseline -0.003 -11"><span class='ocrx_word' id='word_1_682' title='bbox 625 5445 737 5510; x_wconf 68' lang='grc'><strong>(46)</strong></span> <span class='ocrx_word' id='word_1_683' title='bbox 780 5442 1078 5498; x_wconf 78' lang='lat' dir='ltr'><strong>Bellissime</strong></span> <span class='ocrx_word' id='word_1_684' title='bbox 1128 5443 1240 5498; x_wconf 67' lang='lat' dir='ltr'><strong>hac</strong></span> <span class='ocrx_word' id='word_1_685' title='bbox 1277 5442 1595 5496; x_wconf 77' lang='lat' dir='ltr'><strong>concordant</strong></span> <span class='ocrx_word' id='word_1_686' title='bbox 1629 5459 1749 5496; x_wconf 85' lang='lat' dir='ltr'><strong>cum</strong></span> <span class='ocrx_word' id='word_1_687' title='bbox 1797 5441 2125 5510; x_wconf 78' lang='lat' dir='ltr'><strong>Theophane,</strong></span> 
     </span>
    </p>
   </div>
   <div class='ocr_carea' id='block_1_100' title="bbox 553 5507 2129 5584">
    <p class='ocr_par' dir='ltr' id='par_1_100' title="bbox 553 5507 2129 5584">
     <span class='ocr_line' id='line_1_100' title="bbox 553 5507 2129 5584; baseline -0.001 -16"><span class='ocrx_word' id='word_1_688' title='bbox 553 5507 863 5569; x_wconf 35' lang='lat' dir='ltr'><strong>ad‘annum</strong></span> <span class='ocrx_word' id='word_1_689' title='bbox 919 5513 1043 5577; x_wconf 83' lang='lat'><strong>565,</strong></span> <span class='ocrx_word' id='word_1_690' title='bbox 1084 5515 1160 5568; x_wconf 72' lang='lat' dir='ltr'><strong>sic</strong></span> <span class='ocrx_word' id='word_1_691' title='bbox 1215 5513 1490 5584; x_wconf 79' lang='lat' dir='ltr'><strong>loquente:</strong></span> <span class='ocrx_word' id='word_1_692' title='bbox 1550 5513 1664 5584; x_wconf 67' lang='lat' dir='ltr'><strong>Hoc</strong></span> <span class='ocrx_word' id='word_1_693' title='bbox 1711 5527 1877 5584; x_wconf 77' lang='lat' dir='ltr'><strong>almo,</strong></span> <span class='ocrx_word' id='word_1_694' title='bbox 1924 5507 2129 5584; x_wconf 77' lang='lat' dir='ltr'><strong>mensis</strong></span> 
     </span>
    </p>
   </div>
   <div class='ocr_carea' id='block_1_101' title="bbox 553 5581 2126 5653">
    <p class='ocr_par' dir='ltr' id='par_1_101' title="bbox 553 5581 2126 5653">
     <span class='ocr_line' id='line_1_101' title="bbox 553 5581 2126 5653; baseline -0.002 -16"><span class='ocrx_word' id='word_1_695' title='bbox 553 5585 759 5653; x_wconf 80' lang='lat' dir='ltr'><strong>Aprilis</strong></span> <span class='ocrx_word' id='word_1_696' title='bbox 809 5585 1162 5649; x_wconf 88' lang='lat' dir='ltr'><strong>duodecimo,</strong></span> <span class='ocrx_word' id='word_1_697' title='bbox 1206 5581 1522 5652; x_wconf 77' lang='lat' dir='ltr'><strong>patriarcha</strong></span> <span class='ocrx_word' id='word_1_698' title='bbox 1564 5581 2126 5650; x_wconf 86' lang='lat' dir='ltr'><strong>Constantinopolita-</strong></span> 
     </span>
    </p>
   </div>
   <div class='ocr_carea' id='block_1_102' title="bbox 554 5653 2127 5724">
    <p class='ocr_par' dir='ltr' id='par_1_102' title="bbox 554 5653 2127 5724">
     <span class='ocr_line' id='line_1_102' title="bbox 554 5653 2127 5724; baseline -0.001 -18"><span class='ocrx_word' id='word_1_699' title='bbox 554 5669 661 5707; x_wconf 82' lang='lat' dir='ltr'><strong>nus</strong></span> <span class='ocrx_word' id='word_1_700' title='bbox 699 5653 1004 5724; x_wconf 86' lang='lat' dir='ltr'><strong>Eutychius</strong></span> <span class='ocrx_word' id='word_1_701' title='bbox 1031 5670 1060 5707; x_wconf 92' lang='lat' dir='ltr'><strong>a</strong></span> <span class='ocrx_word' id='word_1_702' title='bbox 1093 5655 1403 5709; x_wconf 89' lang='lat' dir='ltr'><strong>Justiniano</strong></span> <span class='ocrx_word' id='word_1_703' title='bbox 1427 5653 1692 5721; x_wconf 81' lang='lat' dir='ltr'><strong>dignitate</strong></span> <span class='ocrx_word' id='word_1_704' title='bbox 1722 5661 1904 5724; x_wconf 80' lang='lat' dir='ltr'><strong>motus</strong></span> <span class='ocrx_word' id='word_1_705' title='bbox 1935 5661 2020 5724; x_wconf 85' lang='lat' dir='ltr'><strong>est</strong></span> <span class='ocrx_word' id='word_1_706' title='bbox 2071 5659 2127 5705; x_wconf 88' lang='lat' dir='ltr'><strong>et</strong></span> 
     </span>
    </p>
   </div>
   <div class='ocr_carea' id='block_1_103' title="bbox 555 5722 2123 5790">
    <p class='ocr_par' dir='ltr' id='par_1_103' title="bbox 555 5722 2123 5790">
     <span class='ocr_line' id='line_1_103' title="bbox 555 5722 2123 5790; baseline 0.001 -17"><span class='ocrx_word' id='word_1_707' title='bbox 555 5722 840 5776; x_wconf 78' lang='lat' dir='ltr'><strong>Amasealn</strong></span> <span class='ocrx_word' id='word_1_708' title='bbox 886 5723 1181 5790; x_wconf 71' lang='lat' dir='ltr'><strong>relegatus.</strong></span> <span class='ocrx_word' id='word_1_709' title='bbox 1227 5724 1468 5778; x_wconf 77' lang='lat' dir='ltr'><strong>Joannes</strong></span> <span class='ocrx_word' id='word_1_710' title='bbox 1508 5738 1638 5776; x_wconf 82' lang='lat' dir='ltr'><strong>vero</strong></span> <span class='ocrx_word' id='word_1_711' title='bbox 1670 5722 2123 5782; x_wconf 77' lang='lat' dir='ltr'><strong>exscholasticus,</strong></span> 
     </span>
    </p>
   </div>
   <div class='ocr_carea' id='block_1_104' title="bbox 559 5791 2127 5860">
    <p class='ocr_par' dir='ltr' id='par_1_104' title="bbox 559 5791 2127 5860">
     <span class='ocr_line' id='line_1_104' title="bbox 559 5791 2127 5860; baseline 0.001 -17"><span class='ocrx_word' id='word_1_712' title='bbox 559 5805 765 5856; x_wconf 59' lang='lat' dir='ltr'><strong>magna;</strong></span> <span class='ocrx_word' id='word_1_713' title='bbox 809 5793 1112 5847; x_wconf 63' lang='lat' dir='ltr'><strong>Antiochiae</strong></span> <span class='ocrx_word' id='word_1_714' title='bbox 1139 5793 1489 5860; x_wconf 82' lang='lat' dir='ltr'><strong>responsalis.</strong></span> <span class='ocrx_word' id='word_1_715' title='bbox 1533 5793 1587 5844; x_wconf 88' lang='lat' dir='ltr'><strong>in</strong></span> <span class='ocrx_word' id='word_1_716' title='bbox 1635 5792 1758 5859; x_wconf 89' lang='lat' dir='ltr'><strong>ejus</strong></span> <span class='ocrx_word' id='word_1_717' title='bbox 1784 5791 1972 5844; x_wconf 85' lang='lat' dir='ltr'><strong>locum</strong></span> <span class='ocrx_word' id='word_1_718' title='bbox 1998 5792 2127 5845; x_wconf 89' lang='lat' dir='ltr'><strong>sub-</strong></span> 
     </span>
    </p>
   </div>
   <div class='ocr_carea' id='block_1_105' title="bbox 560 5860 2125 5929">
    <p class='ocr_par' dir='ltr' id='par_1_105' title="bbox 560 5860 2125 5929">
     <span class='ocr_line' id='line_1_105' title="bbox 560 5860 2125 5929; baseline 0.003 -16"><span class='ocrx_word' id='word_1_719' title='bbox 560 5868 799 5929; x_wconf 80' lang='lat' dir='ltr'><strong>rogatus.</strong></span> <span class='ocrx_word' id='word_1_720' title='bbox 864 5860 1069 5915; x_wconf 84' lang='lat' dir='ltr'><strong>Eodem</strong></span> <span class='ocrx_word' id='word_1_721' title='bbox 1120 5876 1266 5914; x_wconf 88' lang='lat' dir='ltr'><strong>anno</strong></span> <span class='ocrx_word' id='word_1_722' title='bbox 1310 5861 1794 5916; x_wconf 77' lang='lat' dir='ltr'><strong>Justinianus..;...</strong></span> <span class='ocrx_word' id='word_1_723' title='bbox 1876 5871 2125 5917; x_wconf 81' lang='lat' dir='ltr'><strong>mortuus</strong></span> 
     </span>
    </p>
   </div>
   <div class='ocr_carea' id='block_1_106' title="bbox 2232 4636 3806 4730">
    <p class='ocr_par' dir='ltr' id='par_1_106' title="bbox 2232 4636 3806 4730">
     <span class='ocr_line' id='line_1_106' title="bbox 2232 4636 3806 4730; baseline -0.021 -11"><span class='ocrx_word' id='word_1_724' title='bbox 2232 4665 2377 4720; x_wconf 80' lang='grc' dir='ltr'>ῐασιν</span> <span class='ocrx_word' id='word_1_725' title='bbox 2421 4636 2594 4730; x_wconf 54' lang='grc' dir='ltr'>ἦξεινξ</span> <span class='ocrx_word' id='word_1_726' title='bbox 2618 4655 2724 4709; x_wconf 91' lang='grc' dir='ltr'><strong>Τοῦ</strong></span> <span class='ocrx_word' id='word_1_727' title='bbox 2767 4652 2824 4706; x_wconf 84' lang='grc' dir='ltr'>δὲ</span> <span class='ocrx_word' id='word_1_728' title='bbox 2849 4650 2956 4703; x_wconf 84' lang='grc' dir='ltr'><strong>τῶν</strong></span> <span class='ocrx_word' id='word_1_729' title='bbox 2988 4646 3199 4702; x_wconf 84' lang='grc' dir='ltr'>ἐκείνου</span> <span class='ocrx_word' id='word_1_730' title='bbox 3227 4640 3465 4696; x_wconf 73' lang='grc' dir='ltr'>ἐντολῶν</span> <span class='ocrx_word' id='word_1_731' title='bbox 3512 4639 3641 4692; x_wconf 73' lang='grc' dir='ltr'>οὐδὲ</span> <span class='ocrx_word' id='word_1_732' title='bbox 3689 4636 3806 4704; x_wconf 66' lang='grc' dir='ltr'>βρα-</span> 
     </span>
    </p>
   </div>
   <div class='ocr_carea' id='block_1_107' title="bbox 2229 4731 3804 4826">
    <p class='ocr_par' dir='ltr' id='par_1_107' title="bbox 2229 4731 3804 4826">
     <span class='ocr_line' id='line_1_107' title="bbox 2229 4731 3804 4826; baseline -0.018 -17"><span class='ocrx_word' id='word_1_733' title='bbox 2229 4757 2296 4826; x_wconf 81' lang='grc' dir='ltr'><strong>χὺ</strong></span> <span class='ocrx_word' id='word_1_734' title='bbox 2355 4749 2762 4822; x_wconf 84' lang='grc' dir='ltr'>φροντίσαντος,</span> <span class='ocrx_word' id='word_1_735' title='bbox 2805 4741 2944 4797; x_wconf 87' lang='grc' dir='ltr'><strong>ἀλλά</strong></span> <span class='ocrx_word' id='word_1_736' title='bbox 2994 4756 3101 4792; x_wconf 88' lang='grc' dir='ltr'>τινι</span> <span class='ocrx_word' id='word_1_737' title='bbox 3160 4735 3357 4788; x_wconf 79' lang='grc' dir='ltr'>ἐαυτὸν</span> <span class='ocrx_word' id='word_1_738' title='bbox 3427 4731 3804 4785; x_wconf 67' lang='grc' dir='ltr'>ἐκδεδωκότος,</span> 
     </span>
    </p>
   </div>
   <div class='ocr_carea' id='block_1_108' title="bbox 2231 4819 3801 4922">
    <p class='ocr_par' dir='ltr' id='par_1_108' title="bbox 2231 4819 3801 4922">
     <span class='ocr_line' id='line_1_108' title="bbox 2231 4819 3801 4922; baseline -0.02 -22"><span class='ocrx_word' id='word_1_739' title='bbox 2231 4819 2480 4914; x_wconf 32' lang='lat' dir='ltr'><strong>inpos—ap</strong></span> <span class='ocrx_word' id='word_1_740' title='bbox 2519 4840 2616 4912; x_wconf 83' lang='grc' dir='ltr'>μὲν</span> <span class='ocrx_word' id='word_1_741' title='bbox 2642 4839 2742 4908; x_wconf 84' lang='grc' dir='ltr'><strong>τὴν</strong></span> <span class='ocrx_word' id='word_1_742' title='bbox 2771 4827 3245 4904; x_wconf 84' lang='grc' dir='ltr'>κλῆσιν,”Ε6ραίῳ</span> <span class='ocrx_word' id='word_1_743' title='bbox 3272 4826 3328 4878; x_wconf 82' lang='grc' dir='ltr'>δὲ</span> <span class='ocrx_word' id='word_1_744' title='bbox 3367 4824 3476 4922; x_wconf 63' lang='grc' dir='ltr'>τὴν</span> <span class='ocrx_word' id='word_1_745' title='bbox 3493 4819 3801 4922; x_wconf 58' lang='grc' dir='ltr'>θρησκείαν,</span> 
     </span>
    </p>
   </div>
   <div class='ocr_carea' id='block_1_109' title="bbox 2230 4913 3797 5006">
    <p class='ocr_par' dir='ltr' id='par_1_109' title="bbox 2230 4913 3797 5006">
     <span class='ocr_line' id='line_1_109' title="bbox 2230 4913 3797 5006; baseline 0.01 -16"><span class='ocrx_word' id='word_1_746' title='bbox 2230 4913 2383 5006; x_wconf 72' lang='grc' dir='ltr'>ἀνδρὶ</span> <span class='ocrx_word' id='word_1_747' title='bbox 2408 4933 2487 5004; x_wconf 67' lang='grc' dir='ltr'><strong>τῷ</strong></span> <span class='ocrx_word' id='word_1_748' title='bbox 2526 4932 2624 5001; x_wconf 82' lang='grc' dir='ltr'>μὲν</span> <span class='ocrx_word' id='word_1_749' title='bbox 2658 4929 2834 4982; x_wconf 84' lang='grc' dir='ltr'>δοκεῖν</span> <span class='ocrx_word' id='word_1_750' title='bbox 2866 4924 2995 4991; x_wconf 76' lang='grc' dir='ltr'>περὶ</span> <span class='ocrx_word' id='word_1_751' title='bbox 3041 4921 3260 4992; x_wconf 69' lang='grc' dir='ltr'><strong>βίδλους</strong></span> <span class='ocrx_word' id='word_1_752' title='bbox 3310 4914 3517 4986; x_wconf 59' lang='grc' dir='ltr'><strong>ἰατρῶν</strong></span> <span class='ocrx_word' id='word_1_753' title='bbox 3588 4913 3797 5006; x_wconf 46' lang='grc' dir='ltr'><strong>καὶμτῗ</strong></span> 
     </span>
    </p>
   </div>
   <div class='ocr_carea' id='block_1_110' title="bbox 2231 4999 3806 5100">
    <p class='ocr_par' dir='ltr' id='par_1_110' title="bbox 2231 4999 3806 5100">
     <span class='ocr_line' id='line_1_110' title="bbox 2231 4999 3806 5100; baseline -0.017 -20"><span class='ocrx_word' id='word_1_754' title='bbox 2231 4999 2385 5100; x_wconf 72' lang='grc' dir='ltr'>χνην,</span> <span class='ocrx_word' id='word_1_755' title='bbox 2413 4999 2474 5077; x_wconf 56' lang='grc' dir='ltr'><strong>τῦ</strong></span> <span class='ocrx_word' id='word_1_756' title='bbox 2491 4999 2547 5076; x_wconf 82' lang='grc' dir='ltr'><strong>δέ</strong></span> <span class='ocrx_word' id='word_1_757' title='bbox 2575 5019 2794 5091; x_wconf 83' lang='grc' dir='ltr'>ἀληθὲς,</span> <span class='ocrx_word' id='word_1_758' title='bbox 2807 5014 3088 5086; x_wconf 88' lang='grc' dir='ltr'>γοητείαις</span> <span class='ocrx_word' id='word_1_759' title='bbox 3117 5008 3483 5100; x_wconf 69' lang='grc' dir='ltr'>ἠσχολημένιρ</span> <span class='ocrx_word' id='word_1_760' title='bbox 3505 4999 3806 5100; x_wconf 59' lang='grc' dir='ltr'>(σπουδὴῆ</span> 
     </span>
    </p>
   </div>
   <div class='ocr_carea' id='block_1_111' title="bbox 2228 5093 3915 5184">
    <p class='ocr_par' dir='ltr' id='par_1_111' title="bbox 2228 5093 3915 5184">
     <span class='ocr_line' id='line_1_111' title="bbox 2228 5093 3915 5184; baseline -0.02 -12"><span class='ocrx_word' id='word_1_761' title='bbox 2228 5093 2386 5172; x_wconf 58' lang='grc' dir='ltr'><strong>⁸τοῦτο</strong></span> <span class='ocrx_word' id='word_1_762' title='bbox 2433 5113 2534 5184; x_wconf 83' lang='grc' dir='ltr'>τῆς</span> <span class='ocrx_word' id='word_1_763' title='bbox 2598 5110 2850 5166; x_wconf 82' lang='grc' dir='ltr'>συνοίκου</span> <span class='ocrx_word' id='word_1_764' title='bbox 2881 5105 3102 5174; x_wconf 86' lang='grc' dir='ltr'>Σοφίας,</span> <span class='ocrx_word' id='word_1_765' title='bbox 3134 5104 3195 5156; x_wconf 80' lang='grc' dir='ltr'><strong>οὐ</strong></span> <span class='ocrx_word' id='word_1_766' title='bbox 3225 5096 3519 5169; x_wconf 79' lang='grc' dir='ltr'>φιλανδρίᾳ</span> <span class='ocrx_word' id='word_1_767' title='bbox 3565 5093 3806 5165; x_wconf 78' lang='grc' dir='ltr'>μᾶλλονῆ</span> 
     </span>
    </p>
   </div>
   <div class='ocr_carea' id='block_1_112' title="bbox 2234 5189 3807 5285">
    <p class='ocr_par' dir='ltr' id='par_1_112' title="bbox 2234 5189 3807 5285">
     <span class='ocr_line' id='line_1_112' title="bbox 2234 5189 3807 5285; baseline -0.02 -22"><span class='ocrx_word' id='word_1_768' title='bbox 2234 5205 2594 5280; x_wconf 77' lang='grc' dir='ltr'>μικροψυχίᾳ,</span> <span class='ocrx_word' id='word_1_769' title='bbox 2627 5203 2716 5258; x_wconf 29' lang='grc' dir='ltr'><strong>δνιά</strong></span> <span class='ocrx_word' id='word_1_770' title='bbox 2747 5198 3068 5271; x_wconf 79' lang='grc' dir='ltr'>φιλανδρίαν</span> <span class='ocrx_word' id='word_1_771' title='bbox 3097 5195 3154 5248; x_wconf 74' lang='grc' dir='ltr'>δὲ</span> <span class='ocrx_word' id='word_1_772' title='bbox 3187 5193 3332 5261; x_wconf 86' lang='grc' dir='ltr'>τάχα</span> <span class='ocrx_word' id='word_1_773' title='bbox 3362 5189 3476 5285; x_wconf 20' lang='grc' dir='ltr'>*καὶ</span> <span class='ocrx_word' id='word_1_774' title='bbox 3519 5189 3807 5285; x_wconf 58' lang='grc' dir='ltr'>τῇ-μικρο-</span> 
     </span>
    </p>
   </div>
   <div class='ocr_carea' id='block_1_113' title="bbox 2227 5278 3915 5390">
    <p class='ocr_par' dir='ltr' id='par_1_113' title="bbox 2227 5278 3915 5390">
     <span class='ocr_line' id='line_1_113' title="bbox 2227 5278 3915 5390; baseline -0.018 -17"><span class='ocrx_word' id='word_1_775' title='bbox 2227 5278 2399 5373; x_wconf 40' lang='lat' dir='ltr'><strong>(iuxta</strong></span> <span class='ocrx_word' id='word_1_776' title='bbox 2422 5278 2757 5372; x_wconf 60' lang='grc' dir='ltr'><strong>χρωμένης).</strong></span> <span class='ocrx_word' id='word_1_777' title='bbox 2786 5292 2890 5364; x_wconf 72' lang='grc' dir='ltr'><strong>ὁρᾷ</strong></span> <span class='ocrx_word' id='word_1_778' title='bbox 2933 5286 3210 5360; x_wconf 75' lang='grc' dir='ltr'><strong>μεσούσης</strong></span> <span class='ocrx_word' id='word_1_779' title='bbox 3264 5282 3483 5355; x_wconf 80' lang='grc' dir='ltr'><strong>ἡμέρας</strong></span> <span class='ocrx_word' id='word_1_780' title='bbox 3510 5281 3540 5333; x_wconf 78' lang='grc' dir='ltr'>ὁ</span> <span class='ocrx_word' id='word_1_781' title='bbox 3597 5278 3806 5346; x_wconf 68' lang='grc' dir='ltr'><strong>Συμεὼν</strong></span> <span class='ocrx_word' id='word_1_782' title='bbox 3913 5278 3915 5350; x_wconf 59' lang='lat'>1</span> 
     </span>
    </p>
   </div>
   <div class='ocr_carea' id='block_1_114' title="bbox 2236 5415 3915 5502">
    <p class='ocr_par' dir='ltr' id='par_1_114' title="bbox 2236 5415 3915 5502">
     <span class='ocr_line' id='line_1_114' title="bbox 2236 5415 3915 5502; baseline -0.016 -7"><span class='ocrx_word' id='word_1_783' title='bbox 2236 5448 2341 5502; x_wconf 90' lang='lat' dir='ltr'><strong>est,</strong></span> <span class='ocrx_word' id='word_1_784' title='bbox 2385 5437 2476 5492; x_wconf 89' lang='lat' dir='ltr'><strong>die</strong></span> <span class='ocrx_word' id='word_1_785' title='bbox 2529 5433 2826 5489; x_wconf 88' lang='lat' dir='ltr'><strong>undecimo</strong></span> <span class='ocrx_word' id='word_1_786' title='bbox 2879 5427 3088 5482; x_wconf 86' lang='lat' dir='ltr'><strong>mensis</strong></span> <span class='ocrx_word' id='word_1_787' title='bbox 3119 5421 3474 5485; x_wconf 88' lang='lat' dir='ltr'><strong>Novembris,</strong></span> <span class='ocrx_word' id='word_1_788' title='bbox 3519 5418 3806 5502; x_wconf 57' lang='lat' dir='ltr'><strong>indictione</strong></span> <span class='ocrx_word' id='word_1_789' title='bbox 3914 5415 3915 5438; x_wconf 50' lang='grc' dir='ltr'><strong>λ</strong></span> 
     </span>
    </p>
   </div>
   <div class='ocr_carea' id='block_1_115' title="bbox 2240 5498 3804 5577">
    <p class='ocr_par' dir='ltr' id='par_1_115' title="bbox 2240 5498 3804 5577">
     <span class='ocr_line' id='line_1_115' title="bbox 2240 5498 3804 5577; baseline -0.017 -12"><span class='ocrx_word' id='word_1_790' title='bbox 2240 5511 2305 5564; x_wconf 80' lang='lat' dir='ltr'><strong>M</strong></span> <span class='ocrx_word' id='word_1_791' title='bbox 2329 5498 2440 5577; x_wconf 80' lang='lat' dir='ltr'><strong>jam</strong></span> <span class='ocrx_word' id='word_1_792' title='bbox 2492 5513 2931 5577; x_wconf 78' lang='lat' dir='ltr'><strong>eurrente,_eut_u</strong></span> <span class='ocrx_word' id='word_1_793' title='bbox 2971 5505 3253 5577; x_wconf 61' lang='lat' dir='ltr'><strong>regnasset</strong></span> <span class='ocrx_word' id='word_1_794' title='bbox 3291 5507 3472 5549; x_wconf 86' lang='lat' dir='ltr'><strong>annos</strong></span> <span class='ocrx_word' id='word_1_795' title='bbox 3498 5499 3626 5577; x_wconf 72' lang='lat' dir='ltr'><strong>octo</strong></span> <span class='ocrx_word' id='word_1_796' title='bbox 3655 5498 3804 5577; x_wconf 59' lang='lat' dir='ltr'><strong>supra</strong></span> 
     </span>
    </p>
   </div>
   <div class='ocr_carea' id='block_1_116' title="bbox 2237 5566 3804 5649">
    <p class='ocr_par' dir='ltr' id='par_1_116' title="bbox 2237 5566 3804 5649">
     <span class='ocr_line' id='line_1_116' title="bbox 2237 5566 3804 5649; baseline -0.004 -16"><span class='ocrx_word' id='word_1_797' title='bbox 2237 5566 2483 5649; x_wconf 73' lang='lat' dir='ltr'><strong>triginta,</strong></span> <span class='ocrx_word' id='word_1_798' title='bbox 2524 5573 2824 5649; x_wconf 73' lang='lat' dir='ltr'><strong>menses&#39;l,</strong></span> <span class='ocrx_word' id='word_1_799' title='bbox 2869 5568 2988 5649; x_wconf 72' lang='lat' dir='ltr'><strong>dies</strong></span> <span class='ocrx_word' id='word_1_800' title='bbox 3015 5567 3112 5648; x_wconf 52' lang='grc' dir='ltr'><strong>μδ.</strong></span> <span class='ocrx_word' id='word_1_801' title='bbox 3149 5566 3468 5649; x_wconf 30' lang='grc' dir='ltr'>’διωθξξεοξ</span> <span class='ocrx_word' id='word_1_802' title='bbox 3498 5566 3624 5649; x_wconf 55' lang='lat' dir='ltr'><strong>(fith</strong></span> 
     </span>
    </p>
   </div>
   <div class='ocr_carea' id='block_1_117' title="bbox 2233 5630 3800 5713">
    <p class='ocr_par' dir='ltr' id='par_1_117' title="bbox 2233 5630 3800 5713">
     <span class='ocr_line' id='line_1_117' title="bbox 2233 5630 3800 5713; baseline -0.017 -8"><span class='ocrx_word' id='word_1_803' title='bbox 2233 5630 2484 5705; x_wconf 11' lang='lat' dir='ltr'><strong>Juth—inu’s&#39;</strong></span> <span class='ocrx_word' id='word_1_804' title='bbox 2517 5630 2876 5713; x_wconf 84' lang='lat' dir='ltr'><strong>Curopalates</strong></span> <span class='ocrx_word' id='word_1_805' title='bbox 2912 5638 3258 5706; x_wconf 82' lang='lat' dir='ltr'><strong>designatur.</strong></span> <span class='ocrx_word' id='word_1_806' title='bbox 3303 5630 3620 5713; x_wconf 33' lang='lat' dir='ltr'><strong>Diceb-atur‘</strong></span> <span class='ocrx_word' id='word_1_807' title='bbox 3645 5637 3800 5713; x_wconf 56' lang='lat' dir='ltr'><strong>ante:</strong></span> 
     </span>
    </p>
   </div>
   <div class='ocr_carea' id='block_1_118' title="bbox 2236 5701 3799 5776">
    <p class='ocr_par' dir='ltr' id='par_1_118' title="bbox 2236 5701 3799 5776">
     <span class='ocr_line' id='line_1_118' title="bbox 2236 5701 3799 5776; baseline -0.017 -3"><span class='ocrx_word' id='word_1_808' title='bbox 2236 5701 2608 5773; x_wconf 20' lang='lat' dir='ltr'><strong>Sel-iolasticus</strong></span> <span class='ocrx_word' id='word_1_809' title='bbox 2639 5701 2918 5768; x_wconf 59' lang='lat' dir='ltr'><strong>causarum</strong></span> <span class='ocrx_word' id='word_1_810' title='bbox 2957 5701 3215 5776; x_wconf 60' lang='lat' dir='ltr'><strong>patronus</strong></span> <span class='ocrx_word' id='word_1_811' title='bbox 3271 5721 3366 5758; x_wconf 81' lang='lat' dir='ltr'><strong>seu</strong></span> <span class='ocrx_word' id='word_1_812' title='bbox 3396 5702 3704 5776; x_wconf 61' lang='lat' dir='ltr'><strong>advocatus.</strong></span> <span class='ocrx_word' id='word_1_813' title='bbox 3740 5701 3799 5745; x_wconf 69' lang='lat' dir='ltr'><strong>uti</strong></span> 
     </span>
    </p>
   </div>
   <div class='ocr_carea' id='block_1_119' title="bbox 2234 5770 3797 5858">
    <p class='ocr_par' dir='ltr' id='par_1_119' title="bbox 2234 5770 3797 5858">
     <span class='ocr_line' id='line_1_119' title="bbox 2234 5770 3797 5858; baseline -0.019 -13"><span class='ocrx_word' id='word_1_814' title='bbox 2234 5770 2481 5858; x_wconf 54' lang='grc' dir='ltr'><strong>ῥ’[ιὶὶέῑὲιάέ</strong></span> <span class='ocrx_word' id='word_1_815' title='bbox 2512 5770 2686 5841; x_wconf 71' lang='lat' dir='ltr'><strong>uidere</strong></span> <span class='ocrx_word' id='word_1_816' title='bbox 2725 5783 2844 5838; x_wconf 79' lang='lat' dir='ltr'><strong>licet</strong></span> <span class='ocrx_word' id='word_1_817' title='bbox 2893 5770 3036 5848; x_wconf 56' lang='lat' dir='ltr'><strong>apud</strong></span> <span class='ocrx_word' id='word_1_818' title='bbox 3079 5776 3375 5833; x_wconf 73' lang='lat' dir='ltr'><strong>Meursium</strong></span> <span class='ocrx_word' id='word_1_819' title='bbox 3414 5781 3464 5828; x_wconf 81' lang='lat' dir='ltr'><strong>et</strong></span> <span class='ocrx_word' id='word_1_820' title='bbox 3513 5770 3797 5826; x_wconf 60' lang='grc' dir='ltr'>ποόνοιαν.</span> 
     </span>
    </p>
   </div>
  </div>
