3980 6296
176 408 324 473 3161

1239 403 1406 462 VITA
1450 402 1494 458 A
1535 398 1967 460 NICEPHORO
2005 400 2493 461 CONSCRIP’I‘A.

3310 395 3456 461 3162

175 523 384 578 ἑαυτὸν
411 521 510 592 τὴν
539 521 790 592 βασιλίδα
825 519 977 573 πόλιν
1017 516 1393 572 καταλαϐόντα
1443 516 1536 568 καὶ
1577 514 1766 580 ὥσπερ

1878 513 1985 582 ejus
2008 529 2146 568 uxor
2168 515 2370 584 Sophia
2389 513 2522 589 (47),
2551 527 2661 566 non
2690 519 2796 564 tam
2823 510 2925 565 viri
2955 525 3141 566 amore
3161 526 3324 582 quam
3349 528 3462 582 puo.

174 616 240 667 ἐν
263 613 343 685 τῷ
365 614 612 683 παλατίῳ
647 611 931 681 γεγονότα,
960 609 1054 661 καὶ
1100 607 1168 660 τὰ
1199 608 1350 676 παρὰ
1379 605 1474 659 τοῦ
1515 606 1766 660 Ἰουδαίου

173 707 534 776 γεγενημένα
580 705 877 774 θεώμενον,
933 699 1233 770 ἀχθόμενόν
1278 717 1337 751 τε
1391 699 1529 769 πρὸς
1569 699 1765 764 ταῦτα,

175 799 278 852 καὶ
306 793 418 851 οἷον
459 799 559 851 οὐκ
585 797 787 850 ἀνεκτὰ
825 794 1082 848 ποιοῦντα
1119 809 1133 822 °
1178 789 1215 845 ἃ
1240 791 1335 844 καὶ
1367 792 1500 862 δῆλα
1540 791 1620 862 τῷ
1659 809 1769 846 πα-

175 893 425 962 τριάρχῃ
477 890 732 959 καθίστη,
763 889 856 942 καὶ
895 887 972 958 τῷ
1014 885 1243 956 βασιλεῖ,
1272 884 1348 948 ὡς
1383 888 1517 955 παρ’
1557 887 1767 940 ἐκείνου

174 980 702 1052 διαμαρτύρεσθαι,
756 979 852 1033 καὶ
907 979 1231 1050 παρεγγυᾷν
1269 976 1607 1049 ἀποσχέσθαι
1658 977 1770 1031 τῶν

177 1071 443 1124 τοιούτων
469 1069 646 1142 ἠξίου.

258 1335 402 1403 ριια’.
432 1330 544 1385 Καὶ
573 1330 602 1383 ὁ
644 1331 741 1400 μὲν
773 1329 1136 1400 ἀπήγγελλεν,
1160 1329 1221 1382 οὐ
1254 1329 1333 1399 τῷ
1364 1329 1576 1400 βασιλεῖ
1597 1329 1771 1384 ταῦτα

185 1423 370 1492 μόνον,
404 1423 539 1476 ἀλλὰ
577 1425 673 1476 καὶ
697 1425 762 1493 τῇ
798 1415 1101 1496 συζύγῳ,ᾖ
1140 1423 1238 1475 καὶ
1271 1422 1474 1491 μᾶλλον
1506 1422 1773 1476 ἐσπουδά-

183 1515 312 1580 ζετο
329 1517 397 1569 τὰ
414 1514 640 1569 τοιαῦτα
661 1531 674 1545 ο
709 1515 759 1566 οἱ
783 1514 839 1566 δὲ
867 1513 1121 1566 τοσοῦτον
1148 1512 1375 1585 ἐδέησαν
1405 1513 1768 1582 ἀποσχέσθαι,

183 1611 298 1681 ὅσῳ
337 1611 428 1663 καὶ
472 1607 706 1677 γυναῖκά
738 1625 859 1661 τινα
897 1606 1006 1660 τῶν
1040 1607 1518 1677 ἐγγαστριμύθων,
1566 1607 1623 1661 αἶ
1664 1607 1772 1661 ἀπὸ

184 1700 397 1764 κοιλίας
463 1699 705 1769 φωνοῦσι
770 1698 1187 1767 κενολογοῦσαι,
1265 1699 1632 1768 ἐπεισήγαγον
1693 1699 1772 1769 τῷ

195 1792 456 1864 Ἑϐραίῳ,
487 1793 572 1859 ἐφ’
595 1785 640 1860 ᾧ
678 1792 1012 1862 σαφέστερον
1066 1790 1194 1862 παρ’
1232 1791 1446 1859 ἐκείνης
1491 1792 1660 1860 αὐτῆς
1705 1792 1772 1844 τά

183 1882 288 1951 τῆς
331 1883 488 1936 νόσου
531 1882 730 1952 δηλαδὴ
778 1880 1166 1952 γνωρισθῆναι.
1219 1875 1314 1943 Ai;
1346 1881 1536 1934 σκοτία
1573 1881 1771 1950 μᾶλλον

185 1973 253 2024 ἐκ
287 1973 544 2041 μαντείας
576 1971 750 2031 ἐσται,
783 1969 880 2023 καί
912 1969 1157 2022 δύσεται
1185 1971 1217 2022 ό
1249 1968 1422 2035 ἥλιος
1450 1967 1768 2032 ἐπάῠτὰς,

187 2061 289 2116 καὶ
319 2061 694 2116 συσκοτάσει
719 2061 811 2112 ἐπ’
841 2058 1030 2124 αὐτὰς
1057 2060 1096 2127 ἡ
1125 2058 1335 2128 ἡμέρα,
1371 2058 1610 2126 Μιχαίας
1643 2058 1773 2126 περὶ

187 2154 370 2208 αὐτῶν
416 2156 444 2208 ό
483 2153 624 2216 θεῖος
655 2151 835 2213 καλῶς
870 2151 1297 2223 προηγόρευσεν.
1335 2150 1424 2203 Ἔν
1452 2149 1689 2220 τοσούτῳ
1715 2149 1772 2202 δὲ

187 2247 310 2316 ὄψις
354 2247 607 2315 φαίνεται
658 2244 820 2298 πάλιν
869 2245 1031 2314 ἑτέρα
1074 2242 1154 2313 τῷ
1187 2241 1443 2313 Συμεών·
1495 2244 1529 2312 ἡ
1577 2242 1636 2294 δὲ
1680 2237 1770 2313 ἦν·

186 2338 358 2401 Αὐτὸς
407 2337 506 2407 μὲν
544 2338 657 2399 τοῖς
699 2335 994 2404 βασιλείοις
1031 2333 1189 2397 αὖθις
1219 2333 1527 2402 ἐπιδημῶν,
1559 2333 1773 2388 καὶτὸν

189 2427 415 2498 βασιλέα
444 2427 608 2499 ὁρῶν,
640 2429 696 2479 ἐν
721 2420 874 2496 ᾧπερ
904 2425 1085 2478 εἰώθει
1113 2426 1264 2494 τόπῳ
1298 2427 1423 2488 τοὺς
1449 2425 1773 2495 προσιόντας

186 2519 498 2588 δεχόμενον.
551 2516 930 2585 Διανοιγέντας
977 2515 1033 2568 δὲ
1079 2514 1276 2568 αὐτίκα
1323 2515 1451 2579 τοὺς
1488 2516 1771 2585 οὐρανοὺς.

187 2609 283 2662 καί
307 2626 430 2663 τινα
456 2608 606 2662 θείαν
635 2608 847 2662 ἐκεῖθεν
874 2607 1105 2676 δύναμιν
1128 2605 1517 2672 κατελθοῦσαν,
1553 2608 1774 2677 περιδύ-

187 2700 358 2754 σασάν
376 2718 434 2753 τε
466 2697 630 2754 αὑτὸν
669 2699 768 2769 τὴν
795 2698 1084 2770 βασιλικὴν
1113 2697 1339 2766 ἐσθῆτα,
1369 2698 1428 2752 τό
1451 2716 1510 2751 τε
1536 2696 1772 2770 διάδημα

185 2792 282 2862 τῆς
314 2791 558 2862 κεφαλῆς
582 2789 906 2857 ἀφελοῦσαν,
943 2788 1238 2858 Ἐσο,πρδς
1263 2789 1427 2857 αὑτὸν
1449 2790 1773 2859 φάναι,τέως

187 2882 420 2936 ἐνταῦθα
454 2883 602 2952 πάσῃ
645 2881 864 2952 γλώσσῃ
901 2881 1169 2952 διήγημα,
1198 2880 1394 2950 ψεῦδος
1440 2880 1539 2951 τὴν
1581 2881 1774 2937 ἐλπίδα

186 2974 431 3044 θέμενος,
475 2975 568 3027 καὶ
623 2972 698 3044 μὴ
745 2971 865 3043 Θεῷ
911 2973 982 3027 τὰ
1039 2971 1164 3025 καθ’
1210 2972 1402 3025 ἑαυτὸν
1451 2973 1771 3044 ἐπιτρέψας,

186 3065 325 3118 ἀλλὰ
345 3064 562 3136 δαίμοσι
591 3065 792 3134 μᾶλλον
833 3065 929 3118 καὶ
959 3063 1230 3133 δαιμόνων
1265 3063 1570 3133 ἐνεργείαις
1603 3081 1775 3135 προσ-

1873 603 2271 668 sillanimitate,
2309 611 2498 674 utpote
2526 602 2580 656 in
2608 601 2750 656 hanc
2787 617 2855 656 ex
2886 601 2976 655 illa
3004 601 3266 670 deducta)
3316 617 3457 655 eon-

1872 694 2116 763 spicitse
2138 695 2254 764 ipse
2285 694 2525 765 Symeon
2556 693 2734 747 media
2759 694 2847 747 die
2877 694 2943 747 'in
2995 694 3208 762 regiam
3258 695 3454 749 urbem

1872 785 2142 846 delatum,
2181 785 2236 837 in
2295 785 2416 853 ipso
2459 784 2634 838 veluti
2685 783 2889 852 palatio
2939 792 3141 848 astare,
3179 792 3344 852 atque
3372 784 3458 838 in-

1873 877 2086 946 spicere
2119 892 2242 946 qute
2291 893 2321 931 a
2370 876 2560 932 Judaeo
2595 877 2836 941 ﬁebant;
2889 877 3140 931 indolere
3186 869 3351 931 etiam
3388 879 3456 932 ad

1872 970 2009 1032 visa,
2048 977 2105 1023 et.
2164 983 2276 1022 non
2324 968 2550 1024 ferenda
2599 969 2852 1038 judicare
2900 987 2914 1022 :
2967 985 3090 1038 qua:
3132 969 3459 1038 patriarchae

1871 1061 2038 1114 etiam
2062 1061 2350 1115 manifesta
2375 1076 2495 1115 esse
2515 1061 2710 1122 voluit,
2743 1059 3062 1131 rogavitque
3082 1069 3142 1114 ut
3163 1061 3462 1130 imperato—

1873 1165 1990 1206 rem
2015 1167 2045 1205 a
2081 1167 2139 1205 se
2173 1150 2546 1205 obtestaretur
2576 1159 2740 1220 atque
2768 1150 3111 1214 hortaretur,
3147 1149 3459 1204 istiusmodi

1871 1239 2207 1310 impietatem
2231 1239 2452 1294 missam
2474 1239 2695 1294 faceret.

1945 1328 2068 1382 l9l.
2123 1327 2272 1381 Tulit
2351 1329 2665 1396 patriarcha
2728 1345 2839 1383 non
2901 1328 3077 1382 solum
3134 1327 3456 1398 imperatori

1871 1419 2142 1491 ejusmodi
2189 1420 2468 1484 nuntium,
2500 1435 2690 1475 verum
2717 1421 2882 1475 etiam
2931 1422 3148 1490 conjungi
3180 1421 3320 1490 ejus,
3359 1420 3460 1474 ini-
3503 1417 3506 1420 ’

1871 1509 2098 1580 pensius
2154 1509 2464 1563 istiusmodi
2520 1508 2680 1578 nugis
2736 1509 2955 1564 deditae.
3021 1509 3125 1564 Sed
3201 1509 3276 1564 illi
3339 1517 3458 1563 tan-

1873 1607 1988 1653 tum
2051 1601 2208 1655 abest
2267 1608 2327 1654 ut
2383 1600 2776 1662 abstinuerint,
2827 1609 2888 1654 ut
2946 1600 3110 1654 etiam
3169 1600 3455 1655 mulierem

1873 1693 2168 1763 quamdam
2211 1707 2279 1746 ex
2326 1707 2516 1746 earum
2567 1707 2798 1746 numero
2847 1708 2969 1760 qua:
2999 1691 3066 1745 de
3097 1700 3288 1746 ventre
3336 1691 3454 1744 ina-

1875 1801 2000 1840 nem
2029 1801 2342 1840 sermonem
2370 1783 2608 1839 reddunt
2635 1785 2774 1854 (48),
2819 1784 2884 1838 ad
2934 1783 3220 1838 Hebmum
3252 1785 3453 1854 allega-

1878 1877 2008 1940 rint,
2039 1886 2100 1930 ut
2131 1893 2230 1946 per
2269 1892 2390 1930 eam
2442 1876 2682 1930 certiora
2729 1875 2798 1930 de
2841 1876 3034 1929 morbo
3063 1890 3460 1945 cognosceren-

1881 1976 1991 2022 tur.
2042 1967 2247 2021 Verum
2294 1965 2363 2019 de
2429 1964 2632 2018 talibus
2699 1971 2847 2018 recte
2889 1962 3140 2032 praedixit
3186 1961 3459 2018 Michmas.

1873 2056 2019 2126 quod
2085 2056 2326 2110 tenebraa
2378 2056 2462 2110 eis
2514 2071 2583 2109 ex
2633 2054 2970 2108 divinatione
3014 2063 3213 2115 erunt,
3273 2060 3323 2105 et
3375 2069 3462 2104 oc-

1873 2149 2076 2204 cumbet
2123 2148 2204 2204 sol
2259 2165 2418 2219 super
2448 2164 2558 2211 eas,
2611 2155 2661 2200 et
2717 2145 3130 2199 contenebrescet
3171 2160 3329 2214 super
3371 2159 3460 2197 eas

1874 2244 1982 2297 dies
2004 2244 2070 2298 ³⁸.
2100 2243 2314 2299 Interea
2339 2241 2599 2312 Symeoni
2623 2239 2728 2294 alia
2759 2253 2982 2293 rursum
3006 2237 3147 2298 visio
3171 2236 3459 2308 objicilur,

1874 2345 2107 2405 eratque
2135 2334 2281 2389 talis.
2313 2334 2434 2404 Ipse
2465 2334 2667 2389 iterum
2700 2332 2768 2386 ad
2798 2331 3064 2402 palatium
3106 2328 3461 2399 imperatoris

1874 2428 2112 2491 delatus,
2141 2427 2402 2482 cernebat
2423 2426 2623 2496 ipsum,
2651 2440 2762 2494 quo
2781 2430 3144 2478 consueverat
3166 2422 3307 2483 loco,
3330 2420 3462 2475 alfa-

1827 2509 1834 2516 ’
1875 2528 1991 2574 tum
2010 2527 2263 2588 petentes
2291 2517 2546 2587 excipere
2571 2534 2584 2569 :
2620 2515 2883 2570 cernebat
2909 2515 3076 2568 etiam
3103 2528 3226 2566 mox
3257 2512 3462 2581 apertis

1875 2609 2032 2664 caelis
2075 2607 2356 2678 delapsam
2401 2607 2530 2660 inde
2575 2604 2866 2675 quamdam
2903 2605 3164 2657 virtutem
3194 2603 3460 2664 divinam,

1875 2714 1999 2768 quae
2036 2714 2246 2753 exuens
2285 2697 2674 2767 imperatorem
2717 2706 2870 2751 veste
2902 2695 3092 2765 regali.
3121 2702 3178 2749 et
3205 2694 3464 2748 auferens

1875 2789 2074 2859 capitis
2103 2788 2378 2852 diadema,
2428 2789 2648 2843 dicebat
2691 2788 2815 2842 illi:
2864 2789 2996 2843 Esto
3048 2789 3232 2843 fabula
3277 2789 3330 2842 in
3365 2803 3463 2842 ore

1875 2882 2060 2936 omnis
2082 2882 2293 2951 populi,
2324 2881 2455 2952 quia
2479 2881 2710 2950 posuisti
2741 2881 3086 2936 mendacium
3113 2897 3265 2942 spem
3291 2889 3460 2946 tuam,

1875 2980 1932 3028 et
1962 2983 2014 3026 te
2045 2979 2248 3043 tuaque
2287 2989 2397 3026 non
2428 2968 2752 3027 commisisti
2788 2974 2921 3038 Deo,
2960 2973 3055 3028 sed
3095 2972 3330 3027 dmmoni
3368 2988 3464 3041 po-

1882 3064 1994 3119 tius
2023 3065 2256 3135 ejusque
2297 3065 2511 3120 artibus
2536 3065 2820 3135 praebuisti
2860 3080 3040 3118 aures.
3076 3064 3208 3130 Quae
3241 3073 3465 3119 sanctus

185 3155 432 3227 εσχηκώς
451 3172 467 3188 ο
497 3157 526 3210 ὃ
561 3155 698 3227 πρός
728 3174 788 3210 τε
823 3155 948 3218 τοὺς
970 3155 1253 3223 παρόντας
1289 3155 1319 3207 ό
1346 3155 1572 3222 Συμεὼν
1600 3157 1658 3209 ἐν
1680 3155 1765 3208 δάο

1878 3174 1999 3215 cum
2037 3158 2296 3230 lacrymis
2319 3167 2376 3212 et
2400 3158 2590 3212 dolore
2622 3174 2746 3212 cum
2773 3157 3138 3227 praesentibus
3157 3157 3465 3212 communi-

189 3265 379 3318 κρυσιν
408 3249 622 3320 εἰρήκει
651 3249 748 3302 καὶ
772 3247 1001 3318 καρδίας
1029 3247 1193 3318 ὀδύνῃ
1218 3263 1232 3278 ·
1271 3247 1350 3318 τῷ
1372 3265 1429 3300 τε
1461 3250 1773 3322 πατριάρχῃ

185 3340 276 3395 τὸν
305 3333 468 3393 αὐτὸν
497 3340 762 3411 ἐγνώρισε
784 3339 1008 3411 τρόπον,
1038 3343 1132 3394 καὶ
1162 3341 1258 3394 τοῦ
1289 3343 1486 3413 μηκέτι
1521 3341 1656 3412 πρὸς
1677 3343 1777 3395 αὑ-

182 3432 276 3486 τὸν
313 3432 443 3502 περὶ
480 3431 576 3484 τοῦ
611 3430 875 3502 βασιλέως
912 3433 1249 3500 προσθεῖναι.
1295 3435 1370 3488 Οὐ
1423 3433 1560 3488 πολὺ
1617 3434 1678 3488 τὸ
1716 3436 1774 3488 ἐν

188 3523 359 3594 μέσῳ,
391 3523 484 3576 καὶ
521 3524 677 3594 φήμη
710 3523 851 3578 κατὰ
891 3525 1073 3594 πάσης
1107 3524 1334 3594 ἠπείρου
1371 3525 1466 3578 καὶ
1497 3526 1775 3596 θαλάσσης

184 3613 397 3686 ἐχώρει,
425 3615 750 3688 διεφθάρθαι
778 3615 869 3670 τὸν
903 3615 1130 3686 βασιλέα
1159 3617 1258 3681 τὰς
1290 3617 1515 3689 φρένας,
1543 3616 1774 3671 κατόπιν

186 3702 244 3757 δέ
269 3703 363 3757 καὶ
395 3704 625 3768 θάνατος
648 3705 854 3761 εἵπετο.

258 3791 396 3862 ριιβ’.
449 3793 755 3864 Εὐξώμεθα
803 3793 932 3864 περὶ
982 3793 1083 3864 τῆς
1122 3793 1265 3848 κατὰ
1311 3795 1408 3864 τὴν
1443 3794 1774 3864 Ἀντιόχειαν

201 3871 550 3955 Ἐκιιλησίας.
583 3885 824 3954 ἀδελφοὶ,
858 3884 993 3956 φησί
1025 3903 1153 3940 ποτε
1187 3886 1327 3958 πρὸς
1365 3887 1490 3950 τοὺς
1523 3886 1775 3958 μαθητὰς

184 3978 215 4030 ό
259 3975 402 4048 ίερδς
439 3977 685 4046 Συμεών.
729 3977 978 4030 Ἐδὸκουν
1024 3977 1132 4048 γὰρ
1171 3978 1263 4030 τὸν
1297 3977 1577 4049 πρόεδρονι
1603 3978 1775 4049 αὐτῆς

186 4069 442 4137 Δομνῖνον
486 4070 618 4140 όρᾷν
669 4069 762 4121 ἐπὶ
809 4071 870 4121 τὸ
905 4067 1291 4140 θυσιαστήριον
1335 4069 1635 4137 ἀναϐάντα,
1677 4071 1774 4124 καὶ

185 4159 312 4231 τῇδε
357 4159 642 4214 τεθεικότα
695 4160 908 4225 ἐαυτὸν,
957 4161 1052 4214 καὶ
1093 4163 1256 4214 οἱονεὶ
1317 4161 1604 4231 ρέγχοντα,
1653 4158 1774 4216 εἷτα

189 4244 399 4305 ἐκεῖθεν
443 4251 884 4323 καταὸεὸηκότα,
919 4252 1016 4308 καὶ
1059 4251 1210 4323 δεξιᾷ
1249 4252 1344 4306 τοῦ
1383 4252 1772 4324 θυσιαστηρίου

187 4343 495 4414 ἱστάμενον.
518 4344 594 4396 Τὸ
622 4343 722 4414 μὲν
758 4338 851 4397 οὖν
883 4345 1105 4415 πλῆθος,
1134 4343 1230 4398 καὶ
1256 4345 1369 4398 ὅσοι
1401 4344 1496 4398 τοῦ
1532 4344 1775 4417 βήματος

182 4436 546 4504 ἀναμένοντες
580 4432 743 4506 ἦσαν,
777 4436 944 4507 εὐχὴν
966 4437 1236 4490 ἐπιτελεῖν
1267 4436 1358 4492 τὸν
1387 4438 1556 4510 ἄνδρα
1582 4439 1771 4509 οἰόμε-

1879 3250 2058 3316 cavit;
2090 3259 2146 3304 et
2169 3249 2538 3320 patriarcham
2561 3249 2632 3303 de
2660 3249 2828 3304 totius
2853 3249 2931 3304 rei
2961 3248 3158 3303 ordine
3182 3249 3462 3314 instruxit,

1880 3348 1939 3395 ut
1991 3355 2061 3394 ne
2105 3339 2239 3410 quid
2297 3339 2658 3409 imposterum
2719 3338 2776 3392 in
2829 3339 3073 3393 favorem
3115 3338 3468 3408 imperatoris

1876 3440 2212 3503 proponeret
2238 3432 2366 3488 sibi.
2402 3432 2676 3502 Exiguum
2719 3446 2888 3501 porro
2927 3431 3194 3500 temporis
3227 3431 3466 3501 spatium

1875 3525 2228 3596 interjectum
2259 3525 2384 3589 fuit,
2433 3540 2559 3579 cum
2607 3524 2750 3579 fama
2782 3539 2879 3593 per
2910 3531 3081 3577 totam
3116 3524 3344 3592 Epirum
3408 3531 3466 3578 et

1876 3633 2029 3672 mare
2081 3617 2382 3681 emanavit,
2417 3616 2807 3684 imperatorem
2832 3624 3018 3670 mente
3047 3623 3270 3684 captum
3300 3629 3462 3670 esse:

1874 3708 2023 3777 quod
2057 3708 2257 3761 deinde
2295 3714 2592 3761 consecuta
2638 3720 2791 3759 mors
2839 3714 2926 3760 est
2958 3704 3092 3774 (49).

1951 3797 2071 3852 192.
2111 3795 2343 3850 Oremus
2377 3811 2480 3866 pro
2532 3795 2784 3850 Ecclesia
2835 3795 3206 3860 Antiochena,
3255 3795 3468 3865 inquie-

1875 3888 1968 3942 bat
2002 3886 2298 3956 aliquando
2330 3885 2620 3955 discipulis
2649 3885 2765 3940 suis
2799 3893 3021 3941 sanctus
3049 3885 3284 3956 Symeon
3317 3903 3329 3938 :
3383 3886 3468 3940 vi-

1875 3979 2047 4034 debar
2072 3978 2220 4033 enim
2245 3977 2383 4031 mihi
2405 3977 2617 4035 videre.
2645 3977 2947 4032 antistitem
2967 3977 3115 4032 illius
3134 3977 3466 4031 Domninum

1875 4070 2048 4125 altare
2086 4069 2480 4133 conscendere,
2531 4069 2734 4123 ibidem
2787 4085 2846 4123 se
2883 4070 3177 4131 collocare,
3213 4078 3270 4124 et
3293 4069 3467 4124 veluti

1877 4161 2118 4217 ronchos
2158 4162 2404 4228 ducere;
2437 4170 2627 4231 postea
2674 4177 2808 4216 vero
2833 4159 2960 4214 inde
3009 4159 3370 4225 descendere,
3407 4169 3467 4215 et

1877 4253 2101 4309 dextera
2136 4253 2326 4308 altaris
2367 4261 2524 4323 parte
2551 4249 2879 4316 consistere,
2913 4250 3268 4305 existimante
3323 4251 3468 4306 inte-

1878 4345 1985 4400 rim
2016 4346 2316 4400 astantium
2351 4344 2512 4399 turba
2539 4345 2694 4398 illum
2725 4343 2976 4414 precari;
3023 4342 3217 4397 eodem
3254 4343 3306 4395 in
3346 4344 3470 4396 loco

1878 4453 2046 4509 porro
2101 4438 2278 4508 ipsum
2329 4437 2650 4507 aliquandiu
2705 4443 3173 4506 perseverantem,
3229 4434 3464 4489 dicere:

178 4541 285 4580 νοι.
323 4527 432 4579 Καὶ
461 4526 552 4580 τὸν
586 4528 706 4597 μὲν,
737 4530 802 4597 τῇ
831 4527 1010 4598 τοιᾷδε
1043 4528 1231 4582 στάσει
1270 4529 1432 4599 μέχρι
1471 4529 1616 4593 τινὸς
1650 4531 1770 4584 ἐπι-

1878 4533 2192 4589 Concedam
2243 4533 2310 4588 ad
2362 4533 2626 4587 lectulum
2664 4547 2846 4586 meum
2895 4549 2908 4584 :
2949 4532 3254 4587 monachos
3285 4540 3469 4586 autem

184 4617 465 4689 μείναντα,
491 4621 828 4690 υίχήσομαι,
854 4619 1046 4688 φάναι,
1082 4620 1220 4691 πρὸς
1259 4620 1354 4674 τὸν
1383 4619 1620 4691 ἐμαυτοῦ
1652 4639 1770 4676 x0:-

180 4709 447 4764 τωνίσκον
470 4726 486 4742 ·
516 4711 912 4775 Παλαιστινοὺς
941 4712 997 4765 δέ
1032 4731 1186 4777 τινας
1208 4714 1474 4784 μοναχοὺς
1498 4715 1597 4784 τὴν
1621 4713 1770 4769 θείαν

179 4799 492 4857 ἐπιτελέσαι
517 4803 930 4872 μυσταγωγίαν.
967 4804 1128 4874 Ἐξῆς
1153 4805 1211 4858 δὲ
1242 4805 1338 4859 καὶ
1367 4805 1464 4876 τὴν
1486 4805 1640 4860 λύσιν
1669 4808 1770 4860 ἐπ-

180 4893 334 4964 ῆγεν,
395 4892 472 4957 ώς
524 4893 634 4966 ἄρα
687 4896 1002 4968 τελευτήσει
1059 4898 1158 4968 μὲν
1206 4901 1464 4970 Δομνῖνος
1505 4900 1596 4953 τὸν
1633 4900 1766 4971 βίον,

181 4986 413 5057 μοναχδς
461 4986 520 5040 δέ
571 5004 656 5052 τις
711 4987 776 5041 τὺ
825 4990 981 5057 γένος
1040 4993 1105 5044 ἐκ
1153 4992 1520 5064 Παλαιστίνης
1570 4993 1766 5059 ἐλκων,

253 5169 296 5203 ³⁸
335 5170 500 5226 Mich.
550 5185 631 5236 ut,
671 5170 728 5225 6.

253 5328 364 5396 (47)
423 5328 509 5382 Ea:
565 5327 772 5396 Sophia
805 5327 1026 5396 conjuge
1071 5326 1273 5381 Justini
1314 5327 1486 5396 ﬁliam
1544 5330 1757 5384 unicam

181 5398 440 5468 Arajviam
481 5407 775 5468 agnoscunt
808 5397 1046 5468 Codinusﬁ
1072 5399 1291 5466 aliique,
1331 5399 1474 5466 apud
1499 5396 1760 5467 Cangium

182 5469 236 5540 i_n
265 5465 878 5540 Familiis'Byzantinis,
927 5465 1324 5540 conjecturalem
1350 5465 1484 5520 hanc
1513 5465 1763 5540 esse—qua:

184 5535 454 5608 Baduario
483 5535 676 5608 juncta
711 5545 976 5608 eratcum
1023 5536 1093 5608 all
1135 5538 1419 5608 imperium
1440 5535 1765 5608 Aevvherétur

183 5604 457 5677 Justinus;
483 5604 671 5674 ’quare
716 5605 998 5677 hic_illum_
1025 5607 1124 5659 sibi
1168 5604 1290 5677 mox
1335 5607 1390 5659 in
1425 5604 1766 5677 Curopalatw

187 5676 358 5746 locum
388 5678 698 5732 substituit:
733 5675 824 5728 sed
850 5677 944 5728 hoc
980 5674 1089 5728 loco
1116 5676 1320 5728 videtur
1365 5677 1450 5745 agi
1493 5674 1769 5746 (le'puella

188 5744 356 5799 adhuc
405 5748 657 5815 innupta,
695 5746 846 5814 cujus
896 5747 1147 5815 memoria
1199 5747 1255 5798 in
1295 5744 1408 5798 hac
1437 5744 1611 5799 solum
1659 5747 1770 5801 Vita

189 5817 435 5882 supersit,
494 5813 679 5869 numen
732 5813 905 5868 autem
944 5813 1128 5868 oblivio
1175 5815 1442 5881 sepelivit;
1491 5817 1592 5870 nisi
1618 5817 1771 5872 malis

1879 4622 2149 4693 quosdam
2195 4638 2264 4678 ex
2314 4622 2605 4678 Palaestina
2663 4630 3078 4676 sacrosanctum
3139 4622 3470 4676 sacrificium

1880 4715 2230 4785 persolvisse.
2249 4713 2458 4768 Deinde
2476 4720 2532 4767 et
2552 4713 2974 4782 explicationem
2996 4713 3228 4768 visionis
3248 4713 3470 4783 adjecit,

1878 4807 2155 4879 quomodo
2177 4821 2376 4876 nempe
2407 4805 2666 4860 finiturus
2692 4805 2861 4858 vitam
2911 4805 3238 4868 Domninus,
3267 4812 3323 4857 et
3358 4819 3473 4856 mo-

1879 4903 2090 4957 nachus
2121 4901 2370 4971 quidam,
2396 4917 2426 4955 e
2451 4899 2740 4954 Palaestina
2769 4913 2944 4970 genus
2975 4897 3206 4957 ducens.
3238 4897 3292 4950 in
3320 4897 3472 4950 thro-

1878 5009 2012 5048 num
2056 4993 2208 5050 illius
2256 4992 2605 5048 inducendus
2647 5002 2814 5047 esset.
2846 4989 3004 5057 Quod
3053 5003 3164 5043 non
3214 4989 3309 5043 diu
3352 4996 3475 5058 post

1865 5331 2126 5388 Baduarii
2165 5349 2385 5386 uxorem
2427 5348 2752 5401 anonymam
2812 5331 3129 5401 relinquere,
3163 5338 3212 5381 et
3263 5328 3472 5401 Ambit;

1869 5403 2039 5456 adhuc
2062 5405 2298 5472 innupta:
2328 5411 2564 5456 statuam
2577 5399 2766 5470 fuisse,
2798 5417 2913 5471 qua:
2939 5403 2985 5454 ei
3011 5399 3471 5472 Constantinopoli

1872 5488 1987 5542 una,
2020 5491 2138 5526 cum
2171 5469 2453 5542 parentum
2476 5469 2682 5542 statuis
2720 5469 2896 5542 posita
2936 5487 3048 5542 esse
3082 5469 3350 5542 scribitur.

1943 5541 2055 5610 (48)
2088 5537 2550 5611 Ἐγγαστρίμυθοι
2593 5543 2649 5595 in
2693 5537 2913 5594 decretis
2959 5539 3212 5611 gratiani
3253 5537 3467 5591 ventri-

1877 5607 2051 5679 loqui,
2110 5607 2171 5664 in
2204 5607 2495 5681 Scripturis
2534 5612 2812 5682 Pythones
2858 5627 2920 5664 ac
2959 5607 3316 5682 Pvthoriissm,
3379 5621 3472 5676 per

1879 5667 2385 5752 qubru'miventre'm
2419 5667 2626 5736 dwmdn
2673 5697 2923 5752 responsa
2954 5667 3080 5731 edit.
3145 5743 3172 5752 _
3270 5745 3279 5752 ‘
3331 5745 3340 5752 .

1953 5752 2061 5820 (49)
2095 5751 2233 5808 Obiit
2271 5750 2516 5806 Justinus
2562 5769 2704 5808 anno
2739 5743 2863 5814 578,
2915 5761 3089 5804 mense
3131 5743 3365 5801 Octobri.
