4026 6292
654 396 796 463 3163

1857 389 1916 447 S.
1961 381 2337 445 SYMEDNIS
2374 378 2735 440 JUNlORlS

3757 376 3849 441 3m

658 505 988 577 completum
1021 512 1128 563 est,
1184 516 1331 564 eum,
1366 498 1640 555 Domnino
1668 497 1780 550 vita
1832 495 2044 556 functo,
2091 491 2221 544 Ana-

2337 487 2418 549 είς
2479 486 2570 537 τὸν
2631 483 2839 536 ἐκείνου
2889 481 3077 553 θρόνον
3132 484 3600 555 ἀνενεχθήσεται’
3640 484 3754 555 ὅπερ
3786 490 3849 541 οὐκ

659 598 862 653 stasius
895 595 1118 666 quidam
1152 595 1473 649 Palaastinus
1495 606 1719 645 vacuam
1749 589 1934 645 sedem
1964 599 2233 641 conscen-

659 689 741 743 dit
790 687 923 758 (50).

733 863 854 919 195.
896 860 1163 915 Militabat
1195 858 1379 913 Persis
1423 857 1682 911 tribunus
1713 840 1974 937 ‘quidam,
2006 853 2235 907 Almun—

660 954 829 1009 darus
887 952 1156 1007 vocabulo
1214 950 1370 1019 (51),
1424 949 1694 1019 religione
1749 946 2005 1017 gentilis,
2070 960 2231 998 manu

606 1030 609 1037 ’
661 1053 940 1106 strenuus,
978 1041 1225 1111 corporis
1274 1042 1418 1095 mole
1468 1039 1781 1109 gigantibus
1817 1037 1931 1092 fere
1971 1035 2231 1106 aequalis:

659 1136 728 1190 de
766 1150 877 1205 quo
919 1134 1188 1204 propheta
1221 1133 1388 1188 Amos
1428 1132 1657 1186 dixiSset
1710 1147 1724 1183 :
1755 1128 1906 1194 Quod
1952 1141 2066 1182 erat
2103 1129 2235 1181 sicut

658 1224 884 1278 altitudo
925 1225 1066 1278 cedri
1102 1222 1399 1277 sublimitas
1445 1221 1582 1289 ejus,
1627 1228 1677 1273 et
1724 1219 1874 1288 fortis
1917 1226 2032 1272 erat
2083 1218 2235 1287 quasi

657 1331 876 1385 quercus
923 1317 988 1368 ³⁸.
1045 1315 1145 1369 ilic
1197 1315 1571 1367 Romanorum
1612 1320 1787 1365 terras
1818 1309 2232 1364 continentibus

655 1406 1092 1476 depopulabatur
1126 1403 1564 1467 incursionibus,
1618 1417 1728 1456 non
1770 1401 1931 1455 aliter
1977 1414 2141 1470 quam
2186 1398 2232 1452 si

653 1497 827 1551 aleam
871 1514 1065 1567 pugnae
1114 1513 1238 1551 cum
1299 1496 1535 1549 barbaro
1590 1492 1996 1547 committendae
2046 1490 2234 1547 subire

654 1588 842 1642 nullus
873 1600 1059 1657 posset
1088 1605 1101 1640 :
1131 1593 1401 1656 quotquot
1431 1592 1612 1639 autem
1648 1584 1892 1651 captivos
1919 1581 2235 1636 abduxisset

651 1673 1020 1737 Christianos.
1055 1675 1202 1730 nulla
1258 1674 1475 1727 illorum
1522 1680 1700 1725 tactus
1733 1669 2229 1733 commiseratione,

653 1766 1049 1821 crudelissimis
1071 1767 1379 1835 quibusque
1404 1763 1693 1818 tormentis
1714 1762 1998 1817 enecabat.
2016 1761 2234 1815 Invase-

2336 580 2416 638 εἰς
2471 577 2687 647 μακρὰν
2739 575 3046 645 ἠκολούθει,
3097 576 3192 628 καὶ
3222 576 3489 645 Δομνίνου
3521 576 3613 628 τὸν
3649 575 3744 644 βίον
3761 580 3851 631 ἀτο-

2334 667 2602 729 λιπόντος,
2646 665 2996 729 Ἀναστάσιός
3024 683 3109 728 τις
3144 665 3507 729 Παλαιστινὺς
3542 664 3851 721 ἐπιϐαίνειτοῦ

2334 759 2546 829 θρόνου.

2408 848 2547 920 pLx’.
2575 846 2684 903 Ἦν
2714 865 2800 911 τις
2828 846 3101 919 φύλαρχος
3135 849 3285 919 παρά
3316 848 3594 919 Πέρσαις,
3618 849 3738 917 ἀνὴρ
3760 852 3852 903 κατὰ

2335 946 2492 1013 χεῖρα
2528 941 2797 1010 γενναῖος,
2843 933 3245 1008 ’Ᾱλμοῦνδαρος
3288 940 3492 1009 ὄνομα,
3534 940 3635 1009 τὴν
3661 940 3747 1009 μὲν
3765 940 3850 1009 θρη-

2336 1033 2523 1086 σκείαν
2556 1031 2777 1101 Ἕλλην,
2806 1030 2867 1083 τὸ
2889 1030 2945 1083 δὲ
2970 1030 3065 1083 τοῦ
3099 1031 3351 1099 σώματος
3385 1029 3629 1098 μέγεθος
3654 1032 3853 1098 γιγάντων

2333 1125 2392 1177 ού
2431 1123 2563 1177 πολὺ
2592 1124 2913 1192 λειπόμενος
2934 1139 2948 1153 ·
2981 1117 3064 1176 Οὗ
3090 1118 3170 1190 ἦν
3195 1122 3388 1186 καθὼς
3422 1121 3594 1189 ὕψος
3618 1120 3799 1187 κέδρου
3816 1124 3853 1173 τὸ

2333 1217 2491 1284 ὕψος
2541 1215 2748 1277 αὐτοῦ,
2791 1214 2889 1267 καὶ
2932 1212 3182 1282 ἰσχυρὸς
3224 1208 3303 1281 ἦν
3337 1212 3423 1277 ὡς
3455 1212 3628 1280 δρῦς,
3662 1213 3782 1265 εἴποι
3816 1214 3853 1266 in

2347 1304 2527 1376 Ἀμὼς
2567 1307 2652 1358 ἐπ’
2683 1303 2853 1375 αὐτῷ.
2893 1306 2987 1367 Ὃς
3016 1302 3115 1373 τὴν
3152 1302 3446 1372 Ῥωμαίων
3481 1302 3718 1372 συνεχῶς
3741 1320 3854 1356 xm-

2332 1395 2563 1464 τρέχων,
2602 1390 2690 1446 οἷα
2754 1392 2878 1463 μηδ’
2929 1393 3009 1453 εἰς
3052 1390 3287 1459 πόλεμον
3327 1390 3775 1460 ἀντικπαπῆναι
3809 1392 3857 1461 τῷ

2335 1484 2593 1555 βαρϐάρῳ
2622 1483 2766 1546 τινὸς
2797 1482 3037 1553 εὐχερῶς
3064 1481 3385 1551 δυναμένου,
3423 1481 3527 1546 οὓς
3556 1484 3624 1536 ἂν
3645 1483 3858 1553 αἰχμαλὼ-

2324 1586 2461 1638 ’τους
2491 1576 2644 1628 λάϐοι
2699 1573 3061 1645 Χριστιανῶν,
3108 1574 3299 1629 οὐδένα
3327 1574 3467 1644 περὶ
3506 1574 3699 1634 αὐτοὺς
3732 1569 3858 1625 οἶκτον

2333 1667 2470 1738 ᾔδει,
2506 1667 2642 1720 ἀλλὰ
2678 1668 2746 1720 τὰ
2777 1666 2990 1718 πάντων
3032 1664 3289 1734 ὠμότατα
3340 1663 3500 1735 ἔδρα.
3552 1658 3714 1728 Οὗτος
3751 1663 3858 1732 βαρεῖ

2332 1756 2632 1827 τηνικαῦτα
2680 1756 2894 1826 στρατῷ
2922 1759 2987 1826 τῇ
3033 1755 3315 1822 Ῥωμαίων
3353 1755 3558 1826 ἐπῄει·
3587 1754 3858 1821 ἀντεπεξῆγε

556 1814 563 1835 ρ
657 1814 1047 1821 --ητ--η---η-
1074 1814 1376 1835 vum-vr-
2096 1814 2127 1815 η
2160 1814 2197 1815 η

548 1850 553 1859 ’
652 1865 738 1910 rat
789 1867 971 1911 autem
1015 1873 1112 1926 per
1145 1856 1280 1910 illud
1327 1865 1545 1923 tempus
1574 1869 1697 1907 cum
1751 1853 1951 1907 infesto
1984 1852 2221 1907 exercitu

2331 1814 2399 1904 δὲ.
2418 1852 2516 1911 τὰς
2533 1814 2795 1917 δυνάμεις
2823 1814 3091 1915 αύτῷἰκαὶ
3133 1814 3380 1916 ’ᾍρὲθαθ
3531 1849 3598 1915 τῇ
3639 1814 3858 1914 Ῥωμαίων

652 1947 958 2002 Romanum
1008 1948 1337 2017 imperium;
1382 1957 1573 1999 contra
1619 1946 1915 2001 eum‘vero
1959 1945 2231 1999 educebat

651 2039 838 2107 copias
866 2054 1111 2092 summus
1142 2039 1510 2091 Romanorum
1540 2037 1649 2090 dux
1678 2037 1913 2092 Arethas
1941 2037 2073 2106 (52).
2103 2035 2232 2091 0m-

650 2129 739 2181 nis
762 2128 930 2196 igitur
961 2129 1113 2198 plaga
1154 2130 1443 2185 orientalis
1486 2131 1800 2185 vehementi
1846 2138 1994 2183 metu
2028 2137 2229 2182 aestua—

651 2217 746 2272 bat
779 2238 791 2272 :
837 2228 894 2274 at
927 2220 1181 2290 Symeoni
1223 2223 1346 2277 talis
1376 2223 1624 2292 qmedam
1676 2223 1817 2276 visio
1856 2234 2076 2276 ostensa
2123 2229 2226 2285 est,

650 2311 1110 2381 quemadmodum
1151 2312 1220 2366 ab
1268 2329 1363 2378 ore
1393 2315 1566 2384 ipsius
1591 2330 1857 2382 excepere
1892 2313 2170 2382 discipuli.

722 2400 842 2452 194.
892 2400 1124 2454 Putabat
1180 2401 1234 2454 in
1266 2403 1521 2471 exiguum
1575 2402 1865 2472 quemdam
1906 2402 2122 2464 collem,
2173 2401 2228 2454 in

649 2491 904 2544 conﬁniis
934 2492 1167 2545 Romani
1218 2494 1531 2563 Persicique
1580 2494 1821 2563 imperii,
1872 2493 2111 2548 delatum
2147 2509 2227 2557 se,

647 2583 949 2636 consistere
985 2583 1036 2637 in
1072 2584 1250 2638 media
1298 2585 1387 2639 illa
1422 2587 1564 2651 acie,
1605 2600 1770 2656 quam
1816 2602 1915 2654 pro
1968 2585 2230 2640 Romanis

649 2674 883 2729 Arethas
931 2675 1187 2729 ducebat.
1236 2677 1310 2729 Ex
1349 2678 1583 2733 adverso
1614 2678 1911 2732 invadebat
1936 2692 2061 2731 eum
2103 2692 2227 2731 cum

647 2766 986 2820 Almundaro
1029 2767 1392 2822 barbarorum
1430 2770 1591 2823 turba
1629 2779 1736 2823 tam
1788 2768 2226 2834 innumerabilis,

650 2863 709 2907 ut
749 2857 1051 2909 exercitum
1084 2856 1303 2911 Arethae
1349 2857 1466 2910 viso
1497 2864 1708 2910 tantum
1755 2856 1914 2911 hoste
1963 2865 2142 2910 metus
2174 2856 2229 2909 in

644 2943 825 3016 fugam
859 2962 1028 3015 prope
1058 2948 1379 3016 coniecerit.
1429 2947 1564 3003 Cum
1612 2957 1794 3001 autem
1834 2949 1901 3002 ad
1950 2964 2143 3003 manus
2174 2956 2230 3002 et

645 3050 881 3104 pugnam
908 3045 1233 3103 perventum
1255 3045 1422 3098 esset,
1449 3038 1826 3106 Arethanique
1855 3053 1963 3091 non
1987 3038 2225 3092 sustine-

2335 1943 2563 2011 στρατιᾷ
2609 1940 2680 1993 τὰ
2737 1939 2926 2008 πρῶτα
2976 1940 3225 1992 τέτακτο.
3271 1938 3334 1990 Ἡ
3375 1938 3483 2007 μὲν
3528 1934 3623 1991 οὖν
3665 1936 3861 2002 Ἀνατολή

2335 1982 2563 2011 "'|"“'"1'
2620 1982 2680 1993 ’.-
2744 1982 2926 2008 "I""'"‘
2987 1982 3225 1992 '-"'""'
3288 1982 3334 1990 ⁵-
3375 1982 3478 2007 τ”ν
3531 1982 3618 1991 ’⁷⁷
3678 1982 3859 2002 “”’”’⁷⁷“Ί

2334 2031 2481 2082 πᾶσα
2509 2029 2695 2091 δεινῶς
2717 2028 2820 2080 ὑπὸ
2840 2028 2990 2091 δέους
3015 2028 3241 2080 ἐσείετοο
3265 2027 3343 2096 τῷ
3363 2026 3421 2079 δὲ
3450 2026 3679 2097 Συμεὼν
3693 2026 3857 2091 τοιαύτη

2331 2136 2415 2181 τις
2445 2120 2720 2172 ἐδείκνυτο
2748 2119 2893 2188 ὄψις,
2921 2118 2997 2183 ὡς
3026 2119 3185 2182 αὐτὸς
3212 2118 3472 2187 τηνικάδε
3504 2122 3617 2181 τοῖς
3651 2117 3857 2188 patimini;

2333 2208 2601 2279 ἐξηγεῖτο.

2408 2302 2540 2371 ριιδν.
2560 2301 2763 2354 Ἐδόκει
2795 2299 3049 2369 καθάπερ
3069 2299 3262 2352 ἑαυτὸν
3288 2300 3379 2352 ἐπί
3410 2316 3565 2363 τινος
3598 2300 3747 2367 λόφου
3771 2298 3857 2368 βρι-

2334 2393 2458 2462 χέος
2494 2394 2553 2445 ἐν
2579 2390 2815 2461 μεθορίῳ
2840 2390 3062 2461 Περσῶν
3081 2407 3141 2443 τε
3167 2392 3260 2444 καὶ
3282 2390 3584 2460 Ῥωμαίων
3618 2391 3856 2460 γεγενημέ-

2332 2503 2424 2541 νον
2449 2486 2602 2554 όρᾷν,
2637 2484 2731 2537 καὶ.
2764 2467 2839 2548 ὡς
2868 2482 3011 2536 κατὰ
3037 2484 3208 2553 μέσην
3238 2483 3335 2554 τὴν
3359 2484 3712 2554 παρεμϐολὴν
3734 2482 3855 2543 ἑστὼς

2331 2579 2439 2647 εἴη,
2479 2572 2548 2647 ἦς
2585 2577 2852 2647 ἀφηγεῖτο
2881 2576 3174 2643 Ῥωμαίοις
3224 2576 3458 2646 ’Δρέθας
3480 2595 3497 2608 °
3560 2579 3788 2648 ἀντεπῄει
3817 2576 3853 2628 δὲ

2333 2672 2428 2724 σὺν
2445 2669 2819 2739 Ἀλμουνδάρῳ
2842 2667 3132 2738 βαρϐάρων
3154 2667 3357 2739 πλῆθος
3385 2671 3628 2740 ἀριθμοῦ
3648 2672 3855 2739 κρεῖττον,

2331 2763 2424 2816 καὶ
2439 2762 2519 2815 ὅτι
2539 2762 2636 2833 τὴν
2658 2761 2757 2831 μὲν
2779 2763 2870 2815 ὑπ’
2886 2760 3084 2830 Ἀρὲθα
3111 2762 3375 2832 στρατιὰν
3394 2764 3498 2816 καὶ
3518 2765 3659 2834 μόνῳ
3677 2762 3742 2832 τῷ
3764 2761 3853 2815 ἰδεῖν

2329 2854 2447 2917 δέος
2470 2849 2634 2907 εἷλεν.
2677 2852 2765 2915 Ὦς
2799 2852 2855 2905 δὲ
2892 2853 2985 2907 καὶ
3032 2854 3112 2916 είς
3153 2854 3477 2924 συμπλοκὴν
3523 2855 3621 2923 ἤδη
3665 2854 3745 2906 καὶ
3772 2854 3854 2922 χεῖ·

2332 2960 2432 3015 ρας
2468 2939 2652 3015 ἦλθον,
2697 2944 2830 2996 οἵτε
2866 2944 2994 3014 περ).
3041 2943 3270 3013 Ἀρέθαν
3321 2945 3419 3014 οὐχ
3460 2946 3741 3014 ὑφίσταντο
3780 2942 3851 3011 τὴν

2343 3034 2739 3104 Ἀλμουνδὰρου
2770 3034 2966 3104 ὁρμὴν,
2998 3033 3155 3105 θυμῷ
3184 3035 3381 3105 μᾶλλον
3406 3036 3437 3106 ἦ
3475 3036 3709 3105 λογισμῷ
3728 3050 3851 3104 μαχο-

656 3125 1072 3192 rent,impetum
1105 3125 1443 3188 Almundari,
1477 3125 1558 3179 ira
1590 3127 1775 3194 potius
1800 3143 1965 3195 quam
2014 3127 2221 3182 ratione

2333 3125 2517 3195 μένουο
2558 3126 2751 3195 Ἕττη,
2776 3126 2931 3195 φησὶ,
2961 3126 3187 3195 Πνεῦμα
3210 3127 3495 3197 δυνάμεως
3532 3127 3745 3181 ἐνώπιόν
3760 3143 3847 3195 μου,

647 3215 938 3283 pugnantis
969 3232 982 3266 :
1013 3214 1197 3277 Stetit,
1233 3215 1330 3281 ait,
1360 3217 1590 3284 spiritus
1615 3219 1900 3287 angelicus
1939 3230 2065 3272 ante
2112 3234 2221 3284 me,

647 3306 881 3376 ignitum
908 3307 1127 3375 globum
1159 3316 1389 3361 tenens:
1423 3322 1619 3375 meque
1652 3308 1909 3363 ardenter
1941 3317 2222 3377 precante,

645 3398 877 3468 projecit
908 3398 960 3452 in
989 3408 1156 3469 caput
1188 3399 1433 3461 barbari.
1459 3407 1515 3453 et
1544 3399 1693 3454 dicto
1714 3399 1882 3454 citius
1902 3401 2223 3469 iactantiam

643 3491 793 3545 illius
829 3491 1112 3560 repressit.
1140 3490 1216 3544 De
1273 3498 1492 3544 caetero
1521 3490 1713 3560 igitur,
1774 3489 1869 3543 lilii
1917 3506 1980 3545 ac
2030 3490 2224 3546 fratres

643 3583 774 3645 mei,
806 3582 1008 3637 hilares
1030 3590 1239 3647 estote;
1273 3581 1535 3651 quoniam
1567 3598 1596 3636 a
1628 3583 1743 3637 Deo
1774 3582 1939 3637 hodie
1995 3583 2223 3638 libertas

640 3673 853 3729 Orienti
893 3674 1106 3728 reddita
1137 3682 1240 3728 est.
1288 3673 1415 3729 Haec
1444 3674 1612 3728 aviro
1646 3674 1740 3728 Dei
1785 3674 1933 3728 dicta
1979 3674 2219 3740 fuerant,

640 3779 767 3819 cum
798 3763 1138 3832 interpositis
1173 3763 1376 3817 diebus
1403 3764 1653 3831 pauculis
1690 3763 1887 3818 allatus
1922 3773 2007 3818 est
2028 3764 2220 3818 Antio-

641 3856 764 3910 cinia
792 3855 1003 3910 faustus
1024 3855 1284 3910 nuntius:
1320 3870 1483 3923 quem
1517 3855 1773 3925 discipuli
1799 3871 1923 3909 cum
1955 3856 2217 3910 vaticinio

643 3945 932 4016 Symeonis
945 3947 1318 4007 conferentes,
1341 3956 1731 4015 compererunt
1745 3946 1936 4001 eodem
1953 3956 2219 4016 tempore,

641 4051 752 4088 non
776 4035 939 4089 modo
962 4036 1094 4099 diei,
1124 4036 1220 4090 sed
1252 4035 1415 4089 etiam
1444 4035 1617 4100 horae,
1646 4051 1756 4105 quo
1783 4036 2051 4105 praedicta
2098 4038 2220 4093 l‘ue-

645 4132 788 4188 rant,
820 4127 912 4181 illa
940 4127 1259 4196 contigisse.
1289 4127 1499 4182 Deinde
1531 4128 1738 4182 milites
1781 4144 2001 4197 quoque
2027 4144 2057 4182 e
2083 4144 2219 4184 con-

645 4213 797 4270 ﬂictu
819 4216 887 4271 ad
916 4216 1096 4286 ipsum
1129 4227 1425 4280 venerunt,
1458 4233 1583 4286 quae
1607 4217 1675 4272 de
1718 4218 1857 4272 colle
1911 4234 1976 4273 ac
2016 4219 2219 4275 Barba-

640 4321 827 4360 rorum
848 4307 1139 4362 invasione
1165 4307 1329 4362 modo
1351 4308 1611 4372 diximus,
1646 4308 2065 4377 contirmantes;
2109 4312 2220 4366 imo

636 4397 804 4452 etiam
833 4398 1100 4462 dicentes,
1116 4398 1269 4467 quod
1290 4399 1647 4468 conspicuum
1678 4415 1709 4453 a
1754 4401 1865 4455 Deo
1911 4402 2216 4457 subsidium

2330 3218 2500 3289 πυρὸς
2533 3220 2766 3288 σφαῖραν
2794 3218 3133 3289 διακατέχον·
3164 3221 3258 3272 καὶ
3284 3218 3510 3288 θερμῶς
3538 3220 3667 3291 ἐμοῦ
3687 3218 3848 3287 δεηθέν-

2327 3326 2441 3373 τος,
2468 3308 2689 3380 ἔρριψεν
2720 3309 2889 3378 αὐτὴν
2932 3310 3025 3361 ἐπὶ
3068 3310 3311 3379 κεφαλὴν
3345 3311 3540 3375 αὑτοῦ,
3583 3312 3672 3364 καὶ
3702 3307 3848 3361 αὐτίκα

2325 3399 2420 3451 τὸν
2455 3397 2691 3461 ἀλαζόνα
2723 3397 3149 3467 καταϐεϐλήκει.
3183 3399 3450 3470 Εύθυμεῖν
3480 3399 3748 3470 τοιγαροῦν
3773 3397 3847 3448 λοι-

2327 3489 2448 3556 πὸν,
2478 3482 2522 3542 ὦ
2553 3489 2716 3542 τέκνα
2747 3491 2843 3543 καὶ
2869 3489 3109 3560 ἀδελφοὶ,
3141 3491 3215 3553 ὡς
3238 3493 3302 3560 τῇ
3330 3492 3469 3561 πρὸς
3498 3493 3572 3545 ἕω
3600 3492 3732 3562 παρὰ
3751 3486 3845 3541 Θεοῦ

2328 3583 2570 3653 σήμερον
2614 3581 2928 3650 ἐλευθερίας
2962 3585 3357 3656 γεγενημένης.
3402 3586 3609 3656 Εἴρητο
3637 3584 3708 3655 τῷ
3734 3581 3844 3650 ἀνδρὶ

2324 3673 2519 3737 ταῦτα,
2551 3674 2646 3726 καὶ
2677 3673 2874 3741 ὀλίγων
2905 3674 3129 3743 ἡμερῶν
3158 3676 3288 3727 εἴσω
3319 3676 3633 3744 ἀφικνεῖται
3667 3679 3723 3744 τῇ
3758 3673 3843 3724 Ἀνο

2325 3764 2537 3836 τιοχείᾳ
2580 3765 2649 3817 τὰ
2676 3765 2990 3834 εὐαγγέλια,
3030 3765 3067 3819 ἃ.
3091 3768 3203 3829 τοῖς
3227 3766 3330 3819 ὑπὸ
3361 3767 3455 3820 τοῦ
3498 3768 3641 3821 όσίου
3677 3763 3844 3833 Συμεὼν

2323 3853 2638 3926 εἰρημένοις
2687 3857 2737 3908 οἱ
2784 3857 2909 3925 περὶ
2940 3855 3101 3910 αὐτὸν
3132 3856 3528 3925 συμϐαλόντες,
3569 3850 3712 3927 εὗρον
3744 3851 3845 3906 uti

2323 3945 2536 4007 ταυτὸν,
2572 3946 2633 3999 ού
2671 3946 2767 4018 τῆς
2797 3946 3012 4017 ἡμέρας
3060 3947 3238 4015 μόνον,
3272 3946 3411 4002 ἀλλὰ
3454 3949 3549 4002 καὶ
3578 3950 3731 4018 ὧρας,
3757 3945 3841 3996 xab‘

2322 4037 2389 4107 ἣν
2443 4036 2611 4090 ταῦτα
2665 4039 3011 4109 προειρήκει,
3052 4040 3416 4109 γεγενημένα.
3462 4042 3683 4094 Ἔπειτα
3710 4038 3840 4108 μέντοι

2325 4129 2421 4182 καὶ
2454 4130 2782 4200 στρατιῶται
2819 4130 2952 4200 παρ’
2973 4130 3135 4184 αὐτὸν
3160 4133 3223 4184 ὲκ
3251 4132 3344 4185 τοῦ
3381 4133 3620 4203 πολέμου
3650 4129 3839 4201 φοιτῶσι.

2322 4221 2393 4275 τά
2424 4239 2484 4274 τε
2523 4239 2590 4273 πε
2600 4223 2654 4291 ρ)
2678 4221 2774 4275 τοῦ
2807 4221 2967 4291 λόγου
2992 4223 3088 4277 καὶ
3114 4224 3212 4294 τῆς
3238 4224 3346 4277 τῶν
3376 4225 3663 4297 βαρϐάρων
3688 4220 3840 4288 συμιτν

2323 4312 2424 4381 λῆς
2451 4310 2906 4381 ἀπαγγέλλοντες,
2935 4313 3029 4366 καὶ
3057 4314 3139 4366 ὅτι
3167 4315 3406 4383 φανερᾶς
3435 4314 3643 4384 τύχοιεν
3670 4314 3722 4365 ἐκ
3742 4303 3837 4361 Θεδῦ

2329 4405 2501 4476 ῥοπῆς
2555 4406 2691 4475 πρὸς
2745 4407 2845 4474 τὴν
2884 4406 2977 4460 τοῦ
3035 4405 3311 4478 βαρϐάρου
3352 4405 3719 4477 καταστροφὴν
3757 4400 3838 4454 τοῖς

639 4489 704 4542 ad
777 4489 1107 4544 evertendos
1168 4489 1355 4544 hostes
1402 4490 1547 4543 nacti
1606 4490 1838 4545 fuissent
1888 4508 1987 4560 per
2043 4496 2215 4550 sancti

2329 4493 2532 4545 ἐκείνου
2567 4494 2907 4563 πρεσόείαις,
2943 4495 3001 4571 οἳ.
3022 4495 3117 4547 καὶ
3148 4495 3493 4566 παρέμειναν
3525 4495 3666 4565 αύτῷ
3686 4491 3756 4546 διὰ

636 4578 925 4649 Symeonis
950 4578 1401 4635 intercessionem
1427 4581 1545 4634 :cui
1570 4580 1672 4646 ipsi
1703 4595 1923 4649 quoque
1953 4582 2019 4635 ad
2047 4599 2221 4653 usque

2327 4581 2472 4646 λους,
2514 4581 2668 4644 ὅλους
2699 4583 2925 4647 ἑαυτοὺς
2960 4583 3227 4655 τοσαύτης
3257 4585 3591 4656 χαριστήρια
3628 4574 3834 4647 σωτηρέις

638 4670 933 4724 terminum
977 4673 1105 4726 vitae
1156 4672 1529 4737 adhaeserunt,
1584 4687 1643 4727 se
1694 4672 1842 4741 ipsos
1872 4675 2221 4744 gratitudinis

2329 4675 2805 4747 προσενεγκόντες.

635 4777 767 4831 ergo
801 4778 900 4832 pro
935 4764 1169 4818 obtenta
1202 4765 1381 4819 salute
1414 4766 1732 4820 oll‘erentes.

706 4853 828 4909 195.
858 4855 1234 4911 Antiocheuus
1254 4856 1499 4926 quidam,
1529 4856 1616 4912 cui
1643 4856 1971 4912 Theodorus
1995 4872 2218 4921 nomen,

639 4960 669 4997 a
703 4945 1017 5013 pernicioso
1061 4947 1310 5002 daemone
1359 4947 1624 5011 insessus,
1677 4963 1801 5002 cum
1858 4949 1923 5003 ad
1969 4957 2220 5003 sanctum

715 5080 759 5111 ³⁸
795 5082 962 5137 Amos
994 5099 1051 5145 ιι,
1094 5084 1147 5136 9.

704 5188 815 5261 (ὅθ)
834 5189 988 5244 Anno
1014 5190 1136 5253 559,
1160 5192 1283 5244 obiit
1310 5190 1622 5254 Domm'nus,
1640 5190 1799 5261 juxta
1825 5192 2030 5247 tabulas
2050 5194 2182 5247 Theo
2194 5224 2214 5236 --

633 5260 795 5330 pharii
832 5261 1077 5323 insertas,
1114 5277 1231 5314 cum
1261 5261 1556 5330 pra’fuissct
1593 5278 1760 5314 (muas
1793 5262 1996 5328 14;sed
2026 5266 2215 5317 harum

635 5328 956 5403 tabularum
981 5347 1142 5403 quam
1169 5334 1238 5383 sit
1262 5328 1468 5383 incerta
1498 5330 1628 5398 ﬁdes
1650 5332 1883 5385 diximus
1910 5334 1963 5387 in
1990 5334 2213 5403 Exegesi

642 5399 1066 5470 particularigde
1099 5416 1157 5452 eo
1187 5410 1519 5470 argumento,
1552 5409 1888 5456 antetomum
1918 5404 1951 5458 ὃ
1989 5399 2212 5459 Μαι-’τεὴ

633 5470 843 5523 interim
855 5468 986 5523 nihil
996 5470 1222 5524 occurrit
1245 5468 1381 5524 unde
1400 5487 1473 5524 ea:
1494 5474 1575 5525 hic
1591 5473 1967 5527 convincuntur
1989 5490 2211 5540 errasse,

632 5546 680 5590 et
712 5541 850 5610 ordo
882 5542 1136 5610 temporis
1186 5543 1315 5595 satis
1363 5544 1584 5595 coha’ret
1621 5559 1739 5596 cum
1769 5545 1867 5597 hac
1897 5543 2033 5597 Vita.

702 5606 814 5678 (51)
845 5606 1010 5663 Notus
1063 5611 1277 5681 quidam
1313 5612 1735 5673 Alamundarus,
1786 5631 1887 5666 non
1948 5615 2204 5669 tribunus

638 5674 943 5753 Persarunm,
970 5674 1302 5753 sed'regulus
1327 5681 1743 5753 Saracenorum,
1771 5686 1859 5751 qui
1894 5702 1989 5753 pro
2030 5684 2202 5739 Persis

634 5755 826 5820 rolutra
852 5748 1112 5820 Roinanos
1140 5748 1384 5820 militavit
1416 5752 1728 5820 temporibus
1758 5748 2068 5807 Iustiniani.
2102 5755 2202 5807 Sed

638 5811 785 5865 illum
808 5817 891 5867 Ιιὲι·
930 5832 1029 5867 non
1060 5818 1279 5885 intelligi
1311 5811 1814 5889 putem,'proptrrca
1843 5824 1979 5890 quod
2018 5836 2201 5877 auctor

2398 4858 2533 4924 ρῑπεκ
2609 4853 2914 4924 Ἀντιοχεύς
2968 4873 3048 4919 τις
3104 4856 3379 4926 Θεόδωρος
3420 4859 3625 4928 ὄνομα,
3672 4852 3828 4919 δαίψνι

2319 4945 2548 5015 ὀλεθρίῳ
2588 4945 3041 5017 κατειλημμένος,
3075 4950 3224 5018 παρὰ
3277 4951 3367 5003 τὸν
3401 4949 3585 5019 Ἀγιον
3628 4938 3826 5000 ἀνελθὼν,

2322 5204 2497 5268 noster
2519 5196 2799 5268 imperium
2825 5195 3117 5268 Justiniani
3127 5197 3244 5265 jam
3270 5204 3619 5268 transgressus
3642 5195 3716 5247 sit.
3735 5187 3829 5241 Fut-
3928 5216 3929 5268 ἦ

2323 5267 2391 5318 rit
2410 5282 2532 5334 ergo
2552 5266 2714 5330 alius,
2740 5266 2921 5337 eodem
2957 5282 3137 5337 revera
3169 5270 3376 5320 nomine
3402 5266 3680 5337 appellatus
3701 5278 3718 5315 :
3736 5270 3826 5333 uel}!

2320 5337 2381 5388 in-
2408 5336 2684 5404 referenda
2730 5336 3045 5403 irruptione.
3092 5335 3261 5405 Syria:
3308 5346 3354 5390 et
3390 5335 3664 5391 Antiochia!
3692 5342 3826 5405 perm-

2321 5400 2483 5463 ciosa.
2523 5408 2586 5459 de
2625 5422 2727 5475 qua
2764 5400 2857 5458 hic
2890 5406 2979 5474 agi
3001 5400 3209 5458 videtur
3243 5423 3463 5476 qucque
3486 5406 3675 5459 locatur
3699 5400 3825 5453 Baro-

2322 5477 2407 5528 m'o
2439 5475 2509 5529 ad
2551 5492 2752 5529 annum
2791 5476 2914 5539 574,
2948 5492 3049 5529 non
3079 5477 3210 5529 satis
3249 5475 3454 5531 constat
3487 5479 3617 5530 inter
3632 5477 3822 5544 auctora

2312 5544 2374 5597 de
2416 5546 2626 5599 nomine
2672 5547 2886 5614 praprio
2942 5545 3182 5599 Doctoris
3241 5546 3526 5599 Persarum
3570 5562 3586 5599 :
3622 5543 3821 5606 Evagrii”

2310 5614 2732 5677 Adaarmanem,
2779 5614 3046 5669 Cedrenus
3078 5614 3416 5671 Artabanum
3454 5614 3721 5685 appellant;
3744 5673 3777 5685 η

2381 5686 2493 5755 (5⁸2)
2517 5676 2744 5756 ϐίη-ἰητιῇ
2761 5686 2898 5739 idem
2914 5695 3014 5738 tem
3021 5704 3118 5755 pus
3131 5686 3364 5741 Arethas
3375 5676 3645 5756 quispiam,
3661 5676 3815 5756 ﬁt“?

2310 5750 2433 5827 pain
2463 5750 2580 5827 rex,
2606 5772 2699 5824 pro
2725 5755 2973 5809 Romanis
2997 5750 3321 5821 militaverit,
3349 5750 3410 5811 de
3435 5750 3531 5827 quo
3550 5750 3816 5821 Thcophanﬂ

2309 5824 2541 5888 pluribus
2579 5842 2718 5879 anno
2745 5828 2861 5877 572.
