4026 6292
252 370 402 437 3165

1259 376 1431 434 Vl'l‘A
1470 376 1521 434 A
1556 374 1997 436 NICEPHORO
2033 377 2521 440 CONSCRIPTA.

3372 380 3511 444 3166

246 483 426 537 ἑξεῖτο
451 482 617 536 αὐτοῦ
645 481 955 553 θερμότατα
991 484 1128 554 πρὸς
1168 483 1268 554 τὴν
1319 482 1481 537 ἴασιν.
1514 483 1621 537 Τοῦ
1674 485 1732 539 δὲ
1759 484 1825 537 οἷς

1944 490 2289 552 accessisset,
2323 487 2518 541 orabat
2550 501 2712 556 quam
2744 485 3152 541 ferventissime
3205 504 3304 558 pro
3355 506 3513 545 sana-

246 573 385 625 καδε
403 572 629 640 πορείαν
649 571 797 642 αὐτῷ
818 571 1305 642 παραγγείλαντος,
1324 571 1473 625 Ἐκεῖ
1490 573 1622 642 γὰρ,
1641 574 1829 643 φησὶν,

247 666 405 736 ἡμᾶς
434 666 524 717 ἐπὶ
552 665 653 735 τῆς
704 665 900 717 ἑαυτοῦ
948 664 1138 734 κλίνης
1193 665 1651 734 ἀναπαυσάμενος
1683 666 1825 735 ὄψει,

244 755 406 808 οὐδὲν
439 755 602 808 πλέον
636 755 843 819 ἐκεῖνος
873 754 1131 825 προσθεὶς
1155 795 1169 820 ,
1223 754 1299 818 ὡς
1350 749 1496 825 εἶχεν
1538 754 1700 819 εὐθὺς
1743 758 1833 811 ὲπ-

245 845 426 916 ανῄει.
470 839 597 899 Ὅτε
626 844 807 898 τοίνυν
836 844 978 897 κατὰ
1004 844 1091 898 τὸν
1115 845 1358 915 ποταμὸν
1390 846 1654 913 ἐγεγόνει,
1685 844 1831 898 ὑετοὶ

252 940 357 1009 μὲν
383 940 627 1010 ῥαγδαῖοι
649 939 1097 1011 καταῤῥαγέντες
1131 938 1206 1010 τῷ
1233 940 1471 994 Μέλαντι
1507 940 1687 1011 (τοῦτο
1719 941 1828 1013 γὰρ

247 1032 278 1084 ὁ
297 1031 542 1101 ποταμὸς
566 1030 856 1099 ἐκαλεῖτο),
882 1033 943 1084 τὸ
963 1033 1176 1101 ῥεῖθρον
1197 1031 1464 1101 ηὔξησαν.
1484 1032 1542 1086 Ὀ
1564 1033 1621 1087 δὲ
1634 1033 1829 1087 τοσαῦ-

251 1141 325 1177 τα
361 1124 440 1194 τῷ
475 1125 681 1195 ῥήματι
723 1124 818 1178 τοῦ
870 1126 1094 1194 Συμεὼν
1134 1125 1359 1197 θαρρεῖν
1407 1125 1567 1197 ἔχων,
1602 1127 1635 1198 ἢ
1687 1126 1828 1182 οὕτω

253 1215 458 1285 μᾶλλον
489 1215 619 1268 αὐτὸ
665 1215 909 1285 πληροῦν
956 1216 1329 1286 ἐπειγόμενος,
1362 1217 1424 1270 τὸ
1489 1218 1589 1288 μέν
1637 1236 1691 1272 τι
1739 1218 1828 1273 διὰ

249 1305 353 1374 τὴν
408 1304 627 1374 ἐντολὴν
684 1305 916 1371 ἐκείνου,
945 1305 1006 1359 τὸ
1059 1306 1115 1359 δὲ
1163 1306 1414 1361 πλεῖστον
1437 1308 1702 1380 ἐπιθυμίᾳ
1730 1310 1828 1378 τῆς

252 1395 574 1465 θεραπείας,
608 1395 684 1459 ὡς
721 1396 855 1466 μηδὲ
889 1396 982 1449 τοῦ
1013 1398 1264 1467 ποταμοῦ
1299 1399 1539 1468 μεγάλου
1565 1399 1785 1468 ῥυέντος
1810 1438 1825 1460 .

256 1486 394 1557 μηδὲ
421 1487 532 1553 ὀξεῖ
556 1488 858 1557 φερομένου
901 1487 980 1559 τῷ
1031 1488 1232 1560 ῥείθρῳ
1271 1489 1582 1559 φείσασθαι,
1616 1474 1833 1544 διαϐαίέ

250 1596 367 1633 νειν
387 1578 548 1631 αὐτὸν
582 1580 857 1649 ἐπειρᾶτο.

327 1674 477 1740 ριις’.
510 1670 618 1721 Καί
645 1670 673 1721 ὁ
702 1669 800 1738 μὲν
831 1669 935 1722 ὑπὸ
966 1667 1060 1722 τοῦ
1097 1670 1345 1737 ποταμοῦ
1373 1673 1735 1741 παρασυρεὶς,
1760 1675 1820 1724 ὲν

249 1761 466 1832 ἐσχάτῳ
522 1762 875 1830 καθειστήκει
939 1761 1216 1832 κινδύνῳ·
1276 1763 1334 1815 ὲν
1394 1763 1569 1832 τούτῳ
1621 1762 1679 1815 δὲ
1727 1766 1827 1831 τὴν

114 1812 117 1817 ’
184 1855 189 1859 ο
253 1812 894 1923 τέρῖξττοῑᾲέήρέιθέιήέάξ
943 1812 1166 1923 tanta;
1197 1857 1225 1905 ὁ
1274 1812 1827 1924 ὲυμέζε-Γέπᾷξςάιᾶξ
1858 1832 1899 1888 Β

255 1943 546 2013 (ἐτύγχανε
569 1944 678 2015 γὰρ
707 1945 775 1997 τὰ
808 1945 947 2015 πρὸς
975 1945 1248 2016 σωτηρίαν
1292 1946 1478 2009 αὐτοῖς
1523 1948 1830 2015 τηνικαῦτα

248 2033 677 2104 διαλεγόμενος),
711 2034 876 2103 εὐχῆς
904 2033 1084 2104 εἴχετο
1104 2035 1326 2105 μᾶλλόν,
1352 2033 1471 2088 εἶτα
1499 2036 1831 2109 φαιδροτέρᾳ

248 2124 390 2194 πρὸς
417 2126 612 2187 αὐτοὺς
641 2123 761 2194 ὄψει
784 2124 852 2177 τὰ
883 2125 1012 2195 περὶ
1042 2124 1136 2177 τοῦ
1172 2126 1365 2197 ἀνδρὸς
1411 2125 1650 2197 διεξῄει,
1682 2128 1829 2191 ὅπως

249 2232 313 2268 τε
366 2215 461 2269 τοῦ
510 2214 756 2286 ποταμοῦ
801 2215 1001 2269 πολλοῦ
1027 2216 1241 2286 ῥέοντος
1266 2216 1560 2287 τολμήσειε
1586 2220 1685 2287 τὴν
1718 2218 1832 2272 διά-

250 2306 434 2371 ϐασιν,
467 2309 561 2361 καὶ
618 2308 767 2371 ὅπως
814 2307 974 2378 ἔργον
1015 2307 1114 2378 ἤδη
1153 2307 1252 2376 τῆς
1283 2309 1491 2361 ἐκείνου
1525 2310 1698 2380 φορᾶς
1747 2325 1830 2377 γι-

246 2399 511 2468 νόμενον,
552 2398 728 2463 ἔδοξεν
785 2398 946 2462 αὐτὸς
1000 2398 1297 2469 λαϐόμενος
1349 2401 1451 2467 τῆς
1507 2400 1689 2469 χειρὸς
1744 2400 1831 2468 ἐξ-

250 2490 497 2544 ελκῦσαι.
539 2489 598 2542 Ὁ
655 2488 755 2559 μὲν
812 2488 905 2542 οὖν
936 2489 973 2544 ἃ.
1021 2491 1142 2543 κατ’
1190 2492 1369 2543 ἐκεῖνο
1423 2492 1527 2561 τῆς
1556 2490 1706 2560 ὥρας
1752 2488 1829 2559 τῷ

245 2583 403 2650 ἀνδρὶ
451 2582 692 2653 συμϐαίη
737 2585 849 2645 τοῖς
895 2582 1189 2653 μαθηταῖς,
1218 2583 1322 2636 ὅσα
1373 2583 1467 2635 καὶ
1507 2580 1700 2653 παρὼν
1733 2584 1829 2636 κοιλ⁹

249 2675 439 2743 σαφῶς
502 2676 710 2730 ἕκαστα
738 2675 901 2746 ὁρῶν,
957 2675 1205 2744 ἐξηγεῖτο
1231 2690 1247 2706 ’
1280 2677 1308 2728 ὀ
1333 2675 1391 2728 δὲ
1440 2676 1570 2744 περὶ
1621 2675 1830 2744 λύχνων

246 2768 394 2834 ἁφὰς
426 2767 725 2830 ἀνασωθεὶς
757 2769 837 2829 εἰς
868 2767 961 2820 τὸν
983 2761 1155 2832 οἷκον,
1181 2768 1246 2836 τῇ
1274 2765 1432 2839 κλίνῃ
1460 2783 1517 2819 τε
1547 2782 1830 2836 προσανα-

248 2857 479 2922 κλιθεὶς,
509 2859 614 2930 ὁρᾷ
664 2859 1004 2929 παραχρῆμα
1052 2858 1143 2911 τὸν
1190 2856 1436 2928 Συμεὼν,
1463 2858 1692 2929 φοϐερὸν
1718 2853 1829 2912 οἷον

245 2949 326 3020 τῷ
354 2950 567 3020 δαίμονι
601 2949 917 3021 προσιόντα,
940 2950 1034 3002 καὶ
1067 2948 1307 3018 χαλεπὰς
1336 2948 1490 3020 αὐτῷ
1554 2948 1824 3016 βασάνους

248 3041 547 3109 ἐπάγοντα.
595 3042 660 3093 Ἠ
719 3042 816 3110 μὲν
864 3040 957 3093 οὖν
986 3039 1083 3104 νὺξ
1114 3041 1299 3108 εκείνη
1338 3040 1489 3093 πᾶσα
1545 3041 1748 3111 πικρόν
1774 3058 1828 3094 τι

250 3131 347 3184 καὶ
396 3132 589 3202 γοερὸν
639 3131 961 3196 ὀλολύζοντα
1013 3130 1105 3183 τὸν
1137 3130 1321 3184 ἄθλιον
1349 3127 1486 3200 εἶχε,
1515 3131 1647 3196 καὶ,
1687 3131 1826 3201 Ἤδη

247 3221 448 3292 ἔξειμι,
465 3221 711 3289 λέγοντα,
745 3223 821 3286 ὡς
836 3223 893 3275 δὲ
915 3225 1010 3277 καὶ
1025 3223 1206 3277 τέλεον
1220 3224 1546 3293 ἀπελήλατο,
1580 3222 1829 3277 ἐπάνεισι

248 3311 386 3380 πρδς
437 3312 530 3365 τδν
556 3312 744 3379 Ἀγιον
770 3313 798 3364 ὁ
853 3312 1013 3384 ἀνὴρ,
1046 3313 1114 3367 τὰ
1140 3313 1265 3366 καθ’
1307 3314 1501 3367 ἑαυτὸν
1541 3313 1826 3382 ἀπαγγέλ-

249 3403 381 3469 λων,
404 3405 553 3468 ὄπως
577 3405 680 3458 οὐκ
712 3406 804 3458 ὲπὶ
834 3405 933 3474 τῆς
963 3406 1154 3475 κλίνης
1191 3407 1352 3475 μόνον
1388 3405 1538 3475 αὐτῷ
1579 3407 1824 3477 παράδο-

248 3496 340 3561 ξος
380 3496 594 3568 ὀφθείη,
652 3496 789 3551 ἀλλὰ
844 3498 947 3550 κάν
980 3499 1058 3567 τῷ
1100 3498 1329 3567 ποταμῷ
1372 3498 1675 3568 πρότερονο
1738 3500 1825 3552 ὲν-

246 3584 424 3640 ταῦθι
482 3587 580 3657 μὲν
624 3587 865 3658 χαλεποῦ
920 3589 1173 3658 δαίμονος
1224 3590 1570 3656 ἀπαλλάξας,
1596 3591 1715 3644 ἐκεῖ
1769 3590 1827 3643 δὲ

247 3679 630 3749 χαλεπωτέρου
659 3681 908 3735 κινδύνου
949 3682 1276 3753 ῥυσάμενος,
1303 3684 1398 3737 καὶ
1453 3684 1575 3747 δοὺς
1613 3683 1710 3736 τοῦ
1744 3685 1829 3736 αἰ-

249 3770 505 3838 τηθέντος
532 3770 685 3824 οὐδὲν
714 3767 900 3845 ἦττον,
936 3773 1018 3826 ὅτι
1041 3774 1116 3844 μὴ
1145 3774 1240 3827 καὶ
1279 3774 1482 3843 μᾶλλον
1524 3775 1585 3827 τὸ
1614 3775 1826 3842 ἀπροσο

246 3861 495 3934 δόκητον.

1937 583 2111 637 tione.
2175 582 2446 652 Prwcepit
2503 582 2554 637 ei
2605 589 2828 636 sanctus
2887 582 3124 636 reditum
3178 584 3234 637 in
3289 584 3509 641 domum

1933 687 2119 738 suam;
2152 672 2229 725 ibi
2254 672 2423 735 enim,
2458 671 2656 741 inquit,
2685 671 2898 725 videbis
2932 688 3054 738 nos,
3090 673 3144 727 in
3190 682 3361 728 strato
3416 684 3510 729 tuo

1932 764 2243 834 quiescens.
2272 762 2385 816 Nec
2403 762 2574 816 verbo
2593 770 2794 831 praeter
2813 778 2877 816 ea
2899 763 3111 827 addito,
3144 764 3515 820 daemoniaeus

1931 855 2103 926 gradu
2144 869 2309 923 quam
2364 842 2578 923 poterat
2624 853 2894 909 citissimo
2956 855 3353 909 revertebatur.
3405 855 3508 910 Sed

1933 947 2155 1015 quando
2187 947 2253 1001 ad
2281 944 2507 1002 ﬂuvium
2541 955 2766 999 ventum
2790 956 2928 1011 erat,
2965 944 3169 1001 imbres
3195 947 3421 1002 violenti
3456 947 3511 1001 in

1929 1038 2218 1093 Melantem
2276 1037 2457 1107 illapsi
2482 1037 2560 1106 (id
2622 1038 2769 1092 enim
2814 1037 2980 1092 ﬂuvio
3022 1038 3246 1106 nomen)
3297 1039 3510 1093 alveum

1929 1137 2194 1183 auxerant
2215 1128 2351 1197 (55).
2377 1127 2517 1193 Quid
2537 1127 2628 1181 hic
2653 1127 2776 1181 ille?
2813 1136 3014 1181 tantam
3045 1128 3099 1181 in
3126 1129 3309 1183 verbis
3336 1127 3512 1183 sancti

1930 1220 2129 1274 habuit
2163 1219 2443 1285 fiduciam,
2478 1227 2575 1272 aut
2608 1214 2794 1287 potius
2832 1226 3122 1287 tantopere
3178 1218 3513 1273 acceleravit

1929 1310 2154 1380 exsequi
2185 1310 2333 1364 illius
2376 1308 2652 1373 mandata,
2703 1319 2816 1364 tum
2845 1309 2973 1378 quia
3000 1309 3115 1378 ipse
3153 1316 3508 1378 praeceperat,

1932 1410 2047 1456 tum
2074 1400 2239 1455 etiam
2265 1401 2437 1470 magis
2458 1399 2611 1469 quod
2641 1401 2888 1470 impense
2924 1408 3152 1469 cuperet
3180 1399 3360 1452 sanari
3383 1416 3398 1464 ;
3429 1408 3512 1465 ut,

1930 1491 2081 1544 nulla
2106 1490 2320 1555 ﬂuenti,
2349 1491 2478 1545 licet
2527 1498 2661 1545 tunc
2715 1489 2897 1560 magni
2956 1489 3265 1559 rapidique,
3327 1488 3512 1543 habita

1931 1583 2145 1639 ratione
2169 1623 2184 1645 ,
2222 1582 2357 1637 illud
2381 1597 2642 1653 superare
2665 1583 2978 1637 tentaverit.

2002 1674 2129 1728 196.
2163 1674 2232 1727 Et
2263 1674 2354 1728 ille
2397 1673 2625 1743 quidem
2667 1672 2909 1728 ﬂuminis
2940 1675 3148 1744 impetu
3179 1673 3421 1738 ablatus,
3453 1673 3509 1727 in

1931 1777 2244 1822 extremum
2273 1769 2403 1821 vitae
2432 1766 2734 1820 devenerat
2759 1766 3091 1835 periculum;
3116 1766 3352 1837 Symeon
3382 1781 3514 1820 vero

1931 1857 2127 1912 eodem
2161 1866 2410 1926 tempore
2442 1855 2638 1909 incidit
2669 1854 2909 1910 instituti
2946 1856 3090 1926 apud
3134 1855 3336 1912 fratres
3382 1869 3516 1910 ser-

1933 1949 2114 2004 monis
2140 1949 2290 2002 filum
2321 1947 2665 2014 (conferebat
2694 1947 2840 2001 enim
2877 1930 3009 2001 tunc
3031 1963 3156 2000 eum
3194 1949 3309 2002 suis
3350 1962 3517 2016 super

1931 2041 2135 2097 salutis
2185 2039 2453 2110 negotiis)
2484 2046 2542 2092 et
2593 2037 2830 2091 orationi
2874 2052 2933 2091 se
2963 2037 3138 2091 dedit.
3189 2038 3319 2092 Post
3353 2052 3515 2106 quam

1930 2134 2091 2188 vultu
2116 2132 2313 2187 lattiori
2346 2131 2414 2186 ad
2438 2130 2563 2185 illos
2595 2143 2916 2193 conversus,
2941 2126 3075 2197 quid
3122 2127 3241 2181 viro
3286 2128 3381 2182 illo
3406 2127 3517 2182 dae—

1930 2225 2191 2280 moniaeo
2217 2222 2421 2278 factum
2453 2228 2622 2287 esset,
2659 2221 2714 2275 in
2746 2219 2990 2275 medium
3033 2220 3322 2289 produxit;
3372 2234 3517 2289 quo-

1933 2315 2097 2369 modo
2121 2313 2332 2369 scilicet
2357 2311 2508 2366 ﬂuvii
2529 2312 2742 2381 rapacis
2761 2310 3052 2364 transitum
3074 2319 3285 2363 tentare
3298 2325 3513 2372 ausum,

1926 2403 2150 2476 jamque
2177 2404 2438 2459 violentia
2466 2417 2733 2471 aquarum
2757 2401 3072 2470 abreptum,
3104 2401 3220 2469 ipse
3246 2400 3514 2469 prehensa

1931 2511 2095 2549 manu
2121 2509 2260 2563 pene
2280 2493 2557 2562 perditum
2579 2492 2866 2547 extrahere
2882 2491 2988 2547 sibi
3024 2491 3176 2545 visus
3207 2490 3421 2545 fuisset.
3447 2490 3514 2544 Et

1932 2584 2011 2639 sic
2036 2584 2127 2638 ille
2146 2582 2367 2652 quidem
2401 2582 2593 2637 eadem
2616 2582 2777 2647 hora,
2804 2596 2927 2652 quae
2953 2580 3167 2635 homini
3196 2592 3494 2634 evenerant

1930 2674 2088 2745 quasi
2121 2688 2307 2728 coram
2327 2682 2384 2727 et
2404 2672 2695 2742 perspicue
2720 2671 2975 2736 vidisset,
3007 2671 3309 2727 enarrabat
3345 2669 3516 2724 disci-

1930 2765 2113 2836 pulis:
2162 2764 2327 2818 homo
2368 2777 2502 2819 vero
2534 2763 2651 2833 ipse
2694 2762 2799 2818 sub
2856 2763 3083 2831 tempusi
3127 2777 3240 2831 quo
3288 2759 3515 2814 accendi

1931 2857 2175 2913 lucernae
2199 2857 2399 2920 solent,
2437 2855 2667 2912 domum
2696 2870 2853 2910 suam
2883 2853 3072 2910 salvus
3093 2861 3259 2923 atque
3304 2853 3518 2908 incolu-

1930 2950 2037 3004 mis
2060 2948 2348 3019 pertingit,
2394 2947 2807 3016 reclinatusque
2867 2946 2924 3000 in
2984 2946 3191 3001 lectum
3246 2945 3520 3014 conspicit

1932 3058 2055 3097 mox
2077 3049 2329 3096 sanctum
2350 3038 2701 3111 Symeonem,
2720 3037 2952 3093 daemoni
2973 3038 3272 3092 admodum
3299 3037 3518 3091 terribi-

1931 3135 2062 3197 lem,
2095 3130 2357 3185 advenire
2381 3141 2437 3184 et
2458 3129 2845 3184 acerbissimos
2877 3129 2954 3183 illi
2983 3127 3513 3190 cruciatusinfcrre;

1937 3224 2123 3294 itaque
2163 3231 2335 3278 totam
2370 3221 2542 3286 illam,
2576 3228 2783 3290 quanta
2807 3228 2914 3285 est,
2952 3227 3172 3275 noctem
3202 3218 3408 3274 acerbo
3452 3233 3518 3273 ac

1933 3315 2102 3372 ﬂebili
2129 3329 2252 3369 cum
2286 3313 2494 3384 eiulatu
2522 3313 2835 3382 transigens
2865 3311 3075 3374 infelix,
3101 3309 3515 3381 Jamegredior,

1934 3404 2230 3461 clamabat.
2284 3403 2543 3458 Damone
2596 3409 2781 3454 autem
2829 3398 3075 3469 perfecte
3133 3400 3312 3469 ejeeto
3374 3398 3519 3452 redit

1934 3496 2100 3550 homo
2151 3496 2265 3565 jam
2294 3493 2536 3547 libenter
2577 3488 2646 3544 ad
2704 3498 2980 3551 sanctum,
3027 3489 3352 3542 renuntians
3398 3502 3519 3556 quae

1934 3589 2042 3646 sibi
2065 3585 2410 3651 acciderant;
2447 3584 2729 3653 quomodo
2755 3582 2969 3638 scilicet
3001 3581 3106 3636 sibi
3147 3593 3372 3634 sanetus
3416 3594 3517 3647 ap-

1932 3685 2213 3751 paruerat,
2277 3691 2388 3731 non
2420 3674 2586 3731 modo
2636 3671 2990 3729 decumbenti
3023 3670 3078 3725 in
3128 3670 3296 3733 lecto,
3325 3682 3518 3723 verum

1932 3781 2092 3826 antea
2118 3769 2286 3824 etiam
2330 3766 2663 3837 periclitanti
2704 3765 2760 3819 in
2806 3762 3005 3829 ﬂuvio;
3052 3760 3331 3831 quomodo
3389 3759 3514 3813 istic

1933 3877 2155 3932 gravem
2222 3859 2618 3914 exterminarat
2691 3857 3039 3919 darmonem,
3103 3852 3196 3906 hic
3275 3848 3515 3920 graviori

252 3952 415 4007 etiam
457 3953 812 4012 subduxisset
839 3955 1143 4011 discrimini
1173 3956 1607 4026 contulissetque
1643 3952 1973 4010 beneficium
2008 3968 2118 4008 non
2160 3950 2414 4016 inferius,
2462 3964 2628 4018 quam
2678 3946 2823 4017 quod
2859 3945 3113 4016 petierat.
3154 3951 3520 4012 praeterquam

251 4045 392 4113 quod
428 4046 601 4116 magis
626 4053 774 4101 esset
811 4047 1267 4115 inexspectatum.

320 4137 458 4206 ριιξν.
503 4140 875 4211 Κοιμωμένων
928 4140 1172 4207 ἀδελφῶν
1226 4141 1285 4192 ἐν
1341 4137 1499 4208 ἀγρῷ
1554 4155 1685 4192 ποτε
1718 4137 1819 4207 τῆς

254 4228 553 4300 κατωτέρω
590 4232 778 4302 μονῆς,
811 4231 1014 4301 ἐτέρων
1039 4230 1095 4283 δὲ
1124 4230 1299 4299 μέσας
1329 4229 1534 4292 νύκτας
1558 4227 1817 4300 ἐξομολο-

251 4320 523 4390 γήσασθαι
573 4321 691 4391 Θεῷ
748 4323 877 4391 περὶ
929 4322 1020 4375 τὸν
1087 4321 1311 4393 Συμεὼν
1369 4321 1772 4390 ἁθροισθέντων
1800 4363 1816 4386 ,

261 4414 441 4483 Ὀρᾷν,
474 4416 655 4483 φησὶν,
690 4414 931 4478 ἐδόκουν,
952 4411 1175 4476 ἐκεῖνος,
1201 4413 1561 4484 λεοπάρδαλιν
1584 4412 1821 4483 ἐξορμη-

251 4504 431 4558 θείσαν
456 4503 551 4556 τοῦ
587 4503 831 4572 φωλεοῦ,
863 4506 959 4558 καὶ
1002 4504 1138 4574 πρὸς
1185 4504 1429 4574 κεφαλῆς
1473 4504 1592 4567 ἑνὸς
1627 4503 1737 4555 τῶν
1763 4505 1821 4554 ὲν

249 4594 402 4665 ἀγρῷ
430 4594 674 4661 ἀδελφῶν
697 4596 1034 4664 ἐφεστῶσαν,
1064 4593 1205 4648 ὥστε
1233 4595 1686 4665 διασπασαμένην
1722 4594 1821 4647 αὐ-

248 4684 359 4748 τὸν,
384 4682 479 4736 τοῦ
508 4685 741 4754 αἵματος
787 4684 1169 4755 ἐμφορηθῆναι
1198 4684 1420 4738 καὶτῶν
1445 4684 1689 4754 σαρκῶν,
1731 4685 1824 4737 καὶ

247 4774 320 4838 ὡς
346 4775 456 4844 ἐγὼ
483 4776 555 4829 δι’
581 4776 750 4847 εὐχῆς
790 4777 934 4846 εἴην,
959 4777 1246 4830 ἀποσοϐῶν
1284 4776 1346 4829 τὺ
1399 4776 1607 4847 θηρίον.
1638 4775 1825 4829 Ταῦτα

248 4866 323 4937 τῷ
370 4868 469 4937 μὲν
513 4868 742 4939 Συμεὼν
793 4868 1039 4940 διήγημα
1072 4869 1208 4940 πρὸς
1256 4869 1384 4931 τοὺς
1421 4867 1671 4938 μαθητὰς
1700 4863 1769 4938 ἦν
1806 4883 1820 4900 ο

247 4959 478 5013 ἐτελεῖτο
548 4960 606 5014 δὲ
652 4961 732 5024 εἰς
766 4960 925 5030 ἔργον
968 4960 1047 5031 τῷ
1082 4960 1436 5032 κοιμωμένῳ,
1468 4961 1562 5014 καὶ
1615 4959 1825 5014 διυπνι-

250 5048 413 5116 σθεὶς,
440 5051 544 5122 ὁρᾷ
566 5051 703 5121 πρὸς
730 5052 974 5123 κεφαλῆς
1010 5053 1071 5105 τὸ
1100 5052 1307 5123 θηρίον.
1333 5052 1447 5106 Οὐκ
1474 5050 1612 5121 ἔχων
1637 5050 1820 5103 τοίνυν

249 5138 275 5191 ὅ
305 5155 354 5195 τι
396 5142 490 5193 καὶ
519 5142 706 5213 δράσει
735 5142 813 5214 τῷ
843 5143 1024 5213 ἁθρόῳ
1052 5143 1147 5196 τοῦ
1183 5143 1435 5197 κινδύνου
1459 5143 1556 5197 καὶ
1584 5144 1715 5215 παρ’
1734 5142 1825 5195 ὲλ-

251 5230 391 5297 πίδα,
420 5232 521 5302 τὴν
569 5234 786 5304 ἕτοιμον
840 5237 1040 5289 αὐτίκα
1084 5236 1178 5288 καὶ
1233 5235 1443 5305 ἄμαχον
1482 5234 1737 5305 δύναμιν,
1762 5234 1825 5289 τὸ

249 5318 334 5373 τοῦ
380 5320 526 5376 θείου
576 5323 804 5394 Συμεὼν
851 5324 1043 5395 ὄνομα,
1076 5327 1172 5378 καὶ
1213 5325 1310 5394 τὴν
1338 5324 1550 5379 ἐκεῖθεν
1599 5343 1823 5396 συμμα-

251 5411 365 5482 χίαν
404 5416 724 5471 ἐπεκαλεῖτο
755 5435 768 5448 ·
805 5417 863 5482 ὃς
919 5417 1069 5487 αὐτῷ
1112 5419 1206 5471 καὶ
1235 5419 1580 5488 παραχρῆμα
1609 5418 1817 5485 ὀφθεὶς,

250 5505 540 5562 ἀπελαύνει
579 5509 670 5564 τὸν
721 5510 888 5582 θῆρα.
931 5510 1122 5585 Ὀκμὲν
1145 5507 1239 5563 οὖν
1285 5509 1509 5578 ἁδελφὸς
1546 5510 1649 5579 ἤδη
1688 5512 1818 5580 περὶ

311 5636 422 5715 ί55)
458 5638 813 5715 Noueidetur
836 5642 933 5695 iste
972 5641 1387 5715 Melasintelligi
1422 5642 1676 5715 posse
1718 5659 1820 5712 quo

251 5706 465 5777 ml'cap.
499 5711 553 5774 9,
579 5712 632 5763 in
668 5720 853 5765 annot.
885 5721 1063 5781 utpote
1097 5714 1252 5766 nimis
1290 5706 1537 5767 ramenta.
1575 5706 1819 5768 Fuerunt

251 5793 311 5831 ac
354 5790 693 5834 recensentur
725 5781 904 5850 plures
948 5785 1096 5836 istius
1142 5785 1366 5838 nontinis
1409 5785 1594 5859 ﬂuvii;
1656 5792 1819 5851 potest

2002 4135 2128 4190 197.
2163 4130 2578 4188 Dormientibus
2616 4127 2914 4198 aliquando
2956 4126 3225 4183 fratribus
3284 4125 3520 4181 inferio-

1929 4226 2004 4281 ris
2035 4223 2351 4280 monasterii
2366 4223 2422 4278 in
2436 4236 2567 4292 agro
2578 4219 2708 4276 dum
2728 4218 2915 4273 caeteri
2929 4218 3031 4272 sub
3046 4227 3262 4271 noctem
3278 4216 3516 4271 mediam

1927 4333 2055 4373 cum
2073 4324 2265 4372 sancto
2289 4315 2561 4386 Symeone
2593 4312 2662 4367 ad
2697 4309 3073 4366 confitendum
3118 4307 3353 4362 Domino
3381 4323 3515 4361 con-

1927 4408 2236 4463 venissent:
2252 4406 2511 4472 Videbar,
2534 4402 2714 4474 inquit
2731 4413 2974 4466 sanctus,
2994 4398 3514 4467 videreleopardum

1928 4514 1960 4553 e
1994 4497 2195 4567 spelato
2237 4510 2338 4550 suo
2367 4507 2747 4564 prorumpere,
2792 4501 2849 4546 et
2873 4489 3039 4560 capiti
3077 4489 3242 4543 unius
3270 4504 3300 4542 e
3327 4487 3514 4540 fratri-

1927 4589 2034 4645 bus
2073 4588 2127 4641 in
2155 4591 2288 4658 'agro
2313 4585 2509 4640 infeste
2538 4583 2861 4649 imminere;
2900 4590 3014 4636 tum
3057 4579 3227 4634 veluti
3250 4578 3515 4633 dilaniare

1930 4697 1995 4736 ac
2014 4680 2251 4735 saturari
2267 4676 2869 4748 sanguineetearnibus
2885 4675 3032 4730 illius
3053 4692 3067 4739 ;
3084 4672 3321 4742 denique
3344 4669 3516 4740 preci-

1920 4771 2182 4828 busmeis
2196 4769 2374 4825 arceri
2400 4768 2662 4823 belluam.
2696 4766 2845 4822 Talis
2866 4773 2987 4821 erat
3011 4763 3254 4819 narratio
3289 4761 3514 4831 Symeo-

1920 4866 2028 4929 nis,
2055 4862 2200 4934 apud
2228 4861 2532 4931 discipulos
2551 4859 2801 4914 instituta
2824 4876 2838 4912 :
2869 4874 2959 4912 res
2984 4858 3099 4926 ipsa
3125 4869 3257 4909 vero
3284 4853 3361 4908 sic
3380 4867 3511 4923 age-

1921 4957 2084 5012 batur
2110 4971 2233 5011 cum
2253 4952 2585 5017 dormiente,
2612 4951 2708 5022 qui
2736 4948 3175 5020 expergefactus,
3201 4945 3510 5016 deprellen-

1925 5050 2007 5105 dit
2034 5048 2103 5103 ad
2133 5056 2476 5118 caputsuum
2493 5045 2690 5100 feram.
2712 5045 2939 5115 Ignarus
2962 5049 3145 5097 autem
3175 5040 3308 5109 quid
3325 5053 3510 5092 rerum

1926 5141 2182 5213 ageretin
2201 5150 2311 5196 tam
2327 5140 2618 5211 repentino
2633 5137 2938 5207 desperatae
2977 5134 3176 5190 salutis
3216 5132 3466 5203 periculo
3489 5148 3505 5195 ;

1934 5234 2194 5289 inclamat
2224 5241 2470 5303 paratam
2501 5230 2653 5284 illico
2696 5236 2753 5283 et
2794 5225 3276 5297 inexpugnabilem
3317 5232 3505 5292 poten-

1933 5326 2061 5379 tiam
2083 5324 2256 5380 sancti
2279 5321 2569 5394 Symeonis
2592 5327 2885 5385 nomen,et
2908 5317 3052 5387 quod
3095 5313 3356 5384 consequi
3381 5312 3509 5365 inde

1928 5419 2069 5474 solet
2114 5415 2453 5472 subsidium:
2473 5414 2568 5483 qui
2593 5412 2859 5468 continuo
2887 5409 3141 5481 apparuit
3160 5403 3505 5466 inclamanti,

1923 5519 1981 5565 et
2010 5508 2246 5563 belluam
2277 5506 2479 5577 abegit.
2503 5505 2693 5560 Frater
2715 5503 2880 5575 igitur
2904 5503 3007 5557 iste
3044 5498 3288 5555 diluculo
3313 5510 3508 5550 versus

1928 5643 2090 5767 etbiam
2119 5640 2395 5713 ignobilior
2435 5640 2649 5710 quidam
2682 5655 2785 5691 non
2813 5635 2996 5706 prorul
3020 5655 3051 5689 (ι
3083 5642 3256 5688 monte
3278 5631 3510 5687 Mirabili

1931 5731 1960 5767 α
2000 5713 2171 5767 fuisse.
2376 5718 2380 5723 '
2436 5756 2441 5759 _

1931 5713 2171 5781 abfuisse.
2376 5718 2380 5723 '
