4010 6288
580 378 713 443 ΒῘθἹ

1778 376 1840 437 S.
1880 374 2181 437 SYMEON
2189 376 2258 435 IS
2292 375 2657 437 JUNIOR‘IS

3718 367 3839 431 sua

576 488 888 543 columnam
934 485 1205 549 ascendit,
1251 484 1616 540 admiratione
1670 485 1885 554 plenus,
1931 500 2153 539 narrans

2262 482 2458 553 ὅρθρον
2492 481 2663 550 ἀνέϐη
2717 477 2868 549 παρά
2908 478 2999 531 τὸν
3049 478 3261 539 στύλον,
3298 476 3591 546 θαύματος
3644 477 3839 543 γέμων,

577 592 705 633 cum
739 585 987 648 stupore,
1012 593 1134 646 quae
1156 578 1384 632 vidisset
1408 594 1422 630 :
1450 574 1548 632 sed
1583 576 1787 645 reperit
1806 576 1943 630 alios
1963 575 2154 644 majori

577 676 804 739 stupore
862 668 1193 738 completos,
1246 667 1394 738 quod
1447 667 1576 738 ipsi,
1625 680 1748 737 qua:
1806 665 1953 721 circa
2004 664 2157 718 illum

577 772 629 829 go‘
646 767 731 813 sta
760 757 1001 821 fuerant,
1022 758 1137 827 jam
1164 767 1482 812 narrassent
1518 757 1663 832 inter
1691 770 1771 821 se,
1802 754 2030 809 alterius
2062 753 2160 808 ad—

577 859 804 904 ventum
832 858 1246 919 praevertentes.
1282 848 1361 903 Ita
1404 848 1627 902 divinus
1671 846 1927 918 Symeon,
1958 845 2159 902 crassi-

580 939 709 995 tiem
746 954 965 993 omnem
996 939 1456 1007 all‘ectionemque
1482 937 1818 991 materialem
1852 942 2157 1006 transgres-

578 1045 693 1093 sus,
727 1030 1019 1099 beatisque
1045 1029 1153 1083 illis
1188 1029 1469 1083 mentibus
1498 1043 1557 1081 se
1587 1028 1815 1098 propius
1853 1027 2157 1097 adjungens

576 1133 739 1194 atque
763 1134 925 1179 utens
959 1124 1327 1189 familiariter,
1380 1120 1549 1177 multa
1590 1132 1704 1176 tum
1743 1120 1927 1175 futura
1958 1121 2156 1190 praavi-

576 1215 678 1277 dit,
709 1225 821 1268 tum
839 1215 999 1283 longe
1025 1229 1054 1268 a
1075 1229 1132 1268 se
1161 1222 1369 1268 remota
1390 1214 1559 1268 veluti
1584 1211 1873 1282 praesentia
1894 1212 2153 1282 inspexit.

575 1305 681 1361 Sed
713 1315 930 1373 tempus
966 1312 1051 1360 est
1083 1305 1151 1359 ad
1198 1306 1305 1359 alia
1349 1304 1688 1359 transeundi.

654 1395 770 1449 I98.
812 1396 908 1449 Vir
941 1395 1163 1465 quidam
1191 1409 1222 1449 e
1246 1410 1478 1449 numero
1515 1394 1731 1448 illorum
1771 1394 1866 1463 qui
1898 1409 2000 1463 pro
2027 1394 2157 1449 aedi-

576 1483 721 1538 liciis
766 1483 1008 1539 civitatis
1037 1484 1249 1552 lapides
1290 1483 1528 1546 ca-dunt,
1570 1482 1709 1537 mala
1744 1482 2011 1537 daemonis
2036 1495 2155 1537 arte

572 1575 861 1629 mutilatus
889 1574 1115 1629 sinistro
1145 1574 1328 1639 oculo,
1363 1572 1620 1628 mercede
1646 1588 1808 1642 quam
1843 1587 1944 1642 pro
1968 1572 2154 1626 labore

573 1682 833 1722 manuum
850 1668 1149 1735 accepisset
1178 1666 1497 1734 privabatur
1520 1682 1533 1718 :
1552 1674 1669 1719 erat
1684 1675 1867 1720 autem
1888 1665 2153 1734 singulari

572 1759 628 1814 in
666 1767 916 1814 sanctum
944 1759 1143 1813 fiducia
1169 1759 1579 1822 corroboratus,
1613 1768 1806 1813 caetera
1840 1759 2030 1829 pingui
2066 1758 2153 1812 in-

2260 575 2355 628 καὶ
2388 575 2484 628 σὺν
2529 571 2789 641 ἐκπλήξει
2828 570 3215 640 ἀφηγούμενος
3244 568 3388 639 ἅπερ
3421 569 3530 621 ἴδοι
3551 586 3566 600 ·
3603 567 3842 636 εὑρίσκει

2257 666 2314 719 δὲ
2336 667 2461 729 τοὺς
2488 665 2710 727 λοιποὺς
2739 664 2945 734 μείζονι
2977 662 3175 731 θάμϐει
3199 660 3724 731 κατειλημμένους,
3746 660 3843 728 ὅσῳ

2256 757 2325 810 τὰ
2358 758 2435 821 εἰς
2464 757 2624 810 αὑτὸν
2653 755 2916 824 γεγονότα
2950 749 3246 823 φθάνοντες
3290 752 3499 822 μᾶλλον
3569 752 3743 804 αὑτοὶ
3772 751 3843 803 δι-

2266 848 2516 920 εξῄεσαν.
2541 846 2728 910 Οὑτως
2747 849 2775 901 ὀ
2799 847 2940 911 θεῖος
2963 845 3188 916 Συμεὼν
3217 844 3516 914 παχύτητα
3548 845 3745 897 πᾶσαν
3768 845 3842 897 nl

2260 942 2443 1009 σχέσιν
2504 938 2693 1011 ὑλικὴν
2736 939 3107 1009 ὑπεραναϐἀς,
3140 940 3206 1007 τῇ
3255 954 3323 989 τεν
3375 936 3663 1006 μακαρίᾳ.
3701 937 3845 1004 φύσει

2258 1029 2461 1082 ἑαυτὸν
2491 1030 2570 1092 ὡς
2600 1030 2728 1099 ἐνῆν
2769 1030 3012 1097 συνάψας
3042 1029 3137 1081 καὶ
3176 1026 3470 1090 οἱκειώσας
3492 1067 3511 1089 ,
3550 1026 3740 1079 πολλὰ
3769 1028 3844 1079 καὶ

2258 1121 2364 1172 τῶν
2419 1120 2719 1188 μελλόντων
2773 1120 3125 1190 προϐλέπειν,
3153 1118 3263 1172 τῶν
3319 1136 3380 1171 τε
3421 1118 3540 1171 ἀπὸ
3572 1118 3843 1187 μακρόθεν

2256 1211 2439 1282 διορᾷν
2464 1211 2539 1273 ὡς
2565 1213 2809 1281 παρόντα
2840 1211 3058 1280 ἠξίωτο.
3089 1210 3227 1278 Ὥρα
3253 1211 3309 1263 δὲ
3339 1210 3440 1279 ἠδη
3473 1210 3588 1263 καὶ
3624 1208 3772 1279 πρὸς
3791 1211 3845 1260 τὰ

2257 1302 2382 1371 ἑξῆς
2418 1301 2741 1371 μεταϐῆναι.

2330 1393 2474 1464 ριιηό
2514 1394 2677 1463 Ἀνήρ
2725 1410 2810 1457 τις
2860 1392 2968 1445 τῶν
3001 1393 3058 1444 ἐν
3080 1394 3198 1453 ταῖς
3227 1390 3549 1458 οἰκοδομαῖς
3598 1392 3713 1460 τῆς
3761 1392 3846 1445 πό.

2254 1485 2392 1546 λεως
2418 1482 2814 1552 λατομούντων,
2847 1484 2939 1536 τὸν
2970 1481 3246 1552 εὐώνυμον
3273 1481 3566 1552 ὀφθαλμὸν
3596 1483 3849 1552 δαίμονος

2255 1578 2491 1649 ἐπηρείᾳ
2522 1579 2946 1649 πεπηρωμένος,
2975 1579 3036 1631 τὸ
3070 1578 3329 1649 μίσθωμα
3372 1577 3469 1631 τοῦ
3496 1578 3627 1632 τῶν
3657 1578 3850 1649 χειρῶν

2256 1671 2417 1724 πόνου
2442 1670 2798 1743 διασεσύλητο
2820 1688 2835 1704 ο
2865 1671 2924 1735 ὀς
2950 1670 3020 1724 τά
3053 1670 3152 1741 μὲν
3171 1671 3309 1726 ἄλλα
3331 1674 3515 1742 παχὺς
3537 1668 3618 1741 ἦν
3649 1690 3739 1734 τις
3763 1674 3847 1723 aut

2255 1762 2563 1832 ἀγροικίας,
2587 1764 2686 1835 τὴν
2735 1763 2793 1817 δέ
2828 1764 2964 1834 πρὸς
2998 1764 3089 1817 τὸν
3116 1765 3309 1831 Ἀγιον
3335 1765 3533 1817 πίστιν
3565 1766 3677 1818 καὶ

572 1852 737 1921 genio
768 1859 825 1905 et
853 1851 1076 1905 rusticis
1097 1851 1367 1905 moribus.
1395 1849 1555 1904 Venit
1583 1850 1671 1904 ille
1701 1849 1767 1902 ad
1800 1822 2151 1919 S-ymeonem,

2259 1822 2487 1927 έρέιωτο,
2522 1822 2692 1919 δῦτος
2738 1856 2816 1925 τῷ
2873 1822 3103 1926 λὶυϋμεὼν
3160 1822 3507 1928 προσελθὼν,
3565 1822 3848 1926 πολὺςῆίν

571 1950 629 1997 et
667 1950 815 1996 totus
838 1942 994 1996 humi
1024 1942 1339 2011 procidens,
1369 1942 1618 2010 pecuniae
1650 1943 1921 2010 jacturam
1948 1942 2155 1997 lamen-

573 2032 815 2086 tabatur.
847 2032 1084 2088 Sanctus
1108 2049 1241 2087 vero
1281 2033 1516 2103 Symeon
1541 2033 1630 2086 vix
1664 2034 1880 2088 tandem
1913 2035 2152 2089 levatum

573 2122 856 2176 hominem
901 2124 1343 2193 appropinquare
1391 2124 1585 2193 jussit,
1633 2140 1868 2194 cumque
1920 2126 2154 2195 inexpu-

571 2215 792 2285 gnabile
827 2215 1007 2271 crucis
1032 2216 1329 2270 Dominica:
1358 2215 1576 2286 signum
1618 2216 1725 2285 ipsi
1753 2217 2151 2286 impressisset;

570 2305 778 2374 ejulare
823 2308 1089 2360 continuo
1118 2306 1392 2375 malignus
1435 2305 1685 2374 spiritus,
1730 2305 2008 2360 hominem
2038 2305 2154 2360 fere

570 2394 860 2458 dilaniare,
916 2410 981 2449 ac
1022 2395 1306 2464 postulare
1350 2394 1692 2449 missionem.
1741 2395 1935 2450 Statim
1986 2395 2153 2473 igitur

568 2499 697 2539 cum
721 2484 1093 2554 increpatione
1118 2484 1437 2555 expellitur,
1461 2493 1517 2539 et
1549 2501 1693 2555 aegro
1725 2485 1967 2539 hominis
1994 2486 2154 2541 oculo

568 2574 943 2645 perspicacius
979 2591 1142 2645 quam
1173 2585 1493 2645 speraverat
1537 2576 1724 2631 lumen
1759 2575 2043 2643 redditur;
2091 2588 2155 2634 ut

570 2661 1134 2724 multo'excellentius
1169 2665 1378 2721 donum
1426 2675 1574 2722 esset
1602 2682 1764 2735 quam
1793 2669 2044 2738 petierat,
2086 2683 2153 2728 eo

568 2758 688 2811 fere
715 2772 826 2826 quo
850 2758 1000 2812 Sauli
1023 2758 1254 2830 contigit
1281 2759 1468 2823 modo,
1494 2759 1625 2814 licet
1656 2760 1748 2814 ille
1774 2758 1979 2832 [asinas
2005 2780 2155 2834 qum-

570 2845 720 2919 rens]
763 2862 991 2917 regnum
1034 2847 1372 2915 obtinuerit;
1402 2849 1655 2918 quamvis
1681 2859 1738 2904 et
1767 2850 1917 2905 oculi
1966 2852 2153 2909 lumen

569 2940 692 3010 ipso
740 2954 911 3011 regno
960 2940 1121 3011 longe
1176 2941 1532 3012 praestantius
1569 2941 1659 2995 sit.
1704 2939 1821 2996 Hoc
1865 2943 1957 2998 ille
1991 2944 2153 3000 modo

568 3033 860 3087 sanitatem
883 3043 1238 3097 consecutus,
1264 3042 1412 3089 tanta
1432 3033 1800 3090 admiratione
1818 3043 2153 3107 stuporeque

2262 1948 2472 2016 ῥίπτων
2532 1947 2676 2000 κατά
2721 1948 2826 2015 γῆς
2871 1948 3083 2011 ἐαυτὸν,
3116 1949 3210 2001 xal
3263 1948 3362 2016 τὴν
3403 1947 3501 1999 τοῦ
3554 1950 3848 2018 χρήματος

2257 2038 2533 2092 ἀπώλειαν
2567 2038 2912 2107 ὀδυρόμενος.
2950 2038 3008 2091 ’0
3034 2038 3090 2091 δὲ
3125 2038 3279 2107 μόλις
3298 2038 3463 2091 αὑτὸν
3497 2040 3849 2107 ἀναστήσας,

2257 2128 2494 2197 ἐγγίζειν
2525 2129 2833 2185 ἐκέλευσεν·
2871 2129 2944 2193 ὡς
2968 2129 3025 2183 δὲ
3057 2131 3151 2184 καὶ
3178 2131 3269 2182 τὸν
3309 2131 3526 2198 ἄμαχον
3564 2131 3736 2200 αὑτῷ
3769 2130 3850 2182 καὶ

2256 2221 2584 2274 Δεσποτικδν
2631 2220 2879 2275 ἐπιϐάλοι
2937 2220 3032 2274 τοῦ
3082 2221 3313 2287 σταυροῦ
3351 2221 3552 2284 τύπον,
3584 2219 3847 2287 ὠλόλυξεν

2255 2311 2450 2366 αὐτίκα
2478 2312 2539 2365 τὸ
2573 2313 2811 2383 πνεῦμα,
2833 2312 3040 2367 καὶτὸν
3062 2313 3346 2382 ἄνθρωπον
3381 2314 3594 2383 μικροῦ
3629 2314 3847 2386 διερρή-

2254 2406 2378 2467 γνΰ,
2405 2403 2498 2456 καὶ
2519 2404 2854 2474 ἀπολυθῆναι
2880 2405 3069 2458 τούτου
3105 2408 3292 2461 ἐδεῖτο.
3320 2408 3427 2461 Καὶ
3454 2407 3516 2461 τὸ
3552 2410 3673 2477 μὲν
3698 2410 3846 2471 εὑθπ

2256 2494 2577 2565 ἐπιτιμηθέν
2620 2496 2983 2550 ἀπελαύνεται
3010 2512 3025 2527 ⁶
3057 2497 3134 2566 τῷ
3167 2498 3224 2550 δὲ
3270 2499 3366 2551 τοῦ
3396 2498 3731 2568 πάσχοντος
3760 2502 3847 2567 ὑφ’

2255 2587 2445 2658 θαλμῷ
2461 2586 2798 2661 κρεῖττον
2823 2590 2942 2642 κατ’
2970 2590 3161 2643 ἐλπίδα
3184 2591 3244 2643 τὸ
3265 2590 3383 2659 φῶς
3405 2593 3761 2656 ἀποδίδοται,
3779 2594 3843 2654 ὡς

2255 2672 2394 2729 εἶναι
2419 2674 2516 2732 τοῦ
2543 2677 2857 2746 αἰτηθέντος
2886 2678 3070 2748 μεῖζον
3100 2681 3249 2751 παρὰ
3272 2681 3406 2735 πολὺ
3430 2683 3494 2736 τὺ
3521 2685 3719 2747 δοθὲν,
3737 2701 3850 2739 κατ’

2256 2766 2420 2819 αὑτὸν
2450 2766 2542 2820 τὸν
2574 2768 2770 2833 Σαοὺλ,
2807 2769 2855 2822 εί
2881 2771 2975 2823 καὶ
3003 2771 3301 2841 πάρεργον,
3334 2772 3629 2843 βασιλείαν
3652 2781 3847 2851 εὑρεῖν,

2256 2857 2372 2915 ἀλλ’
2405 2859 2505 2914 οὑκ
2533 2859 2815 2931 ὀφθαλμοῦ
2849 2862 2984 2928 φῶς,
3017 2862 3045 2916 ὃ
3081 2864 3178 2917 καὶ
3207 2864 3485 2933 βασιλείας
3539 2869 3739 2939 πολλῷ
3774 2888 3851 2924 τι·-

2263 2951 2549 3024 μιὼτερον.
2612 2954 2671 3007 Ὅ
2714 2956 2812 3025 μὲν
2859 2951 2954 3009 οὖν
2992 2957 3290 3027 θεραπείας
3329 2959 3595 3028 τοιαύτης
3653 2961 3848 3032 τυχὼν,

2252 3039 2425 3104 οὑτως
2455 3041 2558 3094 ὑπὸ
2590 3043 2682 3094 τοῦ
2710 3041 2986 3110 θαύματος
3008 3042 3454 3111 καταπέπληκτο,
3487 3041 3565 3103 ὡς
3593 3043 3705 3095 καὶ
3736 3060 3842 3107 φω-

570 3124 861 3193 perculsus
889 3124 1014 3188 fuit,
1042 3132 1103 3179 ut
1137 3125 1428 3181 deﬁciente
1453 3141 1588 3181 voce
1620 3126 2029 3183 obmutesceret
2053 3147 2066 3182 :
2099 3139 2153 3183 at

2258 3132 2354 3201 νὴν
2384 3131 2547 3184 αὐτὸν
2571 3132 2967 3186 ἐπιλελοιπέναι
2986 3149 3002 3166 ο
3031 3133 3130 3202 ὴρέ
3140 3149 3213 3202 μα
3232 3132 3288 3185 δὲ
3319 3132 3454 3203 πρὸς
3478 3132 3665 3187 αὑτὸν
3688 3135 3720 3187 ὀ
3750 3133 3842 3186 Συο

570 3216 805 3287 Symeon
831 3226 1046 3272 secreto
1078 3218 1153 3272 ita
1178 3218 1331 3273 illum
1361 3219 1634 3272 allocutus
1663 3227 1777 3273 est:
1808 3219 2035 3273 Multum
2067 3217 2152 3274 in-

571 3312 742 3359 terest
773 3305 1120 3361 discriminis
1141 3308 1329 3361 lumen
1362 3307 1507 3361 inter
1535 3315 1590 3361 et
1610 3308 1924 3376 pecuniam,
1953 3309 2155 3378 gratias

566 3412 667 3468 age
689 3397 822 3460 Deo,
848 3398 944 3467 qui
970 3397 1117 3468 quod
1142 3398 1340 3453 melius
1363 3399 1593 3469 largitus
1619 3397 1716 3452 tibi
1737 3404 1842 3462 est,
1864 3407 2156 3469 potestque

571 3489 737 3544 etiam
763 3490 913 3560 quod
933 3491 1100 3546 vilius
1123 3491 1332 3546 donare
1355 3508 1370 3544 :
1399 3490 1535 3545 vade
1564 3490 1750 3561 igitur,
1778 3498 1833 3545 et
1863 3490 2154 3559 pristinam

574 3589 731 3638 recte
759 3583 983 3638 vivendi
1022 3598 1274 3638 normam
1322 3591 1448 3638 tene
1485 3599 1498 3636 :
1536 3582 1618 3638 sic
1653 3596 1935 3651 nunquam
1966 3581 2153 3651 despi-

570 3673 682 3729 ciet
721 3680 776 3728 te
820 3673 988 3737 Deus,
1031 3673 1127 3729 sed
1162 3673 1349 3728 subito
1385 3688 1579 3728 aurum
1629 3688 1850 3743 quoque
1880 3672 2151 3728 invenies.

567 3765 785 3833 Quibus
814 3765 1000 3829 dictis,
1022 3765 1249 3820 revertit
1275 3764 1366 3819 ille
1392 3763 1657 3834 gaudens,
1682 3780 1792 3818 non
1820 3763 1984 3818 modo
2006 3763 2153 3833 quod

570 3858 768 3912 melius
800 3873 858 3913 se
889 3857 1139 3923 haberet,
1168 3857 1345 3927 eiecto
1365 3856 1615 3911 daemone
1637 3864 1803 3925 atque
1831 3857 1992 3911 oculo
2017 3871 2156 3925 prte—

569 3958 656 4003 ter
687 3965 839 4020 spem
880 3948 1208 4012 illuminato,
1239 3963 1429 4003 verum
1470 3946 1636 4002 etiam
1675 3955 1900 4016 propter
1942 3946 2156 4016 pollici-

571 4041 833 4096 tationem
885 4039 1229 4096 inveniendae
1275 4039 1527 4109 pecunize
1567 4055 1581 4092 :
1616 4052 1779 4109 quam
1818 4037 2014 4107 ipsam,
2057 4038 2151 4092 ubi

570 4130 799 4185 domum
832 4132 1112 4200 attigerat,
1149 4131 1205 4184 in
1251 4129 1395 4185 lecto
1440 4129 1671 4199 reperit,
1722 4129 1875 4184 velut
1919 4129 2151 4183 alterum

569 4220 855 4275 oculorum
900 4221 1089 4275 lumen
1144 4236 1161 4274 ς
1217 4218 1667 4289 quandoquidem
1714 4219 1864 4273 illius
1904 4218 2153 4273 defectus

570 4321 798 4384 prepter
841 4313 1102 4382 inopiam,
1142 4312 1320 4383 ipsum
1365 4328 1477 4367 non
1511 4312 1696 4367 minus
1739 4326 1903 4382 quant
1937 4311 2154 4366 cacitas

570 4405 795 4459 anxium
837 4403 1099 4458 habebat.

2259 3222 2427 3292 μεὼν,
2455 3223 2530 3276 Τὸ
2566 3224 2703 3291 φῶς,
2730 3223 2853 3292 ἔφη,
2882 3223 2977 3277 τοῦ
3001 3224 3222 3294 χρυσίου
3258 3223 3393 3277 πολὺ
3422 3224 3691 3295 διαφέρει
3714 3243 3731 3256 ο
3763 3226 3842 3278 εὑ-

2256 3316 2503 3385 χαρίστει
2535 3314 2713 3368 τοίνυν
2744 3315 2864 3384 Θεῷ
2902 3315 2980 3384 τῷ
3025 3314 3092 3368 τὰ
3126 3314 3297 3383 μείζω
3329 3317 3726 3387 χαρισαμένῳ,
3756 3316 3841 3370 καὶ

2254 3405 2480 3468 δυνατὸς
2510 3405 2672 3468 αὑτὸς
2713 3404 3046 3474 παρέξεσθαι
3088 3406 3180 3458 καὶ
3224 3405 3286 3457 τὸ
3316 3405 3559 3460 ἔλαττον.
3593 3407 3838 3477 Πορεύου

2254 3493 2541 3564 τοιγαροῦν
2564 3494 2818 3564 ἐχόμενος
2839 3492 2940 3562 τῆς
2968 3495 3159 3562 πρώην
3193 3492 3505 3561 εὐθύτητος,
3531 3494 3634 3546 καὶ
3660 3495 3838 3547 οὐκέτι

2255 3584 2558 3655 παρόψεται
2607 3601 2688 3649 σε,
2721 3585 2857 3637 ἀλλά
2892 3585 3028 3654 ταχὺ
3069 3584 3166 3637 καὶ
3205 3584 3267 3636 τὸ
3294 3584 3519 3654 χρυσίον
3557 3586 3837 3655 εὑρήσεις.

2254 3678 2366 3730 Καὶ⁵
2391 3678 2418 3730 ὁ
2444 3679 2542 3748 μὲν
2577 3677 2801 3748 ἐπανῄει
2828 3676 3053 3748 χαίρων,
3089 3676 3187 3745 οὑχ
3219 3669 3300 3738 οἷς
3322 3673 3385 3727 εὖ
3405 3675 3724 3743 τηνικαῦτα
3751 3692 3839 3728 πε-

2257 3760 2443 3820 πόνθοι
2504 3767 2682 3835 μόνον,
2715 3769 2781 3837 τῇ
2805 3783 2864 3818 τε
2891 3766 2986 3819 τοῦ
3020 3765 3273 3834 δαίμονος
3294 3764 3587 3835 ἀπαλλαγῇ
3610 3766 3835 3837 δηλαδὴ.

2253 3857 2350 3910 καὶ
2374 3858 2440 3927 τῇ
2462 3855 2557 3908 τοῦ
2580 3855 2861 3926 ὀφθαλμοῦ
2889 3858 3018 3927 παρ’
3042 3856 3232 3909 ἐλπίδα
3261 3856 3450 3927 ρὠει,
3480 3856 3619 3909 ἀλλὰ
3648 3858 3746 3911 καὶ
3766 3849 3836 3916 ei;

2253 3945 2585 4013 ἐπαγγελίας
2617 3946 2714 4015 τῆς
2746 3945 2840 3999 τοῦ
2877 3947 3160 4016 χρήματος
3197 3946 3471 4018 εὑρέσεως
3518 3946 3682 4017 τύχοι
3703 3961 3720 3977 ⁸
3754 3948 3836 4001 καὶ

2253 4037 2351 4105 τὴν
2382 4036 2555 4090 οίκίαν
2582 4036 2921 4101 καταλαϐὼν,
2952 4038 3067 4105 φῶς
3087 4037 3279 4109 ὥσπερ
3302 4037 3469 4091 αὑτοῦ
3496 4040 3613 4102 τοῖς
3643 4040 3837 4109 ὀφθαλ-

2257 4132 2378 4200 μοῖς
2423 4129 2581 4182 τοῦτο
2626 4128 2898 4198 δεύτερον,
2929 4130 3020 4180 ἐπὶ
3050 4128 3152 4196 τῆς
3184 4130 3373 4199 κλίνης
3414 4131 3692 4200 εὑρίσκει,
3723 4131 3834 4184 ἐπεὶ

2254 4222 2351 4275 καὶ
2381 4221 2481 4290 τῆς
2504 4219 2829 4290 τυφλώσεως
2848 4221 3010 4274 αὑτὸν
3040 4222 3191 4275 οὐδὲν
3225 4219 3388 4294 ἦττον
3429 4223 3465 4292 ἡ
3494 4222 3596 4276 τοῦ
3615 4224 3831 4294 χρυσίου

2257 4313 2512 4384 στέρησις
2538 4312 2625 4367 διὰ
2648 4312 2843 4367 πενίαν
2867 4312 3075 4367 ἐλύπει.

642 4505 766 4562 199.
809 4504 1004 4560 Mulier
1024 4504 1273 4575 quaedam
1305 4504 1668 4573 Antiochena,
1696 4506 1876 4561 ablata
1902 4506 2048 4561 furto
2085 4522 2144 4562 re

2327 4490 2462 4561 9110’.
2494 4491 2633 4561 Γυνή
2667 4509 2751 4555 τις
2799 4493 2863 4547 ἐκ
2888 4494 2990 4562 τῆς
3032 4493 3307 4565 Ἀντιόχου
3350 4497 3453 4567 τὴν
3483 4499 3680 4553 οὐσίαν
3704 4502 3824 4554 ἀπο·

490 4596 499 4603 “
570 4597 850 4664 familiari,
881 4597 1041 4651 ocius
1074 4596 1141 4651 ad
1176 4596 1488 4651 columnam
1531 4596 1845 4661 festinabat,
1882 4612 2144 4668 persuasa

571 4785 719 4838 niam
747 4784 1006 4854 praeclara
1026 4783 1079 4837 in
1101 4791 1349 4837 sanctum
1371 4782 1569 4837 ﬁducia
1593 4781 1978 4848 ferebatur;et
2002 4783 2148 4853 quod

570 4875 776 4931 factum
803 4885 1063 4930 eratcum
1084 4876 1296 4945 ploratu
1317 4875 1646 4944 explicabat.
1670 4874 1769 4929 Cui
1790 4875 1874 4927 vir
1894 4883 2146 4929 sanctus:

572 4966 869 5032 Malelicus,
906 4967 1107 5037 inquit,
1141 4968 1232 5021 illa
1265 4967 1481 5020 furatus
1514 4977 1598 5020 est
1629 4983 1643 5018 :
1672 4965 1768 5019 sed
1812 4966 1971 5030 vade,
2012 4966 2151 5021 nihil

575 5059 817 5115 animum
846 5059 1220 5130 despondens,
1250 5059 1360 5113 imo
1385 5058 1550 5111 etiam
1583 5056 1755 5126 magis
1785 5056 2011 5118 confisa,
2031 5057 2151 5111 vel-

575 5151 653 5206 uti
697 5152 741 5206 si
768 5152 836 5207 de
859 5151 1279 5221 recuperatione
1307 5157 1459 5219 certa
1481 5148 1646 5203 fores.
1677 5148 1874 5202 Audita
1898 5149 1999 5203 hac
2024 5164 2154 5219 pro—

574 5241 783 5311 phetia,
803 5241 900 5296 illo
921 5257 1015 5296 ore
1042 5241 1273 5310 prolata,
1292 5239 1435 5308 quod
1459 5239 1632 5310 gratia
1654 5247 1807 5295 certo
1824 5239 2152 5309 pnedicendi

574 5334 761 5388 futura
805 5333 1068 5389 donatum
1103 5342 1242 5395 erat,
1287 5347 1386 5402 pro
1419 5332 1704 5401 explorato
1745 5331 1856 5401 jam
1920 5331 2155 5385 habebat

574 5442 664 5482 res
688 5442 815 5481 suas
861 5426 1176 5496 deperditas
1238 5427 1516 5480 restitutas
1548 5441 1706 5492 esse;
1751 5434 1916 5494 atque
1958 5424 2031 5479 ita
2067 5440 2155 5478 re-

581 5516 783 5570 meavit
804 5502 1067 5586 gaudens,
1100 5515 1395 5585 animoque
1433 5530 1463 5568 a
1494 5514 1643 5570 curis
1684 5513 1884 5568 libero.
1913 5513 2157 5567 Interro-

579 5607 839 5676 gantibus
857 5616 1225 5663 revertentem
1250 5606 1468 5672 vicinis,
1485 5605 1617 5677 quid
1641 5605 1858 5660 tandem
1878 5604 2159 5659 enuntias-

584 5709 669 5751 set
694 5705 917 5752 sanctus
941 5699 1007 5752 de
1039 5698 1205 5752 rebus
1231 5697 1448 5762 ablatis,
1479 5711 1542 5751 ac
1568 5697 1843 5766 pmcipue
1872 5696 1990 5766 ipso
2024 5694 2156 5748 furti

587 5792 832 5850 auctore,
861 5787 946 5840 cui
977 5788 1029 5841 id
1066 5787 1335 5856 imprimis
1360 5803 1506 5842 curm
1531 5795 1648 5840 erat
1680 5787 1822 5856 (nam
1847 5795 1901 5840 et
1928 5787 2043 5855 ipse
2075 5785 2156 5840 vi-

1940 5971 1969 6005 ἱ

2254 4585 2551 4656 σεσύλητο’
2581 4584 2719 4654 αὕτη
2760 4584 2995 4654 δρομαία
3042 4586 3195 4656 παρὰ
3235 4587 3328 4641 τὸν
3359 4591 3553 4647 στύλον
3583 4595 3824 4658 ἐλθοῦσα,
3861 4642 3871 4655 ,

571 4690 902 4747 calamitatis
931 4706 1043 4745 suze
1064 4706 1123 4745 se
1150 4689 1276 4745 istic
1296 4690 1599 4745 remedium
1625 4690 1996 4752 inventuram,
2014 4704 2149 4759 quo-

2258 4685 2387 4737 ’όπου
2431 4689 2527 4738 καὶ
2567 4687 2667 4756 τῆς
2707 4689 2994 4757 συμφορᾶς
3036 4678 3215 4758 εὑρεῖν
3244 4686 3462 4756 ἐνόμιζε
3504 4686 3684 4753 λύσιν,
3719 4666 3871 4772 sweet;

2259 4778 2354 4830 καὶ
2375 4778 2608 4841 πίστεως
2636 4778 2716 4841 είς
2737 4776 2830 4830 τὸν
2857 4778 3048 4846 ’Λγιον
3064 4774 3176 4848 εἶχε
3192 4779 3578 4849 διαφερόντως,
3605 4779 3670 4832 τὸ
3692 4794 3825 4847 γεγο-
3852 4774 3865 4829 i

2257 4871 2346 4931 νὸς
2395 4867 2740 4922 ἀπεκλαίετο.
2774 4869 2915 4938 Πρὸς
2947 4871 3013 4940 ἢν
3058 4873 3086 4922 ὁ
3128 4869 3269 4932 θεῖος
3302 4871 3471 4939 ἀνὴρ,
3510 4871 3824 4941 Κακοῦργος

2261 4961 2357 5030 μὲν
2387 4961 2635 5029 ὑφείλετο
2662 4961 2855 5027 ταῦτα,
2891 4961 3017 5030 ἔφη,
3060 4961 3198 5015 ἀλλὰ
3228 4962 3459 5032 πορεύου
3500 4963 3670 5032 μηδὲν
3705 4962 3821 5015 ἀθυ-

2262 5051 2462 5123 μοῦσα,
2488 5051 2794 5105 τούναντίον
2820 5052 2918 5122 μὲν
2947 5047 3041 5104 οὖν
3069 5052 3163 5104 καὶ
3187 5051 3478 5104 πεποιθυῖα
3510 5050 3736 5121 μᾶλλον,
3758 5049 3824 5109 ὡς

2258 5146 2318 5199 οὔ
2341 5146 2440 5213 τῆς
2464 5145 2730 5216 εὑρέσεως
2754 5145 2933 5198 αὐτῶν
2961 5145 3305 5215 ἀστοχήσεις.
3341 5145 3405 5197 Ἦ
3429 5144 3487 5197 δὲ
3508 5143 3588 5212 τῷ
3612 5143 3823 5198 τοιαῦτα

2259 5239 2357 5307 τῆς
2387 5238 2727 5308 προφητικῆς
2752 5237 2963 5309 ἐκείνης
2992 5237 3223 5291 ἀκοῦσαι
3246 5236 3513 5305 γλώττης,
3534 5236 3630 5288 καὶ
3658 5236 3823 5304 λέγειν

2261 5327 2519 5396 ἀσφαλῶς
2569 5325 2631 5379 τὸ
2684 5325 2874 5394 μέλλον
2909 5325 3252 5395 ἡξιωμένης,
3285 5325 3578 5396 εὑρηκέναι
3625 5324 3723 5393 ἢδη
3761 5322 3822 5373 τὰ

2261 5418 2596 5483 ἀπολωλότα,
2628 5419 2723 5471 καὶ
2762 5418 2892 5489 παρ’
2930 5419 3095 5488 ἑαυτῇ
3148 5417 3421 5487 νομίσασα
3459 5417 3625 5487 ἔχειν,
3666 5416 3822 5473 οὕτως

2263 5509 2487 5582 ἐπανῄει
2519 5509 2803 5581 χαίρουσα,
2841 5512 2937 5571 καλ,
2970 5509 3243 5578 μερίμνης
3272 5509 3359 5560 ἐπ’
3389 5507 3575 5569 αὐτοῖς
3598 5505 3699 5576 τὴν
3727 5505 3818 5576 ψυ-

2261 5604 2364 5673 χὴν
2395 5600 2676 5672 ἐλευθέρα.
2705 5600 2828 5654 Τῶν
2865 5595 2957 5653 οῦν
2985 5601 3262 5669 γειτόνων,
3286 5600 3315 5652 ὅ
3337 5598 3386 5651 τί
3411 5614 3540 5651 ποτε
3568 5597 3679 5669 ἄρα
3708 5592 3818 5662 περὶ

2266 5693 2443 5748 αὐτῶν
2464 5696 2490 5746 ὁ
2519 5694 2709 5762 Ἃγιος
2738 5693 2971 5763 εἰρήκει,
3009 5689 3445 5761 πυνθανομένων,
3476 5690 3570 5742 καὶ
3602 5687 3813 5757 μάλιστα

2267 5785 2357 5839 τοῦ
2394 5784 2491 5854 τῆς
2521 5784 2725 5853 κλοπῆς
2761 5782 3084 5851 αὐτουργοῦ,
3119 5774 3163 5849 ᾧ
3194 5779 3503 5850 καὶμᾶλλον
3531 5777 3707 5834 αὐτῶν
3738 5765 3817 5834 μέ“

3950 266 3967 313 ,γ

3940 322 3957 435 ἱ

3965 1148 3968 1342 Ι
