3980 6296
184 313 326 388 ἱίϐἓί

1176 325 1359 397 VITA
1399 327 1445 389 Ἀ
1480 324 1919 394 NICEPHORO
1959 330 2441 399 CONSCRIPTA.

3303 337 3450 402 3170

182 443 276 490 λον
302 432 372 509 ἦν
395 437 717 511 (γειτόνημα
740 440 850 508 γὰρ
870 442 936 512 τῇ
966 440 1186 509 γυναικὶ
1227 438 1322 492 καὶ
1342 430 1497 501 οὗτος
1534 439 1595 489 οὐ
1625 455 1761 507 χρη-

1868 442 2033 501 vinus
2054 455 2175 502 erat
2201 445 2418 501 mulieri
2449 459 2560 501 non
2588 446 2785 509 bonus)
2814 444 2905 500 illa
2931 447 3216 516 promissis
3250 449 3448 513 sancti,

184 531 313 583 στὸν
339 530 633 600 ἐτύγχανεν
663 530 784 602 ὢν),
819 531 998 601 ἐκείνη
1028 533 1145 593 ταῖς
1166 529 1260 582 τοῦ
1281 528 1507 596 Συμεὼν
1527 530 1761 595 ἐπαγγε-

180 620 331 685 λίαις
393 622 468 684 ώς
511 622 608 693 ήδη
656 623 1049 693 γεγενημέναις
1077 619 1469 692 έπιθαρροῦσα,
1515 617 1761 690 Εῦρηκα,

184 711 362 780 ἔλεγε,
396 714 490 766 καὶ
520 713 587 767 τὰ
617 715 746 783 ἐμά.
774 714 877 766 κάν
896 713 974 783 τῷ
1000 711 1117 782 ἐμῷ
1146 712 1323 766 πάντα
1349 712 1443 764 νῦν
1470 712 1763 764 ἀπόκειται

179 804 440 874 ταμιείῳ.
480 804 539 856 '0
582 804 763 874 μέντοι
803 803 872 857 τά
909 804 1202 874 κλέμματα
1230 803 1391 874 ἔχων,
1429 802 1558 873 παρ’
1586 799 1764 870 ὲαυτῷ

181 892 400 943 κεῖσθαι
451 894 626 946 ταῦτα
687 893 890 963 μᾶλλον
938 892 1124 957 εἰδὼς,
1181 893 1292 962 ὅσῳ
1340 891 1764 964 περιεργότερον

182 983 534 1046 ἐπυνθάνετο,
564 984 804 1055 τοσούτῳ
829 984 991 1038 πλέον
1009 978 1077 1054 ἦν
1104 981 1470 1052 διαχλευάζων
1492 981 1614 1035 καθ’
1639 981 1766 1033 έαυ-

181 1073 275 1126 τδν
304 1075 363 1128 τὸ
392 1078 623 1145 πρᾶγμα
663 1077 758 1129 καὶ
788 1076 1159 1147 μυκτηρίςων,
1192 1076 1286 1130 καὶ
1312 1075 1459 1147 σαφῆ
1484 1077 1765 1146 τιθέμενος

101 1210 109 1221 .
182 1165 429 1232 γέλωταο
451 1166 566 1219 ἀλλ’
590 1167 669 1231 εἰς
696 1169 894 1237 μανίαν
923 1168 1084 1230 εὐθὺς
1112 1168 1141 1219 ό
1182 1168 1400 1239 μυκτὴρ
1434 1170 1761 1238 μετεϐάλλε-

181 1275 264 1321 το,
293 1260 388 1311 καὶ
408 1259 679 1313 διαπετῶν
702 1256 768 1332 ἧν
796 1262 824 1313 ὁ
849 1258 1032 1322 ἄθλιος
1054 1260 1150 1323 τάς
1173 1263 1385 1333 χεῖρας,
1417 1262 1510 1315 καί
1532 1263 1762 1328 δάκνων,

184 1350 275 1403 καὶ
315 1349 601 1416 ὁλολύζων,
637 1352 737 1423 τήν
766 1363 827 1404 τε
857 1352 1063 1422 κλοπὴν
1092 1352 1602 1423 ἐξομολογούμενος,
1630 1356 1763 1408 ὅπου

181 1458 239 1494 τε
265 1442 332 1494 τὰ
362 1441 541 1512 φώρια
584 1442 670 1513 εῖη
708 1442 948 1513 μηνύων,
979 1443 1073 1497 καί
1105 1444 1205 1496 ὅσα
1243 1443 1352 1497 τῶν
1384 1443 1766 1514 δαιμοειώντων

180 1535 390 1597 οὐδενὸς
430 1536 793 1605 ἀπεχόμενος.
835 1535 918 1589 Τὰ
964 1534 1066 1604 μὲν
1106 1531 1199 1589 οὖν
1238 1535 1529 1605 κλέμματα
1562 1538 1764 1610 ἠνέχθη

182 1629 361 1681 πάντα
387 1631 451 1699 τῇ
485 1628 722 1696 γυναικὶ,
765 1627 863 1696 οὐχ
894 1625 930 1681 ἀ
962 1627 1263 1698 τηνικαῦτα
1299 1630 1480 1698 μόνον,
1517 1629 1633 1682 ἀλλ’
1665 1631 1766 1684 ὅσα

180 1722 274 1773 καὶ
297 1719 488 1791 πρώην
513 1718 867 1772 ἀπολωλέκει.
906 1719 964 1770 '0
987 1718 1044 1771 δὲ
1063 1718 1237 1771 ταῦτα
1261 1718 1500 1789 συλήσας
1525 1720 1765 1788 ὑπέμενε

1871 547 2127 608 tanquam
2152 529 2417 592 effectum
2433 539 2543 607 jam
2565 543 2679 590 tum
2699 537 2933 601 sortitis,
2964 537 3169 593 conﬁsa
3189 557 3201 591 :
3220 537 3449 607 Reperi,

1868 629 2065 698 inquit,
2090 643 2233 692 mea,
2263 635 2320 681 et
2345 627 2400 681 in
2426 627 2663 680 armario
2681 628 2790 697 jam
2810 641 2962 680 nunc
2989 627 3226 695 reposita
3248 627 3447 681 habeo.

1866 719 1985 789 Ipse
2002 735 2133 773 vero
2153 720 2246 788 qui
2271 719 2453 771 ablata
2473 717 2736 781 habebat,
2753 724 2809 769 et
2829 731 2999 786 penes
3013 731 3071 771 se
3092 716 3264 771 latere
3280 715 3452 784 probe

1866 808 2112 873 sciebat,
2155 817 2362 878 quanto
2397 807 2592 879 majori
2646 814 2760 860 tum
2805 805 3153 859 aﬂectatione
3203 804 3452 859 sciscita—

1866 901 2052 963 batur,
2098 907 2250 955 tanto
2274 900 2417 954 intra
2441 915 2499 955 se
2526 897 2867 969 petulantius
2895 896 3216 950 ludificabat
3250 894 3449 949 mulie-

1868 1009 1984 1048 rem
2007 1008 2073 1048 ac
2100 991 2386 1055 irridebat,
2411 992 2522 1045 imo
2548 991 2720 1044 risum
2748 1002 2969 1057 quoque
2992 986 3169 1056 palam
3203 984 3448 1040 tollebat.

1866 1086 2071 1141 Verum
2098 1085 2256 1140 ocius
2286 1085 2341 1138 in
2373 1081 2641 1137 insaniam
2672 1081 2868 1134 irrisor
2898 1094 3090 1133 versus
3119 1087 3233 1143 est;
3267 1086 3325 1133 et
3351 1093 3451 1133 ex-

1868 1177 2131 1232 tendebat
2159 1192 2354 1230 manus
2383 1174 2571 1229 infelix
2603 1172 3029 1240 arrodebatque.
3058 1179 3114 1225 et
3135 1170 3452 1226 clamitabat

1868 1269 2133 1325 miserum
2155 1268 2208 1322 in
2236 1267 2492 1331 modum;
2512 1266 2578 1320 ad
2603 1266 2719 1319 haec
2744 1263 3018 1318 fatebatur
3038 1261 3265 1325 furtum,
3286 1272 3343 1317 et
3366 1263 3450 1315 in-

1867 1361 2087 1416 dicabat
2114 1361 2205 1415 ubi
2237 1358 2572 1422 abdidisset;
2608 1357 2846 1430 denique
2875 1355 3014 1409 nihil
3051 1371 3158 1409 nou
3187 1355 3448 1411 actitabat

1866 1468 2058 1508 eorum
2116 1468 2239 1522 quae
2305 1449 2626 1505 dmmoniaci
2691 1448 2891 1503 solent.
2957 1446 3223 1501 Universa
3279 1447 3448 1517 igitur

1868 1544 2091 1599 mulieri
2132 1543 2304 1598 relata
2337 1550 2487 1604 sunt,
2513 1551 2621 1596 tam
2665 1555 2787 1610 qua:
2821 1539 3028 1594 recenti
3069 1539 3219 1593 furto
3266 1539 3445 1594 ablata

1867 1646 2031 1700 quam
2048 1647 2168 1700 qua:
2184 1632 2317 1685 alias
2345 1629 2652 1684 desiderata
2678 1634 2856 1681 erant.
2875 1628 3077 1682 Verum
3104 1627 3199 1697 qui
3233 1624 3444 1681 furtum

1868 1723 2243 1783 commiserat,
2272 1720 2537 1791 pergebat
2566 1718 2800 1774 insideri
2837 1734 2866 1771 a
2891 1718 3161 1781 daemone,
3193 1718 3447 1772 meritam

179 1807 471 1877 δαιμονῶν,
513 1810 607 1861 καὶ
638 1798 792 1870 δῗκας
824 1806 1014 1878 ὥσπερ
1044 1807 1313 1879 τοσαύτης
1351 1809 1566 1873 ἀδικίας
1615 1809 1761 1864 ὲκτί-

1869 1811 2151 1883 injustitiae
2177 1828 2288 1867 suae
2309 1825 2526 1881 poenam
2561 1810 2882 1880 persolvens
2909 1825 2924 1875 ;
2951 1808 3130 1863 donec
3152 1808 3446 1863 commise-

179 1917 319 1953 νων·
372 1899 477 1961 ἕως
526 1898 673 1951 ἔλεον
701 1897 864 1951 αὑτοῦ
908 1898 1184 1963 λαϐόντες,
1217 1900 1316 1970 οὐχ
1358 1901 1471 1953 ὅσοι
1495 1901 1764 1971 παρόντες

175 1986 343 2061 ἦσαν.
373 1988 511 2044 ἀλλά
547 1990 643 2043 καὶ
666 1990 804 2060 αὐτὴ
836 1990 932 2043 σὺν
960 1988 1187 2055 ἐκείνοις
1216 1991 1250 2061 ἡ
1279 1992 1378 2060 τὴν
1400 1991 1609 2063 κλοπὴν
1635 1993 1766 2046 ὑπο-

180 2082 381 2142 στάσα,
405 2083 612 2144 κοιναῖς
639 2082 775 2151 πρὸς
805 2081 937 2134 Θεὸν
969 2080 1064 2134 καλ⁸
1094 2081 1187 2133 τὸν
1215 2080 1436 2152 ἔλεγχον
1465 2082 1559 2135 τοῦ
1584 2070 1761 2137 κακοῦ

179 2174 412 2244 ,Συμεὼν
441 2175 681 2246 ἐχρῶντο
697 2175 888 2238 λιταῖς,
912 2174 1111 2238 κοινοῖς
1129 2173 1389 2243 δάκρυσιν
1412 2190 1426 2204 ·
1454 2169 1537 2238 οἷς
1566 2175 1764 2229 αὐτίκα

184 2263 279 2316 καὶ
303 2264 364 2316 τὸ
389 2264 611 2335 αἰτηθὲν
635 2264 937 2335 ἠκολούθει,
971 2264 1067 2318 καὶ
1092 2265 1187 2318 τοῦ
1208 2265 1458 2336 δαίμονος
1483 2267 1512 2320 ὁ
1537 2265 1763 2336 πάσχων

176 2363 513 2435 ἀπήλλακτο,
551 2364 728 2418 κοινὸν
787 2364 1062 2435 παίδευμα
1110 2365 1246 2418 πᾶσι
1297 2365 1434 2437 πρὸς
1474 2364 1763 2436 ἀποφυγὴν

185 2456 383 2518 κακίας
413 2456 802 2526 γεγενημένος.

255 2545 319 2601 σ’.
364 2546 713 2617 Ἐλυμαίνεετό
756 2564 840 2610 τις
886 2546 983 2609 σῦς
1016 2548 1080 2601 ὲκ
1123 2545 1332 2619 δρυμοῦ
1366 2549 1494 2611 τοὺς
1533 2548 1744 2621 ἀγροὺς

183 2638 283 2709 τῆς
343 2639 494 2693 κάτω
534 2639 726 2708 μονῆς,
758 2639 850 2693 καὶ
895 2642 974 2704 εἰς
1018 2640 1335 2711 ἀμηχανίαν
1381 2641 1578 2713 κομιδῇ
1624 2643 1756 2707 τοὺς

188 2731 452 2800 μοναχοῦς
498 2731 751 2802 περιίστη
775 2747 790 2762 ·
831 2730 1226 2802 προσελθόντες
1278 2731 1460 2786 τοίνυν
1500 2733 1579 2803 τῷ
1620 2732 1762 2803 -ἰερῷ

180 2820 427 2890 Συμεὼν,
470 2822 678 2876 ἐδέοντο
729 2822 919 2876 τοῦτον
961 2824 1025 2876 ἐκ
1053 2823 1148 2876 τοῦ
1187 2823 1353 2894 μέσου
1385 2825 1663 2892 γενέσθαι.
1701 2824 1761 2878 '0

182 2914 261 2975 δὲ,
292 2915 418 2978 Τοῖς
468 2915 528 2983 ἐξ
588 2915 713 2986 ὅλης
748 2914 954 2986 ἰσχύος,
997 2914 1124 2985 ἔφη,
1154 2916 1245 2969 τὸν
1300 2916 1432 2969 Θεὸν
1473 2916 1761 2985 ἀγαπῶσιν

184 3001 555 3055 ὑποτέτακται
605 3003 804 3068 πάντα,
832 3003 906 3067 ὡς
941 3004 1037 3057 καὶ
1067 3005 1174 3075 πρὸ
1200 3006 1299 3076 τῆς
1340 3008 1630 3078 παρακοῆς
1662 3009 1758 3062 τοῦ

1868 1902 2080 1957 ratione
2118 1902 2249 1956 tacti
2307 1907 2578 1971 quotquot
2625 1899 2880 1960 aderant.
2917 1907 3082 1967 atque
3146 1897 3284 1952 adeo
3343 1897 3443 1952 illa

1866 1992 1985 2061 ipsa
2010 1991 2214 2045 mulier
2238 2005 2360 2059 quae
2409 1990 2616 2044 furtum
2672 2004 2831 2059 passa
2891 1987 3088 2052 fuerat,
3133 1987 3445 2042 commutti-

1864 2085 1969 2141 bus
1997 2084 2144 2155 apud
2168 2085 2343 2140 Deum
2406 2092 2464 2139 et
2504 2083 2737 2139 malefici
2782 2083 3166 2153 castigatorem
3219 2081 3447 2153 Symeo-

1863 2193 1989 2232 nem
2014 2179 2153 2233 votis
2172 2187 2229 2233 et
2253 2177 2532 2248 lacrymis.
2557 2177 3029 2232 intercesserunt:
3056 2189 3194 2245 quas
3224 2189 3256 2229 e
3285 2174 3447 2229 vesti-

1862 2271 1953 2342 gio
1979 2271 2033 2325 id
2061 2272 2206 2341 quod
2241 2270 2532 2340 petebatur
2559 2277 2916 2325 consecutum
2945 2277 3066 2334 est;
3103 2280 3161 2323 et
3207 2283 3444 2338 energu-

1863 2377 2058 2418 menus
2087 2363 2325 2433 maligno
2351 2362 2547 2432 spiritu
2595 2362 2884 2422 liberatus,
2932 2360 3248 2414 universale
3271 2359 3441 2414 docu-

1864 2467 2108 2510 mentum
2133 2455 2238 2509 fuit
2269 2454 2527 2509 omnibus
2548 2452 2614 2507 ad
2650 2452 2858 2507 scelera
2889 2451 3242 2507 declinanda.

1946 2543 2071 2599 200.
2105 2544 2364 2600 Vastabat
2393 2544 2616 2613 quidam
2647 2558 2778 2612 aper
2830 2542 3111 2598 inferioris
3160 2548 3442 2597 monaste-

1867 2637 1932 2690 rii
1967 2651 2147 2706 agros,
2187 2636 2461 2705 tantisque
2496 2634 2772 2705 afﬂigebat
2801 2634 3102 2688 monachos
3130 2634 3436 2688 incommo-

1863 2725 1969 2790 dis,
2000 2725 2217 2796 utquid
2243 2725 2459 2780 consilii
2489 2732 2770 2794 caperent,
2800 2723 3134 2792 ignorarent.
3162 2721 3445 2777 Adeuntes

1860 2817 2033 2888 igitur
2056 2816 2382 2888 Symeonem
2430 2825 2643 2886 rogant.
2698 2816 2815 2885 ipse
2859 2824 2922 2869 ut
2984 2813 3256 2869 facessere
3311 2813 3440 2869 inde

1862 2908 2034 2965 feram
2061 2910 2272 2980 iubeat.
2304 2909 2398 2963 Ille
2423 2923 2555 2962 vero
2606 2925 2619 2962 :
2654 2908 2734 2962 Ex
2791 2908 2942 2974 totis,
2996 2907 3197 2977 inquit,
3225 2905 3443 2960 viribus

1863 3002 2226 3073 diligentibus
2260 3002 2433 3055 Deum
2458 3000 2643 3056 omnia
2680 3000 2925 3070 subjecta
2976 3009 3125 3064 sunt,
3174 2998 3444 3068 quemad-

197 3094 390 3163 Ἀδάμ.
429 3095 617 3159 Οῦτως
662 3091 754 3149 οὖν
801 3095 985 3167 έχουσι
1026 3096 1121 3151 καὶ
1160 3096 1288 3166 ὑμῖν
1343 3096 1629 3168 δοθήσεται
1678 3101 1759 3163 εἰς

1868 3096 2087 3150 modum
2117 3102 2245 3149 ante
2269 3094 2486 3163 lapsum
2516 3092 2709 3147 Λάδηιί
2741 3092 3008 3148 fuerunt:
3061 3090 3209 3161 quod
3262 3090 3308 3146 si
3345 3105 3445 3146 vos

185 3183 359 3255 θήραν
412 3184 594 3238 ὀδοῦσι
643 3185 809 3257 θηρὸς
848 3187 1041 3256 ἑτέρου
1100 3188 1261 3241 πάλιν
1301 3189 1330 3241 ό
1372 3188 1573 3260 κείρων
1631 3190 1758 3254 τοὺς

184 3274 485 3343 ὑμετέρους
511 3275 740 3346 ἀγροὺς,
768 3275 864 3329 καὶ⁴
902 3276 1097 3330 θᾶττον
1124 3277 1222 3347 τῆς
1257 3276 1316 3341 ἐξ
1347 3277 1513 3331 αὐτοῦ
1554 3278 1760 3349 βλάϐης

183 3365 660 3433 ἀπαλλαγήσεσθε.
689 3366 877 3421 Ταῦτα
915 3367 1015 3421 τοῦ
1050 3369 1277 3437 Συμεὼν
1319 3368 1625 3439 εἰρηκότος,
1658 3371 1761 3441 ὁρᾷ

181 3454 293 3509 τῶν
357 3456 602 3524 ἀδελφῶν
672 3474 756 3520 τις
803 3456 1023 3529 εκείνην
1085 3457 1185 3529 τὴν
1231 3459 1404 3512 νύκτα
1459 3459 1603 3513 κατὰ
1635 3462 1758 3524 τοὺς

183 3548 406 3612 ὕπνους,
432 3548 667 3617 ἀχθέντα
718 3551 842 3603 τινὰ
888 3549 1077 3603 λέοντα
1123 3551 1228 3604 ὑπὸ
1266 3551 1362 3605 τοῦ
1419 3552 1626 3621 Ἀγίου,
1665 3554 1761 3606 καὶ

183 3638 278 3691 τὸν
315 3639 491 3708 μέγαν
518 3638 725 3692 ἐκεῖνον
754 3638 854 3692 σῦν
884 3641 964 3703 εἰς
988 3641 1161 3711 θήραν
1190 3642 1340 3714 αὑτῷ
1375 3643 1481 3696 ὑπὸ
1510 3646 1622 3706 τοῖς
1651 3644 1759 3697 τῶν

182 3729 428 3799 ἀδελφῶν
459 3731 619 3783 ποσὶν
646 3730 959 3787 ἐκδοθέντα.
988 3733 1095 3785 Τοῦ
1127 3732 1299 3787 ῦπνου
1347 3734 1527 3787 τοίνυν
1577 3736 1760 3788 διανα-

185 3823 338 3886 στὰς,
369 3821 531 3892 ἔργον
569 3821 669 3894 τὴν
712 3821 814 3891 τῆς
850 3823 1064 3886 ⁸νυκτδς
1114 3823 1236 3892 δψιν
1285 3823 1550 3894 εὑρίσκει,
1606 3825 1700 3878 καὶ
1732 3827 1761 3878 ό

182 3912 323 3965 λέων
354 3912 449 3966 τὸν
485 3912 583 3965 σῦν
610 3912 1002 3982 κατεδηδοκὼς,
1034 3915 1288 3984 ἐχόμενος
1332 3919 1429 3986 τῆς
1459 3915 1581 3969 ὀδοῦ
1631 3917 1758 3985 ἁνα-

1861 3201 2082 3257 quoque
2110 3187 2189 3240 sic
2219 3185 2484 3257 diligatis,
2526 3184 2863 3238 dabiturilla
2899 3183 2952 3237 in
3002 3182 3242 3252 praedam
3290 3182 3430 3237 den-

1864 3276 2015 3331 tibus
2067 3275 2296 3331 alterius
2340 3276 2471 3331 ferae
2520 3290 2644 3345 quae
2698 3289 2863 3344 agros
2911 3283 3128 3345 vestros
3191 3273 3446 3327 innoxios

1863 3367 2182 3437 relinquet,
2237 3375 2295 3423 et
2353 3367 2467 3422 cito
2519 3366 2707 3421 damni
2758 3365 3032 3419 immunes
3113 3364 3294 3420 eritis.
3347 3365 3444 3419 His

1863 3460 2046 3525 dictis,
2069 3459 2223 3513 videt
2250 3458 2450 3527 aliquis
2507 3457 2739 3511 fratrum
2776 3465 2935 3510 nocte
2986 3470 3087 3524 per
3140 3455 3440 3516 somnium,

1861 3556 1947 3626 agi
2001 3571 2031 3609 a
2091 3555 2359 3626 Symeone
2390 3553 2604 3607 leonem
2653 3551 2970 3620 quemdam,
3017 3549 3107 3604 cui
3151 3564 3286 3619 aper
3352 3549 3442 3604 ille

1861 3645 2084 3717 grandis
2107 3645 2210 3698 sub
2239 3643 2472 3697 fratrum
2507 3641 2743 3711 pedibus
2790 3640 2847 3693 in
2891 3639 3132 3709 praedam
3180 3638 3431 3693 cedebat.

1859 3735 2230 3804 Experrectus
2292 3729 2514 3793 deinde,
2565 3727 2714 3798 quod
2755 3736 2924 3782 noctu
2955 3726 3192 3793 viderat,
3236 3726 3441 3781 factum

1860 3823 2170 3892 comperit:
2201 3821 2289 3876 leo
2315 3834 2554 3889 namque
2577 3825 2773 3873 vorato
2798 3833 2933 3888 apro
2964 3818 3020 3872 in
3054 3817 3172 3888 ipsa
3218 3817 3305 3872 via
3338 3817 3440 3873 de-

1860 3915 2148 3970 cubuerat.
2179 3912 2379 3967 Turbae
2403 3912 2589 3981 itaque
2613 3920 2668 3966 et
2690 3910 2869 3965 leonis
2894 3909 3149 3980 vestigia,
3200 3916 3259 3964 et
3309 3924 3441 3964 san-

182 4001 487 4056 πεπτώκει.
518 4005 581 4057 Οἰ
615 4004 715 4072 μὲν
742 3998 835 4056 οὖν
861 4003 1029 4074 ὄχλοι,
1061 4005 1129 4059 τά
1158 4021 1217 4057 τε
1245 4003 1340 4057 τοῦ
1371 4005 1583 4069 λέοντος
1612 4005 1756 4076 ἴχνη,

1868 4006 2083 4078 guinem
2135 4004 2256 4075 apri
2308 4019 2408 4075 per
2459 4006 2603 4058 viam
2643 4001 3162 4072 deprehendentes,
3210 4001 3442 4056 veniunt

179 4092 246 4146 τό
292 4109 353 4146 τε
397 4091 491 4145 τοῦ
521 4093 644 4156 συὸς
677 4093 783 4147 ἀνὰ
803 4093 901 4164 τὴν
934 4095 1053 4148 ὁδὸν
1082 4089 1222 4166 αἷμα
1265 4095 1488 4159 ἰδόντες,
1517 4096 1758 4167 προσέρ-

1868 4097 2068 4153 turbati
2124 4096 2192 4152 ad
2249 4104 2528 4160 sanctum,
2575 4104 2878 4164 rogantque
2938 4100 3001 4146 ut
3048 4090 3176 4146 inde
3223 4091 3439 4145 leonem

181 4199 368 4253 χονται
396 4183 699 4253 κατάφοϐοι
721 4184 798 4254 τῷ
844 4185 1012 4255 Ἀγίῳ
1045 4186 1289 4256 δεόμενοι
1313 4186 1506 4239 τοῦτον
1545 4187 1758 4240 ἐκεῖθεν

1868 4189 2061 4261 abigat.
2112 4187 2217 4254 Qui
2274 4186 2674 4257 discipulorum
2739 4183 3052 4254 quempiam
3114 4197 3435 4237 accersens:

178 4271 543 4341 ἀπελαθῆναι.
587 4273 647 4326 '0
668 4274 727 4326 δὲ
754 4273 864 4326 τῶν
900 4274 1155 4346 μαθητῶν
1191 4275 1287 4329 ἕνα
1319 4276 1578 4344 καλέσας,
1612 4277 1754 4347 Πορ-

1868 4282 2035 4345 Vade,
2057 4279 2260 4350 inquit,
2282 4279 2349 4334 ad
2374 4279 2592 4333 leonem
2612 4285 2668 4331 et
2689 4276 2780 4331 dic
2798 4275 2936 4345 ipsi:
2967 4274 3094 4329 Haec
3124 4273 3435 4328 renuntiari

179 4362 360 4427 ευθείς
392 4364 547 4435 παρά
593 4364 684 4418 τὸν
731 4365 942 4430 λέοντα,
978 4365 1083 4438 ἔφη
1109 4405 1125 4431 ,
1158 4368 1297 4422 Τάδε
1330 4369 1477 4438 λέγει
1509 4368 1753 4438 Συμεὼν,

1868 4374 2017 4444 iubet
2042 4371 2307 4443 Symeon:
2343 4370 2512 4425 Recte
2535 4367 2777 4427 officium
2829 4375 2983 4421 tuum
3036 4365 3251 4432 fecisti;
3286 4380 3438 4419 nunc

178 4454 305 4506 εἰπὲ
339 4454 473 4527 πρὸς
504 4456 686 4510 αὐτόν’
716 4457 913 4521 Καλῶς
941 4457 1423 4529 διακονησάμενος,
1448 4460 1604 4514 ἀπιθι
1629 4462 1754 4532 τόγε

1868 4466 2035 4537 igitur
2057 4465 2207 4519 abito
2224 4464 2375 4529 licet,
2400 4463 2577 4518 donec
2606 4462 2808 4516 iterum
2838 4476 2973 4515 usus
2997 4459 3075 4516 tui
3110 4459 3298 4514 fuerit.
3352 4454 3436 4513 Eo

177 4546 278 4627 νῦν
328 4548 598 4618 έχον,έως
645 4549 898 4613 ἂνάῦθις
944 4550 1106 4622 χρεία
1137 4568 1233 4605 σου
1277 4553 1526 4624 γένηται.
1556 4553 1664 4607 Τοῦ
1699 4555 1756 4608 δὲ

177 4638 259 4710 τῷ
315 4639 490 4693 λέοντι
540 4639 712 4695 ταῦτα
757 4643 1025 4707 εἰπόντος,
1066 4643 1306 4707 ἀναστὰς
1356 4646 1416 4697 ἐν
1460 4644 1758 4716 ὀφθαλμοῖς

180 4732 442 4786 ἁπάντων
479 4734 682 4798 εὐθέως
713 4737 918 4799 ἐκεῖνος
947 4737 1041 4789 ἐπὶ
1069 4735 1138 4790 τὰ
1166 4737 1265 4806 τῆς
1297 4737 1622 4801 Λαοδικείας
1646 4739 1744 4809 ὅρη

179 4820 417 4891 ἐχώρει·
443 4824 652 4876 ἐκεῖθεν
676 4824 785 4895 γάρ
814 4824 1077 4896 ἐτύγχανε
1108 4827 1204 4879 καὶ
1234 4826 1476 4897 κληθεὶς,
1514 4829 1757 4899 παραδο-

182 4910 410 4981 ξοτέραν
466 4915 567 4983 τῆς
624 4915 871 4985 κλήσεως
916 4919 1017 4988 τὴν
1058 4916 1409 4991 ἀναχώρησιν
1443 4918 1752 4995 θέμενος,ἢ

180 5001 280 5053 καὶ
307 5001 372 5055 δι’
395 5004 600 5073 ἀμφοῖν
632 5003 855 5074 μᾶλλον.

1863 4558 1944 4612 sic
1970 4558 2185 4612 leonem
2215 4557 2477 4618 allocuto,
2505 4561 2822 4623 surgentem
2857 4552 3006 4607 illico
3020 4551 3206 4606 videre
3226 4541 3436 4614 eundi,

1863 4655 2025 4717 atque
2048 4646 2343 4702 abeuntem
2370 4646 2424 4699 in
2453 4652 2670 4699 montes
2700 4642 2991 4697 Laodiceae
3020 4641 3170 4713 (inde
3198 4655 3435 4709 namque

1861 4746 2121 4793 evocatus
2148 4737 2348 4806 fuerat)
2407 4736 2649 4805 fecitque
2704 4749 2985 4789 recessum
3050 4732 3434 4787 admirabilio-

1863 4844 2002 4892 rem,
2060 4844 2223 4898 quam
2265 4828 2449 4883 fuerat
2500 4840 2779 4889 accessus,
2846 4838 3160 4895 quanquam
3202 4831 3438 4893 uterque

1863 4923 2226 4979 admirandus
2252 4937 2418 4992 quam
2448 4919 2704 4974 maxime.

1595 5128 1823 5184 CAPUT
1861 5129 2027 5186 XXV.

959 5231 1225 5286 lncreduli
1257 5235 1556 5302 puniuntur
1584 5252 1602 5290 :
1632 5241 1867 5293 conversi
1904 5251 2162 5295 curantur
2204 5257 2222 5295 :
2262 5242 2371 5297 alia
2398 5240 2669 5311 beneﬁcia.

158 5373 181 5387 .
260 5354 363 5404 σαν,
399 5347 692 5417 Θαύματος
736 5342 977 5409 ἐξαισίου
1031 5346 1157 5409 τοὺς
1194 5346 1435 5417 ὁρῶντας
1474 5348 1762 5420 πληρῶσαι

185 5444 418 5514 πλησίον
473 5442 575 5511 τῆς
631 5440 929 5509 Ἀντιόχου,
988 5441 1047 5491 ὲν
1101 5443 1167 5510 τῇ
1209 5440 1480 5512 λεγομένῃ
1531 5443 1767 5516 Ἀπάτῃ.¹

203 5535 461 5606 Ίσαύρων
493 5533 859 5604 ἐργαστήριον
891 5525 980 5600 ἦν,
1011 5530 1496 5600 χειροτεχνούντων
1538 5534 1596 5585 έν
1643 5537 1764 5597 ταῖς

185 5626 521 5697 οἰκοδομίαις
564 5623 660 5677 καὶ
687 5621 972 5690 λατομίαις
1005 5622 1112 5674 τῶν
1137 5624 1235 5691 τῆς
1276 5622 1486 5686 πόλεως
1519 5623 1760 5693 τειχέων.

185 5718 409 5774 Τοῦτων
450 5711 555 5781 εἷς,
593 5713 716 5782 ἄρτι
750 5712 848 5781 τὴν
884 5711 1099 5780 ἡλικίαν
1145 5712 1344 5781 ἀνθῶν,
1393 5712 1460 5767 τά
1497 5713 1764 5784 Ἑλλήνων

1934 5356 2060 5410 20L
2094 5356 2190 5410 Est
2217 5372 2327 5411 non
2360 5357 2552 5425 procul
2582 5354 2894 5420 Antiochia,
2922 5354 2978 5409 in
3008 5354 3130 5409 loco
3156 5354 3328 5426 Apate
3350 5356 3439 5410 di-

1866 5455 1977 5512 cto,
2038 5449 2351 5503 Isaurorum
2410 5446 2661 5511 officina,
2720 5444 2987 5500 mirabilis
3041 5446 3107 5498 ad
3159 5456 3439 5516 stuporem

1867 5539 2257 5606 spectantium,
2321 5538 2377 5590 in
2411 5552 2519 5606 qua
2581 5534 2856 5591 medendis
2908 5533 3182 5602 lapidibus
3228 5535 3294 5589 ad
3334 5535 3437 5590 do-

1866 5643 2056 5681 muum
2088 5642 2483 5697 murorumque
2512 5626 2754 5682 civitatis
2772 5640 2930 5681 usum
2954 5623 3213 5679 insudant
3244 5639 3438 5694 Opera-

1868 5716 1957 5770 rii.
1989 5716 2195 5771 [lorum
2228 5731 2393 5781 unus,
2428 5725 2587 5770 aetate
2618 5716 2842 5778 florens,
2877 5712 3095 5785 gentilis
3149 5714 3438 5786 religione,
