  <div class='ocr_page' id='page_1' title='image "/cluster/home/n/w/nwhite01/storage/ocr_20150623/86 pt.2/mdp.39015008855424/713.png"; bbox 0 0 3960 6284; ppageno 0'>
   <div class='ocr_carea' id='block_1_1' title="bbox 541 303 675 369">
    <p class='ocr_par' dir='ltr' id='par_1_1' title="bbox 541 303 675 369">
     <span class='ocr_line' id='line_1_1' title="bbox 541 303 675 369; baseline -0.007 0"><span class='ocrx_word' id='word_1_1' title='bbox 541 303 675 369; x_wconf 81' lang='grc'><strong>3171</strong></span> 
     </span>
    </p>
   </div>
   <div class='ocr_carea' id='block_1_2' title="bbox 1745 303 2619 367">
    <p class='ocr_par' dir='ltr' id='par_1_2' title="bbox 1745 303 2619 367">
     <span class='ocr_line' id='line_1_2' title="bbox 1745 303 2619 367; baseline -0.008 1"><span class='ocrx_word' id='word_1_2' title='bbox 1745 308 1805 367; x_wconf 92' lang='lat' dir='ltr'><strong>S.</strong></span> <span class='ocrx_word' id='word_1_3' title='bbox 1846 305 2225 367; x_wconf 86' lang='lat' dir='ltr'><strong>SYMEONIS</strong></span> <span class='ocrx_word' id='word_1_4' title='bbox 2262 303 2619 366; x_wconf 85' lang='lat' dir='ltr'><strong>JUNIORIS</strong></span> 
     </span>
    </p>
   </div>
   <div class='ocr_carea' id='block_1_3' title="bbox 3733 296 3842 359">
    <p class='ocr_par' dir='ltr' id='par_1_3' title="bbox 3733 296 3842 359">
     <span class='ocr_line' id='line_1_3' title="bbox 3733 296 3842 359; baseline 0.009 -1"><span class='ocrx_word' id='word_1_5' title='bbox 3733 296 3842 359; x_wconf 71' lang='lat'><strong>3172</strong></span> 
     </span>
    </p>
   </div>
   <div class='ocr_carea' id='block_1_4' title="bbox 540 410 2127 491">
    <p class='ocr_par' dir='ltr' id='par_1_4' title="bbox 540 418 2127 491">
     <span class='ocr_line' id='line_1_4' title="bbox 540 418 2127 491; baseline -0.003 -14"><span class='ocrx_word' id='word_1_6' title='bbox 540 424 596 477; x_wconf 88' lang='lat' dir='ltr'><strong>in</strong></span> <span class='ocrx_word' id='word_1_7' title='bbox 628 422 847 485; x_wconf 79' lang='lat' dir='ltr'><strong>silvam,</strong></span> <span class='ocrx_word' id='word_1_8' title='bbox 869 436 992 491; x_wconf 65' lang='lat' dir='ltr'><strong>qua:</strong></span> <span class='ocrx_word' id='word_1_9' title='bbox 1010 429 1065 476; x_wconf 89' lang='lat' dir='ltr'><strong>et</strong></span> <span class='ocrx_word' id='word_1_10' title='bbox 1084 420 1198 490; x_wconf 83' lang='lat' dir='ltr'><strong>ipsa</strong></span> <span class='ocrx_word' id='word_1_11' title='bbox 1230 419 1442 475; x_wconf 87' lang='lat' dir='ltr'><strong>domini</strong></span> <span class='ocrx_word' id='word_1_12' title='bbox 1463 418 1684 489; x_wconf 74' lang='lat' dir='ltr'><strong>gentilis</strong></span> <span class='ocrx_word' id='word_1_13' title='bbox 1697 429 1837 484; x_wconf 90' lang='lat' dir='ltr'><strong>erat,</strong></span> <span class='ocrx_word' id='word_1_14' title='bbox 1860 419 2127 489; x_wconf 78' lang='lat' dir='ltr'><strong>lignatum</strong></span> 
     </span>
    </p>
   </div>
   <div class='ocr_carea' id='block_1_5' title="bbox 2233 410 3857 491">
    <p class='ocr_par' dir='ltr' id='par_1_5' title="bbox 2233 410 3857 487">
     <span class='ocr_line' id='line_1_5' title="bbox 2233 410 3857 487; baseline -0.002 -18"><span class='ocrx_word' id='word_1_15' title='bbox 2233 415 2572 487; x_wconf 84' lang='grc' dir='ltr'>θρησκεύων,</span> <span class='ocrx_word' id='word_1_16' title='bbox 2596 414 2750 485; x_wconf 84' lang='grc' dir='ltr'>παρά</span> <span class='ocrx_word' id='word_1_17' title='bbox 2771 431 2823 467; x_wconf 87' lang='grc' dir='ltr'><strong>τι</strong></span> <span class='ocrx_word' id='word_1_18' title='bbox 2847 413 3031 479; x_wconf 77' lang='grc' dir='ltr'>ἄλσος,</span> <span class='ocrx_word' id='word_1_19' title='bbox 3057 414 3359 479; x_wconf 76' lang='grc' dir='ltr'>Ἕλληνος</span> <span class='ocrx_word' id='word_1_20' title='bbox 3399 410 3512 463; x_wconf 74' lang='grc' dir='ltr'><strong>καὶ</strong></span> <span class='ocrx_word' id='word_1_21' title='bbox 3542 410 3682 463; x_wconf 77' lang='grc' dir='ltr'>αὐτὸ</span> <span class='ocrx_word' id='word_1_22' title='bbox 3710 411 3857 465; x_wconf 71' lang='grc' dir='ltr'>δεσπο-</span> 
     </span>
    </p>
   </div>
   <div class='ocr_carea' id='block_1_6' title="bbox 540 507 2124 579">
    <p class='ocr_par' dir='ltr' id='par_1_6' title="bbox 540 507 2124 579">
     <span class='ocr_line' id='line_1_6' title="bbox 540 507 2124 579; baseline -0.001 -18"><span class='ocrx_word' id='word_1_23' title='bbox 540 510 771 574; x_wconf 73' lang='lat' dir='ltr'><strong>abierat,</strong></span> <span class='ocrx_word' id='word_1_24' title='bbox 819 508 1191 579; x_wconf 92' lang='lat' dir='ltr'><strong>impositoque</strong></span> <span class='ocrx_word' id='word_1_25' title='bbox 1222 523 1393 562; x_wconf 91' lang='lat' dir='ltr'><strong>onere</strong></span> <span class='ocrx_word' id='word_1_26' title='bbox 1425 523 1593 578; x_wconf 83' lang='lat' dir='ltr'><strong>supra</strong></span> <span class='ocrx_word' id='word_1_27' title='bbox 1643 509 1791 562; x_wconf 85' lang='lat' dir='ltr'><strong>vires</strong></span> <span class='ocrx_word' id='word_1_28' title='bbox 1826 508 2000 578; x_wconf 90' lang='lat' dir='ltr'><strong>gravi,</strong></span> <span class='ocrx_word' id='word_1_29' title='bbox 2050 507 2124 560; x_wconf 90' lang='lat' dir='ltr'><strong>ita</strong></span> 
     </span>
    </p>
   </div>
   <div class='ocr_carea' id='block_1_7' title="bbox 540 594 2126 667">
    <p class='ocr_par' dir='ltr' id='par_1_7' title="bbox 540 594 2126 667">
     <span class='ocr_line' id='line_1_7' title="bbox 540 594 2126 667; baseline -0.001 -18"><span class='ocrx_word' id='word_1_30' title='bbox 540 598 724 651; x_wconf 82' lang='lat' dir='ltr'><strong>subito</strong></span> <span class='ocrx_word' id='word_1_31' title='bbox 751 607 928 652; x_wconf 92' lang='lat' dir='ltr'><strong>tactus</strong></span> <span class='ocrx_word' id='word_1_32' title='bbox 956 597 1196 667; x_wconf 81' lang='lat' dir='ltr'><strong>paralysi</strong></span> <span class='ocrx_word' id='word_1_33' title='bbox 1222 606 1327 659; x_wconf 90' lang='lat' dir='ltr'><strong>est,</strong></span> <span class='ocrx_word' id='word_1_34' title='bbox 1354 605 1414 650; x_wconf 93' lang='lat' dir='ltr'><strong>ut</strong></span> <span class='ocrx_word' id='word_1_35' title='bbox 1434 598 1585 650; x_wconf 90' lang='lat' dir='ltr'><strong>nullo</strong></span> <span class='ocrx_word' id='word_1_36' title='bbox 1606 596 1856 665; x_wconf 89' lang='lat' dir='ltr'><strong>corporis</strong></span> <span class='ocrx_word' id='word_1_37' title='bbox 1878 594 2126 649; x_wconf 91' lang='lat' dir='ltr'><strong>membro</strong></span> 
     </span>
    </p>
   </div>
   <div class='ocr_carea' id='block_1_8' title="bbox 541 687 2133 756">
    <p class='ocr_par' dir='ltr' id='par_1_8' title="bbox 541 687 2133 756">
     <span class='ocr_line' id='line_1_8' title="bbox 541 687 2133 756; baseline -0.001 -16"><span class='ocrx_word' id='word_1_38' title='bbox 541 687 621 740; x_wconf 92' lang='lat' dir='ltr'><strong>uti</strong></span> <span class='ocrx_word' id='word_1_39' title='bbox 644 696 849 756; x_wconf 83' lang='lat' dir='ltr'><strong>posset.</strong></span> <span class='ocrx_word' id='word_1_40' title='bbox 876 688 1111 741; x_wconf 91' lang='lat' dir='ltr'><strong>Tollitur</strong></span> <span class='ocrx_word' id='word_1_41' title='bbox 1132 704 1162 743; x_wconf 91' lang='lat' dir='ltr'><strong>a</strong></span> <span class='ocrx_word' id='word_1_42' title='bbox 1187 688 1492 750; x_wconf 86' lang='lat' dir='ltr'><strong>sodalibus,</strong></span> <span class='ocrx_word' id='word_1_43' title='bbox 1530 687 1596 739; x_wconf 92' lang='lat' dir='ltr'><strong>ad</strong></span> <span class='ocrx_word' id='word_1_44' title='bbox 1621 695 1986 754; x_wconf 88' lang='lat' dir='ltr'><strong>sanctumque</strong></span> <span class='ocrx_word' id='word_1_45' title='bbox 2007 701 2133 754; x_wconf 81' lang='lat' dir='ltr'><strong>por—</strong></span> 
     </span>
    </p>
   </div>
   <div class='ocr_carea' id='block_1_9' title="bbox 545 775 2129 846">
    <p class='ocr_par' dir='ltr' id='par_1_9' title="bbox 545 775 2129 846">
     <span class='ocr_line' id='line_1_9' title="bbox 545 775 2129 846; baseline -0.001 -16"><span class='ocrx_word' id='word_1_46' title='bbox 545 786 710 841; x_wconf 85' lang='lat' dir='ltr'><strong>tatus,</strong></span> <span class='ocrx_word' id='word_1_47' title='bbox 753 779 1058 832; x_wconf 85' lang='lat' dir='ltr'><strong>collocatur</strong></span> <span class='ocrx_word' id='word_1_48' title='bbox 1096 785 1224 831; x_wconf 90' lang='lat' dir='ltr'><strong>ante</strong></span> <span class='ocrx_word' id='word_1_49' title='bbox 1275 778 1464 831; x_wconf 91' lang='lat' dir='ltr'><strong>oculos</strong></span> <span class='ocrx_word' id='word_1_50' title='bbox 1512 777 1686 846; x_wconf 90' lang='lat' dir='ltr'><strong>ipsius</strong></span> <span class='ocrx_word' id='word_1_51' title='bbox 1721 777 1989 846; x_wconf 85' lang='lat' dir='ltr'><strong>benignos</strong></span> <span class='ocrx_word' id='word_1_52' title='bbox 2022 775 2129 834; x_wconf 88' lang='lat' dir='ltr'><strong>ille,</strong></span> 
     </span>
    </p>
   </div>
   <div class='ocr_carea' id='block_1_10' title="bbox 547 865 2133 935">
    <p class='ocr_par' dir='ltr' id='par_1_10' title="bbox 547 865 2133 935">
     <span class='ocr_line' id='line_1_10' title="bbox 547 865 2133 935; baseline -0.001 -15"><span class='ocrx_word' id='word_1_53' title='bbox 547 876 605 920; x_wconf 90' lang='lat' dir='ltr'><strong>ut</strong></span> <span class='ocrx_word' id='word_1_54' title='bbox 634 883 763 921; x_wconf 86' lang='lat' dir='ltr'><strong>vere</strong></span> <span class='ocrx_word' id='word_1_55' title='bbox 793 867 995 929; x_wconf 89' lang='lat' dir='ltr'><strong>dicam,</strong></span> <span class='ocrx_word' id='word_1_56' title='bbox 1030 865 1378 919; x_wconf 83' lang='lat' dir='ltr'><strong>miserabilis.</strong></span> <span class='ocrx_word' id='word_1_57' title='bbox 1419 866 1621 935; x_wconf 85' lang='lat' dir='ltr'><strong>Tetigit</strong></span> <span class='ocrx_word' id='word_1_58' title='bbox 1666 867 1950 920; x_wconf 89' lang='lat' dir='ltr'><strong>hominem</strong></span> <span class='ocrx_word' id='word_1_59' title='bbox 1980 880 2133 919; x_wconf 90' lang='lat' dir='ltr'><strong>more</strong></span> 
     </span>
    </p>
   </div>
   <div class='ocr_carea' id='block_1_11' title="bbox 545 955 2135 1026">
    <p class='ocr_par' dir='ltr' id='par_1_11' title="bbox 545 955 2135 1026">
     <span class='ocr_line' id='line_1_11' title="bbox 545 955 2135 1026; baseline -0.001 -18"><span class='ocrx_word' id='word_1_60' title='bbox 545 971 646 1009; x_wconf 87' lang='lat' dir='ltr'><strong>suo</strong></span> <span class='ocrx_word' id='word_1_61' title='bbox 671 966 897 1010; x_wconf 90' lang='lat' dir='ltr'><strong>sanctus</strong></span> <span class='ocrx_word' id='word_1_62' title='bbox 921 963 977 1009; x_wconf 91' lang='lat' dir='ltr'><strong>et</strong></span> <span class='ocrx_word' id='word_1_63' title='bbox 1010 955 1246 1023; x_wconf 80' lang='lat' dir='ltr'><strong>signavit</strong></span> <span class='ocrx_word' id='word_1_64' title='bbox 1274 972 1287 1006; x_wconf 89' lang='lat'><strong>:</strong></span> <span class='ocrx_word' id='word_1_65' title='bbox 1315 955 1408 1008; x_wconf 85' lang='lat' dir='ltr'><strong>sed</strong></span> <span class='ocrx_word' id='word_1_66' title='bbox 1440 971 1564 1010; x_wconf 87' lang='lat' dir='ltr'><strong>eum</strong></span> <span class='ocrx_word' id='word_1_67' title='bbox 1588 956 1922 1026; x_wconf 85' lang='lat' dir='ltr'><strong>paralyticus</strong></span> <span class='ocrx_word' id='word_1_68' title='bbox 1948 969 2135 1008; x_wconf 91' lang='lat' dir='ltr'><strong>mane-</strong></span> 
     </span>
    </p>
   </div>
   <div class='ocr_carea' id='block_1_12' title="bbox 548 1043 2132 1114">
    <p class='ocr_par' dir='ltr' id='par_1_12' title="bbox 548 1043 2132 1114">
     <span class='ocr_line' id='line_1_12' title="bbox 548 1043 2132 1114; baseline 0.001 -17"><span class='ocrx_word' id='word_1_69' title='bbox 548 1056 651 1108; x_wconf 90' lang='lat' dir='ltr'><strong>ret,</strong></span> <span class='ocrx_word' id='word_1_70' title='bbox 702 1046 840 1099; x_wconf 84' lang='lat' dir='ltr'><strong>nihil</strong></span> <span class='ocrx_word' id='word_1_71' title='bbox 873 1045 995 1113; x_wconf 88' lang='lat' dir='ltr'><strong>opis</strong></span> <span class='ocrx_word' id='word_1_72' title='bbox 1047 1043 1313 1107; x_wconf 84' lang='lat' dir='ltr'><strong>sentiens,</strong></span> <span class='ocrx_word' id='word_1_73' title='bbox 1356 1046 1615 1114; x_wconf 77' lang='lat' dir='ltr'><strong>cognovit</strong></span> <span class='ocrx_word' id='word_1_74' title='bbox 1654 1045 1842 1099; x_wconf 85' lang='lat' dir='ltr'><strong>statim</strong></span> <span class='ocrx_word' id='word_1_75' title='bbox 1888 1060 2132 1111; x_wconf 87' lang='lat' dir='ltr'><strong>causam,</strong></span> 
     </span>
    </p>
   </div>
   <div class='ocr_carea' id='block_1_13' title="bbox 545 1135 2133 1205">
    <p class='ocr_par' dir='ltr' id='par_1_13' title="bbox 545 1135 2133 1205">
     <span class='ocr_line' id='line_1_13' title="bbox 545 1135 2133 1205; baseline 0.002 -16"><span class='ocrx_word' id='word_1_76' title='bbox 545 1137 789 1205; x_wconf 79' lang='lat' dir='ltr'><strong>dixitque</strong></span> <span class='ocrx_word' id='word_1_77' title='bbox 821 1155 832 1189; x_wconf 92' lang='lat'><strong>:</strong></span> <span class='ocrx_word' id='word_1_78' title='bbox 868 1135 1011 1201; x_wconf 89' lang='lat' dir='ltr'><strong>Quid</strong></span> <span class='ocrx_word' id='word_1_79' title='bbox 1052 1144 1135 1189; x_wconf 88' lang='lat' dir='ltr'><strong>est</strong></span> <span class='ocrx_word' id='word_1_80' title='bbox 1169 1136 1316 1203; x_wconf 95' lang='lat' dir='ltr'><strong>quod</strong></span> <span class='ocrx_word' id='word_1_81' title='bbox 1343 1137 1531 1205; x_wconf 67' lang='lat' dir='ltr'><strong>gratim</strong></span> <span class='ocrx_word' id='word_1_82' title='bbox 1557 1137 1755 1191; x_wconf 73' lang='lat' dir='ltr'><strong>divina:</strong></span> <span class='ocrx_word' id='word_1_83' title='bbox 1790 1137 2046 1192; x_wconf 73' lang='lat' dir='ltr'><strong>cﬂ‘cctum</strong></span> <span class='ocrx_word' id='word_1_84' title='bbox 2078 1139 2133 1192; x_wconf 94' lang='lat' dir='ltr'><strong>in</strong></span> 
     </span>
    </p>
   </div>
   <div class='ocr_carea' id='block_1_14' title="bbox 546 1225 2134 1297">
    <p class='ocr_par' dir='ltr' id='par_1_14' title="bbox 546 1225 2134 1297">
     <span class='ocr_line' id='line_1_14' title="bbox 546 1225 2134 1297; baseline 0.001 -17"><span class='ocrx_word' id='word_1_85' title='bbox 546 1237 597 1282; x_wconf 90' lang='lat' dir='ltr'><strong>te</strong></span> <span class='ocrx_word' id='word_1_86' title='bbox 631 1227 957 1296; x_wconf 86' lang='lat' dir='ltr'><strong>impediens,</strong></span> <span class='ocrx_word' id='word_1_87' title='bbox 983 1225 1326 1279; x_wconf 83' lang='lat' dir='ltr'><strong>sanationem</strong></span> <span class='ocrx_word' id='word_1_88' title='bbox 1350 1226 1575 1280; x_wconf 81' lang='lat' dir='ltr'><strong>diﬂ&#39;ert?</strong></span> <span class='ocrx_word' id='word_1_89' title='bbox 1603 1227 1860 1297; x_wconf 81' lang='lat' dir='ltr'><strong>Nunquid</strong></span> <span class='ocrx_word' id='word_1_90' title='bbox 1894 1228 1948 1282; x_wconf 93' lang='lat' dir='ltr'><strong>in</strong></span> <span class='ocrx_word' id='word_1_91' title='bbox 1971 1229 2134 1283; x_wconf 89' lang='lat' dir='ltr'><strong>idolis</strong></span> 
     </span>
    </p>
   </div>
   <div class='ocr_carea' id='block_1_15' title="bbox 542 1317 2135 1388">
    <p class='ocr_par' dir='ltr' id='par_1_15' title="bbox 542 1317 2135 1388">
     <span class='ocr_line' id='line_1_15' title="bbox 542 1317 2135 1388; baseline 0 -15"><span class='ocrx_word' id='word_1_92' title='bbox 542 1334 692 1388; x_wconf 86' lang='lat' dir='ltr'><strong>spem</strong></span> <span class='ocrx_word' id='word_1_93' title='bbox 719 1320 900 1388; x_wconf 91' lang='lat' dir='ltr'><strong>ponis,</strong></span> <span class='ocrx_word' id='word_1_94' title='bbox 928 1332 1034 1372; x_wconf 92' lang='lat' dir='ltr'><strong>non</strong></span> <span class='ocrx_word' id='word_1_95' title='bbox 1061 1317 1117 1370; x_wconf 90' lang='lat' dir='ltr'><strong>in</strong></span> <span class='ocrx_word' id='word_1_96' title='bbox 1140 1318 1479 1388; x_wconf 80' lang='lat' dir='ltr'><strong>Deo?Negat</strong></span> <span class='ocrx_word' id='word_1_97' title='bbox 1502 1318 1594 1371; x_wconf 91' lang='lat' dir='ltr'><strong>ille</strong></span> <span class='ocrx_word' id='word_1_98' title='bbox 1619 1334 1678 1372; x_wconf 84' lang='lat' dir='ltr'><strong>se</strong></span> <span class='ocrx_word' id='word_1_99' title='bbox 1701 1319 1983 1373; x_wconf 90' lang='lat' dir='ltr'><strong>conscium</strong></span> <span class='ocrx_word' id='word_1_100' title='bbox 2008 1320 2135 1373; x_wconf 87' lang='lat' dir='ltr'><strong>talis</strong></span> 
     </span>
    </p>
   </div>
   <div class='ocr_carea' id='block_1_16' title="bbox 543 1410 2132 1481">
    <p class='ocr_par' dir='ltr' id='par_1_16' title="bbox 543 1410 2132 1481">
     <span class='ocr_line' id='line_1_16' title="bbox 543 1410 2132 1481; baseline 0.001 -17"><span class='ocrx_word' id='word_1_101' title='bbox 543 1413 621 1465; x_wconf 85' lang='lat' dir='ltr'><strong>rei</strong></span> <span class='ocrx_word' id='word_1_102' title='bbox 643 1412 765 1466; x_wconf 86' lang='lat' dir='ltr'><strong>:sed</strong></span> <span class='ocrx_word' id='word_1_103' title='bbox 794 1427 921 1465; x_wconf 90' lang='lat' dir='ltr'><strong>eum</strong></span> <span class='ocrx_word' id='word_1_104' title='bbox 953 1410 1243 1463; x_wconf 89' lang='lat' dir='ltr'><strong>mentitum</strong></span> <span class='ocrx_word' id='word_1_105' title='bbox 1266 1419 1322 1464; x_wconf 92' lang='lat' dir='ltr'><strong>et</strong></span> <span class='ocrx_word' id='word_1_106' title='bbox 1344 1410 1400 1463; x_wconf 91' lang='lat' dir='ltr'><strong>in</strong></span> <span class='ocrx_word' id='word_1_107' title='bbox 1423 1412 1680 1480; x_wconf 70' lang='lat' dir='ltr'><strong>praesenti</strong></span> <span class='ocrx_word' id='word_1_108' title='bbox 1714 1412 1857 1465; x_wconf 90' lang='lat' dir='ltr'><strong>malo</strong></span> <span class='ocrx_word' id='word_1_109' title='bbox 1886 1412 2132 1481; x_wconf 88' lang='lat' dir='ltr'><strong>pertina-</strong></span> 
     </span>
    </p>
   </div>
   <div class='ocr_carea' id='block_1_17' title="bbox 540 1500 2128 1572">
    <p class='ocr_par' dir='ltr' id='par_1_17' title="bbox 540 1500 2128 1572">
     <span class='ocr_line' id='line_1_17' title="bbox 540 1500 2128 1572; baseline 0 -16"><span class='ocrx_word' id='word_1_110' title='bbox 540 1503 680 1556; x_wconf 85' lang='lat' dir='ltr'><strong>citer</strong></span> <span class='ocrx_word' id='word_1_111' title='bbox 697 1503 934 1555; x_wconf 90' lang='lat' dir='ltr'><strong>animam</strong></span> <span class='ocrx_word' id='word_1_112' title='bbox 957 1500 1291 1556; x_wconf 83' lang='lat' dir='ltr'><strong>obﬁrmasse</strong></span> <span class='ocrx_word' id='word_1_113' title='bbox 1308 1502 1492 1556; x_wconf 87' lang='lat' dir='ltr'><strong>sciens</strong></span> <span class='ocrx_word' id='word_1_114' title='bbox 1518 1520 1530 1554; x_wconf 90' lang='lat'>:</span> <span class='ocrx_word' id='word_1_115' title='bbox 1553 1502 1711 1556; x_wconf 86' lang='lat' dir='ltr'><strong>Nune</strong></span> <span class='ocrx_word' id='word_1_116' title='bbox 1731 1503 1889 1567; x_wconf 74' lang='lat' dir='ltr'><strong>vade,</strong></span> <span class='ocrx_word' id='word_1_117' title='bbox 1917 1504 2128 1572; x_wconf 87' lang='lat' dir='ltr'><strong>inquit;</strong></span> 
     </span>
    </p>
   </div>
   <div class='ocr_carea' id='block_1_18' title="bbox 539 1592 2129 1663">
    <p class='ocr_par' dir='ltr' id='par_1_18' title="bbox 539 1592 2129 1663">
     <span class='ocr_line' id='line_1_18' title="bbox 539 1592 2129 1663; baseline -0.001 -16"><span class='ocrx_word' id='word_1_118' title='bbox 539 1593 743 1649; x_wconf 85' lang='lat' dir='ltr'><strong>inviset</strong></span> <span class='ocrx_word' id='word_1_119' title='bbox 778 1602 829 1648; x_wconf 92' lang='lat' dir='ltr'><strong>te</strong></span> <span class='ocrx_word' id='word_1_120' title='bbox 859 1594 1006 1649; x_wconf 93' lang='lat' dir='ltr'><strong>domi</strong></span> <span class='ocrx_word' id='word_1_121' title='bbox 1045 1602 1153 1647; x_wconf 71' lang='lat' dir='ltr'><strong>tua:</strong></span> <span class='ocrx_word' id='word_1_122' title='bbox 1182 1592 1409 1647; x_wconf 85' lang='lat' dir='ltr'><strong>humani</strong></span> <span class='ocrx_word' id='word_1_123' title='bbox 1460 1593 1679 1663; x_wconf 78' lang='lat' dir='ltr'><strong>generis</strong></span> <span class='ocrx_word' id='word_1_124' title='bbox 1715 1602 1929 1647; x_wconf 85' lang='lat' dir='ltr'><strong>amator</strong></span> <span class='ocrx_word' id='word_1_125' title='bbox 1965 1592 2129 1647; x_wconf 87' lang='lat' dir='ltr'><strong>Chri-</strong></span> 
     </span>
    </p>
   </div>
   <div class='ocr_carea' id='block_1_19' title="bbox 540 1684 1862 1755">
    <p class='ocr_par' dir='ltr' id='par_1_19' title="bbox 540 1684 1862 1755">
     <span class='ocr_line' id='line_1_19' title="bbox 540 1684 1862 1755; baseline -0.002 -16"><span class='ocrx_word' id='word_1_126' title='bbox 540 1693 680 1751; x_wconf 84' lang='lat' dir='ltr'><strong>stus,</strong></span> <span class='ocrx_word' id='word_1_127' title='bbox 713 1701 839 1740; x_wconf 91' lang='lat' dir='ltr'><strong>cum</strong></span> <span class='ocrx_word' id='word_1_128' title='bbox 875 1684 945 1740; x_wconf 91' lang='lat' dir='ltr'><strong>ad</strong></span> <span class='ocrx_word' id='word_1_129' title='bbox 976 1684 1148 1755; x_wconf 86' lang='lat' dir='ltr'><strong>ipsius</strong></span> <span class='ocrx_word' id='word_1_130' title='bbox 1178 1684 1387 1738; x_wconf 88' lang='lat' dir='ltr'><strong>cultum</strong></span> <span class='ocrx_word' id='word_1_131' title='bbox 1412 1692 1467 1737; x_wconf 93' lang='lat' dir='ltr'><strong>te</strong></span> <span class='ocrx_word' id='word_1_132' title='bbox 1491 1684 1862 1737; x_wconf 86' lang='lat' dir='ltr'><strong>transtuleris.</strong></span> 
     </span>
    </p>
   </div>
   <div class='ocr_carea' id='block_1_20' title="bbox 2232 501 3853 575">
    <p class='ocr_par' dir='ltr' id='par_1_20' title="bbox 2232 501 3853 575">
     <span class='ocr_line' id='line_1_20' title="bbox 2232 501 3853 575; baseline -0.004 -16"><span class='ocrx_word' id='word_1_133' title='bbox 2232 509 2404 570; x_wconf 81' lang='grc' dir='ltr'>τείας,</span> <span class='ocrx_word' id='word_1_134' title='bbox 2438 505 2579 558; x_wconf 79' lang='grc' dir='ltr'>κατά</span> <span class='ocrx_word' id='word_1_135' title='bbox 2607 506 2669 575; x_wconf 89' lang='grc' dir='ltr'>δή</span> <span class='ocrx_word' id='word_1_136' title='bbox 2695 522 2816 558; x_wconf 90' lang='grc' dir='ltr'>τινα</span> <span class='ocrx_word' id='word_1_137' title='bbox 2843 505 3062 571; x_wconf 80' lang='grc' dir='ltr'><strong>ξυλείαν</strong></span> <span class='ocrx_word' id='word_1_138' title='bbox 3097 504 3317 570; x_wconf 78' lang='grc' dir='ltr'>ἐλθὼν,</span> <span class='ocrx_word' id='word_1_139' title='bbox 3353 501 3560 555; x_wconf 75' lang='grc' dir='ltr'>πλείω</span> <span class='ocrx_word' id='word_1_140' title='bbox 3594 519 3652 553; x_wconf 84' lang='grc' dir='ltr'><strong>τε</strong></span> <span class='ocrx_word' id='word_1_141' title='bbox 3678 502 3759 554; x_wconf 68' lang='grc' dir='ltr'>ττῐ</span> 
     </span>
    </p>
   </div>
   <div class='ocr_carea' id='block_1_21' title="bbox 2233 590 3850 665">
    <p class='ocr_par' dir='ltr' id='par_1_21' title="bbox 2233 590 3850 665">
     <span class='ocr_line' id='line_1_21' title="bbox 2233 590 3850 665; baseline 0.001 -17"><span class='ocrx_word' id='word_1_142' title='bbox 2233 598 2386 662; x_wconf 82' lang='grc' dir='ltr'>τρίου</span> <span class='ocrx_word' id='word_1_143' title='bbox 2425 594 2811 663; x_wconf 85' lang='grc' dir='ltr'>διαναθέμενος</span> <span class='ocrx_word' id='word_1_144' title='bbox 2861 597 3080 665; x_wconf 70' lang='grc' dir='ltr'>φόρτον,</span> <span class='ocrx_word' id='word_1_145' title='bbox 3119 593 3318 655; x_wconf 79' lang='grc' dir='ltr'>οὕτως</span> <span class='ocrx_word' id='word_1_146' title='bbox 3368 590 3602 660; x_wconf 77' lang='grc' dir='ltr'>ἁθρόον</span> <span class='ocrx_word' id='word_1_147' title='bbox 3640 594 3850 658; x_wconf 44' lang='lat' dir='ltr'><strong>ﬁngit.</strong></span> 
     </span>
    </p>
   </div>
   <div class='ocr_carea' id='block_1_22' title="bbox 2234 679 3851 755">
    <p class='ocr_par' dir='ltr' id='par_1_22' title="bbox 2234 679 3851 755">
     <span class='ocr_line' id='line_1_22' title="bbox 2234 679 3851 755; baseline -0.004 -18"><span class='ocrx_word' id='word_1_148' title='bbox 2234 685 2309 747; x_wconf 85' lang='grc' dir='ltr'>ὡς</span> <span class='ocrx_word' id='word_1_149' title='bbox 2360 685 2482 755; x_wconf 78' lang='grc' dir='ltr'>μηδ’</span> <span class='ocrx_word' id='word_1_150' title='bbox 2517 684 2624 754; x_wconf 82' lang='grc' dir='ltr'>ὅτῳ</span> <span class='ocrx_word' id='word_1_151' title='bbox 2655 680 2750 737; x_wconf 75' lang='grc' dir='ltr'>οὖν</span> <span class='ocrx_word' id='word_1_152' title='bbox 2777 684 2887 737; x_wconf 84' lang='grc' dir='ltr'>τῶν</span> <span class='ocrx_word' id='word_1_153' title='bbox 2918 685 3012 737; x_wconf 83' lang='grc' dir='ltr'><strong>τοῦ</strong></span> <span class='ocrx_word' id='word_1_154' title='bbox 3050 685 3331 754; x_wconf 82' lang='grc' dir='ltr'>σώματος</span> <span class='ocrx_word' id='word_1_155' title='bbox 3385 681 3599 753; x_wconf 85' lang='grc' dir='ltr'>μελῶν</span> <span class='ocrx_word' id='word_1_156' title='bbox 3633 679 3851 733; x_wconf 60' lang='grc' dir='ltr'>δύνασθαι</span> 
     </span>
    </p>
   </div>
   <div class='ocr_carea' id='block_1_23' title="bbox 2237 774 3850 845">
    <p class='ocr_par' dir='ltr' id='par_1_23' title="bbox 2237 774 3850 845">
     <span class='ocr_line' id='line_1_23' title="bbox 2237 774 3850 845; baseline 0 -19"><span class='ocrx_word' id='word_1_157' title='bbox 2237 775 2495 845; x_wconf 76' lang='grc' dir='ltr'>χρῆσθαι.</span> <span class='ocrx_word' id='word_1_158' title='bbox 2542 775 3087 845; x_wconf 78' lang='grc' dir='ltr'>Ἀνελόμενοιτοίνυν</span> <span class='ocrx_word' id='word_1_159' title='bbox 3154 776 3343 828; x_wconf 78' lang='grc' dir='ltr'>αὐτὸν</span> <span class='ocrx_word' id='word_1_160' title='bbox 3408 777 3467 827; x_wconf 87' lang='grc' dir='ltr'>οἱ</span> <span class='ocrx_word' id='word_1_161' title='bbox 3515 774 3750 840; x_wconf 80' lang='grc' dir='ltr'>ἑταῖροι,</span> <span class='ocrx_word' id='word_1_162' title='bbox 3785 777 3850 826; x_wconf 70' lang='lat' dir='ltr'><strong>ri</strong></span> 
     </span>
    </p>
   </div>
   <div class='ocr_carea' id='block_1_24' title="bbox 2236 865 3848 938">
    <p class='ocr_par' dir='ltr' id='par_1_24' title="bbox 2236 865 3848 938">
     <span class='ocr_line' id='line_1_24' title="bbox 2236 865 3848 938; baseline -0.002 -19"><span class='ocrx_word' id='word_1_163' title='bbox 2236 870 2371 938; x_wconf 80' lang='grc' dir='ltr'>πρὸς</span> <span class='ocrx_word' id='word_1_164' title='bbox 2421 871 2513 919; x_wconf 80' lang='grc' dir='ltr'>τὸν</span> <span class='ocrx_word' id='word_1_165' title='bbox 2561 869 2750 935; x_wconf 75' lang='grc' dir='ltr'>Ἃγιον</span> <span class='ocrx_word' id='word_1_166' title='bbox 2797 868 3191 935; x_wconf 83' lang='grc' dir='ltr'>ἀναγαγόντες,</span> <span class='ocrx_word' id='word_1_167' title='bbox 3251 867 3508 919; x_wconf 82' lang='grc' dir='ltr'>τιθέασι</span> <span class='ocrx_word' id='word_1_168' title='bbox 3553 865 3848 935; x_wconf 48' lang='lat' dir='ltr'><strong>«psam;</strong></span> 
     </span>
    </p>
   </div>
   <div class='ocr_carea' id='block_1_25' title="bbox 2236 952 3849 1027">
    <p class='ocr_par' dir='ltr' id='par_1_25' title="bbox 2236 952 3849 1027">
     <span class='ocr_line' id='line_1_25' title="bbox 2236 952 3849 1027; baseline -0.003 -17"><span class='ocrx_word' id='word_1_169' title='bbox 2236 958 2639 1027; x_wconf 76' lang='grc' dir='ltr'><strong>φιλανθρώποις</strong></span> <span class='ocrx_word' id='word_1_170' title='bbox 2690 958 2987 1026; x_wconf 65' lang='grc' dir='ltr'>ὀφθαλμοῖς</span> <span class='ocrx_word' id='word_1_171' title='bbox 3033 959 3392 1026; x_wconf 71' lang='grc' dir='ltr'><strong>αὐτόχρημα</strong></span> <span class='ocrx_word' id='word_1_172' title='bbox 3428 952 3659 1008; x_wconf 78' lang='grc' dir='ltr'>οἶκτον.</span> <span class='ocrx_word' id='word_1_173' title='bbox 3688 955 3783 1006; x_wconf 68' lang='grc' dir='ltr'><strong>Τοῦ</strong></span> <span class='ocrx_word' id='word_1_174' title='bbox 3813 957 3849 1005; x_wconf 77' lang='grc' dir='ltr'>ξε</span> 
     </span>
    </p>
   </div>
   <div class='ocr_carea' id='block_1_26' title="bbox 2234 1045 3843 1116">
    <p class='ocr_par' dir='ltr' id='par_1_26' title="bbox 2234 1045 3843 1116">
     <span class='ocr_line' id='line_1_26' title="bbox 2234 1045 3843 1116; baseline -0.002 -19"><span class='ocrx_word' id='word_1_175' title='bbox 2234 1046 2376 1098; x_wconf 86' lang='grc' dir='ltr'>κατά</span> <span class='ocrx_word' id='word_1_176' title='bbox 2411 1045 2471 1097; x_wconf 81' lang='grc' dir='ltr'>τὸ</span> <span class='ocrx_word' id='word_1_177' title='bbox 2499 1045 2728 1115; x_wconf 75' lang='grc' dir='ltr'>σύνηθες</span> <span class='ocrx_word' id='word_1_178' title='bbox 2758 1046 3037 1116; x_wconf 70' lang='grc' dir='ltr'>ἁψαμένου</span> <span class='ocrx_word' id='word_1_179' title='bbox 3068 1064 3128 1099; x_wconf 87' lang='grc' dir='ltr'>τε</span> <span class='ocrx_word' id='word_1_180' title='bbox 3165 1049 3268 1098; x_wconf 71' lang='grc' dir='ltr'><strong>καὶ</strong></span> <span class='ocrx_word' id='word_1_181' title='bbox 3304 1046 3777 1115; x_wconf 67' lang='grc' dir='ltr'>σφραγίσαντος,</span> <span class='ocrx_word' id='word_1_182' title='bbox 3796 1046 3843 1105; x_wconf 66' lang='lat' dir='ltr'><strong>é;</strong></span> 
     </span>
    </p>
   </div>
   <div class='ocr_carea' id='block_1_27' title="bbox 2232 1131 3845 1208">
    <p class='ocr_par' dir='ltr' id='par_1_27' title="bbox 2232 1131 3845 1208">
     <span class='ocr_line' id='line_1_27' title="bbox 2232 1131 3845 1208; baseline -0.001 -22"><span class='ocrx_word' id='word_1_183' title='bbox 2232 1131 2301 1205; x_wconf 81' lang='grc' dir='ltr'>ἦν</span> <span class='ocrx_word' id='word_1_184' title='bbox 2342 1134 2422 1187; x_wconf 77' lang='grc' dir='ltr'><strong>ἔτι</strong></span> <span class='ocrx_word' id='word_1_185' title='bbox 2469 1136 2817 1204; x_wconf 77' lang='grc' dir='ltr'>παρειμένως</span> <span class='ocrx_word' id='word_1_186' title='bbox 2877 1139 3082 1200; x_wconf 80' lang='grc' dir='ltr'>ἐκεῖνος</span> <span class='ocrx_word' id='word_1_187' title='bbox 3120 1138 3309 1208; x_wconf 73' lang='grc' dir='ltr'>ἔχων,</span> <span class='ocrx_word' id='word_1_188' title='bbox 3368 1137 3677 1204; x_wconf 71' lang='grc' dir='ltr'>οὐδεμιᾶς</span> <span class='ocrx_word' id='word_1_189' title='bbox 3709 1136 3845 1187; x_wconf 62' lang='lat'><strong>32:5;-</strong></span> 
     </span>
    </p>
   </div>
   <div class='ocr_carea' id='block_1_28' title="bbox 2238 1227 3843 1299">
    <p class='ocr_par' dir='ltr' id='par_1_28' title="bbox 2238 1227 3843 1299">
     <span class='ocr_line' id='line_1_28' title="bbox 2238 1227 3843 1299; baseline -0.009 -8"><span class='ocrx_word' id='word_1_190' title='bbox 2238 1244 2395 1297; x_wconf 83' lang='grc' dir='ltr'>μενος</span> <span class='ocrx_word' id='word_1_191' title='bbox 2419 1227 2737 1298; x_wconf 75' lang='grc' dir='ltr'>θεραπείας,</span> <span class='ocrx_word' id='word_1_192' title='bbox 2780 1228 2957 1291; x_wconf 70' lang='grc' dir='ltr'>συνεὶς</span> <span class='ocrx_word' id='word_1_193' title='bbox 2982 1229 3182 1281; x_wconf 79' lang='grc' dir='ltr'>αὐτίκα</span> <span class='ocrx_word' id='word_1_194' title='bbox 3206 1230 3315 1299; x_wconf 74' lang='grc' dir='ltr'><strong>τὴν</strong></span> <span class='ocrx_word' id='word_1_195' title='bbox 3346 1228 3562 1281; x_wconf 75' lang='grc' dir='ltr'>αἰτίαν</span> <span class='ocrx_word' id='word_1_196' title='bbox 3584 1231 3615 1279; x_wconf 82' lang='grc' dir='ltr'>ὁ</span> <span class='ocrx_word' id='word_1_197' title='bbox 3639 1228 3843 1295; x_wconf 55' lang='lat'><strong>3951567</strong></span> 
     </span>
    </p>
   </div>
   <div class='ocr_carea' id='block_1_29' title="bbox 2235 1318 3847 1388">
    <p class='ocr_par' dir='ltr' id='par_1_29' title="bbox 2235 1318 3847 1388">
     <span class='ocr_line' id='line_1_29' title="bbox 2235 1318 3847 1388; baseline -0.001 -17"><span class='ocrx_word' id='word_1_198' title='bbox 2235 1318 2299 1371; x_wconf 87' lang='grc' dir='ltr'>Τί</span> <span class='ocrx_word' id='word_1_199' title='bbox 2357 1320 2439 1372; x_wconf 83' lang='grc' dir='ltr'>ὅτι</span> <span class='ocrx_word' id='word_1_200' title='bbox 2490 1318 2567 1371; x_wconf 75' lang='grc' dir='ltr'>τάο</span> <span class='ocrx_word' id='word_1_201' title='bbox 2648 1322 2747 1387; x_wconf 76' lang='grc' dir='ltr'>τῆς</span> <span class='ocrx_word' id='word_1_202' title='bbox 2804 1319 2954 1382; x_wconf 88' lang='grc' dir='ltr'>θείας</span> <span class='ocrx_word' id='word_1_203' title='bbox 3004 1321 3095 1372; x_wconf 76' lang='grc' dir='ltr'><strong>ἐπὶ</strong></span> <span class='ocrx_word' id='word_1_204' title='bbox 3130 1321 3215 1373; x_wconf 75' lang='grc' dir='ltr'>σοὶ</span> <span class='ocrx_word' id='word_1_205' title='bbox 3250 1322 3423 1388; x_wconf 83' lang='grc' dir='ltr'><strong>παρά</strong></span> <span class='ocrx_word' id='word_1_206' title='bbox 3453 1318 3617 1371; x_wconf 74' lang='grc' dir='ltr'>Θεοῦ</span> <span class='ocrx_word' id='word_1_207' title='bbox 3662 1320 3847 1387; x_wconf 65' lang='grc' dir='ltr'>χάριτες</span> 
     </span>
    </p>
   </div>
   <div class='ocr_carea' id='block_1_30' title="bbox 2234 1404 3843 1482">
    <p class='ocr_par' dir='ltr' id='par_1_30' title="bbox 2234 1404 3843 1482">
     <span class='ocr_line' id='line_1_30' title="bbox 2234 1404 3843 1482; baseline -0.001 -19"><span class='ocrx_word' id='word_1_208' title='bbox 2234 1410 2438 1464; x_wconf 79' lang='grc' dir='ltr'>ἄνωθεν</span> <span class='ocrx_word' id='word_1_209' title='bbox 2468 1414 2565 1477; x_wconf 74' lang='grc' dir='ltr'><strong>τὴν</strong></span> <span class='ocrx_word' id='word_1_210' title='bbox 2589 1412 2731 1465; x_wconf 77' lang='grc' dir='ltr'>ίασιν</span> <span class='ocrx_word' id='word_1_211' title='bbox 2759 1411 3051 1463; x_wconf 76' lang='grc' dir='ltr'>ἀνεϐάλετο</span> <span class='ocrx_word' id='word_1_212' title='bbox 3080 1429 3094 1475; x_wconf 89' lang='grc'><strong>;</strong></span> <span class='ocrx_word' id='word_1_213' title='bbox 3143 1407 3317 1482; x_wconf 73' lang='grc' dir='ltr'>ἦπου.</span> <span class='ocrx_word' id='word_1_214' title='bbox 3366 1415 3594 1480; x_wconf 64' lang='grc' dir='ltr'>φησιν,</span> <span class='ocrx_word' id='word_1_215' title='bbox 3622 1404 3670 1463; x_wconf 80' lang='grc' dir='ltr'><strong>ὦ</strong></span> <span class='ocrx_word' id='word_1_216' title='bbox 3704 1404 3843 1473; x_wconf 54' lang='grc' dir='ltr'>οὗτε,</span> 
     </span>
    </p>
   </div>
   <div class='ocr_carea' id='block_1_31' title="bbox 2233 1498 3845 1571">
    <p class='ocr_par' dir='ltr' id='par_1_31' title="bbox 2233 1498 3845 1571">
     <span class='ocr_line' id='line_1_31' title="bbox 2233 1498 3845 1571; baseline -0.002 -18"><span class='ocrx_word' id='word_1_217' title='bbox 2233 1501 2471 1563; x_wconf 74' lang='grc' dir='ltr'><strong>εἰδώλοις</strong></span> <span class='ocrx_word' id='word_1_218' title='bbox 2495 1498 2546 1553; x_wconf 82' lang='grc' dir='ltr'>εἷ</span> <span class='ocrx_word' id='word_1_219' title='bbox 2566 1502 2837 1555; x_wconf 69' lang='grc' dir='ltr'>πιστεύων</span> <span class='ocrx_word' id='word_1_220' title='bbox 2855 1505 2950 1555; x_wconf 69' lang='grc' dir='ltr'>καὶ</span> <span class='ocrx_word' id='word_1_221' title='bbox 2979 1503 3037 1555; x_wconf 86' lang='grc' dir='ltr'><strong>ού</strong></span> <span class='ocrx_word' id='word_1_222' title='bbox 3070 1502 3217 1571; x_wconf 84' lang='grc' dir='ltr'><strong>Θεῷ;</strong></span> <span class='ocrx_word' id='word_1_223' title='bbox 3254 1504 3371 1557; x_wconf 78' lang='grc' dir='ltr'><strong>Τοῦ</strong></span> <span class='ocrx_word' id='word_1_224' title='bbox 3395 1502 3459 1554; x_wconf 85' lang='grc' dir='ltr'>δὲ</span> <span class='ocrx_word' id='word_1_225' title='bbox 3496 1502 3728 1555; x_wconf 72' lang='grc' dir='ltr'>τοιοῦτο</span> <span class='ocrx_word' id='word_1_226' title='bbox 3750 1519 3845 1553; x_wconf 60' lang='grc' dir='ltr'>σπι</span> 
     </span>
    </p>
   </div>
   <div class='ocr_carea' id='block_1_32' title="bbox 2234 1593 3859 1664">
    <p class='ocr_par' dir='ltr' id='par_1_32' title="bbox 2234 1593 3859 1664">
     <span class='ocr_line' id='line_1_32' title="bbox 2234 1593 3859 1664; baseline 0.001 -19"><span class='ocrx_word' id='word_1_227' title='bbox 2234 1594 2429 1647; x_wconf 86' lang='grc' dir='ltr'>ειδέναι</span> <span class='ocrx_word' id='word_1_228' title='bbox 2453 1594 2620 1663; x_wconf 78' lang='grc' dir='ltr'>μηδὲν</span> <span class='ocrx_word' id='word_1_229' title='bbox 2637 1593 3061 1664; x_wconf 76' lang='grc' dir='ltr'><strong>διατεινομένου,</strong></span> <span class='ocrx_word' id='word_1_230' title='bbox 3086 1594 3401 1663; x_wconf 73' lang='grc' dir='ltr'>ψεύδεσθαι</span> <span class='ocrx_word' id='word_1_231' title='bbox 3426 1593 3653 1647; x_wconf 76' lang='grc' dir='ltr'>τοῦτον</span> <span class='ocrx_word' id='word_1_232' title='bbox 3670 1596 3859 1653; x_wconf 72' lang='grc' dir='ltr'>ἐκεῖνος.</span> 
     </span>
    </p>
   </div>
   <div class='ocr_carea' id='block_1_33' title="bbox 2232 1685 3845 1756">
    <p class='ocr_par' dir='ltr' id='par_1_33' title="bbox 2232 1685 3845 1756">
     <span class='ocr_line' id='line_1_33' title="bbox 2232 1685 3845 1756; baseline -0.002 -17"><span class='ocrx_word' id='word_1_233' title='bbox 2232 1686 2367 1739; x_wconf 73' lang='grc' dir='ltr'><strong>ἀλλά</strong></span> <span class='ocrx_word' id='word_1_234' title='bbox 2388 1688 2482 1739; x_wconf 74' lang='grc' dir='ltr'><strong>καὶ</strong></span> <span class='ocrx_word' id='word_1_235' title='bbox 2509 1686 2859 1753; x_wconf 81' lang='grc' dir='ltr'><strong>ἀμεταθέτως</strong></span> <span class='ocrx_word' id='word_1_236' title='bbox 2881 1685 2941 1738; x_wconf 91' lang='grc' dir='ltr'><strong>τό</strong></span> <span class='ocrx_word' id='word_1_237' title='bbox 2962 1688 3013 1754; x_wconf 87' lang='grc' dir='ltr'>γ’</span> <span class='ocrx_word' id='word_1_238' title='bbox 3034 1686 3126 1738; x_wconf 77' lang='grc' dir='ltr'>οὖν</span> <span class='ocrx_word' id='word_1_239' title='bbox 3148 1685 3327 1756; x_wconf 77' lang='grc' dir='ltr'>παρὸν</span> <span class='ocrx_word' id='word_1_240' title='bbox 3346 1686 3524 1756; x_wconf 81' lang='grc' dir='ltr'>ἔχειν</span> <span class='ocrx_word' id='word_1_241' title='bbox 3552 1685 3845 1750; x_wconf 48' lang='grc' dir='ltr'>είδὼςῶξτι</span> 
     </span>
    </p>
   </div>
   <div class='ocr_carea' id='block_1_34' title="bbox 542 1776 3819 1852">
    <p class='ocr_par' dir='ltr' id='par_1_34' title="bbox 542 1776 3819 1852">
     <span class='ocr_line' id='line_1_34' title="bbox 542 1776 3819 1852; baseline -0.001 -20"><span class='ocrx_word' id='word_1_242' title='bbox 542 1778 643 1849; x_wconf 74' lang='grc' dir='ltr'>μὲν</span> <span class='ocrx_word' id='word_1_243' title='bbox 671 1778 925 1849; x_wconf 81' lang='grc' dir='ltr'><strong>πορεύου,</strong></span> <span class='ocrx_word' id='word_1_244' title='bbox 970 1779 1097 1848; x_wconf 79' lang='grc' dir='ltr'>ἔφη,</span> <span class='ocrx_word' id='word_1_245' title='bbox 1135 1776 1492 1849; x_wconf 69' lang='grc' dir='ltr'>ἐπισκέψεται</span> <span class='ocrx_word' id='word_1_246' title='bbox 1518 1777 1576 1830; x_wconf 86' lang='grc' dir='ltr'><strong>δέ</strong></span> <span class='ocrx_word' id='word_1_247' title='bbox 1611 1794 1669 1831; x_wconf 90' lang='grc' dir='ltr'><strong>σε</strong></span> <span class='ocrx_word' id='word_1_248' title='bbox 1689 1779 1782 1830; x_wconf 81' lang='grc' dir='ltr'><strong>καὶ</strong></span> <span class='ocrx_word' id='word_1_249' title='bbox 1810 1779 1947 1832; x_wconf 83' lang='grc' dir='ltr'>οῐκοι</span> <span class='ocrx_word' id='word_1_250' title='bbox 1972 1780 2206 1850; x_wconf 76' lang='grc' dir='ltr'>Χριστὸς</span> <span class='ocrx_word' id='word_1_251' title='bbox 2236 1780 2617 1852; x_wconf 82' lang='grc' dir='ltr'>φιλάνθρωπος</span> <span class='ocrx_word' id='word_1_252' title='bbox 2646 1778 2741 1843; x_wconf 80' lang='grc' dir='ltr'>ὢν,</span> <span class='ocrx_word' id='word_1_253' title='bbox 2773 1779 2835 1832; x_wconf 83' lang='grc' dir='ltr'><strong>τὸ</strong></span> <span class='ocrx_word' id='word_1_254' title='bbox 2871 1779 3034 1841; x_wconf 83' lang='grc' dir='ltr'>σέϐας</span> <span class='ocrx_word' id='word_1_255' title='bbox 3067 1782 3147 1842; x_wconf 86' lang='grc' dir='ltr'><strong>εἰς</strong></span> <span class='ocrx_word' id='word_1_256' title='bbox 3185 1779 3357 1831; x_wconf 72' lang='grc' dir='ltr'>αὐτὸν</span> <span class='ocrx_word' id='word_1_257' title='bbox 3401 1778 3819 1848; x_wconf 63' lang='grc' dir='ltr'>μεταθέμενοι.</span> 
     </span>
    </p>
   </div>
   <div class='ocr_carea' id='block_1_35' title="bbox 610 1893 2208 1961">
    <p class='ocr_par' dir='ltr' id='par_1_35' title="bbox 610 1893 2208 1961">
     <span class='ocr_line' id='line_1_35' title="bbox 610 1893 2208 1961; baseline -0.001 -11"><span class='ocrx_word' id='word_1_258' title='bbox 610 1896 738 1950; x_wconf 75' lang='grc'><strong>202.</strong></span> <span class='ocrx_word' id='word_1_259' title='bbox 775 1895 1068 1950; x_wconf 90' lang='lat' dir='ltr'><strong>Sublatum</strong></span> <span class='ocrx_word' id='word_1_260' title='bbox 1104 1894 1288 1961; x_wconf 87' lang='lat' dir='ltr'><strong>itaque</strong></span> <span class='ocrx_word' id='word_1_261' title='bbox 1332 1893 1471 1949; x_wconf 80' lang='lat' dir='ltr'><strong>socii</strong></span> <span class='ocrx_word' id='word_1_262' title='bbox 1504 1893 1819 1949; x_wconf 90' lang='lat' dir='ltr'><strong>retulerunt</strong></span> <span class='ocrx_word' id='word_1_263' title='bbox 1868 1894 2092 1949; x_wconf 92' lang='lat' dir='ltr'><strong>domum</strong></span> <span class='ocrx_word' id='word_1_264' title='bbox 2117 1935 2132 1958; x_wconf 93' lang='lat'><strong>,</strong></span> <span class='ocrx_word' id='word_1_265' title='bbox 2167 1907 2208 1961; x_wconf 78' lang='grc' dir='ltr'><strong>Β</strong></span> 
     </span>
    </p>
   </div>
   <div class='ocr_carea' id='block_1_36' title="bbox 540 1985 2123 2057">
    <p class='ocr_par' dir='ltr' id='par_1_36' title="bbox 540 1985 2123 2057">
     <span class='ocr_line' id='line_1_36' title="bbox 540 1985 2123 2057; baseline -0.001 -14"><span class='ocrx_word' id='word_1_266' title='bbox 540 1988 638 2043; x_wconf 89' lang='lat' dir='ltr'><strong>ubi</strong></span> <span class='ocrx_word' id='word_1_267' title='bbox 668 1988 959 2043; x_wconf 90' lang='lat' dir='ltr'><strong>sanitatem</strong></span> <span class='ocrx_word' id='word_1_268' title='bbox 1028 1985 1330 2055; x_wconf 88' lang='lat' dir='ltr'><strong>desperans</strong></span> <span class='ocrx_word' id='word_1_269' title='bbox 1379 1986 1631 2056; x_wconf 79' lang='lat' dir='ltr'><strong>jacebat’,</strong></span> <span class='ocrx_word' id='word_1_270' title='bbox 1687 2001 1899 2052; x_wconf 81' lang='lat' dir='ltr'><strong>sorore,</strong></span> <span class='ocrx_word' id='word_1_271' title='bbox 1955 2003 2123 2057; x_wconf 90' lang='lat' dir='ltr'><strong>quam</strong></span> 
     </span>
    </p>
   </div>
   <div class='ocr_carea' id='block_1_37' title="bbox 541 2077 2128 2144">
    <p class='ocr_par' dir='ltr' id='par_1_37' title="bbox 541 2077 2128 2144">
     <span class='ocr_line' id='line_1_37' title="bbox 541 2077 2128 2144; baseline -0.002 -9"><span class='ocrx_word' id='word_1_272' title='bbox 541 2080 779 2135; x_wconf 84' lang='lat' dir='ltr'><strong>habebat</strong></span> <span class='ocrx_word' id='word_1_273' title='bbox 792 2078 1218 2144; x_wconf 82' lang='lat' dir='ltr'><strong>mendicantem,</strong></span> <span class='ocrx_word' id='word_1_274' title='bbox 1234 2079 1360 2132; x_wconf 75' lang='lat' dir='ltr'><strong>vita:</strong></span> <span class='ocrx_word' id='word_1_275' title='bbox 1372 2077 1684 2133; x_wconf 87' lang='lat' dir='ltr'><strong>necessaria</strong></span> <span class='ocrx_word' id='word_1_276' title='bbox 1702 2077 2128 2132; x_wconf 81' lang='lat' dir='ltr'><strong>subministran-</strong></span> 
     </span>
    </p>
   </div>
   <div class='ocr_carea' id='block_1_38' title="bbox 543 2169 2126 2240">
    <p class='ocr_par' dir='ltr' id='par_1_38' title="bbox 543 2169 2126 2240">
     <span class='ocr_line' id='line_1_38' title="bbox 543 2169 2126 2240; baseline -0.001 -14"><span class='ocrx_word' id='word_1_277' title='bbox 543 2180 618 2226; x_wconf 90' lang='lat' dir='ltr'><strong>te.</strong></span> <span class='ocrx_word' id='word_1_278' title='bbox 640 2173 833 2225; x_wconf 79' lang='lat' dir='ltr'><strong>Annus</strong></span> <span class='ocrx_word' id='word_1_279' title='bbox 848 2171 961 2240; x_wconf 86' lang='lat' dir='ltr'><strong>jam</strong></span> <span class='ocrx_word' id='word_1_280' title='bbox 984 2170 1180 2224; x_wconf 90' lang='lat' dir='ltr'><strong>tertius</strong></span> <span class='ocrx_word' id='word_1_281' title='bbox 1201 2169 1441 2226; x_wconf 78' lang='lat' dir='ltr'><strong>instabat</strong></span> <span class='ocrx_word' id='word_1_282' title='bbox 1461 2169 1835 2233; x_wconf 90' lang='lat' dir='ltr'><strong>decumbenti,</strong></span> <span class='ocrx_word' id='word_1_283' title='bbox 1859 2184 1986 2224; x_wconf 92' lang='lat' dir='ltr'><strong>cum</strong></span> <span class='ocrx_word' id='word_1_284' title='bbox 2007 2170 2126 2240; x_wconf 89' lang='lat' dir='ltr'><strong>ipse</strong></span> 
     </span>
    </p>
   </div>
   <div class='ocr_carea' id='block_1_39' title="bbox 541 2256 2126 2330">
    <p class='ocr_par' dir='ltr' id='par_1_39' title="bbox 541 2256 2126 2330">
     <span class='ocr_line' id='line_1_39' title="bbox 541 2256 2126 2330; baseline 0.001 -18"><span class='ocrx_word' id='word_1_285' title='bbox 541 2272 762 2328; x_wconf 89' lang='lat' dir='ltr'><strong>quoque</strong></span> <span class='ocrx_word' id='word_1_286' title='bbox 807 2256 1088 2311; x_wconf 91' lang='lat' dir='ltr'><strong>diutinum</strong></span> <span class='ocrx_word' id='word_1_287' title='bbox 1142 2257 1398 2311; x_wconf 86' lang='lat' dir='ltr'><strong>morbum</strong></span> <span class='ocrx_word' id='word_1_288' title='bbox 1446 2273 1669 2321; x_wconf 79' lang='lat' dir='ltr'><strong>exosus,</strong></span> <span class='ocrx_word' id='word_1_289' title='bbox 1716 2274 2126 2330; x_wconf 79' lang='lat' dir='ltr'><strong>agnoscensque</strong></span> 
     </span>
    </p>
   </div>
   <div class='ocr_carea' id='block_1_40' title="bbox 540 2348 2126 2419">
    <p class='ocr_par' dir='ltr' id='par_1_40' title="bbox 540 2348 2126 2419">
     <span class='ocr_line' id='line_1_40' title="bbox 540 2348 2126 2419; baseline 0 -16"><span class='ocrx_word' id='word_1_290' title='bbox 540 2348 682 2404; x_wconf 90' lang='lat' dir='ltr'><strong>nihil</strong></span> <span class='ocrx_word' id='word_1_291' title='bbox 714 2349 768 2402; x_wconf 92' lang='lat' dir='ltr'><strong>in</strong></span> <span class='ocrx_word' id='word_1_292' title='bbox 802 2349 1153 2403; x_wconf 89' lang='lat' dir='ltr'><strong>idololatrico</strong></span> <span class='ocrx_word' id='word_1_293' title='bbox 1181 2363 1370 2404; x_wconf 91' lang='lat' dir='ltr'><strong>errore</strong></span> <span class='ocrx_word' id='word_1_294' title='bbox 1398 2350 1520 2419; x_wconf 91' lang='lat' dir='ltr'><strong>opis</strong></span> <span class='ocrx_word' id='word_1_295' title='bbox 1550 2365 1693 2415; x_wconf 90' lang='lat' dir='ltr'><strong>esse,</strong></span> <span class='ocrx_word' id='word_1_296' title='bbox 1722 2350 1994 2404; x_wconf 82' lang='lat' dir='ltr'><strong>intellexit</strong></span> <span class='ocrx_word' id='word_1_297' title='bbox 2016 2351 2126 2405; x_wconf 91' lang='lat' dir='ltr'><strong>alio</strong></span> 
     </span>
    </p>
   </div>
   <div class='ocr_carea' id='block_1_41' title="bbox 541 2438 2125 2511">
    <p class='ocr_par' dir='ltr' id='par_1_41' title="bbox 541 2438 2125 2511">
     <span class='ocr_line' id='line_1_41' title="bbox 541 2438 2125 2511; baseline 0.001 -17"><span class='ocrx_word' id='word_1_298' title='bbox 541 2440 751 2494; x_wconf 91' lang='lat' dir='ltr'><strong>cultum</strong></span> <span class='ocrx_word' id='word_1_299' title='bbox 790 2438 1121 2493; x_wconf 85' lang='lat' dir='ltr'><strong>vertendum</strong></span> <span class='ocrx_word' id='word_1_300' title='bbox 1164 2457 1178 2492; x_wconf 92' lang='lat'><strong>:</strong></span> <span class='ocrx_word' id='word_1_301' title='bbox 1217 2442 1291 2495; x_wconf 90' lang='lat' dir='ltr'><strong>ita</strong></span> <span class='ocrx_word' id='word_1_302' title='bbox 1331 2441 1661 2510; x_wconf 89' lang='lat' dir='ltr'><strong>disponente</strong></span> <span class='ocrx_word' id='word_1_303' title='bbox 1702 2442 1980 2511; x_wconf 88' lang='lat' dir='ltr'><strong>sapienter</strong></span> <span class='ocrx_word' id='word_1_304' title='bbox 2013 2442 2125 2497; x_wconf 82' lang='lat' dir='ltr'><strong>Deo</strong></span> 
     </span>
    </p>
   </div>
   <div class='ocr_carea' id='block_1_42' title="bbox 541 2531 2124 2602">
    <p class='ocr_par' dir='ltr' id='par_1_42' title="bbox 541 2531 2124 2602">
     <span class='ocr_line' id='line_1_42' title="bbox 541 2531 2124 2602; baseline 0.002 -18"><span class='ocrx_word' id='word_1_305' title='bbox 541 2531 746 2601; x_wconf 71' lang='lat' dir='ltr'><strong>(qualia</strong></span> <span class='ocrx_word' id='word_1_306' title='bbox 783 2531 932 2586; x_wconf 89' lang='lat' dir='ltr'><strong>illius</strong></span> <span class='ocrx_word' id='word_1_307' title='bbox 978 2531 1247 2602; x_wconf 88' lang='lat' dir='ltr'><strong>judicia!)</strong></span> <span class='ocrx_word' id='word_1_308' title='bbox 1280 2541 1341 2586; x_wconf 88' lang='lat' dir='ltr'><strong>ut</strong></span> <span class='ocrx_word' id='word_1_309' title='bbox 1392 2532 1760 2587; x_wconf 86' lang='lat' dir='ltr'><strong>diuturnitate</strong></span> <span class='ocrx_word' id='word_1_310' title='bbox 1815 2533 2124 2588; x_wconf 80' lang='lat' dir='ltr'><strong>aﬂ‘ectionis</strong></span> 
     </span>
    </p>
   </div>
   <div class='ocr_carea' id='block_1_43' title="bbox 542 2624 2124 2694">
    <p class='ocr_par' dir='ltr' id='par_1_43' title="bbox 542 2624 2124 2694">
     <span class='ocr_line' id='line_1_43' title="bbox 542 2624 2124 2694; baseline 0.001 -16"><span class='ocrx_word' id='word_1_311' title='bbox 542 2624 722 2694; x_wconf 89' lang='lat' dir='ltr'><strong>ipsum</strong></span> <span class='ocrx_word' id='word_1_312' title='bbox 753 2624 998 2677; x_wconf 90' lang='lat' dir='ltr'><strong>traheret</strong></span> <span class='ocrx_word' id='word_1_313' title='bbox 1027 2624 1095 2678; x_wconf 88' lang='lat' dir='ltr'><strong>ad</strong></span> <span class='ocrx_word' id='word_1_314' title='bbox 1135 2640 1212 2679; x_wconf 89' lang='lat' dir='ltr'><strong>se.</strong></span> <span class='ocrx_word' id='word_1_315' title='bbox 1247 2624 1398 2677; x_wconf 91' lang='lat' dir='ltr'><strong>Totis</strong></span> <span class='ocrx_word' id='word_1_316' title='bbox 1422 2624 1589 2694; x_wconf 90' lang='lat' dir='ltr'><strong>igitur</strong></span> <span class='ocrx_word' id='word_1_317' title='bbox 1614 2624 1827 2679; x_wconf 87' lang='lat' dir='ltr'><strong>viribus</strong></span> <span class='ocrx_word' id='word_1_318' title='bbox 1861 2624 1917 2678; x_wconf 92' lang='lat' dir='ltr'><strong>in</strong></span> <span class='ocrx_word' id='word_1_319' title='bbox 1951 2624 2124 2679; x_wconf 87' lang='lat' dir='ltr'><strong>Deum</strong></span> 
     </span>
    </p>
   </div>
   <div class='ocr_carea' id='block_1_44' title="bbox 542 2715 2127 2785">
    <p class='ocr_par' dir='ltr' id='par_1_44' title="bbox 542 2715 2127 2785">
     <span class='ocr_line' id='line_1_44' title="bbox 542 2715 2127 2785; baseline 0.001 -16"><span class='ocrx_word' id='word_1_320' title='bbox 542 2715 796 2781; x_wconf 89' lang='lat' dir='ltr'><strong>credens,</strong></span> <span class='ocrx_word' id='word_1_321' title='bbox 830 2716 1119 2769; x_wconf 76' lang='lat' dir='ltr'><strong>nocturnis</strong></span> <span class='ocrx_word' id='word_1_322' title='bbox 1140 2715 1466 2784; x_wconf 90' lang='lat' dir='ltr'><strong>diurnisque</strong></span> <span class='ocrx_word' id='word_1_323' title='bbox 1484 2717 1744 2785; x_wconf 87' lang='lat' dir='ltr'><strong>precibus</strong></span> <span class='ocrx_word' id='word_1_324' title='bbox 1766 2716 1987 2781; x_wconf 91' lang='lat' dir='ltr'><strong>institit,</strong></span> <span class='ocrx_word' id='word_1_325' title='bbox 2012 2732 2127 2770; x_wconf 89' lang='lat' dir='ltr'><strong>me-</strong></span> 
     </span>
    </p>
   </div>
   <div class='ocr_carea' id='block_1_45' title="bbox 543 2804 2124 2877">
    <p class='ocr_par' dir='ltr' id='par_1_45' title="bbox 543 2804 2124 2877">
     <span class='ocr_line' id='line_1_45' title="bbox 543 2804 2124 2877; baseline 0.003 -21"><span class='ocrx_word' id='word_1_326' title='bbox 543 2804 755 2859; x_wconf 90' lang='lat' dir='ltr'><strong>diatore</strong></span> <span class='ocrx_word' id='word_1_327' title='bbox 791 2819 921 2858; x_wconf 88' lang='lat' dir='ltr'><strong>usus</strong></span> <span class='ocrx_word' id='word_1_328' title='bbox 948 2804 1241 2875; x_wconf 85' lang='lat' dir='ltr'><strong>Symeone,</strong></span> <span class='ocrx_word' id='word_1_329' title='bbox 1275 2812 1334 2857; x_wconf 92' lang='lat' dir='ltr'><strong>ut</strong></span> <span class='ocrx_word' id='word_1_330' title='bbox 1369 2805 1590 2859; x_wconf 90' lang='lat' dir='ltr'><strong>tandem</strong></span> <span class='ocrx_word' id='word_1_331' title='bbox 1637 2807 1872 2877; x_wconf 88' lang='lat' dir='ltr'><strong>paralysi</strong></span> <span class='ocrx_word' id='word_1_332' title='bbox 1919 2807 2124 2860; x_wconf 89' lang='lat' dir='ltr'><strong>libera-</strong></span> 
     </span>
    </p>
   </div>
   <div class='ocr_carea' id='block_1_46' title="bbox 543 2895 2123 2967">
    <p class='ocr_par' dir='ltr' id='par_1_46' title="bbox 543 2895 2123 2967">
     <span class='ocr_line' id='line_1_46' title="bbox 543 2895 2123 2967; baseline 0.003 -18"><span class='ocrx_word' id='word_1_333' title='bbox 543 2905 716 2950; x_wconf 85' lang='lat' dir='ltr'><strong>retur.</strong></span> <span class='ocrx_word' id='word_1_334' title='bbox 746 2895 988 2966; x_wconf 81' lang='lat' dir='ltr'><strong>Contigit</strong></span> <span class='ocrx_word' id='word_1_335' title='bbox 1017 2897 1227 2950; x_wconf 88' lang='lat' dir='ltr'><strong>interea</strong></span> <span class='ocrx_word' id='word_1_336' title='bbox 1247 2896 1539 2965; x_wconf 89' lang='lat' dir='ltr'><strong>quemdam</strong></span> <span class='ocrx_word' id='word_1_337' title='bbox 1570 2897 1720 2951; x_wconf 89' lang='lat' dir='ltr'><strong>illius</strong></span> <span class='ocrx_word' id='word_1_338' title='bbox 1741 2899 1979 2967; x_wconf 89' lang='lat' dir='ltr'><strong>regionis</strong></span> <span class='ocrx_word' id='word_1_339' title='bbox 2018 2914 2123 2953; x_wconf 63' lang='lat' dir='ltr'><strong>cm-</strong></span> 
     </span>
    </p>
   </div>
   <div class='ocr_carea' id='block_1_47' title="bbox 545 2986 2123 3058">
    <p class='ocr_par' dir='ltr' id='par_1_47' title="bbox 545 2986 2123 3058">
     <span class='ocr_line' id='line_1_47' title="bbox 545 2986 2123 3058; baseline 0.001 -17"><span class='ocrx_word' id='word_1_340' title='bbox 545 3001 669 3041; x_wconf 78' lang='lat' dir='ltr'><strong>cum</strong></span> <span class='ocrx_word' id='word_1_341' title='bbox 717 2986 871 3040; x_wconf 91' lang='lat' dir='ltr'><strong>adire</strong></span> <span class='ocrx_word' id='word_1_342' title='bbox 904 2996 1176 3049; x_wconf 89' lang='lat' dir='ltr'><strong>sanctum,</strong></span> <span class='ocrx_word' id='word_1_343' title='bbox 1209 2995 1467 3055; x_wconf 91' lang='lat' dir='ltr'><strong>tactuque</strong></span> <span class='ocrx_word' id='word_1_344' title='bbox 1506 2989 1626 3056; x_wconf 85' lang='lat' dir='ltr'><strong>ejus</strong></span> <span class='ocrx_word' id='word_1_345' title='bbox 1655 2995 1711 3041; x_wconf 90' lang='lat' dir='ltr'><strong>ct</strong></span> <span class='ocrx_word' id='word_1_346' title='bbox 1745 2989 1900 3058; x_wconf 87' lang='lat' dir='ltr'><strong>signo</strong></span> <span class='ocrx_word' id='word_1_347' title='bbox 1942 2988 2123 3043; x_wconf 87' lang='lat' dir='ltr'><strong>erucis</strong></span> 
     </span>
    </p>
   </div>
   <div class='ocr_carea' id='block_1_48' title="bbox 542 3077 2121 3149">
    <p class='ocr_par' dir='ltr' id='par_1_48' title="bbox 542 3077 2121 3149">
     <span class='ocr_line' id='line_1_48' title="bbox 542 3077 2121 3149; baseline 0 -16"><span class='ocrx_word' id='word_1_348' title='bbox 542 3079 798 3133; x_wconf 89' lang='lat' dir='ltr'><strong>obtinere</strong></span> <span class='ocrx_word' id='word_1_349' title='bbox 842 3077 1022 3131; x_wconf 84' lang='lat' dir='ltr'><strong>visum</strong></span> <span class='ocrx_word' id='word_1_350' title='bbox 1063 3095 1075 3129; x_wconf 91' lang='lat'><strong>:</strong></span> <span class='ocrx_word' id='word_1_351' title='bbox 1108 3079 1202 3146; x_wconf 89' lang='lat' dir='ltr'><strong>qui</strong></span> <span class='ocrx_word' id='word_1_352' title='bbox 1240 3079 1310 3132; x_wconf 90' lang='lat' dir='ltr'><strong>de</strong></span> <span class='ocrx_word' id='word_1_353' title='bbox 1345 3079 1643 3147; x_wconf 89' lang='lat' dir='ltr'><strong>gratiarum</strong></span> <span class='ocrx_word' id='word_1_354' title='bbox 1687 3081 1850 3149; x_wconf 83' lang='lat' dir='ltr'><strong>digna</strong></span> <span class='ocrx_word' id='word_1_355' title='bbox 1882 3080 2121 3134; x_wconf 89' lang='lat' dir='ltr'><strong>retribu-</strong></span> 
     </span>
    </p>
   </div>
   <div class='ocr_carea' id='block_1_49' title="bbox 547 3167 2122 3240">
    <p class='ocr_par' dir='ltr' id='par_1_49' title="bbox 547 3167 2122 3240">
     <span class='ocr_line' id='line_1_49' title="bbox 547 3167 2122 3240; baseline -0.002 -16"><span class='ocrx_word' id='word_1_356' title='bbox 547 3172 695 3225; x_wconf 88' lang='lat' dir='ltr'><strong>tione</strong></span> <span class='ocrx_word' id='word_1_357' title='bbox 731 3170 1019 3239; x_wconf 88' lang='lat' dir='ltr'><strong>ambiguus</strong></span> <span class='ocrx_word' id='word_1_358' title='bbox 1056 3167 1207 3237; x_wconf 90' lang='lat' dir='ltr'><strong>(quid</strong></span> <span class='ocrx_word' id='word_1_359' title='bbox 1263 3169 1411 3221; x_wconf 88' lang='lat' dir='ltr'><strong>enim</strong></span> <span class='ocrx_word' id='word_1_360' title='bbox 1460 3169 1635 3223; x_wconf 84' lang='lat' dir='ltr'><strong>oculis</strong></span> <span class='ocrx_word' id='word_1_361' title='bbox 1692 3169 2122 3240; x_wconf 67' lang='lat' dir='ltr'><strong>aequiparctur?)</strong></span> 
     </span>
    </p>
   </div>
   <div class='ocr_carea' id='block_1_50' title="bbox 546 3258 2127 3334">
    <p class='ocr_par' dir='ltr' id='par_1_50' title="bbox 546 3258 2127 3331">
     <span class='ocr_line' id='line_1_50' title="bbox 546 3258 2127 3331; baseline 0.001 -17"><span class='ocrx_word' id='word_1_362' title='bbox 546 3262 691 3315; x_wconf 89' lang='lat' dir='ltr'><strong>hanc</strong></span> <span class='ocrx_word' id='word_1_363' title='bbox 720 3260 825 3314; x_wconf 89' lang='lat' dir='ltr'><strong>sibi</strong></span> <span class='ocrx_word' id='word_1_364' title='bbox 855 3260 1031 3331; x_wconf 73' lang='lat' dir='ltr'><strong>legem</strong></span> <span class='ocrx_word' id='word_1_365' title='bbox 1064 3259 1279 3317; x_wconf 89' lang='lat' dir='ltr'><strong>statuit.</strong></span> <span class='ocrx_word' id='word_1_366' title='bbox 1323 3267 1385 3312; x_wconf 89' lang='lat' dir='ltr'><strong>ut</strong></span> <span class='ocrx_word' id='word_1_367' title='bbox 1424 3258 1519 3312; x_wconf 93' lang='lat' dir='ltr'><strong>illo</strong></span> <span class='ocrx_word' id='word_1_368' title='bbox 1545 3259 1634 3313; x_wconf 91' lang='lat' dir='ltr'><strong>die</strong></span> <span class='ocrx_word' id='word_1_369' title='bbox 1666 3260 1981 3329; x_wconf 88' lang='lat' dir='ltr'><strong>quotannis,</strong></span> <span class='ocrx_word' id='word_1_370' title='bbox 2018 3278 2127 3330; x_wconf 89' lang='lat' dir='ltr'><strong>quo</strong></span> 
     </span>
    </p>
   </div>
   <div class='ocr_carea' id='block_1_51' title="bbox 2233 3258 2967 3334">
    <p class='ocr_par' dir='ltr' id='par_1_51' title="bbox 2233 3262 2967 3334">
     <span class='ocr_line' id='line_1_51' title="bbox 2233 3262 2967 3334; baseline -0.007 -15"><span class='ocrx_word' id='word_1_371' title='bbox 2233 3266 2390 3330; x_wconf 79' lang='grc' dir='ltr'>ἀξίας</span> <span class='ocrx_word' id='word_1_372' title='bbox 2453 3265 2686 3334; x_wconf 82' lang='grc' dir='ltr'>ἀμοιϐῆς</span> <span class='ocrx_word' id='word_1_373' title='bbox 2745 3262 2967 3333; x_wconf 81' lang='grc' dir='ltr'>ἀπορῶν</span> 
     </span>
    </p>
   </div>
   <div class='ocr_carea' id='block_1_52' title="bbox 547 3349 2126 3423">
    <p class='ocr_par' dir='ltr' id='par_1_52' title="bbox 547 3349 2126 3423">
     <span class='ocr_line' id='line_1_52' title="bbox 547 3349 2126 3423; baseline 0.001 -17"><span class='ocrx_word' id='word_1_374' title='bbox 547 3362 658 3406; x_wconf 90' lang='lat' dir='ltr'><strong>tam</strong></span> <span class='ocrx_word' id='word_1_375' title='bbox 684 3350 919 3405; x_wconf 85' lang='lat' dir='ltr'><strong>mirandi</strong></span> <span class='ocrx_word' id='word_1_376' title='bbox 952 3349 1202 3404; x_wconf 81' lang='lat' dir='ltr'><strong>beneﬁcii</strong></span> <span class='ocrx_word' id='word_1_377' title='bbox 1229 3364 1456 3419; x_wconf 86' lang='lat' dir='ltr'><strong>compos</strong></span> <span class='ocrx_word' id='word_1_378' title='bbox 1485 3350 1666 3405; x_wconf 78' lang='lat' dir='ltr'><strong>factus</strong></span> <span class='ocrx_word' id='word_1_379' title='bbox 1688 3361 1826 3413; x_wconf 88' lang='lat' dir='ltr'><strong>erat,</strong></span> <span class='ocrx_word' id='word_1_380' title='bbox 1856 3352 2126 3423; x_wconf 89' lang='lat' dir='ltr'><strong>quidquid</strong></span> 
     </span>
    </p>
   </div>
   <div class='ocr_carea' id='block_1_53' title="bbox 546 3440 2127 3512">
    <p class='ocr_par' dir='ltr' id='par_1_53' title="bbox 546 3440 2127 3512">
     <span class='ocr_line' id='line_1_53' title="bbox 546 3440 2127 3512; baseline 0.001 -15"><span class='ocrx_word' id='word_1_381' title='bbox 546 3442 791 3497; x_wconf 78' lang='lat' dir='ltr'><strong>lucratus</strong></span> <span class='ocrx_word' id='word_1_382' title='bbox 815 3440 1011 3496; x_wconf 81' lang='lat' dir='ltr'><strong>luisset</strong></span> <span class='ocrx_word' id='word_1_383' title='bbox 1042 3456 1210 3512; x_wconf 89' lang='lat' dir='ltr'><strong>opera</strong></span> <span class='ocrx_word' id='word_1_384' title='bbox 1240 3456 1503 3495; x_wconf 87' lang='lat' dir='ltr'><strong>manuum</strong></span> <span class='ocrx_word' id='word_1_385' title='bbox 1543 3456 1789 3507; x_wconf 89' lang='lat' dir='ltr'><strong>suarum,</strong></span> <span class='ocrx_word' id='word_1_386' title='bbox 1826 3442 2127 3499; x_wconf 88' lang='lat' dir='ltr'><strong>distribue-</strong></span> 
     </span>
    </p>
   </div>
   <div class='ocr_carea' id='block_1_54' title="bbox 547 3530 1343 3603">
    <p class='ocr_par' dir='ltr' id='par_1_54' title="bbox 547 3530 1343 3603">
     <span class='ocr_line' id='line_1_54' title="bbox 547 3530 1343 3603; baseline -0.006 -15"><span class='ocrx_word' id='word_1_387' title='bbox 547 3546 632 3590; x_wconf 89' lang='lat' dir='ltr'><strong>ret</strong></span> <span class='ocrx_word' id='word_1_388' title='bbox 668 3535 726 3588; x_wconf 90' lang='lat' dir='ltr'><strong>in</strong></span> <span class='ocrx_word' id='word_1_389' title='bbox 766 3548 992 3603; x_wconf 85' lang='lat' dir='ltr'><strong>egenos.</strong></span> <span class='ocrx_word' id='word_1_390' title='bbox 1336 3530 1343 3539; x_wconf 85' lang='grc'><em>“</em></span> 
     </span>
    </p>
   </div>
   <div class='ocr_carea' id='block_1_55' title="bbox 612 3735 2124 3810">
    <p class='ocr_par' dir='ltr' id='par_1_55' title="bbox 612 3735 2124 3810">
     <span class='ocr_line' id='line_1_55' title="bbox 612 3735 2124 3810; baseline 0.001 -17"><span class='ocrx_word' id='word_1_391' title='bbox 612 3738 738 3794; x_wconf 78' lang='grc'><strong>205.</strong></span> <span class='ocrx_word' id='word_1_392' title='bbox 778 3736 914 3793; x_wconf 91' lang='lat' dir='ltr'><strong>Cum</strong></span> <span class='ocrx_word' id='word_1_393' title='bbox 946 3735 1114 3807; x_wconf 85' lang='lat' dir='ltr'><strong>igitur</strong></span> <span class='ocrx_word' id='word_1_394' title='bbox 1140 3744 1330 3789; x_wconf 87' lang='lat' dir='ltr'><strong>votum</strong></span> <span class='ocrx_word' id='word_1_395' title='bbox 1374 3737 1726 3806; x_wconf 86' lang='lat' dir='ltr'><strong>impleturus,</strong></span> <span class='ocrx_word' id='word_1_396' title='bbox 1765 3755 1955 3808; x_wconf 85' lang='lat' dir='ltr'><strong>panes,</strong></span> <span class='ocrx_word' id='word_1_397' title='bbox 1983 3756 2124 3810; x_wconf 91' lang='lat' dir='ltr'><strong>quo-</strong></span> 
     </span>
    </p>
   </div>
   <div class='ocr_carea' id='block_1_56' title="bbox 546 3826 2127 3902">
    <p class='ocr_par' dir='ltr' id='par_1_56' title="bbox 546 3826 2127 3902">
     <span class='ocr_line' id='line_1_56' title="bbox 546 3826 2127 3902; baseline 0.001 -19"><span class='ocrx_word' id='word_1_398' title='bbox 546 3844 670 3883; x_wconf 88' lang='lat' dir='ltr'><strong>rum</strong></span> <span class='ocrx_word' id='word_1_399' title='bbox 694 3838 824 3882; x_wconf 90' lang='lat' dir='ltr'><strong>tunc</strong></span> <span class='ocrx_word' id='word_1_400' title='bbox 848 3826 1060 3894; x_wconf 89' lang='lat' dir='ltr'><strong>copiam</strong></span> <span class='ocrx_word' id='word_1_401' title='bbox 1084 3826 1188 3880; x_wconf 90' lang='lat' dir='ltr'><strong>sibi</strong></span> <span class='ocrx_word' id='word_1_402' title='bbox 1217 3838 1657 3897; x_wconf 75' lang='lat' dir='ltr'><strong>comparaverat,</strong></span> <span class='ocrx_word' id='word_1_403' title='bbox 1688 3840 1957 3899; x_wconf 83' lang='lat' dir='ltr'><strong>erogaret,</strong></span> <span class='ocrx_word' id='word_1_404' title='bbox 1990 3833 2127 3902; x_wconf 81' lang='lat' dir='ltr'><strong>jam-</strong></span> 
     </span>
    </p>
   </div>
   <div class='ocr_carea' id='block_1_57' title="bbox 545 3917 2129 3990">
    <p class='ocr_par' dir='ltr' id='par_1_57' title="bbox 545 3917 2129 3990">
     <span class='ocr_line' id='line_1_57' title="bbox 545 3917 2129 3990; baseline 0.001 -17"><span class='ocrx_word' id='word_1_405' title='bbox 545 3935 652 3990; x_wconf 91' lang='lat' dir='ltr'><strong>que</strong></span> <span class='ocrx_word' id='word_1_406' title='bbox 696 3925 1055 3989; x_wconf 88' lang='lat' dir='ltr'><strong>porrecturus</strong></span> <span class='ocrx_word' id='word_1_407' title='bbox 1102 3917 1402 3987; x_wconf 89' lang='lat' dir='ltr'><strong>paralytico</strong></span> <span class='ocrx_word' id='word_1_408' title='bbox 1448 3934 1668 3988; x_wconf 78' lang='lat' dir='ltr'><strong>quoque</strong></span> <span class='ocrx_word' id='word_1_409' title='bbox 1709 3929 1893 3985; x_wconf 89' lang='lat' dir='ltr'><strong>esset;</strong></span> <span class='ocrx_word' id='word_1_410' title='bbox 1936 3930 2129 3975; x_wconf 83' lang='lat' dir='ltr'><strong>exten-</strong></span> 
     </span>
    </p>
   </div>
   <div class='ocr_carea' id='block_1_58' title="bbox 545 4008 2128 4078">
    <p class='ocr_par' dir='ltr' id='par_1_58' title="bbox 545 4008 2128 4078">
     <span class='ocr_line' id='line_1_58' title="bbox 545 4008 2128 4078; baseline 0 -12"><span class='ocrx_word' id='word_1_411' title='bbox 545 4010 708 4066; x_wconf 90' lang='lat' dir='ltr'><strong>dente</strong></span> <span class='ocrx_word' id='word_1_412' title='bbox 726 4009 791 4064; x_wconf 88' lang='lat' dir='ltr'><strong>ad</strong></span> <span class='ocrx_word' id='word_1_413' title='bbox 814 4008 1197 4078; x_wconf 85' lang='lat' dir='ltr'><strong>accipiendum</strong></span> <span class='ocrx_word' id='word_1_414' title='bbox 1218 4024 1441 4062; x_wconf 90' lang='lat' dir='ltr'><strong>manum</strong></span> <span class='ocrx_word' id='word_1_415' title='bbox 1463 4024 1618 4063; x_wconf 90' lang='lat' dir='ltr'><strong>suam</strong></span> <span class='ocrx_word' id='word_1_416' title='bbox 1646 4026 1860 4076; x_wconf 89' lang='lat' dir='ltr'><strong>sorore,</strong></span> <span class='ocrx_word' id='word_1_417' title='bbox 1884 4013 2128 4068; x_wconf 89' lang='lat' dir='ltr'><strong>inhibuit</strong></span> 
     </span>
    </p>
   </div>
   <div class='ocr_carea' id='block_1_59' title="bbox 547 4100 2126 4171">
    <p class='ocr_par' dir='ltr' id='par_1_59' title="bbox 547 4100 2126 4171">
     <span class='ocr_line' id='line_1_59' title="bbox 547 4100 2126 4171; baseline 0 -16"><span class='ocrx_word' id='word_1_418' title='bbox 547 4119 626 4163; x_wconf 76' lang='lat' dir='ltr'><strong>se,</strong></span> <span class='ocrx_word' id='word_1_419' title='bbox 662 4101 930 4156; x_wconf 90' lang='lat' dir='ltr'><strong>mandans</strong></span> <span class='ocrx_word' id='word_1_420' title='bbox 956 4108 1016 4154; x_wconf 92' lang='lat' dir='ltr'><strong>ut</strong></span> <span class='ocrx_word' id='word_1_421' title='bbox 1044 4115 1188 4171; x_wconf 75' lang='lat' dir='ltr'><strong>aeger</strong></span> <span class='ocrx_word' id='word_1_422' title='bbox 1228 4100 1344 4169; x_wconf 90' lang='lat' dir='ltr'><strong>ipse</strong></span> <span class='ocrx_word' id='word_1_423' title='bbox 1378 4100 1838 4170; x_wconf 89' lang='lat' dir='ltr'><strong>apprehenderet.</strong></span> <span class='ocrx_word' id='word_1_424' title='bbox 1875 4103 2126 4158; x_wconf 86' lang='lat' dir='ltr'><strong>Claman-</strong></span> 
     </span>
    </p>
   </div>
   <div class='ocr_carea' id='block_1_60' title="bbox 548 4192 2128 4261">
    <p class='ocr_par' dir='ltr' id='par_1_60' title="bbox 548 4192 2128 4261">
     <span class='ocr_line' id='line_1_60' title="bbox 548 4192 2128 4261; baseline 0 -15"><span class='ocrx_word' id='word_1_425' title='bbox 548 4193 695 4248; x_wconf 87' lang='lat' dir='ltr'><strong>tibus</strong></span> <span class='ocrx_word' id='word_1_426' title='bbox 725 4202 907 4247; x_wconf 90' lang='lat' dir='ltr'><strong>autem</strong></span> <span class='ocrx_word' id='word_1_427' title='bbox 943 4192 1035 4261; x_wconf 92' lang='lat' dir='ltr'><strong>qui</strong></span> <span class='ocrx_word' id='word_1_428' title='bbox 1085 4192 1313 4245; x_wconf 89' lang='lat' dir='ltr'><strong>aderant</strong></span> <span class='ocrx_word' id='word_1_429' title='bbox 1352 4208 1365 4243; x_wconf 92' lang='lat'>:</span> <span class='ocrx_word' id='word_1_430' title='bbox 1402 4192 1593 4246; x_wconf 88' lang='lat' dir='ltr'><strong>Nonne</strong></span> <span class='ocrx_word' id='word_1_431' title='bbox 1635 4193 1805 4255; x_wconf 83' lang='lat' dir='ltr'><strong>vides,</strong></span> <span class='ocrx_word' id='word_1_432' title='bbox 1844 4193 2128 4248; x_wconf 89' lang='lat' dir='ltr'><strong>dissolutis</strong></span> 
     </span>
    </p>
   </div>
   <div class='ocr_carea' id='block_1_61' title="bbox 546 4283 2124 4359">
    <p class='ocr_par' dir='ltr' id='par_1_61' title="bbox 546 4283 2124 4359">
     <span class='ocr_line' id='line_1_61' title="bbox 546 4283 2124 4359; baseline -0.002 -18"><span class='ocrx_word' id='word_1_433' title='bbox 546 4289 723 4359; x_wconf 75' lang='lat' dir='ltr'><strong>jacere</strong></span> <span class='ocrx_word' id='word_1_434' title='bbox 763 4284 969 4349; x_wconf 84' lang='lat' dir='ltr'><strong>nervis,</strong></span> <span class='ocrx_word' id='word_1_435' title='bbox 1000 4284 1357 4352; x_wconf 87' lang='lat' dir='ltr'><strong>impotentem</strong></span> <span class='ocrx_word' id='word_1_436' title='bbox 1394 4283 1486 4351; x_wconf 93' lang='lat' dir='ltr'><strong>qui</strong></span> <span class='ocrx_word' id='word_1_437' title='bbox 1522 4284 1605 4337; x_wconf 87' lang='lat' dir='ltr'><strong>vel</strong></span> <span class='ocrx_word' id='word_1_438' title='bbox 1642 4285 1951 4338; x_wconf 89' lang='lat' dir='ltr'><strong>membrum</strong></span> <span class='ocrx_word' id='word_1_439' title='bbox 1999 4300 2124 4338; x_wconf 85' lang='lat' dir='ltr'><strong>cor-</strong></span> 
     </span>
    </p>
   </div>
   <div class='ocr_carea' id='block_1_62' title="bbox 547 4374 2126 4447">
    <p class='ocr_par' dir='ltr' id='par_1_62' title="bbox 547 4374 2126 4447">
     <span class='ocr_line' id='line_1_62' title="bbox 547 4374 2126 4447; baseline -0.001 -16"><span class='ocrx_word' id='word_1_440' title='bbox 547 4377 699 4447; x_wconf 89' lang='lat' dir='ltr'><strong>poris</strong></span> <span class='ocrx_word' id='word_1_441' title='bbox 738 4377 909 4428; x_wconf 83' lang='lat' dir='ltr'><strong>ullum</strong></span> <span class='ocrx_word' id='word_1_442' title='bbox 948 4375 1030 4426; x_wconf 84' lang='lat' dir='ltr'><strong>vel</strong></span> <span class='ocrx_word' id='word_1_443' title='bbox 1061 4374 1389 4441; x_wconf 83' lang='lat' dir='ltr'><strong>particulam</strong></span> <span class='ocrx_word' id='word_1_444' title='bbox 1416 4375 1670 4427; x_wconf 88' lang='lat' dir='ltr'><strong>moveat?</strong></span> <span class='ocrx_word' id='word_1_445' title='bbox 1698 4374 1980 4429; x_wconf 86' lang='lat' dir='ltr'><strong>conﬁdens</strong></span> <span class='ocrx_word' id='word_1_446' title='bbox 2009 4376 2126 4444; x_wconf 88' lang='lat' dir='ltr'><strong>ipse</strong></span> 
     </span>
    </p>
   </div>
   <div class='ocr_carea' id='block_1_63' title="bbox 546 4465 2124 4535">
    <p class='ocr_par' dir='ltr' id='par_1_63' title="bbox 546 4465 2124 4535">
     <span class='ocr_line' id='line_1_63' title="bbox 546 4465 2124 4535; baseline 0 -12"><span class='ocrx_word' id='word_1_447' title='bbox 546 4470 753 4523; x_wconf 87' lang='lat' dir='ltr'><strong>virtute</strong></span> <span class='ocrx_word' id='word_1_448' title='bbox 802 4465 1038 4535; x_wconf 88' lang='lat' dir='ltr'><strong>Spiritus</strong></span> <span class='ocrx_word' id='word_1_449' title='bbox 1114 4465 1288 4518; x_wconf 88' lang='lat' dir='ltr'><strong>sancti</strong></span> <span class='ocrx_word' id='word_1_450' title='bbox 1354 4465 1701 4535; x_wconf 80' lang='lat' dir='ltr'><strong>Symeonem.</strong></span> <span class='ocrx_word' id='word_1_451' title='bbox 1735 4466 2124 4531; x_wconf 87' lang='lat' dir='ltr'><strong>inhabitantis,</strong></span> 
     </span>
    </p>
   </div>
   <div class='ocr_carea' id='block_1_64' title="bbox 548 4555 2122 4636">
    <p class='ocr_par' dir='ltr' id='par_1_64' title="bbox 548 4555 2122 4636">
     <span class='ocr_line' id='line_1_64' title="bbox 548 4555 2122 4636; baseline -0.001 -25"><span class='ocrx_word' id='word_1_452' title='bbox 548 4569 661 4623; x_wconf 87' lang='lat' dir='ltr'><strong>aut,</strong></span> <span class='ocrx_word' id='word_1_453' title='bbox 703 4556 856 4636; x_wconf 31' lang='lat' dir='ltr'><strong>quod,</strong></span> <span class='ocrx_word' id='word_1_454' title='bbox 893 4555 1216 4611; x_wconf 86' lang='lat' dir='ltr'><strong>credibilius</strong></span> <span class='ocrx_word' id='word_1_455' title='bbox 1255 4563 1360 4615; x_wconf 88' lang='lat' dir='ltr'><strong>est,</strong></span> <span class='ocrx_word' id='word_1_456' title='bbox 1397 4555 1570 4624; x_wconf 87' lang='lat' dir='ltr'><strong>ipsius</strong></span> <span class='ocrx_word' id='word_1_457' title='bbox 1607 4556 1838 4625; x_wconf 89' lang='lat' dir='ltr'><strong>spiritus</strong></span> <span class='ocrx_word' id='word_1_458' title='bbox 1864 4557 2122 4626; x_wconf 86' lang='lat' dir='ltr'><strong>impulsu,</strong></span> 
     </span>
    </p>
   </div>
   <div class='ocr_carea' id='block_1_65' title="bbox 545 4636 2120 4721">
    <p class='ocr_par' dir='ltr' id='par_1_65' title="bbox 545 4636 2120 4721">
     <span class='ocr_line' id='line_1_65' title="bbox 545 4636 2120 4721; baseline -0.002 -15"><span class='ocrx_word' id='word_1_459' title='bbox 545 4666 709 4721; x_wconf 90' lang='lat' dir='ltr'><strong>quam</strong></span> <span class='ocrx_word' id='word_1_460' title='bbox 751 4648 929 4719; x_wconf 91' lang='lat' dir='ltr'><strong>potuit</strong></span> <span class='ocrx_word' id='word_1_461' title='bbox 965 4648 1268 4702; x_wconf 90' lang='lat' dir='ltr'><strong>clarissima</strong></span> <span class='ocrx_word' id='word_1_462' title='bbox 1311 4636 1447 4702; x_wconf 76' lang='lat' dir='ltr'><strong>voce</strong></span> <span class='ocrx_word' id='word_1_463' title='bbox 1485 4666 1497 4700; x_wconf 88' lang='lat'><strong>:</strong></span> <span class='ocrx_word' id='word_1_464' title='bbox 1537 4648 1593 4702; x_wconf 90' lang='lat' dir='ltr'><strong>In</strong></span> <span class='ocrx_word' id='word_1_465' title='bbox 1633 4649 1878 4711; x_wconf 87' lang='lat' dir='ltr'><strong>nomine,</strong></span> <span class='ocrx_word' id='word_1_466' title='bbox 1922 4650 2120 4718; x_wconf 91' lang='lat' dir='ltr'><strong>inquit,</strong></span> 
     </span>
    </p>
   </div>
   <div class='ocr_carea' id='block_1_66' title="bbox 548 4738 2120 4809">
    <p class='ocr_par' dir='ltr' id='par_1_66' title="bbox 548 4738 2120 4809">
     <span class='ocr_line' id='line_1_66' title="bbox 548 4738 2120 4809; baseline -0.004 -12"><span class='ocrx_word' id='word_1_467' title='bbox 548 4741 693 4797; x_wconf 87' lang='lat' dir='ltr'><strong>servi</strong></span> <span class='ocrx_word' id='word_1_468' title='bbox 722 4741 817 4795; x_wconf 92' lang='lat' dir='ltr'><strong>Dei</strong></span> <span class='ocrx_word' id='word_1_469' title='bbox 842 4739 1148 4809; x_wconf 87' lang='lat' dir='ltr'><strong>Symeonis,</strong></span> <span class='ocrx_word' id='word_1_470' title='bbox 1174 4738 1268 4807; x_wconf 87' lang='lat' dir='ltr'><strong>qui</strong></span> <span class='ocrx_word' id='word_1_471' title='bbox 1294 4740 1349 4792; x_wconf 93' lang='lat' dir='ltr'><strong>in</strong></span> <span class='ocrx_word' id='word_1_472' title='bbox 1376 4739 1614 4792; x_wconf 90' lang='lat' dir='ltr'><strong>mirabili</strong></span> <span class='ocrx_word' id='word_1_473' title='bbox 1640 4747 1887 4792; x_wconf 90' lang='lat' dir='ltr'><strong>moratur</strong></span> <span class='ocrx_word' id='word_1_474' title='bbox 1906 4749 2120 4803; x_wconf 90' lang='lat' dir='ltr'><strong>monte;</strong></span> 
     </span>
    </p>
   </div>
   <div class='ocr_carea' id='block_1_67' title="bbox 546 4829 2125 4902">
    <p class='ocr_par' dir='ltr' id='par_1_67' title="bbox 546 4829 2125 4902">
     <span class='ocr_line' id='line_1_67' title="bbox 546 4829 2125 4902; baseline -0.002 -15"><span class='ocrx_word' id='word_1_475' title='bbox 546 4842 601 4887; x_wconf 90' lang='lat' dir='ltr'><strong>et</strong></span> <span class='ocrx_word' id='word_1_476' title='bbox 636 4832 730 4902; x_wconf 90' lang='lat' dir='ltr'><strong>qui</strong></span> <span class='ocrx_word' id='word_1_477' title='bbox 760 4847 845 4885; x_wconf 93' lang='lat' dir='ltr'><strong>me</strong></span> <span class='ocrx_word' id='word_1_478' title='bbox 870 4846 1072 4887; x_wconf 84' lang='lat' dir='ltr'><strong>caecum</strong></span> <span class='ocrx_word' id='word_1_479' title='bbox 1104 4829 1293 4885; x_wconf 85' lang='lat' dir='ltr'><strong>videre</strong></span> <span class='ocrx_word' id='word_1_480' title='bbox 1324 4830 1474 4891; x_wconf 81' lang='lat' dir='ltr'><strong>fecit,</strong></span> <span class='ocrx_word' id='word_1_481' title='bbox 1507 4830 1741 4884; x_wconf 78' lang='lat' dir='ltr'><strong>extende</strong></span> <span class='ocrx_word' id='word_1_482' title='bbox 1772 4846 1966 4884; x_wconf 88' lang='lat' dir='ltr'><strong>manus</strong></span> <span class='ocrx_word' id='word_1_483' title='bbox 2004 4838 2125 4885; x_wconf 87' lang='lat' dir='ltr'><strong>tuas</strong></span> 
     </span>
    </p>
   </div>
   <div class='ocr_carea' id='block_1_68' title="bbox 548 4920 2123 4991">
    <p class='ocr_par' dir='ltr' id='par_1_68' title="bbox 548 4920 2123 4991">
     <span class='ocr_line' id='line_1_68' title="bbox 548 4920 2123 4991; baseline -0.003 -14"><span class='ocrx_word' id='word_1_484' title='bbox 548 4931 605 4977; x_wconf 89' lang='lat' dir='ltr'><strong>et</strong></span> <span class='ocrx_word' id='word_1_485' title='bbox 652 4923 839 4991; x_wconf 90' lang='lat' dir='ltr'><strong>accipe</strong></span> <span class='ocrx_word' id='word_1_486' title='bbox 894 4921 1360 4976; x_wconf 86' lang='lat' dir='ltr'><strong>benedictionem.</strong></span> <span class='ocrx_word' id='word_1_487' title='bbox 1408 4920 1543 4975; x_wconf 88' lang='lat' dir='ltr'><strong>Cum</strong></span> <span class='ocrx_word' id='word_1_488' title='bbox 1603 4921 1753 4975; x_wconf 91' lang='lat' dir='ltr'><strong>illico</strong></span> <span class='ocrx_word' id='word_1_489' title='bbox 1804 4920 2123 4989; x_wconf 89' lang='lat' dir='ltr'><strong>(quomodo,</strong></span> 
     </span>
    </p>
   </div>
   <div class='ocr_carea' id='block_1_69' title="bbox 549 5009 2122 5078">
    <p class='ocr_par' dir='ltr' id='par_1_69' title="bbox 549 5009 2122 5078">
     <span class='ocr_line' id='line_1_69' title="bbox 549 5009 2122 5078; baseline -0.005 -9"><span class='ocrx_word' id='word_1_490' title='bbox 549 5013 872 5070; x_wconf 85' lang='lat' dir='ltr'><strong>immortalis</strong></span> <span class='ocrx_word' id='word_1_491' title='bbox 914 5012 1143 5066; x_wconf 88' lang='lat' dir='ltr'><strong>Domine</strong></span> <span class='ocrx_word' id='word_1_492' title='bbox 1163 5053 1177 5076; x_wconf 94' lang='lat'><strong>,</strong></span> <span class='ocrx_word' id='word_1_493' title='bbox 1212 5010 1444 5064; x_wconf 90' lang='lat' dir='ltr'><strong>cantabo</strong></span> <span class='ocrx_word' id='word_1_494' title='bbox 1469 5009 1898 5063; x_wconf 87' lang='lat' dir='ltr'><strong>miscricordiam</strong></span> <span class='ocrx_word' id='word_1_495' title='bbox 1916 5019 2061 5062; x_wconf 88' lang='lat' dir='ltr'><strong>tuam</strong></span> <span class='ocrx_word' id='word_1_496' title='bbox 2084 5011 2122 5078; x_wconf 80' lang='lat' dir='ltr'><strong>l)</strong></span> 
     </span>
    </p>
   </div>
   <div class='ocr_carea' id='block_1_70' title="bbox 2310 1888 3845 1967">
    <p class='ocr_par' dir='ltr' id='par_1_70' title="bbox 2310 1888 3845 1967">
     <span class='ocr_line' id='line_1_70' title="bbox 2310 1888 3845 1967; baseline -0.002 -19"><span class='ocrx_word' id='word_1_497' title='bbox 2310 1897 2410 1967; x_wconf 84' lang='grc' dir='ltr'><strong>σβ⁹.</strong></span> <span class='ocrx_word' id='word_1_498' title='bbox 2455 1896 2746 1962; x_wconf 79' lang='grc' dir='ltr'>Ἀράμενοι</span> <span class='ocrx_word' id='word_1_499' title='bbox 2778 1892 3069 1963; x_wconf 83' lang='grc' dir='ltr'>τοιγαροῦν</span> <span class='ocrx_word' id='word_1_500' title='bbox 3099 1888 3257 1956; x_wconf 79' lang='grc' dir='ltr'>αὖθις</span> <span class='ocrx_word' id='word_1_501' title='bbox 3304 1893 3493 1945; x_wconf 80' lang='grc' dir='ltr'>αὑτὸν</span> <span class='ocrx_word' id='word_1_502' title='bbox 3531 1896 3594 1946; x_wconf 80' lang='grc' dir='ltr'>οξ</span> <span class='ocrx_word' id='word_1_503' title='bbox 3641 1895 3845 1960; x_wconf 59' lang='grc' dir='ltr'>ἑταῖροι,</span> 
     </span>
    </p>
   </div>
   <div class='ocr_carea' id='block_1_71' title="bbox 2236 1985 3845 2058">
    <p class='ocr_par' dir='ltr' id='par_1_71' title="bbox 2236 1985 3845 2058">
     <span class='ocr_line' id='line_1_71' title="bbox 2236 1985 3845 2058; baseline -0.001 -19"><span class='ocrx_word' id='word_1_504' title='bbox 2236 1988 2550 2058; x_wconf 80' lang='grc' dir='ltr'>κομίζουσιν</span> <span class='ocrx_word' id='word_1_505' title='bbox 2598 1985 2784 2039; x_wconf 77' lang='grc' dir='ltr'>οἴκαδε</span> <span class='ocrx_word' id='word_1_506' title='bbox 2809 2001 2823 2015; x_wconf 93' lang='grc'><strong>·</strong></span> <span class='ocrx_word' id='word_1_507' title='bbox 2849 1987 2879 2038; x_wconf 87' lang='grc' dir='ltr'><strong>ό</strong></span> <span class='ocrx_word' id='word_1_508' title='bbox 2905 1986 2964 2038; x_wconf 76' lang='grc' dir='ltr'>δὲ</span> <span class='ocrx_word' id='word_1_509' title='bbox 2996 1986 3175 2056; x_wconf 80' lang='grc' dir='ltr'><strong>πάσης</strong></span> <span class='ocrx_word' id='word_1_510' title='bbox 3200 1986 3496 2051; x_wconf 69' lang='grc' dir='ltr'>ἀπογνοῦς</span> <span class='ocrx_word' id='word_1_511' title='bbox 3530 1985 3845 2057; x_wconf 76' lang='grc' dir='ltr'>θεραπείας,</span> 
     </span>
    </p>
   </div>
   <div class='ocr_carea' id='block_1_72' title="bbox 2233 2075 3841 2146">
    <p class='ocr_par' dir='ltr' id='par_1_72' title="bbox 2233 2075 3841 2146">
     <span class='ocr_line' id='line_1_72' title="bbox 2233 2075 3841 2146; baseline -0.001 -18"><span class='ocrx_word' id='word_1_512' title='bbox 2233 2075 2434 2139; x_wconf 70' lang='grc' dir='ltr'>ἔκειτο,</span> <span class='ocrx_word' id='word_1_513' title='bbox 2474 2075 2873 2146; x_wconf 72' lang='grc' dir='ltr'>προσαιτοῦσι-αν</span> <span class='ocrx_word' id='word_1_514' title='bbox 2902 2075 3041 2145; x_wconf 80' lang='grc' dir='ltr'>ἔχων</span> <span class='ocrx_word' id='word_1_515' title='bbox 3078 2077 3177 2145; x_wconf 81' lang='grc' dir='ltr'>τὴν</span> <span class='ocrx_word' id='word_1_516' title='bbox 3219 2077 3502 2146; x_wconf 77' lang='grc' dir='ltr'>ἀδελφὴν,</span> <span class='ocrx_word' id='word_1_517' title='bbox 3556 2076 3841 2128; x_wconf 64' lang='grc' dir='ltr'>κὰντεῦθεπ</span> 
     </span>
    </p>
   </div>
   <div class='ocr_carea' id='block_1_73' title="bbox 2233 2165 3840 2237">
    <p class='ocr_par' dir='ltr' id='par_1_73' title="bbox 2233 2165 3840 2237">
     <span class='ocr_line' id='line_1_73' title="bbox 2233 2165 3840 2237; baseline 0.002 -19"><span class='ocrx_word' id='word_1_518' title='bbox 2233 2166 2381 2236; x_wconf 84' lang='grc' dir='ltr'><strong>αὐτῷ</strong></span> <span class='ocrx_word' id='word_1_519' title='bbox 2408 2165 2478 2218; x_wconf 78' lang='grc' dir='ltr'>τὰ</span> <span class='ocrx_word' id='word_1_520' title='bbox 2502 2166 2638 2236; x_wconf 78' lang='grc' dir='ltr'>πρὸς</span> <span class='ocrx_word' id='word_1_521' title='bbox 2666 2167 2727 2219; x_wconf 85' lang='grc' dir='ltr'><strong>τὸ</strong></span> <span class='ocrx_word' id='word_1_522' title='bbox 2754 2168 2855 2237; x_wconf 79' lang='grc' dir='ltr'>ζῇν</span> <span class='ocrx_word' id='word_1_523' title='bbox 2879 2166 3245 2237; x_wconf 80' lang='grc' dir='ltr'>ὲπαρκοῦσαν.</span> <span class='ocrx_word' id='word_1_524' title='bbox 3276 2169 3450 2232; x_wconf 83' lang='grc' dir='ltr'>Ἔτος</span> <span class='ocrx_word' id='word_1_525' title='bbox 3484 2169 3611 2237; x_wconf 80' lang='grc' dir='ltr'>μὲν</span> <span class='ocrx_word' id='word_1_526' title='bbox 3643 2169 3742 2221; x_wconf 77' lang='grc' dir='ltr'>οὖν</span> <span class='ocrx_word' id='word_1_527' title='bbox 3768 2170 3840 2237; x_wconf 45' lang='lat' dir='ltr'><strong>ait,</strong></span> 
     </span>
    </p>
   </div>
   <div class='ocr_carea' id='block_1_74' title="bbox 2232 2256 3840 2332">
    <p class='ocr_par' dir='ltr' id='par_1_74' title="bbox 2232 2256 3840 2332">
     <span class='ocr_line' id='line_1_74' title="bbox 2232 2256 3840 2332; baseline 0.002 -23"><span class='ocrx_word' id='word_1_528' title='bbox 2232 2256 2417 2327; x_wconf 88' lang='grc' dir='ltr'>τρίτον</span> <span class='ocrx_word' id='word_1_529' title='bbox 2459 2257 2646 2325; x_wconf 81' lang='grc' dir='ltr'><strong>ἐνέστη</strong></span> <span class='ocrx_word' id='word_1_530' title='bbox 2696 2258 2969 2326; x_wconf 78' lang='grc' dir='ltr'>κειμένῳο</span> <span class='ocrx_word' id='word_1_531' title='bbox 3011 2257 3405 2326; x_wconf 73' lang='grc' dir='ltr'>ἀπαγορεύσας</span> <span class='ocrx_word' id='word_1_532' title='bbox 3453 2260 3523 2311; x_wconf 77' lang='grc' dir='ltr'>δὲ</span> <span class='ocrx_word' id='word_1_533' title='bbox 3576 2261 3691 2332; x_wconf 68' lang='grc' dir='ltr'><strong>ἥδη</strong></span> <span class='ocrx_word' id='word_1_534' title='bbox 3730 2262 3840 2331; x_wconf 70' lang='grc' dir='ltr'>προς</span> 
     </span>
    </p>
   </div>
   <div class='ocr_carea' id='block_1_75' title="bbox 2232 2348 3839 2419">
    <p class='ocr_par' dir='ltr' id='par_1_75' title="bbox 2232 2348 3839 2419">
     <span class='ocr_line' id='line_1_75' title="bbox 2232 2348 3839 2419; baseline 0.002 -17"><span class='ocrx_word' id='word_1_535' title='bbox 2232 2350 2335 2419; x_wconf 84' lang='grc' dir='ltr'><strong>τὴν</strong></span> <span class='ocrx_word' id='word_1_536' title='bbox 2366 2348 2585 2419; x_wconf 86' lang='grc' dir='ltr'>χρονίαν</span> <span class='ocrx_word' id='word_1_537' title='bbox 2615 2348 2756 2402; x_wconf 76' lang='grc' dir='ltr'>οὕτω</span> <span class='ocrx_word' id='word_1_538' title='bbox 2786 2351 3019 2419; x_wconf 79' lang='grc' dir='ltr'>πάρεσιν</span> <span class='ocrx_word' id='word_1_539' title='bbox 3056 2351 3152 2402; x_wconf 77' lang='grc' dir='ltr'><strong>καὶ</strong></span> <span class='ocrx_word' id='word_1_540' title='bbox 3179 2352 3365 2415; x_wconf 74' lang='grc' dir='ltr'>αὐτὸς,</span> <span class='ocrx_word' id='word_1_541' title='bbox 3408 2354 3523 2404; x_wconf 76' lang='grc' dir='ltr'><strong>καὶ</strong></span> <span class='ocrx_word' id='word_1_542' title='bbox 3560 2356 3737 2418; x_wconf 67' lang='grc' dir='ltr'>γνοὺς</span> <span class='ocrx_word' id='word_1_543' title='bbox 3762 2354 3839 2418; x_wconf 62' lang='grc' dir='ltr'>τῆς</span> 
     </span>
    </p>
   </div>
   <div class='ocr_carea' id='block_1_76' title="bbox 2233 2439 3836 2513">
    <p class='ocr_par' dir='ltr' id='par_1_76' title="bbox 2233 2439 3836 2513">
     <span class='ocr_line' id='line_1_76' title="bbox 2233 2439 3836 2513; baseline 0.004 -20"><span class='ocrx_word' id='word_1_544' title='bbox 2233 2440 2326 2493; x_wconf 74' lang='grc' dir='ltr'><strong>ἐπὶ</strong></span> <span class='ocrx_word' id='word_1_545' title='bbox 2364 2440 2434 2492; x_wconf 85' lang='grc' dir='ltr'>τὰ</span> <span class='ocrx_word' id='word_1_546' title='bbox 2478 2440 2672 2492; x_wconf 73' lang='grc' dir='ltr'>εἴδωλα</span> <span class='ocrx_word' id='word_1_547' title='bbox 2704 2439 2914 2508; x_wconf 79' lang='grc' dir='ltr'><strong>πλάνης</strong></span> <span class='ocrx_word' id='word_1_548' title='bbox 2962 2441 3129 2509; x_wconf 73' lang='grc' dir='ltr'>μηδὲν</span> <span class='ocrx_word' id='word_1_549' title='bbox 3160 2441 3520 2511; x_wconf 73' lang='grc' dir='ltr'>ὠφελῆσθαι,</span> <span class='ocrx_word' id='word_1_550' title='bbox 3562 2446 3689 2498; x_wconf 85' lang='grc' dir='ltr'>δεῖν</span> <span class='ocrx_word' id='word_1_551' title='bbox 3720 2449 3836 2513; x_wconf 58' lang='grc' dir='ltr'>ἔταξε</span> 
     </span>
    </p>
   </div>
   <div class='ocr_carea' id='block_1_77' title="bbox 2200 2531 3834 2603">
    <p class='ocr_par' dir='ltr' id='par_1_77' title="bbox 2200 2531 3834 2603">
     <span class='ocr_line' id='line_1_77' title="bbox 2200 2531 3834 2603; baseline 0.003 -19"><span class='ocrx_word' id='word_1_552' title='bbox 2200 2532 2294 2596; x_wconf 66' lang='grc' dir='ltr'><strong>,τὸ</strong></span> <span class='ocrx_word' id='word_1_553' title='bbox 2338 2531 2502 2595; x_wconf 85' lang='grc' dir='ltr'>σέϐας</span> <span class='ocrx_word' id='word_1_554' title='bbox 2553 2533 2897 2602; x_wconf 79' lang='grc' dir='ltr'>μεταϐαλεῖν,</span> <span class='ocrx_word' id='word_1_555' title='bbox 2952 2535 3270 2603; x_wconf 82' lang='grc' dir='ltr'>κινήσαντος</span> <span class='ocrx_word' id='word_1_556' title='bbox 3327 2536 3464 2600; x_wconf 79' lang='grc' dir='ltr'>ἴσως</span> <span class='ocrx_word' id='word_1_557' title='bbox 3538 2540 3719 2591; x_wconf 63' lang='grc' dir='ltr'>αὐτὲν</span> <span class='ocrx_word' id='word_1_558' title='bbox 3761 2544 3834 2591; x_wconf 67' lang='grc' dir='ltr'><strong>καὶ</strong></span> 
     </span>
    </p>
   </div>
   <div class='ocr_carea' id='block_1_78' title="bbox 2233 2617 3834 2701">
    <p class='ocr_par' dir='ltr' id='par_1_78' title="bbox 2233 2617 3834 2701">
     <span class='ocr_line' id='line_1_78' title="bbox 2233 2617 3834 2701; baseline 0.005 -27"><span class='ocrx_word' id='word_1_559' title='bbox 2233 2621 2366 2675; x_wconf 79' lang='grc' dir='ltr'>Θεοῦ</span> <span class='ocrx_word' id='word_1_560' title='bbox 2396 2617 2505 2691; x_wconf 73' lang='grc' dir='ltr'>(οἷα</span> <span class='ocrx_word' id='word_1_561' title='bbox 2534 2623 2603 2677; x_wconf 82' lang='grc' dir='ltr'>τὰ</span> <span class='ocrx_word' id='word_1_562' title='bbox 2631 2624 2842 2677; x_wconf 77' lang='grc' dir='ltr'>ἐκείνου</span> <span class='ocrx_word' id='word_1_563' title='bbox 2877 2623 3211 2694; x_wconf 78' lang='grc' dir='ltr'>κρίματαῑ),</span> <span class='ocrx_word' id='word_1_564' title='bbox 3245 2625 3333 2678; x_wconf 84' lang='grc' dir='ltr'><strong>ἴνα</strong></span> <span class='ocrx_word' id='word_1_565' title='bbox 3371 2628 3459 2696; x_wconf 78' lang='grc' dir='ltr'><strong>τῷ</strong></span> <span class='ocrx_word' id='word_1_566' title='bbox 3508 2632 3730 2701; x_wconf 76' lang='grc' dir='ltr'>χρονίῳ</span> <span class='ocrx_word' id='word_1_567' title='bbox 3752 2631 3834 2695; x_wconf 64' lang='grc' dir='ltr'>τῆς</span> 
     </span>
    </p>
   </div>
   <div class='ocr_carea' id='block_1_79' title="bbox 2236 2714 3832 2789">
    <p class='ocr_par' dir='ltr' id='par_1_79' title="bbox 2236 2714 3832 2789">
     <span class='ocr_line' id='line_1_79' title="bbox 2236 2714 3832 2789; baseline 0.003 -21"><span class='ocrx_word' id='word_1_568' title='bbox 2236 2715 2500 2784; x_wconf 83' lang='grc' dir='ltr'>μάστιγος</span> <span class='ocrx_word' id='word_1_569' title='bbox 2542 2714 2747 2785; x_wconf 78' lang='grc' dir='ltr'>ἑλκύσῃ</span> <span class='ocrx_word' id='word_1_570' title='bbox 2781 2714 2919 2785; x_wconf 81' lang='grc' dir='ltr'>πρὸς</span> <span class='ocrx_word' id='word_1_571' title='bbox 2952 2717 3163 2768; x_wconf 82' lang='grc' dir='ltr'>ἑαυτόν.</span> <span class='ocrx_word' id='word_1_572' title='bbox 3199 2716 3361 2779; x_wconf 83' lang='grc' dir='ltr'>Ὄλος</span> <span class='ocrx_word' id='word_1_573' title='bbox 3410 2722 3734 2789; x_wconf 66' lang='grc' dir='ltr'>τοιγαροῦν</span> <span class='ocrx_word' id='word_1_574' title='bbox 3753 2722 3832 2788; x_wconf 52' lang='grc' dir='ltr'>ὣς</span> 
     </span>
    </p>
   </div>
   <div class='ocr_carea' id='block_1_80' title="bbox 2232 2805 3833 2882">
    <p class='ocr_par' dir='ltr' id='par_1_80' title="bbox 2232 2805 3833 2882">
     <span class='ocr_line' id='line_1_80' title="bbox 2232 2805 3833 2882; baseline 0.002 -26"><span class='ocrx_word' id='word_1_575' title='bbox 2232 2805 2458 2875; x_wconf 81' lang='grc' dir='ltr'>δυνάμει</span> <span class='ocrx_word' id='word_1_576' title='bbox 2506 2805 2802 2868; x_wconf 80' lang='grc' dir='ltr'>πιστεύσας</span> <span class='ocrx_word' id='word_1_577' title='bbox 2854 2805 2995 2875; x_wconf 80' lang='grc' dir='ltr'>Θεῷ,</span> <span class='ocrx_word' id='word_1_578' title='bbox 3053 2808 3219 2860; x_wconf 81' lang='grc' dir='ltr'>ἐδεῖτο</span> <span class='ocrx_word' id='word_1_579' title='bbox 3274 2807 3507 2882; x_wconf 79' lang='grc' dir='ltr'><strong>νύκτωρ</strong></span> <span class='ocrx_word' id='word_1_580' title='bbox 3574 2813 3680 2864; x_wconf 73' lang='grc' dir='ltr'><strong>καὶ</strong></span> <span class='ocrx_word' id='word_1_581' title='bbox 3728 2810 3833 2882; x_wconf 63' lang='grc' dir='ltr'>μευ</span> 
     </span>
    </p>
   </div>
   <div class='ocr_carea' id='block_1_81' title="bbox 2233 2896 3831 2970">
    <p class='ocr_par' dir='ltr' id='par_1_81' title="bbox 2233 2896 3831 2970">
     <span class='ocr_line' id='line_1_81' title="bbox 2233 2896 3831 2970; baseline 0.001 -21"><span class='ocrx_word' id='word_1_582' title='bbox 2233 2897 2448 2967; x_wconf 81' lang='grc' dir='ltr'>ἡμέραν</span> <span class='ocrx_word' id='word_1_583' title='bbox 2495 2896 2682 2956; x_wconf 80' lang='grc' dir='ltr'>αὐτοῦ,</span> <span class='ocrx_word' id='word_1_584' title='bbox 2722 2897 2918 2967; x_wconf 80' lang='grc' dir='ltr'>μεσίτῃ</span> <span class='ocrx_word' id='word_1_585' title='bbox 2967 2897 3044 2965; x_wconf 82' lang='grc' dir='ltr'><strong>τῷ</strong></span> <span class='ocrx_word' id='word_1_586' title='bbox 3097 2896 3324 2967; x_wconf 85' lang='grc' dir='ltr'>Συμεὼν</span> <span class='ocrx_word' id='word_1_587' title='bbox 3371 2899 3710 2970; x_wconf 68' lang='grc' dir='ltr'>χρώμενος,</span> <span class='ocrx_word' id='word_1_588' title='bbox 3748 2903 3831 2969; x_wconf 69' lang='grc' dir='ltr'><strong>τῆς</strong></span> 
     </span>
    </p>
   </div>
   <div class='ocr_carea' id='block_1_82' title="bbox 2233 2989 3827 3062">
    <p class='ocr_par' dir='ltr' id='par_1_82' title="bbox 2233 2989 3827 3062">
     <span class='ocr_line' id='line_1_82' title="bbox 2233 2989 3827 3062; baseline 0.002 -20"><span class='ocrx_word' id='word_1_589' title='bbox 2233 2989 2519 3058; x_wconf 85' lang='grc' dir='ltr'>παρέσεως</span> <span class='ocrx_word' id='word_1_590' title='bbox 2565 2990 2843 3060; x_wconf 78' lang='grc' dir='ltr'>ἀνεθῆναι.</span> <span class='ocrx_word' id='word_1_591' title='bbox 2893 2989 3096 3060; x_wconf 86' lang='grc' dir='ltr'>Συνέϐη</span> <span class='ocrx_word' id='word_1_592' title='bbox 3139 2989 3182 3040; x_wconf 82' lang='grc' dir='ltr'>δ’</span> <span class='ocrx_word' id='word_1_593' title='bbox 3218 2994 3274 3042; x_wconf 84' lang='grc' dir='ltr'>ὲν</span> <span class='ocrx_word' id='word_1_594' title='bbox 3313 2990 3524 3062; x_wconf 74' lang='grc' dir='ltr'>τούτῳ,</span> <span class='ocrx_word' id='word_1_595' title='bbox 3579 2996 3707 3047; x_wconf 79' lang='grc' dir='ltr'>τινὰ</span> <span class='ocrx_word' id='word_1_596' title='bbox 3733 2996 3827 3047; x_wconf 72' lang='grc' dir='ltr'>τέν</span> 
     </span>
    </p>
   </div>
   <div class='ocr_carea' id='block_1_83' title="bbox 2232 3079 3827 3155">
    <p class='ocr_par' dir='ltr' id='par_1_83' title="bbox 2232 3079 3827 3155">
     <span class='ocr_line' id='line_1_83' title="bbox 2232 3079 3827 3155; baseline 0.002 -23"><span class='ocrx_word' id='word_1_597' title='bbox 2232 3081 2335 3134; x_wconf 88' lang='grc' dir='ltr'><strong>ἀνὰ</strong></span> <span class='ocrx_word' id='word_1_598' title='bbox 2357 3080 2454 3149; x_wconf 81' lang='grc' dir='ltr'>τὴν</span> <span class='ocrx_word' id='word_1_599' title='bbox 2476 3079 2656 3150; x_wconf 82' lang='grc' dir='ltr'>χώραν</span> <span class='ocrx_word' id='word_1_600' title='bbox 2679 3079 2891 3147; x_wconf 80' lang='grc' dir='ltr'>ἐκείνην</span> <span class='ocrx_word' id='word_1_601' title='bbox 2920 3079 3136 3147; x_wconf 78' lang='grc' dir='ltr'>τυφλῶν</span> <span class='ocrx_word' id='word_1_602' title='bbox 3152 3082 3537 3148; x_wconf 82' lang='grc' dir='ltr'>προσελθόντα</span> <span class='ocrx_word' id='word_1_603' title='bbox 3568 3085 3656 3155; x_wconf 80' lang='grc' dir='ltr'><strong>τῷ</strong></span> <span class='ocrx_word' id='word_1_604' title='bbox 3680 3088 3827 3153; x_wconf 66' lang='grc' dir='ltr'><strong>’Δτξῳ</strong></span> 
     </span>
    </p>
   </div>
   <div class='ocr_carea' id='block_1_84' title="bbox 2232 3171 3823 3245">
    <p class='ocr_par' dir='ltr' id='par_1_84' title="bbox 2232 3171 3823 3245">
     <span class='ocr_line' id='line_1_84' title="bbox 2232 3171 3823 3245; baseline 0.002 -19"><span class='ocrx_word' id='word_1_605' title='bbox 2232 3174 2462 3237; x_wconf 82' lang='grc' dir='ltr'>πιστῶς,</span> <span class='ocrx_word' id='word_1_606' title='bbox 2516 3174 2624 3243; x_wconf 73' lang='grc' dir='ltr'><strong>ἀφῇ</strong></span> <span class='ocrx_word' id='word_1_607' title='bbox 2676 3171 2868 3225; x_wconf 82' lang='grc' dir='ltr'>τούτου</span> <span class='ocrx_word' id='word_1_608' title='bbox 2930 3173 3023 3224; x_wconf 76' lang='grc' dir='ltr'>καὶ</span> <span class='ocrx_word' id='word_1_609' title='bbox 3076 3173 3334 3242; x_wconf 74' lang='grc' dir='ltr'>σφραγῖδι</span> <span class='ocrx_word' id='word_1_610' title='bbox 3393 3174 3630 3245; x_wconf 71' lang='grc' dir='ltr'>βλέψαι.</span> <span class='ocrx_word' id='word_1_611' title='bbox 3671 3173 3823 3240; x_wconf 63' lang='grc' dir='ltr'>Οὖτις</span> 
     </span>
    </p>
   </div>
   <div class='ocr_carea' id='block_1_85' title="bbox 3045 3263 3819 3336">
    <p class='ocr_par' dir='ltr' id='par_1_85' title="bbox 3045 3263 3819 3336">
     <span class='ocr_line' id='line_1_85' title="bbox 3045 3263 3819 3336; baseline 0.009 -22"><span class='ocrx_word' id='word_1_612' title='bbox 3045 3263 3119 3333; x_wconf 87' lang='grc' dir='ltr'>(τί</span> <span class='ocrx_word' id='word_1_613' title='bbox 3192 3264 3304 3334; x_wconf 81' lang='grc' dir='ltr'><strong>γὰρ</strong></span> <span class='ocrx_word' id='word_1_614' title='bbox 3353 3266 3673 3336; x_wconf 75' lang='grc' dir='ltr'>ὀφθαλμῶν</span> <span class='ocrx_word' id='word_1_615' title='bbox 3724 3270 3819 3321; x_wconf 78' lang='grc' dir='ltr'><strong>ἱπ-</strong></span> 
     </span>
    </p>
   </div>
   <div class='ocr_carea' id='block_1_86' title="bbox 2229 3353 3816 3430">
    <p class='ocr_par' dir='ltr' id='par_1_86' title="bbox 2229 3353 3816 3430">
     <span class='ocr_line' id='line_1_86' title="bbox 2229 3353 3816 3430; baseline -0.001 -20"><span class='ocrx_word' id='word_1_616' title='bbox 2229 3359 2479 3422; x_wconf 84' lang='grc' dir='ltr'>στάσιον;</span> <span class='ocrx_word' id='word_1_617' title='bbox 2499 3357 2540 3425; x_wconf 86' lang='grc'>),</span> <span class='ocrx_word' id='word_1_618' title='bbox 2564 3354 2803 3408; x_wconf 77' lang='grc' dir='ltr'>τοιοῦτον</span> <span class='ocrx_word' id='word_1_619' title='bbox 2832 3353 3007 3424; x_wconf 79' lang='grc' dir='ltr'>ἐαυτῷ</span> <span class='ocrx_word' id='word_1_620' title='bbox 3043 3355 3229 3425; x_wconf 80' lang='grc' dir='ltr'>τίθησι</span> <span class='ocrx_word' id='word_1_621' title='bbox 3261 3357 3457 3424; x_wconf 88' lang='grc' dir='ltr'>νόμον,</span> <span class='ocrx_word' id='word_1_622' title='bbox 3482 3360 3590 3427; x_wconf 81' lang='grc' dir='ltr'>τὴν</span> <span class='ocrx_word' id='word_1_623' title='bbox 3624 3361 3816 3430; x_wconf 68' lang='grc' dir='ltr'>ἡμέραν</span> 
     </span>
    </p>
   </div>
   <div class='ocr_carea' id='block_1_87' title="bbox 2227 3445 3819 3520">
    <p class='ocr_par' dir='ltr' id='par_1_87' title="bbox 2227 3445 3819 3520">
     <span class='ocr_line' id='line_1_87' title="bbox 2227 3445 3819 3520; baseline 0.001 -18"><span class='ocrx_word' id='word_1_624' title='bbox 2227 3449 2381 3511; x_wconf 77' lang='grc' dir='ltr'>ἔτους</span> <span class='ocrx_word' id='word_1_625' title='bbox 2410 3449 2664 3508; x_wconf 75' lang='grc' dir='ltr'>ἑκάστου,</span> <span class='ocrx_word' id='word_1_626' title='bbox 2694 3445 2813 3500; x_wconf 80' lang='grc' dir='ltr'>καθ’</span> <span class='ocrx_word' id='word_1_627' title='bbox 2849 3447 2914 3516; x_wconf 84' lang='grc' dir='ltr'>ἦν</span> <span class='ocrx_word' id='word_1_628' title='bbox 2953 3446 3053 3513; x_wconf 80' lang='grc' dir='ltr'>τῆς</span> <span class='ocrx_word' id='word_1_629' title='bbox 3083 3447 3395 3514; x_wconf 80' lang='grc' dir='ltr'>παραδόξου</span> <span class='ocrx_word' id='word_1_630' title='bbox 3428 3451 3649 3520; x_wconf 70' lang='grc' dir='ltr'>ταύτης</span> <span class='ocrx_word' id='word_1_631' title='bbox 3677 3452 3819 3520; x_wconf 60' lang='grc' dir='ltr'>θείη-</span> 
     </span>
    </p>
   </div>
   <div class='ocr_carea' id='block_1_88' title="bbox 2228 3536 3815 3609">
    <p class='ocr_par' dir='ltr' id='par_1_88' title="bbox 2228 3536 3815 3609">
     <span class='ocr_line' id='line_1_88' title="bbox 2228 3536 3815 3609; baseline 0 -17"><span class='ocrx_word' id='word_1_632' title='bbox 2228 3539 2387 3601; x_wconf 89' lang='grc' dir='ltr'>πείας</span> <span class='ocrx_word' id='word_1_633' title='bbox 2424 3539 2599 3607; x_wconf 80' lang='grc' dir='ltr'>τύχοι,</span> <span class='ocrx_word' id='word_1_634' title='bbox 2638 3538 2781 3608; x_wconf 84' lang='grc' dir='ltr'>ἆπερ</span> <span class='ocrx_word' id='word_1_635' title='bbox 2832 3536 2898 3591; x_wconf 80' lang='grc' dir='ltr'>ἂν</span> <span class='ocrx_word' id='word_1_636' title='bbox 2938 3538 2971 3606; x_wconf 88' lang='grc' dir='ltr'><strong>ἡ</strong></span> <span class='ocrx_word' id='word_1_637' title='bbox 3016 3538 3142 3608; x_wconf 75' lang='grc' dir='ltr'>χεὶρ</span> <span class='ocrx_word' id='word_1_638' title='bbox 3174 3538 3382 3608; x_wconf 77' lang='grc' dir='ltr'>ἔχουσα</span> <span class='ocrx_word' id='word_1_639' title='bbox 3417 3540 3512 3609; x_wconf 85' lang='grc' dir='ltr'><strong>εῐη</strong></span> <span class='ocrx_word' id='word_1_640' title='bbox 3546 3541 3815 3608; x_wconf 77' lang='grc' dir='ltr'>διανέμειν</span> 
     </span>
    </p>
   </div>
   <div class='ocr_carea' id='block_1_89' title="bbox 2226 3630 2598 3693">
    <p class='ocr_par' dir='ltr' id='par_1_89' title="bbox 2226 3630 2598 3693">
     <span class='ocr_line' id='line_1_89' title="bbox 2226 3630 2598 3693; baseline -0.003 -11"><span class='ocrx_word' id='word_1_641' title='bbox 2226 3633 2342 3693; x_wconf 87' lang='grc' dir='ltr'>τοῖς</span> <span class='ocrx_word' id='word_1_642' title='bbox 2373 3630 2598 3683; x_wconf 81' lang='grc' dir='ltr'>ένδεέσι.</span> 
     </span>
    </p>
   </div>
   <div class='ocr_carea' id='block_1_90' title="bbox 2300 3719 3803 3795">
    <p class='ocr_par' dir='ltr' id='par_1_90' title="bbox 2300 3719 3803 3795">
     <span class='ocr_line' id='line_1_90' title="bbox 2300 3719 3803 3795; baseline 0.005 -22"><span class='ocrx_word' id='word_1_643' title='bbox 2300 3722 2403 3790; x_wconf 86' lang='grc' dir='ltr'>σγ’.</span> <span class='ocrx_word' id='word_1_644' title='bbox 2435 3723 2572 3774; x_wconf 78' lang='grc' dir='ltr'><strong>Ποτὲ</strong></span> <span class='ocrx_word' id='word_1_645' title='bbox 2592 3719 2718 3788; x_wconf 79' lang='grc' dir='ltr'>γοῦν</span> <span class='ocrx_word' id='word_1_646' title='bbox 2736 3723 2763 3773; x_wconf 89' lang='grc' dir='ltr'><strong>ό</strong></span> <span class='ocrx_word' id='word_1_647' title='bbox 2781 3721 2880 3789; x_wconf 87' lang='grc' dir='ltr'>μὲν</span> <span class='ocrx_word' id='word_1_648' title='bbox 2906 3721 2997 3773; x_wconf 82' lang='grc' dir='ltr'>τὸν</span> <span class='ocrx_word' id='word_1_649' title='bbox 3012 3724 3259 3775; x_wconf 84' lang='grc' dir='ltr'>τοιοῦτον</span> <span class='ocrx_word' id='word_1_650' title='bbox 3277 3723 3495 3795; x_wconf 76' lang='grc' dir='ltr'>ὲπεπλή</span> <span class='ocrx_word' id='word_1_651' title='bbox 3506 3743 3604 3794; x_wconf 77' lang='lat' dir='ltr'><strong>pou</strong></span> <span class='ocrx_word' id='word_1_652' title='bbox 3633 3727 3803 3794; x_wconf 78' lang='grc' dir='ltr'>νόμον.</span> 
     </span>
    </p>
   </div>
   <div class='ocr_carea' id='block_1_91' title="bbox 2228 3806 3810 3889">
    <p class='ocr_par' dir='ltr' id='par_1_91' title="bbox 2228 3806 3810 3889">
     <span class='ocr_line' id='line_1_91' title="bbox 2228 3806 3810 3889; baseline 0.004 -23"><span class='ocrx_word' id='word_1_653' title='bbox 2228 3814 2316 3866; x_wconf 60' lang='grc' dir='ltr'><strong>καὶ</strong></span> <span class='ocrx_word' id='word_1_654' title='bbox 2353 3813 2553 3884; x_wconf 83' lang='grc' dir='ltr'>ἄρτους</span> <span class='ocrx_word' id='word_1_655' title='bbox 2589 3813 2759 3866; x_wconf 77' lang='grc' dir='ltr'>ἐδίδου</span> <span class='ocrx_word' id='word_1_656' title='bbox 2789 3806 2864 3865; x_wconf 82' lang='grc' dir='ltr'>ὧν</span> <span class='ocrx_word' id='word_1_657' title='bbox 2890 3812 3202 3884; x_wconf 80' lang='grc' dir='ltr'>τηνικαῦτα</span> <span class='ocrx_word' id='word_1_658' title='bbox 3226 3815 3493 3886; x_wconf 82' lang='grc' dir='ltr'>ηὐπόρει,</span> <span class='ocrx_word' id='word_1_659' title='bbox 3521 3819 3737 3889; x_wconf 81' lang='grc' dir='ltr'>ὀρέγειν</span> <span class='ocrx_word' id='word_1_660' title='bbox 3763 3818 3810 3872; x_wconf 72' lang='grc' dir='ltr'><strong>δέ</strong></span> 
     </span>
    </p>
   </div>
   <div class='ocr_carea' id='block_1_92' title="bbox 2228 3904 3809 3979">
    <p class='ocr_par' dir='ltr' id='par_1_92' title="bbox 2228 3904 3809 3979">
     <span class='ocr_line' id='line_1_92' title="bbox 2228 3904 3809 3979; baseline 0.003 -23"><span class='ocrx_word' id='word_1_661' title='bbox 2228 3906 2329 3976; x_wconf 72' lang='grc' dir='ltr'><strong>ἤδη</strong></span> <span class='ocrx_word' id='word_1_662' title='bbox 2369 3907 2463 3958; x_wconf 73' lang='grc' dir='ltr'><strong>καὶ</strong></span> <span class='ocrx_word' id='word_1_663' title='bbox 2504 3905 2581 3975; x_wconf 78' lang='grc' dir='ltr'><strong>τῷ</strong></span> <span class='ocrx_word' id='word_1_664' title='bbox 2611 3904 2909 3975; x_wconf 84' lang='grc' dir='ltr'>παραλύτῳ</span> <span class='ocrx_word' id='word_1_665' title='bbox 2957 3905 3191 3974; x_wconf 81' lang='grc' dir='ltr'>μέλλων,</span> <span class='ocrx_word' id='word_1_666' title='bbox 3239 3908 3343 3977; x_wconf 82' lang='grc' dir='ltr'><strong>τὴν</strong></span> <span class='ocrx_word' id='word_1_667' title='bbox 3377 3910 3543 3978; x_wconf 82' lang='grc' dir='ltr'>χεῖρα</span> <span class='ocrx_word' id='word_1_668' title='bbox 3580 3911 3721 3979; x_wconf 73' lang='grc' dir='ltr'>πρὸς</span> <span class='ocrx_word' id='word_1_669' title='bbox 3764 3911 3809 3961; x_wconf 71' lang='grc' dir='ltr'>τὸ</span> 
     </span>
    </p>
   </div>
   <div class='ocr_carea' id='block_1_93' title="bbox 2227 3997 3810 4070">
    <p class='ocr_par' dir='ltr' id='par_1_93' title="bbox 2227 3997 3810 4070">
     <span class='ocr_line' id='line_1_93' title="bbox 2227 3997 3810 4070; baseline 0.001 -21"><span class='ocrx_word' id='word_1_670' title='bbox 2227 3997 2412 4050; x_wconf 86' lang='grc' dir='ltr'>λαϐεῖν</span> <span class='ocrx_word' id='word_1_671' title='bbox 2437 3997 2537 4066; x_wconf 81' lang='grc' dir='ltr'>τῆς</span> <span class='ocrx_word' id='word_1_672' title='bbox 2560 3998 2795 4068; x_wconf 83' lang='grc' dir='ltr'>ἀδελφῆς</span> <span class='ocrx_word' id='word_1_673' title='bbox 2817 3997 3159 4069; x_wconf 79' lang='grc' dir='ltr'>ὲκτεινάοης,</span> <span class='ocrx_word' id='word_1_674' title='bbox 3187 3999 3456 4070; x_wconf 76' lang='grc' dir='ltr'>ἐπισχὼν,</span> <span class='ocrx_word' id='word_1_675' title='bbox 3489 4003 3659 4054; x_wconf 66' lang='grc' dir='ltr'>αὐτὸν</span> <span class='ocrx_word' id='word_1_676' title='bbox 3688 4003 3810 4054; x_wconf 62' lang='grc' dir='ltr'>ἐκεῖ.</span> 
     </span>
    </p>
   </div>
   <div class='ocr_carea' id='block_1_94' title="bbox 2228 4084 3808 4164">
    <p class='ocr_par' dir='ltr' id='par_1_94' title="bbox 2228 4084 3808 4164">
     <span class='ocr_line' id='line_1_94' title="bbox 2228 4084 3808 4164; baseline 0.003 -23"><span class='ocrx_word' id='word_1_677' title='bbox 2228 4107 2316 4142; x_wconf 91' lang='grc' dir='ltr'><strong>νον</strong></span> <span class='ocrx_word' id='word_1_678' title='bbox 2346 4091 2564 4145; x_wconf 82' lang='grc' dir='ltr'>ἐκέλευε</span> <span class='ocrx_word' id='word_1_679' title='bbox 2596 4090 2847 4161; x_wconf 80' lang='grc' dir='ltr'>δέχεσθαι</span> <span class='ocrx_word' id='word_1_680' title='bbox 2886 4084 3076 4161; x_wconf 78' lang='grc' dir='ltr'>χεῖρας</span> <span class='ocrx_word' id='word_1_681' title='bbox 3102 4092 3421 4161; x_wconf 81' lang='grc' dir='ltr'>ὑποσχόντα</span> <span class='ocrx_word' id='word_1_682' title='bbox 3442 4094 3537 4145; x_wconf 74' lang='grc' dir='ltr'>τὸν</span> <span class='ocrx_word' id='word_1_683' title='bbox 3560 4094 3808 4164; x_wconf 70' lang='grc' dir='ltr'>παρειμέσ</span> 
     </span>
    </p>
   </div>
   <div class='ocr_carea' id='block_1_95' title="bbox 2227 4179 3806 4253">
    <p class='ocr_par' dir='ltr' id='par_1_95' title="bbox 2227 4179 3806 4253">
     <span class='ocr_line' id='line_1_95' title="bbox 2227 4179 3806 4253; baseline 0 -20"><span class='ocrx_word' id='word_1_684' title='bbox 2227 4198 2334 4234; x_wconf 87' lang='grc' dir='ltr'>νον.</span> <span class='ocrx_word' id='word_1_685' title='bbox 2367 4181 2487 4234; x_wconf 86' lang='grc' dir='ltr'><strong>Τῶν</strong></span> <span class='ocrx_word' id='word_1_686' title='bbox 2519 4179 2578 4232; x_wconf 81' lang='grc' dir='ltr'>δὲ</span> <span class='ocrx_word' id='word_1_687' title='bbox 2620 4181 2927 4253; x_wconf 82' lang='grc' dir='ltr'>παρόντων,</span> <span class='ocrx_word' id='word_1_688' title='bbox 2981 4183 3096 4250; x_wconf 87' lang='grc' dir='ltr'><strong>Οὐχ</strong></span> <span class='ocrx_word' id='word_1_689' title='bbox 3150 4182 3289 4251; x_wconf 84' lang='grc' dir='ltr'>ὁρᾷς</span> <span class='ocrx_word' id='word_1_690' title='bbox 3337 4182 3489 4245; x_wconf 84' lang='grc' dir='ltr'>ὅπως</span> <span class='ocrx_word' id='word_1_691' title='bbox 3539 4185 3806 4253; x_wconf 71' lang='grc' dir='ltr'>παρέσεως</span> 
     </span>
    </p>
   </div>
   <div class='ocr_carea' id='block_1_96' title="bbox 2228 4272 3807 4343">
    <p class='ocr_par' dir='ltr' id='par_1_96' title="bbox 2228 4272 3807 4343">
     <span class='ocr_line' id='line_1_96' title="bbox 2228 4272 3807 4343; baseline 0 -18"><span class='ocrx_word' id='word_1_692' title='bbox 2228 4273 2361 4343; x_wconf 76' lang='grc' dir='ltr'>ἔχει,</span> <span class='ocrx_word' id='word_1_693' title='bbox 2390 4272 2677 4339; x_wconf 88' lang='grc' dir='ltr'>λεγόντων,</span> <span class='ocrx_word' id='word_1_694' title='bbox 2706 4273 2781 4334; x_wconf 86' lang='grc' dir='ltr'>ὼς</span> <span class='ocrx_word' id='word_1_695' title='bbox 2811 4272 2946 4341; x_wconf 80' lang='grc' dir='ltr'>μηδὲ</span> <span class='ocrx_word' id='word_1_696' title='bbox 2977 4272 3132 4341; x_wconf 83' lang='grc' dir='ltr'>μέλει</span> <span class='ocrx_word' id='word_1_697' title='bbox 3160 4272 3257 4325; x_wconf 79' lang='grc' dir='ltr'>τοῦ</span> <span class='ocrx_word' id='word_1_698' title='bbox 3285 4273 3544 4341; x_wconf 82' lang='grc' dir='ltr'>σώματός</span> <span class='ocrx_word' id='word_1_699' title='bbox 3575 4290 3687 4325; x_wconf 78' lang='grc' dir='ltr'>τινι</span> <span class='ocrx_word' id='word_1_700' title='bbox 3719 4291 3807 4340; x_wconf 64' lang='lat' dir='ltr'><strong>yr-</strong></span> 
     </span>
    </p>
   </div>
   <div class='ocr_carea' id='block_1_97' title="bbox 2230 4358 3805 4437">
    <p class='ocr_par' dir='ltr' id='par_1_97' title="bbox 2230 4358 3805 4437">
     <span class='ocr_line' id='line_1_97' title="bbox 2230 4358 3805 4437; baseline -0.003 -20"><span class='ocrx_word' id='word_1_701' title='bbox 2230 4365 2287 4418; x_wconf 85' lang='grc' dir='ltr'>δὲ</span> <span class='ocrx_word' id='word_1_702' title='bbox 2329 4365 2484 4437; x_wconf 82' lang='grc' dir='ltr'>μέρει</span> <span class='ocrx_word' id='word_1_703' title='bbox 2528 4363 2767 4435; x_wconf 82' lang='grc' dir='ltr'>χρῆσθαι</span> <span class='ocrx_word' id='word_1_704' title='bbox 2798 4363 3022 4426; x_wconf 83' lang='grc' dir='ltr'>δυνατὸς</span> <span class='ocrx_word' id='word_1_705' title='bbox 3056 4358 3236 4429; x_wconf 78' lang='grc' dir='ltr'>εἶναι;</span> <span class='ocrx_word' id='word_1_706' title='bbox 3287 4364 3578 4433; x_wconf 78' lang='grc' dir='ltr'>θαρρήσας</span> <span class='ocrx_word' id='word_1_707' title='bbox 3622 4364 3805 4424; x_wconf 61' lang='grc' dir='ltr'>ἓκεῖνις</span> 
     </span>
    </p>
   </div>
   <div class='ocr_carea' id='block_1_98' title="bbox 2226 4454 3798 4527">
    <p class='ocr_par' dir='ltr' id='par_1_98' title="bbox 2226 4454 3798 4527">
     <span class='ocr_line' id='line_1_98' title="bbox 2226 4454 3798 4527; baseline -0.004 -17"><span class='ocrx_word' id='word_1_708' title='bbox 2226 4460 2292 4527; x_wconf 78' lang='grc' dir='ltr'>τῇ</span> <span class='ocrx_word' id='word_1_709' title='bbox 2329 4455 2613 4527; x_wconf 79' lang='grc' dir='ltr'>ὲνοικούσῃ</span> <span class='ocrx_word' id='word_1_710' title='bbox 2645 4456 2740 4508; x_wconf 84' lang='grc' dir='ltr'>τοῦ</span> <span class='ocrx_word' id='word_1_711' title='bbox 2772 4456 3086 4524; x_wconf 87' lang='grc' dir='ltr'>Πνεύματος</span> <span class='ocrx_word' id='word_1_712' title='bbox 3118 4454 3349 4524; x_wconf 81' lang='grc' dir='ltr'>δυνάμει</span> <span class='ocrx_word' id='word_1_713' title='bbox 3401 4455 3481 4524; x_wconf 81' lang='grc' dir='ltr'><strong>τῷ</strong></span> <span class='ocrx_word' id='word_1_714' title='bbox 3510 4454 3748 4523; x_wconf 78' lang='grc' dir='ltr'>Συμεὼν,</span> <span class='ocrx_word' id='word_1_715' title='bbox 3774 4455 3798 4519; x_wconf 66' lang='grc' dir='ltr'>ξ</span> 
     </span>
    </p>
   </div>
   <div class='ocr_carea' id='block_1_99' title="bbox 2229 4545 3797 4618">
    <p class='ocr_par' dir='ltr' id='par_1_99' title="bbox 2229 4545 3797 4618">
     <span class='ocr_line' id='line_1_99' title="bbox 2229 4545 3797 4618; baseline -0.003 -17"><span class='ocrx_word' id='word_1_716' title='bbox 2229 4547 2326 4601; x_wconf 75' lang='grc' dir='ltr'><strong>καὶ</strong></span> <span class='ocrx_word' id='word_1_717' title='bbox 2358 4546 2600 4616; x_wconf 83' lang='grc' dir='ltr'>κινηθεὶς</span> <span class='ocrx_word' id='word_1_718' title='bbox 2635 4546 2727 4599; x_wconf 82' lang='grc' dir='ltr'><strong>ὑπ’</strong></span> <span class='ocrx_word' id='word_1_719' title='bbox 2760 4547 2951 4616; x_wconf 82' lang='grc' dir='ltr'>αὐτῆς,</span> <span class='ocrx_word' id='word_1_720' title='bbox 2979 4545 3008 4599; x_wconf 82' lang='grc' dir='ltr'>ὃ</span> <span class='ocrx_word' id='word_1_721' title='bbox 3055 4546 3151 4598; x_wconf 80' lang='grc' dir='ltr'><strong>καὶ</strong></span> <span class='ocrx_word' id='word_1_722' title='bbox 3204 4548 3431 4615; x_wconf 63' lang='grc' dir='ltr'>μᾶλλον,</span> <span class='ocrx_word' id='word_1_723' title='bbox 3470 4548 3702 4618; x_wconf 75' lang='grc' dir='ltr'>λαμπρᾷ</span> 
     </span>
    </p>
   </div>
   <div class='ocr_carea' id='block_1_100' title="bbox 2228 4636 3796 4709">
    <p class='ocr_par' dir='ltr' id='par_1_100' title="bbox 2228 4636 3796 4709">
     <span class='ocr_line' id='line_1_100' title="bbox 2228 4636 3796 4709; baseline -0.004 -18"><span class='ocrx_word' id='word_1_724' title='bbox 2228 4636 2372 4709; x_wconf 74' lang='grc' dir='ltr'>εἶχεν</span> <span class='ocrx_word' id='word_1_725' title='bbox 2405 4638 2691 4690; x_wconf 78' lang='grc' dir='ltr'>ὑπολαϐὼν</span> <span class='ocrx_word' id='word_1_726' title='bbox 2714 4640 2780 4708; x_wconf 83' lang='grc' dir='ltr'>τῇ</span> <span class='ocrx_word' id='word_1_727' title='bbox 2813 4641 2986 4708; x_wconf 79' lang='grc' dir='ltr'>φωνῇ,</span> <span class='ocrx_word' id='word_1_728' title='bbox 3022 4638 3111 4690; x_wconf 83' lang='grc' dir='ltr'>Ἐν</span> <span class='ocrx_word' id='word_1_729' title='bbox 3138 4639 3370 4706; x_wconf 83' lang='grc' dir='ltr'>ὀνόματι</span> <span class='ocrx_word' id='word_1_730' title='bbox 3395 4638 3491 4691; x_wconf 82' lang='grc' dir='ltr'>τοῦ</span> <span class='ocrx_word' id='word_1_731' title='bbox 3514 4640 3701 4692; x_wconf 75' lang='grc' dir='ltr'>δούλου</span> <span class='ocrx_word' id='word_1_732' title='bbox 3726 4636 3796 4686; x_wconf 67' lang='grc' dir='ltr'>τοῦ</span> 
     </span>
    </p>
   </div>
   <div class='ocr_carea' id='block_1_101' title="bbox 2229 4725 3795 4798">
    <p class='ocr_par' dir='ltr' id='par_1_101' title="bbox 2229 4725 3795 4798">
     <span class='ocr_line' id='line_1_101' title="bbox 2229 4725 3795 4798; baseline -0.003 -16"><span class='ocrx_word' id='word_1_733' title='bbox 2229 4728 2361 4782; x_wconf 76' lang='grc' dir='ltr'>Θεοῦ</span> <span class='ocrx_word' id='word_1_734' title='bbox 2391 4727 2615 4797; x_wconf 87' lang='grc' dir='ltr'>Συμεὼν</span> <span class='ocrx_word' id='word_1_735' title='bbox 2647 4727 2740 4781; x_wconf 75' lang='grc' dir='ltr'><strong>τοῦ</strong></span> <span class='ocrx_word' id='word_1_736' title='bbox 2764 4727 2906 4780; x_wconf 82' lang='grc' dir='ltr'>κατὰ</span> <span class='ocrx_word' id='word_1_737' title='bbox 2935 4727 2996 4780; x_wconf 79' lang='grc' dir='ltr'><strong>τὸ</strong></span> <span class='ocrx_word' id='word_1_738' title='bbox 3028 4726 3349 4797; x_wconf 78' lang='grc' dir='ltr'>θαυμαστὸν</span> <span class='ocrx_word' id='word_1_739' title='bbox 3379 4728 3528 4798; x_wconf 77' lang='grc' dir='ltr'>ὅρος,</span> <span class='ocrx_word' id='word_1_740' title='bbox 3565 4729 3693 4797; x_wconf 74' lang='grc' dir='ltr'>ἔφη,</span> <span class='ocrx_word' id='word_1_741' title='bbox 3720 4725 3795 4779; x_wconf 72' lang='grc' dir='ltr'>τοῦ</span> 
     </span>
    </p>
   </div>
   <div class='ocr_carea' id='block_1_102' title="bbox 2230 4815 3795 4888">
    <p class='ocr_par' dir='ltr' id='par_1_102' title="bbox 2230 4815 3795 4888">
     <span class='ocr_line' id='line_1_102' title="bbox 2230 4815 3795 4888; baseline -0.004 -16"><span class='ocrx_word' id='word_1_742' title='bbox 2230 4820 2372 4887; x_wconf 83' lang='grc' dir='ltr'>κάμὲ</span> <span class='ocrx_word' id='word_1_743' title='bbox 2397 4818 2596 4885; x_wconf 69' lang='grc' dir='ltr'>τυφλὸν</span> <span class='ocrx_word' id='word_1_744' title='bbox 2621 4819 2750 4871; x_wconf 75' lang='grc' dir='ltr'>ὄντα</span> <span class='ocrx_word' id='word_1_745' title='bbox 2780 4819 3106 4888; x_wconf 82' lang='grc' dir='ltr'>ποιήσαντος</span> <span class='ocrx_word' id='word_1_746' title='bbox 3130 4818 3459 4887; x_wconf 79' lang='grc' dir='ltr'>ἀναϐλέψαι,</span> <span class='ocrx_word' id='word_1_747' title='bbox 3489 4821 3592 4880; x_wconf 79' lang='grc' dir='ltr'>τὰς</span> <span class='ocrx_word' id='word_1_748' title='bbox 3624 4815 3795 4871; x_wconf 73' lang='grc' dir='ltr'>ἑαυτοῦ</span> 
     </span>
    </p>
   </div>
   <div class='ocr_carea' id='block_1_103' title="bbox 2230 4906 3795 4978">
    <p class='ocr_par' dir='ltr' id='par_1_103' title="bbox 2230 4906 3795 4978">
     <span class='ocr_line' id='line_1_103' title="bbox 2230 4906 3795 4978; baseline -0.001 -18"><span class='ocrx_word' id='word_1_749' title='bbox 2230 4911 2415 4978; x_wconf 79' lang='grc' dir='ltr'>χεῖρας</span> <span class='ocrx_word' id='word_1_750' title='bbox 2473 4908 2742 4969; x_wconf 79' lang='grc' dir='ltr'>ἐκτείνας,</span> <span class='ocrx_word' id='word_1_751' title='bbox 2780 4907 2928 4970; x_wconf 78' lang='grc' dir='ltr'>δέξαι</span> <span class='ocrx_word' id='word_1_752' title='bbox 2995 4906 3096 4975; x_wconf 84' lang='grc' dir='ltr'>τὴν</span> <span class='ocrx_word' id='word_1_753' title='bbox 3154 4907 3451 4975; x_wconf 79' lang='grc' dir='ltr'>εὐλογίαν·</span> <span class='ocrx_word' id='word_1_754' title='bbox 3504 4909 3603 4960; x_wconf 69' lang='grc' dir='ltr'><strong>καὶ</strong></span> <span class='ocrx_word' id='word_1_755' title='bbox 3635 4923 3795 4975; x_wconf 67' lang='grc' dir='ltr'>παρα-</span> 
     </span>
    </p>
   </div>
   <div class='ocr_carea' id='block_1_104' title="bbox 2230 4996 3796 5076">
    <p class='ocr_par' dir='ltr' id='par_1_104' title="bbox 2230 4996 3796 5076">
     <span class='ocr_line' id='line_1_104' title="bbox 2230 4996 3796 5076; baseline -0.026 1"><span class='ocrx_word' id='word_1_756' title='bbox 2230 5005 2422 5076; x_wconf 72' lang='grc' dir='ltr'>χρῆμα</span> <span class='ocrx_word' id='word_1_757' title='bbox 2451 5002 2516 5062; x_wconf 76' lang='grc' dir='ltr'><strong>(ὦ</strong></span> <span class='ocrx_word' id='word_1_758' title='bbox 2554 5001 2691 5063; x_wconf 80' lang='grc' dir='ltr'>πῶς.</span> <span class='ocrx_word' id='word_1_759' title='bbox 2716 4999 2950 5052; x_wconf 79' lang='grc' dir='ltr'>ἀθάνατε</span> <span class='ocrx_word' id='word_1_760' title='bbox 2990 4999 3196 5068; x_wconf 82' lang='grc' dir='ltr'>Χριστὲ</span> <span class='ocrx_word' id='word_1_761' title='bbox 3232 4998 3478 5068; x_wconf 77' lang='grc' dir='ltr'>βασιλεῦ,</span> <span class='ocrx_word' id='word_1_762' title='bbox 3504 5000 3705 5070; x_wconf 71' lang='grc' dir='ltr'>ᾄσομαι</span> <span class='ocrx_word' id='word_1_763' title='bbox 3746 4996 3796 5046; x_wconf 67' lang='grc' dir='ltr'><strong>τὰ</strong></span> 
     </span>
    </p>
   </div>
   <div class='ocr_carea' id='block_1_105' title="bbox 550 5085 2127 5169">
    <p class='ocr_par' dir='ltr' id='par_1_105' title="bbox 550 5102 2126 5169">
     <span class='ocr_line' id='line_1_105' title="bbox 550 5102 2126 5169; baseline -0.004 -7"><span class='ocrx_word' id='word_1_764' title='bbox 550 5122 658 5162; x_wconf 93' lang='lat' dir='ltr'><strong>non</strong></span> <span class='ocrx_word' id='word_1_765' title='bbox 715 5116 929 5161; x_wconf 86' lang='lat' dir='ltr'><strong>tantum</strong></span> <span class='ocrx_word' id='word_1_766' title='bbox 976 5102 1347 5158; x_wconf 77' lang='lat' dir='ltr'><strong>corroborata:</strong></span> <span class='ocrx_word' id='word_1_767' title='bbox 1379 5116 1573 5154; x_wconf 87' lang='lat' dir='ltr'><strong>manus</strong></span> <span class='ocrx_word' id='word_1_768' title='bbox 1624 5108 1924 5168; x_wconf 90' lang='lat' dir='ltr'><strong>potuerunt</strong></span> <span class='ocrx_word' id='word_1_769' title='bbox 1957 5116 2126 5169; x_wconf 90' lang='lat' dir='ltr'><strong>panes</strong></span> 
     </span>
    </p>
   </div>
   <div class='ocr_carea' id='block_1_106' title="bbox 2233 5085 3794 5169">
    <p class='ocr_par' dir='ltr' id='par_1_106' title="bbox 2233 5085 3794 5165">
     <span class='ocr_line' id='line_1_106' title="bbox 2233 5085 3794 5165; baseline -0.008 -17"><span class='ocrx_word' id='word_1_770' title='bbox 2233 5096 2347 5165; x_wconf 65' lang='grc' dir='ltr'>ιλέη</span> <span class='ocrx_word' id='word_1_771' title='bbox 2385 5094 2547 5159; x_wconf 70' lang='lat' dir='ltr'><strong>soul)</strong></span> <span class='ocrx_word' id='word_1_772' title='bbox 2585 5092 2645 5143; x_wconf 84' lang='grc' dir='ltr'><strong>ού</strong></span> <span class='ocrx_word' id='word_1_773' title='bbox 2680 5092 2862 5159; x_wconf 84' lang='grc' dir='ltr'>χεῖρες</span> <span class='ocrx_word' id='word_1_774' title='bbox 2894 5088 3136 5158; x_wconf 73' lang='grc' dir='ltr'>ἔρρωντο</span> <span class='ocrx_word' id='word_1_775' title='bbox 3170 5088 3334 5157; x_wconf 86' lang='grc' dir='ltr'>μόνον</span> <span class='ocrx_word' id='word_1_776' title='bbox 3362 5090 3491 5151; x_wconf 77' lang='grc' dir='ltr'>τοξῑς</span> <span class='ocrx_word' id='word_1_777' title='bbox 3520 5088 3713 5157; x_wconf 77' lang='grc' dir='ltr'>ἄρτους</span> <span class='ocrx_word' id='word_1_778' title='bbox 3730 5085 3794 5135; x_wconf 73' lang='grc' dir='ltr'>δεν</span> 
     </span>
    </p>
   </div>
   <div class='ocr_carea' id='block_1_107' title="bbox 548 5190 2125 5268">
    <p class='ocr_par' dir='ltr' id='par_1_107' title="bbox 548 5190 2125 5268">
     <span class='ocr_line' id='line_1_107' title="bbox 548 5190 2125 5268; baseline -0.006 -15"><span class='ocrx_word' id='word_1_779' title='bbox 548 5195 987 5268; x_wconf 85' lang='lat' dir='ltr'><strong>apprchendere,</strong></span> <span class='ocrx_word' id='word_1_780' title='bbox 1020 5208 1211 5247; x_wconf 84' lang='lat' dir='ltr'><strong>verum</strong></span> <span class='ocrx_word' id='word_1_781' title='bbox 1242 5190 1610 5261; x_wconf 71' lang='lat' dir='ltr'><strong>quodcunque</strong></span> <span class='ocrx_word' id='word_1_782' title='bbox 1635 5191 1800 5243; x_wconf 86' lang='lat' dir='ltr'><strong>etiam</strong></span> <span class='ocrx_word' id='word_1_783' title='bbox 1824 5190 1971 5243; x_wconf 89' lang='lat' dir='ltr'><strong>aliud</strong></span> <span class='ocrx_word' id='word_1_784' title='bbox 1999 5207 2125 5246; x_wconf 87' lang='lat' dir='ltr'><strong>cor-</strong></span> 
     </span>
    </p>
   </div>
   <div class='ocr_carea' id='block_1_108' title="bbox 548 5281 2129 5360">
    <p class='ocr_par' dir='ltr' id='par_1_108' title="bbox 548 5281 2129 5360">
     <span class='ocr_line' id='line_1_108' title="bbox 548 5281 2129 5360; baseline -0.005 -17"><span class='ocrx_word' id='word_1_785' title='bbox 548 5289 699 5360; x_wconf 90' lang='lat' dir='ltr'><strong>poris</strong></span> <span class='ocrx_word' id='word_1_786' title='bbox 729 5286 1037 5341; x_wconf 87' lang='lat' dir='ltr'><strong>membrum</strong></span> <span class='ocrx_word' id='word_1_787' title='bbox 1074 5283 1286 5353; x_wconf 81' lang='lat' dir='ltr'><strong>integre</strong></span> <span class='ocrx_word' id='word_1_788' title='bbox 1311 5292 1559 5336; x_wconf 85' lang='lat' dir='ltr'><strong>sanatuin</strong></span> <span class='ocrx_word' id='word_1_789' title='bbox 1592 5297 1692 5351; x_wconf 91' lang='lat' dir='ltr'><strong>pro</strong></span> <span class='ocrx_word' id='word_1_790' title='bbox 1725 5281 1996 5352; x_wconf 77' lang='lat' dir='ltr'><strong>cxigentia</strong></span> <span class='ocrx_word' id='word_1_791' title='bbox 2032 5299 2129 5335; x_wconf 83' lang='lat' dir='ltr'><strong>na-</strong></span> 
     </span>
    </p>
   </div>
   <div class='ocr_carea' id='block_1_109' title="bbox 550 5374 2124 5445">
    <p class='ocr_par' dir='ltr' id='par_1_109' title="bbox 550 5374 2124 5445">
     <span class='ocr_line' id='line_1_109' title="bbox 550 5374 2124 5445; baseline -0.004 -10"><span class='ocrx_word' id='word_1_792' title='bbox 550 5390 682 5435; x_wconf 82' lang='lat' dir='ltr'><strong>turae</strong></span> <span class='ocrx_word' id='word_1_793' title='bbox 714 5377 1063 5433; x_wconf 87' lang='lat' dir='ltr'><strong>movebatur.</strong></span> <span class='ocrx_word' id='word_1_794' title='bbox 1090 5374 1373 5445; x_wconf 86' lang='lat' dir='ltr'><strong>Quotquot</strong></span> <span class='ocrx_word' id='word_1_795' title='bbox 1404 5375 1571 5444; x_wconf 85' lang='lat' dir='ltr'><strong>igitur</strong></span> <span class='ocrx_word' id='word_1_796' title='bbox 1599 5384 1901 5445; x_wconf 75' lang='lat' dir='ltr'><strong>praesentes</strong></span> <span class='ocrx_word' id='word_1_797' title='bbox 1946 5383 2124 5439; x_wconf 85' lang='lat' dir='ltr'><strong>erant,</strong></span> 
     </span>
    </p>
   </div>
   <div class='ocr_carea' id='block_1_110' title="bbox 547 5467 2127 5540">
    <p class='ocr_par' dir='ltr' id='par_1_110' title="bbox 547 5467 2127 5540">
     <span class='ocr_line' id='line_1_110' title="bbox 547 5467 2127 5540; baseline -0.003 -14"><span class='ocrx_word' id='word_1_798' title='bbox 547 5471 952 5540; x_wconf 87' lang='lat' dir='ltr'><strong>obstupuerunt</strong></span> <span class='ocrx_word' id='word_1_799' title='bbox 972 5468 1188 5522; x_wconf 85' lang='lat' dir='ltr'><strong>insolita</strong></span> <span class='ocrx_word' id='word_1_800' title='bbox 1210 5467 1443 5540; x_wconf 82' lang='lat' dir='ltr'><strong>prodigii</strong></span> <span class='ocrx_word' id='word_1_801' title='bbox 1468 5467 1844 5538; x_wconf 86' lang='lat' dir='ltr'><strong>magnitudine</strong></span> <span class='ocrx_word' id='word_1_802' title='bbox 1868 5485 1880 5520; x_wconf 88' lang='lat'><strong>:</strong></span> <span class='ocrx_word' id='word_1_803' title='bbox 1901 5467 1974 5521; x_wconf 90' lang='lat' dir='ltr'><strong>illi</strong></span> <span class='ocrx_word' id='word_1_804' title='bbox 1997 5484 2127 5522; x_wconf 89' lang='lat' dir='ltr'><strong>vero</strong></span> 
     </span>
    </p>
   </div>
   <div class='ocr_carea' id='block_1_111' title="bbox 547 5556 2124 5628">
    <p class='ocr_par' dir='ltr' id='par_1_111' title="bbox 547 5556 2124 5628">
     <span class='ocr_line' id='line_1_111' title="bbox 547 5556 2124 5628; baseline -0.001 -16"><span class='ocrx_word' id='word_1_805' title='bbox 547 5558 639 5628; x_wconf 90' lang='lat' dir='ltr'><strong>qui</strong></span> <span class='ocrx_word' id='word_1_806' title='bbox 669 5568 892 5612; x_wconf 88' lang='lat' dir='ltr'><strong>sanatus</strong></span> <span class='ocrx_word' id='word_1_807' title='bbox 922 5556 1099 5610; x_wconf 81' lang='lat' dir='ltr'><strong>fuerat</strong></span> <span class='ocrx_word' id='word_1_808' title='bbox 1126 5557 1387 5611; x_wconf 87' lang='lat' dir='ltr'><strong>invisibili</strong></span> <span class='ocrx_word' id='word_1_809' title='bbox 1416 5558 1650 5627; x_wconf 88' lang='lat' dir='ltr'><strong>quodam</strong></span> <span class='ocrx_word' id='word_1_810' title='bbox 1676 5558 1839 5611; x_wconf 90' lang='lat' dir='ltr'><strong>modo</strong></span> <span class='ocrx_word' id='word_1_811' title='bbox 1868 5558 2124 5627; x_wconf 90' lang='lat' dir='ltr'><strong>apparuit</strong></span> 
     </span>
    </p>
   </div>
   <div class='ocr_carea' id='block_1_112' title="bbox 548 5649 2121 5715">
    <p class='ocr_par' dir='ltr' id='par_1_112' title="bbox 548 5649 2121 5715">
     <span class='ocr_line' id='line_1_112' title="bbox 548 5649 2121 5715; baseline 0.001 -13"><span class='ocrx_word' id='word_1_812' title='bbox 548 5660 786 5711; x_wconf 86' lang='lat' dir='ltr'><strong>sanctus,</strong></span> <span class='ocrx_word' id='word_1_813' title='bbox 831 5649 1058 5701; x_wconf 87' lang='lat' dir='ltr'><strong>hortans</strong></span> <span class='ocrx_word' id='word_1_814' title='bbox 1100 5664 1224 5701; x_wconf 88' lang='lat' dir='ltr'><strong>eum</strong></span> <span class='ocrx_word' id='word_1_815' title='bbox 1274 5655 1337 5703; x_wconf 92' lang='lat' dir='ltr'><strong>ut</strong></span> <span class='ocrx_word' id='word_1_816' title='bbox 1388 5649 1611 5701; x_wconf 86' lang='lat' dir='ltr'><strong>domum</strong></span> <span class='ocrx_word' id='word_1_817' title='bbox 1664 5649 2011 5715; x_wconf 77' lang='lat' dir='ltr'><strong>concederet,</strong></span> <span class='ocrx_word' id='word_1_818' title='bbox 2066 5659 2121 5703; x_wconf 88' lang='lat' dir='ltr'><strong>et</strong></span> 
     </span>
    </p>
   </div>
   <div class='ocr_carea' id='block_1_113' title="bbox 563 5734 2118 5806">
    <p class='ocr_par' dir='ltr' id='par_1_113' title="bbox 563 5734 2118 5806">
     <span class='ocr_line' id='line_1_113' title="bbox 563 5734 2118 5806; baseline 0.004 -19"><span class='ocrx_word' id='word_1_819' title='bbox 563 5750 668 5800; x_wconf 63' lang='lat' dir='ltr'><strong>tuae</strong></span> <span class='ocrx_word' id='word_1_820' title='bbox 701 5737 773 5790; x_wconf 90' lang='lat' dir='ltr'><strong>ibi</strong></span> <span class='ocrx_word' id='word_1_821' title='bbox 807 5734 1045 5789; x_wconf 78' lang='lat' dir='ltr'><strong>habebat</strong></span> <span class='ocrx_word' id='word_1_822' title='bbox 1071 5735 1216 5789; x_wconf 87' lang='lat' dir='ltr'><strong>idola</strong></span> <span class='ocrx_word' id='word_1_823' title='bbox 1240 5737 1660 5791; x_wconf 85' lang='lat' dir='ltr'><strong>eomminucret.</strong></span> <span class='ocrx_word' id='word_1_824' title='bbox 1697 5740 1792 5792; x_wconf 80' lang='lat' dir='ltr'><strong>llic</strong></span> <span class='ocrx_word' id='word_1_825' title='bbox 1822 5755 1975 5806; x_wconf 83' lang='lat' dir='ltr'><strong>vero,</strong></span> <span class='ocrx_word' id='word_1_826' title='bbox 2011 5756 2118 5793; x_wconf 90' lang='lat' dir='ltr'><strong>non</strong></span> 
     </span>
    </p>
   </div>
   <div class='ocr_carea' id='block_1_114' title="bbox 2224 5177 3789 5258">
    <p class='ocr_par' dir='ltr' id='par_1_114' title="bbox 2224 5177 3789 5258">
     <span class='ocr_line' id='line_1_114' title="bbox 2224 5177 3789 5258; baseline -0.01 -18"><span class='ocrx_word' id='word_1_827' title='bbox 2224 5188 2471 5258; x_wconf 86' lang='grc' dir='ltr'>χόμεναι,</span> <span class='ocrx_word' id='word_1_828' title='bbox 2518 5182 2653 5236; x_wconf 85' lang='grc' dir='ltr'>ἀλλὰ</span> <span class='ocrx_word' id='word_1_829' title='bbox 2707 5180 2800 5233; x_wconf 69' lang='grc' dir='ltr'><strong>καὶ</strong></span> <span class='ocrx_word' id='word_1_830' title='bbox 2846 5178 2897 5231; x_wconf 81' lang='grc' dir='ltr'><strong>εἴ</strong></span> <span class='ocrx_word' id='word_1_831' title='bbox 2950 5197 3001 5231; x_wconf 87' lang='grc' dir='ltr'><strong>τι</strong></span> <span class='ocrx_word' id='word_1_832' title='bbox 3040 5177 3172 5231; x_wconf 76' lang='grc' dir='ltr'>ἄλλο</span> <span class='ocrx_word' id='word_1_833' title='bbox 3204 5178 3300 5230; x_wconf 80' lang='grc' dir='ltr'>τοῦ</span> <span class='ocrx_word' id='word_1_834' title='bbox 3341 5177 3594 5246; x_wconf 83' lang='grc' dir='ltr'>σώματος</span> <span class='ocrx_word' id='word_1_835' title='bbox 3626 5177 3789 5245; x_wconf 76' lang='grc' dir='ltr'>μέλος,</span> 
     </span>
    </p>
   </div>
   <div class='ocr_carea' id='block_1_115' title="bbox 2227 5265 3794 5346">
    <p class='ocr_par' dir='ltr' id='par_1_115' title="bbox 2227 5265 3794 5346">
     <span class='ocr_line' id='line_1_115' title="bbox 2227 5265 3794 5346; baseline -0.01 -15"><span class='ocrx_word' id='word_1_836' title='bbox 2227 5278 2392 5346; x_wconf 81' lang='grc' dir='ltr'>ὑγιῶς</span> <span class='ocrx_word' id='word_1_837' title='bbox 2423 5277 2652 5329; x_wconf 76' lang='grc' dir='ltr'>ἐκινεῖτο</span> <span class='ocrx_word' id='word_1_838' title='bbox 2687 5273 2781 5325; x_wconf 67' lang='grc' dir='ltr'><strong>καὶ</strong></span> <span class='ocrx_word' id='word_1_839' title='bbox 2812 5269 2951 5322; x_wconf 82' lang='grc' dir='ltr'>κατά</span> <span class='ocrx_word' id='word_1_840' title='bbox 2989 5268 3175 5338; x_wconf 79' lang='grc' dir='ltr'>φύσιν.</span> <span class='ocrx_word' id='word_1_841' title='bbox 3205 5270 3271 5320; x_wconf 77' lang='grc' dir='ltr'><strong>Οἱ</strong></span> <span class='ocrx_word' id='word_1_842' title='bbox 3302 5271 3409 5338; x_wconf 79' lang='grc' dir='ltr'>μὲν</span> <span class='ocrx_word' id='word_1_843' title='bbox 3431 5265 3525 5323; x_wconf 73' lang='grc' dir='ltr'>οὖν</span> <span class='ocrx_word' id='word_1_844' title='bbox 3553 5267 3794 5338; x_wconf 79' lang='grc' dir='ltr'>παρόντες</span> 
     </span>
    </p>
   </div>
   <div class='ocr_carea' id='block_1_116' title="bbox 2226 5356 3793 5438">
    <p class='ocr_par' dir='ltr' id='par_1_116' title="bbox 2226 5356 3793 5438">
     <span class='ocr_line' id='line_1_116' title="bbox 2226 5356 3793 5438; baseline -0.011 -16"><span class='ocrx_word' id='word_1_845' title='bbox 2226 5369 2302 5438; x_wconf 80' lang='grc' dir='ltr'><strong>τῷ</strong></span> <span class='ocrx_word' id='word_1_846' title='bbox 2339 5367 2431 5420; x_wconf 84' lang='grc' dir='ltr'>τοῦ</span> <span class='ocrx_word' id='word_1_847' title='bbox 2467 5365 2741 5434; x_wconf 79' lang='grc' dir='ltr'>θαύματος</span> <span class='ocrx_word' id='word_1_848' title='bbox 2794 5360 3012 5432; x_wconf 84' lang='grc' dir='ltr'>μεγέθει</span> <span class='ocrx_word' id='word_1_849' title='bbox 3064 5361 3595 5432; x_wconf 82' lang='grc' dir='ltr'>καταπεπλήγεσαν,</span> 
     </span>
    </p>
   </div>
   <div class='ocr_carea' id='block_1_117' title="bbox 2225 5445 3788 5528">
    <p class='ocr_par' dir='ltr' id='par_1_117' title="bbox 2225 5445 3788 5528">
     <span class='ocr_line' id='line_1_117' title="bbox 2225 5445 3788 5528; baseline -0.006 -15"><span class='ocrx_word' id='word_1_850' title='bbox 2225 5460 2440 5528; x_wconf 86' lang='grc' dir='ltr'>τυχόντι</span> <span class='ocrx_word' id='word_1_851' title='bbox 2479 5457 2577 5525; x_wconf 79' lang='grc' dir='ltr'>τῆς</span> <span class='ocrx_word' id='word_1_852' title='bbox 2620 5453 2917 5524; x_wconf 81' lang='grc' dir='ltr'>θεραπείας</span> <span class='ocrx_word' id='word_1_853' title='bbox 2947 5451 2975 5502; x_wconf 87' lang='grc' dir='ltr'><strong>ὁ</strong></span> <span class='ocrx_word' id='word_1_854' title='bbox 3006 5451 3200 5517; x_wconf 73' lang='grc' dir='ltr'>’Ἄγιος</span> <span class='ocrx_word' id='word_1_855' title='bbox 3233 5453 3484 5515; x_wconf 85' lang='grc' dir='ltr'>ἀθεάτως</span> <span class='ocrx_word' id='word_1_856' title='bbox 3509 5445 3788 5517; x_wconf 69' lang='grc' dir='ltr'>ἐπιφανεῖς.</span> 
     </span>
    </p>
   </div>
   <div class='ocr_carea' id='block_1_118' title="bbox 2224 5536 3789 5613">
    <p class='ocr_par' dir='ltr' id='par_1_118' title="bbox 2224 5536 3789 5613">
     <span class='ocr_line' id='line_1_118' title="bbox 2224 5536 3789 5613; baseline -0.014 -8"><span class='ocrx_word' id='word_1_857' title='bbox 2224 5551 2405 5605; x_wconf 84' lang='grc' dir='ltr'>οἴκαδε</span> <span class='ocrx_word' id='word_1_858' title='bbox 2438 5550 2682 5613; x_wconf 84' lang='grc' dir='ltr'>ἀπιέναι,</span> <span class='ocrx_word' id='word_1_859' title='bbox 2723 5546 2790 5599; x_wconf 84' lang='grc' dir='ltr'><strong>τά</strong></span> <span class='ocrx_word' id='word_1_860' title='bbox 2832 5562 2891 5597; x_wconf 89' lang='grc' dir='ltr'>τε</span> <span class='ocrx_word' id='word_1_861' title='bbox 2939 5542 3071 5611; x_wconf 84' lang='grc' dir='ltr'>παρ’</span> <span class='ocrx_word' id='word_1_862' title='bbox 3104 5542 3258 5612; x_wconf 71' lang='grc' dir='ltr'>αὐτῷ</span> <span class='ocrx_word' id='word_1_863' title='bbox 3290 5543 3490 5597; x_wconf 73' lang='grc' dir='ltr'>εἴδωλα</span> <span class='ocrx_word' id='word_1_864' title='bbox 3512 5536 3789 5608; x_wconf 76' lang='grc' dir='ltr'>συντρίϐει-ι</span> 
     </span>
    </p>
   </div>
   <div class='ocr_carea' id='block_1_119' title="bbox 2230 5629 3785 5714">
    <p class='ocr_par' dir='ltr' id='par_1_119' title="bbox 2230 5629 3785 5714">
     <span class='ocr_line' id='line_1_119' title="bbox 2230 5629 3785 5714; baseline -0.012 -17"><span class='ocrx_word' id='word_1_865' title='bbox 2230 5644 2432 5714; x_wconf 81' lang='grc' dir='ltr'>σπουδῇ</span> <span class='ocrx_word' id='word_1_866' title='bbox 2459 5639 2774 5712; x_wconf 81' lang='grc' dir='ltr'>παρηγγύα.</span> <span class='ocrx_word' id='word_1_867' title='bbox 2810 5636 2868 5690; x_wconf 84' lang='grc' dir='ltr'>Ὀ</span> <span class='ocrx_word' id='word_1_868' title='bbox 2899 5636 2955 5688; x_wconf 77' lang='grc' dir='ltr'>δὲ</span> <span class='ocrx_word' id='word_1_869' title='bbox 2985 5636 3048 5687; x_wconf 88' lang='grc' dir='ltr'>οὐ</span> <span class='ocrx_word' id='word_1_870' title='bbox 3076 5636 3177 5705; x_wconf 84' lang='grc' dir='ltr'>τὴν</span> <span class='ocrx_word' id='word_1_871' title='bbox 3203 5636 3432 5707; x_wconf 77' lang='grc' dir='ltr'>ἐντολὴν</span> <span class='ocrx_word' id='word_1_872' title='bbox 3469 5636 3623 5706; x_wconf 85' lang='grc' dir='ltr'>μόνον</span> <span class='ocrx_word' id='word_1_873' title='bbox 3649 5629 3785 5694; x_wconf 68' lang='grc' dir='ltr'>ὀξέως</span> 
     </span>
    </p>
   </div>
   <div class='ocr_carea' id='block_1_120' title="bbox 2229 5719 3782 5806">
    <p class='ocr_par' dir='ltr' id='par_1_120' title="bbox 2229 5719 3782 5806">
     <span class='ocr_line' id='line_1_120' title="bbox 2229 5719 3782 5806; baseline -0.009 -16"><span class='ocrx_word' id='word_1_874' title='bbox 2229 5736 2487 5806; x_wconf 80' lang='grc' dir='ltr'>ἐπλήρου,</span> <span class='ocrx_word' id='word_1_875' title='bbox 2512 5732 2648 5788; x_wconf 82' lang='grc' dir='ltr'><strong>ἀλλά</strong></span> <span class='ocrx_word' id='word_1_876' title='bbox 2673 5749 2723 5783; x_wconf 89' lang='grc' dir='ltr'><strong>τι</strong></span> <span class='ocrx_word' id='word_1_877' title='bbox 2748 5729 2839 5783; x_wconf 69' lang='grc' dir='ltr'><strong>καὶ</strong></span> <span class='ocrx_word' id='word_1_878' title='bbox 2858 5726 2988 5798; x_wconf 84' lang='grc' dir='ltr'>παρ’</span> <span class='ocrx_word' id='word_1_879' title='bbox 3019 5724 3217 5781; x_wconf 77' lang='grc' dir='ltr'>ἑαυτοῦ</span> <span class='ocrx_word' id='word_1_880' title='bbox 3246 5727 3563 5797; x_wconf 82' lang='grc' dir='ltr'>προσετίθει</span> <span class='ocrx_word' id='word_1_881' title='bbox 3599 5719 3782 5792; x_wconf 64' lang='grc' dir='ltr'><strong>πῦραὺι</strong></span> 
     </span>
    </p>
   </div>
  </div>
