3960 6284
108 308 255 376 sm
1102 280 1310 378 ~Vim
1347 316 1394 374 Α
1427 313 1867 375 NlCEPIIORO
1903 317 2393 381 CONSCRIPTA.
3250 322 3393 389 3m

119 452 235 513 τοῖς
266 452 405 520 μετὰ
435 453 532 522 τῆς
561 451 851 523 συντριϐἧς
891 449 1162 519 ὲμόαλὼν,
1186 452 1281 505 καὶ
1309 450 1409 521 τὴν
1438 450 1683 521 προτέρα

1828 433 1978 488 modo
2028 436 2177 505 quod
2215 437 2404 506 jussus
2442 448 2561 491 erat
2588 438 2915 508 :zdimplcvit
2962 455 3256 512 accurato;
3295 447 3392 503 sed

120 545 344 614 ἀπάτην
407 543 794 613 δημοσιεύσας,
839 543 1089 612 καθάπερ
1151 541 1298 612 αὑτῷ
1351 543 1556 611 ταύτης
1603 543 1684 595 ob:

1826 524 2018 595 Iliquid
2055 527 2221 582 etiam
2273 530 2671 598 superaddens,
2704 532 2816 601 jam
2849 536 3086 590 contrita
3118 538 3307 607 injecit
3335 541 3390 594 in

121 634 281 702 ὀλίγα
314 634 726 705 μεταμελῆσαν.

1830 631 2021 685 gnem;
2086 633 2150 672 ac
2200 620 2495 688 pristinum
2554 636 2799 675 errorem
2862 637 3021 678 suum
3085 630 3391 695 publicans.

1809 708 2054 763 ostendit
2092 725 2150 764 se
2180 726 2295 764 non
2348 727 2485 765 vana
2522 712 2850 780 paenitentia
2890 715 3039 769 duci.

198 811 292 863 σδ’.
324 804 491 872 Οὗτος
530 811 589 862 ἐν
636 808 788 877 ἀκμῇ
827 806 928 876 τῆς
969 806 1290 877 ἡλικίας,ώς
1344 807 1575 877 ἔφημεν,
1607 806 1702 873 ὢν,

1878 798 2005 854 204.
2034 799 2367 873 Versabatur
2391 803 2501 866 ille,
2536 813 2595 857 ut
2618 804 2825 859 dictum
2852 814 2957 866 est,
2993 808 3047 861 in
3080 808 3215 863 ﬂore
3261 821 3393 865 ana-

129 898 498 971 μνηστεύεταί
528 914 672 961 τινος
701 897 964 964 Ἕλληνος
1004 895 1299 967 θυγατέρα,
1338 896 1594 958 τοιαύτας
1622 895 1693 948 θέ-

1828 891 1899 959 is,
1963 886 2337 963 poscebatque
2386 910 2613 951 uxorem
2658 897 2762 951 sibi
2821 899 3047 967 gentilis
3102 902 3392 970 cujusdam

129 1007 290 1060 μενος
316 988 533 1059 πρῶτον
561 986 680 1057 Θεῷ
716 988 807 1040 καὶ
833 986 913 1058 τῷ
945 986 1172 1057 Συμεὼν
1195 987 1541 1057 ὑποσχέσεις,
1563 986 1693 1040 ὥστε

1832 982 2002 1046 lliam,
2060 983 2165 1037 hac
2195 984 2350 1052 prius
2399 985 2798 1054 pollicitatione
2844 989 2958 1043 Deo
3016 1005 3081 1044 ac
3135 990 3396 1063 Symeoni

130 1087 205 1154 μὴ
267 1088 533 1153 πρότερον
598 1083 862 1152 ὁμιλῆσαι
913 1082 1113 1151 γάμοις
1168 1080 1301 1152 πρὶν
1340 1080 1407 1135 ἂν
1437 1081 1587 1150 παρὰ
1620 1082 1694 1134 τοι

1830 1073 1974 1137 'acta,
2007 1088 2115 1128 non
2142 1075 2399 1128 daturum
2430 1091 2490 1131 se
2510 1079 2666 1146 prius
2689 1093 2917 1147 cperam
2936 1084 3394 1155 conjugio,quam

127 1178 318 1230 στύλον
348 1177 662 1245 γενόμενος,
695 1174 889 1246 ὑψώσῃ
929 1190 987 1227 σε
1018 1175 1046 1226 ό
1087 1174 1219 1236 Θεός
1256 1191 1356 1244 μου
1386 1177 1426 1227 ό⁴
1450 1173 1691 1228 Βασιλεύ.

1831 1163 2080 1217 iccedens
2103 1164 2170 1218 ad
2205 1165 2540 1231 columnam,
2564 1177 2618 1220 te
2636 1168 2807 1222 Deum
2836 1186 2903 1226 ac
2934 1187 3116 1242 regem
3144 1184 3395 1229 nostrum

128 1286 253 1337 μου,
290 1269 383 1320 καὶ
414 1266 489 1335 τῷ
537 1266 614 1336 σῷ
645 1266 936 1337 θεράποντι
970 1267 1197 1337 Συμεὼν
1247 1265 1430 1337 ἁποδῷ
1479 1261 1580 1329 τὰς
1617 1268 1692 1320 εὑ·

1831 1254 2102 1310 :xtulisset
2161 1256 2377 1311 meritis
2433 1258 2711 1325 laudibus,
2772 1277 2985 1333 suoque
3033 1266 3247 1320 medico
3293 1265 3395 1334 Sy-

129 1360 437 1430 χαριστίας.
473 1358 581 1411 Τοῦ
615 1358 673 1411 δὲ
701 1359 802 1428 τῆς
833 1361 1001 1429 κόρης
1035 1358 1263 1430 πατρὸς,
1300 1361 1352 1412 εί
1388 1357 1463 1430 μὴ
1509 1359 1605 1411 νῦν
1657 1361 1693 1411 oi

1829 1346 1994 1401 neoni
2017 1346 2223 1417 gratias
2244 1348 2624 1417 persolvisset.
2660 1349 2765 1404 Sed
2808 1367 2932 1405 cum
2983 1354 3181 1422 puclla}
3212 1363 3393 1422 pater,

128 1452 298 1521 γάμοι
330 1449 754 1513 συντελεσθεῖεν’
799 1451 899 1502 οὐκ
929 1451 1131 1503 ἀνεκτὰ
1158 1450 1507 1518 ποιουμένου,
1539 1450 1712 1504 ὲκδὼι
1814 1437 1922 1492 nisi
1945 1437 2132 1492 statim
2187 1438 2384 1492 tierent
2437 1440 2664 1508 nuptirc,
2718 1458 2827 1495 non
2880 1446 3281 1512 permissurum
3335 1464 3395 1503 se

130 1542 321 1595 σεσθαι
371 1542 427 1595 δὲ
454 1542 548 1595 καὶ
578 1542 739 1594 αὑτὸν
762 1541 934 1612 ἑτέρῳ
975 1542 1180 1610 μᾶλλον
1211 1543 1366 1613 ἄνδρὶ
1424 1540 1694 1596 ἀπειλοῦνο

1828 1527 2035 1592 ieinde,
2061 1527 2172 1581 imo
2195 1527 2353 1581 alteri
2407 1530 2526 1581 viro
2566 1531 2964 1586 collocaturum
3024 1535 3187 1588 ﬁliam
3238 1551 3392 1589 suam

127 1651 246 1701 τος,
298 1634 556 1705 δευτέρας
597 1637 803 1696 ἐκεῖνος
833 1635 940 1687 τῶν
971 1635 1035 1688 ἐκ
1066 1635 1160 1690 τοῦ
1191 1634 1456 1706 πενθεροῦ
1488 1633 1691 1705 θέμενοι

1825 1618 2191 1684 minitaretur;
2209 1625 2368 1687 pacta
2385 1618 2475 1673 ille
2499 1635 2624 1673 cum
2648 1632 2842 1676 sancto
2865 1624 2999 1678 inita
3026 1636 3389 1695 postponens,

134 1725 395 1795 ἀναγκῶν
425 1726 523 1788 τὰς
572 1725 712 1796 πρὸς
761 1725 850 1779 τὸν
888 1727 1078 1793 Ἀγιον
1127 1725 1427 1796 συνθήκας,
1474 1726 1698 1780 ἐπινεύεξ

1827 1708 2129 1764 necessitati
2154 1725 2183 1763 a
2214 1724 2410 1763 socero
2440 1709 2545 1763 sibi
2593 1710 2748 1766 factae
2778 1713 2972 1766 annuit
3004 1714 3132 1769 licet
3164 1715 3391 1781 invitus;

130 1817 231 1870 καὶ
256 1781 429 1882 άκων,
464 1816 559 1869 καὶ
593 1781 727 1887 δῆτα
752 1781 984 1869 πάντων
1006 1817 1114 1870 τῶν
1154 1818 1219 1871 ὲκ
1241 1781 1344 1887 τὴς
1401 1816 1694 1888 περιχώροι

1839 1802 1984 1871 dque
2008 1803 2351 1872 congregatis
2373 1801 2489 1856 i‘ere
2515 1803 2713 1857 vicinis
2741 1804 3023 1867 omnibus,
3043 1806 3138 1874 qui
3162 1808 3395 1875 gentiles

132 1909 323 1980 σχεδὸν
336 1906 1021 1979 άθροισθέντων,Ἕλληνες
1032 1907 1089 1960 δὲ
1103 1903 1243 1978 ἦσαν
1258 1906 1365 1979 ἄρα
1379 1907 1476 1960 κα)⁸
1493 1910 1591 1979 τῆς
1606 1906 1696 1961 Ἑλ

1831 1900 1974 1948 erant
2005 1901 2062 1947 et
2087 1893 2376 1962 gentilitiis
2430 1894 2922 1963 superstitionibus
2979 1896 3173 1951 dediti.
3224 1898 3395 1951 Porro

110 1988 303 2057 οὶήνων
334 1985 654 2056 θρησκείας,
684 1984 759 2048 ὡς
789 1986 889 2057 ἤδη
920 1985 1016 2040 καὶ
1039 1988 1088 2040 oi
1112 1989 1282 2058 γάμοι
1306 1989 1674 2044 συνετελοῦντο

1828 1983 2112 2039 celebratis
2163 1985 2274 2053 jam
2323 1985 2535 2053 nuptiis
2593 1986 2888 2055 soluteque
2920 1989 3194 2050 convivio,
3256 1989 3392 2044 insi-

120 2078 225 2134 καὶ
253 2077 322 2130 τὰ
349 2076 596 2148 γαμήλια
627 2077 926 2142 εἱστιῶντο,
980 2078 1235 2147 δαίμονες
1281 2081 1463 2144 αὐτοῖς
1511 2082 1684 2153 ἀθρόοι

1826 2075 1957 2128 liunt
2009 2084 2236 2144 repente
2284 2074 2585 2140 daemones,
2650 2093 2761 2130 non
2810 2079 2987 2132 solum
3034 2079 3088 2133 in
3127 2096 3390 2150 generum

136 2171 489 2243 ἐπιπηδῶσιν,
518 2172 580 2225 οὑ
630 2174 707 2242 τῷ
749 2173 985 2244 γαμϐρῷ
1009 2175 1106 2229 καὶ
1137 2175 1214 2246 τῷ
1244 2176 1492 2248 πενθερῷ
1524 2177 1700 2248 μόνον,

1825 2173 1980 2234 atque
2013 2179 2289 2230 socerum,
2316 2165 2412 2220 sed
2440 2174 2496 2220 et
2525 2165 2579 2220 in
2610 2154 2894 2235 sponsam,
2923 2168 2999 2222 .in
3049 2179 3302 2234 matrem,
3337 2170 3389 2224 in

135 2263 266 2317 ἀλλὰ
288 2264 380 2317 καὶ
411 2267 473 2335 τῇ
506 2263 690 2335 νύμφῃ
724 2263 945 2336 δηλαδὴ,
977 2267 1070 2320 καὶ
1095 2269 1162 2336 τῇ
1219 2269 1408 2340 μητρὶ,
1452 2269 1550 2322 καὶ
1595 2272 1699 2332 τοῖς

1828 2256 2035 2318 Fratres,
2067 2266 2124 2312 et
2156 2266 2428 2327 quotquot
2448 2259 2688 2313 ministri
2727 2259 3040 2316 fautoresve
3076 2264 3392 2333 nuptiarum

136 2356 400 2426 ἀδελφοῖς.
429 2357 526 2410 καὶ
558 2358 674 2410 ὅσοι
704 2357 854 2411 ἄλλοι
895 2359 1006 2411 τῶν
1034 2360 1231 2428 γάμων
1263 2355 1403 2430 ἦσαν
1438 2359 1700 2429 ὑπηρέται

1832 2346 2077 2414 Fuerant;
2109 2349 2296 2403 divina
2331 2349 2547 2419 justitia
2590 2367 2700 2405 non
2738 2361 2846 2405 tam
2894 2368 3061 2422 aegre,
3125 2363 3187 2408 ut
3240 2363 3396 2424 puto,

134 2451 229 2503 καὶ
260 2449 590 2502 σπουδασταί
612 2464 624 2477 ·
656 2451 754 2519 οὐχ
783 2449 924 2503 οὕτω
946 2451 1046 2521 τὴν
1063 2449 1174 2503 τῶν
1205 2451 1490 2520 συνθηκῶν
1517 2453 1698 2522 ἀθέτη-

1830 2435 2028 2492 r'erente
2083 2438 2394 2507 neglectum
2455 2449 2762 2507 pactorum,
2814 2457 2981 2510 quam
3038 2444 3261 2498 volente
3324 2445 3394 2498 ab

138 2557 244 2603 σιν,
267 2535 442 2609 οἶμαι,
464 2539 566 2609 τῆς
600 2539 748 2603 θείας
774 2540 930 2612 δίκης
959 2540 1438 2613 δυσχεραινούσης,
1457 2544 1580 2597 ὅσον
1602 2543 1702 2596 ἀπὸ

1831 2528 2089 2583 .dolorum
2122 2544 2316 2583 errore
2349 2529 2617 2584 abductas
2643 2533 2858 2588 animas
2905 2533 2972 2587 ad
3017 2535 3136 2589 veri
3169 2537 3264 2590 Dei
3297 2551 3395 2591 co-

134 2632 236 2702 τῆς
269 2632 359 2683 ἐπὶ
379 2633 446 2683 τὰ
468 2630 663 2683 εἴδωλα
694 2631 902 2702 πλάνης
931 2632 1256 2703 ἐπιστρέψαι
1286 2633 1461 2703 ψυχάς
1479 2636 1557 2697 είς
1589 2632 1698 2686 ἐπί-

1830 2620 2118 2690 ςηὶιὶοηοω
2148 2622 2399 2675 converti
2429 2637 2443 2674 :
2483 2615 2629 2691 quod
2662 2624 2829 2677 etiam
2876 2626 3143 2681 continuo
3189 2627 3394 2682 factum

141 2739 340 2790 γνωσιν
396 2721 532 2773 Θεοῦ
579 2721 930 2791 βουλομένης.
993 2724 1059 2775 Ὃ
1104 2723 1167 2793 δὴ
1216 2726 1308 2776 καὶ
1356 2725 1498 2778 κατὰ
1545 2724 1705 2788 πόδας

1830 2716 1923 2763 ast.
1953 2708 2198 2779 Abiectis
2218 2710 2364 2764 enim
2390 2710 2457 2765 iis
2499 2728 2620 2781 quae
2647 2728 2759 2782 prae
2808 2715 3065 2770 manibus
3093 2728 3270 2784 erant,
3301 2733 3394 2773 ce-

136 2815 373 2883 ὰπήντα.
408 2812 691 2880 Ῥίψαντες
709 2813 818 2882 γὰρ
841 2812 908 2865 τὰ
939 2815 996 2866 ἐν
1022 2817 1176 2883 χερσὶ
1203 2815 1700 2886 πάντες,δρομαίως

1831 2801 1919 2856 teri
1953 2817 2120 2856 cursu
2147 2801 2215 2856 ad
2242 2812 2495 2857 sanctum
2525 2805 2837 2873 pervadunt
2881 2821 3093 2871 omnes,
3134 2823 3243 2862 non
3270 2819 3395 2864 tan-

137 2905 292 2974 παρὰ
333 2903 425 2956 τὸν
466 2904 655 2972 ’Λγιον
694 2904 1068 2972 ἀφικνοῦνται,
1117 2909 1178 2959 οὑ
1224 2906 1516 2977 θεραπείας
1551 2908 1701 2976 μόνοι

1827 2902 1933 2948 tum
1961 2902 2220 2964 rogantes
2249 2893 2542 2959 medelam,
2577 2896 2671 2949 sed
2697 2904 2753 2950 et
2785 2897 3005 2965 publice
3046 2900 3391 2967 proclaman-

137 2996 323 3064 τυχεῖν
342 2994 638 3059 ἀξιοῦντες,
670 2995 806 3049 ἀλλὰ
834 2996 932 3050 καὶ
959 2996 1058 3067 τὴν
1084 2998 1210 3068 περὶ
1239 2999 1307 3052 τά
1335 2998 1530 3052 εἴδωλα
1561 2998 1701 3066 σφῶν

1831 2995 1902 3040 les
1935 2986 2143 3040 cultum
2174 2985 2450 3039 idolorum
2511 3002 2737 3041 suorum
2798 3003 2920 3043 esse
2966 3004 3284 3055 erroneum,
3339 3001 3395 3045 et

138 3086 356 3157 ἀπάτην
380 3087 814 3158 δημοσιεύοντες,
865 3088 959 3142 καὶ
1011 3091 1202 3160 μισθὸν
1228 3090 1416 3162 ὥσπερ
1441 3087 1507 3165 ἧς
1549 3091 1702 3163 ᾔτουι

1828 3076 1977 3145 quasi
2009 3076 2321 3131 mercedem
2364 3078 2627 3146 postulati
2674 3078 2925 3132 beneﬁcii
2973 3080 3392 3135 conversionem

139 3179 480 3249 εὐεργεσίας,
512 3179 609 3250 τὴν
637 3181 718 3244 εἰς
744 3180 878 3234 Θεδν
899 3172 1235 3254 ἐπιστροφὴν
1265 3184 1703 3247 καταϐάλλοντεςς

1829 3167 1887 3222 ad
1909 3168 2081 3222 Deum
2108 3168 2493 3238 rependentes.
2517 3169 2627 3224 Eos
2646 3185 2778 3240 ergo
2816 3170 2965 3225 celer
3013 3171 3082 3225 ad
3122 3172 3393 3227 miseran-

143 3265 250 3328 Οὓς
283 3266 313 3318 ὁ
358 3267 525 3335 ταχὺς
557 3266 636 3327 είς
661 3260 846 3318 οἶκτον
876 3265 1060 3330 εὐθὺς,
1087 3267 1185 3336 τῆς
1218 3268 1284 3319 ἐκ
1321 3266 1417 3320 τοῦ
1467 3265 1707 3335 δαίμονος

1830 3256 1951 3311 dum
2009 3256 2266 3328 Symeon,
2305 3267 2362 3313 et
2392 3259 2658 3315 daemonis
2719 3261 3011 3316 vexatione
3069 3263 3294 3327 liberos,
3339 3274 3394 3323 et

142 3355 408 3427 ἐπηρείας
437 3354 840 3425 ἐλευθερώσας,
872 3357 969 3409 καὶ
1006 3357 1110 3410 ὅσα
1135 3358 1271 3429 πρὸς
1309 3358 1587 3427 σωτηρίαν
1638 3356 1706 3409 δι·

1828 3350 2128 3404 necessaria
2162 3350 2230 3404 ad
2257 3351 2491 3406 salutem
2518 3351 2766 3417 edoctos,
2807 3354 3141 3423 monitisque
3172 3354 3392 3409 institu-

141 3447 309 3512 δάξας
340 3447 439 3500 καὶ
473 3447 835 3517 παραινέσας,
865 3449 1040 3515 ὑγιεῖς
1069 3449 1252 3503 οἴκαδε
1300 3447 1551 3511 ἀπολύει,
1582 3448 1705 3519 λαμ·

1822 3450 1928 3505 tos,
1967 3456 2129 3496 sanos
2169 3449 2334 3512 atque
2386 3443 2693 3497 incolumes
2742 3443 2936 3498 domos
2990 3459 3118 3498 suas
3150 3444 3379 3507 remisit,

145 3538 419 3609 προτέραν
451 3536 560 3591 τῶν
589 3538 795 3610 γάμων
834 3539 1011 3609 πολλῷ
1048 3542 1148 3610 τὴν
1186 3539 1398 3594 ἑαυτῶν
1443 3542 1709 3611 σωτηρίαν

1824 3530 2167 3600 Splendidius
2188 3532 2567 3586 conversionis
2586 3548 2697 3586 suae
2721 3547 2883 3601 quam
2907 3532 3220 3602 nuptiarum
3245 3532 3388 3586 diem

144 3629 634 3701 πανηγυρίζοντας.
1150 3646 1153 3651 ‘

1150 3646 1153 3651 ·
1819 3621 2215 3675 celebraturos.

216 3726 313 3776 σε’.
344 3720 663 3793 Παρέόαλόν
716 3739 862 3786 τινες
919 3722 1069 3792 αὑτῷ
1111 3722 1210 3793 τῆς
1278 3721 1708 3785 Καππαδοκῶν,

1887 3710 2012 3764 205.
2048 3711 2420 3765 Perveneram
2453 3710 2676 3779 quidam
2735 3709 3087 3779 Cappadoces
3145 3710 3212 3766 ad
3270 3726 3395 3767 san-

144 3812 411 3875 ποικίλοις
434 3814 630 3867 πάθεσι
655 3814 967 3884 πιεζόμενοι
994 3830 1008 3845 ο
1048 3812 1256 3867 τούτων
1294 3808 1375 3875 εἷς
1405 3813 1600 3876 ἄλαλος
1623 3809 1708 3881 ἦν.

1827 3809 1993 3863 etum,
2018 3799 2184 3854 variis
2234 3799 2652 3854 infirmitatibus
2690 3800 2896 3864 aﬂ‘ecti,
2960 3816 3198 3871 quorum
3247 3817 3391 3857 unus

140 3903 265 3957 Τῶν
294 3903 424 3972 γοῦν
468 3904 644 3957 ἄλλων
674 3904 970 3974 θεραπείας
1012 3904 1118 3957 ὑπὸ
1149 3903 1246 3957 τοῦ
1290 3904 1474 3972 Ἀγίου
1524 3904 1704 3974 τυχόν-

1828 3901 1937 3947 erat
1962 3900 2168 3946 mutus.
2210 3890 2348 3946 Cum
2404 3899 2587 3945 autem
2619 3907 2689 3945 ex
2736 3890 2825 3946 his
2866 3891 2956 3946 alii
3015 3893 3392 3950 incolumitate

138 4016 268 4064 των,
303 4000 461 4068 μόνος
489 3999 649 4070 ἔμενε
680 4000 947 4069 κωφεύων
977 4002 1205 4063 ἐκεῖνος,
1242 3998 1366 4070 μηδ’
1394 3997 1575 4054 ὁτιοῦν
1618 3999 1702 4069 τῆς

1827 3981 2180 4044 donarentur,
2216 3980 2367 4035 solus
2397 3980 2489 4034 hic
2544 3980 2786 4051 elinguis
2818 3984 3136 4050 permansit,
3182 3984 3391 4037 nullum

136 4092 218 4154 είς
246 4091 409 4144 αὑτὸν
441 4092 667 4162 πορείας
707 4091 990 4161 ὀνάμενος.
1023 4091 1226 4160 Τρίτην
1269 4090 1561 4161 τοιγαροῦν
1595 4107 1700 4142 πα-

1827 4073 1888 4127 ab
1915 4087 1981 4127 eo
2040 4071 2237 4126 itinere
2293 4072 2543 4126 levamen
2600 4079 2816 4126 nactus.
2865 4072 3133 4128 Triduum
3190 4074 3391 4129 ibidem

140 4183 511 4254 ραμείναντες
548 4183 756 4252 ἡμέραν
788 4185 923 4246 ἐκεῖ,
954 4182 1029 4244 ὡς
1072 4182 1170 4254 ἠδη
1214 4183 1311 4252 τὴν
1343 4183 1469 4253 έξῆς
1494 4181 1704 4252 ἐμελλοι

1829 4162 2173 4233 perstiterant
2201 4170 2258 4217 et
2288 4171 2507 4231 postera
2540 4163 2664 4218 luce
2708 4163 2914 4217 abituri
2960 4173 3138 4227 erant,
3174 4165 3393 4234 quando

137 4253 386 4337 άπιέναι,
418 4275 798 4344 διαναθέμενοι
845 4275 914 4327 τὰ
943 4275 1159 4345 φορτία,
1195 4274 1395 4328 εἰσίασι
1437 4275 1573 4346 πρὸς
1615 4274 1701 4329 αὑ-

1831 4254 2065 4308 :ollectis
2094 4253 2328 4307 sarcinis
2371 4253 2440 4307 ad
2490 4264 2740 4308 sanctum
2795 4255 3072 4320 adierunt,
3126 4256 3395 4312 interces-

136 4365 251 4428 τὸν,
279 4365 375 4417 τοῦ
414 4366 512 4428 τὰς
568 4364 734 4418 αὐτοῦ
765 4366 932 4435 εὐχᾶς
977 4365 1387 4435 ὲφοδιασθῆναι.
1437 4366 1495 4420 '0
1530 4366 1693 4436 μέντο

1832 4346 2027 4400 sionem
2053 4360 2118 4400 ac
2142 4360 2334 4414 preces
2363 4346 2535 4415 ipsius
2562 4361 2664 4415 pro
2697 4346 2902 4401 viatico
2921 4348 3223 4417 accepturi.
3248 4349 3396 4402 Inter

138 4456 342 4524 κωφὸς,
373 4458 640 4511 οίκτιστόν
663 4474 716 4510 τι
747 4460 885 4528 προς
912 4459 1074 4512 αὑτὸν
1112 4458 1332 4528 βλέψας,
1361 4459 1621 4513 διανεύων
1645 4454 1702 4530 ἧι

1832 4439 1957 4492 alios
2009 4445 2197 4492 mutus
2246 4437 2334 4492 hic
2377 4449 2635 4491 sanctum
2685 4437 2929 4502 intuens,
2977 4438 3134 4492 triste
3171 4438 3301 4508 quid
3333 4454 3396 4492 ac

135 4549 274 4614 ἄγαν
302 4547 570 4610 ἐλεεινῶς.
615 4548 673 4602 Ὀ
706 4548 761 4601 δὲ
792 4548 982 4601 παθὼν
1004 4548 1091 4602 ἐπ’
1118 4549 1267 4619 αὑτῷ
1290 4550 1389 4620 τὴν
1415 4549 1612 4620 ψυχὴν,
1637 4529 1699 4611 είς

1832 4529 2136 4584 miserabile
2196 4529 2497 4595 innuebat;
2555 4529 2696 4583 adeo
2750 4538 2812 4583 ut
2874 4529 2989 4591 ille,
3041 4530 3396 4583 miseratione

135 4640 459 4708 οἰκτιρμοὺς
508 4639 702 4709 ἔϐλεψε
761 4640 925 4693 πάλιν
1003 4641 1132 4703 τοὺς
1191 4618 1572 4712 ἀδαπανητους
1621 4643 1699 4696 κα

1832 4630 2018 4684 tactus,
2046 4620 2238 4675 oculos
2288 4619 2486 4673 levarit
2530 4619 2598 4673 ad
2654 4618 3115 4672 inexhauribilem
3161 4618 3396 4699 .miseri-

130 4729 444 4794 άκενώτους
467 4772 481 4794 ,
512 4732 609 4785 καὶ
639 4732 700 4784 τὸ
732 4733 1026 4803 πρόσωπον
1080 4734 1452 4803 ἀποστρέψας,
1480 4735 1573 4787 καὶ
1624 4737 1694 4787 τοι

1828 4714 2076 4775 :ordiam,
2101 4726 2405 4780 aversoque
2438 4712 2614 4775 vultu,
2649 4710 2885 4781 digitum
2924 4710 3008 4765 ori
3041 4710 3392 4779 imposuerit,

131 4821 397 4876 δάκτυλον
428 4820 505 4892 τῷ
540 4800 1067 4891 πόματινέμὸαλὼν,
1104 4824 1199 4877 καὶ
1228 4800 1407 4894 ἠσυγῆ
1453 4828 1564 4888 τοῖς
1595 4826 1695 4895 χείι

1831 4805 1972 4860 abiis
1997 4804 2198 4860 leniter
2227 4802 2452 4872 pressis,
2487 4810 2604 4856 tum
2632 4802 2835 4857 deinde
2879 4803 2937 4857 in
2962 4817 3025 4856 os
3062 4800 3169 4855 viri
3216 4800 3395 4854 immi-

126 4916 280 4967 λεσιν
333 4883 616 4976 ἐκπιέσας,
640 4883 922 4986 ’ἐνῆκε-τῷ
958 4883 1186 4985 στόματι
1230 4883 1565 4987 τοῦσάνδρὸς,
1652 4916 1690 4970 δί

1829 4898 1983 4954 terit:
2015 4897 2110 4968 qui
2136 4895 2309 4951 veluti
2338 4895 2477 4950 uber
2503 4911 2724 4966 sugens,
2758 4895 2907 4949 illico
2947 4893 3101 4949 visus
3135 4902 3221 4949 est
3256 4892 3393 4947 arti-

76 5038 83 5045 -
127 5004 231 5056 ὃσα
264 5004 363 5058 καὶ
423 5005 592 5077 θηλὴν
640 5007 977 5076 ἐκμυζήσας,
1033 5008 1246 5077 τρανῶς
1301 4986 1502 5063 αὐτίκα
1552 5008 1636 5078 ώςρ

1401 4986 1502 5063 ιίέα
1552 5008 1706 5080 ὤφθη
1816 4991 1994 5046 culate
2017 4990 2166 5060 loqui
2196 4995 2251 5043 et
2280 4986 2608 5042 naturaliter
2637 4986 2824 5056 lingua
2864 4986 2965 5039 uti.

127 5094 329 5161 λαλῶν,
367 5094 465 5147 καὶ
503 5094 643 5148 κατᾶ
673 5096 836 5164 φύσιν
866 5098 931 5166 τῇ
949 5096 1162 5169 γλώττῃ
1190 5097 1494 5169 χρώμενος.

203 5194 317 5253 σ’ς’.
356 5187 573 5257 Ἐτεροι
601 5184 766 5239 πάλιν
794 5186 901 5239 ἀπὸ
935 5187 1257 5251 Σελευκείας
1288 5191 1387 5259 τῆς
1419 5192 1476 5243 ὲν
1497 5191 1707 5243 Καισα-

1883 5182 2009 5237 206.
2036 5182 2277 5236 Rursum
2306 5179 2421 5243 alii,
2441 5177 2697 5233 Seleucia
2753 5175 3115 5246 Cappadocia:
3158 5173 3395 5229 advene-

132 5282 261 5355 peiq.
320 5275 632 5348 προσῆλθον
680 5274 760 5345 τῷ
818 5274 1043 5344 Συμεὼν
1091 5275 1290 5328 πάθεσι
1348 5279 1696 5342 παντοδαποῖς

1826 5283 1946 5329 runt
1977 5275 2088 5345 (54)
2135 5271 2477 5327 multimodis
2531 5269 2775 5338 correpti
2822 5268 3065 5323 morbis:
3116 5266 3213 5337 qui
3266 5281 3390 5320 cum

128 5374 466 5443 ἐνεχόμενοι.
493 5368 724 5422 Πάντων
746 5368 924 5421 τοίνυν
953 5367 1180 5422 ἐκείνων
1209 5369 1309 5439 τὴν
1328 5369 1388 5434 ἐξ
1417 5370 1582 5422 αὑτοῦ
1610 5371 1692 5440 χά-

1825 5381 2006 5420 omnes
2031 5364 2259 5435 gratiam
2286 5361 2568 5417 consecuti
2594 5369 2782 5416 essent
2814 5377 2844 5415 a
2873 5359 3168 5431 Symeone,
3194 5373 3389 5429 quein-

132 5482 222 5538 ριν
244 5460 654 5534 κομισαμένων,
683 5459 912 5512 ἑκάστου
941 5475 999 5510 τε
1024 5458 1085 5510 τὸ
1115 5459 1305 5522 πάθος,
1330 5461 1436 5528 ὅτῳ
1460 5460 1524 5530 δή
1580 5478 1696 5514 ποτε

1827 5457 1950 5511 libet
1977 5459 2121 5511 malo
2148 5470 2251 5510 suo
2296 5469 2408 5523 quo
2458 5454 2795 5507 tenebantur
2846 5453 3145 5515 eximente,
3189 5461 3246 5505 et
3276 5464 3391 5503 Ina-

133 5554 451 5622 κατείχετο,
485 5549 690 5614 εὐθέως
738 5547 1076 5618 ἀποθεμένου
1133 5548 1228 5600 καί
1284 5564 1436 5610 τινας
1497 5549 1697 5619 ἡμέρας

1823 5566 1985 5604 nuum
2019 5563 2242 5604 suarum
2274 5561 2498 5615 operam
2550 5544 2871 5600 monasterii
2916 5543 3110 5598 usibus
3141 5541 3387 5609 aliquan-

205 5729 322 5801 (54)
364 5725 501 5790 Quia
557 5725 802 5781 Caesarea
845 5722 1151 5792 metropolis
1209 5722 1560 5794 Cappadociae
1606 5733 1705 5790 est,
1747 5724 1993 5781 Seleucia
2020 5726 2281 5780 Cacsarcac
2305 5725 2357 5778 in
2391 5724 2571 5780 Grch
2610 5724 2819 5777 dicitur.
