4010 6288
655 299 796 366 3175

656 413 753 469 diu
795 411 1214 483 impenderent;

655 505 870 571 aderat,
901 505 970 570 ab
999 503 1116 573 ipsa
1153 501 1442 557 nativitate
1472 500 1717 571 linguam
1747 500 2034 570 impedita,
2068 500 2234 554 vitia-

659 787 798 838 erat,
826 778 1156 848 tangebatur
1175 777 1436 846 gravius;
1485 776 1759 844 metisque
1793 791 1904 844 pne
1943 775 2238 828 commise-

660 869 875 923 ratione
902 869 1226 928 visceribus.
1247 867 1517 936 processit
1543 868 1804 937 plangens
1828 875 1994 936 atque
2014 867 2241 935 plorans

661 957 729 1012 ad
751 959 1099 1030 Symeonem,
1113 957 1411 1011 ostendens
1431 968 1696 1026 quantum
1722 957 1890 1010 maris
1909 964 2245 1011 essetemen-

663 1066 777 1114 sus,
813 1062 870 1104 et
913 1065 1125 1104 summa
1173 1049 1529 1102 contentione
1570 1047 1890 1107 obsecrans,
1923 1062 1992 1100 ne
2029 1054 2244 1100 tantum

666 1144 883 1199 itineris
916 1150 1204 1212 cogeretur
1239 1141 1484 1210 relegere
1513 1156 1711 1210 expers
1755 1138 1958 1193 solatii.
1985 1138 2088 1194 Cui
2114 1155 2244 1193 san-

664 1245 790 1288 ctus
815 1251 828 1285 :
857 1234 1178 1294 Revertere,
1213 1231 1414 1299 inquit,
1448 1239 1727 1300 assumpta
1766 1230 1872 1282 ﬁlia
1907 1246 1920 1282 :
1951 1244 2062 1282 non
2095 1230 2245 1284 enim

665 1325 885 1378 dillieile
909 1323 1146 1377 eritDeo
1164 1321 1331 1376 etiam
1371 1321 1497 1374 navi
1547 1321 1816 1375 vehentes
1849 1335 1946 1374 vos
1995 1320 2242 1374 visitare.

665 1415 929 1484 Repletus
957 1421 1062 1477 est,
1095 1413 1282 1466 audita
1315 1413 1418 1466 hac
1450 1413 1724 1477 oratione,
1761 1421 1918 1481 pater
1941 1411 2091 1466 dulei
2119 1427 2238 1481 spe,

665 1516 999 1576 acceptaque
1032 1505 1143 1558 ﬁlia
1175 1505 1313 1558 mari
1345 1519 1403 1558 se
1427 1503 1729 1558 commisit.
1769 1503 2024 1557 Nondum
2059 1518 2246 1558 emen-

667 1614 764 1652 sus
794 1607 914 1651 erat
940 1597 1234 1650 dimidium
1293 1596 1419 1660 iter,
1475 1611 1624 1659 cum,
1660 1594 1933 1648 allabente
1966 1605 2023 1648 et
2057 1594 2158 1664 ipsi
2191 1600 2250 1648 et

666 1691 830 1745 simul
893 1689 1222 1743 vehentibus
1285 1698 1442 1758 grato
1511 1686 1751 1757 quodam
1810 1685 2019 1749 odore,
2067 1685 2248 1755 qualis

666 1783 932 1837 indicium
963 1797 1086 1835 esse
1109 1781 1248 1835 solet
1282 1779 1634 1834 adventantis
1666 1778 1860 1848 gratiae
1888 1777 2110 1837 divinae.
2155 1791 2241 1831 so-

665 1875 781 1928 luta
802 1885 885 1927 est
907 1874 1102 1942 puellae
1127 1873 1335 1942 lingua,
1395 1870 1754 1940 perfecteque
1803 1869 2136 1939 loquebatur
2190 1878 2247 1922 et

666 1966 946 2019 audiebat.
981 1964 1224 2018 Perculit
1253 1979 1318 2016 ea
1373 1977 1461 2016 res
1491 1969 1765 2030 quotquot
1823 1961 1877 2014 in
1923 1960 2050 2014 navi
2087 1968 2248 2014 erant

665 2070 895 2128 stupore
929 2068 1091 2126 atque
1119 2065 1391 2121 tremore;
1422 2055 1516 2109 sed
1549 2065 1728 2124 pater,
1779 2052 2030 2122 iniquum
2075 2061 2244 2116 ratus,

667 2153 714 2209 si
742 2167 841 2222 pro
881 2160 1031 2205 tanto
1060 2148 1353 2213 beneficio,
1390 2148 1539 2202 nulla
1566 2147 1708 2218 grati
1758 2145 1928 2200 animi
1983 2145 2248 2199 memoria

668 2243 886 2306 relicta,
911 2250 1285 2296 reverteretur
1326 2240 1594 2305 domum;
1641 2241 1871 2294 alteram
1927 2237 2250 2293 conscendit

667 2335 850 2388 navim
913 2335 1210 2389 comitante
1259 2333 1390 2397 ﬁlia,
1446 2342 1812 2401 revectusque
1851 2331 1920 2386 ad
1974 2339 2247 2396 sanetum,

667 2425 858 2494 quales
889 2435 1016 2479 ante
1047 2439 1147 2494 pro
1170 2424 1279 2478 ﬁlia
1301 2424 1541 2490 fuderat,
1591 2439 1740 2478 nunc
1789 2439 1889 2493 pro
1944 2425 2248 2493 gratiarum

667 2517 885 2570 actione
914 2515 1079 2570 oﬂert
1112 2515 1409 2586 lacrymas.

737 2691 864 2746 207.
900 2691 1056 2746 Alius
1103 2691 1303 2746 iterum
1366 2707 1433 2745 ex
1489 2690 1738 2760 Daphne,
1793 2689 1958 2744 ﬁliam
2017 2691 2252 2746 habebat

669 2785 865 2839 iisdem
903 2783 1268 2837 incommodis
1296 2782 1639 2836 laborantem
1679 2782 1821 2851 (55);
1859 2783 1947 2836 cui
1985 2798 2122 2836 uxor
2153 2799 2250 2838 sua

669 2887 834 2946 atque
882 2877 1042 2930 amici
1096 2877 1270 2946 magis
1315 2875 1634 2939 familiares,
1667 2891 1775 2928 non
1805 2876 2093 2929 cessabant
2122 2892 2250 2930 sua-

670 2967 824 3029 dere,
864 2975 924 3020 ut
950 2965 1113 3020 ﬁliam
1147 2965 1214 3018 ad
1243 2981 1592 3019 communem
1629 2965 1932 3020 adduceret
1977 2967 2250 3021 medicum

1875 297 1935 357 S.
1976 295 2275 358 SYMEON
2285 297 2355 356 IS
2387 297 2419 356 J
2429 297 2531 358 UN
2543 298 2750 357 IORIS

1293 409 1475 480 puella
1534 407 1785 479 quaedam
1837 410 1958 464 viro
2021 417 2235 464 matura

2352 411 2471 480 περὶ
2494 409 2562 463 τὰ
2587 410 2685 480 τῆς
2714 407 2882 480 μονῆς
2915 407 3051 476 ἔργα
3087 403 3553 478 χειρουργούντων
3589 405 3671 456 καὶ
3703 423 3821 462 mw;

3733 293 3817 360 3176

2341 475 2539 570 μένων,
2565 475 2703 572 κόρη
2715 475 2816 563 ⁷τις
2838 475 2969 569 παρ’
2992 475 3380 566 αὐτοῖς’ὼρίαία
3410 494 3628 564 γάμοις.
3652 495 3698 562 ἐξ
3721 500 3822 569 αἰτῆς
3881 475 3883 502 i

658 595 840 664 tisque
890 593 1122 648 auribus
1153 601 1304 646 muta
1336 600 1393 646 et
1421 591 1610 656 surda,
1669 605 1791 660 quae
1851 591 1990 645 nihil
2044 590 2237 645 auxilii

2352 593 2503 662 γονῆς
2536 594 2635 664 τὴν
2673 592 2922 660 γλῶτταν
2953 588 3327 658 πεπεδημένη,
3352 587 3423 639 τά
3455 603 3515 638 τε
3551 576 3655 638 ὦτα
3682 590 3823 654 ωςεῦσ

658 695 888 757 experta
915 685 1118 738 fuerat.
1144 685 1318 754 Hujus
1352 690 1510 753 pater
1541 681 1911 748 incommodo,
1931 683 2061 752 quia
2084 690 2240 752 pater

2352 701 2519 750 ausa,
2583 684 2758 755 ταύτῃ
2822 684 3058 754 μένουσα
3117 677 3234 751 ἦν,
3307 678 3606 751 θεραπείας
3658 679 3823 748 οὐδεμιᾶς

2342 776 2662 847 αἰσθομένη.
2728 777 2787 828 '0
2839 774 2968 842 γοῦν
3018 773 3202 844 πατὴρ
3253 771 3426 840 αὐτῆς
3472 770 3535 823 τὸ
3591 771 3676 838 τῆς
3713 773 3825 832 tatis;

2342 865 2712 934 οἰκειούμενος
2771 866 2967 928 πάθος,
3003 863 3128 916 ἐπεὶ
3162 863 3256 916 καλ⁵
3303 861 3514 932 πατὴρ,
3557 862 3621 914 τά
3652 878 3699 914 τε
3724 863 3823 914 σπὶά-

2343 975 2483 1028 γχνα
2536 958 2726 1021 δεινῶς
2785 957 2872 1010 ἐπ’
2916 958 3056 1027 αὐτῇ
3118 953 3520 1026 στρεφόμενος,
3566 951 3752 1022 προσῄει
3779 971 3825 1004 ti-

2345 1046 2618 1118 πτόμενος
2677 1047 2771 1100 κα)⁵
2821 1045 3024 1099 κλαίων
3068 1044 3145 1113 τῷ
3188 1042 3437 1112 Συμεὼν,
3473 1043 3575 1113 τήν
3625 1059 3676 1095 τε
3708 1043 3823 1095 θάλπει

2349 1155 2448 1192 σαν
2478 1137 2768 1208 προφέρων
2802 1139 2932 1206 ὅσην
2984 1135 3245 1204 πελάγιος
3300 1130 3492 1204 ἦλθεν,
3524 1133 3615 1187 καὶ
3661 1133 3765 1186 ὥστε
3789 1135 3824 1202 μῆ

2349 1233 2508 1297 κενὸς
2532 1233 2687 1297 αὖθις
2721 1233 2979 1286 τοσοῦτον
3019 1231 3190 1284 πλοῦν
3226 1229 3586 1300 ἀναστρέψαι,
3615 1228 3730 1282 πάνυ
3755 1229 3824 1295 5:7}

2345 1325 2448 1397 δρα
2494 1325 2769 1394 δεόμενος.
2804 1325 2862 1378 Ὀ
2919 1325 2999 1389 δὲ,
3029 1323 3144 1377 Νῦν
3181 1323 3281 1392 μὲν
3326 1320 3574 1390 ἐπάνηκε
3613 1321 3695 1386 τὴν
3733 1321 3827 1370 xuii-1

2351 1414 2557 1481 λαϐὼν,
2590 1416 2718 1486 ἔφη,
2747 1417 2847 1469 οὐκ
2879 1415 3205 1484 ἀδυνατήσει
3227 1413 3283 1466 δὲ
3311 1412 3389 1482 τῷ
3409 1412 3530 1482 Θεῷ
3551 1409 3638 1466 καὶ
3662 1410 3827 1470 πλέοντες

2349 1507 2495 1578 ὑμᾶς
2547 1507 2970 1578 ἐπισκέψασθαι.
3018 1508 3077 1559 '0
3114 1506 3229 1576 μὲν
3277 1501 3372 1558 οὖν
3417 1504 3665 1572 γλυκείας
3701 1502 3828 1568 {aia}

2348 1599 2492 1670 λόγῳ
2537 1605 2638 1673 τὴν
2675 1601 2856 1671 ψυχὴν
2914 1591 3129 1662 ἐλπίδος
3187 1598 3580 1668 ὑποπλησθεὶς,
3612 1597 3694 1666 τὴν
3732 1594 3829 1646 inii:

2350 1692 2563 1756 λαϐὼν,
2599 1693 2854 1747 ἀπέπλει.
2890 1693 3023 1745 Ὅτε
3057 1691 3239 1762 μέντοι
3273 1690 3419 1743 κατά
3456 1691 3614 1758 μέσον
3637 1688 3710 1740 τὸν
3733 1683 3831 1737 rio-3i

2348 1784 2616 1852 ἐγεγόνει,
2662 1785 2892 1847 εὐωδίας
2945 1782 3098 1855 αύτῷ
3158 1799 3216 1835 τε
3276 1782 3372 1834 καὶ
3419 1784 3532 1843 τοῖς
3589 1778 3830 1850 cupi-licus:

2349 1875 2785 1946 προσϐαλούσης,
2814 1874 2842 1928 ὃ
2871 1876 3083 1943 πέφυκε
3112 1875 3337 1944 χάριτος
3371 1872 3466 1925 ἀεὶ
3497 1871 3638 1934 θείας
3686 1869 3830 1940 μηνύειν

2349 1968 2665 2037 ἐπιδημίαν,
2690 1966 2878 2035 ἀνείθη
2938 1969 3005 2036 τῇ
3043 1964 3276 2036 θυγατρὶ
3301 1965 3373 2017 τά
3402 1968 3501 2034 τῆς
3542 1962 3760 2032 γλώττης,
3781 1963 3830 2012 καὶ

2350 2059 2519 2128 ὑγιῶς
2543 2059 2744 2112 αὐτίκα
2763 2059 2999 2126 λέγουσά
3021 2075 3080 2110 τε
3102 2058 3197 2110 καὶ
3219 2056 3503 2110 ἀκούουσα
3529 2053 3608 2126 ἦν.
3629 2057 3681 2108 Οἱ
3701 2056 3769 2123 μὲν
3781 2053 3829 2104 oh

2353 2149 2725 2218 συμπλέοντες
2758 2151 2815 2201 ὲν
2848 2147 3111 2217 ἐκπλήξει
3141 2148 3236 2200 καὶ
3267 2147 3420 2218 φόϐῳ
3456 2144 3593 2218 ἦσαν
3617 2163 3629 2176 °
3659 2147 3681 2197 ὁ
3707 2146 3746 2197 δὲ
3775 2160 3829 2196 τε·

2349 2245 2454 2312 τὴρ
2508 2242 2716 2296 ἀδικεῖν
2765 2241 3017 2312 νομίσας,
3054 2243 3104 2294 εί
3157 2242 3232 2311 μὴ
3283 2240 3557 2308 τοσαύτης
3608 2235 3830 2308 εὐεργεσίαι

2351 2336 2494 2388 ἔλθοι
2557 2334 2720 2387 πάλιν
2773 2323 3102 2404 χαριστήρια
3130 2333 3334 2402 νέμων,
3367 2335 3449 2395 είς
3498 2332 3671 2400 ἕτερον
3691 2329 3826 2397 apati

2353 2427 2584 2496 θυγατρὶ
2615 2425 2798 2479 πλοῖον
2849 2425 3044 2494 ὲμϐἀς,
3086 2425 3239 2494 παρά
3293 2424 3386 2476 τὸν
3414 2424 3598 2491 Ἀγιον
3629 2420 3825 2486 ἐπανήκει,

2351 2518 2646 2585 ἀναλόγους
2675 2517 2783 2570 τῶν
2837 2515 3028 2586 πρώην
3067 2515 3205 2586 ὑπὲρ
3251 2515 3426 2584 αὐτῆς
3473 2512 3698 2583 δακρύων
3715 2507 3829 2562 ἀποδι-

2351 2608 2476 2671 δοὺς
2503 2608 2600 2671 τὰς
2633 2607 3006 2678 εὐχαριστίας.

2425 2697 2524 2764 σζ’.
2585 2701 2786 2770 Ἐτέρῳ
2830 2699 2992 2754 πάλιν
3034 2697 3141 2752 ἀπὸ
3172 2699 3271 2768 τῆς
3310 2699 3528 2768 Δάφνης
3555 2693 3749 2762 θυγάτηρ
3775 2684 3826 2758 ἦν,

2355 2789 2454 2858 ῐσῳ
2488 2788 2647 2843 πάθει
2684 2788 2984 2858 πιεζομένη
3005 2803 3018 2818 ·
3052 2781 3208 2850 οὗτος
3249 2782 3363 2856 εἶχε
3407 2788 3504 2856 μὲν
3535 2780 3826 2854 συμϐουλεὼει-

2353 2897 2452 2932 σαν
2481 2881 2566 2933 ἀεὶ
2594 2881 2692 2952 τὴν
2732 2883 2986 2949 γυναῖκα,
3019 2880 3078 2933 οὐ
3119 2881 3226 2949 μὴν
3258 2881 3396 2934 ἀλλὰ
3429 2880 3653 2940 καὶτοὺς
3673 2889 3828 2941 malu-

2353 2974 2546 3045 τέρους
2573 2971 2681 3024 τῶν
2717 2971 2904 3042 φίλων,
2933 2973 3230 3040 ἀναγαγεῖν
3262 2972 3356 3024 ἐπὶ
3383 2972 3444 3025 τὸ
3473 2965 3734 3038 θαυμαστὸν
3753 2963 3825 3031 δρῦς

672 3057 728 3111 in
786 3055 1088 3110 Mirabilem
1135 3064 1395 3120 montem,
1430 3072 1540 3125 quo
1573 3066 1631 3110 et
1674 3057 1790 3125 ipsa
1825 3073 1948 3111 cum
2004 3059 2250 3127 pluribus

2357 3064 2509 3136 παρὰ
2550 3065 2642 3118 τὸν
2686 3065 2866 3119 κοινὸν
2903 3064 3073 3135 αὐτὴν
3113 3064 3315 3136 ίατρδν,
3346 3065 3488 3118 ὥστε
3519 3059 3756 3133 θεραπείας
3773 3054 3826 3105 xtl

671 3147 796 3202 aliis
829 3147 1105 3215 particeps
1148 3145 1306 3200 ﬁeret
1353 3147 1675 3202 curationis.
1709 3148 1907 3201 Verum
1959 3150 2049 3203 ille
2079 3150 2250 3205 obsti-

2355 3153 2560 3222 ταύτην
2612 3155 2750 3223 μετά
2794 3153 2902 3208 τῶν
2952 3152 3126 3209 ἄλλων
3157 3155 3361 3224 τυχεῖν.
3410 3154 3466 3205 '(l
3493 3152 3652 3216 δὲτὴν
3682 3142 3824 3213 καρδίαν

673 3238 896 3290 natione
948 3236 1183 3304 quadam
1230 3235 1543 3301 induratus,
1574 3253 1767 3305 parum
1804 3239 2091 3294 credibilia
2133 3256 2256 3296 esse

671 3344 794 3398 qua:
838 3327 906 3381 de
947 3337 1141 3382 sancto
1184 3327 1510 3381 ferebantur
1540 3328 1869 3394 sustinebat,
1904 3340 1959 3384 et
1989 3340 2049 3385 ut
2081 3333 2256 3401 pluri-

672 3434 822 3473 mum
856 3433 958 3473 nec
1003 3418 1335 3489 dignabatur
1366 3419 1590 3489 quidem
1623 3435 1688 3474 ea
1736 3423 2091 3479 narrantibus
2117 3441 2255 3494 prai-

673 3511 806 3566 bere
855 3526 1067 3564 aurem.
1106 3511 1348 3565 Tandem
1389 3521 1570 3566 tamen
1623 3513 1922 3567 multorum
1959 3516 2259 3585 exprobra-

672 3604 918 3658 tionibus
967 3603 1021 3656 id
1083 3602 1260 3672 ipsum
1315 3605 1645 3673 suscipiens,
1696 3621 1820 3660 cum
1856 3617 2031 3662 matre
2085 3608 2254 3663 ﬁliam

672 3696 900 3750 adduxit
925 3695 992 3748 ad
1015 3696 1358 3764 columnam;
1397 3706 1658 3767 stansque
1680 3707 1809 3753 ante
1833 3709 2106 3767 sanctum,
2129 3717 2254 3756 cum

672 3796 830 3858 gestu
873 3799 930 3842 et
972 3796 1154 3842 mente
1195 3790 1473 3859 arroganti
1532 3791 1781 3845 narravit
1809 3791 1878 3846 de
1911 3793 2022 3846 illa.
2052 3791 2256 3848 Contra

674 3890 898 3935 sanctus
916 3895 1050 3935 voce
1071 3880 1344 3936 submissa
1369 3881 1710 3950 reSpondens
1731 3900 1744 3935 :
1765 3882 1924 3949 Redi,
1947 3884 2253 3954 inquiebat,

674 3987 800 4027 cum
838 3972 949 4025 lilia
996 3979 1088 4025 tua
1122 3970 1369 4035 domum,
1423 3971 1548 4026 istic
1587 3971 1757 4041 ipsam
1799 3973 2115 4029 visitatione
2156 3990 2257 4029 sua

673 4062 990 4134 dignabitur
1013 4061 1286 4116 Christus.
1321 4061 1534 4115 Exhinc
1562 4061 1772 4116 homini
1813 4062 1892 4117 illi
1915 4065 2065 4133 gravi
2090 4063 2256 4118 corde

675 4153 1038 4223 cogitationes
1067 4152 1410 4221 obrepebant
1441 4153 1626 4218 variae,
1670 4153 1946 4224 capitque
1987 4155 2256 4224 pmnitere

676 4243 825 4314 quod
869 4245 1181 4298 columnam
1214 4243 1500 4308 adivisset,
1540 4260 1642 4299 nec
1671 4261 1782 4298 non
1809 4246 2063 4300 convicia
2092 4255 2256 4316 atque

676 4333 962 4389 irrisiones
994 4332 1216 4387 effutire
1247 4333 1511 4386 adversus
1543 4333 1773 4397 amicos,
1798 4332 1944 4402 quod
1973 4333 2096 4386 talis
2125 4349 2256 4387 eon-

2357 3245 2495 3316 ἔχων
2534 3245 2761 3316 ἀπιστίᾳ
2791 3245 3254 3316 σκληρυνομένην,
3296 3244 3427 3315 ἄχρι
3459 3242 3550 3313 μὲν
3578 3235 3730 3293 πολλοῦ
3752 3229 3825 3284 ἀτί·

2358 3336 2495 3391 θανά
2523 3355 2581 3390 τε
2613 3338 2682 3391 τὰ
2711 3338 2838 3409 περὶ
2871 3336 3038 3389 αὑτοῦ
3088 3338 3293 3406 ἡγεῖτο,
3338 3336 3438 3388 καὶ
3481 3333 3589 3386 οὐδὲ
3626 3329 3673 3382 τὸ
3704 3320 3767 3383 οὖς
3788 3319 3822 3370 τά

2357 3428 2530 3482 πολλά
2557 3429 2814 3499 προσέχει
2872 3429 3046 3500 ἠξίου.
3082 3427 3211 3496 Ὀψὲ
3255 3426 3311 3480 δὲ
3354 3427 3450 3480 καὶ
3483 3424 3690 3495 βραδέως
3715 3414 3821 3468 διὰτά

2357 3520 2466 3575 τῶν
2512 3520 2723 3574 πολλῶν
2763 3521 2940 3591 ὀνείδη
2974 3521 3068 3574 καὶ
3095 3519 3255 3573 τοῦτο
3286 3520 3486 3580 λαϐὼν,
3523 3515 3642 3586 μετὰ
3672 3510 3743 3577 τῆς
3763 3520 3820 3574 μη·

2358 3611 2487 3683 ’πρὸς
2519 3613 2688 3682 αὐτὴν
2733 3612 2916 3682 ἀνίησι
2970 3611 3121 3678 παρὰ
3173 3612 3265 3664 τὸν
3311 3610 3522 3675 στύλον,
3567 3607 3648 3659 κα)⁸
3677 3591 3821 3667 πρὸτῡῦ

2369 3704 2554 3772 Ἀγίου
2595 3705 2748 3770 στάς,
2785 3703 3002 3774 σοϐαρῷ
3051 3705 3146 3756 καὶ
3194 3703 3439 3773 σχήματι
3490 3698 3576 3752 καὶ
3615 3691 3819 3766 φρονήματι

2356 3797 2424 3850 τὰ
2473 3795 2602 3867 περὶ
2645 3798 2815 3868 αὐτῆς
2859 3796 3152 3866 διεξῆλθεν.
3193 3795 3253 3849 '0
3297 3796 3353 3848 δὲ
3404 3795 3575 3865 ἠρέμα
3614 3779 3817 3868 ὑπολαὸὼν.

2370 3886 2643 3956 Ἐπάνηκε
2709 3867 2848 3957 μετά
2909 3888 3006 3958 τῆς
3059 3887 3248 3950 παιδὸς
3309 3887 3514 3948 οἴκαδε,
3567 3877 3681 3941 εἶπεν
3727 3867 3821 3958 κάξεί

2359 3979 2646 4048 ποιήσεται
2688 3979 2894 4045 ταύτης
2917 3977 3225 4048 ἐπισκοπὴν
3255 3980 3282 4031 ὁ
3307 3979 3555 4049 Χριστός.
3575 3971 3650 4036 Τῷ
3679 3967 3747 4033 μὲν
3767 3957 3821 4010 οὖν

2359 4066 2705 4140 βαρυκαρδίῳ
2729 4069 2922 4139 ἐκείνῳ
2953 4069 3204 4140 λογισμοὶ
3231 4070 3290 4122 τὸ
3315 4068 3444 4139 ἑξῆς
3467 4065 3608 4139 ἦσαν,
3635 4059 3705 4114 καὶ
3721 4067 3818 4123 μξτν

2362 4161 2550 4230 μέλεια
2575 4161 2675 4230 τῆς
2710 4161 2803 4213 ἐπὶ
2824 4160 2915 4213 τὸν
2947 4161 3137 4214 στύλον
3170 4162 3382 4224 ἀνόδου,
3413 4153 3685 4227 σκώμματὰ
3708 4162 3745 4198 τε
3765 4142 3815 4192 καὶ

2356 4254 2622 4323 λοιδορίαν
2655 4255 2796 4308 κατά
2825 4255 2932 4308 τῶν
2954 4255 3142 4324 φίλων,
3178 4258 3291 4309 ὅσοι
3327 4257 3527 4323 ταύτην
3555 4245 3675 4314 αὐτῷ
3697 4233 3814 4309 δηλέῆ

2362 4346 2810 4401 συνεϐούλευσαν.
2870 4347 2936 4399 Ἦ
2983 4347 3039 4401 δὲ
3087 4349 3185 4418 τῆς
3245 4347 3434 4410 παιδὸς
3491 4346 3650 4414 μήτηρ
3699 4325 3813 4418 ωνεῇ

676 4427 784 4482 silii
825 4427 1061 4481 fuissent
1091 4434 1366 4480 auctores.
1404 4425 1510 4480 Sed
1537 4435 1710 4480 mater
1743 4428 1956 4496 puellae,
1989 4444 2113 4482 cum
2143 4429 2250 4482 eir-

2359 4432 2515 4496 οὗσα.
2562 4438 2658 4489 καὶ
2704 4437 2764 4488 ού
2809 4436 3015 4506 ταύτης
3053 4438 3214 4507 μόνον
3254 4436 3438 4510 [ἀλλὰ]
3477 4435 3562 4490 καὶ
3606 4427 3680 4482 τοῦ
3701 4415 3814 4485 MF};

675 4526 991 4587 cumspeeta
1020 4523 1187 4581 esset,
1217 4531 1321 4571 nec
1350 4516 1515 4586 hujus
1563 4517 1783 4572 miseria
1822 4519 2062 4588 gravius,
2092 4536 2255 4589 quam

676 4608 985 4678 pervicacia
1005 4607 1188 4661 mariti
1210 4607 1542 4672 aﬂiceretur,
1572 4617 1824 4663 metuens
1846 4626 1914 4664 ne
1945 4612 2077 4680 quid
2105 4629 2258 4668 nova:

675 4697 1000 4752 calamitatis
1027 4697 1303 4751 obstinata
1330 4697 1507 4752 mariti
1545 4699 1691 4752 circa
1722 4709 1971 4754 sanctum
2005 4701 2258 4758 incredu-

673 4789 801 4844 litas
831 4798 1172 4858 apportaret,
1208 4789 1375 4842 rediit
1409 4789 1553 4843 unde
1578 4799 1840 4844 venerat:
1869 4807 2039 4860 seque
2065 4808 2258 4847 rursus

677 4878 732 4928 in
782 4886 1081 4946 conspectu
1117 4878 1288 4930 sancti
1327 4886 1488 4932 teme
1517 4879 1785 4949 aﬂligens,
1818 4879 2163 4950 fundensque
2183 4883 2261 4936 la-

676 4981 911 5036 crymas,
941 4953 1196 5020 minroris
1222 4967 1385 5020 simul
1415 4977 1471 5021 et
1506 4969 1718 5023 fiduciae
1745 4970 1974 5034 indices,
1999 4972 2261 5040 poscebat

675 5058 892 5110 veniam
915 5057 1112 5110 marito
1133 5057 1441 5122 incredulo,
1481 5068 1644 5128 atque
1669 5077 1738 5114 ne
1757 5063 1890 5130 quid
1914 5063 2064 5117 illius
2085 5063 2260 5117 obsti-

675 5150 828 5204 natio
859 5151 984 5205 ﬁliae
1028 5151 1394 5206 incolumitati
1436 5152 1698 5208 olliccret.
1738 5155 1965 5224 Excepit
2014 5163 2258 5221 sanctus,

676 5254 787 5298 tam
828 5246 981 5298 vultu
1038 5261 1201 5314 quam
1253 5263 1387 5302 voce
1440 5248 1686 5304 blanda:
1737 5250 1905 5314 Vade,
1962 5252 2254 5322 inquiens;

676 5352 827 5401 nam,
879 5353 1001 5407 quae
1033 5338 1167 5402 dixi,
1202 5340 1460 5397 evenient
1487 5344 1646 5398 vobis
1677 5360 1707 5398 a
1749 5345 1882 5399 Deo.

745 5428 872 5482 208.
892 5430 1238 5485 Adventante
1265 5433 1374 5502 jam
1400 5435 1772 5490 miserationis
1799 5445 2068 5506 tempore,
2103 5437 2256 5493 solu-

714 5715 724 5727 _
751 5647 864 5716 (55)
895 5650 1117 5719 Daphne
1147 5651 1465 5710 Suburbium
1496 5658 1896 5719 Antiochenam,
1931 5667 2041 5712 tam
2079 5660 2244 5712 histo-

679 5731 906 5772 ricorum
961 5737 1118 5790 quam
1153 5733 1429 5791 poetarum
1481 5731 1690 5799 scriptis
1748 5730 2240 5794 celebratissimum,

2355 4803 2530 4874 λύπης
2592 4805 2710 4873 ἅμα
2770 4807 2863 4857 καὶ
2927 4805 3164 4868 πίστεως
3217 4805 3459 4874 σύμϐολα
3494 4801 3678 4870 χέουσαν
3715 4801 3789 4876 εθείξ

2359 4894 2780 4963 συγχωρηθῆναι
2811 4893 2887 4964 τῷ
2913 4893 3130 4964 συξύγῳ
3151 4896 3249 4964 τὴν
3270 4894 3536 4954 ἀπιστίαν,
3565 4885 3642 4940 καὶ
3663 4878 3715 4950 μὴ
3736 4885 3806 4922 τιν·
3878 4943 3879 4964 γ

2357 5001 2455 5054 την
2489 4989 2553 5054 τῇ
2589 4985 2821 5056 θυγατρὶ
2861 4987 2996 5056 πρὸς
3021 4986 3118 5056 τὴν
3147 4987 3441 5056 θεραπείαν
3483 4973 3690 5062 εμπτιδῲν
3877 4985 3879 5062 λ

2356 4545 2422 4580 πε
2433 4528 2775 4598 ρικαιομένη,
2797 4529 3022 4582 δείσασα
3047 4532 3119 4599 μή
3143 4547 3194 4582 τι
3212 4531 3380 4583 κακον
3411 4529 3504 4598 τῆς
3521 4529 3590 4586 είς
3607 4521 3677 4572 τὸν
3701 4514 3809 4575 ’Ᾱῖτθν

2355 4618 2614 4681 ἀπιστίας
2656 4621 3077 4692 παραπολαύσῃ,
3127 4622 3509 4692 ἀναστρέψασα
3559 4613 3670 4684 πρὸς
3703 4605 3809 4692 αὐτῇ.

2355 4709 2510 4776 αὖθις
2536 4713 2743 4783 ῥίψασά
2789 4731 2848 4766 τε
2905 4715 3046 4768 κατά
3098 4715 3200 4784 γῆς
3244 4714 3464 4783 ἑαυτὴν,
3497 4710 3579 4764 καὶ
3609 4703 3758 4768 6&1993
3776 4701 3808 4735 τί

2355 4803 2530 4836 δύην
2594 4805 2704 4836 κη·-
2770 4807 2858 4836 υκι
2927 4805 3164 4836 ηερ-..-ιη
3217 4805 3456 4836 minax...
3494 4801 3678 4836 νέωτα,
3715 4780 3809 4836 iisin

3732 4795 3800 4832 ost:

2360 5047 2571 5144 στῆναι.
2716 5047 2778 5128 δὲ.
2809 5047 3094 5147 ἱλαρᾷκαλ
3120 5047 3240 5144 ὄψει
3280 5077 3372 5128 καὶ
3406 5047 3614 5142 γλώττῃ.
3640 5047 3806 5125 Πορεύσ⁶’

2359 5169 2487 5237 ἔφη,
2521 5169 2635 5232 καὶ,
2667 5168 2742 5231 ὡς
2769 5169 2966 5239 εἴρηκα
2999 5169 3146 5237 ὑμῖν,
3171 5166 3325 5220 ἔσται
3357 5164 3500 5236 παρά
3524 5155 3650 5213 Θεοῦ.

2435 5447 2541 5512 πττ.
2588 5443 2726 5513 Ἤδη
2755 5442 2812 5496 δὲ
2850 5441 2941 5496 τὸν
2979 5437 3127 5496 οἷκον
3157 5441 3567 5500 καταλαϐόντων,
3593 5426 3727 5481 λέλυτο
3745 5407 3803 5478 μὶν

2358 5658 2465 5712 Nos
2509 5662 2580 5714 24
2605 5661 2860 5715 Januarii
2905 5663 2958 5716 in
3010 5662 3240 5717 historia
3296 5650 3627 5716 translationis
3666 5640 3706 5698 5.
3737 5625 3794 5676 ⁸³·

2351 5728 2488 5801 bylac
2513 5732 2611 5802 Ep.
2639 5735 2844 5802 rapiose
2871 5734 2934 5786 de
2963 5733 3057 5786 illo
3089 5749 3155 5786 ea:
3181 5732 3460 5789 Sozomcno
3488 5726 3662 5797 cgitant.

3881 2003 3883 2036 1
