3960 6284
200 344 337 410 3177

1230 348 1398 411 VITA
1439 348 1487 406 Α
1525 346 1965 410 NICEPHOBO
2001 349 2495 411 CONSCRIPTA.

3329 357 3469 423 3178

195 463 294 533 τὴν
325 461 574 530 γλῶτταν
614 461 815 527 eseam;
859 463 892 534 ἡ
925 464 1074 527 παῖς,
1105 461 1366 531 ἐλευθέρᾳ
1407 460 1464 513 δὲ
1505 460 1599 514 καὶ
1640 461 1764 532 ἀκοῇ

1890 471 1942 517 ta
1969 463 2155 518 subito
2186 473 2271 519 est
2295 463 2484 535 lingua
2509 465 2726 535 puellae,
2755 477 2811 522 et
2840 468 3099 526 audiendi
3124 472 3470 543 appellandi-

195 553 456 624 καὶφωνῇ
480 555 620 624 πρὸς
636 556 764 618 τοὺς
783 556 1041 618 τεκόντας
1063 554 1280 626 ἐχρῆτοο
1305 552 1382 623 τῷ
1400 552 1582 622 μέντοι
1607 554 1778 623 πατρὶ

198 643 334 710 πρὸς
363 643 423 697 τὸ
451 645 645 715 ἀθρόον
673 647 849 700 έκεῖνο
893 646 988 700 τοῦ
1013 645 1295 717 θαύματος
1327 647 1648 718 τηλικοῦτον
1687 649 1776 702 ὲν-

196 733 403 803 ἐσκηψε
434 734 573 800 δέος,
620 733 708 790 οἷα
740 738 929 808 πόρρω
963 737 1098 792 πολὺ
1127 739 1226 808 τῆς
1275 738 1406 810 περὶ
1451 739 1518 792 τά
1549 739 1778 792 τοιαῦτα

195 825 432 891 πίστεως
476 827 625 894 ὄντι,
675 829 707 900 ἢ
754 831 848 882 καὶ
883 829 982 897 τῆς
1019 831 1147 900 περὶ
1186 831 1282 884 τὸν
1325 830 1481 898 ἆγιον
1513 831 1775 894 ἀπιστίας

192 917 459 973 ὲκτίνοντι
486 921 662 984 δίκας,
699 920 838 974 ὥστε
878 921 1021 992 ῥίγει
1050 923 1145 976 καὶ
1181 922 1403 994 πυρετῷ
1442 921 1779 992 συγχεθέντα

194 1011 380 1080 μέλεσι
427 1015 562 1066 πᾶσι
611 1013 934 1069 κλονεῖσθαι.
974 1013 1032 1068 '0
1055 1014 1111 1067 δὲ
1149 1015 1472 1070 διδάσκαλον
1503 1015 1642 1085 ἔχων
1674 1015 1775 1087 τὴν

189 1104 388 1174 πεῖραν
426 1099 776 1164 (πεπαίδευτο
817 1108 926 1178 γὰρ
965 1106 1164 1171 ἱκανῶς
1209 1103 1294 1170 οἷς
1341 1106 1630 1173 πέπονθεν)
1675 1108 1777 1160 οὐκ

189 1193 392 1263 ὀψίζων
439 1190 508 1264 ἦν
550 1195 625 1258 ὡς
659 1195 851 1267 πρώην
899 1197 993 1250 καὶ
1040 1197 1343 1267 διαμέλλων
1367 1214 1382 1228 ο
1418 1197 1532 1251 ἀλλ’
1555 1197 1630 1261 ὡς
1661 1193 1774 1269 εἶχε

188 1286 343 1356 παρά
380 1285 472 1340 τὸν
510 1288 668 1356 ἆγιον
707 1289 870 1353 εὐθὺς
901 1289 1092 1355 ἐλθὼν,
1145 1289 1381 1361 τοσαύτῃ
1424 1290 1562 1360 πρὸς
1612 1290 1776 1344 αὐτὸν

185 1375 369 1449 δεήσει
405 1380 508 1431 καὶ
550 1379 876 1434 ταπεινώσει
911 1381 1142 1453 καρδίας
1187 1381 1409 1452 ὲχρῆτο,
1445 1383 1556 1452 ὅσῳ
1583 1380 1775 1455 πρώην

185 1468 339 1538 ὄγκῳ
369 1487 429 1522 τε
473 1471 568 1524 καὶ
595 1472 928 1542 φρονήματι,
957 1475 1054 1543 οὐχ
1083 1471 1227 1526 οὕτω
1265 1475 1332 1545 τῇ
1383 1473 1524 1544 νόσῳ
1563 1473 1634 1527 τά
1678 1474 1772 1527 τοῦ

188 1559 440 1630 σώματος
473 1561 610 1631 μέλη
638 1563 936 1633 σειόμενος,
961 1565 1037 1628 ὡς
1066 1565 1164 1634 τὴν
1184 1563 1362 1636 ψυχὴν
1384 1564 1462 1632 τῷ
1487 1566 1776 1637 παραδόξῳ

185 1653 281 1707 τοῦ
313 1653 591 1724 θαύματος
613 1672 628 1686 ο
663 1656 756 1710 καὶ
788 1657 848 1710 τὸ
884 1658 984 1726 μὲν
1005 1657 1126 1711 οὐδὲ
1147 1659 1377 1728 χάριτας
1402 1653 1512 1722 οἷός
1540 1675 1597 1712 τε
1632 1655 1773 1713 εἶναι

183 1743 360 1813 λέγων
391 1747 486 1799 ἐπὶ
506 1749 573 1818 τῇ
603 1746 831 1820 θυγατρὶ
853 1749 1006 1816 ἀξίας
1029 1749 1332 1820 ὁμολογεῖν,
1357 1750 1418 1803 τὸ
1439 1749 1496 1802 δὲ
1526 1750 1655 1821 περὶ
1679 1751 1773 1805 τοῦ

185 1838 554 1907 κατασχόντος
588 1840 752 1892 αὑτὸν
781 1839 972 1894 κλόνου
1005 1840 1282 1910 δεόμενος.
1323 1842 1384 1894 Ὀ
1405 1841 1462 1894 δὲ
1497 1844 1637 1910 μετὰ
1673 1843 1774 1913 τῆς

184 1928 450 2000 συνήθους
497 1930 862 1999 συμπαθείας,
911 1931 1000 1986 Ἐν
1026 1933 1251 2003 ὀνόματι
1293 1931 1388 1986 τοῦ
1429 1933 1634 2004 Κυρίου
1668 1933 1772 2005 Ἰη-

184 2020 304 2086 σοῦ,
367 2022 528 2089 γενοῦ
568 2023 663 2076 καὶ
714 2024 1011 2094 σῦύγιὴς,
1058 2025 1202 2096 ἔφη·
1253 2025 1350 2079 καὶ
1401 2023 1480 2096 τῷ
1529 2024 1771 2096 θαύματι

181 2110 371 2183 θαῦμα
421 2113 693 2185 συνήφθη,
752 2113 833 2184 τῷ
877 2115 1004 2184 περὶ
1047 2115 1145 2186 τὴν
1177 2114 1345 2168 παῖδά
1391 2131 1534 2185 φημι
1568 2114 1630 2167 τὸ
1674 2115 1767 2169 τοῦ

181 2203 432 2273 πατρός·
495 2204 590 2258 καὶ
651 2203 822 2274 ὑγιῶς
877 2204 1078 2259 αὐτίκα
1127 2204 1267 2275 ἔχων
1319 2206 1586 2276 εἱστήκει,
1649 2205 1771 2271 ὅλος

179 2293 438 2359 ἔκστασις
490 2295 588 2362 ὢν,
643 2298 763 2360 ὅλος
821 2297 1051 2368 θάμϐος,
1111 2297 1229 2361 ὅλος
1291 2295 1651 2366 κατάπληξις,
1705 2298 1768 2350 ού

179 2386 450 2456 χείλεσιν,
493 2388 619 2443 οὐδὲ
666 2390 965 2460 ῥήμασιν,⁵
1005 2389 1127 2443 οὐδὲ
1189 2392 1422 2460 μακροῖς
1489 2390 1770 2460 διηγήμα-

179 2493 289 2544 σιν,
321 2480 458 2534 ἀλλὰ
496 2485 676 2553 σιωπῇ
712 2481 913 2552 μᾶλλον
941 2481 1036 2535 καὶ
1069 2483 1310 2553 σχήματι
1349 2481 1442 2534 καὶ
1474 2479 1768 2551 προσώπου

181 2570 465 2638 συστάσει,
492 2573 553 2626 τὸ
580 2572 690 2626 τῶν
729 2572 1026 2644 θαυμάτων
1059 2572 1288 2643 μέγεθος
1317 2573 1429 2635 τοῖς
1464 2571 1632 2643 ὁρῶσι
1666 2590 1770 2642 κη-

182 2675 412 2728 ρυττων.

1884 569 1991 624 que
2021 564 2276 624 parentes
2318 555 2579 612 facultate
2624 561 2876 628 expedite
2901 577 2997 616 usa
3025 571 3129 618 est.
3163 564 3232 619 At
3257 573 3470 634 patrem

1881 644 1952 700 ad
1983 646 2259 716 repentini
2291 647 2544 703 miraculi
2569 652 2944 718 spectaculum
2978 662 3162 709 tantus
3189 656 3354 710 timor
3388 657 3471 712 in-

1885 738 2072 802 cessit,
2107 738 2390 810 utfrigore
2424 741 2649 797 horrido
2677 752 2843 813 atque
2867 745 3006 799 febri
3030 756 3320 818 correptus
3341 750 3472 805 totis

1880 828 2111 884 artubus
2153 831 2639 899 contremisceret;
2705 835 2910 905 quippe
2953 837 3048 908 qui
3084 838 3153 893 ab
3199 841 3472 912 ejusmodi

1881 920 2054 976 rebus
2101 921 2398 977 credendis
2425 923 2742 996 longissime
2772 927 2983 991 aberat,
3011 938 3108 984 aut
3144 946 3338 1000 poenas
3362 934 3474 989 sol-

1879 1011 2046 1066 vebat
2071 1027 2184 1067 suae
2208 1012 2611 1072 incredulitatis
2639 1032 2772 1088 erga
2813 1031 3088 1077 sanctum.
3124 1022 3332 1080 Doctus
3361 1024 3470 1079 ita-

1880 1115 1990 1170 que
2025 1102 2367 1172 experientia
2395 1106 2606 1175 (utpote
2632 1121 2732 1176 per
2757 1123 2820 1161 ea
2847 1125 2968 1178 qua:
3007 1113 3321 1180 patiebatur
3349 1116 3468 1171 suf-

1881 1189 2133 1246 ficienter
2163 1192 2486 1263 castigatus)
2533 1212 2646 1251 non
2686 1198 3197 1272 diﬂ'erebat,neque
3243 1221 3469 1275 procra-

1880 1281 2140 1348 stinabat,
2168 1284 2246 1338 uti
2272 1287 2458 1354 prius;
2490 1287 2586 1343 sed
2619 1299 2822 1358 quanta
2845 1299 3062 1360 poterat
3091 1295 3373 1354 celeritate
3399 1300 3469 1354 ad

1880 1383 2133 1430 sanctum
2163 1377 2449 1443 advolans,
2484 1388 2592 1434 tam
2625 1383 2862 1452 supplici
2897 1400 3022 1439 cum
3048 1389 3364 1456 precatione
3388 1403 3472 1446 at-

1879 1483 1986 1537 que
2004 1470 2335 1526 demissione
2371 1474 2541 1528 animi
2574 1475 2718 1545 apud
2744 1476 2922 1546 ipsum
2940 1479 3072 1550 egit,
3095 1497 3260 1552 quam
3289 1500 3470 1556 nuper

1882 1562 2096 1618 tumido
2116 1578 2242 1619 cum
2266 1564 2408 1621 fastu
2439 1575 2604 1636 atque
2634 1571 2896 1639 superbia
2925 1591 2936 1624 :
2970 1588 3151 1644 neque
3172 1577 3470 1634 vehemen-

1884 1652 1994 1709 tius
2047 1656 2471 1713 concutiebatur
2523 1659 2716 1715 morbo
2767 1671 2918 1718 artus
2979 1669 3248 1736 corporis,
3303 1686 3468 1740 quam

1882 1745 2132 1802 miraculi
2158 1750 2427 1819 stupenda
2457 1751 2699 1809 novitate
2735 1754 2852 1824 ipsa
2888 1757 3089 1812 anima.
3125 1759 3329 1816 Partim
3363 1763 3467 1816 ita-

1807 1825 1850 1880 Β
1880 1852 1988 1906 quc
2007 1837 2286 1896 fatebatur
2331 1840 2449 1896 ﬁeri
2478 1857 2585 1897 non
2612 1859 2773 1913 posse
2806 1853 2866 1899 ut
2889 1847 3093 1917 gratias
3117 1851 3342 1907 meritas
3365 1869 3468 1923 pro

1881 1927 1992 1982 filia
2029 1931 2406 1999 persolveret;
2436 1934 2636 2002 partim
2669 1934 3095 2004 deprecabatur,
3133 1949 3192 1996 ut
3229 1953 3468 1999 cessaret

1882 2025 2090 2073 tremor
2146 2035 2258 2090 quo
2305 2023 2751 2079 concutiebatur.
2797 2026 2878 2081 Ad
2930 2027 3048 2083 hmo
3090 2028 3324 2102 Symeon
3367 2047 3468 2103 pro

1874 2119 2138 2165 consueta
2156 2127 2254 2166 sua
2285 2113 2701 2171 misericordia:
2734 2117 2794 2172 In
2820 2118 3047 2175 nomine
3067 2121 3286 2177 Domini
3310 2123 3462 2190 Jcsu,

1871 2197 2071 2270 inquit,
2101 2209 2158 2256 tu
2185 2208 2406 2274 quoqdc
2429 2216 2551 2262 esto
2574 2223 2761 2263 sanus.
2791 2208 2991 2280 Sicque
3014 2213 3166 2268 aliud
3186 2215 3281 2269 alii
3303 2217 3465 2274 mira-

1872 2293 2060 2348 culum
2102 2310 2414 2352 connexum
2459 2308 2575 2366 est;
2611 2301 2710 2365 illi,
2746 2302 2993 2373 inquam,
3027 2306 3175 2374 quod
3221 2307 3276 2361 in
3332 2309 3463 2376 filia,

1873 2385 2020 2442 istud
2052 2389 2200 2459 quod
2233 2391 2286 2444 in
2323 2403 2478 2462 patre
2509 2403 2784 2463 patratum
2809 2395 2915 2451 fuit
2943 2412 2957 2449 :
2984 2406 3040 2452 et
3063 2397 3246 2453 statim
3278 2399 3458 2456 bellis—

1871 2479 2246 2538 simcbabcns
2271 2484 2446 2550 stetit,
2489 2495 2636 2542 totus
2671 2488 2968 2555 cxtaticus,
3015 2498 3164 2546 totus
3215 2501 3463 2563 stupens,

1872 2576 2021 2626 totus
2063 2573 2384 2640 perculsus;
2443 2575 2612 2631 nullis
2659 2576 2844 2642 labiis,
2889 2579 3059 2635 nullis
3100 2581 3307 2647 verbis,
3361 2598 3463 2639 nec

1870 2660 2052 2733 longis
2097 2665 2544 2732 narrationibus;
2571 2666 2666 2722 sed
2699 2668 2810 2723 alto
2836 2669 3080 2735 silentio,
3115 2671 3306 2727 habitu
3336 2688 3462 2729 cor-

1871 2755 2044 2824 poris,
2074 2762 2130 2809 et
2167 2757 2564 2812 constitutione
2604 2759 2791 2816 vultus
2821 2761 3256 2832 magnitudinem
3288 2765 3457 2821 mira-

1873 2847 1982 2901 culi
2014 2848 2323 2918 praedicans
2364 2850 2730 2908 intuentibus.

1445 3055 1448 3060 _
1601 2983 1827 3045 CAPUT
1867 2987 2058 3044 xxvx.

709 3093 811 3149 Alii
854 3093 1132 3150 insolentis
1170 3096 1227 3150 in
1260 3105 1505 3154 sanctum
1545 3098 1742 3170 lingua:
1777 3103 2114 3174 castigantur
2148 3118 2212 3157 ac
2258 3100 2565 3174 pmnilenles
2609 3104 2924 3162 liberantur.

251 3209 356 3264 σθ’.
391 3208 548 3264 Μετὰ
575 3209 635 3264 δὲ
659 3209 853 3281 χρόνον
884 3214 1100 3283 συχνὸν,
1134 3217 1331 3289 συνέϐη
1364 3218 1610 3276 διάκονόν
1643 3239 1760 3276 τινα

1935 3223 2060 3278 209.
2093 3223 2263 3279 Multo
2293 3235 2418 3294 post
2446 3234 2695 3296 tempore
2725 3227 2927 3282 accidit
2974 3227 3294 3297 diaconum,
3351 3249 3454 3290 no-

177 3302 282 3371 τῆς
316 3300 516 3371 κώμης
547 3301 811 3356 Εύθαλίου
843 3303 1165 3378 λεγομένης,
1197 3308 1516 3379 Ἐπιφάνιον
1570 3312 1764 3385 ὄνομα,

175 3390 270 3445 τοῦ
303 3391 453 3444 Θείου
490 3390 716 3463 Συμεὼν
747 3393 805 3447 ὲν
847 3394 1039 3468 ἀγνοίᾳ
1083 3397 1428 3468 καταλαλεῖν,
1461 3401 1767 3474 ἐνυϐρίζειν

178 3498 238 3536 τε
292 3482 389 3536 καὶ
450 3485 730 3555 παροινεῖν
757 3487 840 3548 εἰς
897 3487 1080 3552 αὐτὸν,
1113 3487 1208 3542 καὶ
1263 3489 1410 3559 σαφῆ
1459 3491 1567 3544 τῶν
1615 3493 1770 3564 αὐτῷ·

177 3575 518 3644 προσιόντων
537 3574 755 3646 ἀπάτην
786 3579 1239 3646 καταγινώσκειν.
1279 3581 1416 3634 Ποτὲ
1460 3582 1592 3650 γοῦν
1627 3583 1768 3638 θειο-

173 3669 337 3734 τέρας
363 3668 392 3719 ό
429 3667 748 3736 Ἐπιφάνιος
776 3669 982 3736 ἄνωθεν
1005 3671 1320 3744 ἐπισκοπῆς
1347 3675 1600 3741 ἀξιωθεὶς
1624 3677 1765 3730 κατὰ

175 3758 407 3824 Παῦλον,
442 3759 638 3814 ἔπεσεν
669 3760 804 3814 ὡσεὶ
832 3762 1024 3834 νεκρὸς
1052 3765 1194 3819 κατὰ
1224 3769 1348 3836 γῆς,
1381 3768 1477 3821 καὶ
1508 3768 1576 3822 τὰ
1612 3769 1764 3833 ἐντὸς

177 3850 528 3923 συνεστράφη
566 3866 581 3882 ο
611 3854 986 3924 προστέτακτο
1013 3855 1070 3908 δὲ
1100 3856 1192 3909 διὰ
1238 3861 1560 3930 νυκτερινῆς
1588 3860 1764 3930 ὅψεως

177 3943 272 3996 καὶ
310 3936 490 4010 οὗτος,
519 3945 618 3998 οὐκ
647 3947 728 4009 εἰς
757 3947 1050 4017 Δαμασκὸν
1083 3947 1159 4011 ῶς
1187 3951 1412 4015 ἐκεῖνος,
1444 3951 1579 4006 ἀλλὰ
1610 3955 1762 4023 παρὰ

177 4034 265 4086 τὸν
311 4033 402 4088 τοῦ
455 4033 593 4088 Θεοῦ
635 4035 947 4108 θεράποντα
995 4038 1221 4108 Συμεὼν
1265 4040 1529 4109 ἀνελθεῖν,
1560 4045 1634 4108 ὡς
1664 4047 1761 4101 καὶ

176 4124 306 4195 παρ’
344 4126 515 4180 αὑτοῦ
556 4126 760 4199 δηλαδὴ
790 4128 1090 4200 θεραπείαν
1120 4132 1182 4185 ού
1229 4131 1482 4204 σώματος
1534 4139 1760 4208 κομιού-

177 4232 335 4284 μενος
402 4219 587 4289 μόνον,
620 4219 756 4273 ἀλλά
817 4221 913 4274 καὶ
951 4221 1151 4293 ψυχῆς.
1210 4223 1320 4278 Καὶ
1371 4224 1504 4296 δῆτα
1561 4230 1758 4300 φόρτος

175 4307 325 4361 οὐδὲν
349 4309 578 4380 ἀψύχων
631 4310 908 4374 ἀπεοικὼς
948 4313 1230 4385 ὑποζυγίῳ
1279 4316 1572 4383 ἐπιτεθεὶς,
1599 4319 1758 4372 ἀθλία

173 4414 230 4450 τε
263 4400 368 4471 πρὸ
399 4400 495 4454 τοῦ
537 4401 733 4454 στύλον
763 4402 942 4468 τεθεὶς
961 4403 1102 4474 ὄψις,
1130 4407 1314 4477 φωνῆς
1340 4407 1548 4464 ἄνωθεν
1568 4410 1756 4464 ἀκούει

175 4489 325 4559 παρὰ
357 4490 453 4544 τοῦ
507 4490 666 4559 ἁγίου
710 4491 999 4564 λεγούσης,
1041 4495 1170 4549 Ἰδοὺ
1222 4497 1424 4571 ἀφείθη
1465 4517 1548 4554 σοι
1607 4503 1758 4574 παρά

1867 3315 2019 3371 mine
2052 3315 2450 3388 Epiphanium,
2475 3334 2540 3374 ex
2573 3334 2711 3390 pago
2739 3321 2980 3390 quodam
3011 3323 3104 3393 qui
3160 3341 3451 3398 nuncupa-

1868 3417 1959 3463 tur
1985 3408 2341 3476 Eutbalii,de
2367 3411 2540 3466 sancti
2559 3411 2850 3483 Symconis
2873 3412 3016 3468 fama
3057 3429 3157 3484 per
3199 3416 3455 3487 ignoran-

1867 3502 1998 3557 tiam
2021 3502 2338 3569 detrahere,
2355 3505 2660 3574 ineumquc
2682 3505 3080 3561 contumeliose
3099 3505 3427 3563 dcbaccbari
3439 3556 3452 3575 ,

1864 3603 1919 3648 et
1943 3607 2193 3650 errorem
2229 3595 2407 3665 ipsum
2439 3596 2764 3652 adeuntium
2803 3599 2980 3668 palam
3016 3600 3457 3669 reprehendere.

1864 3691 2177 3760 Aliquando
2212 3691 2380 3762 igitur
2423 3691 2609 3746 divina
2653 3693 2874 3747 cmlitus
2920 3693 3133 3750 visione
3193 3695 3450 3769 dignatus

1863 3781 2210 3851 Epiphanius
2247 3782 2358 3846 illc,
2397 3782 2538 3837 sicut
2580 3783 2859 3852 quondam
2918 3784 3139 3850 Paulus,
3205 3788 3451 3843 concidit

1862 3874 2018 3943 quasi
2069 3884 2322 3930 mortuus
2370 3875 2426 3930 in
2475 3883 2700 3942 terram,
2749 3885 2806 3932 ct
2864 3877 3178 3934 visceribus
3236 3879 3449 3935 intimis

1862 3977 2174 4024 commotus
2195 3981 2279 4025 est
2302 3988 2314 4022 :
2337 3969 2528 4040 jussus
2556 3984 2776 4039 quoque
2809 3979 2894 4025 est
2940 3986 3049 4025 non
3079 3981 3141 4026 ut
3189 3973 3294 4028 iste
3339 3973 3447 4029 Da-

1860 4072 2106 4112 mascum
2129 4059 2454 4124 concedere,
2474 4058 2568 4114 sed
2588 4055 2653 4109 ad
2685 4058 2947 4115 famulum
2975 4061 3069 4117 Dei
3092 4062 3443 4135 Symconcm,

1860 4159 1920 4204 ut
1950 4165 2048 4221 per
2075 4150 2227 4205 illum
2260 4152 2553 4206 sanitatem
2594 4167 2703 4204 non
2729 4153 2906 4207 solum
2935 4157 3208 4224 corporis,
3239 4157 3335 4212 sed
3391 4167 3447 4214 ct

1859 4243 2058 4297 animae
2083 4244 2250 4298 etiam
2278 4251 2609 4313 reportaret.
2642 4243 2788 4315 Ergo
2807 4261 2914 4300 non
2951 4248 3184 4302 multum
3227 4249 3296 4303 ab
3329 4250 3447 4305 ina~

1859 4335 1994 4389 nimi
2027 4335 2373 4406 discrepans,
2405 4337 2657 4406 iumento
2685 4337 2981 4408 impositus
3009 4349 3094 4395 est
3149 4357 3292 4397 onus
3337 4343 3442 4396 mi-

1859 4428 2132 4488 serabile:
2168 4427 2566 4499 depositusque
2597 4437 2724 4484 ante
2751 4429 3065 4486 columnam
3124 4433 3442 4490 luctuosum

1857 4520 2253 4589 Spectaculum,
2306 4530 2498 4575 vocem
2572 4521 2791 4576 coalitus
2838 4538 2866 4577 a
2905 4533 3096 4579 sancto
3168 4525 3439 4598 Symeone

177 4578 378 4649 Κυρίου
412 4581 478 4635 τὰ
508 4582 568 4634 ὲν
600 4581 796 4654 ἀγνοίᾳ
821 4600 834 4614 ·
870 4585 1083 4656 ἔγειραι
1140 4587 1432 4659 τοιγαροῦν
1465 4591 1750 4646 ἀναλαϐὼν

1868 4611 2150 4666 demissam
2185 4613 2383 4676 sensit,
2436 4629 2558 4682 qua:
2597 4613 2851 4669 dicebat:
2908 4617 3050 4672 Ecce
3083 4618 3443 4674 dimittuntur

174 4671 385 4735 ἑαυτὸν,
427 4677 896 4745 μηκέτιδιώκειν
956 4678 1121 4732 αὐτὸν
1179 4680 1505 4753 ἀνεχόμενος
1567 4687 1626 4740 ὲν
1673 4689 1750 4760 τῷ

173 4763 375 4820 τιθέναι
403 4765 464 4820 τὸ
489 4768 662 4840 στόμα
687 4787 780 4825 σου
805 4773 884 4836 εἰς
907 4772 1074 4842 ἡμᾶς,
1109 4772 1205 4826 καὶ
1226 4773 1406 4829 λαλεῖν
1438 4776 1562 4830 καθ’
1592 4781 1750 4850 ήμῶν

181 4857 412 4949 ἀδικίαν.
436 4863 658 4927 Τούτοις
691 4869 803 4929 τοῖς
837 4869 1075 4940 ῥήμασιν
1121 4870 1248 4946 [εἰς]
1299 4876 1488 4930 ἑαυτὸν
1517 4879 1753 4949 παραδό-

181 4945 284 5012 ξως
313 4952 655 5020 ἐπανελθὼν,
685 4958 946 5014 τάναντία
971 4962 1172 5034 διεξῄει
1204 4965 1312 5018 τῶν
1345 4969 1747 5038 προλαϐόντων,

178 5041 272 5092 καὶ
295 5043 582 5112 κηρύττων
625 5042 692 5116 ἦν
733 5048 837 5119 ὅλῳ
869 5054 1099 5123 στόματι
1135 5056 1338 5124 μᾶλλον
1363 5059 1460 5122 τὰς
1489 5061 1584 5113 τοῦ
1614 5062 1746 5116 Θεοῦ

176 5130 262 5185 διὰ
286 5133 379 5186 τοῦ
414 5134 745 5202 θεράποντος
773 5141 936 5195 αὑτοῦ
963 5144 1302 5210 δυναστείας.

234 5313 317 5361 σι’.
343 5306 475 5365 Εἶτα
517 5317 612 5370 καὶ
639 5317 766 5381 τοὺς
785 5320 935 5382 υἱοὺς
962 5324 1333 5392 προσαγαγὼν
1354 5328 1746 5401 δαιμονῶντας,

163 5395 330 5496 ὑγιεῖς
358 5401 662 5476 ἑκατέρους
683 5410 1082 5480 ἀπολαμϐάνει.
1118 5408 1289 5478 Οὗτος
1325 5395 1463 5488 μετά
1517 5395 1747 5496 θατέρου

167 5485 276 5538 τῶν
328 5491 534 5547 παίδων
596 5495 823 5570 ὕστερον
872 5499 948 5570 τῷ
1006 5501 1150 5571 ἁγίῳ
1197 5485 1532 5575 παραϐαλὼν
1588 5485 1748 5584 (ἐπεὶ

170 5577 263 5625 καὶ
297 5581 535 5651 συνεχῶς
564 5587 713 5656 αὐτῷ
755 5590 896 5657 μετὰ
931 5595 1144 5662 πεῖραν
1166 5598 1378 5664 ἐφοίτα,
1411 5603 1508 5655 καὶ
1553 5577 1744 5661 τοσοῦ-

167 5679 258 5719 τον
286 5668 394 5741 ὅσῳ
441 5676 567 5739 τοὺς
623 5679 796 5753 ταύτῃ
848 5682 1089 5752 δρῶντας
1144 5688 1335 5759 πρώην
1369 5694 1666 5769 ἐμέμφετο)
1686 5701 1740 5752 ἔν

169 5768 277 5809 τινι
306 5760 411 5815 τῶν
447 5763 735 5834 ἀνωγαίων
765 5772 864 5840 τῆς
887 5772 1056 5843 μονῆς
1090 5776 1366 5834 καταλύει.
1527 5760 1630 5855 μὲν
1649 5760 1740 5842 οὖν

526 5867 794 5929 Pnnou.
841 5874 932 5929 Gn
1002 5873 1106 5932 LX
1121 5874 1336 5938 XXV].

1855 4703 2028 4757 tibia
2093 4705 2327 4759 Domino
2407 4721 2529 4775 quae
2584 4722 2649 4761 ex
2712 4703 3022 4778 ignorantia
3075 4713 3440 4780 commisisti;

1852 4796 1972 4850 leva
2024 4805 2075 4851 te
2124 4795 2292 4869 igitur
2351 4807 2406 4851 et
2467 4799 2576 4854 noli
2621 4803 2876 4873 persequi
2918 4803 3095 4872 ipsum
3153 4805 3436 4877 deinceps,

1852 4887 2152 4959 aperiendo
2180 4903 2244 4942 os
2273 4896 2427 4943 tuum
2451 4897 2506 4945 et
2537 4891 2818 4961 loquendo
2850 4895 3197 4964 iniquitatem
3239 4909 3438 4955 contra

1853 4995 1973 5033 nos.
1994 4977 2201 5033 Horum
2225 4983 2533 5036 verborum'
2559 4984 2765 5039 virtute
2802 4985 3132 5042 mirabiliter
3173 4988 3279 5043 sibi
3307 4991 3438 5044 red-

1852 5068 2021 5132 ditus,
2054 5070 2336 5127 contraria
2380 5072 2629 5138 on‘mino,
2677 5091 2841 5145 quam
2886 5086 3013 5132 ante
3057 5088 3179 5135 erat
3217 5081 3434 5147 solitus,

1852 5159 2200 5230 loquebatur,
2225 5164 2502 5235 plenoque
2552 5182 2649 5220 ore
2711 5168 3046 5237 praedicabat
3097 5173 3191 5227 Dei
3241 5183 3437 5243 poten-

1853 5253 1981 5307 tiam
2008 5269 2107 5324 per
2129 5253 2395 5311 famulum
2434 5272 2618 5312 suum.

1939 5346 2064 5400 2I0.
2104 5349 2618 5406 Adducensdeinde
2676 5351 2818 5408 filios
2850 5353 2990 5409 duos
3041 5355 3434 5425 dacmoniacos,

1851 5437 2158 5495 incolumes
2182 5441 2377 5496 ambos
2408 5445 2656 5514 recepit:
2693 5460 2930 5515 quorum
2976 5463 3087 5504 uno
3132 5449 3434 5506 comitante

1848 5537 2038 5596 postea
2064 5531 2364 5601 aliquando
2415 5534 2482 5588 ad
2524 5545 2778 5590 sanctum
2836 5552 2895 5591 sc
2946 5537 3241 5594 conferens
3280 5539 3432 5607 (quia

1842 5615 1953 5682 jam
1989 5626 2252 5686 expertus
2282 5618 2566 5688 virtutem,
2601 5623 2804 5679 creber
2834 5640 2901 5679 eo
2932 5624 3126 5690 itabat,
3171 5636 3433 5696 tantoque

1845 5703 2192 5776 frequentius
2237 5722 2490 5779 .quanto
2551 5716 2752 5783 saepius
2810 5726 2936 5771 ante
2996 5717 3049 5772 id
3115 5717 3432 5776 iactitantes

1846 5799 2302 5875 reprehenderat)
2356 5805 2413 5857 in
2469 5809 2759 5861 cmnaculo
2831 5808 3071 5880 quodam
3137 5810 3446 5880 superiore,

2955 5909 3068 5967 100
