4010 6288
570 321 716 388 ’3179

1770 319 1832 381 S.
1871 319 2252 382 SYMEONIS
2287 321 2650 384 JUNIORIS

3662 334 3778 398 3180

574 430 894 487 monasterii
925 428 1234 484 diversatus
1255 428 1378 482 fuit.
1415 427 1629 483 Accidit
1653 436 1838 484 autem
1882 445 2140 499 puerum,

2251 433 2411 484 παῖδα
2446 431 2642 503 συνέϐη
2666 432 2884 498 νυκτὸς,
2921 435 3065 490 κατὰ
3099 435 3168 506 δή
3203 454 3328 492 τινα
3350 441 3601 508 σώματος
3627 442 3778 513 χρείαν

574 531 857 592 premente
893 519 1130 588 quadam
1164 518 1410 586 corporis
1435 518 1790 585 necessitate,
1825 527 1995 574 noctu
2047 534 2146 573 ex-

575 619 890 681 perrectum
918 623 1184 679 surgere;
1215 623 1451 678 cumque
1499 608 1589 663 illa
1643 613 1785 663 forte
1838 619 2010 665 staret
2044 609 2148 664 do-

574 719 697 758 mus
720 712 897 772 parte,
923 702 1020 756 ubi
1057 701 1198 756 sacri
1225 703 1435 771 aliquot
1462 701 1752 772 Symeonis
1781 703 1967 772 capilli
1998 703 2149 772 jace-

573 799 736 863 bant;
807 797 922 852 sive
985 797 1214 867 spiritus
1283 805 1483 850 natura
1542 796 1712 850 invidi
1789 795 2148 849 fascinatione

572 889 840 956 malisque
870 887 1101 952 artibus,
1145 888 1258 941 sive
1293 887 1464 956 gratia
1513 887 1624 941 illis
1689 887 1867 940 indita
1929 886 1984 940 id
2035 901 2147 940 non

571 981 875 1038 tolerante:
933 977 1191 1046 delapsus
1253 977 1381 1032 inde
1433 993 1570 1047 puer
1611 987 1777 1047 caput
1823 978 1877 1031 in
1935 987 2147 1048 petram

573 1071 824 1141 impegit,
850 1070 1286 1138 vulneratusque
1316 1071 1558 1139 graviter
1583 1069 1678 1123 illo
1709 1085 1850 1139 pene
1906 1069 2148 1123 contrito

572 1181 603 1218 e
625 1164 766 1217 vivis
787 1161 1039 1216 excessit.
1066 1160 1256 1214 Oritur
1286 1161 1481 1232 ingens
1525 1162 1753 1226 clamor,
1806 1167 2149 1215 concurrunt

571 1265 841 1326 quotquot
890 1255 944 1307 in
983 1254 1149 1308 domo
1192 1253 1443 1316 aderant,
1494 1254 1788 1308 inveniunt
1840 1262 2144 1308 mortuum.

571 1347 733 1400 Pater
773 1360 906 1398 vero
961 1344 1187 1399 minime
1259 1346 1506 1398 omnium
1579 1345 1832 1398 turbatus
1896 1347 2148 1414 (noverat

571 1437 772 1506 quippe
809 1436 877 1490 ad
922 1451 1146 1490 manum
1177 1451 1297 1490 esse
1353 1437 1654 1503 medicum)
1719 1438 1920 1491 tollens
1961 1438 2147 1493 sedate

570 1540 875 1594 mortuum,
915 1526 982 1582 ad
1004 1537 1254 1582 sanetum
1279 1527 1555 1596 deportat.
1593 1528 1800 1599 Tetigit
1857 1530 1953 1583 ille
2009 1543 2144 1597 pue-

572 1621 694 1684 rum
721 1620 944 1674 dextera
975 1635 1094 1683 sua,
1125 1619 1512 1688 invocavitque
1542 1633 1709 1687 super
1743 1619 1896 1672 illum
1958 1618 2149 1687 unige-

572 1712 749 1766 nitum
771 1712 863 1766 Dei
886 1711 1105 1776 Filium,
1125 1711 1220 1780 qui
1242 1711 1393 1765 solus
1417 1719 1596 1780 potest
1624 1721 1870 1765 mortuos
1893 1711 1957 1764 ad
1980 1710 2148 1764 vitam

572 1803 864 1858 suscitare.
891 1801 1045 1872 (Quis
1065 1802 1420 1856 conﬁtebitur
1450 1802 1857 1856 misericordias
1877 1813 1996 1856 tuas
2021 1801 2144 1866 tibi,

573 1894 804 1948 D'omine
829 1893 872 1963 ?)
903 1892 1067 1946 Redit
1091 1892 1273 1946 anima
1304 1908 1504 1962 puero:
1534 1903 1590 1947 et
1618 1893 1712 1962 qui
1735 1900 1984 1946 mortuus
2027 1892 2148 1947 fue-

575 1993 680 2048 rat,
703 1985 889 2037 vivere
917 1983 1210 2052 etspirare
1261 1983 1626 2050 conspicitur.
1673 1982 1906 2036 Sanctus
1961 1991 2148 2036 autem

576 2076 786 2130 indicto
830 2074 972 2144 patri
1023 2073 1420 2143 comitatuique
1475 2073 1626 2127 illius
1688 2074 1929 2139 silentio,
1988 2074 2150 2144 jubet

575 2167 780 2221 auferri
808 2180 1066 2236 puerum,
1096 2173 1157 2218 ut
1200 2166 1471 2234 tantisper
1498 2165 1739 2234 quietem
1767 2165 1968 2233 capiat.
1989 2163 2149 2229 Quod

574 2276 700 2314 eum
725 2260 928 2313 factum
966 2267 1110 2312 esset
1163 2265 1224 2311 ut
1253 2257 1571 2311 mandatum
1621 2266 1760 2320 erat,
1817 2272 1993 2326 puero
2037 2257 2148 2326 jam

577 2348 789 2418 placide
821 2348 1153 2412 dormiente,
1185 2362 1284 2416 per
1315 2362 1478 2401 aures
1510 2346 1658 2400 illius
1684 2356 1910 2415 repente
1925 2345 2151 2416 sanguis

573 2439 787 2494 eﬁusus
823 2447 926 2502 est,
952 2438 1224 2510 Symeone
1240 2437 1648 2506 quodammodo
1696 2437 2017 2507 chirurgum
2052 2453 2152 2506 per

573 2539 752 2585 artem
809 2529 1101 2598 quemdam
1153 2528 1489 2582 invisibilem
1535 2535 1751 2597 agente.
1818 2527 1962 2582 Puer
2019 2541 2152 2580 vero

577 2623 737 2678 linito
765 2637 960 2679 somno
984 2622 1200 2692 integre
1231 2629 1479 2680 sanatus.
1511 2620 1698 2675 cibum
1725 2635 1945 2690 quoque
1990 2619 2152 2674 avide

573 2714 818 2780 admisit,
867 2713 1154 2782 factusque
1202 2722 1286 2768 est
1339 2712 1668 2767 miraculum
1721 2711 2001 2776 omnibus,
2056 2711 2152 2766 ubi

574 2801 1039 2871 conspiciebatur,
1074 2800 1428 2867 videntibus;
1454 2799 1809 2856 audientibus
1841 2799 1935 2854 ubi
1958 2813 2150 2852 narra-

575 2892 760 2946 batur.

647 2997 772 3050 illi.
804 2997 965 3050 Pater
1018 3012 1150 3066 ergo
1198 2996 1428 3066 hujusce
1490 2996 1668 3066 pueri,
1716 2997 2012 3066 praeclarus
2041 2996 2150 3066 jam

577 3085 759 3155 magni
798 3084 1084 3155 Symeonis
1111 3099 1294 3152 praeco
1327 3084 1524 3148 factus,
1561 3093 1668 3138 lam
1696 3085 1948 3139 addictus
1992 3085 2150 3138 famae

573 3177 727 3231 illius
751 3174 1131 3245 propagandae,
1158 3190 1321 3243 quam
1343 3185 1502 3229 antea
1519 3176 1850 3230 noscebatur
1876 3177 1941 3232 ad
1961 3168 2152 3231 convi-

579 3268 827 3324 tiandum
860 3266 1153 3336 proclivis;
1184 3266 1443 3320 convenit
1476 3267 1654 3320 virum
1675 3269 1991 3338 quemdam,
2054 3270 2150 3339 qui

576 3359 879 3414 vocabatur
905 3357 1158 3428 Babylas.
1198 3357 1413 3412 Annum
1451 3357 1541 3413 hic
1591 3359 1815 3414 circiter
1869 3361 2148 3430 quinqua-

577 3450 845 3522 gesimum
879 3449 1155 3518 attigerat,
1188 3449 1409 3518 jamque
1436 3456 1583 3503 totus
1620 3449 1806 3520 glaber
1832 3465 1897 3506 ac
1922 3450 2140 3518 depilis,

578 3557 686 3595 non
715 3543 895 3612 capite
945 3541 1110 3594 modo
1163 3551 1329 3610 atque
1393 3541 1726 3610 superciliis,
1779 3541 1875 3596 sed
1953 3551 2139 3596 mento

575 3635 742 3689 etiam
771 3643 997 3702 totoque
1027 3648 1257 3701 corpore
1305 3641 1446 3696 erat,
1476 3632 1614 3687 adeo
1666 3642 1725 3686 ut
1759 3633 1972 3688 eunetis
2014 3633 2150 3687 risui

574 3743 641 3782 ac
669 3726 912 3782 ludibrio
949 3735 1116 3780 esset.
1151 3726 1389 3780 Noverat
1427 3741 1554 3780 eum
1587 3725 1864 3780 inﬁdelem
1917 3741 2061 3791 esse,
2095 3733 2152 3780 et

576 3819 714 3874 nihil
740 3819 975 3873 sanioris
999 3818 1215 3872 consilii
1248 3818 1302 3871 in
1325 3832 1490 3872 aures
1521 3818 1848 3873 demittere:
1878 3818 2152 3886 persuasit

574 3922 758 3966 tamen
776 3927 884 3964 non
912 3912 1030 3964 sine
1063 3909 1275 3973 labore,
1312 3923 1473 3978 posse
1502 3907 1766 3971 divinam,
1801 3925 1923 3976 qua:
1963 3919 2151 3964 sancto

577 4002 833 4073 Symeoni
898 4002 1111 4066 aderat,
1172 4001 1402 4070 gratiam
1464 3998 1665 4061 facere,
1717 4007 1775 4052 ut
1823 4009 2151 4053 enascantur

576 4102 784 4147 naturae
817 4093 1008 4147 ordine
1033 4091 1214 4161 capilli
1238 4091 1359 4158 ejus
1386 4107 1398 4143 :
1432 4089 1619 4158 sicque
1643 4105 1964 4158 persuasum
1995 4090 2152 4144 duxit

575 4183 642 4237 ad
669 4183 998 4247 columnam,
1027 4197 1136 4235 non
1162 4179 1415 4234 ﬁduciam
1447 4180 1610 4234 modo
1635 4180 1934 4246 incensam,
1959 4195 2149 4234 verum

573 4272 976 4342 pcenitudinem
1026 4285 1245 4341 quoque
1294 4270 1704 4340 prseteritorum
1751 4271 2146 4327 conferentem.

573 4365 714 4419 Dicit
740 4364 791 4418 ei
817 4364 1051 4434 Symcon
1083 4379 1096 4416 :
1123 4363 1202 4415 Tu
1235 4377 1266 4416 a
1299 4371 1351 4416 te
1387 4363 1502 4430 ipse
1538 4363 1591 4415 in
1620 4362 1768 4417 hunc
1801 4377 1973 4432 usque
2004 4364 2148 4417 diem

2248 522 2618 594 διεργεθέντα,
2654 527 2776 580 κατ’
2804 527 2981 581 ἐκεῖνο
3011 529 3200 598 στῆναι
3222 530 3326 599 τῆς
3345 530 3521 595 οἰκίας
3546 533 3606 584 τδ
3633 535 3778 605 μέρος,

2249 614 2384 667 ὅπου
2428 616 2580 680 τινὰς
2608 619 2716 671 τῶν
2760 619 2922 690 ἱερῶν
2949 620 3042 674 τοῦ
3072 621 3295 690 Συμεὼν
3327 623 3535 693 τριχῶν
3565 625 3778 696 ἐτύγχανε

2250 709 2491 762 κεῖσθαι·
2521 709 2630 762 εἴτε
2666 711 2730 782 δὴ
2776 713 3044 784 βασκανίᾳ
3075 715 3176 785 τῆς
3198 717 3467 786 φθονερᾶς
3518 717 3609 770 τοῦ
3649 720 3778 792 Πονη-

2252 799 2347 870 ροῦ
2379 804 2594 868 φύσεως
2621 805 2717 857 καὶ
2748 807 2868 868 ταῖς
2907 805 2964 869 ἐξ
2996 805 3165 875 αὐτῆς
3201 810 3530 876 ἐνεργείαις,
3556 809 3658 862 εἴτε
3701 813 3774 881 τῆς

2251 894 2473 964 χάριτος
2537 896 2636 948 οὐκ
2693 898 3093 968 ἀνασχομένης,
3127 901 3366 969 ἐνεχθεὶς
3426 903 3635 956 ἐκεῖθεν
3675 908 3781 958 κατὰ

2251 987 2492 1058 κεφαλῆς
2520 989 2612 1040 ἐπὶ
2640 991 2862 1058 πέτραν,
2893 991 2988 1042 καὶ
3015 991 3219 1061 ταύτην
3248 993 3477 1062 πληγείς
3495 1011 3556 1045 τε
3593 996 3694 1063 ἅμα
3717 999 3784 1049 καὶ

2254 1072 2580 1150 συντριὸεὶς,
2615 1082 2866 1151 θνήσκει.
2933 1083 3304 1153 Κραυγῆς--δὲ
3350 1087 3676 1156 γενομένης,
3719 1089 3784 1140 καὶ

2258 1173 2478 1225 πάντων
2523 1173 2638 1225 ὅσοι
2704 1175 2971 1244 παρόντες
3023 1171 3164 1245 ἦσαν
3229 1177 3348 1229 ἐκεῖ
3395 1178 3783 1247 συνδραμόντων,

2251 1265 2562 1334 εὑρίσκεται
2596 1266 2890 1336 τεθνηκώς.
2925 1267 2982 1321 ὐ
3029 1269 3210 1338 πατὴρ
3239 1269 3419 1322 τοίνυν
3453 1270 3611 1322 οὐδὲν
3638 1270 3782 1324 διατα-

2255 1356 2478 1426 ραχθεὶς
2505 1359 2643 1427 (ᾔδει
2670 1359 2778 1428 γὰρ
2834 1360 3020 1427 σαφῶς
3069 1362 3238 1429 ἐγγὺς
3289 1362 3432 1431 ἔχων
3482 1363 3573 1415 τὸν
3622 1363 3784 1433 ἰατρὸν)

2251 1447 2571 1516 ἀνελόμενος
2618 1451 2795 1519 ἡσυχῆ
2857 1453 3087 1504 θανόντα
3122 1454 3210 1506 τὸν
3242 1455 3438 1514 παῖδα,
3469 1454 3676 1522 κομίζει
3709 1455 3786 1523 πρὸ

2251 1538 2344 1591 τοῦ
2399 1540 2551 1606 ἁγίου
2575 1557 2588 1571 ο
2629 1544 2657 1593 ὁ
2699 1541 2754 1593 δὲ
2797 1542 2871 1603 ὡς
2903 1542 3080 1610 ἥψατο
3106 1543 3296 1595 τούτου
3327 1547 3390 1612 τῇ
3424 1543 3596 1613 δεξιᾷ,
3618 1544 3698 1594 καὶ
3718 1542 3785 1594 τοῦ

2255 1631 2576 1702 μονογενοῦς
2603 1632 2733 1684 Υίοῦ
2767 1633 2861 1685 τοῦ
2895 1633 3052 1697 Θεοῦ,
3087 1635 3182 1687 τοῦ
3225 1636 3322 1687 καὶ
3357 1635 3524 1704 μόνου
3556 1636 3786 1698 ζωοποιεῖν

2252 1725 2450 1787 εἰδότος
2470 1727 2716 1792 νεκροὺς,
2741 1725 2882 1794 ὑπὲρ
2913 1727 3077 1778 αὐτοῦ
3115 1728 3307 1796 ἐδεήθη
3359 1729 3483 1796 (Τίς
3507 1728 3786 1796 ἐξομολογὴ-

2253 1815 2403 1868 σεταί
2429 1833 2533 1878 σοι,
2555 1819 2774 1885 Χριστὲ,
2803 1819 2870 1870 τὰ
2889 1819 3012 1888 ἐλέη
3043 1835 3135 1869 σου
3158 1821 3222 1884 ί),
3245 1820 3500 1871 ἐπάνεισι
3519 1819 3613 1889 μὲν

2253 1907 2348 1960 τοῦ
2384 1908 2593 1971 παιδὸς,
2625 1909 2717 1960 καὶ
2759 1909 2867 1972 ζῶν
2892 1913 2918 1963 ὁ
2959 1910 3149 1979 νεκρὸς
3187 1909 3282 1960 καὶ
3309 1910 3494 1962 πνέων
3531 1909 3711 1979 ὡρᾶτο.
3743 1911 3783 1963 '0

2251 1999 2476 2070 Συμεὼν
2494 2001 2547 2053 δὲ
2579 2002 2737 2069 σιγὴν
2753 2001 2830 2071 τῷ
2857 2003 3024 2070 πατρὶ
3054 2003 3147 2054 καὶ
3183 2005 3296 2065 τοῖς
3329 2004 3460 2068 περὶ
3491 2003 3649 2055 αὑτὸν
3677 2018 3784 2070 παρ·

2251 2093 2526 2160 αγγέλλει,
2567 2093 2867 2162 ἀραμένοις
2918 2093 3024 2162 ἰδία
3070 2093 3161 2144 τὸν
3187 2094 3372 2155 παῖδα,
3411 2094 3506 2146 ἵνα
3559 2095 3712 2162 βραχύ
3749 2109 3786 2145 τι

2252 2182 2349 2235 καὶ
2383 2183 2693 2254 καθευδήσῃ
2717 2200 2730 2210 ·
2764 2183 2904 2253 ὅπερ
2936 2183 3012 2246 ὡς
3039 2183 3341 2253 προσέταξε
3367 2183 3611 2250 γεγονὸς,
3644 2181 3787 2235 ὑπνώ-

2181 1782 2222 1836 Β

2255 2295 2444 2341 σαντος
2480 2279 2546 2330 τὰ
2584 2279 2780 2347 μέτρια
2812 2277 2905 2329 τοῦ
2954 2279 3167 2342 παιδὸς,
3201 2273 3343 2348 αἷμα
3372 2278 3477 2345 ,διὰ
3515 2277 3619 2329 τῶν
3656 2274 3781 2326 αὺτοῦ

2252 2366 2404 2420 ὢτων
2435 2369 2628 2438 ἁθρόον
2660 2367 2842 2439 ὲχέθη,
2874 2370 3129 2440 καθάπερ
3155 2371 3369 2441 ἀθεάτῳ
3390 2372 3503 2424 τινὶ
3518 2366 3785 2440 χειρουργίᾳ

2252 2454 2348 2508 τοῦ
2394 2455 2618 2524 Συμεὼν
2663 2457 2749 2508 ἐπ’
2789 2458 2951 2510 αὑτὸν
2991 2460 3341 2529 χρησαμένου
3369 2476 3384 2490 ·
3414 2464 3510 2513 καὶ
3544 2460 3669 2530 μετὰ
3711 2459 3781 2508 τὸν

2255 2544 2419 2598 ὕπνον
2451 2547 2611 2615 ὑγιὴς
2640 2547 2761 2610 ὅλος
2789 2543 2877 2618 ἦν,
2902 2550 3072 2619 ἡδέως
3096 2551 3464 2621 προσιέμενος
3489 2551 3580 2603 καὶ
3602 2547 3780 2618 τροφὴν,

2256 2636 2440 2708 θαῦμα
2473 2640 2605 2693 πᾶσι
2652 2640 2746 2694 καὶ⁴
2773 2640 2985 2711 ὄμμασι
3021 2644 3116 2697 καὶ
3135 2643 3291 2713 ὠσὶν,
3322 2641 3603 2715 ὁρώμενός
3635 2659 3685 2695 τε
3714 2640 3780 2692 καὶ

2255 2730 2423 2784 ἀκουό
2430 2748 2606 2800 μενος.

2329 3001 2455 3049 σια’.
2510 2993 2567 3048 '0
2617 2995 2745 3062 γοῦν
2780 2995 2964 3065 πατὴρ
2990 3034 3003 3057 ,
3036 2994 3100 3048 λα
3111 2995 3287 3066 μπρδς
3331 2995 3446 3047 τῶν
3471 2994 3563 3048 τοῦ
3594 2992 3777 3064 μεγάλου

2257 3087 2482 3158 Συμεὼν
2513 3088 2689 3158 κῆρυξ
2718 3087 2820 3149 ὢν,
2845 3089 2942 3140 καὶ
2981 3087 3235 3148 τοσοῦτος
3271 3089 3350 3148 είς
3383 3087 3652 3156 εὐφημίαν
3687 3086 3779 3141 ὅσος

2255 3181 2333 3242 είς
2359 3179 2623 3248 λοιδορίαν
2650 3181 2709 3232 τὸ
2743 3179 2874 3249 πρὶν
2910 3178 3258 3247 ἐγνωρίξετο,
3297 3178 3473 3246 ἄνδρα
3503 3176 3616 3229 τινὰ
3638 3171 3776 3226 Βαθύσ

2253 3271 2353 3324 λαν
2381 3270 2736 3339 καλούμενον,
2770 3270 2888 3330 ἔτος
2917 3287 3020 3322 που
3046 3270 3412 3338 πεντηκοστὸν
3445 3269 3600 3330 ὅντα,
3622 3263 3779 3331 γυμνὸν

2253 3364 2376 3418 ὅλον
2426 3365 2520 3417 καὶ
2555 3363 2700 3414 λεῖον
2747 3363 2840 3414 καὶ
2872 3361 3094 3431 ἄτριχα,
3127 3362 3188 3413 οὐ
3217 3361 3466 3431 κεφαλὴν
3498 3360 3644 3430 μόνον
3666 3356 3714 3408 οὐ
3737 3353 3775 3403 δὲ

2253 3455 2482 3527 ὀφρύας,
2571 3453 2708 3508 ἀλλὰ
2747 3455 2839 3508 καὶ
2884 3453 3120 3520 πώγωνα
3166 3452 3260 3505 καὶ
3300 3451 3466 3522 σῶμα
3513 3451 3568 3503 τὸ
3599 3449 3706 3506 πᾶν,
3725 3444 3778 3502 ὡς

2254 3546 2350 3598 καὶ
2388 3547 2552 3598 πᾶσιν
2586 3546 2643 3597 ὲν
2683 3545 2881 3613 γέλωτι
2911 3544 3005 3596 καὶ
3049 3544 3238 3614 παιδιᾷ
3273 3539 3444 3603 εἶναι,
3477 3541 3650 3593 τοῦτον
3671 3540 3776 3588 ἁπα-

2179 3137 2220 3192 C

2255 3636 2530 3708 ραδέκτως
2586 3636 2778 3703 ἔχοντα
2833 3634 2929 3687 καὶ
2982 3634 3227 3696 ἀπίστως
3271 3631 3454 3694 είδὼς,
3487 3631 3614 3698 ὠςή
3669 3623 3776 3690 παρὰ

2252 3729 2331 3798 τῷ
2355 3729 2482 3797 θείῳ
2533 3727 2756 3795 Συμεὼν
2809 3726 2932 3779 θεία
2978 3726 3137 3795 χάρις
3181 3725 3382 3794 δυνατὴ
3444 3724 3624 3794 τρίχας
3663 3713 3771 3783 αὖτῴ

2253 3819 2396 3872 κατὰ
2436 3818 2596 3886 φύσιν
2630 3819 2884 3885 ἐκφῦσαί,
2920 3817 3096 3869 πείθει
3129 3817 3224 3869 σὺν
3269 3816 3416 3884 πόνῳ
3441 3832 3456 3846 ⁸
3505 3813 3591 3865 καὶ
3633 3811 3773 3864 πείσας

2253 3912 2378 3980 ἄγει
2412 3911 2564 3981 παρὰ
2599 3909 2690 3961 τὸν
2715 3910 2932 3970 στύλον.
2958 3909 3018 3961 οὐ
3054 3908 3191 3975 μετὰ
3217 3909 3429 3978 θερμῆς
3467 3908 3678 3964 πίστεως
3701 3897 3768 3967 μέμ

2253 4020 2363 4067 νον,
2413 4000 2550 4056 ἀλλὰ
2597 4001 2834 4069 καὶτῆς
2897 4001 3038 4070 ὑπὲρ
3095 3998 3188 4052 τοῦ
3242 3998 3599 4068 παρελθόντος
3650 4002 3771 4061 μετα·

2253 4092 2497 4163 μελείας.
2516 4093 2572 4144 '0
2603 4092 2684 4156 δὲ,
2709 4093 2781 4144 Σὺ
2813 4092 3059 4162 κωλυτὴς
3091 4091 3278 4159 ἐγένου
3305 4091 3490 4160 σαυτῷ
3515 4090 3604 4158 τῆς
3622 4080 3774 4138 ἄνωθεν

2250 4185 2460 4255 δωρεᾶς
2507 4185 2587 4247 εἰς
2632 4183 2811 4255 δεῦρο,
2855 4184 2980 4252 ἔφη,
3014 4187 3109 4237 καὶ
3141 4184 3413 4237 πιστεύων
3434 4187 3515 4242 ὅτι
3549 4169 3773 4234 δυνατδνδ

2250 4276 2442 4338 αἰτεῖς,
2475 4273 2696 4326 ἔσεσθαί
2725 4291 2808 4326 σοι
2839 4275 2993 4344 παρὰ
3026 4274 3184 4328 Θεοῦ.
3225 4274 3337 4327 Νῦν
3388 4271 3482 4328 οὖν
3519 4269 3676 4324 οἶκαδε
3706 4278 3769 4315 πο·

2254 4367 2411 4437 ρεύου
2459 4367 2664 4436 χαίρων
2690 4381 2704 4394 ”
2758 4367 3076 4421 ἁνατελοῦσι
3121 4368 3228 4435 γάρ
3273 4383 3356 4420 σοι
3401 4366 3540 4420 κατὰ
3573 4362 3705 4432 φύσιν
3733 4356 3769 4406 αἱ

573 4455 796 4509 caeleste
843 4454 1048 4506 denunt
1076 4451 1340 4516 arcuisti;
1375 4453 1522 4521 quod
1546 4452 1592 4506 si
1622 4453 1948 4520 credideris,
1987 4469 2147 4523 posse

2251 4458 2454 4529 τρίχες.
2496 4457 2711 4519 Ταύτας
2765 4460 2792 4511 ὁ
2838 4459 2937 4527 μὲν
2972 4458 3124 4528 παρὰ
3154 4457 3247 4510 τοῦ
3291 4457 3437 4526 ἱεροῦ
3483 4450 3680 4524 Συμεὼν
3704 4447 3768 4502 vi;

570 4545 687 4600 ﬁeri
718 4545 772 4598 id
803 4542 949 4613 quod
975 4543 1139 4612 petis,
1162 4542 1380 4596 eveniet
1403 4541 1501 4594 tibi
1531 4556 1560 4594 a
1593 4541 1844 4596 Domino.
1868 4543 2025 4596 Nunc
2046 4543 2147 4614 igi-

575 4636 833 4689 turabito
877 4634 1102 4689 domum
1136 4633 1334 4687 laetus:
1385 4643 1745 4687 renascentur
1783 4649 2017 4704 namque
2051 4635 2150 4690 tibi

566 4727 721 4796 juxta
743 4732 955 4777 natura:
981 4721 1311 4792 exigentiam
1336 4721 1455 4791 pili.
1482 4721 1648 4776 Ratas
1671 4721 1760 4776 ille
1784 4733 2150 4794 acceptasque

570 4819 745 4873 sancti
768 4816 1054 4888 Symeonis
1075 4815 1268 4869 habuit
1290 4815 1700 4884 promissiones,
1731 4831 1795 4870 ac
1817 4816 2040 4871 domum
2067 4835 2152 4873 re-

573 4910 794 4963 meavit.
830 4907 966 4962 Cum
1001 4923 1128 4962 ecce
1183 4907 1263 4961 eis
1289 4905 1532 4960 triduum
1564 4905 1916 4962 reﬁorescere
1971 4925 2146 4974 coma,

571 5001 847 5070 protrusis
877 5016 907 5054 e
939 5000 1121 5052 radice
1165 4997 1436 5064 crinibus,
1471 4997 1622 5052 velut
1665 5014 1860 5054 recens
1893 4999 2026 5053 editi
2067 5001 2152 5054 in-

571 5093 738 5147 fantis
761 5091 905 5160 pilos
930 5090 1302 5157 imitantibus;
1340 5099 1395 5144 et
1425 5105 1692 5144 exornare
1725 5091 1881 5146 brevi
1911 5101 2156 5161 tempore

571 5200 682 5238 non
722 5193 889 5254 caput
927 5184 1110 5248 modo,
1156 5183 1252 5238 sed
1289 5189 1535 5236 mentum
1581 5183 1782 5249 etiam;
1820 5199 1946 5238 mox
1967 5187 2155 5250 etiam,

575 5286 739 5346 prout
783 5292 881 5332 sua
933 5276 1252 5346 requirebat
1295 5283 1448 5342 tetas,
1479 5275 1633 5330 canis
1662 5277 1891 5348 pulchre
1925 5280 2156 5335 vestitus

573 5371 816 5428 ludibrio
850 5369 1048 5424 fuerat.

644 5464 770 5520 ‘ll‘l.
811 5462 1006 5517 Mulier
1035 5461 1283 5531 quaedam
1326 5462 1500 5516 oculis
1536 5461 1808 5517 ambobus
1833 5471 2010 5534 capta,
2060 5478 2155 5518 ve-

578 5553 763 5608 niebat
783 5551 850 5605 ad
880 5560 1130 5606 sanctum
1155 5550 1482 5630 Symeonem
1511 5568 1676 5606 manu
1697 5551 1859 5607 ducta
1892 5569 1906 5606 :
1936 5553 2156 5630 jamque

579 5644 828 5698 subitura
863 5645 1282 5709 monasterium,
1306 5643 1562 5699 clamavit
1584 5659 1747 5714 quam
1777 5644 1957 5715 potuit
1985 5646 2156 5700 maxi-

580 5747 669 5788 me
693 5749 914 5801 sonore,
961 5751 1072 5792 non
1098 5737 1271 5807 magis
1298 5736 1486 5806 lingua
1511 5745 1568 5792 et
1598 5753 1730 5795 voce
1761 5753 1927 5810 quam
1966 5737 2073 5794 ﬁde
2099 5746 2155 5794 et

2251 4551 2580 4618 ἐπαγγελίας
2609 4550 2808 4611 λαϐὼν,
2838 4553 3128 4621 ἐπανῆκεν.
3165 4550 3309 4603 Είσω
3333 4551 3390 4602 δὲ
3419 4549 3578 4619 τριῶν
3604 4536 3768 4612 ἡμερῶν

2251 4642 2558 4710 ὲπήνθησεν
2605 4640 2752 4709 αὐτῷ
2798 4640 2918 4711 θρὶξ
2967 4643 3032 4693 ἐκ
3077 4640 3242 4710 ῥιζῶν
3292 4639 3536 4697 ἀνιοῦσα,
3577 4631 3765 4688 καθάπερ

2251 4731 2540 4803 ἀρτιτόκου
2578 4732 2788 4785 παιδίου
2825 4732 2924 4802 τὴν
2969 4733 3033 4784 ὲκ
3059 4733 3325 4800 γενέσεως
3356 4732 3552 4796 ἑαυτῆς
3590 4715 3765 4787 ὑποψία

2252 4840 2415 4878 νουσα
2441 4823 2697 4892 βλάστην,
2721 4825 2996 4894 ὲκόσμησέ
3021 4841 3081 4876 τε
3113 4825 3250 4877 κατὰ
3278 4825 3474 4894 μικρὸν
3501 4823 3555 4872 οὑ
3588 4807 3766 4881 κεφαλῇ

2259 4915 2438 4986 μόνον,
2470 4917 2604 4968 ἀλλὰ
2659 4917 2752 4970 καὶ
2803 4916 3062 4984 πώγωνα,
3106 4917 3320 4980 πολιαῖς
3373 4915 3512 4969 κατὰ
3541 4911 3677 4981 φύσιν
3700 4902 3765 4964 τῆς

2251 5009 2456 5071 οἰκείας
2483 5009 2698 5078 ἡλίκίας
2723 5011 3152 5080 κατηρτυμένος.
3191 5011 3264 5072 ὼς
3300 5014 3358 5063 ὲν
3393 5009 3648 5076 θαύματος
3672 4989 3766 5048 sim

2257 5099 2402 5171 λόγῳ
2428 5102 2521 5154 καὶ
2555 5105 2666 5165 τοῖς
2692 5104 2883 5173 πρώην
2908 5104 2964 5155 ὲν
2987 5104 3186 5171 γέλωτι
3214 5103 3282 5156 τὰ
3316 5105 3434 5155 κατ’
3465 5099 3612 5152 αὑτὸν
3630 5102 3765 5143 mur

2266 5193 2467 5261 μένοις.

2195 5287 2473 5354 apparuit,
2511 5287 2587 5341 ita
2642 5294 2704 5341 ut
2757 5285 3112 5342 admirationi
3145 5295 3291 5342 esset
3320 5285 3429 5341 illis
3448 5281 3632 5356 quibus
3652 5282 3765 5327 an!“

2322 5462 2446 5534 σιβ’.
2483 5462 2626 5533 Γυνή
2658 5479 2743 5527 τις
2767 5460 3114 5532 ἀμφοτέρους
3139 5461 3266 5524 τοὺς
3286 5456 3586 5529 ὀφθαλμοὺς
3604 5444 3759 5515 τυφλω-

2249 5552 2403 5606 θεῖσα
2431 5553 2659 5624 προσῄει
2691 5553 3178 5624 χειραγωγουμένη
3198 5553 3274 5624 τῷ
3303 5553 3430 5624 ἱερῷ
3451 5544 3674 5620 Συμεών·
3692 5552 3756 5589 κα·

2249 5639 2558 5701 ταλαϐοῦσα
2579 5645 2634 5699 δὲ
2657 5646 2757 5718 ἤδη
2776 5646 2873 5709 τὰς
2899 5649 2996 5717 τῆς
3025 5647 3266 5717 μάνδρας
3285 5642 3672 5707 εισάδους,Ἀγιε
3689 5627 3755 5680 Συ·

2253 5739 2418 5812 μεὼν,
2453 5739 2664 5810 μεγάλῃ
2692 5739 2766 5804 ὼς
2790 5735 2934 5809 εἶχεν
2970 5737 3194 5810 ἐϐόησεν
3232 5738 3292 5792 οὐ
3321 5736 3525 5808 γλώττῃ
3547 5729 3626 5785 καὶ
3645 5718 3752 5794 φωνῇ
