3960 6284
237 328 370 398 3131

1236 332 1409 394 VITA
1445 331 1493 390 A
1531 328 1974 391 NICEPHORO
2011 327 2499 393 CONSCRIPTA.

3296 311 3306 320 ’
3377 336 3516 398 3132

232 445 430 519 μᾶλλον
458 444 492 516 ἢ
528 442 711 497 πίστει
734 442 826 497 καὶ
853 440 1002 506 ζέσει
1033 440 1280 513 καρδίας,
1305 441 1516 512 τυφλήν
1553 459 1621 511 με
1659 443 1803 513 δεχό-

1919 440 2137 498 fervore
2182 441 2368 499 cordis
2404 440 2645 497 :Sancte
2680 440 2940 513 Symeon,
2990 457 3023 498 ο
3052 443 3149 515 qui
3182 458 3268 501 me
3299 444 3511 514 excipis

232 553 410 609 μενος,
441 533 712 591 ἀπόλυσον
742 534 1063 606 βλέπουσαν.
1091 532 1199 585 Τοῦ
1228 532 1287 587 δὲ
1315 532 1812 604 σπλαγχνισθέντος

226 630 314 682 ἐπ’
346 626 506 698 αὐτῇ,
539 627 731 698 χεῖράς
764 643 825 679 τε
849 627 962 690 τοῖς
995 623 1296 695 ὀφθαλμοῖς
1322 624 1623 690 ἐπιθέντος,
1652 625 1811 680 ἔϐλε-

1917 532 2094 589 oculis
2113 541 2420 599 carentem,
2442 533 2511 589 iis
2541 532 3094 595 videntemdimitte.
3124 532 3377 603 Cumque
3408 535 3511 588 [lli-

1916 633 2134 681 seratus
2161 625 2275 690 ille,
2327 641 2524 681 manus
2565 625 2742 682 oculis
2773 625 3148 695 imposuisset,
3180 627 3323 682 vidit
3358 627 3509 685 illico

228 719 324 788 ψεν
349 718 510 783 εὐθὺς
531 718 721 785 ὑγιῶς.
748 714 880 772 Εἶτα
907 716 1176 789 προσάγει
1200 716 1303 788 τὴν
1330 716 1610 789 θυγατέρα
1640 718 1803 782 πάθος

1916 723 2091 771 recte.
2133 716 2344 772 Deinde
2391 715 2559 771 tiliam
2586 729 2809 785 quoque
2842 715 2998 770 ducit
3024 716 3222 771 morbo
3248 714 3508 771 laboran-

226 810 453 881 ἔχουσαν
482 813 612 881 περὶ
640 812 738 882 τὴν
763 811 934 881 γυνήν
959 826 972 840 ’
997 810 1203 875 ἐπιθεὶς
1230 802 1413 866 τοίνυν
1430 811 1532 866 ικαὶ
1557 814 1623 884 τῇ
1657 813 1812 869 παιδὶ

224 904 324 974 τὴν
348 906 524 975 χεῖρα,
551 904 667 957 Νῦν
696 904 795 974 μὲν
825 905 1067 973 ἐπάνηκε
1091 905 1189 958 σὺν
1220 905 1382 977 αὐτῇ,
1405 904 1542 977 πρὸς
1572 906 1672 977 τὴν
1706 923 1812 978 μη-

221 994 358 1065 τέρα
414 992 543 1062 ἔφη,
596 994 718 1064 ὄψει
770 994 828 1049 δὲ
880 993 1023 1050 οἴκοι
1052 994 1151 1066 τὴν
1188 995 1347 1062 δόξαν
1384 995 1479 1051 τοῦ
1517 996 1674 1051 Θεοῦ.
1721 997 1812 1062 Ὡς

221 1085 353 1155 γοῦν
388 1086 689 1156 ἐπανῆλθον
724 1088 1009 1161 ἑκάτεραι,
1042 1091 1140 1143 καὶ
1162 1088 1413 1144 ὕπνωσεν
1441 1086 1533 1145 οἷα
1563 1090 1709 1159 φιλεῖ
1732 1090 1810 1160 τῷ

219 1178 454 1250 καμάτῳ
502 1181 603 1251 τῆς
655 1180 967 1252 ὁδοιπορίας
1006 1183 1040 1253 ἡ
1092 1182 1299 1254 μήτηρ,
1358 1184 1462 1256 ὁρᾷ
1514 1183 1608 1237 τὸν
1651 1183 1811 1252 ἅγιον

218 1271 279 1325 ὲν
332 1271 497 1342 ἑτέρᾳ
538 1274 743 1344 μορφῇ,
797 1272 894 1325 καὶ
929 1273 991 1326 οὐ
1021 1274 1085 1345 τῇ
1124 1272 1346 1344 συνήθει
1395 1273 1805 1345 παραϐαλόντα,

215 1362 316 1434 τήν
374 1380 434 1417 τε
487 1365 670 1418 νεᾶνιν
722 1365 973 1433 ἀγαγεῖν,
1011 1365 1104 1418 καὶ⁵
1152 1366 1213 1419 τὸ
1256 1365 1427 1429 πάθος
1457 1365 1807 1438 ἀνακαλύψαι

216 1453 590 1508 κελεῦσαντα’
645 1448 709 1509 οὗ
749 1457 884 1525 παρ’
930 1455 1104 1525 αὐτῆς
1160 1455 1365 1520 εὐθέως
1410 1457 1804 1528 γεγενημένου,

214 1543 564 1613 ἀνατεμόντα
607 1541 787 1609 τοῦτο,
836 1546 932 1598 καὶ
988 1544 1051 1598 τὸ
1096 1538 1302 1598 λυποῦν
1353 1544 1566 1599 ἐκεῖθεν
1593 1546 1807 1617 ἐξενεγ-

214 1634 401 1701 κόντα,
431 1633 528 1688 καὶ
560 1634 726 1688 πάλιν
753 1635 853 1698 τὰς
885 1635 1102 1705 πληγὰς
1135 1632 1550 1691 συνουλώσαντα
1571 1654 1586 1671 ο
1614 1637 1806 1692 ἔπειτα

216 1724 404 1794 μέντοι
432 1725 535 1794 τῆς
569 1725 751 1790 οἰκίας
785 1724 1019 1791 ἐξιόντα,
1047 1725 1141 1779 καὶ
1180 1724 1384 1796 ἑαυτὴν
1416 1726 1521 1796 μὶν.
1548 1727 1805 1799 ὁρκίζον-

214 1793 318 1869 σαν
361 1793 529 1871 αὐτόν
579 1816 729 1881 ὅστις
783 1817 868 1885 εἴη
917 1817 1162 1886 φράσαιο
1199 1816 1291 1870 τὸν
1329 1793 1387 1869 δὲ
1416 1793 1670 1886 καθάπερ
1702 1817 1801 1888 βα-
1836 1793 1880 1849 Β

215 1908 357 1979 ρέως
415 1907 654 1978 φέροντα
706 1909 802 1960 καὶ
849 1907 1172 1978 ἀχθόμενον,
1201 1903 1273 1961 Ὦ
1326 1908 1514 1978 γύναι,
1544 1911 1599 1964 τί
1645 1911 1809 1965 τοῦτο

211 2000 495 2071 ἐπιζητεῖς
524 2000 964 2071 ἀποκρίνασθαις
1014 1980 1606 2069 Διαναστᾶσίτοίνυν,
1641 2002 1689 2057 ὣ
1711 2005 1805 2058 τοῦ

214 2090 526 2162 θαύματοςι
562 2091 807 2163 εὑρίσκει
846 2092 947 2163 τὴν
978 2092 1149 2146 παῖδα
1186 2093 1283 2147 τοῦ
1325 2093 1531 2158 πάθους
1557 2094 1806 2150 ἀπαλλα-

211 2189 425 2256 γεῖσαν,
468 2188 562 2240 καὶ
605 2187 850 2259 βραχέως
891 2186 1062 2240 ῦπνου
1097 2186 1268 2260 δῶρον
1305 2188 1442 2261 αὐτῇ
1486 2189 1807 2260 παραδόξως

212 2295 411 2351 γεγενη
422 2279 615 2351 μένην.

286 2378 414 2442 σιγ¹.
468 2372 632 2445 Ἀνὴρ
659 2372 717 2427 δέ
745 2390 830 2438 τις
858 2374 925 2427 ἐκ
959 2373 1216 2443 γειτόνων
1252 2375 1320 2445 τῇ
1353 2375 1577 2442 γυναικὶ
1607 2374 1803 2447 ταύτῃ,

212 2464 431 2536 γλώττῃ
461 2464 604 2518 κατά
633 2463 728 2518 τοῦ
761 2466 916 2535 ἁγίου
952 2464 1176 2538 λοιδόρῳ
1205 2465 1298 2519 καὶ
1330 2465 1560 2537 διαϐόλῳ
1585 2466 1806 2538 χρώμε-

215 2572 328 2619 νος,
368 2555 427 2618 ὃς
471 2556 587 2619 τοῖς
611 2556 774 2610 αὑτοῦ
815 2555 1144 2628 θαυμασίοις
1179 2556 1279 2611 οὐκ
1301 2555 1620 2611 ἀπιστοῦντι
1648 2558 1808 2628 μόνον

215 2646 404 2718 ἐῴκει,
436 2647 572 2702 ἀλλὰ
601 2648 696 2702 καὶ
729 2648 1152 2721 παρασκώπτων
1191 2651 1273 2714 είς
1299 2649 1463 2703 αὐτὸν
1498 2645 1589 2722 ἦν,
1619 2651 1712 2704 καὶ
1740 2650 1809 2704 τὰ

216 2739 428 2792 ἐκείνου
459 2739 734 2812 διασύρων
754 2741 978 2813 ἀναίδην
1008 2741 1105 2796 καὶ
1132 2741 1506 2807 καταπαίζων.
1539 2734 1709 2807 Οὗτος
1729 2742 1808 2796 δί-

216 2847 321 2902 κην
353 2831 530 2903 εὑρὼν
578 2832 880 2892 ἀκολάστου
928 2833 1201 2906 γλώσσης,
1250 2833 1481 2905 δαίμονα
1535 2835 1805 2901 σύνοικον,

216 2923 552 2997 προσάγεται
584 2923 660 2995 τῷ
695 2926 857 2997 ἁγίῳ,
885 2928 978 2981 καὶ.
1006 2926 1305 2997 θεραπείας
1351 2927 1484 2998 παρ’
1510 2927 1676 2981 αὐτοῦ
1713 2940 1807 2981 w-

215 3012 348 3086 χὼν,
383 3016 506 3070 οῦδὲ
538 3016 708 3089 ταύτῃ
756 3020 855 3091 τῆς
909 3021 987 3083 είς
1015 3019 1177 3073 αὑτὸν
1215 3019 1487 3091 ἀπέσχετο
1515 3020 1803 3091 φλυαρίας.

1917 817 2025 864 tem
2058 809 2194 878 (56),
2238 809 2335 878 qui
2359 808 2649 879 imponens
2677 808 2933 865 similiter
2969 808 3045 863 illi
3078 824 3297 875 manus,
3332 809 3510 880 inquit

1913 901 2079 955 matri
2120 917 2134 954 :
2168 901 2468 957 Revertere
2500 915 2649 957 nunc
2674 916 2801 957 cum
2840 899 2947 957 ﬁlia
2980 901 3228 967 domum,
3270 900 3399 957 istic
3425 902 3510 956 vi-

1913 992 2067 1048 debit
2101 993 2334 1063 gloriam
2388 993 2508 1049 Dei.
2543 992 2682 1051 Cum
2719 995 2888 1065 igitur
2914 994 3278 1051 revertissent
3312 993 3507 1059 ambzc,

1912 1083 2075 1137 matri
2097 1093 2161 1137 ut
2176 1085 2403 1150 assolet,
2425 1084 2816 1156 defatigatione
2836 1085 3055 1143 itineris
3070 1100 3300 1142 somnus
3317 1085 3512 1155 obrep-

1910 1172 2005 1239 sit,
2033 1172 2365 1245 oblatusque
2394 1174 2453 1229 in
2504 1174 2601 1231 illo
2641 1182 2726 1230 est
2776 1185 3020 1239 sanctus,
3066 1175 3232 1231 aliam
3280 1175 3510 1231 indutus

1910 1263 2149 1322 formam
2169 1281 2199 1321 a
2228 1276 2529 1331 consueta;
2553 1266 2855 1322 accedebat
2876 1277 3085 1331 autem,
3113 1267 3324 1325 ducens
3344 1281 3507 1322 manu

1910 1359 2173 1428 puellam,
2197 1360 2288 1414 cui
2320 1358 2649 1429 imperabat,
2681 1358 2890 1416 doloris
2915 1359 3001 1415 sui
3036 1360 3221 1415 locum
3254 1367 3315 1415 ut
3347 1375 3508 1414 reve-

1909 1448 2070 1505 laret.
2110 1450 2319 1521 lllaque
2361 1467 2486 1506 mox
2522 1452 2676 1522 jussu
2708 1461 3053 1522 capessente,
3099 1452 3339 1508 dissecto
3384 1452 3507 1508 loco

1908 1542 2182 1597 educebat
2213 1542 2342 1598 inde
2372 1544 2522 1613 quod
2552 1543 2736 1599 fuerat
2761 1545 2972 1599 doloris
2997 1560 3184 1611 causa,
3224 1553 3281 1600 et
3305 1544 3506 1602 vulnus

1907 1631 2167 1687 cicatrice
2188 1632 2504 1689 abducebat
2533 1651 2548 1688 :
2586 1642 2776 1704 postea
2813 1635 3189 1706 egredientem
3225 1636 3391 1691 domo
3418 1636 3502 1689 vi-

1909 1721 2146 1779 debatur
2192 1723 2300 1780 sibi
2351 1724 2554 1781 mulier
2596 1725 2943 1798 obstringere
2988 1728 3388 1799 jurejurando,
3444 1738 3504 1783 ut

1906 1813 2120 1879 ederet,
2153 1814 2279 1885 quis
2303 1824 2454 1871 esset
2487 1834 2501 1871 :
2542 1816 2699 1872 illum
2743 1823 2953 1883 autem,
2999 1819 3171 1874 veluti
3212 1820 3505 1875 molestius

1907 1903 2179 1959 ferentem
2226 1905 2719 1976 indolentemque,
2768 1908 3110 1977 respondere
3147 1926 3162 1963 :
3194 1909 3241 1966 Ο
3277 1910 3500 1976 mulier,

1908 2010 2009 2050 cur
2051 1994 2188 2052 illud
2240 1999 2659 2067 percunctaris?
2703 1998 2802 2054 His
2832 1998 2989 2062 visis,
3024 2001 3263 2056 excitata
3301 2001 3505 2056 mulier

1910 2085 1967 2156 (ο
1998 2087 2325 2144 miraculum
2348 2087 2387 2158 ι)
2412 2088 2877 2159 reperitpuellam
2907 2076 3102 2145 dolore
3125 2092 3379 2159 liberam,
3405 2084 3503 2163 pe”:-

1908 2177 2099 2234 brevis
2140 2179 2321 2234 somni
2353 2194 2555 2235 munus
2592 2174 2941 2238 admirabile.

1979 2370 2104 2425 215.
2147 2370 2228 2425 Ex
2248 2364 2452 2429 vicinia
2475 2373 2710 2443 hujusce
2738 2375 2993 2431 mulieris
3014 2378 3102 2431 vir
3119 2377 3345 2448 quidam
3366 2395 3504 2436 con-

1911 2463 2205 2518 tumeliosa
2259 2474 2427 2535 atque
2476 2466 2753 2522 diabolica
2781 2467 2969 2538 lingua
3020 2471 3204 2525 virum
3247 2481 3500 2528 sanctum

1910 2551 2252 2618 incessebat;
2284 2550 2362 2606 'ct
2408 2552 2701 2631 videbatur
2754 2571 2867 2610 non
2918 2557 3083 2612 modo
3131 2573 3244 2614 non
3268 2562 3501 2617 credere

1910 2642 2176 2698 miracula
2205 2644 2346 2715 ejus,
2371 2645 2469 2700 sed
2495 2653 2554 2700 et
2591 2647 2860 2712 cavillari,
2885 2656 3053 2719 atque
3078 2650 3372 2709 detrahere
3403 2668 3504 2725 per

1909 2750 2183 2793 summam
2234 2738 2634 2810 impudentiam
2667 2742 2839 2798 rebus
2880 2744 2950 2799 ab
2990 2745 3087 2823 illo
3126 2747 3295 2817 gestis
3324 2749 3502 2820 iisque

1911 2832 2165 2887 illudere.
2199 2832 2304 2888 Sed
2330 2833 2542 2904 reperit
2568 2834 2991 2907 intemperantis
3019 2839 3220 2911 ling’um
3248 2843 3503 2898 meritam

1909 2923 2201 2989 ultionem,
2264 2924 2515 2981 daemone
2564 2927 2746 2997 ipsum
2805 2929 3122 2986 invadente.
3172 2932 3504 3003 Producitur

1909 3026 2042 3086 ergo
2070 3015 2139 3070 ad
2175 3025 2458 3085 sanctum;
2491 3017 2590 3074 sed
2621 3019 2692 3074 ab
2719 3034 2787 3075 eo
2815 3021 3203 3078 liberationem
3225 3041 3470 3083 consecu
3488 3056 3503 3071 -

228 3105 295 3159 Ἦ
334 3105 458 3176 δίκη
491 3106 547 3160 δὲ
581 3106 743 3161 πάλιν
773 3107 883 3161 τῶν
923 3108 1123 3178 ἑαυτῆς
1152 3109 1251 3163 οὐκ
1277 3110 1471 3181 ἡμέλει
1493 3125 1509 3141 ο
1550 3110 1688 3164 άλλά
1721 3128 1803 3164 νο-

1912 3114 2023 3172 tus,
2052 3108 2228 3164 nihilo
2260 3109 2434 3181 magis
2467 3126 2633 3182 quam
2662 3113 2819 3184 prius
2850 3114 3139 3173 desinebat
3163 3118 3219 3173 in
3249 3129 3503 3176 sanctum

218 3198 383 3268 μίσας
422 3200 451 3252 ό
484 3198 710 3268 μάταιος
744 3199 953 3264 ἐκεῖνος
996 3201 1126 3254 ἰδεῖν
1156 3201 1248 3254 τὸν
1283 3198 1432 3272 ἅγιον
1474 3203 1533 3255 ἐν
1566 3203 1807 3275 ὁράματι

214 3285 408 3348 νυκτὸς
451 3284 599 3355 αῦτῷ
646 3287 968 3348 ἐπιστάντα,
1007 3288 1102 3342 καὶ
1134 3290 1234 3361 τὴν
1262 3290 1425 3344 αὑτοῦ
1462 3291 1641 3357 δεξιὰν
1672 3293 1808 3365 πρὸς

213 3370 385 3443 ὀργὴν
415 3373 797 3444 ἀφελόμενονο
851 3376 1206 3443 διυπνισθεὶς,
1260 3379 1510 3449 ἀψευδεῖς
1563 3384 1808 3439 ἐπὶτῶν

214 3462 394 3534 ἔργων
443 3464 687 3536 εὑρίσκει
730 3466 830 3532 τὰς
865 3468 962 3539 τῆς
992 3470 1294 3538 φαντασίας
1332 3472 1566 3538 εἰκόνας.
1600 3475 1664 3532 Εί
1697 3475 1806 3548 γὰρ

214 3558 308 3607 καὶ
335 3556 411 3626 μὴ
445 3556 621 3628 πάντη
652 3558 754 3631 τὴν
773 3558 950 3625 δεξιὰν
978 3560 1248 3633 ἀφῄρητο,
1274 3565 1412 3620 ἀλλὰ
1438 3568 1610 3640 ξηρὰν
1636 3570 1807 3641 αὐτὴν

215 3641 347 3717 εἶχε,
372 3648 473 3703 καὶ
501 3649 653 3703 οὐδὲν
679 3650 902 3725 ἀψύχων
928 3653 1249 3733 ἀπεοικυῖαν
1268 3675 1282 3689 ·
1313 3658 1505 3716 ἔπειτα
1532 3663 1713 3732 μέντοι
1746 3663 1804 3716 αἱ

215 3735 416 3806 σάρκες
468 3737 828 3812 διαρῤυεῖσαι,
869 3750 1053 3817 γυμνά
1102 3749 1264 3822 μέχρι
1297 3751 1514 3823 καρποῦ
1555 3752 1623 3806 τὰ
1671 3753 1805 3807 ὀστᾶ

213 3828 306 3881 καὶ
339 3830 512 3902 νεῦρα
553 3836 653 3903 τῆς
692 3837 875 3909 χειρὸς
925 3840 1141 3914 ἐκείνης
1178 3844 1642 3898 ἀπολελοίπεσαν·
1679 3845 1806 3914 ἑξῆς

208 3920 266 3976 δὲ
305 3923 401 3976 καὶ
443 3923 681 3995 σκώληξι
713 3925 939 3994 ζέσασα,
968 3930 1088 3985 οὐδὲ
1122 3932 1366 4005 φορητὴν
1397 3933 1475 4005 τῷ
1506 3932 1674 4004 ἀθλίῳ
1708 3937 1805 4007 τὴν

211 4014 307 4082 τῆς
337 4015 534 4088 ὀδύνης
560 4016 684 4086 βίαν
710 4020 960 4091 παρεῖχε.

1911 3201 2224 3270 petulanter
2248 3216 2429 3274 agere.
2453 3203 2561 3260 Sed
2591 3211 2649 3261 et
2674 3207 2918 3263 vindicta
2943 3224 3164 3267 rursum
3188 3212 3367 3270 nihilo
3394 3224 3505 3270 tar-

1910 3292 2038 3347 dius
2067 3293 2425 3365 subsequitur
2450 3316 2463 3350 :
2489 3298 2794 3355 arbitratus
2820 3316 3060 3371 namque
3092 3312 3177 3360 est
3205 3321 3379 3362 vanus
3408 3307 3504 3364 ille

1910 3383 2099 3451 homo,
2127 3394 2297 3440 noctu
2328 3400 2386 3440 se
2416 3386 2472 3441 in
2492 3387 2707 3444 visione
2734 3391 3058 3461 conspicere
3084 3396 3503 3463 sanctum,sibi-

1912 3491 2019 3547 que
2045 3477 2101 3532 in
2135 3477 2440 3534 vindictam
2471 3481 2678 3535 auferri
2712 3481 2782 3536 ab
2816 3481 2959 3537 irato
2986 3483 3269 3540 dexteram
3300 3503 3456 3543 suam
3485 3506 3498 3542 :

1913 3576 2272 3638 experrectus
2297 3578 2481 3625 autem
2534 3573 2809 3642 comperit
2839 3573 3070 3629 minime
3108 3591 3281 3632 vanas
3329 3578 3501 3635 fuisse

1912 3661 2144 3716 visionis
2203 3661 2503 3734 imagines,
2558 3663 2654 3719 sed
2719 3679 2836 3719 rem
2888 3665 3064 3736 ipsam
3131 3667 3304 3725 fuisse
3339 3688 3353 3724 :
3393 3674 3499 3728 etsi

1903 3753 2050 3807 enim
2131 3753 2356 3808 dextera
2415 3756 2537 3826 ejus
2608 3757 2838 3812 omnino
2916 3759 3096 3815 ablata
3156 3777 3268 3817 non
3324 3774 3495 3829 esset,

1906 3853 2128 3899 aruerat
2160 3851 2296 3911 tota,
2330 3845 2468 3901 nihil
2495 3846 2762 3903 differens
2810 3849 2882 3905 ab
2911 3850 3175 3908 inanima.
3202 3854 3315 3911 Nec
3349 3858 3501 3912 stetit

1907 3937 1998 3992 hic
2048 3939 2251 3991 malum
2287 3955 2301 3990 :
2337 3950 2663 4011 consumpta
2699 3956 2853 4008 caro,
2904 3944 3051 3999 nuda
3102 3946 3253 4003 illius
3305 3964 3499 4005 manus

1907 4029 2051 4099 polla
2090 4044 2403 4100 nervosque
2441 4030 2718 4099 destituit,
2751 4049 3044 4106 usquequo
3095 4051 3161 4092 ea
3192 4040 3496 4097 committi-

214 4114 306 4160 tur
331 4106 565 4163 brachio
602 4124 617 4163 :
660 4109 727 4165 ad
753 4111 870 4168 haec
896 4120 952 4167 et
980 4115 1260 4171 vermibus
1285 4118 1431 4189 quod
1463 4121 1699 4176 restabat
1737 4121 2123 4189 exedentibus,
2169 4122 2536 4178 intolerabilis
2566 4122 2908 4182 inferebatur
2974 4129 3180 4185 misero
3229 4132 3491 4188 violentia

213 4199 490 4255 dolorum.

285 4294 402 4348 σιδν.
429 4295 621 4360 Συνεὶς
653 4298 944 4371 τοιγαροῦν
972 4300 1110 4371 μετά
1142 4303 1240 4373 τὴν
1274 4304 1512 4376 πληγὴν,
1543 4306 1799 4377 πρόσεισι

217 4386 293 4458 τῷ
338 4390 480 4462 ἁγίῳ
517 4389 850 4461 πικροτέραν
900 4392 993 4446 τοῦ
1029 4395 1237 4461 πάθους
1268 4398 1365 4469 τὴν
1396 4399 1492 4452 ἐπὶ
1520 4402 1637 4464 τοῖς
1663 4419 1801 4472 προ-

213 4476 436 4532 λαϐοῦσι
490 4481 857 4552 μεταμέλειαν
896 4482 1057 4556 ἔχων.
1100 4487 1161 4539 Ὃ
1185 4487 1241 4541 δὲ
1294 4489 1390 4543 τοῦ
1438 4490 1632 4561 ἀνδρὸς
1664 4491 1799 4561 ἁψά-
1832 4530 1875 4584 D

215 4587 401 4643 μενος,
427 4574 638 4628 κελεύει
702 4576 806 4646 τῆς
861 4578 1028 4633 αὐτοῦ
1080 4580 1285 4646 κόνεως
1323 4582 1558 4638 λαϐόντα
1608 4585 1795 4643 οἴκαδε

211 4662 455 4724 ἀπιέναι,
479 4664 607 4718 ἄλλο
637 4668 700 4738 τῇ
729 4668 877 4741 χειρὶ
908 4668 1076 4740 μηδὲν
1124 4671 1206 4726 ὅτι
1247 4673 1321 4743 μὴ
1367 4674 1575 4747 ταύτης
1615 4678 1796 4730 ἐπιτι-

212 4751 393 4807 θέντα.
423 4756 533 4809 Καὶ
555 4757 584 4808 ό
618 4758 716 4829 μὲν
748 4760 922 4815 ταῦτα
953 4761 1084 4835 ἔδρα
1124 4779 1138 4794 ο
1177 4765 1304 4837 περὶ
1335 4765 1393 4820 δὲ
1444 4767 1663 4839 πρῶτον
1706 4787 1797 4823 νυ-

210 4843 339 4908 κτὸς
371 4843 541 4901 ὕπνον
563 4847 738 4916 ἔδοξεν
765 4850 913 4922 αὐτῷ
929 4852 1022 4907 τὸν
1039 4854 1263 4925 Συμεὼν
1284 4857 1605 4925 ἐπιστάντα,
1626 4861 1793 4914 πτύε-

210 4932 300 4986 λόν
329 4951 391 4987 τε
424 4936 519 4991 τοῦ
558 4940 763 4993 οίκείου
796 4942 1088 5014 στόματος,
1113 4946 1208 5000 τοῦ
1268 4945 1417 5002 θείου
1445 4948 1524 5014 ὡς
1570 4950 1790 5022 ἀληθῶς

211 5028 421 5083 ἐκείνου
456 5031 550 5114 κα).
578 5031 699 5103 θεῷ
720 5032 809 5086 διὰ
836 5035 1037 5101 παντὸς
1065 5039 1521 5108 προσλαλοῦντος,
1548 5046 1614 5114 τῇ
1636 5042 1794 5114 δεξιᾷ

210 5108 578 5190 λαμϐάνοντα,
601 5125 702 5196 τὴν
747 5123 958 5178 ἐκείνου
1007 5126 1187 5194 δεξιάν
1220 5132 1511 5204 ἐπιχρίειν,
1550 5108 1689 5204 ὁμοῦ
1718 5108 1795 5189 ίδέ

210 5209 290 5281 τῷ
319 5213 584 5285 χρίσματι
628 5216 725 5269 καὶ
756 5216 968 5287 σάρκας
1016 5218 1338 5287 ἀνάγεσθαι,
1368 5224 1460 5277 καὶ
1497 5224 1674 5296 δέρμα
1707 5227 1794 5280 ἐπ’

213 5302 386 5376 αὐτὴν
418 5306 781 5374 ἐκτείνεσθαι,
823 5308 930 5371 ἕως
966 5310 1060 5362 ἐπὶ
1089 5309 1181 5364 τὸν
1211 5314 1513 5383 πριέχοντα
1541 5316 1794 5372 κόνδυλον

213 5396 311 5451 τοῦ
355 5398 527 5469 μέσου
560 5398 850 5454 δακτύλου.
874 5400 1075 5455 Τοῦτον
1105 5401 1165 5456 δὲ
1189 5403 1338 5474 αὐτῷ
1376 5404 1473 5458 σῦν
1522 5407 1672 5478 ὄνυχι
1696 5395 1794 5461 πε-

296 5552 429 5636 (ὅϐλ
465 5554 647 5636 Graece
701 5560 833 5636 περὶ
865 5563 964 5636 τὴν
1013 5564 1224 5636 γυνήνς
1282 5571 1330 5636 et
1374 5562 1585 5631 quidem
1615 5566 1752 5636 γυνὴ
1777 5609 1790 5631 ,

296 5578 415 5624 tuo]
465 5578 647 5612 υνιεαε
701 5578 770 5614 πε
816 5578 833 5613 ι
865 5578 964 5634 την
1013 5578 1182 5635 γυνην
1211 5578 1224 5590 ·
1282 5578 1330 5613 et
1374 5578 1585 5631 quidem
1615 5578 1790 5636 γυνη,

212 5624 719 5704 γυναικδςηριιίηεω
763 5578 1135 5704 feelinationis
1194 5631 1456 5704 feminam
1507 5633 1793 5704 signiﬁcat,

211 5694 371 5764 γυνὴ,
396 5697 602 5773 γυνῆς,
618 5700 862 5773 δεδαηρφ
890 5702 1280 5773 declinationis
1303 5694 1575 5773 nusquam
1594 5694 1797 5761 inveni-'-

215 5772 329 5829 tur,
354 5765 495 5831 quod
528 5769 713 5823 sciam.
756 5767 896 5835 Quid
918 5774 964 5827 si
997 5774 1075 5827 ita
1120 5771 1389 5827 declinata
1417 5765 1535 5827 ὐοω
1554 5775 1798 5830 suma‘tur

1976 4307 2103 4363 2M.
2128 4306 2482 4379 Rcsipiscens
2514 4309 2683 4381 igitur
2704 4318 2830 4381 post
2856 4313 3019 4369 talem
3048 4317 3490 4387 castigationem,

1908 4401 2161 4472 procedit
2183 4401 2251 4456 ad
2279 4410 2556 4467 sanctum,
2585 4402 2935 4460 acerbiorem
2983 4408 3325 4477 ptenitentite
3366 4429 3495 4483 pro-

1909 4501 2031 4569 pter
2075 4493 2339 4558 admissa,
2396 4508 2563 4564 quam
2628 4495 2838 4552 doloris
2897 4512 2965 4553 ex
3016 4514 3242 4556 corrosa
3298 4516 3487 4571 manu,

1904 4600 2127 4642 sensum
2177 4584 2437 4641 aﬂ‘erens.
2484 4585 2659 4643 Tactu
2710 4604 2814 4645 suo
2867 4590 3153 4662 dignatum
3196 4596 3358 4666 jubet
3400 4600 3490 4656 illc
3585 4582 3590 4586 l

1905 4675 2157 4739 pulveris
2183 4676 2466 4746 quidpiam
2494 4691 2683 4733 secum
2711 4688 2996 4750 asportare
3041 4698 3107 4738 ac
3157 4686 3342 4744 redire
3388 4690 3491 4745 do-

1896 4778 2082 4819 mum:
2109 4781 2211 4820 nec
2235 4765 2564 4836 quidquam,
2586 4779 2816 4839 excepto
2843 4772 2971 4839 isto,‘
2999 4775 3184 4829 mandi
3209 4777 3493 4849 imponen-

1895 4854 2050 4911 dum.
2081 4853 2238 4923 Quod
2268 4865 2325 4911 et
2349 4856 2544 4911 sedulo
2562 4856 2713 4916 fecit.
2740 4859 2855 4916 Sub
2885 4864 3121 4933 primam
3153 4881 3286 4924 vero
3311 4875 3494 4929 noctis

1905 4949 2148 5020 quietem
2168 4948 2322 5004 visus
2350 4947 2401 5003 ei
2442 4957 2527 5005 est
2577 4957 2758 5007 astare
2786 4951 3045 5026 Symeon,
3108 4962 3206 5032 qui
3262 4963 3490 5021 salivam

1907 5042 2022 5097 oris
2053 5041 2162 5106 sui,
2190 5042 2308 5097 oris
2335 5058 2501 5113 quam
2539 5045 2827 5104 verissime
2858 5048 3031 5107 divini
3057 5063 3114 5110 et
3136 5054 3249 5113 Deo
3271 5073 3491 5133 semper

1904 5135 2294 5207 colloquentis,
2325 5134 2553 5193 dextera
2590 5153 2689 5194 sua
2728 5152 3041 5213 exceptam,
3070 5146 3222 5205 illius
3246 5151 3492 5208 dextera:

1903 5228 2207 5285 aliinebat:
2245 5243 2356 5299 quo
2398 5227 2564 5298 facto,
2612 5231 2775 5287 simul
2828 5249 2997 5293 carne
3048 5238 3278 5308 obduci,
3325 5245 3489 5299 simul

1904 5320 2050 5390 pelle
2081 5319 2271 5377 vestiri
2298 5320 2367 5375 ad
2400 5336 2678 5377 summum
2706 5339 2883 5396 usque
2943 5330 3111 5385 medii
3152 5333 3308 5405 digiti
3361 5351 3493 5392 con-

1901 5413 2089 5482 dylum
2118 5413 2326 5484 coepit:
2361 5413 2516 5471 visus
2546 5425 2730 5472 autem
2754 5428 2840 5474 est
2870 5424 3139 5496 condylus
3201 5428 3305 5483 iste
3361 5445 3489 5484 cum

1892 5589 1989 5655 pro
2046 5583 2200 5645 parte
2259 5574 2528 5655 muliebri,
2574 5597 2741 5655 quam
2790 5584 2916 5654 quia
2946 5582 3097 5653 tangi
3123 5601 3155 5637 a
3197 5594 3486 5655 monacho,

1893 5645 2055 5697 etiam
2107 5662 2205 5728 per
2238 5649 2504 5728 somnium
2557 5645 2606 5705 et
2644 5645 2915 5728 visionem,
2960 5645 3219 5728 indecens
3274 5645 3488 5728 luisset,

1894 5716 2207 5796 apparuerit
2235 5724 2474 5796 sanctus,
2525 5738 2629 5776 non
2678 5725 2733 5776 in
2785 5716 3005 5795 propria
3060 5716 3487 5796 specie,'sed't'tt

1895 5785 2075 5839 habitu
2111 5785 2390 5855 chirurgi?
