3960 6284
482 321 632 382 ’3183
1701 320 1761 382 S.
1803 316 2177 378 SYMEONIS
2213 313 2572 377 IUNIORIS
3663 309 3785 374 313’s

493 449 674 505 ungue
731 430 950 494 cadere,
1019 438 1079 485 ut
1136 443 1334 500 nempe
1386 427 1660 483 secuturis
1719 429 2051 500 temporibus

2168 428 2315 492 σεῖν,
2382 425 2458 488 ὡς
2507 420 2648 479 εἶναι
2700 424 2796 478 καὶ
2854 426 2990 496 πρὸς
3043 427 3106 480 τὸ
3170 427 3386 498 μέλλον
3471 426 3784 497 ὑπόμνησιν

493 541 702 579 memor
730 523 872 579 foret
901 521 1336 592 intemperantia:
1392 536 1504 576 sua:
1557 521 1613 576 in
1652 521 1930 591 loquendo
1979 521 2051 575 ni-

2163 518 2356 588 ἐκείνῳ
2387 518 2488 587 τῆς
2517 517 2722 588 πολλῆς
2751 520 2880 590 περὶ
2910 519 3161 587 γλῶτταν
3213 520 3580 583 ἀκολασίας,
3629 520 3781 588 ὄνυχα

495 615 648 680 mias;
674 621 730 667 et
755 611 1034 668 succrevit
1076 611 1274 681 unguis
1311 609 1454 664 alius
1483 611 1539 666 in
1575 617 1821 665 extremo
1909 609 2051 682 digiti

2161 610 2216 664 δὲ
2260 611 2525 682 ἀναϐῆναι
2563 612 2722 666 ἄλλον
2766 613 2858 666 ἐπὶ
2906 613 2966 666 τὸ
3023 616 3296 684 ἐχόμενον
3355 612 3468 667 τοῦ
3529 612 3780 666 κονδὺὣυ

490 707 568 761 sic
607 704 843 759 mutilati
869 703 1124 759 articulo.
1159 701 1282 758 Haec
1317 702 1481 766 visio,
1512 717 1638 757 eum
1663 701 2051 772 expergiscitur

2161 702 2380 774 ἄρθρον.
2427 704 2538 772 Τὴν
2581 705 2680 773 μὲν
2723 701 2815 759 οὖν
2857 705 2980 774 ὄψιν
3025 706 3422 760 διυπνισθὲντι
3479 704 3576 774 τῷ
3639 705 3781 774 ἀνδρὶ

493 799 679 860 homo,
708 812 795 851 res
828 796 954 860 fuit,
987 812 1152 851 manu
1205 796 1354 850 omni
1394 810 1463 850 ex
1494 803 1650 864 parte
1709 796 1941 865 integra,
1978 793 2051 848 uti

2161 791 2321 861 ἔργον
2347 789 2508 858 εἶναι,
2545 794 2637 846 καὶ
2679 793 2778 863 τὴν
2828 796 2982 863 χεῖρα
3017 793 3187 862 ὑγιῶς
3219 794 3299 857 ὡς
3336 795 3586 863 ἔφημεν
3624 793 3780 863 ἔχειν·

490 886 753 948 diximus,
775 886 1094 940 exsistente.
1129 885 1197 939 Ut
1229 892 1414 938 autem
1446 884 1714 938 miraculo
1740 883 2051 953 adjiciamus

2163 885 2247 936 ῖνα
2325 882 2383 936 δὲ
2460 883 2844 954 τῷ,θαύματι
2905 884 3090 952 θαῦμα
3141 885 3528 956 προσθῶμεν,
3609 886 3774 938 ταὺτὰ

491 978 838 1039 miraculum,
865 976 1056 1030 eadem
1089 984 1272 1039 nocte,
1303 991 1410 1043 qua
1445 975 1561 1030 hare
1599 975 1677 1028 illi
1727 975 2051 1029 videbantur

2159 976 2370 1049 δρῶντα
2403 976 2494 1028 τὸν
2527 976 2775 1047 Συμεὼν,
2811 973 2880 1048 ἦν
2901 979 2999 1048 τῆς
3023 979 3216 1040 νυκτὸς
3241 979 3482 1048 ἐκείνης
3527 980 3683 1049 ὁρᾷν
3709 977 3777 1048 τῷ

487 1069 704 1123 actitari
735 1083 763 1122 a
799 1068 1088 1139 Symeone,
1133 1067 1249 1134 ipse
1311 1080 1530 1135 quoque
1575 1064 1814 1136 Symeon
1868 1073 2051 1134 raptus

2160 1069 2426 1138 πνεύματι
2449 1069 2662 1132 ἑαυτὸν,
2688 1065 2776 1122 οἷα
2809 1071 3046 1142 κάκείνῳ
3075 1070 3412 1125 συνέϐαινεν
3443 1089 3462 1104 ο
3487 1073 3581 1135 ὡς
3615 1073 3775 1134 αὑτός

489 1161 541 1213 in
577 1159 794 1228 spiritu,
827 1174 884 1213 se
922 1158 1098 1227 ipsum
1117 1155 1308 1210 eadem
1350 1155 1692 1211 factitantem
1745 1155 2051 1224 conspicari

2158 1179 2218 1215 τε
2259 1164 2371 1225 τοῖς
2411 1161 2682 1232 μαθηταῖς
2709 1163 2894 1230 ὀφθεὶς
2926 1163 2983 1215 ὲν
3029 1167 3285 1220 ἐκστάσει
3340 1166 3479 1219 τότε
3535 1181 3777 1232 γεγενη-

489 1247 636 1304 visus
657 1255 770 1307 est;
799 1246 1262 1318 quemadmodum
1293 1245 1431 1315 ipse,
1487 1245 1582 1316 qui
1615 1244 1878 1300 inecstasi
1925 1255 2051 1299 tunc

2162 1253 2342 1324 μένος,
2371 1253 2540 1308 πολλά
2572 1254 2843 1325 δεηθεῖσιν
2891 1257 3217 1328 ἀπήγγειλε,
3255 1257 3353 1311 καὶ
3377 1259 3411 1311 ὁ
3439 1258 3559 1328 τῆς
3606 1256 3768 1328 θερα-

484 1343 786 1406 exstiterat,
817 1341 1102 1410 discipulis
1130 1340 1360 1393 multum
1393 1338 1714 1408 rogantibus
1733 1338 2051 1403 declaravit;

2161 1347 2318 1411 πείας
2343 1343 2521 1416 τυχὼν
2547 1348 2873 1419 ἐξηγήσατο.

483 1443 539 1490 et
586 1436 687 1489 iste
747 1449 989 1504 quoque,
1062 1433 1156 1502 qui
1213 1433 1590 1487 incolumitate
1642 1432 1882 1486 donatus
1937 1440 2052 1486 erat

483 1527 781 1581 enarravit.

552 1621 675 1674 215.
720 1621 918 1673 Verum
954 1617 1086 1688 quid
1120 1617 1173 1670 in
1208 1633 1405 1671 vanum
1437 1616 1776 1680 laboramus,
1800 1613 2052 1672 conando

482 1711 664 1766 omnia
699 1711 820 1780 ejus
850 1718 1000 1779 gesta
1034 1708 1310 1778 explicare
1332 1709 1558 1764 verbis?
1601 1710 1733 1763 Erat
1762 1709 1916 1764 Suras
1939 1709 2050 1780 (57)

486 1799 653 1868 (quod
691 1807 777 1852 est
821 1798 1082 1868 oppidum
1133 1813 1201 1852 ex
1233 1799 1301 1852 iis
1349 1813 1518 1852 unum
1555 1813 1678 1868 qua:
1716 1806 1846 1853 sunt
1886 1812 2051 1868 supra

482 1891 840 1960 Euphratem)
868 1889 1025 1944 miles
1053 1889 1297 1959 quidam,
1335 1889 1475 1944 bene
1504 1889 1681 1944 valida
1713 1899 1768 1944 et
1819 1889 2052 1960 juvenili

482 1990 639 2036 aetate
667 1980 892 2045 ﬂorens,
924 1996 1024 2035 nec
1054 1996 1166 2035 non
1200 1980 1395 2035 bellica
1420 1981 1624 2035 virtute
1671 1996 1734 2036 ac
1792 1981 1961 2036 rebus
1995 1982 2051 2034 in

468 2070 725 2123 omnibus
758 2069 1081 2124 dexteritate
1112 2069 1370 2124 eximius.
1401 2067 1708 2137 Aliquando
1734 2077 1914 2122 autem
1955 2081 2051 2122 ac-

469 2163 600 2215 cidit
635 2161 710 2214 illi
746 2161 982 2214 lavatum
1014 2161 1188 2225 eunti,
1211 2161 1423 2216 obviam
1453 2160 1569 2214 ﬁeri
1604 2159 1828 2214 militem
1859 2159 2049 2223 alium,

468 2254 560 2321 qui
612 2254 802 2307 morbo
854 2253 1112 2308 comitiali
1163 2253 1484 2316 laborabat,
1515 2268 1545 2306 e
1586 2252 1793 2308 balneis
1838 2267 2050 2308 exeun-

487 2354 616 2396 tem.
653 2342 1013 2397 Abominatus
1045 2342 1137 2396 ille
1164 2341 1446 2396 hominem
1474 2343 1817 2413 gravissime,
1876 2345 2055 2400 inter-

483 2435 634 2494 dicit.
664 2451 733 2490 ne
761 2436 954 2491 eodem
985 2427 1248 2504 deinceps
1277 2434 1684 2490 secum-balneo
1723 2445 1930 2501 utatur,
1959 2445 2056 2492 aut

472 2527 708 2582 omnino
739 2543 924 2584 secum
971 2527 1359 2598 congrediatnr
1396 2528 1630 2598 uspiam.
1678 2527 1948 2598 Ingemuit
1984 2529 2053 2583 ad

486 2621 599 2673 lucc
624 2619 789 2673 miser
822 2619 877 2672 in
900 2618 1269 2674 amaritudine
1308 2619 1491 2674 cordis
1512 2620 1601 2675 sui
1627 2637 1640 2674 :
1674 2621 1904 2675 morbus
1921 2636 2054 2676 vero

481 2713 600 2780 eius
637 2712 822 2780 (quam
845 2710 1429 2778 incomprehensibilia
1455 2711 1741 2780 sapientia:
1768 2721 1874 2766 tua:
1905 2712 2054 2781 judi-

475 2803 586 2864 eia,
619 2803 902 2871 Domine!)
940 2801 1095 2856 dicto
1125 2801 1290 2857 citius
1321 2802 1377 2855 in
1420 2803 1653 2856 alterum
1685 2804 1924 2858 transiit.
1961 2805 2052 2858 ln-

419 2942 435 2956 ,
473 2904 796 2949 tumescunt
824 2895 992 2964 igitur
1017 2894 1158 2948 intra
1188 2894 1434 2948 triduum
1465 2894 1545 2950 illi
1577 2910 1777 2950 carnes
1830 2903 1888 2950 et
1943 2895 2052 2950 dit-

482 2985 679 3044 tluunt.
708 2985 1024 3038 immutatur
1053 2983 1246 3045 forma,
1279 2994 1522 3041 arctatur
1553 2987 1814 3056 spiritus;
1877 2984 2052 3055 ﬁtque

482 3076 748 3132 habitudo
798 3078 1068 3132 contraria
1134 3079 1301 3134 totius
1338 3079 1609 3149 corporis,
1671 3081 1869 3151 exiguo
1909 3086 2054 3134 tem-

483 3185 615 3240 pore
652 3171 808 3240 quasi
841 3171 896 3224 in
924 3171 1268 3240 putredinem
1305 3171 1474 3226 versi.
1501 3171 1836 3227 Medicorum
1861 3187 2057 3227 manus

479 3273 536 3318 et
559 3272 708 3318 artes
738 3266 849 3333 jam
876 3265 1173 3333 stupebant
1214 3263 1478 3324 defessae;
1540 3279 1667 3320 cum
1728 3264 1941 3318 bomini
1974 3265 2055 3320 sic

481 3355 748 3410 destituto
800 3354 1111 3424 desperatio
1155 3355 1268 3425 ipsa
1311 3355 1564 3410 sanitatis
1619 3355 1689 3410 ab
1733 3355 2055 3411 hominibus

481 3447 900 3517 consequendaa,
933 3447 1262 3502 mirabiliter
1299 3447 1406 3502 dux
1442 3448 1498 3502 ﬁt
1531 3447 1598 3502 ad
1651 3448 1918 3503 salutem:
1959 3463 2054 3504 co-

479 3554 747 3610 gnoscens
775 3540 920 3594 enim
952 3540 1206 3611 castigari
1241 3554 1362 3594 sea
1414 3541 1526 3594 Deo
1563 3551 1787 3610 propter
1847 3541 2054 3596 illatam

469 3633 726 3701 ,proximo
751 3647 852 3686 suo
879 3632 1272 3687 contumeliam
1296 3675 1308 3695 ,
1337 3632 1403 3686 ad
1432 3632 1588 3686 illum
1609 3632 1903 3704 confugere
1953 3633 2052 3688 de-

484 3723 681 3787 cernit,
707 3739 736 3777 a
770 3739 880 3794 quo
907 3723 1243 3793 vapulabat:
1295 3724 1580 3793 soliusque
1602 3739 1723 3780 esse
1748 3725 1875 3790 .Dei,
1904 3724 2054 3793 quod

473 3814 784 3869 immiserat
808 3814 1102 3886 ﬂagellum,
1129 3829 1437 3870 removere.
1468 3815 1560 3870 Sic
1591 3815 1833 3870 animato
1876 3817 2052 3871 astitit

479 3906 698 3977 aliquis,
741 3906 927 3961 divina
954 3905 1111 3976 quasi
1153 3906 1427 3976 legatione
1459 3905 1680 3971 missus,
1717 3905 1810 3975 qui
1843 3906 2053 3960 :Tran—

481 3998 785 4068 si,_inqnit,
817 3999 874 4052 in
898 4007 1136 4052 montem
1165 3996 1471 4052 Mirabilem
1527 3997 1596 4051 ad
1640 3996 1906 4051 famulum
1954 3998 2051 4052 Dei

479 4091 803 4161 Symeonem
831 4107 844 4144 :
876 4091 966 4145 ille
994 4090 1283 4145 doloribus
1314 4091 1423 4144 tuis
1451 4089 1782 4145 medebitur.
1825 4090 2052 4147 Talibus

482 4185 572 4240 ille
599 4184 760 4241 dictis
808 4185 1174 4243 inﬂammatus
1231 4186 1420 4250 corde,
1488 4184 1868 4256 promissaque
1929 4197 2047 4241 rata

483 4277 759 4344 liabens,a
792 4277 1113 4334 domesticis
1144 4278 1211 4332 ad
1241 4285 1492 4333 sanetum
1530 4285 1826 4356 portatur:
1862 4286 1917 4332 et
1952 4278 2048 4348 qui

479 4384 656 4440 nuper
680 4380 788 4425 tam
811 4383 1114 4440 generosus
1140 4377 1260 4423 erat
1284 4383 1346 4423 ac
1376 4368 1641 4434 fervidus,
1679 4370 2049 4439 prosternitur

2228 1623 2343 1669 σιε’.
2375 1615 2533 1670 Ἀλλὰ
2561 1616 2876 1687 μέχριτίνος
2889 1617 3193 1688 ἀμηχάνοις
3209 1617 3654 1690 ἐπιχειροῦμεν,
3684 1620 3771 1675 λό-

2154 1724 2236 1778 γῳ
2275 1708 2342 1761 τὰ
2379 1710 2586 1762 ἐκείνου
2609 1709 2880 1762 διαλαϐεῖν
2904 1710 3142 1780 καθεξῆς
3162 1712 3341 1764 πάντα
3361 1712 3726 1782 πειρώμενοι
3746 1731 3762 1780 ;

2083 1776 2128 1835 Β
2156 1776 2264 1852 Ἶῖν
2282 1815 2366 1861 τις
2394 1800 2450 1852 ἐν
2481 1800 2701 1871 Σουροῖς
2726 1804 3066 1871 στρατιώτης
3090 1776 3384 1870 (πολίχνιον
3409 1776 3478 1857 δέ
3491 1776 3578 1856 τι-
3603 1776 3764 1860 τοῦτο

2153 1887 2263 1940 τῶν
2313 1887 2800 1958 Ἐπευφρατιδίων)
2829 1885 2887 1942 εὖ
2932 1889 3030 1959 μὲν
3069 1890 3323 1959 νεότητός
3371 1909 3435 1944 τε
3480 1895 3590 1945 καὶ
3638 1894 3760 1963 ἡλι-

2155 1977 2298 2040 κίας,
2331 1975 2390 2030 εὖ
2424 1978 2480 2032 δὲ
2513 1979 2613 2048 τῆς
2641 1980 2778 2032 κατά
2806 1980 3040 2049 πόλεμον
3067 1981 3291 2051 ἀρετῆς,
3321 1983 3419 2036 καὶ
3446 1985 3594 2053 περὶ
3621 1986 3762 2038 πάν-

2151 2083 2219 2119 τα
2234 2067 2539 2139 δεξιότητος
2565 2069 2722 2139 ἔχων.
2752 2069 2888 2122 [loss
2913 2069 3043 2138 γοῦν
3076 2071 3240 2124 αὑτοῦ
3266 2074 3402 2144 πρός
3428 2091 3482 2126 τι
3502 2074 3749 2146 λουτρὸν

2153 2157 2430 2224 ἀπιόντος,
2469 2159 2666 2231 συνέϐη
2695 2160 2804 2214 τῶν
2837 2162 3184 2232 στρατιωτῶν
3214 2180 3355 2224 τινα,
3390 2165 3490 2228 τὰς
3525 2167 3753 2236 σάρκας

2154 2251 2261 2304 ὑπὸ
2304 2253 2402 2323 τῆς
2445 2255 2598 2324 ἱερᾶς
2625 2255 2784 2307 νόσου
2817 2254 3218 2325 λελωϐημένον,
3251 2257 3465 2310 ἐκεῖθεν
3491 2259 3748 2324 ἐξιόντα,

2154 2343 2234 2405 είς
2291 2343 2619 2414 συνάντησιν
2677 2345 2827 2416 αὑτῷ
2875 2346 3234 2416 καταστῆναι.
3295 2348 3401 2401 Τοῦ
3443 2349 3502 2402 δὲ
3549 2351 3748 2415 δεινῶς

2157 2433 2546 2504 μυσαχθέντος,
2573 2435 2668 2489 καὶ
2699 2438 2838 2506 μήτε
2887 2437 3185 2506 βαλανείων
3207 2439 3358 2510 αὗτῷ
3386 2440 3481 2494 τοῦ
3522 2443 3745 2507 λοιποῦ,

2157 2522 2294 2592 μήτε
2325 2521 2618 2596 διατριϐῶν
2650 2528 2927 2578 κοινωνεῖν
2959 2527 3450 2596 παραγγείλαντος,
3481 2533 3742 2597 στενάζει

2157 2612 2254 2681 μὲν
2284 2614 2342 2665 ὲν
2371 2615 2566 2685 πικρίᾳ
2585 2615 2763 2685 ψυχῆς
2795 2619 3023 2680 ἐκεῖνος,
3055 2619 3114 2672 τὸ
3140 2619 3197 2672 δὲ
3234 2619 3403 2683 πάθος
3426 2620 3492 2691 (ὣ
3506 2623 3622 2674 τῶν
3650 2627 3744 2676 άν-

2154 2701 2388 2772 ειρίκτων
2413 2721 2530 2770 σου,
2555 2707 2819 2769 Δέσποτα,
2851 2709 2947 2776 τῆς
2965 2710 3155 2778 σοφίας
3179 2713 3514 2781 κριμάτωνί)
3534 2714 3740 2778 εὐθέως

2153 2795 2243 2848 ἐπ’
2269 2795 2430 2849 αὐτὸν
2477 2798 2842 2866 μεταπίπτειο
2885 2801 2978 2854 καὶ
3000 2800 3256 2854 διοιδοῦσι
3290 2802 3389 2872 μὲν
3414 2803 3524 2855 ἔσω
3568 2805 3738 2874 τριῶν

2152 2887 2380 2958 ἡμερῶν
2411 2887 2468 2942 αἱ
2495 2891 2696 2958 σάρκες
2733 2889 2810 2960 τῷ
2842 2892 3150 2964 στρατιώτῃ
3192 2894 3286 2946 καὶ
3312 2895 3734 2965 καταρῤἐουσιν,

2156 2977 2467 3032 ἀλλοιοῦται
2496 2978 2552 3032 δὲ
2583 2981 2616 3050 ἡ
2652 2981 2809 3050 πνοὴ,
2838 2984 2933 3034 καὶ
2956 2985 3036 3048 είς
3064 2985 3164 3055 τὴν
3191 2986 3441 3038 ἐναντίαν
3468 2986 3530 3039 τὸ
3575 2989 3737 3057 σῶμα

2081 3113 2125 3173 C
2161 3069 2485 3139 μεταϐάλλει
2514 3071 2646 3137 ἕξιν,
2683 3073 2895 3173 σαπρία
2919 3075 2980 3127 τὸ
3007 3075 3116 3129 πᾶν
3150 3077 3208 3129 ὲν
3237 3075 3404 3149 ὀλίγῳ
3435 3080 3740 3150 γεγενημέ-

2161 3163 2342 3230 μένον.
2385 3163 2613 3234 Ἰατροτς
2644 3163 2744 3232 μὲν
2775 3159 2868 3219 οὖν
2917 3167 3018 3237 ἠδη
3049 3168 3144 3220 καὶ
3179 3171 3363 3239 χεῖρες
3403 3172 3500 3222 καὶ
3544 3173 3740 3240 τέχναι

2159 3250 2346 3320 σαφῶς
2391 3253 2766 3325 ἀπειρήκεσαν
2791 3270 2806 3285 ⁸
2842 3255 2920 3326 τῷ
2957 3256 3033 3322 δὲ,
3064 3259 3096 3326 ὴ
3129 3259 3187 3322 ἐξ
3233 3257 3542 3328 ἀνθρώπων
3570 3261 3740 3331 θερα-

2161 3343 2320 3406 πείας
2376 3345 2708 3413 ἀπόγνωσις,
2738 3346 2926 3418 όδηγδς
2973 3350 3295 3420 παραδόξως
3327 3353 3411 3414 είς
3459 3354 3740 3423 σωτηρίαν

2156 3435 2362 3502 γίνεται
2397 3439 2491 3490 καὶ
2519 3439 2785 3493 παιδείαν.
2819 3436 2972 3492 Εἶναι
3005 3440 3140 3494 Θεοῦ
3171 3442 3232 3494 τὸ
3264 3445 3498 3512 πρᾶγμα
3531 3448 3737 3511 συνεὶς,

2155 3524 2245 3577 διὰ
2287 3525 2379 3579 τὸν
2430 3528 2512 3592 είς
2553 3528 2644 3581 τὸν
2675 3529 2926 3600 ,πλησίον
2975 3531 3301 3599 ὀνειδισμὸν,
3333 3533 3470 3603 πρὸς
3529 3537 3738 3590 ἐκεῖνον

2155 3607 2297 3680 ἔγνω
2341 3617 2700 3684 καταφυγεῖν,
2726 3616 2856 3687 παρ’
2894 3610 2954 3671 οῦ
3020 3618 3115 3672 καὶ
3161 3622 3192 3690 ἠ
3249 3622 3470 3677 παιδεία
3502 3641 3517 3656 ·
3574 3628 3736 3694 μόνου

2154 3707 2264 3778 γὰρ
2296 3703 2435 3761 εἶναι
2462 3707 2560 3779 τὴν
2592 3709 2798 3778 ταύτης
2833 3708 2983 3762 λύσιν
3019 3709 3177 3774 Θεοῦ,
3202 3711 3297 3765 τοῦ
3341 3716 3436 3768 καὶ
3476 3716 3577 3788 τὴν
3609 3735 3734 3773 παι-

2157 3799 2310 3853 δείαν
2352 3800 2744 3869 ἐπαγαγόντος.
2776 3800 2962 3862 Οὕτως
3029 3803 3207 3872 ἔχοντι
3262 3808 3604 3875 παρίσταταί
3653 3828 3733 3874 τις

2155 3890 2326 3961 αὐτῷ,
2353 3891 2602 3961 καθάπερ
2663 3891 2729 3944 ἐκ
2768 3909 2912 3956 τινος
2959 3893 3108 3957 θείας
3156 3895 3491 3966 ἀποστολῆς,
3520 3899 3600 3966 ὃς,
3635 3900 3737 3954 Πο-

2158 3985 2314 4053 ρεύου
2357 3984 2511 4054 παρά
2559 3985 2618 4037 τὸ
2664 3983 2979 4054 θαυμαστὸν
3006 3984 3132 4054 ὅρος
3160 3988 3253 4039 ἐπὶ
3283 3988 3376 4041 τὸν
3407 3989 3594 4044 δοῦλον
3640 3992 3734 4046 τοῦ

2152 4075 2287 4128 Θεοῦ
2317 4075 2562 4147 Συμεὼν,
2597 4076 2724 4146 ἔφη,
2754 4078 2959 4140 ἐκεῖνος
2986 4075 3129 4141 ίασις
3151 4077 3249 4148 τῆς
3282 4082 3550 4150 μάστιγος
3583 4086 3734 4139 ἔσται

2154 4185 2260 4222 σοι.
2297 4168 2354 4220 '0
2379 4169 2435 4222 δὲ
2468 4168 2601 4238 πρὸς
2643 4168 2705 4221 τὺ
2747 4169 2898 4239 ῥῆμα
2940 4170 3042 4239 τὴν
3099 4171 3328 4240 καρδίαν
3383 4175 3730 4245 ἀναφλεγεὶς,

2151 4266 2332 4315 πίστει
2364 4278 2422 4315 τε
2456 4262 2670 4334 μεγάλῃ
2735 4261 2892 4314 τοῦτο
2943 4261 3274 4331 δεξάμενος,
3322 4266 3731 4336 ἀνακομίζεται

2155 4355 2294 4426 πρὸς
2339 4353 2500 4407 αὐτὸν
2551 4353 2656 4405 ὑπὸ
2703 4353 2810 4406 τῶν
2849 4353 3102 4406 οίκείωνο
3141 4355 3236 4408 καὶ
3269 4357 3297 4408 ό
3338 4357 3535 4428 πρώην
3569 4360 3730 4424 καλὸς

476 4459 543 4514 ad
573 4460 746 4532 pedes
779 4461 946 4525 illius,
976 4457 1196 4513 nemine
1237 4473 1347 4512 non
1397 4458 1828 4514 miserior.Tum
1852 4475 2047 4531 magna

2158 4444 2360 4507 ἐκεῖνος
2399 4442 2494 4496 καὶ
2532 4433 2771 4512 ζηλωτὸς
2805 4442 3058 4512 ῥίπτεται
3098 4442 3205 4511 πρὸ
3237 4443 3428 4510 αὑτοῦ,
3461 4446 3605 4510 τίνος
3636 4449 3733 4501 οὐκ

475 4553 776 4621 derepente
811 4550 865 4602 vi
895 4548 1200 4618 sanguinis,
1232 4547 1384 4602 velut
1413 4563 1613 4602 arcana
1657 4549 1891 4619 quadam
1923 4550 2045 4605 chi-

477 4641 659 4711 rurgia
683 4656 749 4693 ex
769 4637 1195 4706 omnibuspene
1221 4638 1486 4693 membris
1508 4639 1864 4704 scaturiente,
1889 4640 2043 4694 laxa-

477 4738 563 4782 tus
597 4726 675 4780 illi
711 4727 910 4780 iterum
963 4725 1212 4796 spiritus,
1271 4737 1532 4782 renovata
1593 4744 1743 4791 caro,
1792 4729 2046 4784 restituta

471 4822 682 4882 lorma,
728 4828 988 4887 totusque
1039 4817 1218 4871 tribus
1269 4819 1500 4872 omnino
1568 4817 1768 4872 diebus
1805 4818 2046 4888 pristino

474 4911 638 4966 statui
674 4911 988 4964 vindicatus
1009 4919 1113 4966 est.
1149 4909 1401 4980 Denique
1425 4910 1668 4980 acceptis
1719 4909 1993 4964 mandatis
2018 4923 2050 4962 a

473 5014 684 5068 sancto,
705 5019 776 5057 ne
795 5001 992 5058 divina
1024 5003 1291 5072 deinceps
1316 5009 1709 5071 aspernaretur
1751 5007 2049 5070 praecepta,

473 5095 902 5166 autproximum
935 5095 1205 5148 conviciis
1231 5101 1516 5155 oneraret,
1562 5091 1773 5160 integre
1825 5099 2050 5146 sanatus

472 5186 697 5242 domum
731 5187 968 5256 repetiit.

2151 4536 2532 4605 ἀθλιώτεροςς
2589 4533 2829 4603 Αἵματος
2883 4534 3064 4586 τοίνυν
3125 4535 3185 4602 ἐξ
3253 4536 3420 4590 αὐτοῦ
3479 4539 3734 4609 καθάπερ

2153 4627 2368 4697 ἀθεάτῳ
2414 4627 2520 4679 τινὶ
2564 4625 2892 4696 χειρουργίᾳ
2928 4663 2944 4688 ,
2980 4624 3069 4678 διὰ
3105 4627 3325 4680 πάντων
3373 4628 3574 4698 μικροῦ
3625 4630 3734 4682 τῶν

2163 4720 2338 4793 μελῶν
2393 4719 2589 4790 ἀθρόον
2639 4717 3056 4784 ὲκκενωθέντος,
3091 4721 3189 4789 τήν
3217 4735 3276 4772 τε
3315 4719 3484 4792 πνοὴν
3530 4723 3731 4780 ἀνεῖτο.

2153 4815 2248 4868 καὶ
2279 4813 2375 4885 τὴν
2423 4814 2600 4882 σάρκα
2647 4811 2957 4864 κεκαίνιστο
2985 4812 3120 4864 ’καὶ
3167 4812 3200 4880 ἡ
3249 4812 3432 4882 μορφὴ
3484 4813 3544 4864 ὲν
3586 4812 3734 4881 τρισὶ

2154 4910 2272 4970 ταῖς
2299 4907 2500 4969 πάσαις
2549 4901 2786 4974 ἡμέραις
2829 4904 2908 4966 είς
2957 4903 3058 4972 τὴν
3101 4904 3374 4974 προτέραν
3429 4903 3730 4957 ἀποκαθει-

2153 4994 2336 5063 στήκει
2379 4991 2521 5060 ὄψιν.
2573 4991 2634 5044 'U
2661 4991 2759 5060 μὲν
2786 4984 2878 5042 οὖν
2901 4991 3124 5054 ἐντολὰς
3162 4992 3312 5060 παρά
3362 4989 3455 5043 τοῦ
3503 4991 3732 5061 Συμεὼν

2148 5081 2347 5147 λαϐὼν,
2373 5081 2600 5134 ἐντολῶν
2634 5083 2832 5152 μηκέτι
2861 5079 3019 5132 θείων
3052 5079 3339 5151 ὀλιγωρεῖν
3376 5120 3390 5143 ,
3424 5082 3560 5151 μηδὲ
3585 5082 3726 5133 ὀνει-

2147 5170 2338 5241 δισμδν
2395 5170 2694 5239 λαμϐάνειν
2751 5171 2841 5221 ἐπὶ
2882 5172 2996 5232 τοῖς
3058 5169 3298 5239 ἔγγιστα
3345 5169 3538 5236 αὐτοῦ,
3569 5170 3726 5241 ὑγιὴς

2145 5261 2290 5320 τέλος
2312 5263 2492 5316 οἴκαδε
2527 5262 2771 5333 ἐπανῄει.

1883 5384 2128 5442 CAPUT‘
2147 5383 2363 5440 XXVII.

1140 5479 1356 5536 Occulta
1403 5489 1616 5553 peccata
1668 5482 1897 5550 cognita.
1942 5479 2184 5534 Aliorum
2228 5477 2723 5531 contumeliosarum
2766 5477 3064 5545 castigatio.

540 5594 665 5648 9J6.
709 5589 1033 5646 Theodorus
1058 5589 1278 5658 quidam
1315 5590 1660 5652 scriniarius,
1689 5590 1913 5643 natione
1939 5590 2049 5643 An-

2228 5595 2357 5652 otg'.
2382 5586 2652 5656 Θεόδωρος
2677 5585 2732 5638 δέ
2764 5602 2845 5646 τις
2871 5586 3225 5654 σκρινιάριος,
3249 5585 3310 5638 τὸ
3334 5583 3490 5654 γένος
3529 5583 3724 5636 Ἀντιο-

542 5730 656 5798 (ΒἸ)
684 5729 842 5793 Sura,
871 5725 1038 5797 Syr-ire
1072 5727 1435 5798 Euphratcsia:
1479 5727 1662 5780 civitas
1699 5727 2025 5798 episcopalis,
2057 5727 2119 5781 ab
2151 5727 2426 5781 Antiochia
2461 5733 2660 5777 remota
2685 5723 2789 5778 250
2817 5738 2867 5793 p.
2906 5738 2977 5805 ιῐι.
3020 5733 3116 5778 aut
3142 5723 3397 5798 amplius.
