4010 6288
238 396 388 462 3189

1246 397 1420 460 VITA
1459 395 1505 454 A
1543 389 1985 455 NICEPHORO
2022 388 2519 455 CONSCRIPTA.
2575 449 2581 455 .

3372 393 3519 460 3190

237 506 579 578 λεγομένων,
605 504 792 576 ἡρέμα
848 506 986 575 πρὸς
1045 505 1211 562 αὐτὸν
1240 508 1270 560 6
1303 506 1529 577 Συμεὼν
1573 504 1830 575 ἐπιστρέο

1955 514 2133 564 saneto
2168 516 2426 577 tanquam
2457 505 2639 563 virum
2672 505 2932 577 probum.
2967 507 3216 581 Cumque
3248 508 3418 564 multa
3450 509 3521 567 ab

239 599 389 671 ψας,
424 596 503 668 μὴ
531 597 730 668 χρῆναι
757 597 994 652 τοιαῦτά
1024 615 1190 664 τισιν,
1215 600 1363 661 ὅπως
1396 598 1465 652 ἂν
1517 599 1611 653 καὶ
1657 597 1832 666 τύχοι,

245 690 574 763 μαρτυρεῖν,
620 687 726 759 ἔφη
756 703 771 718 ’
808 688 1026 743 Παῦσαι
1073 688 1277 753 τοίνυν,
1326 687 1543 757 άδελφδ,
1576 686 1707 756 περὶ
1759 679 1836 740 ὧν

242 785 350 838 οὐκ
377 777 537 836 οἶσθα
562 780 986 850 διατεινόμενος.
1017 780 1129 834 Καὶ
1156 781 1223 851 τῇ
1254 778 1402 851 χειρὶ
1430 778 1583 850 παρά
1604 779 1714 832 τῶν
1737 779 1836 849 τῆς

253 875 503 947 κεφαλῆς
528 874 734 946 τριχῶν
763 872 860 928 τοῦ
895 874 1185 944 οἰκονόμου
1229 872 1550 943 λαϐόμενος,
1587 872 1662 926 Τὸ
1700 872 1838 927 άκά-

246 965 451 1038 θαρτον
487 965 585 1019 καὶ
629 964 868 1037 πονηρὸν
915 964 1157 1035 πνεῦμα,
1186 965 1344 1035 φησὶ,
1377 963 1439 1018 τὸ
1468 961 1716 1018 ἐνοικοῦν
1757 961 1837 1034 τῷ

246 1058 528 1131 ἀνθρώπῳ
555 1058 754 1128 τούτῳ,
781 1057 1005 1127 ἔλεγξον
1024 1057 1120 1111 ἐπὶ
1147 1057 1258 1111 τῶν
1284 1056 1571 1128 παρόντων
1590 1057 1689 1120 τὰς
1708 1041 1841 1126 ¹μια-

251 1154 542 1227 ραςαύτοῦ
568 1154 798 1224 πράξεις
821 1155 918 1205 καὶ
939 1150 1355 1222 ἀθεμίτους,ῐνα
1376 1149 1511 1204 Θεὸν
1536 1143 1677 1204 εἶναι
1696 1147 1836 1218 γνῷ,

182 1286 190 1294 .
247 1248 532 1317 Δεσπότην
567 1246 664 1301 καὶ
691 1246 1029 1316 δημιουργὸν
1059 1245 1349 1309 ἁπάντων,
1389 1243 1482 1296 τὸν
1511 1241 1838 1313 περεοῦντα

246 1338 481 1408 οὐρανὸν
510 1338 602 1392 καὶ
631 1335 883 1400 κτίζοντα
916 1337 1054 1405 γῆν,
1082 1335 1343 1390 ποιοῦντα
1365 1336 1445 1398 εἰς
1471 1334 1605 1405 ὕψος
1635 1334 1834 1405 κρῖμα,

249 1432 348 1485 καὶ
373 1430 723 1497 δικαιοσύνην
742 1431 827 1492 εἰς
848 1430 951 1498 γῆν
974 1429 1160 1498 ἔθηκε.
1186 1428 1297 1481 Καὶ
1324 1429 1353 1481 6
1378 1426 1590 1496 δαίμων
1616 1426 1843 1497 κράζων

247 1519 321 1592 ἦν
351 1522 553 1587 εὐθέως
580 1522 676 1575 καὶ
704 1520 994 1587 όλολύζων,
1020 1522 1116 1574 καὶ
1144 1520 1326 1575 δίκαιά
1351 1536 1415 1587 γε
1448 1521 1648 1589 πάσχει
1674 1535 1838 1589 μεγα-

249 1615 600 1669 λοϐοῶν.⁹’1να
641 1615 694 1668 τί
739 1612 849 1685 γὰρ
878 1615 907 1667 6
937 1606 1300 1681 εἰδωλοθύτης
1335 1606 1523 1678 οὗτος,
1553 1614 1584 1666 6
1610 1612 1776 1682 γόης,
1810 1613 1839 1665 6

251 1708 477 1772 πλάνος,
510 1713 539 1763 6
561 1710 787 1776 ἀσεϐὴς,
814 1710 908 1764 καὶ
939 1707 1075 1762 ἄλλα
1104 1706 1350 1774 τοιαῦτα,
1386 1707 1535 1777 παρὰ
1570 1706 1633 1761 σὺ
1662 1705 1838 1777 ἤγαγέ

257 1816 360 1867 pe;
392 1799 484 1853 καὶ
506 1799 601 1852 νῦν
622 1798 991 1870 κατακαίομαι
1020 1798 1121 1870 μιν
1151 1797 1283 1870 ἐγὼ,
1311 1798 1396 1853 ὅτι
1416 1796 1836 1869 δημοσιεύονται

254 1894 421 1946 πᾶσιν
453 1893 513 1945 αἱ
539 1891 731 1946 τούτου
764 1891 1011 1963 πράξεις.

286 2163 298 2179 ο
334 2147 476 2197 σκα’.
509 2140 725 2195 Πολλῶν
757 2135 851 2196 οὖν
882 2143 1142 2199 τοιούτων
1190 2146 1297 2201 ὑπὸ
1328 2145 1422 2201 τοῦ
1454 2147 1707 2220 δαίμονος
1753 2150 1844 2205 λε·

265 2234 513 2302 γομένων
544 2273 558 2298 ,
586 2233 681 2289 τοῦ
736 2252 795 2288 τε
854 2235 1048 2309 ἀνδρὸς
1109 2239 1202 2293 ὑπ’
1249 2240 1417 2296 αὐτοῦ
1454 2243 1706 2314 χαλεπῶς
1740 2244 1846 2299 πά-

265 2342 507 2397 σχοντος,
530 2327 650 2383 οὐδὲ
679 2329 803 2395 τοὺς
828 2330 934 2396 ἔξω
962 2331 1055 2385 τοῦ
1086 2332 1293 2398 πάθους
1336 2334 1601 2407 ἀδακρυτὶ
1631 2336 1848 2405 στέγειν

264 2416 425 2490 ἐπῄει
451 2421 549 2492 τὴν
573 2420 698 2491 διμν
722 2439 735 2453 ·
771 2425 805 2494 ἠ
833 2424 1023 2494 μέντοι
1050 2425 1193 2497 γυνὴ
1223 2426 1415 2481 τούτου
1476 2427 1572 2482 καὶ
1600 2444 1630 2481 ο
1687 2445 1849 2499 προσο

264 2512 512 2580 ήκοντες,
534 2514 688 2578 ὅλους
722 2517 951 2581 ἑαυτοὺς
974 2518 1061 2580 εἰς
1087 2518 1282 2587 ἔδαφος
1314 2518 1596 2591 ῥίψαντες,
1627 2520 1847 2577 κλαίον-

265 2620 356 2667 τες
412 2599 553 2675 ἦσαν
590 2606 685 2659 καὶ
740 2607 939 2677 πικρὸν
1002 2607 1374 2673 ὀλολύζοντες,
1405 2611 1502 2662 καὶ
1551 2610 1703 2673 τίνας
1747 2612 1849 2666 οὐκ

267 2695 504 2757 ἐλεεινάς
565 2699 749 2765 φωνὰς
793 2698 873 2769 τῷ
930 2700 1071 2769 ἁγίῳ
1122 2701 1495 2771 προσάγοντες
1532 2718 1548 2766 ς
1590 2702 1850 2757 Ἐπικλα-

270 2790 415 2852 σθεὶς
447 2785 541 2843 οὖν
584 2792 793 2855 ἐκεῖνος
832 2792 1004 2862 αὐτῷ,
1033 2794 1352 2864 ἐπιτιμήσει
1383 2796 1728 2865 παραχρῆμα
1757 2795 1849 2849 τὴν

220 2896 223 2899 ‘
265 2882 493 2953 δαίμονα
524 2882 618 2936 τοῦ
657 2884 853 2956 ἀνδρὸς
889 2884 1205 2943 ἀπελαύνει.
1246 2888 1305 2943 ’0
1337 2889 1396 2945 δὲ
1431 2888 1687 2960 καθαρῶς
1717 2890 1849 2945 ἑαυ-

268 2975 363 3030 τοῦ
405 2977 496 3030 καὶ
528 2975 636 3029 τῶν
658 2976 875 3032 οἰκείων
912 2977 1192 3049 λογισμῶν
1216 2979 1531 3050 γενόμενοςο
1557 2980 1652 3036 καὶ
1687 2981 1851 3049 γνοὺς

268 3069 401 3132 οἵοις
448 3068 540 3123 διὰ
595 3068 685 3122 τὸν
740 3069 1082 3140 προλαϐόντα
1138 3070 1252 3142 βίον
1298 3076 1494 3138 κακοῖς
1570 3073 1848 3141 ἑκδὲδοτο,

1937 602 2138 658 eodem
2164 600 2438 671 discipulo
2490 599 2550 654 in
2602 600 3136 657 commendationem
3176 601 3280 657 viri
3305 598 3521 673 profer-

1936 702 2158 758 rentur,
2192 692 2409 763 placide
2442 692 2511 748 ad
2534 693 2692 748 illum
2723 707 3031 750 conversus
3052 693 3311 765 Symeon.
3346 693 3518 750 dixit:

1936 785 2057 841 Non
2091 792 2316 856 oportet
2344 783 2473 839 talia
2488 784 2557 840 de
2579 785 2839 856 quopiam
2886 785 3207 841 testimonia
3252 785 3407 851 dare,
3441 794 3523 840 ta-

1937 878 2101 933 metsi
2129 878 2275 932 forte
2300 891 2496 933 revera
2538 877 3011 934 subsintzdesine
3052 877 3243 950 igitur,
3303 876 3378 931 mi
3411 876 3522 931 fra-

1937 978 2043 1035 ter,
2080 983 2205 1040 qua
2231 967 2455 1039 ignoras
2502 965 2798 1025 alﬁrmare.
2836 968 2906 1024 Et
2936 983 3104 1023 manu
3152 983 3253 1039 per
3297 968 3525 1039 capillos

1938 1060 2140 1131 capitis
2177 1058 2521 1116 sacerdotem
2557 1060 2936 1131 prehendens:
2996 1058 3219 1129 Impure
3260 1074 3326 1115 ac
3357 1059 3520 1113 mali-

1937 1168 2044 1224 gne
2072 1150 2328 1223 spiritus.
2361 1151 2460 1218 ait,
2493 1151 2900 1223 qui‘hominem
2928 1152 3079 1208 hunc
3100 1150 3318 1213 incolis.
3344 1165 3515 1220 argue

1939 1258 2127 1301 coram
2156 1245 2315 1302 hisce
2352 1245 2720 1316 pratentibus
2763 1245 2980 1320 nefaria
3018 1252 3077 1301 et
3125 1245 3316 1315 iniqua
3376 1243 3529 1301 illius

1939 1345 2229 1407 opera;ut
2271 1347 2533 1409 agnoscat
2591 1338 2765 1394 Deum
2825 1352 2947 1393 esse
3005 1337 3301 1393 Dominum
3361 1345 3530 1408 atque

1940 1427 2193 1500 opificem
2221 1431 2634 1496 universorum,
2682 1430 2777 1500 qui
2804 1428 3046 1485 ﬁrmavit
3069 1431 3269 1487 coelum
3297 1439 3354 1485 et
3392 1445 3531 1486 cou-

1940 1522 2085 1578 didit
2111 1531 2356 1589 terram;
2392 1526 2486 1592 qui
2518 1520 2649 1577 facit
2668 1521 2941 1594 judicium
2987 1522 3044 1578 in
3070 1523 3312 1585 excelso,
3345 1530 3401 1577 et
3435 1538 3531 1591 p0-

1942 1614 2056 1671 suit
2078 1613 2351 1686 justitiam
2378 1613 2434 1667 in
2475 1622 2645 1669 terra.
2677 1614 2747 1669 Et
2778 1613 2995 1670 daemon
3054 1613 3345 1670 clamitans
3379 1611 3529 1667 illico

1942 1715 2108 1777 atque
2145 1707 2363 1778 ejulans
2389 1704 2800 1761 voeil‘erabatur
2826 1705 3017 1778 grandi
3061 1722 3187 1762 cum
3240 1704 3474 1775 strepitu
3514 1720 3526 1758 :

1942 1797 2177 1869 Equum
2198 1799 2450 1869 patitur:
2488 1813 2589 1854 cur
2621 1800 2769 1855 enim
2799 1799 3093 1855 idololatra
3147 1799 3259 1860 ille.
3293 1798 3384 1852 ille
3432 1812 3529 1852 ve-

1944 1892 2177 1957 neﬁcus,
2206 1892 2300 1949 ille
2326 1892 2620 1964 impostor,
2647 1892 2741 1947 ille
2770 1892 2997 1963 impius,
3030 1901 3085 1947 et
3104 1908 3225 1963 quze
3240 1897 3529 1961 prmtcrea,

1946 1984 2016 2040 ad
2057 1992 2111 2040 te
2128 2000 2217 2040 me
2236 1983 2508 2040 adduxit?
2534 1993 2588 2039 et
2616 1998 2767 2040 nunc
2798 1999 2899 2056 ego
2917 1983 3036 2055 ipse
3067 1983 3283 2039 crucior
3311 1980 3530 2046 acerbe,

1946 2075 2094 2146 quod
2129 2076 2279 2131 illius
2306 2085 2460 2148 gesta
2489 2074 2752 2130 omnibus
2781 2074 3077 2129 manifesta
3114 2074 3266 2128 ﬁant.

2017 2168 2144 2224 22!.
2179 2168 2332 2225 Talia
2367 2168 2541 2241 igitur
2558 2168 2841 2239 multaque
2865 2166 3066 2222 similia
3081 2181 3205 2222 cum
3237 2181 3267 2221 a
3287 2164 3535 2221 darmonc

1948 2263 2352 2335 proferrentur,
2444 2261 2901 2331 inl‘crrenturque
2993 2259 3206 2315 homini
3262 2256 3533 2329 supplicia

1949 2357 2157 2431 gravia,
2186 2370 2254 2412 ne
2286 2354 2364 2410 illi
2400 2353 2626 2425 quidem
2656 2353 2751 2423 qui
2805 2352 3094 2408 doloribus
3139 2350 3300 2405 vacui
3352 2357 3532 2411 erant,

1952 2457 2259 2517 temperare
2289 2446 2481 2502 oculos
2515 2460 2545 2500 a
2593 2445 2854 2516 lacrymis
2905 2453 3168 2515 potuere:
3208 2458 3349 2498 uxor
3384 2451 3534 2497 certe

1950 2549 2007 2595 et
2034 2534 2349 2608 propinqui,
2376 2545 2520 2594 totos
2541 2552 2601 2593 se
2632 2538 2686 2592 in
2714 2537 2890 2592 solum
2916 2545 3353 2608 prosternentes.
3382 2535 3536 2606 plan-

1951 2638 2255 2702 gentesquc
2280 2631 2634 2701 ctejulantes
2656 2628 3038 2692 acerbissime,
3101 2626 3235 2699 quid
3286 2643 3397 2682 non
3456 2626 3537 2681 la-

1954 2720 2338 2776 mentabilium
2384 2735 2585 2777 vocum
2646 2736 2835 2777 coram
2897 2730 3086 2776 sancto
3143 2719 3538 2777 ell‘undebant?

1952 2812 2180 2867 Talibus
2246 2812 2480 2869 inﬂexus
2520 2812 2781 2886 Symeon,
2845 2811 3183 2882 increpando
3230 2810 3537 2865 daemonem

1954 2919 2077 2961 mox
2105 2916 2138 2961 c
2172 2904 2294 2959 viro
2321 2906 2586 2975 expellit:
2613 2906 2708 2976 qui
2732 2906 2845 2977 jam
2875 2905 3037 2970 liber,
3077 2905 3298 2975 sibique
3355 2911 3411 2959 et
3453 2917 3549 2957 ra-a

1955 2996 2092 3053 tioni
2123 2996 2393 3062 redditus,
2415 3013 2479 3055 ac
2509 2999 2682 3069 probe
2723 2999 3039 3069 intelligens
3072 2997 3298 3069 quantis
3345 2997 3401 3052 in
3426 2996 3537 3051 vita

1953 3091 2234 3164 [inmerita
2257 3092 2564 3148 sceleribus
2590 3092 2815 3148 deditus
2850 3093 3065 3156 luisset,
3102 3100 3394 3149 accusator
3451 3092 3539 3148 sui

271 3162 575 3255 statijyopo;
626 3157 694 3233 ἦν
741 3161 906 3227 αὐτὸς
942 3163 1165 3228 ἑαυτοῦ,
1195 3163 1361 3236 μηδὲν
1383 3163 1495 3218 τῶν
1536 3164 1722 3235 κρυφῆ
1752 3182 1850 3218 πε-

1956 3185 2132 3241 lactus
2162 3195 2283 3242 est:
2314 3184 2562 3255 nihilque
2587 3185 2881 3250 scelerum,
2907 3195 3123 3241 secreto
3171 3195 3536 3255 patratorum,

273 3242 626 3326 πραγμένων,
681 3256 792 3311 τῶν
836 3258 930 3310 καὶ
962 3256 1058 3311 τοῦ
1088 3257 1273 3313 λαθεῖν
1300 3259 1469 3325 ὅντως
1508 3260 1675 3326 ἀξίων
1709 3260 1854 3314 ὲκεί-

270 3364 376 3402 νων
441 3347 846 3420 παρακατέχων
867 3365 879 3380 °
948 3342 1024 3404 ὧν
1080 3348 1203 3405 οὐδὲ
1261 3356 1403 3407 κατὰ
1464 3353 1632 3425 μέρος
1683 3354 1858 3420 φειδοῖ

271 3437 378 3494 τῶν
422 3439 830 3512 ἀσθενεστέρων
879 3442 1303 3517 μνημονευτέον.
1333 3442 1467 3497 Ἀλλ’
1510 3441 1607 3499 οὗν
1682 3445 1865 3517 εύῶρα

277 3531 453 3585 πάντα
499 3532 597 3586 καὶ
643 3532 779 3603 δῆλα
819 3536 941 3597 ταῖς
968 3534 1078 3589 τῶν
1107 3534 1391 3606 παρόντων
1436 3535 1606 3602 τιθεὶς
1642 3537 1857 3605 ἀκοαῖς,

272 3624 366 3677 καὶ
389 3623 482 3677 τοῦ
516 3624 805 3694 μέλλοντος
843 3627 1118 3697 ἐγγυητὴς
1144 3627 1325 3698 ἑαυτῷ
1351 3628 1670 3699 γινόμενος,
1693 3632 1722 3684 6
1758 3631 1858 3701 μὲν

272 3711 364 3769 οὖν
391 3716 590 3783 ἄφεσιν
626 3716 723 3771 ἐπὶ
747 3716 954 3781 τούτοις
987 3716 1288 3771 ὑπεύθυνον
1331 3721 1612 3790 ἐπιτιμίας
1652 3720 1855 3787 λαϐὼν,

274 3809 560 3879 ἐπανήκει.

344 3899 485 3970 σκβκ
522 3900 750 3971 ’Έτερος
776 3900 834 3954 δέ
856 3917 940 3965 τις
962 3902 1027 3955 ἐκ
1055 3900 1154 3972 τῆς
1191 3902 1465 3975 Ἀντιόχου
1489 3905 1581 3959 καὶ
1608 3906 1712 3977 τῆς
1737 3909 1856 3961 κατ’

273 3989 434 4044 αὐτὸν
477 3989 829 4061 Ἐκκλησιας,
874 3992 1129 4063 Ἰωάννης
1162 3992 1263 4064 τὴν
1303 3993 1499 4057 κλῆσιν
1548 3997 1644 4051 καί
1672 3993 1854 4066 οὗτος,

272 4086 333 4139 οὐ
358 4085 655 4157 βλάσφημα
696 4086 861 4153 μόνον
892 4088 978 4142 ἀεὶ
1008 4088 1148 4143 κατὰ
1177 4088 1270 4143 τοῦ
1315 4089 1473 4159 ἁγίου
1528 4090 1732 4158 ἐλάλει,
1761 4096 1858 4149 καὶ

272 4177 482 4248 τρυφὴν
520 4179 823 4237 ἀκολάστου
868 4179 1115 4250 γλώττης
1151 4182 1253 4246 τὰς
1274 4181 1358 4246 εἰς
1390 4181 1556 4237 αὑτὸν
1589 4184 1858 4255 λοιδορίας

274 4272 566 4341 πεποίητο·
594 4270 732 4326 ἀλλὰ
752 4273 847 4326 καὶ
874 4273 1036 4344 μέχρι
1058 4273 1315 4328 τοσούτου
1342 4275 1539 4345 μανίας
1561 4277 1855 4349 προῆλθεν,

272 4362 345 4427 ὡς
393 4364 491 4418 καὶ
545 4363 738 4436 ὕϐρεσι
793 4364 1234 4437 φλεγμαίνουσαν
1276 4368 1565 4442 ἐπιστολὴν
1605 4368 1682 4443 (ὣ
1716 4371 1857 4426 πόσα

270 4454 475 4527 τολμᾷν
501 4451 611 4510 οἶδε
644 4457 834 4523 κακία,
865 4460 961 4512 καὶ
987 4458 1129 4513 κατὰ
1160 4459 1262 4528 τῆς
1290 4459 1549 4531 ἀληθείας
1582 4463 1854 4517 νεανιεύε-

274 4547 427 4602 σθαιῐ
452 4548 612 4618 )πρὸς
640 4549 803 4603 αὐτὸν
831 4550 1149 4605 ἀποστεῖλαι
1169 4567 1184 4582 ο
1214 4527 1281 4619 ἢν
1303 4527 1511 4616 ἐκεῖνος
1541 4552 1855 4623 δεξάμενος,
1882 4527 1933 4588 D

275 4639 369 4693 καὶ
412 4639 491 4709 τῷ
528 4640 801 4711 πνεύματι
859 4642 1042 4710 γνοὺς,
1076 4643 1152 4705 ὼς
1189 4643 1290 4697 οὐκ
1332 4644 1399 4699 ἄν
1439 4661 1569 4697 ποτε
1610 4647 1860 4711 παιδείας

273 4731 442 4801 χωρὶς
482 4731 778 4785 καὶταῦτα
817 4733 1243 4805 παραμενούσης
1279 4738 1374 4789 καὶ
1407 4736 1860 4809 ύπομιμνησκούο

276 4839 374 4891 eq;
402 4822 727 4894 ,μετάθηται
774 4826 912 4896 πρὸς
950 4826 1011 4878 τὸ
1038 4825 1270 4894 βέλτιον,
1300 4828 1411 4884 τῶν
1456 4829 1718 4900 μαθητῶν
1763 4830 1859 4885 ἕνα

275 4916 528 4982 καλέσας,
567 4918 777 4983 Ἄπιθι,
805 4918 961 4987 φησὶ,
991 4918 1144 4992 παρὰ
1165 4918 1263 4992 τὴν
1308 4920 1582 4994 Ἀντιόχου
1609 4924 1742 4995 πρὸς
1769 4924 1860 4978 τὸν

272 5008 518 5063 διάκονον
579 5010 853 5079 Ἰωάννην,
888 5012 986 5064 καὶ
1015 5011 1142 5066 τάδε
1180 5013 1333 5086 αὐτῷ
1382 5015 1741 5085 ἀπάγγειλον,
1783 5015 1862 5081 ὡς

273 5101 402 5172 ⁴παρ’
430 5100 606 5171 ἡμῶν,
648 5101 867 5172 Ἐπειδὴ
902 5104 1171 5174 συμφέρει
1193 5108 1259 5176 τῇ
1291 5106 1438 5179 ψυχῇ
1466 5125 1562 5161 σου
1590 5126 1860 5162 ταπεινω-

276 5192 432 5261 θῆναί
481 5208 542 5246 σε
588 5192 676 5248 διὰ
729 5192 826 5264 τὴν
876 5193 1079 5266 πολλὴν
1109 5195 1210 5266 τῆς
1240 5197 1496 5269 γλώσσης
1538 5199 1856 5268 ἀκολασίαν,

279 5284 385 5339 ίόοὺ
411 5284 690 5340 ὺιδέδοσαι
728 5286 964 5358 δαίμονι,
990 5287 1061 5363 ’δς
1092 5287 1180 5343 διὰ
1211 5290 1394 5361 πάσης
1445 5308 1541 5345 σου
1574 5292 1674 5363 τῆς
1712 5292 1860 5362 ζωῆς

276 5377 428 5431 ἔσται.
479 5376 752 5432 παιδεύων
808 5395 890 5435 σε.
948 5379 1138 5435 Ταῦτα
1191 5381 1329 5452 ὁμοῦ
1378 5400 1439 5436 τε
1500 5383 1634 5455 πρὸς
1694 5386 1859 5441 αὐτὸν

275 5470 483 5542 εἰρήκει
512 5470 780 5544 μαθητὴς,
813 5477 911 5527 καὶ
947 5474 1158 5545 δαίμων
1194 5475 1275 5547 τῷ
1318 5476 1473 5547 ἀνδρὶ
1511 5477 1706 5549 ἁθρόον
1738 5480 1862 5532 ὲπι-

276 5563 544 5635 πηδησας,
570 5564 809 5631 ὠλόλυζε
845 5567 916 5621 δι’
951 5568 1141 5636 αὐτοῦ,
1193 5572 1290 5624 καὶ
1317 5573 1399 5635 είς
1420 5571 1525 5643 γῆν
1554 5574 1646 5626 τὸν
1673 5572 1860 5629 άθλιον

276 5658 650 5729 κατερρίπτει,
681 5659 778 5713 καὶ
818 5659 919 5714 ὅσα
960 5660 1073 5715 τῶν
1096 5660 1480 5735 δαιμονῶντων
1505 5665 1749 5736 ἀκριϐῶς
1779 5666 1859 5720 διο

275 5752 462 5803 cuitu.

347 5845 487 5911 σκγν.
522 5842 587 5898 Ἢ
633 5842 775 5916 γυνὴ
811 5844 990 5902 τοίνυν
1042 5844 1137 5903 τοῦ
1173 5846 1421 5905 διακόνου
1470 5848 1565 5905 καὶ
1595 5852 1652 5923 ¹οἱ
1683 5866 1854 5923 προσ-

1956 3294 2152 3334 eorum
2200 3277 2367 3333 etiam
2418 3294 2542 3348 qua:
2583 3289 2852 3334 zeli-ruunt
2903 3280 3073 3336 latere
3121 3278 3545 3335 convenientius

1957 3380 2098 3433 erat,
2124 3384 2359 3439 qumque
2384 3384 2414 3424 a
2443 3369 2604 3424 nobis
2638 3370 3015 3440 particulatim
3047 3371 3121 3425 ob
3148 3369 3540 3426 verecundiam

1959 3457 2389 3514 itubecilliorutu
2423 3459 2779 3514 memoranda
2811 3476 2921 3515 non
2957 3467 3106 3527 sunt,
3135 3459 3361 3515 silentio
3383 3474 3541 3530 pres-

1959 3550 2066 3615 sit;
2107 3550 2203 3606 sed
2236 3551 2422 3605 omnia
2453 3550 2609 3605 nullo
2628 3562 2859 3621 excepto
2891 3551 3151 3621 palamst
3180 3559 3369 3623 aperta
3399 3567 3542 3621 prve-

1959 3641 2205 3697 sentium
2234 3642 2465 3696 auribus
2496 3641 2745 3713 ingessit,
2789 3643 2967 3698 lactus
2997 3642 3263 3714 deinceps
3293 3643 3400 3699 sibi
3423 3645 3541 3714 ipse

1958 3746 2176 3789 censor.
2208 3732 2607 3789 “emissionem
2645 3734 2808 3804 igitur
2831 3734 2904 3789 ob
2944 3734 3144 3790 delicta
3188 3749 3315 3790 cum
3363 3736 3542 3805 paeni-

1962 3823 2131 3881 tentia
2165 3826 2515 3897 cenjunctam
2539 3824 2838 3896 accipiens,
2874 3840 3132 3882 reversus
3153 3834 3258 3882 est.

2028 3914 2154 3971 222.
2195 3916 2353 3972 Alius
2376 3915 2600 3987 quidam
2634 3916 2942 3973 Antiochiae
2974 3917 3268 3983 oriundus,
3309 3923 3547 3993 ejusque

1959 4006 2224 4063 Ecclesia:
2258 4007 2530 4072 minister,
2559 4008 2800 4065 Joannes
2826 4007 3015 4065 itidem
3044 4009 3251 4079 dictus,
3283 4028 3392 4070 non
3423 4030 3544 4069 mo-

1959 4098 2035 4156 do
2066 4100 2438 4171 blaspliemias
2470 4110 2662 4155 contra
2692 4110 2946 4157 sanctum
2979 4101 3269 4160 eﬂ‘utiebat
3300 4122 3542 4178 semper.

1958 4200 2015 4245 et
2061 4190 2266 4262 lingua
2298 4192 2719 4262 intemperantis
2763 4194 3132 4250 contumelias
3176 4213 3281 4268 pro
3330 4198 3547 4255 deliciis

1960 4281 2229 4350 habebat;
2255 4285 2388 4354 quin
2406 4282 2571 4338 etiam
2608 4299 2676 4340 eo
2707 4285 2934 4342 insania:
2958 4290 3249 4358 processit,
3285 4298 3347 4344 ut
3372 4292 3546 4347 refer-

1962 4381 2070 4429 tam
2108 4376 2327 4448 injuriis
2358 4376 2646 4448 cpistolam
2680 4379 2905 4449 (quanta
2955 4381 3095 4436 solet
3140 4381 3348 4439 audere
3389 4385 3545 4438 mali-

1962 4469 2059 4534 tia,
2091 4479 2149 4525 et
2192 4479 2400 4527 temere
2442 4483 2633 4527 contra
2666 4472 2958 4528 veritatem
2991 4474 3235 4547 moliri!)
3264 4476 3332 4531 ad
3365 4476 3545 4547 ipsum

1960 4563 2223 4618 mitteret.
2259 4563 2411 4619 lianc
2444 4564 2534 4620 ille
2571 4564 2869 4635 accipiens,
2902 4576 2962 4622 et
2992 4566 3187 4638 spiritu
3212 4568 3543 4640 prmvidcns,

1959 4655 2240 4725 quomodo
2276 4671 2375 4725 per
2404 4656 2509 4711 hoc
2539 4656 2858 4726 aliquando,
2887 4660 3166 4715 non'sine
3186 4661 3546 4734 castigatione

1959 4747 2171 4802 diutius
2208 4756 2566 4817 permanente
2611 4762 2668 4804 et
2700 4750 2971 4806 scelerum
3019 4752 3346 4809 memoriam
3381 4769 3546 4809 reno-

1958 4846 2145 4902 vante,
2200 4839 2609 4895 convertendus
2662 4841 2729 4895 ad
2788 4843 3073 4901 meliorem
3122 4844 3334 4917 frugem
3377 4857 3544 4910 esset,

1959 4930 2232 4986 advocate
2282 4931 2500 4987 cuidam
2532 4932 2603 4987 ad
2633 4949 2692 4989 se
2724 4934 2998 5007 discipulo
3031 4937 3169 4994 dicit
3201 4956 3214 4993 :
3242 4937 3407 4994 Abite
3436 4939 3549 4996 An-

1960 5023 2222 5080 tiochiam
2259 5025 2327 5080 ad
2366 5025 2661 5082 diaconum
2712 5028 3005 5092 Joannem,
3045 5039 3103 5086 et
3150 5029 3269 5086 haec
3325 5031 3405 5086 illi
3462 5046 3548 5085 re-

1958 5116 2214 5171 nuntiato
2240 5133 2365 5173 meo
2396 5120 2621 5175 nomine
2650 5137 2665 5173 :
2699 5119 2973 5187 Quoniam
3004 5121 3229 5191 expedit
3268 5122 3545 5177 humiliari

1962 5220 2014 5265 te
2048 5211 2216 5267 corde
2246 5223 2472 5283 propter
2512 5212 2743 5267 nimiam
2779 5213 2979 5285 linguae
3022 5213 3542 5286 intemperantiam;

1959 5316 2090 5358 ecce
2147 5303 2385 5359 traditus
2425 5303 2666 5360 ἀπωοηὶ
2711 5320 2794 5373 es,
2825 5307 2921 5376 qui
2972 5322 3072 5376 per
3115 5322 3335 5362 omnem
3379 5306 3547 5362 vitam

1960 5394 2250 5465 castigabit
2280 5402 2354 5452 te.
2384 5394 2562 5452 Simul
2591 5404 2757 5467 atque
2786 5396 2905 5452 haec
2934 5396 3185 5452 edixerat
3217 5396 3543 5466 discipulus,

1960 5491 2192 5552 repente
2248 5499 2489 5555 nequam
2538 5484 2770 5556 spiritus
2826 5485 2885 5539 in
2940 5485 3224 5540 hominem
3272 5485 3543 5549 insiliens,

1960 5574 2369 5630 vociferabatur
2422 5592 2527 5647 per
2584 5592 2647 5633 os
2697 5576 2893 5647 ipsius,
2954 5575 3222 5631 miserum
3274 5570 3549 5648 allligebat

1959 5662 2136 5730 humi,
2182 5670 2239 5718 et
2284 5680 2408 5734 quae
2454 5664 2806 5722 daemoniacis
2860 5667 3085 5722 evenire
3135 5667 3316 5722 solent
3375 5667 3552 5737 probe

1960 5757 2387 5827 exsequebatur.

2030 5850 2156 5907 225.
2198 5850 2413 5928 Conjux
2468 5854 2648 5927 igitur
2708 5861 2765 5912 et
2834 5853 3234 5928 consanguinei
3287 5851 3544 5919 diaconi,
