4010 6288
493 366 628 436 3191

1706 379 1766 438 S.
1808 373 2187 437 SYMEONIS
2221 375 2584 438 JUNIORIS

3627 374 3776 440 3192

492 499 710 554 penam
759 483 880 556 ejus
931 492 1249 554 reputantes
1281 500 1458 550 suam,
1511 495 1566 541 et
1596 487 1854 542 acerbius
1901 489 2066 542 etiam

2175 489 2421 557 ήκοντες,
2469 489 2665 541 οἰκεῖον
2707 485 2767 538 τὺ
2801 485 3013 539 ἰκείνου
3057 485 3228 548 πάθος
3283 485 3632 554 ποιούμενοι,
3678 493 3774 542 καὶ

489 587 656 640 quam
706 573 823 644 ipse
869 575 1124 640 cruciati,
1182 575 1485 632 ascendunt
1529 593 1652 632 cum
1702 577 1796 632 illo
1846 577 1914 632 ad
1962 577 2064 649 Sy-

493 679 770 726 meonem,
822 665 1164 735 plangentes,
1206 667 1580 735 procidentes,
1632 677 1944 738 precantes,
2005 677 2067 722 ut

489 755 784 809 miseratus
845 757 1212 811 calamitatem
1268 773 1459 822 suam,
1525 759 1799 816 infelicem
1853 761 1986 814 velit
2033 776 2064 815 a

489 845 779 901 vexatione
826 846 1090 902 daemonis
1137 847 1391 904 liberare.
1431 849 1628 904 Verutn
1655 851 1745 906 ille
1784 860 2069 907 mansueta

489 951 623 1006 voce
671 936 740 992 ad
793 936 1087 992 diaconum
1140 954 1334 994 versus
1375 941 1675 1010 :Expedit,
1735 943 1833 1008 ait,
1872 944 2070 997 anima

490 1034 598 1082 tua:
635 1037 688 1083 te
731 1045 841 1083 non
880 1029 1103 1084 liberari
1141 1049 1153 1084 :
1197 1047 1375 1102 neque
1424 1033 1571 1088 enim
1611 1034 1788 1088 dolori
1828 1050 1930 1090 suo
1965 1035 2068 1090 ob-

491 1120 826 1189 sequebatur
886 1122 970 1174 vir
1027 1123 1283 1177 omnibus
1337 1127 1697 1194 compatiens,
1748 1139 1874 1179 cum
1924 1137 2084 1181 esset

490 1212 646 1278 quasi
699 1210 1056 1280 impassibilis
1103 1213 1246 1268 :sed
1303 1213 1572 1283 potiorem
1633 1214 1830 1270 anima;
1877 1231 2069 1271 curam

488 1299 736 1370 gerebat,
789 1311 980 1370 utpote
1033 1303 1214 1358 sciens
1261 1303 1673 1360 inﬁrmitatibus
1737 1306 2070 1374 animarum,

488 1389 741 1458 quamvis
778 1399 834 1445 et
887 1391 1009 1446 aliis
1043 1393 1232 1453 etiam,
1275 1409 1439 1463 quam
1470 1394 1802 1450 dexterrime
1836 1396 2068 1451 mederi.

489 1477 562 1537 Ut
593 1480 755 1544 scias,
812 1481 1013 1551 inquit,
1071 1484 1330 1553 potentia:
1373 1484 1574 1540 divinae
1604 1486 1660 1540 id
1711 1502 1854 1550 esse,
1905 1503 2069 1557 quam

2174 578 2376 649 μᾶλλον
2410 577 2560 630 αὐτοὶ
2588 577 2890 645 πάσχοντες
2919 575 3019 638 τὰς
3044 574 3242 644 ψυχὰς,
3270 574 3456 627 ἀνίασι
3491 576 3596 628 σὺν
3623 577 3776 646 αὐτῷ

2170 671 2308 741 πρὸς
2334 669 2426 722 τὸν
2456 667 2700 739 Συμεὼν,
2719 668 2983 738 δεόμενοι,
3009 665 3356 738 θρηνοῦντες,
3380 669 3776 737 προσπίπτον

2170 778 2282 824 τες,
2329 760 2677 829 οἰκτείραντα
2723 760 2821 829 τῆς
2865 761 3150 826 συμφορᾶς
3197 760 3394 822 αὐτοὺς
3433 762 3540 825 τῆς
3581 761 3654 812 ὲκ
3681 760 3777 812 τοῦ

2169 850 2424 920 δαίμονος
2453 851 2661 902 ἐκεῖνον
2685 849 2948 918 ἐπηρείας
2972 849 3196 903 ἀνεῖναι.
3233 851 3293 902 '0
3318 848 3394 911 δὲ,
3438 849 3615 901 Ἀλλά
3645 865 3779 915 συμ-

2172 939 2327 1010 φέρει
2365 943 2428 1010 τῇ
2461 940 2606 1010 ψυχῇ
2640 956 2734 992 σου
2767 939 2843 1010 μὴ
2878 939 3135 1008 ἀνεθῆναι
3173 957 3256 1004 σε,
3287 941 3480 1010 πράως
3516 941 3667 1010 πρὸς
3687 941 3780 992 τὸν

2172 1028 2417 1082 διάκονον
2474 1029 2579 1100 ἔφη
2605 1045 2618 1058 ·
2674 1031 2796 1083 οὐδὲ
2837 1031 2946 1100 γὰρ
2989 1031 3189 1083 οἰκεῖον
3238 1031 3482 1100 ἐπλήρου
3523 1031 3716 1093 πάθος
3751 1034 3781 1084 δ

2174 1119 2556 1192 συμπαθὴς-,ἢ
2602 1122 2696 1174 καὶ
2743 1120 2961 1192 ἀπαθὴς
3009 1121 3426 1191 τάληθέστερον,
3477 1122 3781 1190 ana-5,;

2172 1213 2384 1266 ἐκείνου
2444 1212 2626 1282 ψυχῆς
2667 1212 2892 1283 ὲκήδετο
2947 1211 3168 1282 μᾶλλον,
3213 1213 3241 1264 ὁ
3289 1213 3433 1283 πάθη
3485 1212 3701 1282 ψυχῶν
3733 1214 3782 1265 εἰ

2173 1304 2267 1358 καί
2293 1322 2346 1358 τι
2371 1303 2519 1368 ἀλλο,
2544 1304 2745 1374 ἄριστα
2772 1303 3098 1373 θεραπεύειν
3142 1305 3348 1366 ἐκεῖνος
3371 1304 3556 1368 εἰδὼς,
3592 1304 3679 1366 ὡς
3715 1304 3782 1357 ἂν

2175 1397 2338 1467 εἰδῇς,
2373 1396 2557 1466 φησὶν,
2593 1397 2674 1450 ὅτι
2706 1394 2936 1466 δύναμις
2960 1393 3098 1448 Θεοῦ
3123 1397 3289 1459 ἐστιν,
3382 1395 3443 1448 σὺ
3476 1397 3660 1465 μέχρι
3687 1395 3781 1448 νῦν

2175 1487 2536 1558 προσκύπτων
2570 1485 2808 1557 ἠγνόεις,
2842 1485 2927 1538 ἵνα
2955 1485 3051 1538 καὶ
3087 1483 3148 1536 τὸ
3184 1485 3321 1537 πολὺ
3361 1485 3464 1554 τῆς
3502 1486 3781 1548 ἀπιστὶας

488 1581 548 1628 ttt
611 1572 882 1630 hactenus
940 1575 1226 1633 oﬂ'endens
1276 1577 1589 1646 ignorabas,
1644 1577 1711 1637 ad
1759 1578 2066 1636 curandum

2175 1578 2336 1634 αὑτοῦ
2365 1579 2544 1644 ποσῶς
2574 1577 2910 1652 θεραπεύσῃ,
2949 1576 3313 1648 παραγγέλλω
3338 1579 3397 1630 ἐν
3427 1577 3511 1647 τῷ
3539 1576 3782 1647 ὀνόματι

489 1665 828 1734 pertinacem
871 1666 1250 1722 infidelitatem
1284 1677 1470 1734 tuam;
1513 1669 1733 1734 mando,
1769 1671 1822 1724 in
1845 1672 2066 1728 nomine

2175 1673 2339 1727 αὐτοῦ
2368 1672 2444 1743 τῷ
2475 1671 2770 1726 ἐνοικοῦντί
2805 1688 2886 1724 σοι
2913 1669 3150 1741 δαίμονι,
3180 1670 3600 1739 τεσσαράκοντα
3636 1671 3783 1739 ἡμέ-

493 1755 642 1810 illius
694 1756 1022 1812 inhabitanti
1075 1757 1131 1812 in
1183 1766 1234 1811 te
1275 1757 1530 1822 daemoni,
1561 1761 1919 1830 quadraginta
1951 1761 2066 1816 dies

2179 1781 2281 1835 ρας
2313 1765 2408 1817 καὶ
2435 1762 2638 1826 νύκτας
2673 1762 2793 1826 ῐσας
2813 1759 3108 1830 ἀφέξεσθαι
3141 1777 3257 1814 σου.
3295 1760 3474 1829 Ὅπερ
3497 1755 3598 1812 οὖν
3633 1760 3784 1811 κατὰ

493 1848 830 1919 totidemque
881 1859 1074 1904 noctes
1119 1848 1348 1904 missum
1404 1859 1456 1904 te
1505 1849 1690 1906 faciat.
1737 1852 1895 1918 Quod
1941 1869 2066 1908 eum

2175 1831 2235 1908 τὸ
2274 1853 2437 1908 αὐτοῦ
2473 1854 2754 1924 ἐπίταγμα
2800 1851 3044 1920 γεγονὸς,
3097 1852 3236 1922 μετά
3273 1853 3375 1930 ¹τὴν
3414 1851 3638 1934 ,ἐνάτην
3687 1850 3784 1903 ἐπὶ

486 1942 640 2012 juxta
675 1941 992 1995 mandatum
1041 1942 1159 2010 ejus
1208 1941 1520 2008 accidisset,
1564 1944 1752 2014 elapso
1790 1947 2066 2016 trigesimo

2175 1945 2464 2018 τριάκοντα
2481 1941 2617 2017 ἦκεν
2651 1944 2785 2014 ὁμοῦ
2813 1943 3034 2012 γυναικὶ
3058 1945 3150 1996 καὶ
3176 1945 3551 2011 προσήκουσιν
3583 1939 3780 2010 αὖθις,

490 2049 639 2088 nono
689 2033 779 2091 die
835 2033 1070 2092 redeunt
1125 2035 1286 2088 simul
1354 2035 1500 2104 ipse,
1553 2037 1780 2107 conjux,
1842 2040 2064 2109 prepin-

2175 2037 2490 2108 ἀπαλλαγὴν
2527 2037 2742 2092 τελείαν
2774 2035 3070 2098 αἰτοῦντες.
3121 2035 3179 2087 Ὀ
3217 2035 3273 2088 δὲ
3321 2035 3638 2088 λυσιτελεῖν
3676 2039 3781 2089 αύ-

490 2124 608 2194 qui,
663 2125 1037 2180 omnimodam
1098 2124 1486 2180 liberationem
1535 2137 1807 2196 petentes.
1857 2129 1926 2183 At
1975 2130 2066 2185 ille

2175 2128 2266 2182 τοῦ
2310 2131 2376 2197 τῇ
2411 2130 2554 2199 ψυχῇ
2603 2128 2702 2199 τὴν
2753 2128 3007 2182 παιδείαν
3048 2127 3224 2194 εἰδὼς,
3255 2121 3298 2195 ᾧ
3332 2129 3425 2180 καὶ
3453 2129 3665 2198 ψυχῶν
3713 2125 3781 2201 ἦν

487 2219 583 2288 qui
641 2219 947 2273 animarum
991 2219 1153 2274 saluti
1205 2235 1423 2290 semper
1459 2220 1718 2275 studebat
1771 2223 2065 2293 praecipue,

2175 2221 2261 2274 ἀεὶ
2305 2221 2548 2291 σωτηρία
2595 2220 2658 2273 τὸ
2691 2219 3145 2292 σπουδαζόμενον,
3178 2219 3336 2274 τοῦτο
3371 2221 3470 2290 μὲν
3503 2222 3611 2274 οὐκ
3661 2223 3780 2275 ἀπ-

488 2311 658 2380 probe
692 2325 1032 2382 cognoscens
1075 2311 1271 2368 animae
1299 2312 1417 2383 ejus
1439 2311 1694 2380 expedire
1743 2313 1886 2368 hanc
1907 2316 2066 2370 casti-

2175 2313 2410 2378 ένευσεν,
2435 2314 2551 2368 ἀλλ’
2582 2315 2723 2368 ὥστε
2764 2316 3140 2387 μετριωτέραν
3180 2315 3330 2386 αύτῷ
3359 2318 3496 2386 πρὸς
3543 2318 3606 2368 τὺ
3641 2316 3782 2384 ἑξῆς

487 2401 785 2472 gationem,
837 2418 948 2457 non
981 2419 1239 2458 assensus
1291 2412 1378 2460 est
1410 2405 1664 2474 petitioni
1699 2405 1941 2463 illorum.
1972 2407 2066 2462 sed

2175 2405 2392 2459 ἔσεσθαι
2428 2406 2630 2476 μᾶλλον
2655 2406 2749 2460 τοῦ
2777 2407 3027 2478 δαίμονος
3049 2407 3148 2478 τὴν
3177 2409 3442 2478 ἐπήρειαν
3464 2405 3602 2460 ’Καὶ
3617 2408 3650 2458 ὁ
3672 2409 3781 2477 μὲν

488 2505 549 2554 ut
603 2495 944 2554 moderatior
997 2497 1360 2566 imposterum
1413 2497 1558 2554 foret
1627 2499 1892 2554 daemonis
1954 2500 2066 2554 vio-

2175 2501 2230 2553 ού
2259 2500 2492 2567 τελείας,
2527 2500 2603 2564 ὡς
2632 2498 2883 2554 έεούλετο
2911 2499 3010 2570 τῆς
3038 2500 3305 2570 αἰτήσεως
3339 2497 3548 2567 τυχὼν,
3593 2499 3779 2569 ἀπῄει

488 2584 660 2639 lentia
715 2584 1012 2645 concessit,
1066 2585 1266 2656 Sicque
1317 2602 1746 2657 energumenus,
1800 2587 2064 2657 perfecta,

488 2685 548 2730 ut
600 2677 844 2747 optabat,
880 2678 1166 2734 sanatione
1216 2694 1324 2736 non
1353 2679 1663 2750 impetrata,
1711 2689 1940 2736 maestus
1982 2699 2063 2737 re-

486 2769 674 2826 cessit.

555 2880 681 2936 224.
722 2883 1046 2938 Anastasius
1087 2882 1312 2953 quidam
1347 2883 1730 2951 scholasticus,
1778 2886 2067 2942 Antiochia

487 2973 744 3029 similiter
773 2974 1062 3039 oriundus,
1099 2975 1184 3030 vir
1228 2975 1426 3045 lingua:
1457 2992 1691 3047 nequam
1721 2993 1784 3032 ac
1814 2979 2068 3048 petulan-

487 3066 580 3131 tis,
629 3081 696 3120 eo
728 3075 978 3121 evaserat
1011 3076 1202 3121 contra
1248 3076 1502 3122 sanctum
1559 3067 1832 3133 amentize,
1879 3079 1975 3124 aut
2017 3071 2063 3125 si

2173 2593 2417 2661 στυγνός.

2241 2866 2374 2920 σκδ’.
2423 2865 2776 2929 ’Δναστάσιος
2822 2865 2879 2920 δέ
2925 2882 3010 2929 τις
3060 2862 3447 2936 Σχολαστικὸς,
3481 2861 3549 2915 τδ
3605 2861 3772 2930 γένος

2184 2957 2510 3030 Ἀντιοχεύς,
2538 2957 2716 3029 φαύλη
2755 2957 2978 3026 γλῶσσα
3018 2957 3112 3011 καὶ
3147 2955 3402 3024 ἀσελγὴς,
3437 2957 3519 3015 εἰς
3563 2956 3766 3008 τοσοῦ-

2168 3070 2262 3106 τον
2292 3051 2460 3122 ἤλασε
2495 3050 2635 3104 κατὰ
2681 3049 2774 3103 τοῦ
2823 3049 2980 3117 ἁγίου
3029 3047 3310 3111 ἀπονοίας,
3359 3048 3410 3099 εἰ
3445 3047 3502 3100 δὲ
3548 3046 3768 3117 βούλει,

488 3157 721 3212 mavelis
765 3157 993 3222 furoris,
1044 3173 1167 3226 quae
1211 3173 1314 3211 vox
1367 3159 1534 3212 etiam
1590 3161 1907 3228 expressius
1945 3178 2060 3216 rem

2175 3143 2368 3213 μανίας
2403 3142 2452 3215 (δ
2483 3143 2578 3195 καὶ
2637 3141 3062 3210 συγγενέστερον
3097 3140 3296 3211 μᾶλλον
3329 3140 3406 3210 τῷ
3466 3141 3774 3212 πράγματι

488 3249 759 3320 designat,
814 3256 874 3303 ut
906 3248 1240 3304 mirabilium
1283 3265 1313 3303 a
1344 3259 1534 3304 sancto
1567 3260 1908 3320 patratorum
1939 3269 2069 3322 ope-

489 3356 614 3395 rum
647 3349 930 3396 auctorem
979 3359 1086 3396 non
1138 3341 1332 3409 Deum,
1377 3343 1472 3398 sed
1523 3345 1787 3414 pessimas
1805 3344 2068 3414 quasdam

489 3443 636 3490 artes
685 3433 1007 3489 eorumdem
1047 3434 1355 3492 elIectrices
1385 3451 1506 3492 esse
1539 3436 1733 3491 inscite
1787 3437 2067 3506 stulteque

489 3524 807 3582 blateraret.
859 3526 1016 3593 Quod
1064 3526 1158 3581 ubi
1212 3528 1282 3583 ad
1335 3543 1498 3584 aures
1527 3527 1700 3582 sancti
1742 3527 1884 3580 fama
1940 3543 2068 3597 per-

487 3616 659 3670 latum
680 3624 786 3680 est,
817 3616 1298 3671 commiseratione
1330 3616 1476 3671 illius
1507 3625 1702 3682 tactus,
1751 3617 2070 3672 conversio-

487 3723 614 3767 nem
655 3709 1096 3778 przestolabatur,
1150 3709 1228 3762 uti
1275 3710 1364 3764 lex
1394 3709 1489 3762 Dei
1542 3709 1793 3764 homines
1836 3711 2069 3766 amantis

485 3801 662 3875 jubet.
717 3801 918 3856 Verum
959 3803 1108 3856 enim
1152 3815 1282 3855 vero
1325 3810 1680 3870 posteaquam
1729 3803 2067 3870 pertinacem

487 3893 666 3957 illum,
699 3890 939 3946 divinam
972 3907 1104 3945 vero
1147 3890 1616 3960 longanimitatem
1655 3891 1919 3960 longioris
1948 3908 2068 3946 mo-

489 4001 565 4041 tae
587 3985 984 4055 impatientem,
1015 3983 1377 4052 strictumque
1404 3983 1514 4054 jam
1550 3984 1776 4038 rutilare
1804 3984 2066 4054 gladium,

487 4086 544 4132 et
568 4092 756 4131 arcum
787 4085 977 4132 contra
1006 4076 1285 4132 hominem
1347 4083 1582 4140 tensum,
1621 4083 1918 4145 parataque
1947 4091 2069 4132 esse

486 4182 616 4222 vasa
639 4167 833 4221 mortis
876 4166 1277 4235 deprehendit;
1323 4165 1723 4235 discipulorum
1753 4167 2068 4236 quempiam

487 4257 762 4312 atlvocans
797 4257 937 4326 (erat
992 4266 1174 4312 autem
1209 4272 1404 4326 magna
1449 4255 1540 4312 illa
1570 4255 1709 4321 dies,
1739 4272 1846 4325 qua
1876 4257 2067 4328 mysti-

489 4364 609 4402 cam
657 4345 911 4403 Christus
953 4363 1167 4402 cmnam
1226 4346 1484 4410 instituit,
1543 4361 1649 4415 qua
1706 4347 2067 4402 lavandorum

487 4441 686 4512 pedum
719 4438 1313 4512 ministeriutnobivit,
1354 4453 1462 4506 qua
1496 4454 1598 4509 pro
1629 4438 1790 4493 nobis
1833 4439 2067 4493 traditus

2180 3236 2395 3305 ὄνομα),
2453 3236 2528 3299 ὡς
2563 3235 2699 3306 μηδὲ
2736 3234 2868 3287 Θεὸν
2936 3237 3048 3298 τοῖς
3096 3233 3414 3304 παραδόξως
3461 3237 3559 3288 ὑπ’
3595 3237 3772 3290 αὐτοῦ

2173 3329 2540 3398 τελουμένοις,
2578 3328 2714 3383 ἀλλά
2746 3345 2866 3383 τινα
2907 3329 3148 3398 πονηρὰν
3194 3329 3476 3398 ἐνέργειαν
3513 3331 3772 3396 ἀνοήτως

2176 3419 2558 3491 ὲπιφημίζεινδ
2607 3421 2784 3491 Ὅπερ
2845 3404 2935 3473 τόν
2967 3419 3110 3472 θεῖον
3167 3420 3336 3490 ἄνδρα
3389 3421 3767 3489 μανθάνοντα,

2178 3515 2406 3584 πάσχειν
2457 3513 2557 3582 μὲν
2607 3511 2750 3582 ὑπὲρ
2791 3511 2888 3564 τοῦ
2937 3511 3166 3579 ἀδελφοῦ
3196 3513 3294 3582 τὴν
3327 3511 3527 3582 ψυχὴν,
3552 3513 3769 3581 ἀναμέ-

2175 3623 2285 3660 νειν
2316 3605 2374 3659 δὲ
2397 3605 2546 3675 ὅμως
2577 3603 2742 3656 αὑτοῦ
2773 3603 2871 3672 τὴν
2902 3603 3259 3673 ἐπιστροφὴν,
3293 3603 3433 3674 ὅπερ
3465 3603 3531 3672 δὴ
3569 3604 3766 3673 φιλαν-

2177 3700 2424 3771 θρωπίας
2485 3696 2620 3750 Θεοῦ
2679 3695 2865 3766 νόμος.
2904 3695 2993 3758 Ὠς
3038 3695 3096 3748 δὲ
3127 3695 3220 3747 τὸν
3274 3696 3374 3763 μὲν
3426 3696 3764 3764 ἐπιμένοντα

2178 3791 2344 3862 ἑώρα,
2379 3790 2479 3862 τὴν
2537 3788 2689 3842 θείαν
2737 3788 2920 3841 οὐκέτι
2979 3787 3363 3858 μακροθυμίαν
3395 3788 3765 3857 ἀνεχομένην,

2176 3885 2311 3939 ἀλλὰ
2365 3885 2462 3938 καὶ
2517 3881 2911 3951 στιλόουμένην
2967 3881 3068 3952 ἠδη
3128 3882 3426 3951 ῥομφαίαν,
3464 3882 3559 3934 καὶ
3601 3881 3764 3946 τόξον

2177 3977 2298 4030 κατ’
2333 3973 2496 4028 αὑτοῦ
2528 3972 2920 4042 ἐπειγόμενον,
2946 3972 3349 4041 ὲτοιμαζόμενα
3370 3972 3424 4025 δὲ
3453 3972 3549 4024 καὶ
3587 3976 3761 4043 σκεύη

2177 4067 2411 4122 θανάτου
2443 4083 2458 4096 ·
2491 4065 2602 4119 τῶν
2637 4063 2898 4134 μαθητῶν
2923 4063 3021 4117 ἕνα
3047 4063 3281 4126 καλέσας
3305 4059 3394 4134 (ἦν
3421 4063 3480 4117 δὲ
3514 4067 3547 4134 ἡ
3585 4067 3762 4134 μεγάο

2175 4160 2243 4228 λη
2271 4157 2368 4212 τοῦ
2405 4155 2669 4228 μυστικοῦ
2714 4154 2955 4218 δείπνου,
2987 4156 3080 4207 καὶ
3109 4155 3206 4224 τῆς
3235 4155 3376 4227 ὑπὲρ
3418 4156 3583 4224 ὴμῶν
3628 4158 3765 4226 Χρε-

2179 4251 2306 4304 στοῦ
2334 4249 2688 4321 παραδόσεως
2718 4249 2817 4303 καὶ
2847 4249 3160 4318 οἰκονομίας
3184 4249 3390 4318 ἡμέρα)
3418 4249 3518 4318 τὴν
3553 4251 3764 4318 πικρὰν

2175 4343 2395 4413 ἐκείνην
2420 4341 2499 4412 τῷ
2523 4339 2694 4411 ἀθλίῳ
2727 4338 2923 4411 μηνύει
2943 4346 3115 4412 τομὴν
3150 4339 3499 4412 (τηνικαῦτα
3531 4340 3642 4408 γὰρ
3680 4338 3759 4408 τῷ

2179 4435 2451 4506 πνεύματι
2481 4433 2574 4486 καὶ
2606 4430 2774 4500 αὐτὴν
2813 4429 3163 4500 ἐπαγομένην
3227 4427 3412 4498 ἐώρα)
3474 4430 3760 4502 εἴσπραξιν

486 4538 595 4598 est)
616 4532 776 4602 jubet
801 4530 1110 4602 signiﬁcare
1158 4529 1361 4584 misero
1387 4529 1499 4591 isti,
1527 4529 1757 4584 acerbos
1786 4529 1908 4583 illos
1938 4544 2066 4584 cru-

2175 4529 2331 4599 αύτῷ
2356 4528 2456 4598 τῆς
2490 4524 2696 4593 πολλῆς
2728 4513 2946 4576 ἔσεσθαι
2971 4521 3206 4586 ἀδικίας,
3235 4517 3302 4592 ἦς
3334 4521 3516 4574 λαλῶν
3562 4525 3649 4585 εἰς
3691 4524 3751 4576 τὸ

486 4628 663 4684 cintus
684 4625 844 4697 (quos
865 4625 977 4695 jam
1008 4633 1126 4678 tum
1184 4623 1380 4692 spiritu
1448 4622 1781 4692 praevidebat
1843 4621 1920 4676 illi
1956 4622 2063 4676 im-

487 4719 754 4790 pendere)
785 4717 980 4776 ultioni
1007 4717 1223 4774 futuros
1263 4733 1363 4787 pro
1417 4717 1628 4772 crebris
1686 4717 2061 4780 contumeliis,

487 4827 625 4882 quas
651 4811 948 4866 elfutiisset
980 4819 1174 4866 contra
1222 4809 1588 4874 Altissimum,
1648 4808 1702 4863 in
1753 4809 1872 4879 ipso
1921 4810 2064 4866 caelo

487 4911 738 4960 statuens
762 4919 824 4958 os
855 4919 1036 4958 suum.
1083 4903 1139 4958 Id
1193 4911 1379 4957 autem
1444 4903 1766 4957 renuntiare
1806 4902 2060 4972 jubebat,

488 5007 598 5045 non
625 4993 768 5061 quod
799 5002 1018 5062 putaret
1050 4993 1185 5054 fore.
1224 5001 1283 5046 ut
1315 4991 1577 5061 deinceps
1629 4990 1934 5046 abstineret
1958 4991 2067 5057 (vi-

487 5084 653 5143 debat
674 5101 910 5155 namque
943 5083 1424 5139 inconvertibilem
1469 5098 1613 5145 esse,
1665 5095 1829 5152 atque
1885 5083 2066 5137 intuti-

486 5192 619 5232 nere
646 5177 757 5247 jam
797 5176 1274 5238 cnmminationes,
1323 5184 1380 5228 et
1408 5173 1566 5228 brevi
1619 5173 1934 5242 all‘uturas),
1967 5174 2062 5228 sed

491 5278 552 5321 ut
583 5268 782 5327 similis
813 5267 1002 5322 farinae
1057 5275 1112 5319 et
1153 5265 1495 5320 infidelitatis
1551 5263 1871 5320 hominibus
1932 5281 2060 5321 cor-

489 5359 727 5430 rigentia:
759 5359 886 5414 vita:
935 5357 1187 5426 exemplo
1236 5365 1400 5421 esset,
1455 5372 1675 5412 causam
1747 5357 2065 5428 justissima)

489 5452 734 5508 caelitum
765 5460 954 5505 contra
979 5449 1156 5518 ipsum
1192 5449 1283 5503 ira!
1307 5459 1362 5504 et
1409 5448 1680 5505 immissas
1713 5465 1902 5518 pcenas
1954 5467 2061 5504 non

490 5543 896 5615 ignorantibus.
939 5543 1108 5612 igitur
1125 5541 1434 5611 discipulus
1463 5542 1563 5596 iste
1588 5542 1644 5596 in
1693 5543 2062 5597 celeberrimo

489 5633 788 5688 urbisloco
840 5633 1119 5687 hominem
1147 5632 1456 5696 inveniens,
1489 5633 1695 5688 habere
1725 5649 1804 5698 sc,
1861 5635 2059 5704 inquit,

487 5723 636 5792 quod
667 5727 886 5778 nuntiet
936 5741 964 5776 a
1005 5724 1292 5794 Symeoue.
1338 5725 1585 5794 Cumque
1624 5727 1912 5796 juberetur
1970 5744 2062 5782 co-

491 5826 607 5870 ram
637 5814 994 5879 praesentibus
1029 5813 1278 5880 edicere;
1320 5831 1441 5886 quae
1491 5816 1756 5886 imperata
1798 5828 1954 5874 erant
2007 5821 2060 5874 in

2177 4622 2311 4690 ὕψος
2359 4615 2448 4691 ἦν,
2479 4620 2574 4672 καὶ
2605 4619 2685 4682 εἰς
2713 4615 2942 4686 οὐρανὸν
2983 4614 3046 4667 τὸ
3077 4615 3255 4683 στόμα
3281 4614 3564 4684 τιθέμενος
3605 4630 3620 4643 ’
3662 4617 3758 4684 οῦκ

2176 4715 2242 4769 ἶν’
2277 4715 2485 4767 ἐκεῖνον
2515 4710 2853 4782 ἀποσχέσθαι
2893 4709 3292 4779 παρασκευάσῃ
3323 4708 3460 4778 (ᾔδει
3484 4709 3597 4778 γὰρ
3625 4711 3760 4778 sps-

2173 4807 2416 4867 ταθὲτως
2445 4804 2660 4876 έχοντα,
2697 4803 3063 4873 ὲφεστηκυῐαν
3093 4802 3150 4854 δὲ
3176 4801 3280 4870 ἤδη
3311 4802 3404 4852 καὶ
3431 4801 3535 4870 τὴν
3594 4803 3756 4855 ἀπειο

2173 4901 2291 4971 λὴν,
2333 4897 2428 4952 καὶ
2494 4897 2614 4950 οὐδὲ
2671 4895 2840 4964 βραχὺ
2891 4893 3304 4962 ἀναδυομένην),
3333 4892 3446 4945 ἀλλ’
3508 4894 3596 4946 ἵνα
3649 4895 3758 4958 τοῖς

2173 4989 2374 5056 ὁμοίως
2406 4986 2622 5057 ἔχουσιν
2647 4983 2905 5058 ἀπιστίας
2937 4981 3223 5052 διόρθωσις
3257 4983 3504 5052 γένηται,
3534 4984 3640 5051 τὴν
3673 4985 3756 5035 ai-

2172 5082 2295 5136 τίαν
2323 5080 2424 5150 τῆς
2455 5078 2660 5134 ἀνωθεν
2685 5078 2804 5131 κατ’
2831 5075 2996 5129 αὑτοῦ
3023 5076 3238 5137 δικαίας
3259 5075 3429 5145 ὀργῆς
3459 5075 3554 5128 καὶ
3583 5092 3753 5142 τιμω-

2176 5175 2298 5248 ρίας
2336 5173 2438 5227 οὐκ
2470 5171 2826 5240 ἀγνοήσασιν.
2873 5169 2933 5221 ὐ
2971 5168 3069 5236 μὲν
3098 5167 3192 5221 οῦν
3225 5166 3476 5237 μαθητὴς
3526 5169 3586 5219 ὲν
3629 5169 3752 5218 ἐπι-

2174 5263 2335 5335 σήμῳ
2371 5263 2471 5332 τῆς
2501 5261 2706 5324 πόλεως
2741 5260 2906 5314 αὑτὸν
2935 5257 3208 5329 εὑρηκὼς,
3235 5260 3377 5327 ἔχειν
3403 5275 3458 5311 τι
3481 5257 3640 5328 παρά
3659 5256 3750 5310 τοῦ

2160 5355 2320 5425 ,θείου
2382 5351 2606 5422 Συμεὼν
2657 5350 2806 5420 αὑτῷ
2856 5350 3190 5417 ἀπαγγεῖλαι
3233 5344 3390 5403 εἶπεν
3415 5365 3428 5378 ·
3463 5348 3490 5401 δ
3521 5351 3616 5401 ἐπὶ
3645 5348 3751 5400 τῶν

2174 5447 2460 5517 παρόντων
2489 5443 2707 5497 ἐκέλευε
2731 5442 2931 5509 λέγειν.
2961 5441 3070 5494 Καὶ
3097 5442 3125 5494 ό
3155 5441 3256 5510 μὲν
3288 5441 3433 5511 ἅπερ
3468 5440 3750 5494 ἐντέταλτο

2173 5541 2410 5610 εἰρήκει,
2449 5541 2478 5592 ὁ
2527 5537 2586 5590 δὲ
2637 5537 2742 5589 ὑπὸ
2781 5535 3036 5603 δαίμονος
3100 5534 3303 5597 εὐθέως
3350 5533 3744 5604 καταρραγεὶς.

2172 5630 2360 5690 δεινῶς
2388 5647 2444 5683 τε
2468 5627 2896 5698 διασπαραχθεὶς
2927 5625 3018 5679 ὑπ’
3045 5625 3232 5689 αὐτοῦ,
3264 5626 3529 5696 αἰσχρῶς,
3568 5624 3738 5695 οἶμοιῐ

2175 5727 2266 5779 καὶ
2299 5723 2396 5791 τῆς
2449 5721 2816 5790 ἐκδεξαμένης
2850 5721 3013 5774 αὑτὸν
3038 5718 3311 5782 κολάσεως
3343 5719 3510 5784 ἀξίως
3540 5719 3595 5770 ὲν
3627 5716 3747 5789 δᾲ-ει

2175 5816 2391 5873 πάντων
2424 5814 2793 5884 καταστρέφει
2827 5814 2915 5868 τὸν
2947 5812 3080 5882 βίον.
