  <div class='ocr_page' id='page_1' title='image "/cluster/home/n/w/nwhite01/storage/ocr_20150623/86 pt.2/mdp.39015008855424/724.png"; bbox 0 0 3960 6284; ppageno 0'>
   <div class='ocr_carea' id='block_1_1' title="bbox 228 386 370 454">
    <p class='ocr_par' dir='ltr' id='par_1_1' title="bbox 228 386 370 454">
     <span class='ocr_line' id='line_1_1' title="bbox 228 386 370 454; baseline 0 -4"><span class='ocrx_word' id='word_1_1' title='bbox 228 386 370 454; x_wconf 75' lang='lat'><strong>3193</strong></span> 
     </span>
    </p>
   </div>
   <div class='ocr_carea' id='block_1_2' title="bbox 1253 375 2494 442">
    <p class='ocr_par' dir='ltr' id='par_1_2' title="bbox 1253 375 2494 442">
     <span class='ocr_line' id='line_1_2' title="bbox 1253 375 2494 442; baseline -0.003 -2"><span class='ocrx_word' id='word_1_2' title='bbox 1253 380 1416 442; x_wconf 82' lang='lat' dir='ltr'><strong>VITA</strong></span> <span class='ocrx_word' id='word_1_3' title='bbox 1447 378 1497 437; x_wconf 77' lang='grc' dir='ltr'>Α</span> <span class='ocrx_word' id='word_1_4' title='bbox 1535 376 1974 438; x_wconf 79' lang='lat' dir='ltr'><strong>NICEPHORO</strong></span> <span class='ocrx_word' id='word_1_5' title='bbox 2009 375 2494 437; x_wconf 80' lang='lat' dir='ltr'><strong>CONSCRIPTA.</strong></span> 
     </span>
    </p>
   </div>
   <div class='ocr_carea' id='block_1_3' title="bbox 3349 375 3490 443">
    <p class='ocr_par' dir='ltr' id='par_1_3' title="bbox 3349 375 3490 443">
     <span class='ocr_line' id='line_1_3' title="bbox 3349 375 3490 443; baseline 0.007 -4"><span class='ocrx_word' id='word_1_6' title='bbox 3349 375 3490 443; x_wconf 67' lang='grc'><strong>3194</strong></span> 
     </span>
    </p>
   </div>
   <div class='ocr_carea' id='block_1_4' title="bbox 230 487 3490 572">
    <p class='ocr_par' dir='ltr' id='par_1_4' title="bbox 230 487 3490 572">
     <span class='ocr_line' id='line_1_4' title="bbox 230 487 3490 572; baseline -0.004 -14"><span class='ocrx_word' id='word_1_7' title='bbox 230 502 476 558; x_wconf 63' lang='grc' dir='ltr'>ιιιωίιιω</span> <span class='ocrx_word' id='word_1_8' title='bbox 510 500 757 572; x_wconf 97' lang='lat' dir='ltr'><strong>protulit.</strong></span> <span class='ocrx_word' id='word_1_9' title='bbox 799 499 939 553; x_wconf 89' lang='lat' dir='ltr'><strong>Ecce</strong></span> <span class='ocrx_word' id='word_1_10' title='bbox 973 502 1155 550; x_wconf 89' lang='lat' dir='ltr'><strong>autem</strong></span> <span class='ocrx_word' id='word_1_11' title='bbox 1187 494 1356 546; x_wconf 83' lang='lat' dir='ltr'><strong>miser</strong></span> <span class='ocrx_word' id='word_1_12' title='bbox 1385 491 1478 545; x_wconf 89' lang='lat' dir='ltr'><strong>ille</strong></span> <span class='ocrx_word' id='word_1_13' title='bbox 1533 490 1799 545; x_wconf 89' lang='lat' dir='ltr'><strong>continuo</strong></span> <span class='ocrx_word' id='word_1_14' title='bbox 1836 497 1998 544; x_wconf 60' lang='lat' dir='ltr'><strong>terra</strong></span> <span class='ocrx_word' id='word_1_15' title='bbox 2061 489 2251 544; x_wconf 88' lang='lat' dir='ltr'><strong>aliisus</strong></span> <span class='ocrx_word' id='word_1_16' title='bbox 2311 487 2720 555; x_wconf 72' lang='lat' dir='ltr'><strong>crudeliterque</strong></span> <span class='ocrx_word' id='word_1_17' title='bbox 2765 487 3074 556; x_wconf 85' lang='lat' dir='ltr'><strong>discerptus</strong></span> <span class='ocrx_word' id='word_1_18' title='bbox 3125 504 3154 542; x_wconf 90' lang='lat' dir='ltr'><strong>a</strong></span> <span class='ocrx_word' id='word_1_19' title='bbox 3214 489 3490 550; x_wconf 77' lang='lat' dir='ltr'><strong>daemone,</strong></span> 
     </span>
    </p>
   </div>
   <div class='ocr_carea' id='block_1_5' title="bbox 231 579 2952 666">
    <p class='ocr_par' dir='ltr' id='par_1_5' title="bbox 231 579 2952 666">
     <span class='ocr_line' id='line_1_5' title="bbox 231 579 2952 666; baseline -0.007 -16"><span class='ocrx_word' id='word_1_20' title='bbox 231 602 289 650; x_wconf 85' lang='lat' dir='ltr'><strong>et</strong></span> <span class='ocrx_word' id='word_1_21' title='bbox 322 594 539 666; x_wconf 87' lang='lat' dir='ltr'><strong>dignam</strong></span> <span class='ocrx_word' id='word_1_22' title='bbox 599 591 904 649; x_wconf 86' lang='lat' dir='ltr'><strong>sceleribus</strong></span> <span class='ocrx_word' id='word_1_23' title='bbox 957 588 1226 644; x_wconf 88' lang='lat' dir='ltr'><strong>ultionem</strong></span> <span class='ocrx_word' id='word_1_24' title='bbox 1275 583 1578 653; x_wconf 84' lang='lat' dir='ltr'><strong>excipiens,</strong></span> <span class='ocrx_word' id='word_1_25' title='bbox 1631 582 1802 635; x_wconf 91' lang='lat' dir='ltr'><strong>vitam</strong></span> <span class='ocrx_word' id='word_1_26' title='bbox 1843 595 1969 634; x_wconf 91' lang='lat' dir='ltr'><strong>cum</strong></span> <span class='ocrx_word' id='word_1_27' title='bbox 2003 589 2181 635; x_wconf 89' lang='lat' dir='ltr'><strong>morte</strong></span> <span class='ocrx_word' id='word_1_28' title='bbox 2217 581 2534 650; x_wconf 90' lang='lat' dir='ltr'><strong>turpissima</strong></span> <span class='ocrx_word' id='word_1_29' title='bbox 2575 579 2952 632; x_wconf 83' lang='lat' dir='ltr'><strong>commutavit.</strong></span> 
     </span>
    </p>
   </div>
   <div class='ocr_carea' id='block_1_6' title="bbox 1625 721 2129 778">
    <p class='ocr_par' dir='ltr' id='par_1_6' title="bbox 1625 721 2129 778">
     <span class='ocr_line' id='line_1_6' title="bbox 1625 721 2129 778; baseline -0.004 -1"><span class='ocrx_word' id='word_1_30' title='bbox 1625 721 1852 778; x_wconf 84' lang='lat' dir='ltr'><strong>CAPUT</strong></span> <span class='ocrx_word' id='word_1_31' title='bbox 1891 721 2129 776; x_wconf 77' lang='lat' dir='ltr'><strong>XXVIII.</strong></span> 
     </span>
    </p>
   </div>
   <div class='ocr_carea' id='block_1_7' title="bbox 1215 833 2474 909">
    <p class='ocr_par' dir='ltr' id='par_1_7' title="bbox 1215 833 2474 909">
     <span class='ocr_line' id='line_1_7' title="bbox 1215 833 2474 909; baseline -0.006 -16"><span class='ocrx_word' id='word_1_32' title='bbox 1215 839 1442 909; x_wconf 74' lang='lat' dir='ltr'><strong>Integris</strong></span> <span class='ocrx_word' id='word_1_33' title='bbox 1492 838 1710 908; x_wconf 75' lang='lat' dir='ltr'><strong>familiis</strong></span> <span class='ocrx_word' id='word_1_34' title='bbox 1745 836 1914 892; x_wconf 81' lang='lat' dir='ltr'><strong>multa</strong></span> <span class='ocrx_word' id='word_1_35' title='bbox 1971 833 2218 902; x_wconf 80' lang='lat' dir='ltr'><strong>beneﬁcia</strong></span> <span class='ocrx_word' id='word_1_36' title='bbox 2253 834 2474 903; x_wconf 80' lang='lat' dir='ltr'><strong>confert.</strong></span> 
     </span>
    </p>
   </div>
   <div class='ocr_carea' id='block_1_8' title="bbox 297 939 1797 1018">
    <p class='ocr_par' dir='ltr' id='par_1_8' title="bbox 297 939 1797 1012">
     <span class='ocr_line' id='line_1_8' title="bbox 297 939 1797 1012; baseline -0.001 -18"><span class='ocrx_word' id='word_1_37' title='bbox 297 940 428 994; x_wconf 85' lang='grc' dir='ltr'>σκε’.</span> <span class='ocrx_word' id='word_1_38' title='bbox 454 943 705 1012; x_wconf 87' lang='grc' dir='ltr'>Ἰσαυρος</span> <span class='ocrx_word' id='word_1_39' title='bbox 731 942 785 994; x_wconf 88' lang='grc' dir='ltr'><strong>δέ</strong></span> <span class='ocrx_word' id='word_1_40' title='bbox 810 959 914 1006; x_wconf 87' lang='grc' dir='ltr'>τις,</span> <span class='ocrx_word' id='word_1_41' title='bbox 938 941 1108 1012; x_wconf 74' lang='grc' dir='ltr'>ὄνομα</span> <span class='ocrx_word' id='word_1_42' title='bbox 1130 942 1338 1005; x_wconf 84' lang='grc' dir='ltr'><strong>Κόνων,</strong></span> <span class='ocrx_word' id='word_1_43' title='bbox 1369 942 1430 994; x_wconf 84' lang='grc' dir='ltr'>οὐ</span> <span class='ocrx_word' id='word_1_44' title='bbox 1453 940 1676 1011; x_wconf 80' lang='grc' dir='ltr'><strong>χαλεπῷ</strong></span> <span class='ocrx_word' id='word_1_45' title='bbox 1695 939 1797 993; x_wconf 80' lang='grc' dir='ltr'>δαί·</span> 
     </span>
    </p>
   </div>
   <div class='ocr_carea' id='block_1_9' title="bbox 1899 939 3486 1018">
    <p class='ocr_par' dir='ltr' id='par_1_9' title="bbox 1980 947 3486 1018">
     <span class='ocr_line' id='line_1_9' title="bbox 1980 947 3486 1018; baseline 0.004 -14"><span class='ocrx_word' id='word_1_46' title='bbox 1980 950 2109 1005; x_wconf 69' lang='lat'><strong>225.</strong></span> <span class='ocrx_word' id='word_1_47' title='bbox 2144 948 2368 1003; x_wconf 88' lang='lat' dir='ltr'><strong>Isaurus</strong></span> <span class='ocrx_word' id='word_1_48' title='bbox 2393 947 2614 1016; x_wconf 86' lang='lat' dir='ltr'><strong>aliquis,</strong></span> <span class='ocrx_word' id='word_1_49' title='bbox 2658 957 3009 1018; x_wconf 87' lang='lat' dir='ltr'><strong>nuncupatus</strong></span> <span class='ocrx_word' id='word_1_50' title='bbox 3034 948 3247 1017; x_wconf 90' lang='lat' dir='ltr'><strong>Conon,</strong></span> <span class='ocrx_word' id='word_1_51' title='bbox 3273 955 3486 1010; x_wconf 84' lang='lat' dir='ltr'><strong>crucia-</strong></span> 
     </span>
    </p>
   </div>
   <div class='ocr_carea' id='block_1_10' title="bbox 224 1033 1808 1106">
    <p class='ocr_par' dir='ltr' id='par_1_10' title="bbox 224 1033 1808 1106">
     <span class='ocr_line' id='line_1_10' title="bbox 224 1033 1808 1106; baseline 0.001 -21"><span class='ocrx_word' id='word_1_52' title='bbox 224 1049 349 1104; x_wconf 86' lang='grc' dir='ltr'>μονι</span> <span class='ocrx_word' id='word_1_53' title='bbox 385 1034 666 1104; x_wconf 84' lang='grc' dir='ltr'>πέπληκτο</span> <span class='ocrx_word' id='word_1_54' title='bbox 704 1034 886 1104; x_wconf 88' lang='grc' dir='ltr'>μόνον,</span> <span class='ocrx_word' id='word_1_55' title='bbox 914 1035 1049 1089; x_wconf 83' lang='grc' dir='ltr'><strong>ἀλλά</strong></span> <span class='ocrx_word' id='word_1_56' title='bbox 1073 1036 1162 1088; x_wconf 81' lang='grc' dir='ltr'>καὶ</span> <span class='ocrx_word' id='word_1_57' title='bbox 1185 1035 1274 1088; x_wconf 84' lang='grc' dir='ltr'><strong>τὸν</strong></span> <span class='ocrx_word' id='word_1_58' title='bbox 1295 1034 1639 1106; x_wconf 82' lang='grc' dir='ltr'><strong>ἀστράγαλον</strong></span> <span class='ocrx_word' id='word_1_59' title='bbox 1659 1033 1808 1087; x_wconf 74' lang='grc' dir='ltr'>ἕλκει</span> 
     </span>
    </p>
   </div>
   <div class='ocr_carea' id='block_1_11' title="bbox 222 1124 1810 1199">
    <p class='ocr_par' dir='ltr' id='par_1_11' title="bbox 222 1124 1810 1199">
     <span class='ocr_line' id='line_1_11' title="bbox 222 1124 1810 1199; baseline -0.002 -20"><span class='ocrx_word' id='word_1_60' title='bbox 222 1124 447 1199; x_wconf 79' lang='grc' dir='ltr'>πονηρῷ</span> <span class='ocrx_word' id='word_1_61' title='bbox 471 1168 484 1190; x_wconf 93' lang='grc'><strong>,</strong></span> <span class='ocrx_word' id='word_1_62' title='bbox 507 1127 583 1189; x_wconf 89' lang='grc' dir='ltr'><strong>ώς</strong></span> <span class='ocrx_word' id='word_1_63' title='bbox 613 1125 692 1196; x_wconf 84' lang='grc' dir='ltr'>τῷ</span> <span class='ocrx_word' id='word_1_64' title='bbox 721 1127 820 1196; x_wconf 85' lang='grc' dir='ltr'>μὲν</span> <span class='ocrx_word' id='word_1_65' title='bbox 848 1127 1256 1196; x_wconf 83' lang='grc' dir='ltr'>διαμασσᾶσθαι</span> <span class='ocrx_word' id='word_1_66' title='bbox 1286 1126 1385 1197; x_wconf 77' lang='grc' dir='ltr'>τὴν</span> <span class='ocrx_word' id='word_1_67' title='bbox 1409 1125 1678 1195; x_wconf 87' lang='grc' dir='ltr'>γλῶτταν,</span> <span class='ocrx_word' id='word_1_68' title='bbox 1710 1126 1810 1177; x_wconf 84' lang='grc' dir='ltr'>ὅσα</span> 
     </span>
    </p>
   </div>
   <div class='ocr_carea' id='block_1_12' title="bbox 221 1214 1812 1295">
    <p class='ocr_par' dir='ltr' id='par_1_12' title="bbox 221 1214 1812 1295">
     <span class='ocr_line' id='line_1_12' title="bbox 221 1214 1812 1295; baseline -0.002 -25"><span class='ocrx_word' id='word_1_69' title='bbox 221 1217 317 1270; x_wconf 79' lang='grc' dir='ltr'>καὶ</span> <span class='ocrx_word' id='word_1_70' title='bbox 341 1217 504 1286; x_wconf 84' lang='grc' dir='ltr'>άρτον</span> <span class='ocrx_word' id='word_1_71' title='bbox 527 1218 698 1287; x_wconf 80' lang='grc' dir='ltr'>αὐτὴν</span> <span class='ocrx_word' id='word_1_72' title='bbox 719 1215 989 1282; x_wconf 88' lang='grc' dir='ltr'>ἐσθίοντα,</span> <span class='ocrx_word' id='word_1_73' title='bbox 1013 1218 1090 1286; x_wconf 84' lang='grc' dir='ltr'>τῷ</span> <span class='ocrx_word' id='word_1_74' title='bbox 1111 1218 1167 1271; x_wconf 85' lang='grc' dir='ltr'>δὲ</span> <span class='ocrx_word' id='word_1_75' title='bbox 1191 1217 1486 1286; x_wconf 80' lang='grc' dir='ltr'>σεσηπέναι</span> <span class='ocrx_word' id='word_1_76' title='bbox 1507 1217 1568 1268; x_wconf 87' lang='grc' dir='ltr'>τὸ</span> <span class='ocrx_word' id='word_1_77' title='bbox 1595 1214 1812 1295; x_wconf 71' lang='grc' dir='ltr'><strong>σκέλος⁹</strong></span> 
     </span>
    </p>
   </div>
   <div class='ocr_carea' id='block_1_13' title="bbox 219 1304 1811 1378">
    <p class='ocr_par' dir='ltr' id='par_1_13' title="bbox 219 1304 1811 1378">
     <span class='ocr_line' id='line_1_13' title="bbox 219 1304 1811 1378; baseline -0.001 -18"><span class='ocrx_word' id='word_1_78' title='bbox 219 1307 444 1378; x_wconf 81' lang='grc' dir='ltr'><strong>σαρκῶν</strong></span> <span class='ocrx_word' id='word_1_79' title='bbox 458 1324 516 1360; x_wconf 85' lang='grc' dir='ltr'><strong>τε</strong></span> <span class='ocrx_word' id='word_1_80' title='bbox 537 1307 606 1362; x_wconf 80' lang='grc' dir='ltr'><strong>τὰ</strong></span> <span class='ocrx_word' id='word_1_81' title='bbox 627 1309 763 1361; x_wconf 76' lang='grc' dir='ltr'>ὀστᾶ</span> <span class='ocrx_word' id='word_1_82' title='bbox 777 1306 1188 1378; x_wconf 81' lang='grc' dir='ltr'><strong>γεγυμνῶσθαι,</strong></span> <span class='ocrx_word' id='word_1_83' title='bbox 1204 1306 1294 1359; x_wconf 88' lang='grc' dir='ltr'><strong>καί</strong></span> <span class='ocrx_word' id='word_1_84' title='bbox 1311 1324 1364 1359; x_wconf 89' lang='grc' dir='ltr'><strong>τι</strong></span> <span class='ocrx_word' id='word_1_85' title='bbox 1381 1305 1616 1368; x_wconf 82' lang='grc' dir='ltr'>δυσῶδες</span> <span class='ocrx_word' id='word_1_86' title='bbox 1631 1304 1811 1358; x_wconf 85' lang='grc' dir='ltr'>αὐτῶν</span> 
     </span>
    </p>
   </div>
   <div class='ocr_carea' id='block_1_14' title="bbox 216 1391 1810 1470">
    <p class='ocr_par' dir='ltr' id='par_1_14' title="bbox 216 1391 1810 1470">
     <span class='ocr_line' id='line_1_14' title="bbox 216 1391 1810 1470; baseline -0.005 -15"><span class='ocrx_word' id='word_1_87' title='bbox 216 1402 488 1455; x_wconf 80' lang='grc' dir='ltr'>ἀποπνεῖν</span> <span class='ocrx_word' id='word_1_88' title='bbox 516 1399 592 1463; x_wconf 82' lang='grc' dir='ltr'><strong>ὡς</strong></span> <span class='ocrx_word' id='word_1_89' title='bbox 625 1400 758 1470; x_wconf 80' lang='grc' dir='ltr'>μηδὲ</span> <span class='ocrx_word' id='word_1_90' title='bbox 785 1399 1021 1470; x_wconf 84' lang='grc' dir='ltr'>φορητὸν</span> <span class='ocrx_word' id='word_1_91' title='bbox 1045 1395 1187 1452; x_wconf 78' lang='grc' dir='ltr'>εἶναι</span> <span class='ocrx_word' id='word_1_92' title='bbox 1216 1399 1503 1468; x_wconf 73' lang='grc' dir='ltr'>ὀσφρήσει,</span> <span class='ocrx_word' id='word_1_93' title='bbox 1532 1391 1698 1460; x_wconf 71' lang='grc' dir='ltr'>Οὗτος</span> <span class='ocrx_word' id='word_1_94' title='bbox 1725 1397 1810 1448; x_wconf 88' lang='grc' dir='ltr'>ία-</span> 
     </span>
    </p>
   </div>
   <div class='ocr_carea' id='block_1_15' title="bbox 217 1491 1812 1566">
    <p class='ocr_par' dir='ltr' id='par_1_15' title="bbox 217 1491 1812 1566">
     <span class='ocr_line' id='line_1_15' title="bbox 217 1491 1812 1566; baseline -0.001 -21"><span class='ocrx_word' id='word_1_95' title='bbox 217 1496 371 1562; x_wconf 80' lang='grc' dir='ltr'><strong>τροίς</strong></span> <span class='ocrx_word' id='word_1_96' title='bbox 387 1495 456 1548; x_wconf 84' lang='grc' dir='ltr'><strong>τὰ</strong></span> <span class='ocrx_word' id='word_1_97' title='bbox 469 1493 598 1548; x_wconf 75' lang='grc' dir='ltr'>ὄντα</span> <span class='ocrx_word' id='word_1_98' title='bbox 615 1493 1063 1566; x_wconf 79' lang='grc' dir='ltr'>προσαναλώσας,</span> <span class='ocrx_word' id='word_1_99' title='bbox 1078 1496 1152 1558; x_wconf 85' lang='grc' dir='ltr'>ὡς</span> <span class='ocrx_word' id='word_1_100' title='bbox 1168 1494 1275 1548; x_wconf 75' lang='grc' dir='ltr'>οὐδ’</span> <span class='ocrx_word' id='word_1_101' title='bbox 1291 1492 1468 1547; x_wconf 81' lang='grc' dir='ltr'>ὁτιοῦν</span> <span class='ocrx_word' id='word_1_102' title='bbox 1482 1493 1666 1554; x_wconf 83' lang='grc' dir='ltr'>αὐτοῖς</span> <span class='ocrx_word' id='word_1_103' title='bbox 1683 1491 1812 1546; x_wconf 82' lang='grc' dir='ltr'>ἄλλο</span> 
     </span>
    </p>
   </div>
   <div class='ocr_carea' id='block_1_16' title="bbox 217 1584 1810 1659">
    <p class='ocr_par' dir='ltr' id='par_1_16' title="bbox 217 1584 1810 1659">
     <span class='ocr_line' id='line_1_16' title="bbox 217 1584 1810 1659; baseline -0.001 -19"><span class='ocrx_word' id='word_1_104' title='bbox 217 1589 362 1658; x_wconf 80' lang='grc' dir='ltr'>πρὸς</span> <span class='ocrx_word' id='word_1_105' title='bbox 391 1587 686 1656; x_wconf 75' lang='grc' dir='ltr'>θεραπείαν</span> <span class='ocrx_word' id='word_1_106' title='bbox 717 1589 748 1659; x_wconf 78' lang='grc' dir='ltr'>ἡ</span> <span class='ocrx_word' id='word_1_107' title='bbox 776 1588 939 1658; x_wconf 82' lang='grc' dir='ltr'>τέχνη</span> <span class='ocrx_word' id='word_1_108' title='bbox 969 1591 1249 1658; x_wconf 81' lang='grc' dir='ltr'>παρεῖχεν,</span> <span class='ocrx_word' id='word_1_109' title='bbox 1274 1587 1358 1640; x_wconf 85' lang='grc' dir='ltr'>ὅτι</span> <span class='ocrx_word' id='word_1_110' title='bbox 1391 1587 1468 1657; x_wconf 83' lang='grc' dir='ltr'>μὴ</span> <span class='ocrx_word' id='word_1_111' title='bbox 1511 1584 1810 1656; x_wconf 85' lang='grc' dir='ltr'>πρισθὲντα</span> 
     </span>
    </p>
   </div>
   <div class='ocr_carea' id='block_1_17' title="bbox 213 1679 1808 1750">
    <p class='ocr_par' dir='ltr' id='par_1_17' title="bbox 213 1679 1808 1750">
     <span class='ocr_line' id='line_1_17' title="bbox 213 1679 1808 1750; baseline -0.002 -17"><span class='ocrx_word' id='word_1_112' title='bbox 213 1681 316 1733; x_wconf 76' lang='grc' dir='ltr'>τὸν</span> <span class='ocrx_word' id='word_1_113' title='bbox 357 1681 491 1734; x_wconf 81' lang='grc' dir='ltr'>πόδα</span> <span class='ocrx_word' id='word_1_114' title='bbox 529 1682 786 1750; x_wconf 83' lang='grc' dir='ltr'>κοπῆναι,</span> <span class='ocrx_word' id='word_1_115' title='bbox 812 1681 962 1750; x_wconf 89' lang='grc' dir='ltr'><strong>παρά</strong></span> <span class='ocrx_word' id='word_1_116' title='bbox 985 1681 1076 1733; x_wconf 84' lang='grc' dir='ltr'>τὸν</span> <span class='ocrx_word' id='word_1_117' title='bbox 1111 1681 1254 1733; x_wconf 87' lang='grc' dir='ltr'>θεῖον</span> <span class='ocrx_word' id='word_1_118' title='bbox 1293 1679 1685 1749; x_wconf 73' lang='grc' dir='ltr'>ἀνακομίζεται</span> <span class='ocrx_word' id='word_1_119' title='bbox 1703 1679 1808 1730; x_wconf 89' lang='grc' dir='ltr'><strong>Συ-</strong></span> 
     </span>
    </p>
   </div>
   <div class='ocr_carea' id='block_1_18' title="bbox 220 1770 1804 1843">
    <p class='ocr_par' dir='ltr' id='par_1_18' title="bbox 220 1770 1804 1843">
     <span class='ocr_line' id='line_1_18' title="bbox 220 1770 1804 1843; baseline 0.001 -19"><span class='ocrx_word' id='word_1_120' title='bbox 220 1772 466 1843; x_wconf 83' lang='grc' dir='ltr'>μεὼν,ὃν</span> <span class='ocrx_word' id='word_1_121' title='bbox 482 1772 543 1842; x_wconf 87' lang='grc' dir='ltr'>δή</span> <span class='ocrx_word' id='word_1_122' title='bbox 569 1789 672 1825; x_wconf 91' lang='grc' dir='ltr'><strong>που</strong></span> <span class='ocrx_word' id='word_1_123' title='bbox 699 1772 792 1825; x_wconf 75' lang='grc' dir='ltr'>καὶ</span> <span class='ocrx_word' id='word_1_124' title='bbox 817 1773 975 1841; x_wconf 90' lang='grc' dir='ltr'>μόνον</span> <span class='ocrx_word' id='word_1_125' title='bbox 994 1772 1228 1826; x_wconf 75' lang='grc' dir='ltr'>ἀνιάτων</span> <span class='ocrx_word' id='word_1_126' title='bbox 1247 1771 1363 1843; x_wconf 73' lang='grc' dir='ltr'>ᾔδει</span> <span class='ocrx_word' id='word_1_127' title='bbox 1385 1770 1575 1824; x_wconf 85' lang='grc' dir='ltr'>παθῶν</span> <span class='ocrx_word' id='word_1_128' title='bbox 1601 1771 1804 1841; x_wconf 77' lang='grc' dir='ltr'>ἰατρόν.</span> 
     </span>
    </p>
   </div>
   <div class='ocr_carea' id='block_1_19' title="bbox 217 1859 1843 1932">
    <p class='ocr_par' dir='ltr' id='par_1_19' title="bbox 217 1859 1843 1932">
     <span class='ocr_line' id='line_1_19' title="bbox 217 1859 1843 1932; baseline 0.001 -19"><span class='ocrx_word' id='word_1_129' title='bbox 217 1861 426 1916; x_wconf 77' lang='grc' dir='ltr'>Τοῦτον</span> <span class='ocrx_word' id='word_1_130' title='bbox 447 1862 592 1925; x_wconf 83' lang='grc' dir='ltr'>ὅπως</span> <span class='ocrx_word' id='word_1_131' title='bbox 619 1863 866 1924; x_wconf 77' lang='grc' dir='ltr'>ἐλεεινῶς</span> <span class='ocrx_word' id='word_1_132' title='bbox 889 1859 1035 1932; x_wconf 72' lang='grc' dir='ltr'>εἶχεν</span> <span class='ocrx_word' id='word_1_133' title='bbox 1056 1865 1264 1925; x_wconf 86' lang='grc' dir='ltr'>ἐκεῖνος</span> <span class='ocrx_word' id='word_1_134' title='bbox 1289 1860 1432 1927; x_wconf 84' lang='grc' dir='ltr'>ἰδὼν,</span> <span class='ocrx_word' id='word_1_135' title='bbox 1447 1861 1638 1929; x_wconf 80' lang='grc' dir='ltr'>πράως</span> <span class='ocrx_word' id='word_1_136' title='bbox 1662 1878 1719 1914; x_wconf 89' lang='grc' dir='ltr'><strong>τε</strong></span> <span class='ocrx_word' id='word_1_137' title='bbox 1741 1863 1806 1932; x_wconf 82' lang='grc' dir='ltr'>τῇ</span> <span class='ocrx_word' id='word_1_138' title='bbox 1838 1895 1843 1902; x_wconf 70' lang='grc' dir='ltr'><strong>ο</strong></span> 
     </span>
    </p>
   </div>
   <div class='ocr_carea' id='block_1_20' title="bbox 218 1950 1807 2026">
    <p class='ocr_par' dir='ltr' id='par_1_20' title="bbox 218 1950 1807 2026">
     <span class='ocr_line' id='line_1_20' title="bbox 218 1950 1807 2026; baseline -0.003 -18"><span class='ocrx_word' id='word_1_139' title='bbox 218 1955 381 2026; x_wconf 80' lang='grc' dir='ltr'>βαῒνῃ</span> <span class='ocrx_word' id='word_1_140' title='bbox 409 1955 588 2025; x_wconf 79' lang='grc' dir='ltr'><strong>ῥάὸδῳ</strong></span> <span class='ocrx_word' id='word_1_141' title='bbox 611 1955 840 2025; x_wconf 77' lang='grc' dir='ltr'>πλήξας,</span> <span class='ocrx_word' id='word_1_142' title='bbox 858 1957 949 2008; x_wconf 73' lang='grc' dir='ltr'>ἐπὶ</span> <span class='ocrx_word' id='word_1_143' title='bbox 972 1955 1078 2007; x_wconf 87' lang='grc' dir='ltr'><strong>τῶν</strong></span> <span class='ocrx_word' id='word_1_144' title='bbox 1101 1955 1317 2006; x_wconf 75' lang='grc' dir='ltr'>οἰκείων</span> <span class='ocrx_word' id='word_1_145' title='bbox 1341 1952 1517 2005; x_wconf 84' lang='grc' dir='ltr'>ποδῶν</span> <span class='ocrx_word' id='word_1_146' title='bbox 1538 1950 1807 2021; x_wconf 82' lang='grc' dir='ltr'>ἐπέτρεψε</span> 
     </span>
    </p>
   </div>
   <div class='ocr_carea' id='block_1_21' title="bbox 217 2043 1809 2118">
    <p class='ocr_par' dir='ltr' id='par_1_21' title="bbox 217 2043 1809 2118">
     <span class='ocr_line' id='line_1_21' title="bbox 217 2043 1809 2118; baseline -0.004 -18"><span class='ocrx_word' id='word_1_147' title='bbox 217 2049 415 2118; x_wconf 81' lang='grc' dir='ltr'>στῆναι</span> <span class='ocrx_word' id='word_1_148' title='bbox 430 2063 445 2078; x_wconf 75' lang='grc' dir='ltr'><strong><em>ο</em></strong></span> <span class='ocrx_word' id='word_1_149' title='bbox 469 2047 562 2099; x_wconf 82' lang='grc' dir='ltr'>καὶ</span> <span class='ocrx_word' id='word_1_150' title='bbox 588 2049 929 2116; x_wconf 85' lang='grc' dir='ltr'>παραχρῆμα</span> <span class='ocrx_word' id='word_1_151' title='bbox 951 2046 986 2115; x_wconf 83' lang='grc' dir='ltr'>ἥ</span> <span class='ocrx_word' id='word_1_152' title='bbox 1009 2063 1067 2098; x_wconf 87' lang='grc' dir='ltr'><strong>τε</strong></span> <span class='ocrx_word' id='word_1_153' title='bbox 1093 2043 1324 2098; x_wconf 89' lang='grc' dir='ltr'>δυσωδία</span> <span class='ocrx_word' id='word_1_154' title='bbox 1346 2043 1589 2108; x_wconf 77' lang='grc' dir='ltr'>έσϐεστο,</span> <span class='ocrx_word' id='word_1_155' title='bbox 1606 2043 1700 2094; x_wconf 82' lang='grc' dir='ltr'>καὶ</span> <span class='ocrx_word' id='word_1_156' title='bbox 1718 2059 1809 2106; x_wconf 79' lang='grc' dir='ltr'>πο,</span> 
     </span>
    </p>
   </div>
   <div class='ocr_carea' id='block_1_22' title="bbox 216 2133 1806 2210">
    <p class='ocr_par' dir='ltr' id='par_1_22' title="bbox 216 2133 1806 2210">
     <span class='ocr_line' id='line_1_22' title="bbox 216 2133 1806 2210; baseline -0.005 -15"><span class='ocrx_word' id='word_1_157' title='bbox 216 2144 304 2197; x_wconf 77' lang='grc' dir='ltr'><strong>σίν</strong></span> <span class='ocrx_word' id='word_1_158' title='bbox 325 2144 353 2196; x_wconf 84' lang='grc' dir='ltr'><strong>ὁ</strong></span> <span class='ocrx_word' id='word_1_159' title='bbox 377 2143 600 2210; x_wconf 81' lang='grc' dir='ltr'><strong>κάμνων</strong></span> <span class='ocrx_word' id='word_1_160' title='bbox 617 2141 816 2210; x_wconf 84' lang='grc' dir='ltr'>ἐχρῆτο</span> <span class='ocrx_word' id='word_1_161' title='bbox 839 2143 934 2193; x_wconf 74' lang='grc' dir='ltr'>καὶ</span> <span class='ocrx_word' id='word_1_162' title='bbox 957 2139 1192 2208; x_wconf 68' lang='grc' dir='ltr'>ἀσφαλεῖ</span> <span class='ocrx_word' id='word_1_163' title='bbox 1213 2138 1525 2208; x_wconf 82' lang='grc' dir='ltr'>βαδίσματι.</span> <span class='ocrx_word' id='word_1_164' title='bbox 1553 2133 1684 2189; x_wconf 79' lang='grc' dir='ltr'>Εἶτα</span> <span class='ocrx_word' id='word_1_165' title='bbox 1716 2137 1806 2204; x_wconf 80' lang='grc' dir='ltr'>ἐγ-</span> 
     </span>
    </p>
   </div>
   <div class='ocr_carea' id='block_1_23' title="bbox 213 2228 1802 2302">
    <p class='ocr_par' dir='ltr' id='par_1_23' title="bbox 213 2228 1802 2302">
     <span class='ocr_line' id='line_1_23' title="bbox 213 2228 1802 2302; baseline -0.001 -18"><span class='ocrx_word' id='word_1_166' title='bbox 213 2234 475 2301; x_wconf 77' lang='grc' dir='ltr'>γίσαντος</span> <span class='ocrx_word' id='word_1_167' title='bbox 494 2231 642 2302; x_wconf 80' lang='grc' dir='ltr'>αὐτῷ</span> <span class='ocrx_word' id='word_1_168' title='bbox 658 2231 757 2302; x_wconf 83' lang='grc' dir='ltr'>τῆς</span> <span class='ocrx_word' id='word_1_169' title='bbox 775 2231 1018 2300; x_wconf 72' lang='grc' dir='ltr'>κεφαλῆς</span> <span class='ocrx_word' id='word_1_170' title='bbox 1039 2230 1340 2300; x_wconf 80' lang='grc' dir='ltr'>ἁψάμενος,</span> <span class='ocrx_word' id='word_1_171' title='bbox 1355 2229 1450 2282; x_wconf 75' lang='grc' dir='ltr'>καὶ</span> <span class='ocrx_word' id='word_1_172' title='bbox 1472 2228 1802 2296; x_wconf 67' lang='grc' dir='ltr'>σφραγίσας,</span> 
     </span>
    </p>
   </div>
   <div class='ocr_carea' id='block_1_24' title="bbox 1910 1037 3483 1107">
    <p class='ocr_par' dir='ltr' id='par_1_24' title="bbox 1910 1037 3483 1107">
     <span class='ocr_line' id='line_1_24' title="bbox 1910 1037 3483 1107; baseline 0.004 -12"><span class='ocrx_word' id='word_1_173' title='bbox 1910 1039 2072 1095; x_wconf 85' lang='lat' dir='ltr'><strong>batur</strong></span> <span class='ocrx_word' id='word_1_174' title='bbox 2096 1055 2204 1093; x_wconf 93' lang='lat' dir='ltr'><strong>non</strong></span> <span class='ocrx_word' id='word_1_175' title='bbox 2239 1040 2416 1093; x_wconf 89' lang='lat' dir='ltr'><strong>solum</strong></span> <span class='ocrx_word' id='word_1_176' title='bbox 2445 1040 2513 1092; x_wconf 89' lang='lat' dir='ltr'><strong>ab</strong></span> <span class='ocrx_word' id='word_1_177' title='bbox 2544 1037 2751 1094; x_wconf 82' lang='lat' dir='ltr'><strong>infesto</strong></span> <span class='ocrx_word' id='word_1_178' title='bbox 2785 1040 3052 1107; x_wconf 65' lang='lat' dir='ltr'><strong>daemone,</strong></span> <span class='ocrx_word' id='word_1_179' title='bbox 3082 1059 3275 1099; x_wconf 90' lang='lat' dir='ltr'><strong>verum</strong></span> <span class='ocrx_word' id='word_1_180' title='bbox 3319 1045 3483 1101; x_wconf 87' lang='lat' dir='ltr'><strong>etiam</strong></span> 
     </span>
    </p>
   </div>
   <div class='ocr_carea' id='block_1_25' title="bbox 1909 1131 3485 1202">
    <p class='ocr_par' dir='ltr' id='par_1_25' title="bbox 1909 1131 3485 1202">
     <span class='ocr_line' id='line_1_25' title="bbox 1909 1131 3485 1202; baseline 0.003 -14"><span class='ocrx_word' id='word_1_181' title='bbox 1909 1149 1938 1188; x_wconf 90' lang='lat' dir='ltr'><strong>a</strong></span> <span class='ocrx_word' id='word_1_182' title='bbox 1963 1131 2166 1187; x_wconf 75' lang='lat' dir='ltr'><strong>difﬁcili</strong></span> <span class='ocrx_word' id='word_1_183' title='bbox 2198 1133 2253 1186; x_wconf 92' lang='lat' dir='ltr'><strong>in</strong></span> <span class='ocrx_word' id='word_1_184' title='bbox 2289 1133 2398 1186; x_wconf 87' lang='lat' dir='ltr'><strong>talo</strong></span> <span class='ocrx_word' id='word_1_185' title='bbox 2421 1133 2639 1196; x_wconf 83' lang='lat' dir='ltr'><strong>ulcere;</strong></span> <span class='ocrx_word' id='word_1_186' title='bbox 2683 1147 2858 1202; x_wconf 89' lang='lat' dir='ltr'><strong>usque</strong></span> <span class='ocrx_word' id='word_1_187' title='bbox 2890 1133 3030 1188; x_wconf 90' lang='lat' dir='ltr'><strong>adeo</strong></span> <span class='ocrx_word' id='word_1_188' title='bbox 3059 1143 3120 1189; x_wconf 87' lang='lat' dir='ltr'><strong>ut</strong></span> <span class='ocrx_word' id='word_1_189' title='bbox 3172 1136 3485 1202; x_wconf 74' lang='lat' dir='ltr'><strong>mandendo</strong></span> 
     </span>
    </p>
   </div>
   <div class='ocr_carea' id='block_1_26' title="bbox 1905 1222 3482 1293">
    <p class='ocr_par' dir='ltr' id='par_1_26' title="bbox 1905 1222 3482 1293">
     <span class='ocr_line' id='line_1_26' title="bbox 1905 1222 3482 1293; baseline 0.003 -16"><span class='ocrx_word' id='word_1_190' title='bbox 1905 1223 2148 1293; x_wconf 76' lang='lat' dir='ltr'><strong>linguam</strong></span> <span class='ocrx_word' id='word_1_191' title='bbox 2177 1222 2330 1278; x_wconf 90' lang='lat' dir='ltr'><strong>velut</strong></span> <span class='ocrx_word' id='word_1_192' title='bbox 2360 1238 2556 1292; x_wconf 87' lang='lat' dir='ltr'><strong>panem</strong></span> <span class='ocrx_word' id='word_1_193' title='bbox 2573 1223 2925 1287; x_wconf 89' lang='lat' dir='ltr'><strong>comederet;</strong></span> <span class='ocrx_word' id='word_1_194' title='bbox 2953 1233 3302 1293; x_wconf 85' lang='lat' dir='ltr'><strong>putresceret</strong></span> <span class='ocrx_word' id='word_1_195' title='bbox 3331 1243 3482 1292; x_wconf 90' lang='lat' dir='ltr'><strong>crus,</strong></span> 
     </span>
    </p>
   </div>
   <div class='ocr_carea' id='block_1_27' title="bbox 1907 1301 3488 1386">
    <p class='ocr_par' dir='ltr' id='par_1_27' title="bbox 1907 1301 3488 1386">
     <span class='ocr_line' id='line_1_27' title="bbox 1907 1301 3488 1386; baseline 0.001 -16"><span class='ocrx_word' id='word_1_196' title='bbox 1907 1330 2029 1370; x_wconf 87' lang='lat' dir='ltr'><strong>ossa</strong></span> <span class='ocrx_word' id='word_1_197' title='bbox 2061 1314 2496 1369; x_wconf 87' lang='lat' dir='ltr'><strong>destituerentur</strong></span> <span class='ocrx_word' id='word_1_198' title='bbox 2529 1329 2716 1378; x_wconf 89' lang='lat' dir='ltr'><strong>carne,</strong></span> <span class='ocrx_word' id='word_1_199' title='bbox 2749 1324 2806 1368; x_wconf 92' lang='lat' dir='ltr'><strong>et</strong></span> <span class='ocrx_word' id='word_1_200' title='bbox 2851 1301 3084 1370; x_wconf 80' lang='lat' dir='ltr'><strong>fetorem</strong></span> <span class='ocrx_word' id='word_1_201' title='bbox 3138 1318 3488 1386; x_wconf 85' lang='lat' dir='ltr'><strong>exspirarent</strong></span> 
     </span>
    </p>
   </div>
   <div class='ocr_carea' id='block_1_28' title="bbox 1909 1405 3489 1476">
    <p class='ocr_par' dir='ltr' id='par_1_28' title="bbox 1909 1405 3489 1476">
     <span class='ocr_line' id='line_1_28' title="bbox 1909 1405 3489 1476; baseline 0.004 -15"><span class='ocrx_word' id='word_1_202' title='bbox 1909 1407 2134 1462; x_wconf 89' lang='lat' dir='ltr'><strong>naribus</strong></span> <span class='ocrx_word' id='word_1_203' title='bbox 2169 1406 2590 1460; x_wconf 78' lang='lat' dir='ltr'><strong>intolerabilem.</strong></span> <span class='ocrx_word' id='word_1_204' title='bbox 2623 1405 2717 1460; x_wconf 93' lang='lat' dir='ltr'><strong>llle</strong></span> <span class='ocrx_word' id='word_1_205' title='bbox 2758 1405 3050 1476; x_wconf 88' lang='lat' dir='ltr'><strong>absumpta</strong></span> <span class='ocrx_word' id='word_1_206' title='bbox 3095 1409 3243 1462; x_wconf 90' lang='lat' dir='ltr'><strong>omni</strong></span> <span class='ocrx_word' id='word_1_207' title='bbox 3282 1411 3337 1463; x_wconf 88' lang='lat' dir='ltr'><strong>in</strong></span> <span class='ocrx_word' id='word_1_208' title='bbox 3373 1426 3489 1467; x_wconf 90' lang='lat' dir='ltr'><strong>me-</strong></span> 
     </span>
    </p>
   </div>
   <div class='ocr_carea' id='block_1_29' title="bbox 1905 1498 3482 1568">
    <p class='ocr_par' dir='ltr' id='par_1_29' title="bbox 1905 1498 3482 1568">
     <span class='ocr_line' id='line_1_29' title="bbox 1905 1498 3482 1568; baseline 0.003 -16"><span class='ocrx_word' id='word_1_209' title='bbox 1905 1499 2061 1553; x_wconf 91' lang='lat' dir='ltr'><strong>dicos</strong></span> <span class='ocrx_word' id='word_1_210' title='bbox 2081 1498 2408 1563; x_wconf 84' lang='lat' dir='ltr'><strong>substantia,</strong></span> <span class='ocrx_word' id='word_1_211' title='bbox 2441 1514 2566 1552; x_wconf 92' lang='lat' dir='ltr'><strong>cum</strong></span> <span class='ocrx_word' id='word_1_212' title='bbox 2591 1498 2726 1551; x_wconf 90' lang='lat' dir='ltr'><strong>nihil</strong></span> <span class='ocrx_word' id='word_1_213' title='bbox 2749 1499 3052 1568; x_wconf 83' lang='lat' dir='ltr'><strong>quidquam</strong></span> <span class='ocrx_word' id='word_1_214' title='bbox 3109 1501 3331 1555; x_wconf 89' lang='lat' dir='ltr'><strong>illorum</strong></span> <span class='ocrx_word' id='word_1_215' title='bbox 3362 1512 3482 1557; x_wconf 87' lang='lat' dir='ltr'><strong>arte</strong></span> 
     </span>
    </p>
   </div>
   <div class='ocr_carea' id='block_1_30' title="bbox 1905 1589 3486 1661">
    <p class='ocr_par' dir='ltr' id='par_1_30' title="bbox 1905 1589 3486 1661">
     <span class='ocr_line' id='line_1_30' title="bbox 1905 1589 3486 1661; baseline 0.003 -17"><span class='ocrx_word' id='word_1_216' title='bbox 1905 1589 2198 1660; x_wconf 83' lang='lat' dir='ltr'><strong>proficeret</strong></span> <span class='ocrx_word' id='word_1_217' title='bbox 2225 1589 2291 1643; x_wconf 92' lang='lat' dir='ltr'><strong>ad</strong></span> <span class='ocrx_word' id='word_1_218' title='bbox 2314 1589 2628 1654; x_wconf 86' lang='lat' dir='ltr'><strong>sanitatem,</strong></span> <span class='ocrx_word' id='word_1_219' title='bbox 2651 1589 2760 1644; x_wconf 86' lang='lat' dir='ltr'><strong>nisi</strong></span> <span class='ocrx_word' id='word_1_220' title='bbox 2787 1589 2937 1660; x_wconf 90' lang='lat' dir='ltr'><strong>quod</strong></span> <span class='ocrx_word' id='word_1_221' title='bbox 2986 1593 3275 1661; x_wconf 65' lang='lat' dir='ltr'><strong>prazcisum</strong></span> <span class='ocrx_word' id='word_1_222' title='bbox 3332 1609 3486 1648; x_wconf 86' lang='lat' dir='ltr'><strong>serra</strong></span> 
     </span>
    </p>
   </div>
   <div class='ocr_carea' id='block_1_31' title="bbox 1903 1679 3487 1752">
    <p class='ocr_par' dir='ltr' id='par_1_31' title="bbox 1903 1679 3487 1752">
     <span class='ocr_line' id='line_1_31' title="bbox 1903 1679 3487 1752; baseline 0.001 -15"><span class='ocrx_word' id='word_1_223' title='bbox 1903 1682 2099 1752; x_wconf 88' lang='lat' dir='ltr'><strong>pedem</strong></span> <span class='ocrx_word' id='word_1_224' title='bbox 2131 1679 2383 1735; x_wconf 85' lang='lat' dir='ltr'><strong>dicerent</strong></span> <span class='ocrx_word' id='word_1_225' title='bbox 2417 1679 2840 1750; x_wconf 89' lang='lat' dir='ltr'><strong>amputandum,</strong></span> <span class='ocrx_word' id='word_1_226' title='bbox 2869 1681 3152 1736; x_wconf 88' lang='lat' dir='ltr'><strong>transtulit</strong></span> <span class='ocrx_word' id='word_1_227' title='bbox 3179 1698 3239 1738; x_wconf 90' lang='lat' dir='ltr'><strong>se</strong></span> <span class='ocrx_word' id='word_1_228' title='bbox 3267 1684 3332 1737; x_wconf 91' lang='lat' dir='ltr'><strong>ad</strong></span> <span class='ocrx_word' id='word_1_229' title='bbox 3360 1699 3457 1739; x_wconf 90' lang='lat' dir='ltr'><strong>san</strong></span> <span class='ocrx_word' id='word_1_230' title='bbox 3475 1715 3487 1727; x_wconf 83' lang='lat'><strong>-</strong></span> 
     </span>
    </p>
   </div>
   <div class='ocr_carea' id='block_1_32' title="bbox 1898 1773 3486 1845">
    <p class='ocr_par' dir='ltr' id='par_1_32' title="bbox 1898 1773 3486 1845">
     <span class='ocr_line' id='line_1_32' title="bbox 1898 1773 3486 1845; baseline 0.001 -17"><span class='ocrx_word' id='word_1_231' title='bbox 1898 1783 2046 1830; x_wconf 90' lang='lat' dir='ltr'><strong>ctum</strong></span> <span class='ocrx_word' id='word_1_232' title='bbox 2070 1773 2424 1845; x_wconf 85' lang='lat' dir='ltr'><strong>Symeonem,</strong></span> <span class='ocrx_word' id='word_1_233' title='bbox 2463 1787 2628 1842; x_wconf 89' lang='lat' dir='ltr'><strong>quem</strong></span> <span class='ocrx_word' id='word_1_234' title='bbox 2678 1773 2858 1828; x_wconf 91' lang='lat' dir='ltr'><strong>solum</strong></span> <span class='ocrx_word' id='word_1_235' title='bbox 2917 1783 3149 1829; x_wconf 86' lang='lat' dir='ltr'><strong>noverat</strong></span> <span class='ocrx_word' id='word_1_236' title='bbox 3203 1775 3486 1830; x_wconf 86' lang='lat' dir='ltr'><strong>incurabi-</strong></span> 
     </span>
    </p>
   </div>
   <div class='ocr_carea' id='block_1_33' title="bbox 1901 1862 3484 1922">
    <p class='ocr_par' dir='ltr' id='par_1_33' title="bbox 1901 1862 3484 1922">
     <span class='ocr_line' id='line_1_33' title="bbox 1901 1862 3484 1922; baseline 0.004 -7"><span class='ocrx_word' id='word_1_237' title='bbox 1901 1863 2037 1916; x_wconf 88' lang='lat' dir='ltr'><strong>lium</strong></span> <span class='ocrx_word' id='word_1_238' title='bbox 2080 1863 2410 1922; x_wconf 82' lang='lat' dir='ltr'><strong>morborum</strong></span> <span class='ocrx_word' id='word_1_239' title='bbox 2444 1862 2742 1918; x_wconf 90' lang='lat' dir='ltr'><strong>medicum.</strong></span> <span class='ocrx_word' id='word_1_240' title='bbox 2800 1865 2959 1918; x_wconf 84' lang='lat' dir='ltr'><strong>Hunc</strong></span> <span class='ocrx_word' id='word_1_241' title='bbox 3009 1873 3117 1919; x_wconf 90' lang='lat' dir='ltr'><strong>tam</strong></span> <span class='ocrx_word' id='word_1_242' title='bbox 3183 1866 3484 1922; x_wconf 87' lang='lat' dir='ltr'><strong>miserabili</strong></span> 
     </span>
    </p>
   </div>
   <div class='ocr_carea' id='block_1_34' title="bbox 1905 1955 3484 2026">
    <p class='ocr_par' dir='ltr' id='par_1_34' title="bbox 1905 1955 3484 2026">
     <span class='ocr_line' id='line_1_34' title="bbox 1905 1955 3484 2026; baseline 0.003 -17"><span class='ocrx_word' id='word_1_243' title='bbox 1905 1956 1958 2009; x_wconf 91' lang='lat' dir='ltr'><strong>in</strong></span> <span class='ocrx_word' id='word_1_244' title='bbox 2014 1965 2159 2010; x_wconf 90' lang='lat' dir='ltr'><strong>statu</strong></span> <span class='ocrx_word' id='word_1_245' title='bbox 2218 1955 2458 2024; x_wconf 76' lang='lat' dir='ltr'><strong>positum</strong></span> <span class='ocrx_word' id='word_1_246' title='bbox 2511 1971 2745 2012; x_wconf 81' lang='lat' dir='ltr'><strong>cernens</strong></span> <span class='ocrx_word' id='word_1_247' title='bbox 2799 1957 2913 2022; x_wconf 91' lang='lat' dir='ltr'><strong>ille,</strong></span> <span class='ocrx_word' id='word_1_248' title='bbox 2941 1971 3066 2010; x_wconf 92' lang='lat' dir='ltr'><strong>cum</strong></span> <span class='ocrx_word' id='word_1_249' title='bbox 3115 1957 3331 2026; x_wconf 89' lang='lat' dir='ltr'><strong>palmea</strong></span> <span class='ocrx_word' id='word_1_250' title='bbox 3384 1974 3484 2014; x_wconf 84' lang='lat' dir='ltr'><strong>sua</strong></span> 
     </span>
    </p>
   </div>
   <div class='ocr_carea' id='block_1_35' title="bbox 1901 2045 3484 2118">
    <p class='ocr_par' dir='ltr' id='par_1_35' title="bbox 1901 2045 3484 2118">
     <span class='ocr_line' id='line_1_35' title="bbox 1901 2045 3484 2118; baseline 0.003 -19"><span class='ocrx_word' id='word_1_251' title='bbox 1901 2045 2054 2117; x_wconf 89' lang='lat' dir='ltr'><strong>virga</strong></span> <span class='ocrx_word' id='word_1_252' title='bbox 2090 2047 2453 2116; x_wconf 87' lang='lat' dir='ltr'><strong>percussisset</strong></span> <span class='ocrx_word' id='word_1_253' title='bbox 2483 2047 2702 2110; x_wconf 88' lang='lat' dir='ltr'><strong>leniter,</strong></span> <span class='ocrx_word' id='word_1_254' title='bbox 2726 2048 2981 2103; x_wconf 81' lang='lat' dir='ltr'><strong>hortatus</strong></span> <span class='ocrx_word' id='word_1_255' title='bbox 3003 2058 3109 2113; x_wconf 87' lang='lat' dir='ltr'><strong>est,</strong></span> <span class='ocrx_word' id='word_1_256' title='bbox 3147 2058 3208 2103; x_wconf 91' lang='lat' dir='ltr'><strong>ut</strong></span> <span class='ocrx_word' id='word_1_257' title='bbox 3245 2049 3484 2118; x_wconf 86' lang='lat' dir='ltr'><strong>pedibus</strong></span> 
     </span>
    </p>
   </div>
   <div class='ocr_carea' id='block_1_36' title="bbox 1903 2139 3480 2210">
    <p class='ocr_par' dir='ltr' id='par_1_36' title="bbox 1903 2139 3480 2210">
     <span class='ocr_line' id='line_1_36' title="bbox 1903 2139 3480 2210; baseline 0.003 -18"><span class='ocrx_word' id='word_1_258' title='bbox 1903 2139 2020 2192; x_wconf 91' lang='lat' dir='ltr'><strong>suis</strong></span> <span class='ocrx_word' id='word_1_259' title='bbox 2048 2146 2256 2192; x_wconf 89' lang='lat' dir='ltr'><strong>staret:</strong></span> <span class='ocrx_word' id='word_1_260' title='bbox 2289 2146 2346 2193; x_wconf 86' lang='lat' dir='ltr'><strong>et</strong></span> <span class='ocrx_word' id='word_1_261' title='bbox 2374 2139 2640 2192; x_wconf 90' lang='lat' dir='ltr'><strong>contlnuo</strong></span> <span class='ocrx_word' id='word_1_262' title='bbox 2664 2139 2802 2194; x_wconf 89' lang='lat' dir='ltr'><strong>abiit</strong></span> <span class='ocrx_word' id='word_1_263' title='bbox 2869 2139 3266 2209; x_wconf 84' lang='lat' dir='ltr'><strong>graveolentia,</strong></span> <span class='ocrx_word' id='word_1_264' title='bbox 3311 2151 3480 2210; x_wconf 90' lang='lat' dir='ltr'><strong>atque</strong></span> 
     </span>
    </p>
   </div>
   <div class='ocr_carea' id='block_1_37' title="bbox 1903 2229 3481 2301">
    <p class='ocr_par' dir='ltr' id='par_1_37' title="bbox 1903 2229 3481 2301">
     <span class='ocr_line' id='line_1_37' title="bbox 1903 2229 3481 2301; baseline 0.002 -18"><span class='ocrx_word' id='word_1_265' title='bbox 1903 2245 2044 2299; x_wconf 74' lang='lat' dir='ltr'><strong>teget</strong></span> <span class='ocrx_word' id='word_1_266' title='bbox 2063 2229 2298 2299; x_wconf 83' lang='lat' dir='ltr'><strong>pedibus</strong></span> <span class='ocrx_word' id='word_1_267' title='bbox 2324 2230 2440 2284; x_wconf 88' lang='lat' dir='ltr'><strong>suis</strong></span> <span class='ocrx_word' id='word_1_268' title='bbox 2469 2239 2524 2283; x_wconf 89' lang='lat' dir='ltr'><strong>et</strong></span> <span class='ocrx_word' id='word_1_269' title='bbox 2547 2230 2770 2298; x_wconf 91' lang='lat' dir='ltr'><strong>quidem</strong></span> <span class='ocrx_word' id='word_1_270' title='bbox 2807 2230 2981 2285; x_wconf 80' lang='lat' dir='ltr'><strong>firmis</strong></span> <span class='ocrx_word' id='word_1_271' title='bbox 3009 2230 3075 2284; x_wconf 86' lang='lat' dir='ltr'><strong>ad</strong></span> <span class='ocrx_word' id='word_1_272' title='bbox 3108 2246 3303 2286; x_wconf 90' lang='lat' dir='ltr'><strong>secure</strong></span> <span class='ocrx_word' id='word_1_273' title='bbox 3337 2237 3481 2301; x_wconf 78' lang='lat' dir='ltr'><strong>gra-</strong></span> 
     </span>
    </p>
   </div>
   <div class='ocr_carea' id='block_1_38' title="bbox 226 2319 1797 2394">
    <p class='ocr_par' dir='ltr' id='par_1_38' title="bbox 226 2319 1797 2393">
     <span class='ocr_line' id='line_1_38' title="bbox 226 2319 1797 2393; baseline -0.003 -17"><span class='ocrx_word' id='word_1_274' title='bbox 226 2325 320 2376; x_wconf 85' lang='grc' dir='ltr'>Ἐν</span> <span class='ocrx_word' id='word_1_275' title='bbox 345 2324 568 2393; x_wconf 78' lang='grc' dir='ltr'>ὀνόματι</span> <span class='ocrx_word' id='word_1_276' title='bbox 593 2322 686 2377; x_wconf 90' lang='grc' dir='ltr'><strong>τοῦ</strong></span> <span class='ocrx_word' id='word_1_277' title='bbox 722 2323 924 2393; x_wconf 83' lang='grc' dir='ltr'>Κυρίου</span> <span class='ocrx_word' id='word_1_278' title='bbox 955 2323 1048 2376; x_wconf 78' lang='grc' dir='ltr'>καὶ</span> <span class='ocrx_word' id='word_1_279' title='bbox 1075 2320 1211 2374; x_wconf 86' lang='grc' dir='ltr'>Θεοῦ</span> <span class='ocrx_word' id='word_1_280' title='bbox 1241 2321 1335 2374; x_wconf 72' lang='grc' dir='ltr'>καὶ</span> <span class='ocrx_word' id='word_1_281' title='bbox 1369 2321 1620 2391; x_wconf 85' lang='grc' dir='ltr'>Σωτῆρος</span> <span class='ocrx_word' id='word_1_282' title='bbox 1646 2319 1797 2389; x_wconf 79' lang='grc' dir='ltr'>ἡμῶν</span> 
     </span>
    </p>
   </div>
   <div class='ocr_carea' id='block_1_39' title="bbox 1899 2319 3483 2394">
    <p class='ocr_par' dir='ltr' id='par_1_39' title="bbox 1907 2321 3483 2394">
     <span class='ocr_line' id='line_1_39' title="bbox 1907 2321 3483 2394; baseline 0.001 -18"><span class='ocrx_word' id='word_1_283' title='bbox 1907 2321 2169 2376; x_wconf 87' lang='lat' dir='ltr'><strong>diendum</strong></span> <span class='ocrx_word' id='word_1_284' title='bbox 2198 2331 2282 2376; x_wconf 85' lang='lat' dir='ltr'><strong>est</strong></span> <span class='ocrx_word' id='word_1_285' title='bbox 2314 2337 2468 2394; x_wconf 83' lang='lat' dir='ltr'><strong>usus.</strong></span> <span class='ocrx_word' id='word_1_286' title='bbox 2513 2321 2722 2376; x_wconf 89' lang='lat' dir='ltr'><strong>Deinde</strong></span> <span class='ocrx_word' id='word_1_287' title='bbox 2771 2321 3001 2390; x_wconf 89' lang='lat' dir='ltr'><strong>propius</strong></span> <span class='ocrx_word' id='word_1_288' title='bbox 3053 2323 3370 2377; x_wconf 84' lang='lat' dir='ltr'><strong>accedentis</strong></span> <span class='ocrx_word' id='word_1_289' title='bbox 3412 2321 3483 2379; x_wconf 91' lang='lat' dir='ltr'><strong>ad</strong></span> 
     </span>
    </p>
   </div>
   <div class='ocr_carea' id='block_1_40' title="bbox 226 2410 1801 2488">
    <p class='ocr_par' dir='ltr' id='par_1_40' title="bbox 226 2410 1801 2488">
     <span class='ocr_line' id='line_1_40' title="bbox 226 2410 1801 2488; baseline -0.005 -18"><span class='ocrx_word' id='word_1_290' title='bbox 226 2417 408 2488; x_wconf 81' lang='grc' dir='ltr'>Ἰησοῦ</span> <span class='ocrx_word' id='word_1_291' title='bbox 443 2415 703 2486; x_wconf 85' lang='grc' dir='ltr'>Χριστοῦ,</span> <span class='ocrx_word' id='word_1_292' title='bbox 729 2417 1008 2469; x_wconf 76' lang='grc' dir='ltr'>ἐπιτάσσω</span> <span class='ocrx_word' id='word_1_293' title='bbox 1040 2431 1121 2466; x_wconf 81' lang='grc' dir='ltr'><strong>σοι</strong></span> <span class='ocrx_word' id='word_1_294' title='bbox 1150 2413 1227 2483; x_wconf 80' lang='grc' dir='ltr'>τῷ</span> <span class='ocrx_word' id='word_1_295' title='bbox 1255 2413 1476 2482; x_wconf 83' lang='grc' dir='ltr'>πονηρῷ</span> <span class='ocrx_word' id='word_1_296' title='bbox 1507 2410 1801 2480; x_wconf 82' lang='grc' dir='ltr'>πνεύματι,</span> 
     </span>
    </p>
   </div>
   <div class='ocr_carea' id='block_1_41' title="bbox 212 2501 1802 2578">
    <p class='ocr_par' dir='ltr' id='par_1_41' title="bbox 212 2501 1802 2578">
     <span class='ocr_line' id='line_1_41' title="bbox 212 2501 1802 2578; baseline -0.005 -18"><span class='ocrx_word' id='word_1_297' title='bbox 212 2510 346 2578; x_wconf 77' lang='grc' dir='ltr'>ἔφη,</span> <span class='ocrx_word' id='word_1_298' title='bbox 369 2506 604 2572; x_wconf 76' lang='grc' dir='ltr'>ἐξελθεῖν</span> <span class='ocrx_word' id='word_1_299' title='bbox 635 2505 728 2559; x_wconf 86' lang='grc' dir='ltr'><strong>τοῦ</strong></span> <span class='ocrx_word' id='word_1_300' title='bbox 763 2503 1052 2573; x_wconf 83' lang='grc' dir='ltr'>ἀνθρώπου</span> <span class='ocrx_word' id='word_1_301' title='bbox 1086 2502 1296 2565; x_wconf 86' lang='grc' dir='ltr'>τούτου,</span> <span class='ocrx_word' id='word_1_302' title='bbox 1323 2503 1416 2555; x_wconf 77' lang='grc' dir='ltr'><strong>καὶ</strong></span> <span class='ocrx_word' id='word_1_303' title='bbox 1443 2502 1637 2571; x_wconf 85' lang='grc' dir='ltr'>μηκέτι</span> <span class='ocrx_word' id='word_1_304' title='bbox 1663 2501 1802 2570; x_wconf 87' lang='grc' dir='ltr'>πρὸς</span> 
     </span>
    </p>
   </div>
   <div class='ocr_carea' id='block_1_42' title="bbox 212 2593 1796 2667">
    <p class='ocr_par' dir='ltr' id='par_1_42' title="bbox 212 2593 1796 2667">
     <span class='ocr_line' id='line_1_42' title="bbox 212 2593 1796 2667; baseline -0.006 -13"><span class='ocrx_word' id='word_1_305' title='bbox 212 2599 382 2654; x_wconf 81' lang='grc' dir='ltr'>αὑτὸν</span> <span class='ocrx_word' id='word_1_306' title='bbox 395 2597 748 2667; x_wconf 82' lang='grc' dir='ltr'>ἀναστρέψαι.</span> <span class='ocrx_word' id='word_1_307' title='bbox 764 2597 831 2650; x_wconf 78' lang='grc'>⁸0</span> <span class='ocrx_word' id='word_1_308' title='bbox 845 2597 941 2666; x_wconf 84' lang='grc' dir='ltr'>μὲν</span> <span class='ocrx_word' id='word_1_309' title='bbox 958 2595 1049 2648; x_wconf 78' lang='grc' dir='ltr'>οὖν</span> <span class='ocrx_word' id='word_1_310' title='bbox 1065 2595 1274 2665; x_wconf 86' lang='grc' dir='ltr'>δαίμων</span> <span class='ocrx_word' id='word_1_311' title='bbox 1291 2594 1450 2657; x_wconf 81' lang='grc' dir='ltr'>εὐθὺς</span> <span class='ocrx_word' id='word_1_312' title='bbox 1467 2593 1796 2662; x_wconf 82' lang='grc' dir='ltr'>ἀπελήλατο⁶</span> 
     </span>
    </p>
   </div>
   <div class='ocr_carea' id='block_1_43' title="bbox 212 2685 1798 2763">
    <p class='ocr_par' dir='ltr' id='par_1_43' title="bbox 212 2685 1798 2763">
     <span class='ocr_line' id='line_1_43' title="bbox 212 2685 1798 2763; baseline -0.006 -18"><span class='ocrx_word' id='word_1_313' title='bbox 212 2694 280 2763; x_wconf 76' lang='grc' dir='ltr'><strong>τῇ</strong></span> <span class='ocrx_word' id='word_1_314' title='bbox 305 2691 364 2744; x_wconf 80' lang='grc' dir='ltr'>δὲ</span> <span class='ocrx_word' id='word_1_315' title='bbox 385 2689 480 2743; x_wconf 86' lang='grc' dir='ltr'><strong>τοῦ</strong></span> <span class='ocrx_word' id='word_1_316' title='bbox 509 2689 662 2752; x_wconf 78' lang='grc' dir='ltr'>ποδὸς</span> <span class='ocrx_word' id='word_1_317' title='bbox 697 2688 876 2759; x_wconf 83' lang='grc' dir='ltr'>πληγῇ</span> <span class='ocrx_word' id='word_1_318' title='bbox 903 2687 1000 2758; x_wconf 83' lang='grc' dir='ltr'>τῆς</span> <span class='ocrx_word' id='word_1_319' title='bbox 1026 2687 1232 2750; x_wconf 74' lang='grc' dir='ltr'>οἰκείας</span> <span class='ocrx_word' id='word_1_320' title='bbox 1260 2685 1569 2740; x_wconf 81' lang='grc' dir='ltr'>ἐπιὸἀλλειν</span> <span class='ocrx_word' id='word_1_321' title='bbox 1599 2685 1798 2748; x_wconf 81' lang='grc' dir='ltr'>κόνεως</span> 
     </span>
    </p>
   </div>
   <div class='ocr_carea' id='block_1_44' title="bbox 212 2779 1797 2852">
    <p class='ocr_par' dir='ltr' id='par_1_44' title="bbox 212 2779 1797 2852">
     <span class='ocr_line' id='line_1_44' title="bbox 212 2779 1797 2852; baseline -0.005 -16"><span class='ocrx_word' id='word_1_322' title='bbox 212 2782 433 2837; x_wconf 82' lang='grc' dir='ltr'>κελεύει</span> <span class='ocrx_word' id='word_1_323' title='bbox 462 2780 540 2851; x_wconf 85' lang='grc' dir='ltr'>τῷ</span> <span class='ocrx_word' id='word_1_324' title='bbox 565 2781 779 2851; x_wconf 83' lang='grc' dir='ltr'>τυχόντι</span> <span class='ocrx_word' id='word_1_325' title='bbox 824 2781 925 2849; x_wconf 79' lang='grc' dir='ltr'>τῆς</span> <span class='ocrx_word' id='word_1_326' title='bbox 972 2780 1297 2852; x_wconf 82' lang='grc' dir='ltr'>θεραπείας·</span> <span class='ocrx_word' id='word_1_327' title='bbox 1327 2779 1447 2849; x_wconf 74' lang='grc' dir='ltr'>ἥτις</span> <span class='ocrx_word' id='word_1_328' title='bbox 1489 2779 1697 2847; x_wconf 78' lang='grc' dir='ltr'>σάρκας</span> <span class='ocrx_word' id='word_1_329' title='bbox 1737 2793 1797 2828; x_wconf 89' lang='grc' dir='ltr'><strong>τε</strong></span> 
     </span>
    </p>
   </div>
   <div class='ocr_carea' id='block_1_45' title="bbox 211 2868 1798 2943">
    <p class='ocr_par' dir='ltr' id='par_1_45' title="bbox 211 2868 1798 2943">
     <span class='ocr_line' id='line_1_45' title="bbox 211 2868 1798 2943; baseline -0.004 -17"><span class='ocrx_word' id='word_1_330' title='bbox 211 2873 406 2943; x_wconf 73' lang='grc' dir='ltr'>ἔφυσε,</span> <span class='ocrx_word' id='word_1_331' title='bbox 436 2874 529 2927; x_wconf 78' lang='grc' dir='ltr'>καὶ</span> <span class='ocrx_word' id='word_1_332' title='bbox 569 2873 742 2943; x_wconf 80' lang='grc' dir='ltr'>δέρμα</span> <span class='ocrx_word' id='word_1_333' title='bbox 783 2873 868 2925; x_wconf 77' lang='grc' dir='ltr'>ἐπ’</span> <span class='ocrx_word' id='word_1_334' title='bbox 900 2872 1070 2936; x_wconf 75' lang='grc' dir='ltr'>αὑτὰς</span> <span class='ocrx_word' id='word_1_335' title='bbox 1113 2872 1366 2936; x_wconf 81' lang='grc' dir='ltr'>ἐξέτεινε,</span> <span class='ocrx_word' id='word_1_336' title='bbox 1393 2870 1490 2923; x_wconf 67' lang='grc' dir='ltr'><strong>κα)⁸</strong></span> <span class='ocrx_word' id='word_1_337' title='bbox 1533 2868 1692 2939; x_wconf 81' lang='grc' dir='ltr'>ὑγιὴς</span> <span class='ocrx_word' id='word_1_338' title='bbox 1739 2869 1798 2920; x_wconf 91' lang='grc' dir='ltr'><strong>ἐν</strong></span> 
     </span>
    </p>
   </div>
   <div class='ocr_carea' id='block_1_46' title="bbox 213 2960 1795 3036">
    <p class='ocr_par' dir='ltr' id='par_1_46' title="bbox 213 2960 1795 3036">
     <span class='ocr_line' id='line_1_46' title="bbox 213 2960 1795 3036; baseline -0.003 -18"><span class='ocrx_word' id='word_1_339' title='bbox 213 2966 413 3036; x_wconf 86' lang='grc' dir='ltr'>βρακεῖ</span> <span class='ocrx_word' id='word_1_340' title='bbox 439 2967 466 3018; x_wconf 86' lang='grc' dir='ltr'><strong>ό</strong></span> <span class='ocrx_word' id='word_1_341' title='bbox 486 2963 677 3036; x_wconf 84' lang='grc' dir='ltr'>πρώην</span> <span class='ocrx_word' id='word_1_342' title='bbox 699 2964 1086 3034; x_wconf 84' lang='grc' dir='ltr'>ἀθεραπεύτως</span> <span class='ocrx_word' id='word_1_343' title='bbox 1110 2965 1270 3034; x_wconf 76' lang='grc' dir='ltr'>ἔχων,</span> <span class='ocrx_word' id='word_1_344' title='bbox 1294 2963 1430 3034; x_wconf 80' lang='grc' dir='ltr'>αὐτῇ</span> <span class='ocrx_word' id='word_1_345' title='bbox 1457 2962 1677 3031; x_wconf 79' lang='grc' dir='ltr'>γυναικὶ</span> <span class='ocrx_word' id='word_1_346' title='bbox 1699 2960 1795 3014; x_wconf 73' lang='grc' dir='ltr'>καὶ</span> 
     </span>
    </p>
   </div>
   <div class='ocr_carea' id='block_1_47' title="bbox 209 3055 1518 3129">
    <p class='ocr_par' dir='ltr' id='par_1_47' title="bbox 209 3055 1518 3129">
     <span class='ocr_line' id='line_1_47' title="bbox 209 3055 1518 3129; baseline -0.002 -19"><span class='ocrx_word' id='word_1_347' title='bbox 209 3058 554 3129; x_wconf 85' lang='grc' dir='ltr'>προσήκουσι</span> <span class='ocrx_word' id='word_1_348' title='bbox 583 3057 678 3112; x_wconf 74' lang='grc' dir='ltr'>καὶ</span> <span class='ocrx_word' id='word_1_349' title='bbox 703 3056 808 3125; x_wconf 79' lang='grc' dir='ltr'><strong>ὅλῳ</strong></span> <span class='ocrx_word' id='word_1_350' title='bbox 840 3055 1026 3126; x_wconf 76' lang='grc' dir='ltr'>σχεδὸν</span> <span class='ocrx_word' id='word_1_351' title='bbox 1046 3057 1338 3110; x_wconf 73' lang='grc' dir='ltr'>’ἐπάνεισιν</span> <span class='ocrx_word' id='word_1_352' title='bbox 1363 3055 1518 3126; x_wconf 85' lang='grc' dir='ltr'>οῐκῳ.</span> 
     </span>
    </p>
   </div>
   <div class='ocr_carea' id='block_1_48' title="bbox 1904 2413 3481 2482">
    <p class='ocr_par' dir='ltr' id='par_1_48' title="bbox 1904 2413 3481 2482">
     <span class='ocr_line' id='line_1_48' title="bbox 1904 2413 3481 2482; baseline -0.001 -15"><span class='ocrx_word' id='word_1_353' title='bbox 1904 2429 1962 2468; x_wconf 90' lang='lat' dir='ltr'><strong>se</strong></span> <span class='ocrx_word' id='word_1_354' title='bbox 1985 2421 2150 2482; x_wconf 87' lang='lat' dir='ltr'><strong>caput</strong></span> <span class='ocrx_word' id='word_1_355' title='bbox 2209 2413 2640 2482; x_wconf 85' lang='lat' dir='ltr'><strong>tetigitsanctus</strong></span> <span class='ocrx_word' id='word_1_356' title='bbox 2681 2420 2848 2481; x_wconf 89' lang='lat' dir='ltr'><strong>atque</strong></span> <span class='ocrx_word' id='word_1_357' title='bbox 2897 2413 3134 2482; x_wconf 77' lang='lat' dir='ltr'><strong>signavit</strong></span> <span class='ocrx_word' id='word_1_358' title='bbox 3166 2413 3385 2467; x_wconf 87' lang='lat' dir='ltr'><strong>dicens:</strong></span> <span class='ocrx_word' id='word_1_359' title='bbox 3422 2413 3481 2466; x_wconf 90' lang='lat' dir='ltr'><strong>In</strong></span> 
     </span>
    </p>
   </div>
   <div class='ocr_carea' id='block_1_49' title="bbox 1905 2502 3478 2572">
    <p class='ocr_par' dir='ltr' id='par_1_49' title="bbox 1905 2502 3478 2572">
     <span class='ocr_line' id='line_1_49' title="bbox 1905 2502 3478 2572; baseline 0.002 -15"><span class='ocrx_word' id='word_1_360' title='bbox 1905 2504 2126 2558; x_wconf 90' lang='lat' dir='ltr'><strong>nomine</strong></span> <span class='ocrx_word' id='word_1_361' title='bbox 2158 2502 2375 2557; x_wconf 88' lang='lat' dir='ltr'><strong>Domini</strong></span> <span class='ocrx_word' id='word_1_362' title='bbox 2409 2509 2466 2557; x_wconf 87' lang='lat' dir='ltr'><strong>et</strong></span> <span class='ocrx_word' id='word_1_363' title='bbox 2508 2502 2602 2557; x_wconf 91' lang='lat' dir='ltr'><strong>Dei</strong></span> <span class='ocrx_word' id='word_1_364' title='bbox 2637 2511 2801 2572; x_wconf 89' lang='lat' dir='ltr'><strong>atque</strong></span> <span class='ocrx_word' id='word_1_365' title='bbox 2827 2502 3128 2558; x_wconf 89' lang='lat' dir='ltr'><strong>Salvatoris</strong></span> <span class='ocrx_word' id='word_1_366' title='bbox 3155 2505 3330 2558; x_wconf 89' lang='lat' dir='ltr'><strong>nostri</strong></span> <span class='ocrx_word' id='word_1_367' title='bbox 3349 2503 3478 2560; x_wconf 84' lang='lat' dir='ltr'><strong>Jesu</strong></span> 
     </span>
    </p>
   </div>
   <div class='ocr_carea' id='block_1_50' title="bbox 1902 2592 3482 2663">
    <p class='ocr_par' dir='ltr' id='par_1_50' title="bbox 1902 2592 3482 2663">
     <span class='ocr_line' id='line_1_50' title="bbox 1902 2592 3482 2663; baseline 0.001 -13"><span class='ocrx_word' id='word_1_368' title='bbox 1902 2595 2109 2650; x_wconf 88' lang='lat' dir='ltr'><strong>Christi</strong></span> <span class='ocrx_word' id='word_1_369' title='bbox 2137 2593 2395 2663; x_wconf 72' lang='lat' dir='ltr'><strong>praecipio</strong></span> <span class='ocrx_word' id='word_1_370' title='bbox 2424 2593 2548 2658; x_wconf 91' lang='lat' dir='ltr'><strong>tibi,</strong></span> <span class='ocrx_word' id='word_1_371' title='bbox 2590 2593 2827 2663; x_wconf 80' lang='lat' dir='ltr'><strong>maligne</strong></span> <span class='ocrx_word' id='word_1_372' title='bbox 2853 2592 3100 2662; x_wconf 86' lang='lat' dir='ltr'><strong>spiritus,</strong></span> <span class='ocrx_word' id='word_1_373' title='bbox 3137 2603 3198 2648; x_wconf 93' lang='lat' dir='ltr'><strong>ut</strong></span> <span class='ocrx_word' id='word_1_374' title='bbox 3245 2594 3482 2652; x_wconf 88' lang='lat' dir='ltr'><strong>facessas</strong></span> 
     </span>
    </p>
   </div>
   <div class='ocr_carea' id='block_1_51' title="bbox 1903 2680 3483 2752">
    <p class='ocr_par' dir='ltr' id='par_1_51' title="bbox 1903 2680 3483 2752">
     <span class='ocr_line' id='line_1_51' title="bbox 1903 2680 3483 2752; baseline 0 -13"><span class='ocrx_word' id='word_1_375' title='bbox 1903 2700 1972 2739; x_wconf 87' lang='lat' dir='ltr'><strong>ex</strong></span> <span class='ocrx_word' id='word_1_376' title='bbox 2005 2684 2110 2739; x_wconf 91' lang='lat' dir='ltr'><strong>hoc</strong></span> <span class='ocrx_word' id='word_1_377' title='bbox 2160 2683 2405 2746; x_wconf 89' lang='lat' dir='ltr'><strong>homine,</strong></span> <span class='ocrx_word' id='word_1_378' title='bbox 2454 2690 2511 2736; x_wconf 88' lang='lat' dir='ltr'><strong>et</strong></span> <span class='ocrx_word' id='word_1_379' title='bbox 2568 2696 2847 2750; x_wconf 89' lang='lat' dir='ltr'><strong>nunquam</strong></span> <span class='ocrx_word' id='word_1_380' title='bbox 2896 2680 3136 2752; x_wconf 88' lang='lat' dir='ltr'><strong>amplius</strong></span> <span class='ocrx_word' id='word_1_381' title='bbox 3193 2683 3251 2736; x_wconf 90' lang='lat' dir='ltr'><strong>in</strong></span> <span class='ocrx_word' id='word_1_382' title='bbox 3298 2683 3483 2752; x_wconf 87' lang='lat' dir='ltr'><strong>ipsum</strong></span> 
     </span>
    </p>
   </div>
   <div class='ocr_carea' id='block_1_52' title="bbox 1906 2773 3479 2844">
    <p class='ocr_par' dir='ltr' id='par_1_52' title="bbox 1906 2773 3479 2844">
     <span class='ocr_line' id='line_1_52' title="bbox 1906 2773 3479 2844; baseline 0 -14"><span class='ocrx_word' id='word_1_383' title='bbox 1906 2777 2170 2830; x_wconf 91' lang='lat' dir='ltr'><strong>introeas.</strong></span> <span class='ocrx_word' id='word_1_384' title='bbox 2216 2775 2491 2844; x_wconf 81' lang='lat' dir='ltr'><strong>Expulsus</strong></span> <span class='ocrx_word' id='word_1_385' title='bbox 2515 2774 2702 2841; x_wconf 86' lang='lat' dir='ltr'><strong>itaque</strong></span> <span class='ocrx_word' id='word_1_386' title='bbox 2723 2774 2909 2828; x_wconf 88' lang='lat' dir='ltr'><strong>statim</strong></span> <span class='ocrx_word' id='word_1_387' title='bbox 2953 2782 3037 2828; x_wconf 89' lang='lat' dir='ltr'><strong>est</strong></span> <span class='ocrx_word' id='word_1_388' title='bbox 3071 2773 3307 2830; x_wconf 57' lang='lat' dir='ltr'><strong>daemon.</strong></span> <span class='ocrx_word' id='word_1_389' title='bbox 3339 2775 3479 2829; x_wconf 84' lang='lat' dir='ltr'><strong>Tum</strong></span> 
     </span>
    </p>
   </div>
   <div class='ocr_carea' id='block_1_53' title="bbox 1899 2864 3482 2939">
    <p class='ocr_par' dir='ltr' id='par_1_53' title="bbox 1899 2864 3482 2939">
     <span class='ocr_line' id='line_1_53' title="bbox 1899 2864 3482 2939; baseline 0 -17"><span class='ocrx_word' id='word_1_390' title='bbox 1899 2868 2232 2939; x_wconf 88' lang='lat' dir='ltr'><strong>jussitillum</strong></span> <span class='ocrx_word' id='word_1_391' title='bbox 2255 2865 2470 2920; x_wconf 90' lang='lat' dir='ltr'><strong>vulneri</strong></span> <span class='ocrx_word' id='word_1_392' title='bbox 2501 2864 2660 2934; x_wconf 88' lang='lat' dir='ltr'><strong>pedis</strong></span> <span class='ocrx_word' id='word_1_393' title='bbox 2718 2865 2928 2934; x_wconf 87' lang='lat' dir='ltr'><strong>aliquid</strong></span> <span class='ocrx_word' id='word_1_394' title='bbox 2987 2867 3232 2935; x_wconf 89' lang='lat' dir='ltr'><strong>pulveris</strong></span> <span class='ocrx_word' id='word_1_395' title='bbox 3273 2868 3358 2922; x_wconf 91' lang='lat' dir='ltr'><strong>sui</strong></span> <span class='ocrx_word' id='word_1_396' title='bbox 3394 2869 3482 2922; x_wconf 91' lang='lat' dir='ltr'><strong>in-</strong></span> 
     </span>
    </p>
   </div>
   <div class='ocr_carea' id='block_1_54' title="bbox 1904 2957 3481 3030">
    <p class='ocr_par' dir='ltr' id='par_1_54' title="bbox 1904 2957 3481 3030">
     <span class='ocr_line' id='line_1_54' title="bbox 1904 2957 3481 3030; baseline 0 -15"><span class='ocrx_word' id='word_1_397' title='bbox 1904 2973 2333 3030; x_wconf 82' lang='lat' dir='ltr'><strong>spergere;quo</strong></span> <span class='ocrx_word' id='word_1_398' title='bbox 2365 2957 2549 3012; x_wconf 89' lang='lat' dir='ltr'><strong>statim</strong></span> <span class='ocrx_word' id='word_1_399' title='bbox 2611 2957 2662 3011; x_wconf 90' lang='lat' dir='ltr'><strong>ei</strong></span> <span class='ocrx_word' id='word_1_400' title='bbox 2719 2967 2910 3012; x_wconf 90' lang='lat' dir='ltr'><strong>renata</strong></span> <span class='ocrx_word' id='word_1_401' title='bbox 2942 2974 3074 3013; x_wconf 88' lang='lat' dir='ltr'><strong>caro</strong></span> <span class='ocrx_word' id='word_1_402' title='bbox 3127 2970 3186 3014; x_wconf 90' lang='lat' dir='ltr'><strong>et</strong></span> <span class='ocrx_word' id='word_1_403' title='bbox 3239 2960 3481 3016; x_wconf 81' lang='lat' dir='ltr'><strong>obducta</strong></span> 
     </span>
    </p>
   </div>
   <div class='ocr_carea' id='block_1_55' title="bbox 1904 3045 3482 3117">
    <p class='ocr_par' dir='ltr' id='par_1_55' title="bbox 1904 3045 3482 3117">
     <span class='ocr_line' id='line_1_55' title="bbox 1904 3045 3482 3117; baseline 0.001 -16"><span class='ocrx_word' id='word_1_404' title='bbox 1904 3048 2063 3117; x_wconf 90' lang='lat' dir='ltr'><strong>pellis</strong></span> <span class='ocrx_word' id='word_1_405' title='bbox 2085 3056 2204 3101; x_wconf 87' lang='lat' dir='ltr'><strong>est:</strong></span> <span class='ocrx_word' id='word_1_406' title='bbox 2247 3053 2410 3115; x_wconf 91' lang='lat' dir='ltr'><strong>atque</strong></span> <span class='ocrx_word' id='word_1_407' title='bbox 2441 3045 2596 3100; x_wconf 87' lang='lat' dir='ltr'><strong>brevi</strong></span> <span class='ocrx_word' id='word_1_408' title='bbox 2627 3056 2952 3114; x_wconf 88' lang='lat' dir='ltr'><strong>persanatus</strong></span> <span class='ocrx_word' id='word_1_409' title='bbox 3003 3047 3071 3101; x_wconf 91' lang='lat' dir='ltr'><strong>ad</strong></span> <span class='ocrx_word' id='word_1_410' title='bbox 3112 3063 3359 3113; x_wconf 90' lang='lat' dir='ltr'><strong>uxorem,</strong></span> <span class='ocrx_word' id='word_1_411' title='bbox 3412 3049 3482 3103; x_wconf 89' lang='lat' dir='ltr'><strong>ad</strong></span> 
     </span>
    </p>
   </div>
   <div class='ocr_carea' id='block_1_56' title="bbox 207 3136 2872 3208">
    <p class='ocr_par' dir='ltr' id='par_1_56' title="bbox 207 3136 2872 3208">
     <span class='ocr_line' id='line_1_56' title="bbox 207 3136 2872 3208; baseline 0 -15"><span class='ocrx_word' id='word_1_412' title='bbox 207 3140 574 3208; x_wconf 85' lang='lat' dir='ltr'><strong>propinquos,</strong></span> <span class='ocrx_word' id='word_1_413' title='bbox 627 3138 694 3192; x_wconf 90' lang='lat' dir='ltr'><strong>ad</strong></span> <span class='ocrx_word' id='word_1_414' title='bbox 768 3137 1032 3192; x_wconf 81' lang='lat' dir='ltr'><strong>familiam</strong></span> <span class='ocrx_word' id='word_1_415' title='bbox 1093 3139 1408 3194; x_wconf 88' lang='lat' dir='ltr'><strong>universam</strong></span> <span class='ocrx_word' id='word_1_416' title='bbox 1454 3137 1650 3199; x_wconf 87' lang='lat' dir='ltr'><strong>rediit,</strong></span> <span class='ocrx_word' id='word_1_417' title='bbox 1701 3136 1796 3208; x_wconf 90' lang='lat' dir='ltr'><strong>qui</strong></span> <span class='ocrx_word' id='word_1_418' title='bbox 1831 3139 1993 3208; x_wconf 85' lang='lat' dir='ltr'><strong>paulo</strong></span> <span class='ocrx_word' id='word_1_419' title='bbox 2021 3144 2148 3192; x_wconf 87' lang='lat' dir='ltr'><strong>ante</strong></span> <span class='ocrx_word' id='word_1_420' title='bbox 2176 3136 2497 3192; x_wconf 89' lang='lat' dir='ltr'><strong>incurabilis</strong></span> <span class='ocrx_word' id='word_1_421' title='bbox 2541 3136 2872 3194; x_wconf 85' lang='lat' dir='ltr'><strong>habebatur.</strong></span> 
     </span>
    </p>
   </div>
   <div class='ocr_carea' id='block_1_57' title="bbox 278 3226 1791 3301">
    <p class='ocr_par' dir='ltr' id='par_1_57' title="bbox 278 3226 1791 3301">
     <span class='ocr_line' id='line_1_57' title="bbox 278 3226 1791 3301; baseline 0.001 -17"><span class='ocrx_word' id='word_1_422' title='bbox 278 3236 432 3296; x_wconf 79' lang='grc' dir='ltr'>σκς’.</span> <span class='ocrx_word' id='word_1_423' title='bbox 468 3229 650 3283; x_wconf 84' lang='grc' dir='ltr'>Ἰκανά</span> <span class='ocrx_word' id='word_1_424' title='bbox 681 3229 778 3299; x_wconf 80' lang='grc' dir='ltr'>μὲν</span> <span class='ocrx_word' id='word_1_425' title='bbox 799 3228 891 3283; x_wconf 85' lang='grc' dir='ltr'><strong>οῦν</strong></span> <span class='ocrx_word' id='word_1_426' title='bbox 920 3226 978 3283; x_wconf 82' lang='grc' dir='ltr'>εὖ</span> <span class='ocrx_word' id='word_1_427' title='bbox 1004 3226 1120 3285; x_wconf 76' lang='grc' dir='ltr'>οἴδα</span> <span class='ocrx_word' id='word_1_428' title='bbox 1149 3232 1309 3301; x_wconf 87' lang='grc' dir='ltr'>κόρον</span> <span class='ocrx_word' id='word_1_429' title='bbox 1331 3233 1520 3294; x_wconf 84' lang='grc' dir='ltr'>ἀκοαῖς</span> <span class='ocrx_word' id='word_1_430' title='bbox 1555 3232 1791 3296; x_wconf 78' lang='grc' dir='ltr'>ἐνθεῖναι</span> 
     </span>
    </p>
   </div>
   <div class='ocr_carea' id='block_1_58' title="bbox 204 3321 1792 3395">
    <p class='ocr_par' dir='ltr' id='par_1_58' title="bbox 204 3321 1792 3395">
     <span class='ocr_line' id='line_1_58' title="bbox 204 3321 1792 3395; baseline 0.001 -18"><span class='ocrx_word' id='word_1_431' title='bbox 204 3323 273 3378; x_wconf 84' lang='grc' dir='ltr'><strong>τὰ</strong></span> <span class='ocrx_word' id='word_1_432' title='bbox 300 3325 429 3395; x_wconf 89' lang='grc' dir='ltr'>είρη</span> <span class='ocrx_word' id='word_1_433' title='bbox 441 3322 595 3393; x_wconf 86' lang='grc' dir='ltr'>μένα,</span> <span class='ocrx_word' id='word_1_434' title='bbox 622 3321 756 3374; x_wconf 88' lang='grc' dir='ltr'><strong>ἀλλά</strong></span> <span class='ocrx_word' id='word_1_435' title='bbox 781 3323 991 3392; x_wconf 86' lang='grc' dir='ltr'>σιωπῆς</span> <span class='ocrx_word' id='word_1_436' title='bbox 1010 3323 1110 3376; x_wconf 84' lang='grc' dir='ltr'>οὐκ</span> <span class='ocrx_word' id='word_1_437' title='bbox 1143 3323 1267 3389; x_wconf 78' lang='grc' dir='ltr'>ἄξια</span> <span class='ocrx_word' id='word_1_438' title='bbox 1293 3323 1456 3377; x_wconf 89' lang='grc' dir='ltr'>πάλιν</span> <span class='ocrx_word' id='word_1_439' title='bbox 1479 3326 1548 3378; x_wconf 72' lang='grc' dir='ltr'><strong>τὰ</strong></span> <span class='ocrx_word' id='word_1_440' title='bbox 1571 3323 1792 3394; x_wconf 79' lang='grc' dir='ltr'>ἐφεξῆς.</span> 
     </span>
    </p>
   </div>
   <div class='ocr_carea' id='block_1_59' title="bbox 203 3411 1791 3484">
    <p class='ocr_par' dir='ltr' id='par_1_59' title="bbox 203 3411 1791 3484">
     <span class='ocr_line' id='line_1_59' title="bbox 203 3411 1791 3484; baseline -0.001 -16"><span class='ocrx_word' id='word_1_441' title='bbox 203 3414 517 3476; x_wconf 75' lang='grc' dir='ltr'>Νεανίσκοο</span> <span class='ocrx_word' id='word_1_442' title='bbox 542 3413 650 3484; x_wconf 88' lang='grc' dir='ltr'><strong>γάρ</strong></span> <span class='ocrx_word' id='word_1_443' title='bbox 673 3429 756 3476; x_wconf 90' lang='grc' dir='ltr'><strong>τις</strong></span> <span class='ocrx_word' id='word_1_444' title='bbox 781 3414 846 3466; x_wconf 90' lang='grc' dir='ltr'><strong>ἐκ</strong></span> <span class='ocrx_word' id='word_1_445' title='bbox 883 3411 1076 3482; x_wconf 85' lang='grc' dir='ltr'>κώμης</span> <span class='ocrx_word' id='word_1_446' title='bbox 1106 3413 1406 3476; x_wconf 83' lang='grc' dir='ltr'>Καλλινέας</span> <span class='ocrx_word' id='word_1_447' title='bbox 1429 3413 1791 3484; x_wconf 81' lang='grc' dir='ltr'>καλουμένης,</span> 
     </span>
    </p>
   </div>
   <div class='ocr_carea' id='block_1_60' title="bbox 1969 3230 3483 3307">
    <p class='ocr_par' dir='ltr' id='par_1_60' title="bbox 1969 3230 3483 3307">
     <span class='ocr_line' id='line_1_60' title="bbox 1969 3230 3483 3307; baseline 0.003 -23"><span class='ocrx_word' id='word_1_448' title='bbox 1969 3230 2095 3285; x_wconf 72' lang='lat'><strong>226.</strong></span> <span class='ocrx_word' id='word_1_449' title='bbox 2119 3231 2253 3297; x_wconf 61' lang='lat' dir='ltr'><strong>Quae</strong></span> <span class='ocrx_word' id='word_1_450' title='bbox 2286 3231 2556 3286; x_wconf 88' lang='lat' dir='ltr'><strong>hactenus</strong></span> <span class='ocrx_word' id='word_1_451' title='bbox 2579 3230 2725 3286; x_wconf 89' lang='lat' dir='ltr'><strong>dicta</strong></span> <span class='ocrx_word' id='word_1_452' title='bbox 2785 3241 2916 3287; x_wconf 91' lang='lat' dir='ltr'><strong>sunt</strong></span> <span class='ocrx_word' id='word_1_453' title='bbox 2971 3231 3113 3307; x_wconf 71' lang='lat' dir='ltr'><strong>bene</strong></span> <span class='ocrx_word' id='word_1_454' title='bbox 3167 3235 3359 3297; x_wconf 89' lang='lat' dir='ltr'><strong>multa,</strong></span> <span class='ocrx_word' id='word_1_455' title='bbox 3388 3249 3483 3288; x_wconf 88' lang='lat' dir='ltr'><strong>sa-</strong></span> 
     </span>
    </p>
   </div>
   <div class='ocr_carea' id='block_1_61' title="bbox 1901 3322 3481 3394">
    <p class='ocr_par' dir='ltr' id='par_1_61' title="bbox 1901 3322 3481 3394">
     <span class='ocr_line' id='line_1_61' title="bbox 1901 3322 3481 3394; baseline 0.002 -18"><span class='ocrx_word' id='word_1_456' title='bbox 1901 3322 2144 3378; x_wconf 62' lang='lat' dir='ltr'><strong>tietatem</strong></span> <span class='ocrx_word' id='word_1_457' title='bbox 2164 3322 2322 3377; x_wconf 91' lang='lat' dir='ltr'><strong>vobis</strong></span> <span class='ocrx_word' id='word_1_458' title='bbox 2349 3323 2714 3392; x_wconf 80' lang='lat' dir='ltr'><strong>ingesserunt,</strong></span> <span class='ocrx_word' id='word_1_459' title='bbox 2742 3323 2858 3376; x_wconf 91' lang='lat' dir='ltr'><strong>scio</strong></span> <span class='ocrx_word' id='word_1_460' title='bbox 2885 3341 2898 3376; x_wconf 93' lang='lat'>:</span> <span class='ocrx_word' id='word_1_461' title='bbox 2948 3334 3325 3378; x_wconf 82' lang='lat' dir='ltr'><strong>verumtamen</strong></span> <span class='ocrx_word' id='word_1_462' title='bbox 3355 3340 3481 3394; x_wconf 77' lang='lat' dir='ltr'><strong>quae</strong></span> 
     </span>
    </p>
   </div>
   <div class='ocr_carea' id='block_1_62' title="bbox 1898 3412 3479 3484">
    <p class='ocr_par' dir='ltr' id='par_1_62' title="bbox 1898 3412 3479 3484">
     <span class='ocr_line' id='line_1_62' title="bbox 1898 3412 3479 3484; baseline 0 -14"><span class='ocrx_word' id='word_1_463' title='bbox 1898 3415 2227 3484; x_wconf 85' lang='lat' dir='ltr'><strong>sequuntur,</strong></span> <span class='ocrx_word' id='word_1_464' title='bbox 2263 3412 2648 3483; x_wconf 57' lang='lat' dir='ltr'><strong>praetereunda</strong></span> <span class='ocrx_word' id='word_1_465' title='bbox 2703 3413 2925 3468; x_wconf 88' lang='lat' dir='ltr'><strong>silentio</strong></span> <span class='ocrx_word' id='word_1_466' title='bbox 2967 3430 3078 3468; x_wconf 89' lang='lat' dir='ltr'><strong>non</strong></span> <span class='ocrx_word' id='word_1_467' title='bbox 3127 3423 3274 3468; x_wconf 90' lang='lat' dir='ltr'><strong>sunt.</strong></span> <span class='ocrx_word' id='word_1_468' title='bbox 3313 3415 3479 3470; x_wconf 84' lang='lat' dir='ltr'><strong>Juve-</strong></span> 
     </span>
    </p>
   </div>
   <div class='ocr_carea' id='block_1_63' title="bbox 203 3494 1797 3578">
    <p class='ocr_par' dir='ltr' id='par_1_63' title="bbox 203 3494 1792 3578">
     <span class='ocr_line' id='line_1_63' title="bbox 203 3494 1792 3578; baseline 0 -20"><span class='ocrx_word' id='word_1_469' title='bbox 203 3504 486 3578; x_wconf 80' lang='grc' dir='ltr'>Γεώργιος</span> <span class='ocrx_word' id='word_1_470' title='bbox 519 3503 710 3573; x_wconf 76' lang='grc' dir='ltr'>ὄνομα,</span> <span class='ocrx_word' id='word_1_471' title='bbox 746 3494 1004 3556; x_wconf 82' lang='grc' dir='ltr'>σκάπτων</span> <span class='ocrx_word' id='word_1_472' title='bbox 1035 3505 1092 3556; x_wconf 86' lang='grc' dir='ltr'><strong>ἐν</strong></span> <span class='ocrx_word' id='word_1_473' title='bbox 1115 3503 1438 3567; x_wconf 78' lang='grc' dir='ltr'>οἰκοπέδοις,</span> <span class='ocrx_word' id='word_1_474' title='bbox 1467 3504 1709 3574; x_wconf 85' lang='grc' dir='ltr'>μνήματί</span> <span class='ocrx_word' id='word_1_475' title='bbox 1734 3522 1792 3558; x_wconf 87' lang='grc' dir='ltr'><strong>τε</strong></span> 
     </span>
    </p>
   </div>
   <div class='ocr_carea' id='block_1_64' title="bbox 1899 3494 3476 3578">
    <p class='ocr_par' dir='ltr' id='par_1_64' title="bbox 1900 3501 3476 3574">
     <span class='ocr_line' id='line_1_64' title="bbox 1900 3501 3476 3574; baseline 0.003 -17"><span class='ocrx_word' id='word_1_476' title='bbox 1900 3504 1988 3558; x_wconf 88' lang='lat' dir='ltr'><strong>nis</strong></span> <span class='ocrx_word' id='word_1_477' title='bbox 2013 3504 2235 3573; x_wconf 90' lang='lat' dir='ltr'><strong>quidam</strong></span> <span class='ocrx_word' id='word_1_478' title='bbox 2266 3519 2332 3557; x_wconf 85' lang='lat' dir='ltr'><strong>ex</strong></span> <span class='ocrx_word' id='word_1_479' title='bbox 2360 3517 2518 3572; x_wconf 83' lang='lat' dir='ltr'><strong>pago,</strong></span> <span class='ocrx_word' id='word_1_480' title='bbox 2550 3501 2645 3572; x_wconf 89' lang='lat' dir='ltr'><strong>qui</strong></span> <span class='ocrx_word' id='word_1_481' title='bbox 2671 3503 2976 3557; x_wconf 87' lang='lat' dir='ltr'><strong>vocabatur</strong></span> <span class='ocrx_word' id='word_1_482' title='bbox 3004 3503 3285 3562; x_wconf 85' lang='lat' dir='ltr'><strong>Callinea:</strong></span> <span class='ocrx_word' id='word_1_483' title='bbox 3337 3505 3476 3574; x_wconf 86' lang='lat' dir='ltr'><strong>ipse,</strong></span> 
     </span>
    </p>
   </div>
   <div class='ocr_carea' id='block_1_65' title="bbox 202 3577 1797 3666">
    <p class='ocr_par' dir='ltr' id='par_1_65' title="bbox 202 3577 1790 3666">
     <span class='ocr_line' id='line_1_65' title="bbox 202 3577 1790 3666; baseline -0.001 -16"><span class='ocrx_word' id='word_1_484' title='bbox 202 3577 544 3666; x_wconf 85' lang='grc' dir='ltr'>περιτυχὼν,</span> <span class='ocrx_word' id='word_1_485' title='bbox 590 3595 685 3648; x_wconf 78' lang='grc' dir='ltr'><strong>καὶ</strong></span> <span class='ocrx_word' id='word_1_486' title='bbox 712 3595 870 3648; x_wconf 88' lang='grc' dir='ltr'>τοῦτο</span> <span class='ocrx_word' id='word_1_487' title='bbox 903 3594 1176 3666; x_wconf 81' lang='grc' dir='ltr'>διορύξας,</span> <span class='ocrx_word' id='word_1_488' title='bbox 1211 3595 1386 3648; x_wconf 86' lang='grc' dir='ltr'>ἐλπίδι</span> <span class='ocrx_word' id='word_1_489' title='bbox 1415 3594 1512 3648; x_wconf 93' lang='grc' dir='ltr'><strong>τοῦ</strong></span> <span class='ocrx_word' id='word_1_490' title='bbox 1549 3596 1790 3665; x_wconf 88' lang='grc' dir='ltr'>κρυπτό-</span> 
     </span>
    </p>
   </div>
   <div class='ocr_carea' id='block_1_66' title="bbox 1899 3577 3474 3666">
    <p class='ocr_par' dir='ltr' id='par_1_66' title="bbox 1899 3593 3474 3664">
     <span class='ocr_line' id='line_1_66' title="bbox 1899 3593 3474 3664; baseline 0.002 -16"><span class='ocrx_word' id='word_1_491' title='bbox 1899 3593 2191 3664; x_wconf 81' lang='lat' dir='ltr'><strong>Georgius;</strong></span> <span class='ocrx_word' id='word_1_492' title='bbox 2225 3593 2426 3646; x_wconf 89' lang='lat' dir='ltr'><strong>rudera</strong></span> <span class='ocrx_word' id='word_1_493' title='bbox 2459 3593 2658 3647; x_wconf 90' lang='lat' dir='ltr'><strong>domus</strong></span> <span class='ocrx_word' id='word_1_494' title='bbox 2689 3609 2917 3658; x_wconf 90' lang='lat' dir='ltr'><strong>eruens,</strong></span> <span class='ocrx_word' id='word_1_495' title='bbox 2961 3594 3104 3649; x_wconf 91' lang='lat' dir='ltr'><strong>forte</strong></span> <span class='ocrx_word' id='word_1_496' title='bbox 3157 3595 3378 3650; x_wconf 86' lang='lat' dir='ltr'><strong>fortuna</strong></span> <span class='ocrx_word' id='word_1_497' title='bbox 3415 3598 3474 3651; x_wconf 90' lang='lat' dir='ltr'><strong>in</strong></span> 
     </span>
    </p>
   </div>
   <div class='ocr_carea' id='block_1_67' title="bbox 204 3685 1795 3759">
    <p class='ocr_par' dir='ltr' id='par_1_67' title="bbox 204 3685 1795 3759">
     <span class='ocr_line' id='line_1_67' title="bbox 204 3685 1795 3759; baseline 0.001 -20"><span class='ocrx_word' id='word_1_498' title='bbox 204 3703 366 3756; x_wconf 91' lang='grc' dir='ltr'>μενον</span> <span class='ocrx_word' id='word_1_499' title='bbox 389 3685 541 3756; x_wconf 85' lang='grc' dir='ltr'>τάχα</span> <span class='ocrx_word' id='word_1_500' title='bbox 564 3685 834 3758; x_wconf 83' lang='grc' dir='ltr'>θησαυρὸν</span> <span class='ocrx_word' id='word_1_501' title='bbox 858 3686 1123 3758; x_wconf 88' lang='grc' dir='ltr'>ἀνευρεῖν,</span> <span class='ocrx_word' id='word_1_502' title='bbox 1152 3687 1368 3756; x_wconf 83' lang='grc' dir='ltr'>δαίμονι</span> <span class='ocrx_word' id='word_1_503' title='bbox 1393 3687 1615 3758; x_wconf 85' lang='grc' dir='ltr'>χαλεπῷ</span> <span class='ocrx_word' id='word_1_504' title='bbox 1640 3705 1795 3759; x_wconf 85' lang='grc' dir='ltr'>περι-</span> 
     </span>
    </p>
   </div>
   <div class='ocr_carea' id='block_1_68' title="bbox 200 3777 1796 3854">
    <p class='ocr_par' dir='ltr' id='par_1_68' title="bbox 200 3777 1796 3854">
     <span class='ocr_line' id='line_1_68' title="bbox 200 3777 1796 3854; baseline 0.003 -22"><span class='ocrx_word' id='word_1_505' title='bbox 200 3779 388 3832; x_wconf 87' lang='grc' dir='ltr'>πίπτει</span> <span class='ocrx_word' id='word_1_506' title='bbox 409 3779 539 3847; x_wconf 84' lang='grc' dir='ltr'>(τῆς</span> <span class='ocrx_word' id='word_1_507' title='bbox 562 3778 713 3849; x_wconf 86' lang='grc' dir='ltr'>δίκης</span> <span class='ocrx_word' id='word_1_508' title='bbox 737 3777 924 3850; x_wconf 85' lang='grc' dir='ltr'>ὥσπερ</span> <span class='ocrx_word' id='word_1_509' title='bbox 957 3781 1160 3834; x_wconf 85' lang='grc' dir='ltr'>ἀνεκτά</span> <span class='ocrx_word' id='word_1_510' title='bbox 1190 3781 1446 3852; x_wconf 84' lang='grc' dir='ltr'>θεμένης,</span> <span class='ocrx_word' id='word_1_511' title='bbox 1469 3785 1516 3835; x_wconf 82' lang='grc' dir='ltr'><strong>εί</strong></span> <span class='ocrx_word' id='word_1_512' title='bbox 1547 3782 1620 3852; x_wconf 71' lang='grc' dir='ltr'>μὴ</span> <span class='ocrx_word' id='word_1_513' title='bbox 1646 3782 1796 3854; x_wconf 88' lang='grc' dir='ltr'><strong>παρά</strong></span> 
     </span>
    </p>
   </div>
   <div class='ocr_carea' id='block_1_69' title="bbox 197 3866 1796 3941">
    <p class='ocr_par' dir='ltr' id='par_1_69' title="bbox 197 3866 1796 3941">
     <span class='ocr_line' id='line_1_69' title="bbox 197 3866 1796 3941; baseline 0.004 -21"><span class='ocrx_word' id='word_1_514' title='bbox 197 3866 364 3932; x_wconf 88' lang='grc' dir='ltr'>πόδας</span> <span class='ocrx_word' id='word_1_515' title='bbox 397 3870 422 3920; x_wconf 89' lang='grc' dir='ltr'><strong>ἐ</strong></span> <span class='ocrx_word' id='word_1_516' title='bbox 442 3867 618 3920; x_wconf 85' lang='grc' dir='ltr'>ποίσει</span> <span class='ocrx_word' id='word_1_517' title='bbox 649 3867 744 3921; x_wconf 83' lang='grc' dir='ltr'>καὶ</span> <span class='ocrx_word' id='word_1_518' title='bbox 772 3869 1085 3941; x_wconf 85' lang='grc' dir='ltr'>τιμωρίαν),</span> <span class='ocrx_word' id='word_1_519' title='bbox 1113 3869 1208 3923; x_wconf 89' lang='grc' dir='ltr'><strong>καί</strong></span> <span class='ocrx_word' id='word_1_520' title='bbox 1237 3887 1388 3934; x_wconf 88' lang='grc' dir='ltr'>τινας</span> <span class='ocrx_word' id='word_1_521' title='bbox 1412 3866 1499 3924; x_wconf 73' lang='grc' dir='ltr'>οἷα</span> <span class='ocrx_word' id='word_1_522' title='bbox 1528 3874 1796 3939; x_wconf 85' lang='grc' dir='ltr'>γυναῖκας</span> 
     </span>
    </p>
   </div>
   <div class='ocr_carea' id='block_1_70' title="bbox 198 3957 1790 4034">
    <p class='ocr_par' dir='ltr' id='par_1_70' title="bbox 198 3957 1790 4034">
     <span class='ocr_line' id='line_1_70' title="bbox 198 3957 1790 4034; baseline 0.004 -23"><span class='ocrx_word' id='word_1_523' title='bbox 198 3957 321 4013; x_wconf 84' lang='grc' dir='ltr'>ίδὼν</span> <span class='ocrx_word' id='word_1_524' title='bbox 369 3958 536 4030; x_wconf 69' lang='grc' dir='ltr'><strong>αὓτῷ</strong></span> <span class='ocrx_word' id='word_1_525' title='bbox 582 3961 1017 4030; x_wconf 85' lang='grc' dir='ltr'>συμπλακείσας,</span> <span class='ocrx_word' id='word_1_526' title='bbox 1049 3962 1436 4032; x_wconf 86' lang='grc' dir='ltr'>μυκησάμενος</span> <span class='ocrx_word' id='word_1_527' title='bbox 1473 3964 1615 4017; x_wconf 84' lang='grc' dir='ltr'>κατὰ</span> <span class='ocrx_word' id='word_1_528' title='bbox 1643 3963 1790 4034; x_wconf 89' lang='grc' dir='ltr'>βοῦν,</span> 
     </span>
    </p>
   </div>
   <div class='ocr_carea' id='block_1_71' title="bbox 197 4051 1790 4123">
    <p class='ocr_par' dir='ltr' id='par_1_71' title="bbox 197 4051 1790 4123">
     <span class='ocr_line' id='line_1_71' title="bbox 197 4051 1790 4123; baseline 0.004 -20"><span class='ocrx_word' id='word_1_529' title='bbox 197 4052 276 4113; x_wconf 75' lang='grc' dir='ltr'>εἰς</span> <span class='ocrx_word' id='word_1_530' title='bbox 301 4051 405 4123; x_wconf 75' lang='grc' dir='ltr'>γῆν</span> <span class='ocrx_word' id='word_1_531' title='bbox 430 4053 762 4122; x_wconf 72' lang='grc' dir='ltr'>κατερράγη</span> <span class='ocrx_word' id='word_1_532' title='bbox 784 4067 797 4081; x_wconf 78' lang='grc'><strong><em>⁸</em></strong></span> <span class='ocrx_word' id='word_1_533' title='bbox 825 4051 884 4116; x_wconf 81' lang='grc' dir='ltr'>ἐξ</span> <span class='ocrx_word' id='word_1_534' title='bbox 903 4052 1114 4106; x_wconf 82' lang='grc' dir='ltr'>ἐκείνου</span> <span class='ocrx_word' id='word_1_535' title='bbox 1139 4053 1319 4106; x_wconf 88' lang='grc' dir='ltr'>τοίνυν</span> <span class='ocrx_word' id='word_1_536' title='bbox 1347 4054 1544 4108; x_wconf 84' lang='grc' dir='ltr'>ὁπόσαι</span> <span class='ocrx_word' id='word_1_537' title='bbox 1573 4055 1790 4122; x_wconf 87' lang='grc' dir='ltr'>νύκτες,</span> 
     </span>
    </p>
   </div>
   <div class='ocr_carea' id='block_1_72' title="bbox 207 4142 1790 4218">
    <p class='ocr_par' dir='ltr' id='par_1_72' title="bbox 207 4142 1790 4218">
     <span class='ocr_line' id='line_1_72' title="bbox 207 4142 1790 4218; baseline 0.004 -23"><span class='ocrx_word' id='word_1_538' title='bbox 207 4143 535 4215; x_wconf 77' lang='grc' dir='ltr'>ριπτόμενος</span> <span class='ocrx_word' id='word_1_539' title='bbox 562 4142 763 4211; x_wconf 78' lang='grc' dir='ltr'>ὁμοίως</span> <span class='ocrx_word' id='word_1_540' title='bbox 786 4144 865 4205; x_wconf 83' lang='grc' dir='ltr'><strong>είς</strong></span> <span class='ocrx_word' id='word_1_541' title='bbox 895 4142 1089 4212; x_wconf 80' lang='grc' dir='ltr'>ἔδαφος</span> <span class='ocrx_word' id='word_1_542' title='bbox 1113 4145 1207 4196; x_wconf 75' lang='grc' dir='ltr'>καὶ</span> <span class='ocrx_word' id='word_1_543' title='bbox 1235 4146 1678 4215; x_wconf 84' lang='grc' dir='ltr'>σπαραττόμενος</span> <span class='ocrx_word' id='word_1_544' title='bbox 1701 4143 1790 4218; x_wconf 86' lang='grc' dir='ltr'>ἦν,</span> 
     </span>
    </p>
   </div>
   <div class='ocr_carea' id='block_1_73' title="bbox 204 4233 1788 4308">
    <p class='ocr_par' dir='ltr' id='par_1_73' title="bbox 204 4233 1788 4308">
     <span class='ocr_line' id='line_1_73' title="bbox 204 4233 1788 4308; baseline 0.006 -22"><span class='ocrx_word' id='word_1_545' title='bbox 204 4234 378 4304; x_wconf 78' lang='grc' dir='ltr'>ἀφροῦ</span> <span class='ocrx_word' id='word_1_546' title='bbox 407 4252 470 4289; x_wconf 90' lang='grc' dir='ltr'><strong>τε</strong></span> <span class='ocrx_word' id='word_1_547' title='bbox 502 4233 860 4303; x_wconf 89' lang='grc' dir='ltr'>παραπτύων,</span> <span class='ocrx_word' id='word_1_548' title='bbox 889 4236 984 4288; x_wconf 58' lang='grc' dir='ltr'><strong>καί⁵</strong></span> <span class='ocrx_word' id='word_1_549' title='bbox 1013 4235 1083 4288; x_wconf 81' lang='grc' dir='ltr'>τὰ</span> <span class='ocrx_word' id='word_1_550' title='bbox 1111 4235 1260 4288; x_wconf 82' lang='grc' dir='ltr'>ἔνδον</span> <span class='ocrx_word' id='word_1_551' title='bbox 1289 4237 1788 4308; x_wconf 80' lang='grc' dir='ltr'>ἁναὸρασσόμενος.</span> 
     </span>
    </p>
   </div>
   <div class='ocr_carea' id='block_1_74' title="bbox 214 4321 1792 4400">
    <p class='ocr_par' dir='ltr' id='par_1_74' title="bbox 214 4321 1792 4400">
     <span class='ocr_line' id='line_1_74' title="bbox 214 4321 1792 4400; baseline 0.005 -24"><span class='ocrx_word' id='word_1_552' title='bbox 214 4321 537 4396; x_wconf 80' lang='grc' dir='ltr'>’Υπανῆπτε</span> <span class='ocrx_word' id='word_1_553' title='bbox 585 4326 642 4378; x_wconf 87' lang='grc' dir='ltr'>δὲ</span> <span class='ocrx_word' id='word_1_554' title='bbox 682 4325 831 4397; x_wconf 85' lang='grc' dir='ltr'><strong>αὐτῷ</strong></span> <span class='ocrx_word' id='word_1_555' title='bbox 861 4328 953 4380; x_wconf 76' lang='grc' dir='ltr'>καὶ</span> <span class='ocrx_word' id='word_1_556' title='bbox 984 4326 1316 4398; x_wconf 80' lang='grc' dir='ltr'>ζηλοτυπίας</span> <span class='ocrx_word' id='word_1_557' title='bbox 1354 4329 1446 4382; x_wconf 77' lang='grc' dir='ltr'>ἐπὶ</span> <span class='ocrx_word' id='word_1_558' title='bbox 1471 4332 1536 4400; x_wconf 82' lang='grc' dir='ltr'>τῇ</span> <span class='ocrx_word' id='word_1_559' title='bbox 1570 4333 1792 4398; x_wconf 77' lang='grc' dir='ltr'>γυναικὶ</span> 
     </span>
    </p>
   </div>
   <div class='ocr_carea' id='block_1_75' title="bbox 204 4414 1793 4492">
    <p class='ocr_par' dir='ltr' id='par_1_75' title="bbox 204 4414 1793 4492">
     <span class='ocr_line' id='line_1_75' title="bbox 204 4414 1793 4492; baseline 0.005 -26"><span class='ocrx_word' id='word_1_560' title='bbox 204 4414 406 4484; x_wconf 82' lang='grc' dir='ltr'>φλόγας</span> <span class='ocrx_word' id='word_1_561' title='bbox 463 4417 493 4470; x_wconf 84' lang='grc' dir='ltr'>ὁ</span> <span class='ocrx_word' id='word_1_562' title='bbox 527 4417 742 4487; x_wconf 75' lang='grc' dir='ltr'>μιαρὸς,</span> <span class='ocrx_word' id='word_1_563' title='bbox 779 4418 1030 4490; x_wconf 84' lang='grc' dir='ltr'>καθάπερ</span> <span class='ocrx_word' id='word_1_564' title='bbox 1061 4421 1198 4490; x_wconf 80' lang='grc' dir='ltr'>αὐτῇ</span> <span class='ocrx_word' id='word_1_565' title='bbox 1234 4418 1628 4490; x_wconf 81' lang='grc' dir='ltr'>συνεληλυθὼς,</span> <span class='ocrx_word' id='word_1_566' title='bbox 1654 4421 1793 4492; x_wconf 85' lang='grc' dir='ltr'>ὅπερ</span> 
     </span>
    </p>
   </div>
   <div class='ocr_carea' id='block_1_76' title="bbox 202 4499 1792 4582">
    <p class='ocr_par' dir='ltr' id='par_1_76' title="bbox 202 4499 1792 4582">
     <span class='ocr_line' id='line_1_76' title="bbox 202 4499 1792 4582; baseline 0.006 -26"><span class='ocrx_word' id='word_1_567' title='bbox 202 4499 271 4576; x_wconf 80' lang='grc' dir='ltr'>ἦν</span> <span class='ocrx_word' id='word_1_568' title='bbox 312 4507 460 4578; x_wconf 78' lang='grc' dir='ltr'>αὐτῷ</span> <span class='ocrx_word' id='word_1_569' title='bbox 509 4507 611 4576; x_wconf 83' lang='grc' dir='ltr'>τῆς</span> <span class='ocrx_word' id='word_1_570' title='bbox 669 4510 957 4581; x_wconf 77' lang='grc' dir='ltr'>συμφορᾶς</span> <span class='ocrx_word' id='word_1_571' title='bbox 1017 4510 1078 4562; x_wconf 82' lang='grc' dir='ltr'>τὸ</span> <span class='ocrx_word' id='word_1_572' title='bbox 1124 4509 1448 4580; x_wconf 86' lang='grc' dir='ltr'>βαρύτατον.</span> <span class='ocrx_word' id='word_1_573' title='bbox 1493 4512 1608 4565; x_wconf 83' lang='grc' dir='ltr'><strong>Οὐκ</strong></span> <span class='ocrx_word' id='word_1_574' title='bbox 1651 4511 1792 4582; x_wconf 79' lang='grc' dir='ltr'>ἔχων</span> 
     </span>
    </p>
   </div>
   <div class='ocr_carea' id='block_1_77' title="bbox 204 4591 1788 4674">
    <p class='ocr_par' dir='ltr' id='par_1_77' title="bbox 204 4591 1788 4674">
     <span class='ocr_line' id='line_1_77' title="bbox 204 4591 1788 4674; baseline 0.004 -24"><span class='ocrx_word' id='word_1_575' title='bbox 204 4591 296 4652; x_wconf 87' lang='grc' dir='ltr'><strong>οῦν</strong></span> <span class='ocrx_word' id='word_1_576' title='bbox 329 4600 358 4653; x_wconf 84' lang='grc' dir='ltr'><strong>ὅ</strong></span> <span class='ocrx_word' id='word_1_577' title='bbox 385 4600 438 4652; x_wconf 92' lang='grc' dir='ltr'><strong>τί</strong></span> <span class='ocrx_word' id='word_1_578' title='bbox 465 4616 594 4652; x_wconf 91' lang='grc' dir='ltr'>ποτε</span> <span class='ocrx_word' id='word_1_579' title='bbox 620 4600 746 4655; x_wconf 82' lang='grc' dir='ltr'>ἄλλο</span> <span class='ocrx_word' id='word_1_580' title='bbox 776 4603 910 4671; x_wconf 81' lang='grc' dir='ltr'>πρὸς</span> <span class='ocrx_word' id='word_1_581' title='bbox 934 4601 1107 4654; x_wconf 76' lang='grc' dir='ltr'>κακὸν</span> <span class='ocrx_word' id='word_1_582' title='bbox 1139 4601 1456 4672; x_wconf 84' lang='grc' dir='ltr'>τηλικοῦτον</span> <span class='ocrx_word' id='word_1_583' title='bbox 1487 4603 1788 4674; x_wconf 81' lang='grc' dir='ltr'>ἐπινοήσει,</span> 
     </span>
    </p>
   </div>
   <div class='ocr_carea' id='block_1_78' title="bbox 205 4691 1792 4766">
    <p class='ocr_par' dir='ltr' id='par_1_78' title="bbox 205 4691 1792 4766">
     <span class='ocr_line' id='line_1_78' title="bbox 205 4691 1792 4766; baseline 0.006 -25"><span class='ocrx_word' id='word_1_584' title='bbox 205 4691 516 4760; x_wconf 88' lang='grc' dir='ltr'>προσελθὼν</span> <span class='ocrx_word' id='word_1_585' title='bbox 538 4695 604 4765; x_wconf 78' lang='grc' dir='ltr'>τῇ</span> <span class='ocrx_word' id='word_1_586' title='bbox 627 4693 720 4746; x_wconf 85' lang='grc' dir='ltr'><strong>τοῦ</strong></span> <span class='ocrx_word' id='word_1_587' title='bbox 750 4694 988 4764; x_wconf 84' lang='grc' dir='ltr'>μεγάλου</span> <span class='ocrx_word' id='word_1_588' title='bbox 1024 4694 1230 4761; x_wconf 89' lang='grc' dir='ltr'>στάσει,</span> <span class='ocrx_word' id='word_1_589' title='bbox 1261 4695 1442 4766; x_wconf 77' lang='grc' dir='ltr'>ῥίπτει</span> <span class='ocrx_word' id='word_1_590' title='bbox 1487 4695 1631 4749; x_wconf 89' lang='grc' dir='ltr'><strong>κατά</strong></span> <span class='ocrx_word' id='word_1_591' title='bbox 1688 4696 1792 4766; x_wconf 84' lang='grc' dir='ltr'>γῆς</span> 
     </span>
    </p>
   </div>
   <div class='ocr_carea' id='block_1_79' title="bbox 207 4779 1791 4858">
    <p class='ocr_par' dir='ltr' id='par_1_79' title="bbox 207 4779 1791 4858">
     <span class='ocr_line' id='line_1_79' title="bbox 207 4779 1791 4858; baseline 0.005 -28"><span class='ocrx_word' id='word_1_592' title='bbox 207 4779 419 4850; x_wconf 71' lang='grc' dir='ltr'>ἑαυτὸν,</span> <span class='ocrx_word' id='word_1_593' title='bbox 452 4783 549 4847; x_wconf 76' lang='grc' dir='ltr'><strong>τὰς</strong></span> <span class='ocrx_word' id='word_1_594' title='bbox 587 4785 965 4856; x_wconf 87' lang='grc' dir='ltr'>κατασχούσας</span> <span class='ocrx_word' id='word_1_595' title='bbox 1013 4784 1174 4839; x_wconf 81' lang='grc' dir='ltr'>αὐτὸν</span> <span class='ocrx_word' id='word_1_596' title='bbox 1203 4785 1609 4858; x_wconf 81' lang='grc' dir='ltr'>ἀποδυρόμενος</span> <span class='ocrx_word' id='word_1_597' title='bbox 1652 4803 1791 4858; x_wconf 75' lang='grc' dir='ltr'>συμο</span> 
     </span>
    </p>
   </div>
   <div class='ocr_carea' id='block_1_80' title="bbox 207 4875 399 4943">
    <p class='ocr_par' dir='ltr' id='par_1_80' title="bbox 207 4875 399 4943">
     <span class='ocr_line' id='line_1_80' title="bbox 207 4875 399 4943; baseline -0.042 0"><span class='ocrx_word' id='word_1_598' title='bbox 207 4875 399 4943; x_wconf 81' lang='grc' dir='ltr'>φοράς.</span> 
     </span>
    </p>
   </div>
   <div class='ocr_carea' id='block_1_81' title="bbox 1896 3685 3474 3758">
    <p class='ocr_par' dir='ltr' id='par_1_81' title="bbox 1896 3685 3474 3758">
     <span class='ocr_line' id='line_1_81' title="bbox 1896 3685 3474 3758; baseline 0.003 -19"><span class='ocrx_word' id='word_1_599' title='bbox 1896 3697 2314 3740; x_wconf 90' lang='lat' dir='ltr'><strong>monumentum</strong></span> <span class='ocrx_word' id='word_1_600' title='bbox 2341 3685 2554 3750; x_wconf 89' lang='lat' dir='ltr'><strong>incidit,</strong></span> <span class='ocrx_word' id='word_1_601' title='bbox 2583 3687 2730 3755; x_wconf 91' lang='lat' dir='ltr'><strong>quod</strong></span> <span class='ocrx_word' id='word_1_602' title='bbox 2768 3687 2861 3739; x_wconf 88' lang='lat' dir='ltr'><strong>ubi</strong></span> <span class='ocrx_word' id='word_1_603' title='bbox 2890 3685 3158 3740; x_wconf 78' lang='lat' dir='ltr'><strong>eﬂ‘oderat</strong></span> <span class='ocrx_word' id='word_1_604' title='bbox 3193 3703 3289 3756; x_wconf 92' lang='lat' dir='ltr'><strong>spe</strong></span> <span class='ocrx_word' id='word_1_605' title='bbox 3317 3705 3474 3758; x_wconf 84' lang='lat' dir='ltr'><strong>repe-</strong></span> 
     </span>
    </p>
   </div>
   <div class='ocr_carea' id='block_1_82' title="bbox 1895 3776 3476 3842">
    <p class='ocr_par' dir='ltr' id='par_1_82' title="bbox 1895 3776 3476 3842">
     <span class='ocr_line' id='line_1_82' title="bbox 1895 3776 3476 3842; baseline 0.003 -11"><span class='ocrx_word' id='word_1_606' title='bbox 1895 3776 2074 3832; x_wconf 89' lang='lat' dir='ltr'><strong>riendi</strong></span> <span class='ocrx_word' id='word_1_607' title='bbox 2107 3777 2368 3831; x_wconf 89' lang='lat' dir='ltr'><strong>latentem</strong></span> <span class='ocrx_word' id='word_1_608' title='bbox 2402 3777 2742 3842; x_wconf 87' lang='lat' dir='ltr'><strong>thesaurum,</strong></span> <span class='ocrx_word' id='word_1_609' title='bbox 2781 3777 2849 3831; x_wconf 91' lang='lat' dir='ltr'><strong>ab</strong></span> <span class='ocrx_word' id='word_1_610' title='bbox 2877 3776 3078 3831; x_wconf 91' lang='lat' dir='ltr'><strong>infesto</strong></span> <span class='ocrx_word' id='word_1_611' title='bbox 3103 3778 3350 3834; x_wconf 61' lang='lat' dir='ltr'><strong>daemone</strong></span> <span class='ocrx_word' id='word_1_612' title='bbox 3379 3794 3476 3835; x_wconf 92' lang='lat' dir='ltr'><strong>oc-</strong></span> 
     </span>
    </p>
   </div>
   <div class='ocr_carea' id='block_1_83' title="bbox 1895 3867 3475 3939">
    <p class='ocr_par' dir='ltr' id='par_1_83' title="bbox 1895 3867 3475 3939">
     <span class='ocr_line' id='line_1_83' title="bbox 1895 3867 3475 3939; baseline 0 -14"><span class='ocrx_word' id='word_1_613' title='bbox 1895 3878 2126 3939; x_wconf 90' lang='lat' dir='ltr'><strong>cupatus</strong></span> <span class='ocrx_word' id='word_1_614' title='bbox 2154 3878 2241 3924; x_wconf 90' lang='lat' dir='ltr'><strong>est</strong></span> <span class='ocrx_word' id='word_1_615' title='bbox 2275 3868 2454 3939; x_wconf 90' lang='lat' dir='ltr'><strong>(quasi</strong></span> <span class='ocrx_word' id='word_1_616' title='bbox 2491 3869 2657 3923; x_wconf 92' lang='lat' dir='ltr'><strong>nimis</strong></span> <span class='ocrx_word' id='word_1_617' title='bbox 2707 3869 2844 3923; x_wconf 90' lang='lat' dir='ltr'><strong>levis</strong></span> <span class='ocrx_word' id='word_1_618' title='bbox 2879 3867 3069 3922; x_wconf 89' lang='lat' dir='ltr'><strong>futura</strong></span> <span class='ocrx_word' id='word_1_619' title='bbox 3121 3879 3272 3925; x_wconf 90' lang='lat' dir='ltr'><strong>esset</strong></span> <span class='ocrx_word' id='word_1_620' title='bbox 3334 3871 3475 3926; x_wconf 89' lang='lat' dir='ltr'><strong>ultio</strong></span> 
     </span>
    </p>
   </div>
   <div class='ocr_carea' id='block_1_84' title="bbox 1893 3960 3476 4031">
    <p class='ocr_par' dir='ltr' id='par_1_84' title="bbox 1893 3960 3476 4031">
     <span class='ocr_line' id='line_1_84' title="bbox 1893 3960 3476 4031; baseline 0.001 -16"><span class='ocrx_word' id='word_1_621' title='bbox 1893 3977 2015 4031; x_wconf 68' lang='lat' dir='ltr'><strong>quae</strong></span> <span class='ocrx_word' id='word_1_622' title='bbox 2044 3977 2152 4015; x_wconf 92' lang='lat' dir='ltr'><strong>non</strong></span> <span class='ocrx_word' id='word_1_623' title='bbox 2187 3960 2332 4015; x_wconf 90' lang='lat' dir='ltr'><strong>illico</strong></span> <span class='ocrx_word' id='word_1_624' title='bbox 2361 3977 2578 4030; x_wconf 74' lang='lat' dir='ltr'><strong>pmnam</strong></span> <span class='ocrx_word' id='word_1_625' title='bbox 2601 3961 2926 4028; x_wconf 85' lang='lat' dir='ltr'><strong>intulisset),</strong></span> <span class='ocrx_word' id='word_1_626' title='bbox 2969 3967 3026 4014; x_wconf 91' lang='lat' dir='ltr'><strong>et</strong></span> <span class='ocrx_word' id='word_1_627' title='bbox 3074 3961 3338 4030; x_wconf 90' lang='lat' dir='ltr'><strong>quasdam</strong></span> <span class='ocrx_word' id='word_1_628' title='bbox 3375 3978 3476 4017; x_wconf 86' lang='lat' dir='ltr'><strong>ve-</strong></span> 
     </span>
    </p>
   </div>
   <div class='ocr_carea' id='block_1_85' title="bbox 1892 4052 3474 4123">
    <p class='ocr_par' dir='ltr' id='par_1_85' title="bbox 1892 4052 3474 4123">
     <span class='ocr_line' id='line_1_85' title="bbox 1892 4052 3474 4123; baseline 0.001 -16"><span class='ocrx_word' id='word_1_629' title='bbox 1892 4053 1994 4108; x_wconf 91' lang='lat' dir='ltr'><strong>luti</strong></span> <span class='ocrx_word' id='word_1_630' title='bbox 2021 4053 2284 4109; x_wconf 87' lang='lat' dir='ltr'><strong>mulieres</strong></span> <span class='ocrx_word' id='word_1_631' title='bbox 2319 4052 2496 4123; x_wconf 89' lang='lat' dir='ltr'><strong>ipsum</strong></span> <span class='ocrx_word' id='word_1_632' title='bbox 2529 4054 2960 4122; x_wconf 90' lang='lat' dir='ltr'><strong>complectentes</strong></span> <span class='ocrx_word' id='word_1_633' title='bbox 2996 4053 3233 4108; x_wconf 90' lang='lat' dir='ltr'><strong>intuitus</strong></span> <span class='ocrx_word' id='word_1_634' title='bbox 3279 4067 3344 4108; x_wconf 90' lang='lat' dir='ltr'><strong>ac</strong></span> <span class='ocrx_word' id='word_1_635' title='bbox 3372 4053 3474 4108; x_wconf 86' lang='lat' dir='ltr'><strong>bo-</strong></span> 
     </span>
    </p>
   </div>
   <div class='ocr_carea' id='block_1_86' title="bbox 1893 4144 3472 4216">
    <p class='ocr_par' dir='ltr' id='par_1_86' title="bbox 1893 4144 3472 4216">
     <span class='ocr_line' id='line_1_86' title="bbox 1893 4144 3472 4216; baseline 0.001 -17"><span class='ocrx_word' id='word_1_636' title='bbox 1893 4146 1978 4200; x_wconf 87' lang='lat' dir='ltr'><strong>vis</strong></span> <span class='ocrx_word' id='word_1_637' title='bbox 1997 4146 2171 4200; x_wconf 90' lang='lat' dir='ltr'><strong>instar</strong></span> <span class='ocrx_word' id='word_1_638' title='bbox 2201 4145 2372 4201; x_wconf 87' lang='lat' dir='ltr'><strong>edens</strong></span> <span class='ocrx_word' id='word_1_639' title='bbox 2403 4145 2695 4214; x_wconf 81' lang='lat' dir='ltr'><strong>mugitum,</strong></span> <span class='ocrx_word' id='word_1_640' title='bbox 2723 4144 2778 4198; x_wconf 90' lang='lat' dir='ltr'><strong>in</strong></span> <span class='ocrx_word' id='word_1_641' title='bbox 2807 4153 3008 4200; x_wconf 90' lang='lat' dir='ltr'><strong>terram</strong></span> <span class='ocrx_word' id='word_1_642' title='bbox 3041 4160 3285 4216; x_wconf 67' lang='lat' dir='ltr'><strong>praeceps</strong></span> <span class='ocrx_word' id='word_1_643' title='bbox 3309 4145 3472 4201; x_wconf 88' lang='lat' dir='ltr'><strong>datus</strong></span> 
     </span>
    </p>
   </div>
   <div class='ocr_carea' id='block_1_87' title="bbox 1893 4235 3468 4310">
    <p class='ocr_par' dir='ltr' id='par_1_87' title="bbox 1893 4235 3468 4310">
     <span class='ocr_line' id='line_1_87' title="bbox 1893 4235 3468 4310; baseline 0.001 -20"><span class='ocrx_word' id='word_1_644' title='bbox 1893 4249 1978 4290; x_wconf 78' lang='lat' dir='ltr'><strong>est</strong></span> <span class='ocrx_word' id='word_1_645' title='bbox 2022 4257 2037 4295; x_wconf 89' lang='lat'><strong>:</strong></span> <span class='ocrx_word' id='word_1_646' title='bbox 2079 4237 2242 4310; x_wconf 88' lang='lat' dir='ltr'><strong>idque</strong></span> <span class='ocrx_word' id='word_1_647' title='bbox 2305 4236 2508 4290; x_wconf 89' lang='lat' dir='ltr'><strong>exinde</strong></span> <span class='ocrx_word' id='word_1_648' title='bbox 2539 4251 2639 4304; x_wconf 90' lang='lat' dir='ltr'><strong>per</strong></span> <span class='ocrx_word' id='word_1_649' title='bbox 2661 4235 2909 4305; x_wconf 87' lang='lat' dir='ltr'><strong>singulas</strong></span> <span class='ocrx_word' id='word_1_650' title='bbox 2939 4236 3230 4290; x_wconf 87' lang='lat' dir='ltr'><strong>accidebat</strong></span> <span class='ocrx_word' id='word_1_651' title='bbox 3259 4245 3468 4302; x_wconf 88' lang='lat' dir='ltr'><strong>noctes;</strong></span> 
     </span>
    </p>
   </div>
   <div class='ocr_carea' id='block_1_88' title="bbox 1892 4327 3470 4394">
    <p class='ocr_par' dir='ltr' id='par_1_88' title="bbox 1892 4327 3470 4394">
     <span class='ocr_line' id='line_1_88' title="bbox 1892 4327 3470 4394; baseline 0.001 -13"><span class='ocrx_word' id='word_1_652' title='bbox 1892 4327 2221 4382; x_wconf 88' lang='lat' dir='ltr'><strong>allidebatur</strong></span> <span class='ocrx_word' id='word_1_653' title='bbox 2253 4327 2400 4382; x_wconf 90' lang='lat' dir='ltr'><strong>enim</strong></span> <span class='ocrx_word' id='word_1_654' title='bbox 2428 4327 2594 4382; x_wconf 88' lang='lat' dir='ltr'><strong>simili</strong></span> <span class='ocrx_word' id='word_1_655' title='bbox 2627 4327 2792 4382; x_wconf 90' lang='lat' dir='ltr'><strong>modo</strong></span> <span class='ocrx_word' id='word_1_656' title='bbox 2817 4337 2999 4394; x_wconf 67' lang='lat' dir='ltr'><strong>terrae,</strong></span> <span class='ocrx_word' id='word_1_657' title='bbox 3028 4343 3093 4383; x_wconf 89' lang='lat' dir='ltr'><strong>ac</strong></span> <span class='ocrx_word' id='word_1_658' title='bbox 3121 4328 3470 4384; x_wconf 78' lang='lat' dir='ltr'><strong>dilaceraba-</strong></span> 
     </span>
    </p>
   </div>
   <div class='ocr_carea' id='block_1_89' title="bbox 1894 4419 3464 4489">
    <p class='ocr_par' dir='ltr' id='par_1_89' title="bbox 1894 4419 3464 4489">
     <span class='ocr_line' id='line_1_89' title="bbox 1894 4419 3464 4489; baseline 0.001 -17"><span class='ocrx_word' id='word_1_659' title='bbox 1894 4428 2005 4483; x_wconf 89' lang='lat' dir='ltr'><strong>tur,</strong></span> <span class='ocrx_word' id='word_1_660' title='bbox 2087 4427 2376 4488; x_wconf 83' lang='lat' dir='ltr'><strong>spumante</strong></span> <span class='ocrx_word' id='word_1_661' title='bbox 2427 4434 2548 4483; x_wconf 89' lang='lat' dir='ltr'><strong>ore,</strong></span> <span class='ocrx_word' id='word_1_662' title='bbox 2610 4419 3034 4489; x_wconf 87' lang='lat' dir='ltr'><strong>visceribusque</strong></span> <span class='ocrx_word' id='word_1_663' title='bbox 3087 4419 3464 4474; x_wconf 64' lang='lat' dir='ltr'><strong>aestuantibus.</strong></span> 
     </span>
    </p>
   </div>
   <div class='ocr_carea' id='block_1_90' title="bbox 1892 4509 3474 4583">
    <p class='ocr_par' dir='ltr' id='par_1_90' title="bbox 1892 4509 3474 4583">
     <span class='ocr_line' id='line_1_90' title="bbox 1892 4509 3474 4583; baseline -0.001 -17"><span class='ocrx_word' id='word_1_664' title='bbox 1892 4509 2138 4581; x_wconf 90' lang='lat' dir='ltr'><strong>Subjecit</strong></span> <span class='ocrx_word' id='word_1_665' title='bbox 2163 4525 2384 4580; x_wconf 90' lang='lat' dir='ltr'><strong>quoque</strong></span> <span class='ocrx_word' id='word_1_666' title='bbox 2411 4509 2527 4580; x_wconf 91' lang='lat' dir='ltr'><strong>ipse</strong></span> <span class='ocrx_word' id='word_1_667' title='bbox 2592 4511 2877 4583; x_wconf 71' lang='lat' dir='ltr'><strong>zelotypiae</strong></span> <span class='ocrx_word' id='word_1_668' title='bbox 2924 4510 3073 4566; x_wconf 86' lang='lat' dir='ltr'><strong>faces</strong></span> <span class='ocrx_word' id='word_1_669' title='bbox 3102 4511 3316 4565; x_wconf 84' lang='lat' dir='ltr'><strong>ratione</strong></span> <span class='ocrx_word' id='word_1_670' title='bbox 3338 4526 3474 4564; x_wconf 75' lang='lat' dir='ltr'><strong>uxo-</strong></span> 
     </span>
    </p>
   </div>
   <div class='ocr_carea' id='block_1_91' title="bbox 1891 4603 3464 4674">
    <p class='ocr_par' dir='ltr' id='par_1_91' title="bbox 1891 4603 3464 4674">
     <span class='ocr_line' id='line_1_91' title="bbox 1891 4603 3464 4674; baseline -0.001 -17"><span class='ocrx_word' id='word_1_671' title='bbox 1891 4603 1967 4658; x_wconf 90' lang='lat' dir='ltr'><strong>ris</strong></span> <span class='ocrx_word' id='word_1_672' title='bbox 2002 4618 2238 4673; x_wconf 85' lang='lat' dir='ltr'><strong>nequam</strong></span> <span class='ocrx_word' id='word_1_673' title='bbox 2265 4603 2512 4673; x_wconf 89' lang='lat' dir='ltr'><strong>spiritus,</strong></span> <span class='ocrx_word' id='word_1_674' title='bbox 2541 4613 2798 4673; x_wconf 87' lang='lat' dir='ltr'><strong>tanquam</strong></span> <span class='ocrx_word' id='word_1_675' title='bbox 2824 4605 2869 4658; x_wconf 91' lang='lat' dir='ltr'><strong>si</strong></span> <span class='ocrx_word' id='word_1_676' title='bbox 2912 4605 3030 4674; x_wconf 89' lang='lat' dir='ltr'><strong>ipse</strong></span> <span class='ocrx_word' id='word_1_677' title='bbox 3067 4620 3191 4659; x_wconf 92' lang='lat' dir='ltr'><strong>cum</strong></span> <span class='ocrx_word' id='word_1_678' title='bbox 3219 4604 3310 4658; x_wconf 89' lang='lat' dir='ltr'><strong>illa</strong></span> <span class='ocrx_word' id='word_1_679' title='bbox 3348 4619 3464 4657; x_wconf 89' lang='lat' dir='ltr'><strong>rem</strong></span> 
     </span>
    </p>
   </div>
   <div class='ocr_carea' id='block_1_92' title="bbox 1891 4694 3460 4764">
    <p class='ocr_par' dir='ltr' id='par_1_92' title="bbox 1891 4694 3460 4764">
     <span class='ocr_line' id='line_1_92' title="bbox 1891 4694 3460 4764; baseline 0.001 -15"><span class='ocrx_word' id='word_1_680' title='bbox 1891 4695 2207 4750; x_wconf 84' lang='lat' dir='ltr'><strong>habuisset:</strong></span> <span class='ocrx_word' id='word_1_681' title='bbox 2249 4694 2304 4748; x_wconf 91' lang='lat' dir='ltr'><strong>id</strong></span> <span class='ocrx_word' id='word_1_682' title='bbox 2356 4695 2506 4764; x_wconf 91' lang='lat' dir='ltr'><strong>quod</strong></span> <span class='ocrx_word' id='word_1_683' title='bbox 2563 4695 2778 4749; x_wconf 92' lang='lat' dir='ltr'><strong>homini</strong></span> <span class='ocrx_word' id='word_1_684' title='bbox 2817 4710 3133 4751; x_wconf 85' lang='lat' dir='ltr'><strong>aerumnoso</strong></span> <span class='ocrx_word' id='word_1_685' title='bbox 3196 4696 3460 4750; x_wconf 85' lang='lat' dir='ltr'><strong>aerumnis</strong></span> 
     </span>
    </p>
   </div>
   <div class='ocr_carea' id='block_1_93' title="bbox 1891 4786 3472 4856">
    <p class='ocr_par' dir='ltr' id='par_1_93' title="bbox 1891 4786 3472 4856">
     <span class='ocr_line' id='line_1_93' title="bbox 1891 4786 3472 4856; baseline -0.002 -13"><span class='ocrx_word' id='word_1_686' title='bbox 1891 4786 2150 4843; x_wconf 90' lang='lat' dir='ltr'><strong>omnibus</strong></span> <span class='ocrx_word' id='word_1_687' title='bbox 2203 4787 2424 4856; x_wconf 76' lang='lat' dir='ltr'><strong>gravius</strong></span> <span class='ocrx_word' id='word_1_688' title='bbox 2464 4788 2770 4843; x_wconf 86' lang='lat' dir='ltr'><strong>accidebat.</strong></span> <span class='ocrx_word' id='word_1_689' title='bbox 2838 4789 3089 4844; x_wconf 89' lang='lat' dir='ltr'><strong>Tandem</strong></span> <span class='ocrx_word' id='word_1_690' title='bbox 3140 4802 3265 4842; x_wconf 91' lang='lat' dir='ltr'><strong>cum</strong></span> <span class='ocrx_word' id='word_1_691' title='bbox 3323 4787 3472 4841; x_wconf 89' lang='lat' dir='ltr'><strong>aliud</strong></span> 
     </span>
    </p>
   </div>
   <div class='ocr_carea' id='block_1_94' title="bbox 1893 4877 3468 4953">
    <p class='ocr_par' dir='ltr' id='par_1_94' title="bbox 1893 4877 3468 4953">
     <span class='ocr_line' id='line_1_94' title="bbox 1893 4877 3468 4953; baseline -0.001 -19"><span class='ocrx_word' id='word_1_692' title='bbox 1893 4879 2122 4934; x_wconf 87' lang='lat' dir='ltr'><strong>haberet</strong></span> <span class='ocrx_word' id='word_1_693' title='bbox 2143 4878 2285 4933; x_wconf 88' lang='lat' dir='ltr'><strong>nihil</strong></span> <span class='ocrx_word' id='word_1_694' title='bbox 2305 4877 2454 4949; x_wconf 90' lang='lat' dir='ltr'><strong>quod</strong></span> <span class='ocrx_word' id='word_1_695' title='bbox 2507 4886 2671 4934; x_wconf 66' lang='lat' dir='ltr'><strong>tantae</strong></span> <span class='ocrx_word' id='word_1_696' title='bbox 2737 4879 3036 4935; x_wconf 88' lang='lat' dir='ltr'><strong>calamitati</strong></span> <span class='ocrx_word' id='word_1_697' title='bbox 3069 4879 3360 4953; x_wconf 76' lang='lat' dir='ltr'><strong>obiiceret,</strong></span> <span class='ocrx_word' id='word_1_698' title='bbox 3399 4877 3468 4932; x_wconf 86' lang='lat' dir='ltr'><strong>ad</strong></span> 
     </span>
    </p>
   </div>
   <div class='ocr_carea' id='block_1_95' title="bbox 207 4967 3474 5044">
    <p class='ocr_par' dir='ltr' id='par_1_95' title="bbox 207 4967 3474 5044">
     <span class='ocr_line' id='line_1_95' title="bbox 207 4967 3474 5044; baseline 0 -24"><span class='ocrx_word' id='word_1_699' title='bbox 207 4968 385 5037; x_wconf 81' lang='lat' dir='ltr'><strong>magni</strong></span> <span class='ocrx_word' id='word_1_700' title='bbox 437 4968 722 5040; x_wconf 86' lang='lat' dir='ltr'><strong>Symeonis</strong></span> <span class='ocrx_word' id='word_1_701' title='bbox 781 4971 1094 5027; x_wconf 87' lang='lat' dir='ltr'><strong>columnam</strong></span> <span class='ocrx_word' id='word_1_702' title='bbox 1154 4975 1489 5044; x_wconf 87' lang='lat' dir='ltr'><strong>procedens,</strong></span> <span class='ocrx_word' id='word_1_703' title='bbox 1548 4971 1777 5044; x_wconf 89' lang='lat' dir='ltr'><strong>conjicit</strong></span> <span class='ocrx_word' id='word_1_704' title='bbox 1816 4985 1937 5026; x_wconf 89' lang='lat' dir='ltr'><strong>sesc</strong></span> <span class='ocrx_word' id='word_1_705' title='bbox 1965 4969 2019 5024; x_wconf 92' lang='lat' dir='ltr'><strong>in</strong></span> <span class='ocrx_word' id='word_1_706' title='bbox 2041 4976 2268 5033; x_wconf 89' lang='lat' dir='ltr'><strong>terram,</strong></span> <span class='ocrx_word' id='word_1_707' title='bbox 2298 4969 2634 5034; x_wconf 89' lang='lat' dir='ltr'><strong>luctuosum,</strong></span> <span class='ocrx_word' id='word_1_708' title='bbox 2687 4967 2743 5023; x_wconf 92' lang='lat' dir='ltr'><strong>in</strong></span> <span class='ocrx_word' id='word_1_709' title='bbox 2802 4985 2912 5040; x_wconf 90' lang='lat' dir='ltr'><strong>quo</strong></span> <span class='ocrx_word' id='word_1_710' title='bbox 2936 4977 3054 5024; x_wconf 88' lang='lat' dir='ltr'><strong>erat</strong></span> <span class='ocrx_word' id='word_1_711' title='bbox 3082 4975 3285 5024; x_wconf 90' lang='lat' dir='ltr'><strong>statum</strong></span> <span class='ocrx_word' id='word_1_712' title='bbox 3313 4982 3474 5022; x_wconf 89' lang='lat' dir='ltr'><strong>suum</strong></span> 
     </span>
    </p>
   </div>
   <div class='ocr_carea' id='block_1_96' title="bbox 208 5057 528 5114">
    <p class='ocr_par' dir='ltr' id='par_1_96' title="bbox 208 5057 528 5114">
     <span class='ocr_line' id='line_1_96' title="bbox 208 5057 528 5114; baseline 0.009 -3"><span class='ocrx_word' id='word_1_713' title='bbox 208 5057 528 5114; x_wconf 86' lang='lat' dir='ltr'><strong>lamentans.</strong></span> 
     </span>
    </p>
   </div>
   <div class='ocr_carea' id='block_1_97' title="bbox 280 5151 1797 5229">
    <p class='ocr_par' dir='ltr' id='par_1_97' title="bbox 280 5151 1783 5229">
     <span class='ocr_line' id='line_1_97' title="bbox 280 5151 1783 5229; baseline 0.005 -25"><span class='ocrx_word' id='word_1_714' title='bbox 280 5151 416 5216; x_wconf 64' lang='grc' dir='ltr'>σκζῖ</span> <span class='ocrx_word' id='word_1_715' title='bbox 441 5153 571 5216; x_wconf 86' lang='grc' dir='ltr'>Ταῖς</span> <span class='ocrx_word' id='word_1_716' title='bbox 600 5155 765 5208; x_wconf 80' lang='grc' dir='ltr'>αὐτοῦ</span> <span class='ocrx_word' id='word_1_717' title='bbox 823 5157 1002 5211; x_wconf 87' lang='grc' dir='ltr'>τοίνυν</span> <span class='ocrx_word' id='word_1_718' title='bbox 1057 5160 1359 5229; x_wconf 78' lang='grc' dir='ltr'>ἱκετηρίαις</span> <span class='ocrx_word' id='word_1_719' title='bbox 1409 5159 1783 5223; x_wconf 67' lang='grc' dir='ltr'>ἐπικλασθεὶς,</span> 
     </span>
    </p>
   </div>
   <div class='ocr_carea' id='block_1_98' title="bbox 1899 5151 3478 5229">
    <p class='ocr_par' dir='ltr' id='par_1_98' title="bbox 1959 5153 3478 5228">
     <span class='ocr_line' id='line_1_98' title="bbox 1959 5153 3478 5228; baseline -0.007 -13"><span class='ocrx_word' id='word_1_720' title='bbox 1959 5160 2085 5215; x_wconf 74' lang='grc'>227.</span> <span class='ocrx_word' id='word_1_721' title='bbox 2127 5159 2242 5214; x_wconf 89' lang='lat' dir='ltr'><strong>Hoc</strong></span> <span class='ocrx_word' id='word_1_722' title='bbox 2275 5166 2381 5213; x_wconf 87' lang='lat' dir='ltr'><strong>tam</strong></span> <span class='ocrx_word' id='word_1_723' title='bbox 2427 5157 2663 5228; x_wconf 86' lang='lat' dir='ltr'><strong>supplici</strong></span> <span class='ocrx_word' id='word_1_724' title='bbox 2699 5155 2896 5227; x_wconf 77' lang='lat' dir='ltr'><strong>agendi</strong></span> <span class='ocrx_word' id='word_1_725' title='bbox 2954 5153 3117 5208; x_wconf 91' lang='lat' dir='ltr'><strong>modo</strong></span> <span class='ocrx_word' id='word_1_726' title='bbox 3161 5159 3478 5208; x_wconf 85' lang='lat' dir='ltr'><strong>commotus</strong></span> 
     </span>
    </p>
   </div>
   <div class='ocr_carea' id='block_1_99' title="bbox 209 5244 1787 5321">
    <p class='ocr_par' dir='ltr' id='par_1_99' title="bbox 209 5244 1787 5321">
     <span class='ocr_line' id='line_1_99' title="bbox 209 5244 1787 5321; baseline 0.005 -25"><span class='ocrx_word' id='word_1_727' title='bbox 209 5244 438 5311; x_wconf 82' lang='grc' dir='ltr'>Παῦσαι,</span> <span class='ocrx_word' id='word_1_728' title='bbox 467 5247 681 5316; x_wconf 81' lang='grc' dir='ltr'>ἀδελφὲ,</span> <span class='ocrx_word' id='word_1_729' title='bbox 712 5248 1060 5320; x_wconf 84' lang='grc' dir='ltr'>ὀδυρόμενος,</span> <span class='ocrx_word' id='word_1_730' title='bbox 1080 5251 1205 5321; x_wconf 74' lang='grc' dir='ltr'>ἔφη,</span> <span class='ocrx_word' id='word_1_731' title='bbox 1243 5253 1334 5304; x_wconf 72' lang='grc' dir='ltr'>καὶ</span> <span class='ocrx_word' id='word_1_732' title='bbox 1364 5251 1545 5304; x_wconf 82' lang='grc' dir='ltr'>οἴκαδε</span> <span class='ocrx_word' id='word_1_733' title='bbox 1585 5253 1787 5321; x_wconf 80' lang='grc' dir='ltr'>μᾶλλον</span> 
     </span>
    </p>
   </div>
   <div class='ocr_carea' id='block_1_100' title="bbox 209 5337 1785 5412">
    <p class='ocr_par' dir='ltr' id='par_1_100' title="bbox 209 5337 1785 5412">
     <span class='ocr_line' id='line_1_100' title="bbox 209 5337 1785 5412; baseline 0.007 -26"><span class='ocrx_word' id='word_1_734' title='bbox 209 5337 470 5405; x_wconf 80' lang='grc' dir='ltr'>ἐπάνηκε,</span> <span class='ocrx_word' id='word_1_735' title='bbox 521 5340 613 5393; x_wconf 73' lang='grc' dir='ltr'>καὶ</span> <span class='ocrx_word' id='word_1_736' title='bbox 645 5342 745 5394; x_wconf 76' lang='grc' dir='ltr'>οὐκ</span> <span class='ocrx_word' id='word_1_737' title='bbox 776 5341 1102 5410; x_wconf 80' lang='grc' dir='ltr'>ἀστοχήσεις</span> <span class='ocrx_word' id='word_1_738' title='bbox 1145 5342 1242 5411; x_wconf 86' lang='grc' dir='ltr'><strong>τῆς</strong></span> <span class='ocrx_word' id='word_1_739' title='bbox 1276 5342 1594 5412; x_wconf 87' lang='grc' dir='ltr'>θεραπείας.</span> <span class='ocrx_word' id='word_1_740' title='bbox 1641 5345 1698 5397; x_wconf 90' lang='grc' dir='ltr'><strong>Ὀ</strong></span> <span class='ocrx_word' id='word_1_741' title='bbox 1727 5344 1785 5397; x_wconf 88' lang='grc' dir='ltr'><strong>δέ</strong></span> 
     </span>
    </p>
   </div>
   <div class='ocr_carea' id='block_1_101' title="bbox 209 5427 1784 5507">
    <p class='ocr_par' dir='ltr' id='par_1_101' title="bbox 209 5427 1784 5507">
     <span class='ocr_line' id='line_1_101' title="bbox 209 5427 1784 5507; baseline 0.006 -29"><span class='ocrx_word' id='word_1_742' title='bbox 209 5427 304 5496; x_wconf 81' lang='grc' dir='ltr'>τὴν</span> <span class='ocrx_word' id='word_1_743' title='bbox 345 5429 673 5498; x_wconf 85' lang='grc' dir='ltr'>ἐπαγγελίαν</span> <span class='ocrx_word' id='word_1_744' title='bbox 706 5435 960 5502; x_wconf 79' lang='grc' dir='ltr'>ἁσμένως</span> <span class='ocrx_word' id='word_1_745' title='bbox 999 5433 1310 5503; x_wconf 82' lang='grc' dir='ltr'>δεξάμενος,</span> <span class='ocrx_word' id='word_1_746' title='bbox 1349 5433 1537 5506; x_wconf 85' lang='grc' dir='ltr'>ὥσπερ</span> <span class='ocrx_word' id='word_1_747' title='bbox 1561 5437 1660 5507; x_wconf 73' lang='grc' dir='ltr'>ἤδη</span> <span class='ocrx_word' id='word_1_748' title='bbox 1691 5435 1784 5488; x_wconf 85' lang='grc' dir='ltr'><strong>τοῦ</strong></span> 
     </span>
    </p>
   </div>
   <div class='ocr_carea' id='block_1_102' title="bbox 211 5518 1785 5598">
    <p class='ocr_par' dir='ltr' id='par_1_102' title="bbox 211 5518 1785 5598">
     <span class='ocr_line' id='line_1_102' title="bbox 211 5518 1785 5598; baseline 0.01 -30"><span class='ocrx_word' id='word_1_749' title='bbox 211 5518 539 5591; x_wconf 74' lang='grc' dir='ltr'>ποθουμένου</span> <span class='ocrx_word' id='word_1_750' title='bbox 597 5524 772 5596; x_wconf 86' lang='grc' dir='ltr'>τυχὼν</span> <span class='ocrx_word' id='word_1_751' title='bbox 823 5525 1084 5596; x_wconf 84' lang='grc' dir='ltr'>ἐπανῄει·</span> <span class='ocrx_word' id='word_1_752' title='bbox 1143 5527 1237 5579; x_wconf 73' lang='grc' dir='ltr'>καὶ</span> <span class='ocrx_word' id='word_1_753' title='bbox 1293 5527 1391 5598; x_wconf 82' lang='grc' dir='ltr'>τὴν</span> <span class='ocrx_word' id='word_1_754' title='bbox 1451 5529 1546 5598; x_wconf 84' lang='grc' dir='ltr'>μὲν</span> <span class='ocrx_word' id='word_1_755' title='bbox 1608 5531 1785 5583; x_wconf 77' lang='grc' dir='ltr'>οἰκίαν</span> 
     </span>
    </p>
   </div>
   <div class='ocr_carea' id='block_1_103' title="bbox 208 5611 1780 5691">
    <p class='ocr_par' dir='ltr' id='par_1_103' title="bbox 208 5611 1780 5691">
     <span class='ocr_line' id='line_1_103' title="bbox 208 5611 1780 5691; baseline 0.007 -27"><span class='ocrx_word' id='word_1_756' title='bbox 208 5611 762 5690; x_wconf 64' lang='grc' dir='ltr'>καταλαμϐάνει,’τὴν</span> <span class='ocrx_word' id='word_1_757' title='bbox 805 5621 1040 5686; x_wconf 70' lang='grc' dir='ltr'>γυναῖκα</span> <span class='ocrx_word' id='word_1_758' title='bbox 1088 5618 1143 5671; x_wconf 84' lang='grc' dir='ltr'>δὲ</span> <span class='ocrx_word' id='word_1_759' title='bbox 1186 5619 1284 5690; x_wconf 79' lang='grc' dir='ltr'>οὐχ</span> <span class='ocrx_word' id='word_1_760' title='bbox 1338 5622 1598 5691; x_wconf 82' lang='grc' dir='ltr'>εὑρίσκει.</span> <span class='ocrx_word' id='word_1_761' title='bbox 1650 5623 1780 5675; x_wconf 73' lang='grc' dir='ltr'><strong>Ἀπο</strong></span> 
     </span>
    </p>
   </div>
   <div class='ocr_carea' id='block_1_104' title="bbox 210 5698 1779 5783">
    <p class='ocr_par' dir='ltr' id='par_1_104' title="bbox 210 5698 1779 5783">
     <span class='ocr_line' id='line_1_104' title="bbox 210 5698 1779 5783; baseline 0.009 -33"><span class='ocrx_word' id='word_1_762' title='bbox 210 5698 340 5768; x_wconf 83' lang='grc' dir='ltr'>έδρα</span> <span class='ocrx_word' id='word_1_763' title='bbox 368 5706 472 5775; x_wconf 73' lang='grc' dir='ltr'>γὰρ</span> <span class='ocrx_word' id='word_1_764' title='bbox 503 5707 626 5778; x_wconf 72' lang='grc' dir='ltr'>ήδη,</span> <span class='ocrx_word' id='word_1_765' title='bbox 666 5709 1121 5780; x_wconf 75' lang='grc' dir='ltr'>συσκευασαμένη</span> <span class='ocrx_word' id='word_1_766' title='bbox 1153 5709 1222 5763; x_wconf 76' lang='grc' dir='ltr'><strong>τά</strong></span> <span class='ocrx_word' id='word_1_767' title='bbox 1279 5711 1426 5775; x_wconf 72' lang='grc' dir='ltr'>ὅντα,</span> <span class='ocrx_word' id='word_1_768' title='bbox 1472 5712 1530 5764; x_wconf 81' lang='grc' dir='ltr'>τὸ</span> <span class='ocrx_word' id='word_1_769' title='bbox 1583 5712 1779 5783; x_wconf 67' lang='grc' dir='ltr'>βρέφος</span> 
     </span>
    </p>
   </div>
   <div class='ocr_carea' id='block_1_105' title="bbox 211 5788 1776 5874">
    <p class='ocr_par' dir='ltr' id='par_1_105' title="bbox 211 5788 1776 5874">
     <span class='ocr_line' id='line_1_105' title="bbox 211 5788 1776 5874; baseline 0.011 -34"><span class='ocrx_word' id='word_1_770' title='bbox 211 5788 300 5842; x_wconf 66' lang='grc' dir='ltr'>ἐπὶ</span> <span class='ocrx_word' id='word_1_771' title='bbox 333 5793 426 5863; x_wconf 83' lang='grc' dir='ltr'>τῆς</span> <span class='ocrx_word' id='word_1_772' title='bbox 458 5795 631 5862; x_wconf 69' lang='grc' dir='ltr'>οἰκίας</span> <span class='ocrx_word' id='word_1_773' title='bbox 663 5802 805 5872; x_wconf 71' lang='grc' dir='ltr'>(ἄρτι</span> <span class='ocrx_word' id='word_1_774' title='bbox 847 5799 954 5870; x_wconf 71' lang='grc' dir='ltr'><strong>γὰρ</strong></span> <span class='ocrx_word' id='word_1_775' title='bbox 992 5800 1054 5854; x_wconf 80' lang='grc' dir='ltr'><strong>ἐκ</strong></span> <span class='ocrx_word' id='word_1_776' title='bbox 1081 5801 1172 5854; x_wconf 81' lang='grc' dir='ltr'><strong>τοῦ</strong></span> <span class='ocrx_word' id='word_1_777' title='bbox 1207 5803 1398 5873; x_wconf 71' lang='grc' dir='ltr'>ἀνδρὸς</span> <span class='ocrx_word' id='word_1_778' title='bbox 1434 5803 1569 5874; x_wconf 77' lang='grc' dir='ltr'>ἐκύη</span> <span class='ocrx_word' id='word_1_779' title='bbox 1598 5805 1776 5874; x_wconf 75' lang='grc' dir='ltr'>μόνον)</span> 
     </span>
    </p>
   </div>
   <div class='ocr_carea' id='block_1_106' title="bbox 1897 5241 3476 5318">
    <p class='ocr_par' dir='ltr' id='par_1_106' title="bbox 1897 5241 3476 5318">
     <span class='ocr_line' id='line_1_106' title="bbox 1897 5241 3476 5318; baseline -0.007 -13"><span class='ocrx_word' id='word_1_780' title='bbox 1897 5252 1989 5305; x_wconf 90' lang='lat' dir='ltr'><strong>ille</strong></span> <span class='ocrx_word' id='word_1_781' title='bbox 2032 5251 2298 5313; x_wconf 89' lang='lat' dir='ltr'><strong>:Desine,</strong></span> <span class='ocrx_word' id='word_1_782' title='bbox 2342 5249 2540 5318; x_wconf 85' lang='lat' dir='ltr'><strong>inquit,</strong></span> <span class='ocrx_word' id='word_1_783' title='bbox 2584 5249 2656 5302; x_wconf 91' lang='lat' dir='ltr'><strong>mi</strong></span> <span class='ocrx_word' id='word_1_784' title='bbox 2703 5247 2894 5307; x_wconf 87' lang='lat' dir='ltr'><strong>frater,</strong></span> <span class='ocrx_word' id='word_1_785' title='bbox 2925 5243 3238 5306; x_wconf 88' lang='lat' dir='ltr'><strong>lamentari,</strong></span> <span class='ocrx_word' id='word_1_786' title='bbox 3275 5257 3338 5296; x_wconf 88' lang='lat' dir='ltr'><strong>ac</strong></span> <span class='ocrx_word' id='word_1_787' title='bbox 3376 5241 3476 5295; x_wconf 84' lang='lat' dir='ltr'><strong>do-</strong></span> 
     </span>
    </p>
   </div>
   <div class='ocr_carea' id='block_1_107' title="bbox 1893 5333 3480 5410">
    <p class='ocr_par' dir='ltr' id='par_1_107' title="bbox 1893 5333 3480 5410">
     <span class='ocr_line' id='line_1_107' title="bbox 1893 5333 3480 5410; baseline -0.006 -16"><span class='ocrx_word' id='word_1_788' title='bbox 1893 5357 2044 5394; x_wconf 91' lang='lat' dir='ltr'><strong>mum</strong></span> <span class='ocrx_word' id='word_1_789' title='bbox 2095 5339 2385 5410; x_wconf 79' lang='lat' dir='ltr'><strong>regredere</strong></span> <span class='ocrx_word' id='word_1_790' title='bbox 2441 5339 2659 5408; x_wconf 91' lang='lat' dir='ltr'><strong>potius,</strong></span> <span class='ocrx_word' id='word_1_791' title='bbox 2717 5346 2773 5390; x_wconf 73' lang='lat' dir='ltr'><strong>ct</strong></span> <span class='ocrx_word' id='word_1_792' title='bbox 2822 5352 2932 5390; x_wconf 90' lang='lat' dir='ltr'><strong>non</strong></span> <span class='ocrx_word' id='word_1_793' title='bbox 2992 5333 3350 5390; x_wconf 78' lang='lat' dir='ltr'><strong>frustraberis</strong></span> <span class='ocrx_word' id='word_1_794' title='bbox 3399 5347 3480 5385; x_wconf 87' lang='lat' dir='ltr'><strong>sa-</strong></span> 
     </span>
    </p>
   </div>
   <div class='ocr_carea' id='block_1_108' title="bbox 1896 5429 3477 5504">
    <p class='ocr_par' dir='ltr' id='par_1_108' title="bbox 1896 5429 3477 5504">
     <span class='ocr_line' id='line_1_108' title="bbox 1896 5429 3477 5504; baseline -0.008 -13"><span class='ocrx_word' id='word_1_795' title='bbox 1896 5437 2084 5491; x_wconf 89' lang='lat' dir='ltr'><strong>nitate.</strong></span> <span class='ocrx_word' id='word_1_796' title='bbox 2139 5435 2364 5504; x_wconf 87' lang='lat' dir='ltr'><strong>Accepit</strong></span> <span class='ocrx_word' id='word_1_797' title='bbox 2412 5449 2544 5504; x_wconf 89' lang='lat' dir='ltr'><strong>ergo</strong></span> <span class='ocrx_word' id='word_1_798' title='bbox 2584 5433 2979 5503; x_wconf 86' lang='lat' dir='ltr'><strong>promissiones</strong></span> <span class='ocrx_word' id='word_1_799' title='bbox 3024 5432 3147 5485; x_wconf 62' lang='lat' dir='ltr'><strong>laeto</strong></span> <span class='ocrx_word' id='word_1_800' title='bbox 3181 5429 3386 5490; x_wconf 88' lang='lat' dir='ltr'><strong>animo,</strong></span> <span class='ocrx_word' id='word_1_801' title='bbox 3422 5435 3477 5480; x_wconf 89' lang='lat' dir='ltr'><strong>et</strong></span> 
     </span>
    </p>
   </div>
   <div class='ocr_carea' id='block_1_109' title="bbox 1889 5520 3474 5597">
    <p class='ocr_par' dir='ltr' id='par_1_109' title="bbox 1889 5520 3474 5597">
     <span class='ocr_line' id='line_1_109' title="bbox 1889 5520 3474 5597; baseline -0.008 -16"><span class='ocrx_word' id='word_1_802' title='bbox 1889 5527 2058 5581; x_wconf 76' lang='lat' dir='ltr'><strong>veluti</strong></span> <span class='ocrx_word' id='word_1_803' title='bbox 2097 5527 2206 5597; x_wconf 90' lang='lat' dir='ltr'><strong>jam</strong></span> <span class='ocrx_word' id='word_1_804' title='bbox 2261 5534 2445 5579; x_wconf 88' lang='lat' dir='ltr'><strong>certus</strong></span> <span class='ocrx_word' id='word_1_805' title='bbox 2503 5525 2764 5579; x_wconf 88' lang='lat' dir='ltr'><strong>desiderii</strong></span> <span class='ocrx_word' id='word_1_806' title='bbox 2825 5520 3136 5584; x_wconf 82' lang='lat' dir='ltr'><strong>obtinendi,</strong></span> <span class='ocrx_word' id='word_1_807' title='bbox 3193 5531 3474 5586; x_wconf 76' lang='lat' dir='ltr'><strong>regressus</strong></span> 
     </span>
    </p>
   </div>
   <div class='ocr_carea' id='block_1_110' title="bbox 1885 5609 3473 5688">
    <p class='ocr_par' dir='ltr' id='par_1_110' title="bbox 1885 5609 3473 5688">
     <span class='ocr_line' id='line_1_110' title="bbox 1885 5609 3473 5688; baseline -0.008 -15"><span class='ocrx_word' id='word_1_808' title='bbox 1885 5628 1992 5674; x_wconf 87' lang='lat' dir='ltr'><strong>est.</strong></span> <span class='ocrx_word' id='word_1_809' title='bbox 2029 5619 2096 5672; x_wconf 85' lang='lat' dir='ltr'><strong>At</strong></span> <span class='ocrx_word' id='word_1_810' title='bbox 2126 5618 2350 5671; x_wconf 87' lang='lat' dir='ltr'><strong>domum</strong></span> <span class='ocrx_word' id='word_1_811' title='bbox 2382 5618 2662 5688; x_wconf 86' lang='lat' dir='ltr'><strong>ingressus</strong></span> <span class='ocrx_word' id='word_1_812' title='bbox 2697 5617 2903 5671; x_wconf 89' lang='lat' dir='ltr'><strong>nullam</strong></span> <span class='ocrx_word' id='word_1_813' title='bbox 2938 5609 3306 5682; x_wconf 87' lang='lat' dir='ltr'><strong>deprehendit</strong></span> <span class='ocrx_word' id='word_1_814' title='bbox 3337 5622 3473 5661; x_wconf 82' lang='lat' dir='ltr'><strong>uxo-</strong></span> 
     </span>
    </p>
   </div>
   <div class='ocr_carea' id='block_1_111' title="bbox 1887 5709 3466 5781">
    <p class='ocr_par' dir='ltr' id='par_1_111' title="bbox 1887 5709 3466 5781">
     <span class='ocr_line' id='line_1_111' title="bbox 1887 5709 3466 5781; baseline -0.008 -17"><span class='ocrx_word' id='word_1_815' title='bbox 1887 5728 2041 5773; x_wconf 86' lang='lat' dir='ltr'><strong>rem;</strong></span> <span class='ocrx_word' id='word_1_816' title='bbox 2093 5711 2201 5781; x_wconf 81' lang='lat' dir='ltr'><strong>jam</strong></span> <span class='ocrx_word' id='word_1_817' title='bbox 2250 5709 2452 5778; x_wconf 82' lang='lat' dir='ltr'><strong>quippe</strong></span> <span class='ocrx_word' id='word_1_818' title='bbox 2511 5709 2824 5778; x_wconf 80' lang='lat' dir='ltr'><strong>aufugerat,</strong></span> <span class='ocrx_word' id='word_1_819' title='bbox 2883 5710 3225 5773; x_wconf 86' lang='lat' dir='ltr'><strong>comportata</strong></span> <span class='ocrx_word' id='word_1_820' title='bbox 3279 5711 3466 5753; x_wconf 85' lang='lat' dir='ltr'><strong>secum</strong></span> 
     </span>
    </p>
   </div>
   <div class='ocr_carea' id='block_1_112' title="bbox 1884 5789 3464 5871">
    <p class='ocr_par' dir='ltr' id='par_1_112' title="bbox 1884 5789 3464 5871">
     <span class='ocr_line' id='line_1_112' title="bbox 1884 5789 3464 5871; baseline -0.01 -11"><span class='ocrx_word' id='word_1_821' title='bbox 1884 5821 1939 5860; x_wconf 86' lang='lat' dir='ltr'><strong>re</strong></span> <span class='ocrx_word' id='word_1_822' title='bbox 1995 5801 2287 5866; x_wconf 82' lang='lat' dir='ltr'><strong>familiari;</strong></span> <span class='ocrx_word' id='word_1_823' title='bbox 2344 5803 2547 5858; x_wconf 84' lang='lat' dir='ltr'><strong>infante</strong></span> <span class='ocrx_word' id='word_1_824' title='bbox 2605 5809 2809 5869; x_wconf 85' lang='lat' dir='ltr'><strong>autem,</strong></span> <span class='ocrx_word' id='word_1_825' title='bbox 2849 5813 3012 5871; x_wconf 87' lang='lat' dir='ltr'><strong>quem</strong></span> <span class='ocrx_word' id='word_1_826' title='bbox 3045 5797 3314 5851; x_wconf 85' lang='lat' dir='ltr'><strong>hactenus</strong></span> <span class='ocrx_word' id='word_1_827' title='bbox 3343 5789 3464 5846; x_wconf 81' lang='lat' dir='ltr'><strong>uni-</strong></span> 
     </span>
    </p>
   </div>
  </div>
