4010 6288
504 371 647 441 3195

1712 378 1772 438 8.
1809 376 2186 439 SYMEONIS
2226 379 2371 441 JUN
2380 379 2595 442 IORIS

3645 379 3783 443 3l96

504 503 632 544 cum
671 503 739 542 ex
802 485 896 541 illo
941 497 1248 557 pepererat,
1305 486 1455 542 domi
1502 485 1714 542 relicto.
1758 486 2085 542 Percellitur

2196 490 2545 546 ὶπολιποῦσα.
2580 489 2948 563 Σφοθρότερον
2989 487 3169 544 τοίνυν
3215 487 3406 544 παθὼν
3437 486 3551 559 τὴν
3577 488 3799 558 ψυχὴν.

507 580 597 634 ille
627 594 862 634 maerore
897 580 1231 642 vehementi,
1267 580 1408 634 tollit
1435 594 1693 650 puerum,
1725 580 1929 649 repetit
1953 595 2082 633 san-

506 680 678 731 ctum,
721 670 925 726 factum
980 672 1166 727 uxoris
1214 672 1468 726 luctuoso
1519 686 1770 726 sermone
1820 671 2080 740 explicat.

507 762 764 825 lacrvmis
810 763 983 841 verba.
1011 762 1506 832 interpellantibus,
1538 771 1594 817 et
1633 762 1862 818 resoluti
1892 762 2083 840 dolore

509 854 694 910 cordis
743 865 940 910 aestum
1007 855 1432 910 testiﬁcantibus
1484 872 1499 921 ;
1556 853 1754 911 deinde
1820 855 2084 910 infantem

508 962 731 1018 quoque
775 949 843 1003 ad
887 948 1052 1017 pedes
1096 948 1273 1002 sancti
1321 947 1584 1013 demittit,
1638 964 1837 1018 rogans
1879 954 1937 1002 ut
1958 964 2084 1002 eum

511 1043 701 1097 saltem
751 1043 1068 1097 ulciscatur.
1104 1041 1333 1096 Fractus
1376 1041 1544 1112 igitur
1587 1041 1779 1096 dolore
1814 1041 1962 1096 illius
1987 1041 2086 1111 Sy-

512 1150 696 1199 meon,
759 1144 925 1204 atque
963 1135 1155 1189 oculos
1188 1137 1243 1187 in
1275 1133 1475 1189 coelum
1500 1140 1723 1188 maestos
1753 1133 2083 1189 intendens:

509 1226 676 1286 Deus.
722 1226 922 1294 inquit,
969 1240 1201 1295 magnus
1232 1235 1290 1279 et
1338 1224 1708 1294 omnipotens,
1744 1225 1901 1294 cujus
1940 1225 2087 1280 oculi

510 1316 796 1369 intuentur
826 1314 944 1368 vias
967 1312 1206 1368 ﬁliorum
1238 1313 1548 1376 hominum,
1577 1320 1639 1365 ut
1663 1312 1940 1367 retribuas
1968 1313 2089 1367 uni-

507 1405 709 1474 cuique
760 1403 1067 1459 secundum
1115 1403 1258 1458 viam
1292 1419 1475 1468 suam;
1521 1404 1569 1459 si
1623 1404 1827 1458 bonum
1879 1411 1967 1458 est
2031 1406 2086 1461 in

507 1498 685 1552 oculis
737 1496 866 1560 tuis,
913 1504 1160 1553 transeat
1212 1495 1568 1561 dtemonium,
1615 1497 1766 1565 quod
1817 1498 1963 1555 hunc
2002 1501 2088 1554 in-

507 1589 721 1643 felicem
751 1588 975 1652 insidet,
1002 1588 1055 1641 in
1080 1602 1305 1642 uxorem
1324 1587 1474 1642 illius
1493 1604 1511 1653 ;
1533 1594 1595 1641 ul.
1613 1588 1867 1644 misereri
1889 1590 2085 1655 discat,

506 1679 942 1734 misericordiam
967 1680 1203 1734 aliorum
1229 1679 1603 1748 imploranda;
1620 1689 1678 1735 et
1696 1680 1984 1737 manifesta
2006 1683 2090 1737 in-

508 1772 714 1841 telligat
737 1771 1096 1841 experientia,
1122 1769 1271 1841 quod
1311 1770 1640 1826 naturaliter
1671 1771 1886 1828 viscera
1913 1773 2086 1842 ipsius

506 1861 855 1930 ignorabant.

573 1954 699 2009 228.
741 1957 821 2010 Ita
862 1956 1131 2027 Symeone
1166 1963 1382 2021 orante,
1413 1955 1633 2025 juvenis
1661 1954 1901 2011 liberum
1958 1973 2017 2013 se
2056 1973 2089 2013 a

505 2046 753 2101 daemone
772 2047 1067 2115 comperit,
1096 2047 1187 2100 hic
1212 2061 1345 2101 vero
1370 2047 1661 2101 mulierem
1688 2047 1953 2104 invadens
1975 2049 2083 2103 cla-

505 2138 691 2191 mabat
718 2155 731 2190 :
766 2137 847 2190 Tu
881 2153 967 2192 me
1005 2153 1036 2191 a
1065 2138 1266 2192 marito
1304 2146 1401 2192 tuo
1432 2137 1720 2202 avulsisti;
1748 2146 1807 2193 tn
1835 2152 1924 2193 me
1949 2153 1982 2193 a
2003 2138 2088 2193 fa-

505 2226 706 2281 miliari
728 2241 854 2281 meo
868 2228 1188 2297 sejunxisti;
1222 2243 1325 2297 per
1355 2234 1406 2282 te
1439 2228 1510 2281 ab
1533 2227 1627 2281 illo
1642 2228 1793 2297 gravi
1814 2244 1938 2289 meo
1960 2244 2088 2285 cum

506 2332 670 2371 sensu
705 2318 967 2387 expulsus
999 2334 1154 2383 sum;
1194 2319 1289 2388 qui
1320 2334 1409 2373 me
1444 2318 1573 2373 inde
1597 2320 1782 2390 ejecit,
1807 2319 1874 2375 ad
1912 2322 2091 2375 teim-

506 2408 728 2477 peravit
782 2417 843 2463 ut
893 2410 1251 2478 ingrederer;
1304 2419 1360 2465 et
1394 2411 1593 2465 similia
1646 2411 1817 2465 multa
1858 2410 2088 2475 furiosa,

509 2500 770 2555 scelerata
827 2509 885 2555 et
928 2516 1119 2555 revera
1174 2501 1465 2558 diabolica.
1524 2501 1678 2555 Talia
1730 2502 1823 2556 ubi
1879 2495 2089 2577 audivit

504 2592 726 2671 mulier,
776 2588 1154 2648 inhmﬁaniter
1195 2610 1227 2648 a
1267 2597 1412 2648 malo
1459 2595 1625 2665 genio
1655 2595 1949 2665 ﬂagellata,
2005 2612 2091 2650 re-

507 2683 669 2736 vertit
714 2681 937 2737 domum
989 2683 1056 2737 ad
1093 2684 1383 2754 conjugem
1436 2701 1598 2739 suum
1634 2704 1649 2739 :
1682 2688 1798 2756 qui,
1835 2687 2088 2742 dolorum

502 2776 626 2842 ejus
670 2775 952 2839 misertus,
1002 2789 1129 2828 cum
1186 2774 1303 2844 ipsa
1352 2775 1420 2829 ad
1495 2785 1747 2831 sanctum
1808 2779 2093 2832 contendit

502 2866 871 2936 ‘Symeonem;
905 2874 961 2921 et
1011 2875 1280 2937 quantum
1314 2883 1490 2935 nupcr
1534 2874 1729 2921 contra
1768 2867 1947 2937 ipsam
1992 2869 2094 2923 ob-

504 2955 834 3020 testabatur,
874 2963 1088 3009 tantum
1120 2956 1285 3010 modo
1328 2963 1385 3008 et
1410 2954 1648 3023 amplius
1693 2970 1793 3023 pro
1842 2957 2093 3025 ejusdem

506 3045 837 3113 deprecatur
865 3046 1169 3101 sanatione.
1201 3046 1320 3100 Non
1361 3044 1485 3098 tulit
1516 3042 1745 3098 .dasmon
1780 3045 2092 3114 propiorem

2112 1822 2160 1882 B

2185 581 2505 650 ἀνελόμενος
2555 582 2618 635 τὸ
2663 580 2886 652 βρέφος,
2909 581 3034 651 ἥκει
3064 580 3215 651 παρὰ
3249 580 3341 633 τὸν
3378 580 3552 645 ἅγιον
3600 573 3789 643 αὖθις,

2184 667 2273 725 οἷα
2317 673 2467 743 παρὰ
2502 672 2601 742 τῆς
2638 672 2895 741 γυναικὸς
2940 669 3089 742 αὐτῷ
3133 671 3331 739 συνέθει
3374 670 3787 741 ὲκτραγῳδῶν,

2186 762 2415 817 καὶτῶν
2442 764 2703 834 ῥημάτων
2734 763 2948 833 δάκρυα
2992 761 3295 832 καταχέων,
3330 762 3433 831 τὴν
3485 760 3653 813 ἔνδον
3688 760 3789 829 τῆς

2185 855 2411 925 καρδίας
2442 853 2599 923 τῆξιν
2630 846 2925 924 μηνύοντα,
2951 850 3068 907 εἶτα
3095 854 3190 907 καὶ
3216 853 3277 906 τὸ
3308 853 3513 922 βρέφος
3545 852 3790 905 ἐνώπιον

2186 945 2350 999 αὐτοῦ
2383 946 2609 1015 ῥίπτων,
2638 946 2733 999 καὶ
2777 944 2914 1014 πρὸς
2946 944 3224 1011 ίκδίκησιν
3261 944 3458 998 τούτου
3500 944 3608 997 τὸν
3635 943 3790 1008 Ξιγιον

2187 1035 2607 1107 ἑκκαλούμενος.
2649 1036 3006 1106 Διαπονηθεὶς
3052 1032 3147 1090 οὖν
3192 1036 3221 1087 6
3273 1034 3529 1103 Συμεὼν,
3590 1034 3697 1088 καί
3742 1052 3794 1089 τι

2187 1127 2324 1198 πρὸς
2356 1127 2587 1199 οὐρανὸν
2618 1126 2872 1198 ὀδυνηρὸν
2915 1126 3190 1190 ἀτενίσας,
3235 1126 3296 1178 '0
3328 1125 3493 1187 θεὸς.
3538 1120 3741 1189 εἶπεν,
3768 1129 3797 1180 6

2191 1219 2384 1292 μέγας,
2412 1221 2442 1274 6
2468 1218 2885 1288 παντοκράτωρ,
2928 1212 2988 1272 οὗ
3030 1218 3080 1271 οί
3118 1217 3389 1288 ὀφθαλμοὶ
3420 1218 3797 1287 ἀνεῳγμένος.

2188 1312 2269 1373 εἰς
2296 1311 2448 1374 ὁδοὺς
2491 1310 2604 1364 τῶν
2653 1309 2789 1363 υἱῶν
2830 1310 2940 1365 τῶν
2972 1308 3298 1379 ἀνθρώπων,
3324 1307 3514 1363 δοῦναι
3557 1309 3799 1379 ἑκάστῳ

2190 1403 2329 1457 κατὰ
2363 1402 2463 1473 τὴν
2490 1402 2607 1455 ὁδὸν
2628 1400 2793 1454 αὑτοῦ
2814 1417 2828 1431 ο
2850 1401 2900 1453 εἰ
2925 1400 3149 1470 ἀρεστὸν
3176 1398 3406 1454 ἐνώπιόν
3444 1415 3578 1465 σου,
3614 1417 3793 1470 [asu-

2189 1494 2339 1564 ὕήτω
2366 1493 2502 1563 πρὸς
2527 1492 2627 1564 τὴν
2658 1494 2896 1560 γυναῖκα
2926 1491 2985 1544 τδ
3013 1491 3257 1546 ἐνοικοῦν
3288 1490 3367 1563 τῷ
3394 1491 3580 1563 ἀθλίῳ
3608 1492 3798 1562 τούτῳ

2188 1581 2485 1649 δαιμόνιον.
2513 1581 2579 1634 ἵν’
2607 1581 2778 1634 ἐλεεῖν
2807 1580 3028 1651 διδαχθῇ
3056 1578 3152 1634 τοῦ
3185 1580 3318 1652 παρ’
3349 1581 3563 1649 ἑτέρων
3597 1580 3797 1645 ἐλέους

2189 1674 2325 1742 αὐτὴ
2359 1673 2632 1743 δεηθεῖσα,
2663 1673 2759 1725 καὶ
2798 1673 2964 1743 πείρᾳ
3013 1672 3160 1743 μάθῃ
3190 1670 3375 1740 σαφῶς
3407 1672 3441 1725 6
3467 1673 3615 1741 παρ’
3652 1673 3798 1742 αὐτῇ

2189 1760 2258 1812 τὰ
2279 1760 2375 1824 τῆς
2403 1760 2615 1827 φύσεως
2640 1759 2876 1831 ἠγνόησε
2903 1759 3204 1831 σπλάγχνα.

2260 1935 2403 2005 σκη’.
2438 1935 2624 1989 Ταῦτα
2657 1935 2751 1989 τοῦ
2782 1934 3008 2006 Συμεὼν
3036 1935 3356 2007 εὐξαμένου,
3394 1940 3423 1992 6
3455 1938 3566 2008 μὲν
3602 1940 3800 1993 νεανί-

2189 2046 2319 2094 σκος
2360 2027 2455 2082 τοῦ
2499 2028 2752 2096 δαίμονος
2783 2028 3122 2098 ἀπήλλακτο,
3154 2030 3189 2100 ἡ
3217 2030 3356 2101 γυνὴ
3385 2028 3444 2083 δὲ
3480 2032 3579 2084 ὑπ’
3620 2032 3799 2085 αὐτοῦ

2188 2120 2539 2192 κατείληπτο,
2566 2120 2639 2172 Σύ
2680 2137 2747 2189 με
2779 2120 2877 2174 τοῦ
2917 2120 3120 2174 οἰκείου
3155 2120 3345 2192 ἀνδρὸς
3387 2122 3800 2194 ὲχὼρισας,λέ-

2189 2229 2398 2282 γοντος,
2429 2211 2493 2265 σύ
2522 2229 2589 2283 με
2621 2211 2714 2265 τοῦ
2743 2211 2991 2266 συνοίκου
3027 2211 3328 2277 διέζευξας,
3362 2212 3452 2267 διὰ
3482 2215 3549 2267 σὲ
3586 2210 3797 2271 τούτου

2189 2304 2403 2373 πικρῶς
2429 2304 2781 2374 ἀπελήλαμαι
2798 2317 2812 2332 ⁸
2839 2304 2867 2355 ὁ
2891 2303 3099 2358 ἐκεῖθεν
3127 2303 3373 2358 ἐκϐαλὼν
3400 2304 3528 2373 ἐμὲ,
3560 2307 3802 2377 ἐπέτρε-

2188 2397 2289 2466 ψεν
2320 2396 2493 2450 ἐλθεῖν
2528 2396 2623 2448 ἐπὶ
2659 2396 2741 2460 σὲ,
2772 2396 2864 2449 καὶ
2891 2396 3025 2449 ἄλλα
3049 2395 3291 2460 τοιαῦτα,
3318 2399 3532 2468 μανικά
3563 2415 3627 2451 τε
3672 2400 3793 2469 ἅμα

2190 2488 2283 2540 καὶ
2315 2486 2509 2558 μιαρὰ,
2533 2487 2627 2540 καὶ
2654 2485 2731 2556 τῷ
2753 2485 2866 2540 ὄντι
2890 2484 3235 2557 δαιμονιώδη.
3259 2481 3358 2540 Ὧν
3389 2488 3582 2557 ἐκείνη
3611 2489 3795 2542 ἀκού-

2193 2595 2357 2640 σασα,
2386 2577 2481 2630 καὶ
2514 2576 2620 2630 ὑπὸ
2650 2576 2743 2631 τοῦ
2769 2558 3022 2646 δαίμονος
3051 2577 3487 2649 ἀφιλανθρὼπως
3520 2582 3796 2647 μαστιζο-

2197 2670 2352 2740 μένη,
2387 2668 2665 2722 ἐπάνεισιν
2706 2669 2787 2732 εἰς
2815 2668 2913 2739 τὴν
2949 2668 3128 2723 οἰκίαν
3172 2670 3323 2740 παρὰ
3353 2669 3444 2723 τὸν
3475 2671 3680 2741 ἄνδρα..
3734 2673 3791 2726 ’0

2192 2761 2250 2814 δὲ
2277 2759 2371 2814 τοῦ
2404 2759 2609 2822 πάθους
2634 2759 2905 2829 οἰκτείρας
2930 2759 3121 2831 αὐτὴν,
3151 2761 3298 2830 παρᾶ
3318 2760 3409 2814 τὸν
3440 2760 3605 2828 ᾰγιον
3630 2764 3788 2829 ἄγει,

2193 2853 2293 2906 ὅσα
2324 2851 2442 2905 κατ’
2468 2851 2638 2918 αὐτῆς
2680 2852 2959 2905 κατέτεινε
2984 2851 3198 2923 πρώην,
3227 2852 3469 2905 τοσαῦτα
3503 2853 3606 2906 νῦν
3638 2853 3790 2926 ὑπὲρ

2194 2943 2361 3014 αὐτῆς
2387 2942 2481 2996 καὶ
2503 2942 2672 2995 πλείω
2703 2941 2977 3013 δεόμενος.
3010 2942 3122 3010 Τὴν
3146 2941 3279 3012 πρὸς
3308 2942 3400 2994 τὸν
3433 2940 3672 3010 Συμεὼν
3697 2946 3791 3011 ἐγ-

2193 3034 2404 3104 γύτητα
2436 3032 2615 3087 τοίνυν
2649 3034 2749 3086 οὐκ
2777 3032 3000 3102 ὲνεγκὸν
3020 3030 3083 3084 τὸ
3109 3031 3406 3100 δαιμόνιον,
3439 3030 3653 3102 ἤρξατο
3695 3033 3788 3102 ρε-

510 3136 577 3190 ad
616 3135 941 3206 Symeoncm
974 3152 1279 3200 accessum,
1315 3150 1485 3205 quare
1524 3150 1651 3189 mox
1693 3135 1981 3190 mulierem
2017 3137 2090 3190 al-

2198 3143 2353 3179 πτειν
2395 3126 2555 3187 εὐθὺς
2585 3124 2725 3179 κατὰ
2752 3124 2855 3193 γῆς
2889 3124 2987 3193 τὴν
3019 3125 3252 3191 γυναῖκα
3287 3122 3381 3176 καὶ
3416 3117 3791 3193 σπαράττειν,

508 3227 686 3282 lidere
715 3229 853 3292 solo,
898 3228 1052 3306 varie
1101 3228 1369 3282 dilaniare
1402 3237 1458 3282 et
1489 3235 1728 3297 raptare,
1773 3228 1828 3281 in
1858 3220 2090 3283 sublime

2197 3219 2290 3271 καὶ
2332 3217 2693 3281 ὲκτινάσσειν,
2742 3216 2994 3287 καθάπερ
3027 3214 3196 3284 αὐτὴν
3246 3209 3376 3287 ἆραι
3424 3217 3519 3267 καὶ
3556 3216 3791 3283 ἀφεῖναι

511 3317 705 3372 tollere
741 3325 794 3370 et
826 3317 1139 3380 demittere,
1193 3317 1433 3385 denique
1456 3317 1524 3371 ad
1556 3317 1920 3388 praecipitium
1944 3316 2093 3372 festi-

513 3424 665 3464 nare.
712 3408 883 3479 Cujus
936 3409 1213 3480 tragoediae
1259 3410 1553 3479 impatiens
1581 3417 1823 3472 sanctus,
1870 3423 1972 3462 nec
2011 3408 2094 3463 in-

513 3501 659 3555 tueri
704 3501 784 3556 sic
811 3501 1110 3570 patientem
1138 3501 1371 3556 ulterius
1394 3500 1696 3564 sustinens,
1738 3499 1803 3554 ad
1840 3500 1957 3555 haec
1987 3499 2094 3554 hu-

513 3607 675 3646 nrano
708 3602 876 3660 atque
910 3592 1210 3646 miserante
1244 3592 1429 3645 animo
1474 3606 1642 3659 super
1675 3591 1847 3659 ipsam
1876 3599 2091 3645 motus:

512 3680 888 3751 lmpurissime
934 3692 990 3736 et
1020 3682 1252 3751 maligne
1282 3680 1533 3749 spiritus,
1588 3679 1790 3749 inquit,
1831 3679 2093 3749 praecipio

515 3772 614 3826 tibi
659 3772 715 3826 in
749 3773 972 3828 nomine
1005 3772 1129 3826 Filii
1171 3773 1288 3835 Dei,
1319 3779 1380 3825 ut
1408 3785 1571 3826 exeas
1608 3786 1673 3826 ex
1706 3771 1810 3827 bac
1838 3770 2091 3836 muliere,

513 3873 569 3919 et
595 3880 876 3935 nunquam
916 3878 985 3919 eo
1012 3863 1277 3933 deinceps
1311 3862 1573 3918 divertas.
1612 3863 1703 3919 Uti
1734 3872 2093 3932 praeceptum,

514 3956 589 4009 ita
626 3954 831 4009 factum
870 3954 1168 4009 :dzemone
1221 3952 1370 4006 illico
1418 3952 1589 4006 multa
1640 3968 1767 4007 cum
1815 3951 2093 4009 vocifera-

515 4045 669 4100 tione
696 4054 753 4099 ει
781 4045 1048 4101 conviciis
1070 4044 1411 4116 egrediente,
1445 4052 1611 4113 atque
1636 4043 1981 4114 relinquente
2012 4044 2094 4098 fe-

514 4136 719 4191 minam
754 4136 980 4190 omnino
1013 4144 1282 4191 sanatam.

582 4226 709 4282 229.
750 4226 964 4297 Babyla:
996 4227 1285 4297 cujusdam
1336 4226 1530 4281 oculos
1571 4224 1843 4297 aegritudo
1875 4224 2093 4282 invase-

515 4327 621 4382 rat,
663 4333 829 4388 quam
867 4325 924 4372 et
948 4319 1167 4373 caecitas
1194 4327 1490 4373 consecuta
1514 4325 1601 4373 est
1633 4334 1649 4371 :
1681 4333 1918 4388 cumque
1947 4318 2090 4373 nihil

514 4413 634 4482 opis
676 4412 868 4467 haberi
906 4428 976 4466 ex
999 4420 1120 4467 arte
1162 4411 1503 4467 medentium
1530 4420 1738 4482 posset,
1786 4414 1961 4469 sancti
1995 4414 2094 4485 Sy-

2193 3309 2331 3362 κατὰ
2348 3303 2611 3378 κρημνῶν
2638 3305 3010 3375 ἐπειγόμενον.
3054 3305 3252 3359 Οὐκέτι
3292 3305 3588 3375 τοιγαροῦν
3636 3307 3792 3361 οὕτω

2194 3399 2508 3468 πάσχουσαν
2541 3397 2711 3468 αὐτὴν
2753 3398 2887 3468 ὁρᾷν
2928 3398 2956 3449 6
2990 3395 3213 3467 Συμεὼν
3254 3395 3608 3466 ἀνεχόμενος,
3644 3395 3792 3450 ἀλλὰ

2194 3484 2582 3558 φιλάνθρωπόν
2622 3504 2675 3540 τι
2720 3487 2817 3540 καὶ
2845 3486 3127 3556 συμπαθὲς
3159 3484 3347 3540 παθὼν
3372 3486 3463 3539 ’ἐπ’
3499 3487 3677 3560 αὐτῇ,
3711 3487 3790 3540 T6

2194 3579 2503 3650 ἀκάθαρτον
2544 3578 2641 3631 καὶ
2664 3577 2900 3649 πονηρὸν
2926 3577 3164 3645 πνεῦμα,
3198 3576 3310 3646 ἐγώ
3347 3595 3428 3631 σοι
3472 3579 3786 3645 ἐπιτάττει),

2196 3671 2381 3740 φησιν,
2433 3671 2492 3722 ὲν
2538 3667 2616 3739 τῷ
2667 3667 2893 3738 ὀνόματι
2938 3667 3031 3721 τοῦ
3084 3667 3217 3721 Θεοό
3266 3666 3503 3732 ἐξελθεῖν
3546 3671 3644 3725 ἀπ’
3681 3672 3785 3723 αὖ-

2195 3763 2319 3831 τῆς,
2380 3764 2475 3815 καὶ
2545 3760 2749 3832 μηκέτι
2807 3760 2944 3831 πρὸς
2994 3760 3161 3832 αὐτὴν
3214 3760 3503 3817 ἀναλῦσαι.
3552 3764 3633 3817 T6
3679 3764 3787 3833 μὲν

2195 3849 2288 3907 οὖν
2323 3852 2603 3921 ἐπίταγμα
2650 3850 2809 3922 ἔργον
2848 3846 2938 3920 ἦν,
2971 3851 3064 3903 καὶ
3102 3850 3271 3904 πολλὰ
3322 3852 3536 3921 κράξαν
3582 3854 3788 3906 αὐτίκα

2196 3946 2291 3998 καὶ
2321 3944 2641 4016 φλυαρῆσαν
2688 3941 2934 4014 ἐξῆλθεν,
2966 3942 3095 4015 ὑγιῆ
3142 3943 3241 4015 τὴν
3276 3944 3594 4014 πάσχουσαν
3646 3946 3788 3999 ἁπο-

2196 4035 2468 4100 λελοιπός.

2269 4212 2402 4266 σκθ¹.
2440 4180 2657 4282 Βαθύλα
2696 4209 2755 4264 δέ
2798 4227 2904 4264 τινι
2955 4209 3168 4281 νόσημα
3211 4209 3599 4280 γεγόνει’περὶ
3659 4210 3789 4274 τοὺς

2196 4303 2527 4372 ὀφθαλμοὺς,
2581 4294 2739 4370 ᾧκαί
2799 4300 3069 4370 τύφλωσις
3120 4298 3486 4367 ἠκολούθησεν
3522 4299 3643 4362 ’ὡς
3695 4295 3791 4355 οὖν

2195 4394 2419 4450 ὄνασθαι
2452 4411 2501 4446 τι
2530 4393 2629 4462 τῆς
2659 4392 2859 4457 ἰατρῶν
2887 4390 3082 4461 τέχνης
3111 4390 3210 4443 οὐκ
3237 4382 3327 4460 ἦν,
3353 4389 3414 4442 τὸ
3435 4388 3533 4442 τοῦ
3557 4389 3787 4461 Συμεὼν

515 4481 731 4555 meonis
762 4514 964 4555 nomen
1017 4515 1121 4569 pro
1164 4499 1451 4555 curatione
1503 4481 1809 4567 invocavit;
1852 4481 2090 4572 viditque

2205 4488 2373 4555 ὄνομα
2428 4484 2561 4556 πρὸς
2584 4484 2897 4567 θεραπείαν
2930 4482 3273 4536 ἐπεκαλεῖτο.
3314 4481 3450 4553 Ὁρᾷ
3489 4482 3786 4555 τοιγαροῦν

514 4601 680 4647 nocte
709 4590 965 4661 sequenti
997 4600 1268 4657 sanctum,
1323 4607 1466 4663 equo
1506 4593 1743 4649 candido
1790 4594 2090 4660 invectum,

513 4685 686 4740 veluti
737 4683 1012 4740 medicum
1046 4694 1101 4742 et
1150 4701 1373 4742 manum
1423 4687 1636 4742 affectis
1690 4687 1867 4742 oculis
1914 4687 2093 4758 impo-

513 4786 762 4841 neutem,
800 4776 1188 4847 dicentemque
1220 4796 1238 4843 _:
1277 4779 1511 4849 Respice
1554 4788 1703 4835 recta
1749 4780 1815 4834 ad
1850 4791 2093 4836 montem

518 4863 842 4922 Mirabilem.
874 4867 1103 4924 Levavit
1147 4869 1330 4939 itaque
1381 4885 1440 4926 se
1475 4870 1686 4940 statim,
1713 4880 1771 4925 et
1805 4871 1983 4925 oculis
2026 4886 2095 4927 eo

511 4956 742 5013 directis
767 4974 781 5011 :
804 4957 1025 5014 Christe
1075 4960 1327 5026 Domine,
1361 4960 1461 5024 ait,
1494 4961 1640 5014 Deus
1668 4960 1857 5019 famuli
1890 4963 1967 5016 tui
1995 4961 2097 5033 Sy-

508 5047 747 5114 meonis,
776 5048 999 5104 medere
1042 5049 1221 5104 oculis
1259 5050 1417 5105 meis.
1450 5050 1518 5103 Et
1560 5049 1614 5102 in
1655 5051 1775 5118 ipso
1815 5061 2096 5107 momento

508 5136 673 5203 vidit,
702 5138 953 5208 quamvis
985 5138 1326 5194 subobscure
1352 5146 1410 5194 et
1435 5140 1698 5194 tenuiter.
1729 5141 1799 5196 Ut
1829 5150 2014 5197 autem
2038 5159 2097 5199 se

514 5231 706 5285 videre
749 5230 1026 5301 cognovit,
1055 5247 1177 5301 qua:
1205 5231 1444 5286 habebat
1470 5232 1816 5300 charissima,
1846 5250 2096 5302 uxorem,

508 5321 832 5391 inquam,et
850 5321 1057 5377 liberos
1072 5337 1382 5386 assumens,
1407 5307 1744 5377 ad'sanctum
1769 5321 2095 5395 Symeonem

510 5414 802 5485 processit.
846 5414 1203 5469 nuntiaturus
1231 5413 1412 5485 qualis
1455 5414 1712 5470 beneficii
1759 5430 1860 5485 per
1913 5415 2091 5485 ipsum

508 5519 739 5575 compos
772 5504 948 5561 factus
997 5505 1209 5560 luisset.
1260 5504 1362 5559 Cui
1415 5505 1504 5560 ille
1540 5505 1842 5561 Dominicae
1905 5507 2089 5561 crucis

547 5590 734 5663 ignum
781 5592 1123 5662 imprimens,
1179 5594 1715 5665 porspicacissimum
1748 5597 1897 5656 .sine
1943 5598 2093 5651 omni

518 5679 873 5738 hebetatione
907 5685 1194 5739 oculorum
1223 5687 1409 5740 lumen
1442 5685 1704 5739 donavit:
1736 5686 1935 5742 deinde
1959 5704 2094 5742 con-

516 5771 701 5841 iugem
725 5789 942 5843 quoque
976 5776 1095 5846 ejus
1120 5778 1499 5833 excutientem
1530 5778 1772 5843 sanavit;
1834 5779 2038 5835 liberos
2069 5798 2097 5835 ιι

2194 4582 2291 4650 τῆς
2309 4579 2499 4642 νυκτὸς
2522 4577 2733 4647 ἐκείνης
2757 4577 2921 4630 αὑτὸν
2943 4576 3031 4628 ἐπὶ
3055 4574 3249 4628 λευκοῦ
3269 4575 3438 4628 ἵππου
3464 4575 3543 4645 τῷ
3561 4575 3788 4646 ἰατρείῳ

2197 4670 2604 4740 παραϐαλόντα,
2622 4668 2785 4739 χεῖρα
2813 4665 3047 4736 τεαὺτῷ
3079 4665 3356 4727 ἐπιθέντα,
3382 4666 3496 4730 καὶ,
3525 4664 3785 4718 ’Δνὰὄλεο

2194 4764 2294 4835 ψον
2324 4763 2453 4817 εὐθὺ
2494 4762 2591 4818 τοῦ
2623 4758 2936 4831 θαυμαστοῦ
2976 4759 3157 4828 ὅρους,
3194 4756 3551 4811 κελεύσαντα.
3584 4760 3783 4809 ,διανα-

2199 4856 2329 4920 στὰς
2360 4855 2538 4910 τοίνυν
2563 4856 2762 4909 αὐτίκα
2805 4851 2900 4905 καὶ
2928 4842 3026 4914 τὰς
3066 4849 3216 4920 ὄψεις
3260 4849 3346 4901 ἐπ’
3382 4845 3515 4900 αὐτὸ
3574 4846 3782 4910 ἰθύ-νας,

2196 4948 2461 5021 Χριστὲνὸ
2493 4947 2624 5011 Θεὸς
2655 4946 2749 5000 τοῦ
2794 4943 2980 4999 δούλου
3014 4959 3107 4995 σου
3151 4937 3394 5011 Συμεὼν,
3425 4932 3604 5002 εἶπεν,
3637 4935 3783 4991 Fusa!

2202 5061 2268 5114 με
2302 5045 2427 5106 τοὺς
2449 5038 2785 5110 ὀφθαλμούς.
2818 5037 2932 5091 Kal.
2953 5034 3263 5103 ἀναϐλέψας
3286 5032 3389 5101 ὁρᾷ
3413 5030 3779 5103 παραχρῆμα,

2199 5135 2248 5187 εἰ
2286 5134 2380 5186 καὶ
2411 5129 2655 5202 ἀμυδρόν
2688 5147 2739 5182 τι
2770 5130 2862 5181 καὶ
2898 5125 3130 5197 ἀδρανὲς
3152 5142 3165 5155 ⁸
3206 5124 3307 5194 ὁρᾷ
3351 5123 3394 5174 δ’
3428 5120 3544 5185 οὖν,
3580 5127 3675 5173 καὶ
3716 5122 3778 5172 τὶ

2201 5225 2433 5293 φίλτατα
2477 5222 2553 5286 ὡς
2597 5215 2732 5291 εἶχε,
2780 5217 3017 5287 γυναῖκά
3047 5233 3188 5286 φημι
3234 5218 3329 5266 καὶ
3369 5213 3537 5264 τέκνα
3581 5208 3776 5272 λαϐὼν,

2201 5319 2451 5389 πρόσεισι
2482 5313 2559 5385 τῷ
2597 5313 2841 5382 Συμεὼν,
2874 5307 3235 5375 ἀπαγγέλλων
3264 5305 3381 5366 οἵας
3413 5305 3471 5369 ἐξ
3496 5302 3661 5354 αὖτοῦ
3692 5300 3779 5353 τῦ·

2200 5427 2283 5480 χοι
2311 5405 2648 5477 εὐεργεσίας.
2691 5402 2749 5454 Ὀ
2779 5400 2835 5453 6's.
2861 5400 2952 5452 τὸν
2976 5394 3301 5451 Δεδποτικον
3329 5392 3475 5462 αὐτῷ
3500 5389 3592 5443 τοῦ
3622 5403 3778 5442 atau-

2203 5500 2298 5566 ροῦ
2346 5499 2516 5552 τύπον
2567 5492 2861 5558 ἐπιϐαλὼν,
2904 5489 3189 5558 ἐλεύθερον
3243 5486 3391 5558 αὖτῷ
3439 5486 3620 5553 πάσης
3673 5484 3773 5550 ἆμ-

2205 5590 2480 5665 βλυωπίας
2511 5590 2572 5642 τὸ
2596 5587 2705 5641 τῶν
2739 5584 3032 5656 ὀφθαλμῶν
3070 5582 3355 5653 χαρίζεται
3402 5578 3551 5647 φῶς·
3593 5575 3776 5628 ἔπειτα

2206 5686 2389 5756 μέντοι
2432 5682 2527 5736 καὶ
2560 5680 2657 5752 τὴν
2701 5679 2955 5747 γυναῖκα,
3000 5673 3416 5746 τυφλώττουσαν
3469 5668 3773 5735 ἰασάμενος.

2205 5777 2296 5831 καὶ
2328 5773 2699 5848 δαιμονῶντας
2726 5769 3071 5841 θεραπεύσας
3112 5769 3236 5831 τοὺς
3275 5764 3489 5830 παῖδας,
3528 5763 3623 5815 καί
3658 5773 3769 5812 οιον
