3960 6284
206 355 376 420 3197

1253 370 1423 429 VITA
1459 375 1509 430 A
1546 370 1982 431 NICEPHORO
2019 371 2504 433 CONSCRIPTA.

3337 370 3481 437 3198

212 477 383 534 οἷκον
426 481 676 549 μεγάλων
717 481 904 537 παθῶν
946 481 1282 546 ἀπαλλάξας,
1314 483 1436 537 οὐδὲ
1464 481 1793 553 βίου’σπανί-

1910 482 2253 540 daemonibus
2284 486 2524 539 insessos
2561 480 2813 548 curavit;
2863 489 2921 536 et
2973 485 3296 540 universam
3327 487 3488 541 lanii-

212 572 425 633 ςοντας
471 573 760 641 περιεῖδεν.
806 571 945 625 Ἀλλ’
971 571 1094 625 ἐπεὶ
1145 572 1270 643 μηδ’
1301 572 1482 627 ὁτιοῦν
1526 572 1655 628 ἄλλο
1684 573 1815 628 τού-

207 669 476 725 sagitt
524 664 600 733 μὴ
653 662 863 733 βραχὺς
914 660 1055 727 οἶνος
1097 664 1326 733 προσῆν,
1380 665 1477 743 καὶ
1519 659 1673 729 οὗτος
1721 668 1807 732 ἑξ-

210 750 479 822 εστηκὼς
523 770 584 806 τε
622 753 718 817 καὶ
765 754 1066 824 δευτερίας,
1100 754 1231 825 ἡδὺν
1277 757 1372 810 καὶ
1397 757 1592 811 τοῦτον
1623 758 1809 822 αὐτοῖς

205 844 283 912 τῇ
320 843 503 916 οίκείᾳ
532 844 713 917 τίθησι
740 846 907 911 κόνει,
938 845 1035 899 καὶ
1060 846 1311 916 πότιμον,
1353 850 1450 902 καὶ
1482 849 1804 918 ἐπαγωγόν·

206 933 318 987 καὶ
340 934 515 999 οὕτως
544 937 643 992 οὐκ
666 938 848 1007 ὀλίγου
874 937 1149 1009 πραθεὶς,
1166 939 1404 1012 ἧρκεσεν
1424 941 1613 1005 αὐτοῖς
1632 942 1710 1008 είς
1737 942 1813 996 τὰ.

207 1027 524 1094 ἀναγκαῖα.

286 1198 394 1255 σλ’.
422 1200 645 1267 Τούτοις
675 1204 823 1271 ἄξιον
855 1207 1033 1260 ἐκεῖνο
1065 1207 1398 1278 προσθεῖναι·
1429 1209 1805 1281 Πρεσϐύτερός

200 1308 323 1356 τις,
347 1294 412 1347 ὲκ
440 1293 633 1365 κώμης
662 1296 949 1360 Βασιλείας
964 1297 1120 1352 οὕτω
1140 1298 1440 1369 λεγομένης
1461 1303 1802 1371 ὁρμώμενος,

202 1383 496 1448 πολύ-παις
522 1385 618 1449 ὢν,
650 1388 817 1451 ἄπαις
846 1389 1148 1456 ἐδείκνυτο,
1180 1390 1278 1460 τὴν
1316 1393 1396 1455 εἰς
1427 1391 1542 1460 φῶς
1570 1393 1801 1446 ἑκάστου

199 1477 325 1530 τῶν
351 1478 688 1548 τικτομένων
718 1481 945 1549 πρόοδον
986 1481 1245 1551 τελευτῆς
1273 1483 1436 1548 εὐθὺς
1487 1485 1805 1557 διαδεχομέ-

200 1587 335 1640 νης.
373 1572 624 1641 Πρόσεισι
661 1572 842 1625 τοίνυν
869 1574 927 1625 ὲν
958 1576 1158 1644 συνοχῇ
1192 1574 1536 1646 σπλάγχνων,
1569 1578 1666 1632 καὶ
1710 1596 1802 1634 πι-

200 1660 371 1730 κρῶν
419 1662 672 1733 δακρύων
729 1664 957 1734 ἐπιρροῇ
984 1663 1062 1733 τῷ
1090 1664 1400 1738 θαυμαστῷ
1445 1667 1693 1739 Συμεὼν,
1731 1670 1799 1723 τὰ

200 1751 341 1804 καθ’
371 1751 532 1806 αὐτὸν
554 1753 916 1822 ἀπαγγέλλων
934 1771 949 1787 ο
967 1750 1074 1806 Καὶ
1089 1749 1167 1815 ὃς.
1188 1756 1483 1828 Ἐπάνηκε,
1515 1761 1650 1830 φησὶ
1680 1763 1800 1832 χαί-

204 1857 349 1911 ρων,
384 1842 524 1913 ἔχων
546 1843 643 1915 ἤδη
759 1846 980 1917 αίτηθὲν
1008 1850 1072 1901 ὲκ
1097 1845 1253 1901 Θεοῦ.
1288 1816 1592 1920 τᾴδέτξν]
1622 1816 1795 1919 ἐπἀγ-
1826 1816 1874 1874 Β

197 1931 405 1998 γελίαν
472 1934 547 1998 ὡς
601 1936 925 2006 εὐεργεσίαν
976 1937 1244 2009 αὐτοτελῆ
1304 1939 1583 2012 δεξαμένῳ
1617 1984 1635 2009 ,
1701 1943 1797 1996 καὶ

200 2024 408 2096 ὥσπερ
446 2044 499 2079 τι
521 2025 699 2098 ψυχῆς
723 2028 890 2098 ἄχθος
921 2032 1247 2103 ἀποθεμένῳ
1277 2031 1582 2104 βαρύτατον
1605 2074 1619 2097 ,
1646 2035 1797 2108 τρεῖς

200 2117 303 2172 ἐπὶ
330 2118 567 2191 θυγατρὶ
594 2120 888 2189 γεννῶνται
921 2123 1059 2192 μετὰ
1081 2122 1255 2177 ταῦτα
1286 2124 1390 2177 υίοί
1414 2140 1435 2172 ·.
1461 2117 1537 2177 ὧν
1592 2127 1620 2177 ό
1661 2140 1792 2195 πρε-

200 2208 481 2278 σϐύτερος
505 2211 667 2267 πάθει
684 2211 1032 2280 δυσεντερίας
1063 2213 1244 2279 ἁλοὺς,
1272 2216 1367 2268 καὶ
1382 2215 1480 2283 τὴν
1508 2215 1566 2281 eg
1586 2214 1794 2287 ἀνθρὼ-

199 2320 328 2355 πων
361 2304 456 2355 καὶ
482 2303 676 2374 τέχνης
725 2305 997 2371 ἀπογνοὺς
1028 2303 1349 2375 θεραπείαν,
1391 2309 1482 2360 ἐπὶ
1530 2306 1619 2360 τὸν
1652 2306 1793 2361 θεῖον

197 2391 443 2462 Συμεὼν
502 2392 879 2461 καταφεύγει,
923 2394 1019 2446 καὶ
1064 2395 1140 2458 ὡς
1192 2396 1355 2448 αὐτὸν
1401 2398 1794 2467 ἀνακομισθεὶς

199 2482 365 2553 παρὰ
388 2481 481 2535 τοῦ
512 2483 786 2546 τεκόντος,
814 2479 901 2537 οἷα
946 2485 1070 2555 μηδ’
1101 2487 1289 2555 ἀρκεῖν
1307 2487 1486 2560 ἑαυτῷ
1523 2488 1660 2560 πρὸς
1694 2490 1795 2560 τὴν

197 2572 443 2643 πορείαν
466 2572 785 2646 δυνάμενος,
819 2574 1107 2631 ἐπάνεισιν
1129 2576 1310 2650 ὑγιής.

274 2751 418 2804 σλα’.
460 2748 621 2804 Ἀλλὰ
649 2749 746 2822 τὴν
772 2752 858 2805 ἐπ’
878 2750 1028 2822 αὐτῷ
1056 2751 1150 2808 τοῦ
1174 2754 1378 2823 πατρὸς
1409 2754 1748 2825 εὐφροσύνην
1776 2796 1790 2819 ,

197 2839 419 2912 ἀθυμία
444 2841 608 2896 πάλιν
641 2842 940 2913 ἐκδέχεται,
975 2842 1146 2914 λήθην
1170 2844 1264 2896 καὶ
1288 2844 1460 2915 αὐτῆς
1489 2846 1793 2913 ἐμποιοῦσα

197 2935 357 3004 (ἐπεὶ
410 2936 505 2989 καὶ
560 2935 802 3002 πέφυκεν
828 2934 950 2989 ὅλον
977 2934 1053 2999 ὡς
1090 2936 1159 2990 τὰ
1186 2936 1358 2991 πολλὰ
1414 2934 1658 3005 γίνεσθαι
1696 2939 1790 2991 τοῦ

198 3012 480 3097 παρόντος
508 3026 570 3079 τὸ
590 3026 690 3095 τῆς
717 3023 899 3096 ψυχῆς
933 3030 1128 3097 χαῖρον
1158 3028 1190 3099 ἢ
1230 3027 1648 3097 παθαινόμενον,
1684 3028 1790 3083 τῶν

1911 575 2040 630 liam
2066 560 2321 643 gravibus
2349 575 2508 630 malis
2559 571 2813 627 liberavit
2839 590 2854 629 :
2878 589 2983 628 non
3019 574 3337 644 despiciens
3363 592 3483 633 eam

1909 667 2282 737 negligensve.
2306 664 2455 735 quod
2481 664 2561 724 rei
2590 664 2878 719 familiaris
2927 667 3157 732 penuria
3202 681 3487 735 premere-

1912 764 2037 811 tur:
2065 758 2199 826 quin
2229 756 2435 826 potius.
2460 754 2723 823 quoniam
2753 754 2889 808 nihil
2926 753 3037 808 illis
3066 763 3355 823 superaret
3376 757 3486 812 nisi

1908 848 2212 918 pauxillum
2238 845 2374 910 vini,
2410 845 2576 915 idque
2598 844 2859 913 fugientis
2888 853 2947 898 et
2992 843 3325 901 secundarii.
3350 846 3505 899 illud;

1907 939 2136 1009 pulvere
2183 950 2284 992 suo
2329 950 2497 991 suave
2534 944 2593 990 et
2642 942 2831 1003 aptum
2881 935 3035 1003 potui
3068 947 3133 989 ac
3187 935 3485 990 delicatum

1907 1029 2178 1085 reddidit:
2213 1038 2377 1099 atque
2408 1029 2482 1082 ita
2504 1040 2615 1083 non
2636 1027 2789 1097 parvi
2809 1026 3115 1092 venditum,
3138 1025 3361 1082 suffecit
3388 1043 3488 1083 ne-

1906 1121 2163 1177 eessariis
2192 1121 2318 1175 vitae
2337 1119 2741 1189 comparandis.

1977 1212 2099 1268 250.
2139 1212 2300 1268 Hisce
2320 1212 2545 1281 dignum
2578 1219 2663 1266 est
2709 1209 2845 1265 illud
2866 1210 3011 1279 quod
3046 1209 3280 1264 addatur
3309 1227 3322 1262 :
3347 1209 3484 1264 Pre-

1905 1305 2095 1377 sbyter
2151 1303 2397 1375 quidam,
2453 1318 2522 1358 ex
2571 1316 2707 1372 pago
2758 1302 2853 1371 qui
2912 1301 3217 1356 vocabatur
3269 1301 3484 1357 Basilea

1904 1397 2197 1459 oriundus,
2231 1406 2356 1450 cum
2398 1394 2603 1449 multos
2628 1394 2908 1464 genuisset
2935 1393 3165 1459 liberos,
3190 1393 3311 1446 sine
3340 1392 3483 1447 libe-

1905 1490 1982 1544 ris
2004 1500 2144 1553 erat,
2181 1498 2379 1550 morte,
2401 1488 2565 1543 simul
2603 1497 2767 1557 atque
2811 1488 2945 1542 editi
2971 1488 3024 1541 in
3074 1488 3253 1543 lucem
3275 1496 3479 1550 essent,

1903 1596 2178 1651 quemque
2222 1587 2549 1649 occupante.
2598 1579 2864 1646 Properat
2909 1579 3077 1649 igitur
3125 1578 3181 1632 in
3228 1579 3484 1647 angustia

1903 1658 2089 1723 cordis
2119 1678 2363 1723 torrente
2390 1668 2713 1723 acerbarum
2741 1668 3108 1740 lacrymarum
3124 1670 3478 1737 decurrente,

1902 1760 1971 1815 ad
2004 1760 2311 1815 mirabilem
2340 1759 2690 1830 Symeonem,
2751 1774 2934 1813 rerum
2999 1775 3222 1814 suarum
3275 1769 3476 1814 statum

1902 1849 2274 1904 nuntiaturus.
2337 1847 2439 1903 Cui
2497 1857 2721 1903 sanctus
2767 1866 2779 1901 :
2843 1849 3145 1903 Revertere
3196 1848 3477 1918 gaudens;

1900 1955 2224 1995 concessum
2243 1940 2351 2011 jam
2375 1938 2476 1994 tibi
2506 1956 2536 1993 a
2563 1939 2673 1993 Deo
2725 1950 2831 2003 est,
2868 1938 3016 2007 quod
3045 1938 3274 2008 petiisti.
3316 1939 3478 1995 Exci-

1899 2028 1980 2098 pit
2004 2014 2095 2083 ille
2120 2028 2566 2098 promissionem,
2598 2038 2659 2083 ut
2701 2029 3032 2084 beneficium
3063 2029 3242 2098 reipsa
3296 2029 3476 2100 impe-

1901 2126 2124 2184 tratum,
2147 2129 2202 2173 et
2252 2119 2469 2174 secluso
2522 2119 2714 2176 dolore
2775 2120 2959 2174 cordis
2980 2120 3322 2191 gravissimo,
3367 2128 3480 2175 tres

1899 2206 2100 2265 deinde
2130 2210 2273 2266 filios
2298 2220 2497 2280 prater
2528 2211 2691 2265 tiliam
2725 2209 3022 2283 progignit.
3047 2211 3264 2267 Accidit
3296 2220 3481 2267 autem

1899 2300 2115 2355 illorum
2138 2300 2486 2370 grandiorem
2537 2315 2670 2357 natu
2717 2303 3033 2375 dysenteria
3082 2303 3356 2368 laborare,
3386 2303 3483 2359 de-

1899 2391 2227 2460 sperarique
2258 2391 2515 2447 humanae
2537 2394 2672 2449 artis
2723 2396 3092 2449 curationem.
3116 2394 3196 2448 Ad
3228 2403 3480 2449 sanctum

1899 2482 2229 2553 Symeonem
2278 2484 2448 2554 igitur
2503 2501 2793 2542 recurrere
2856 2488 3076 2542 visum:
3131 2502 3367 2556 cumque
3411 2502 3481 2541 co

1898 2582 2153 2645 portatus
2177 2575 2373 2631 fuisset
2403 2593 2432 2632 a
2463 2578 2807 2646 parentibus,
2840 2589 3030 2649 utpote
3063 2595 3174 2633 non
3201 2576 3481 2633 sulliciens

1896 2682 2000 2738 per
2033 2667 2179 2722 vires
2203 2683 2330 2723 suas
2365 2668 2574 2733 itineri,
2616 2680 2945 2739 persanatus
2975 2672 3166 2725 rediit.

1964 2760 2093 2815 251.
2136 2759 2241 2815 Sed
2271 2760 2526 2815 laetitiam
2573 2762 2719 2831 patri
2767 2760 2899 2816 hinc
2934 2773 3203 2829 exortam,
3259 2782 3479 2821 rursum

1897 2866 2115 2907 maeror
2139 2867 2279 2922 pene
2309 2853 2632 2909 exanimans
2667 2852 2859 2919 subiit,
2914 2854 3209 2925 gaudiique
3243 2858 3481 2925 ,induxit

1897 2941 2234 2996 oblivionem
2298 2942 2394 3012 (ita
2446 2938 2701 3013 namque
2735 2944 2875 2998 solet
2918 2960 3081 3014 quam
3142 2947 3479 3021 creberrime

1898 3030 2038 3098 ﬁeri,
2071 3042 2132 3087 ut
2161 3033 2240 3088 rei
2264 3032 2552 3103 praesentis
2598 3032 2857 3102 gaudium
2909 3035 2992 3087 vel
3047 3035 3205 3090 dolor
3256 3037 3478 3093 deleant

197 3116 594 3189 προλαϐόντων
616 3117 1037 3187 ἀμνημονῆσαν)
1057 3135 1071 3150 ο
1102 3118 1345 3190 εὑρίσκει
1369 3120 1478 3189 γὰρ
1502 3118 1592 3172 τὸν
1611 3116 1792 3173 δεύτε-

1900 3123 2299 3193 praeteritorum
2331 3122 2674 3183 memoriam)
2705 3138 2717 3171 :
2760 3120 3231 3191 invenitnamque
3280 3139 3476 3179 secun-

199 3224 296 3280 ρον
326 3206 442 3260 τῶν
471 3205 601 3259 υίῶν
648 3206 821 3269 οὕτως
863 3208 967 3260 ὑπὸ
998 3209 1154 3260 νόσου
1187 3210 1673 3279 κατειργασμένον,
1719 3211 1794 3275 ὡς

196 3299 299 3354 καὶ
367 3294 623 3367 βοήθειαν
681 3298 768 3350 ἐπ’
814 3297 964 3365 αὐτῷ
1032 3300 1212 3352 πᾶσαν
1262 3300 1605 3371 ἀνθρωπίνην
1650 3303 1793 3354 ἁπα-

198 3390 494 3461 γορεῦσαι.
558 3389 857 3466 ’ἀράμενος
927 3390 1105 3443 τοίνυν
1159 3389 1376 3461 κομίζει
1423 3390 1500 3461 τῷ
1566 3392 1793 3460 Συμεὼν

200 3483 300 3538 καὶ
352 3481 524 3536 αὐτὸν
571 3519 587 3545 ,
649 3482 866 3545 δεικνὺς
932 3482 1079 3545 ὅπως
1143 3482 1256 3553 ἔχει
1290 3524 1304 3546 ,
1365 3482 1458 3535 καὶ
1538 3484 1791 3554 μάρτυρα

201 3573 465 3644 καθάπερ
525 3573 732 3636 οἰκείας
801 3573 1126 3643 σπλάγχνων
1213 3573 1402 3643 ὀδύνης
1465 3574 1807 3652 ποιούμενος⁹

199 3667 250 3720 εί
296 3667 522 3735 πατὴρ,
584 3664 680 3719 καὶ
742 3663 916 3717 ταῦτα
974 3655 1266 3734 φιλόπαις,
1323 3663 1496 3730 οὕτως
1555 3666 1671 3719 υἱὸν
1699 3665 1797 3718 ἀν⁶

202 3757 384 3827 ἐχοιτο
431 3756 666 3826 βλέπων.
704 3755 980 3818 Ἑκτείνας
1007 3756 1298 3826 τοιγαροῦν
1329 3756 1532 3810 ἀὐτίκα
1558 3754 1656 3825 τὴν
1708 3755 1793 3811 δε·-

205 3848 373 3914 ξιὰν,
437 3847 535 3901 καὶ
588 3848 684 3901 τὸν
726 3846 894 3899 παῖδα
945 3845 1276 3914 σφραγίσας,
1325 3846 1590 3915 Πορεύου,
1656 3846 1789 3916 ἔφη,

203 3937 387 4005 ζῶντα
435 3940 531 3993 καὶ
575 3937 737 3991 αὐτὸν
765 3941 823 3991 ὲν
855 3936 1081 4006 ὀνόματι
1130 3936 1367 4006 Χριστοῦ
1424 3936 1585 4008 ἔχων.
1618 3939 1678 3994 ὐ
1706 3940 1786 4003 δὲ,

203 4027 559 4101 φιλοτεκνίας
589 4028 894 4100 ὑπερσολῇ,
939 4026 1208 4099 μηδαμῶς
1240 4028 1545 4096 ἀποστῆναι
1596 4028 1785 4098 βουλό-

206 4138 390 4192 μενος,
425 4121 543 4175 ἀλλ’
572 4121 685 4190 ὅσῳ
732 4120 954 4173 πλείονα
1004 4120 1197 4188 χρόνον
1229 4116 1379 4186 αὑτῷ
1426 4118 1788 4190 παραμείναι,

203 4212 448 4283 τοσούτῳ
499 4210 671 4267 πλείω
724 4212 825 4265 καὶ
864 4209 963 4278 τὴν
986 4208 1045 4272 ἐξ
1070 4208 1235 4262 αὑτοῦ
1260 4207 1589 4278 κομίσασθαι
1618 4210 1784 4281 θερα-

206 4303 367 4356 πείαν
413 4304 507 4357 τὸν
556 4303 723 4355 παῖδα
753 4301 1008 4370 νομίζων·
1035 4299 1395 4370 Συγχώρησον
1442 4300 1784 4370 ἡμῖν,⁷δοῦλε

207 4392 300 4445 τοῦ
330 4393 492 4457 Θεοῦ,
524 4390 700 4454 εἷπεν,
734 4393 827 4447 ἐπὶ
856 4392 1021 4446 πλέον
1045 4391 1370 4461 προσμεῖναι
1405 4409 1512 4454 σοι,
1540 4393 1629 4449 ἵνα
1685 4397 1779 4447 καὶ

1905 3210 2226 3282 dogenitum
2270 3210 2346 3264 ila
2385 3211 2577 3265 morbo
2600 3211 2953 3274 exhaustum,
3001 3219 3062 3264 ut
3106 3212 3245 3266 nihil
3276 3214 3390 3284 spei
3420 3215 3479 3270 in

1902 3303 2141 3358 humana
2164 3317 2267 3371 ope
2289 3310 2623 3371 superesset.
2659 3300 2946 3355 Sublatutn
2981 3300 3151 3372 igitur
3174 3303 3322 3359 hunc
3344 3322 3480 3375 quo-

1899 3410 2007 3465 que
2040 3402 2224 3464 portat
2258 3392 2324 3447 ad
2359 3384 2708 3464 symeonem,
2755 3400 3073 3447 monstrans
3113 3396 3391 3464 quomodo
3418 3412 3478 3453 se

1901 3485 2167 3550 haberet;
2204 3493 2258 3539 et
2290 3493 2483 3539 testem
2512 3482 2922 3553 quodammodo
2955 3483 3212 3539 dolorum
3245 3502 3475 3542 suorum

1899 3578 2077 3647 ipsum
2126 3576 2338 3640 statuit,
2401 3585 2587 3629 utrum
2638 3575 2813 3644 patris
2871 3572 3093 3628 animus
3145 3584 3201 3630 et
3251 3578 3473 3645 quidem

1901 3667 2136 3721 ﬁliorum
2161 3676 2349 3719 tenere
2376 3664 2635 3728 amantis,
2664 3662 2927 3718 intuitum
2947 3664 3126 3732 prolis
3159 3665 3238 3720 sic
3263 3667 3476 3724 all‘ectze

1898 3759 2073 3830 possit
2105 3756 2522 3823 sustinere.Qui
2547 3757 2814 3811 continuo
2841 3761 3073 3811 extensa
3121 3775 3288 3814 manu
3340 3742 3474 3815 der-

1898 3861 2015 3906 tera
2043 3865 2274 3920 puerum
2307 3849 2569 3916 signans:
2598 3848 2768 3913 Vade,
2801 3849 3006 3920 inquit,
3034 3858 3092 3905 et
3140 3850 3288 3905 hunc
3330 3865 3473 3920 quo-

1895 3956 2003 4011 que
2036 3941 2090 3994 in
2126 3938 2349 3993 nomine
2376 3937 2582 3993 Christi
2633 3938 2837 3994 habeto
2879 3939 3092 3993 vivum.
3135 3940 3338 3995 Verum
3382 3940 3474 3994 ille

1894 4045 2123 4086 excessu
2154 4028 2393 4099 quodam
2418 4027 2622 4081 amoris
2656 4029 2715 4083 in
2752 4028 2964 4097 prolem
2995 4022 3343 4097 nequaquam
3384 4044 3474 4083 re-

1896 4121 2093 4177 cedere
2116 4118 2324 4175 voluit:
2356 4119 2453 4174 sed
2486 4126 2638 4173 ratus
2698 4126 2853 4173 tanto
2886 4118 3205 4175 uberiorem
3234 4118 3347 4174 ﬁlio
3372 4120 3473 4172 imo

1894 4211 2158 4283 perlitum
2204 4211 2274 4265 iri
2313 4209 2618 4266 curationis
2674 4209 2928 4279 gratiam,
2985 4219 3195 4278 quanto
3235 4209 3473 4280 longiori

1839 4316 1843 4320 '
1895 4312 2140 4373 tempore
2168 4303 2293 4357 istic
2322 4301 2703 4357 substitisset:
2742 4302 2816 4354 Da
2860 4300 3100 4364 veniam,
3154 4302 3352 4371 inquit,
3387 4301 3471 4355 fa-
3548 4311 3553 4319 '

1892 4394 2041 4448 mule
2069 4393 2190 4459 Dei,
2248 4391 2397 4462 quod
2427 4390 2638 4444 diutius
2659 4388 2751 4444 hic
2805 4402 3229 4456 commoremur,
3363 4403 3475 4457 quo

207 4485 605 4555 δαψιλεστέρας
630 4485 731 4554 τῆς
772 4484 927 4554 παρὰ
972 4482 1067 4536 σοῦ
1109 4481 1364 4552 τύχωμεν
1403 4482 1676 4553 εὐλογίας,
1719 4485 1786 4557 ἢν

1900 4484 2257 4555 copiosiorem
2288 4500 2319 4538 a
2352 4492 2405 4537 te
2435 4480 2904 4547 benedictionem,
2942 4494 3111 4549 quam
3130 4479 3354 4535 dextera
3379 4487 3475 4535 tua

211 4575 342 4643 ἡμῖν
365 4577 399 4645 ἡ
424 4575 576 4639 δεξιᾶ
609 4592 703 4629 σου
733 4573 1037 4647 χαρίζεται.

280 4667 791 4739 σλβ¹.Δυσχεράνας
838 4671 1021 4724 τοίνυν
1083 4671 1220 4741 πρὸς
1257 4670 1430 4725 ταῦτα
1461 4673 1489 4725 ὁ
1536 4670 1785 4741 Συμεὼν,

222 4757 531 4829 Ἦπάτησαι
586 4761 672 4814 διὰ
711 4762 811 4832 τῆς
848 4761 1131 4824 ἀπιστίας,
1165 4761 1292 4831 ἔφη,
1323 4761 1417 4815 καὶ
1466 4762 1530 4814 σύ
1556 4777 1570 4792 ·
1603 4764 1639 4832 ἡ
1680 4763 1788 4832 γὰρ

210 4847 305 4900 τοῦ
326 4848 459 4902 Θεοῦ
485 4850 711 4919 δύναμις
742 4854 842 4906 οὐκ
864 4852 1099 4906 ἐνταῦθα
1134 4852 1318 4923 μόνον,
1352 4852 1486 4906 ἀλλὰ
1518 4852 1612 4906 καὶ
1647 4870 1788 4906 παν-

213 4938 379 5008 ταχοῦ
436 4943 533 5011 τῆς
593 4942 757 4996 αὐτοῦ
813 4945 1132 5008 δεσποτείας
1173 4943 1412 5003 ὰνύουσα
1460 4944 1786 5016 παραδόξως

211 5029 362 5083 ἐστὶν
393 5031 428 5086 ἃ
454 5033 723 5102 βούλεται*
754 5036 891 5090 ἀλλὰ
915 5039 1011 5106 τὴν
1041 5040 1105 5092 ἐκ
1130 5040 1230 5108 τῆς
1255 5039 1456 5103 κόνεώς
1481 5056 1585 5110 μου
1614 5056 1788 5110 σφρα-

213 5121 335 5187 γῖδα
374 5122 577 5189 λαϐὼν,
611 5128 853 5197 ἐπάνηκε
901 5128 1080 5197 μηδὲν-
1105 5129 1413 5193 ἐνδοιάζων,
1446 5130 1560 5183 ἀλλ’
1591 5132 1787 5193 αὐτοὺς

212 5208 399 5283 ὥσπερ
419 5217 896 5286 ἐντετυπωμένους
917 5220 1075 5290 αὐτῇ,
1093 5220 1236 5273 οὕτω
1254 5221 1346 5273 καὶ
1366 5221 1637 5289 παρόντας
1652 5222 1785 5291 ὁρᾷν

215 5300 447 5369 νομίζων
475 5306 645 5374 ἡμᾶς.
677 5306 872 5360 Λαϐὼν
894 5308 1073 5361 τοίνυν
1095 5309 1125 5360 ὁ
1151 5308 1336 5377 πατὴρ
1363 5309 1462 5377 τὴν
1510 5310 1781 5381 σφραγῖδα

219 5390 308 5440 καὶ
335 5394 515 5447 οἴκαδε
570 5398 707 5465 μετὰ
756 5396 849 5449 τοῦ
896 5397 1087 5460 παιδὸς
1116 5398 1483 5468 ἀναστρέψας,
1543 5401 1645 5471 ὁρᾷ
1693 5400 1786 5454 τὸν

224 5483 369 5547 ἅγιον
398 5485 547 5555 αὐτῷ
576 5488 767 5551 νυκτὸς
795 5488 1092 5541 ἐπιστάντα
1128 5488 1185 5560 (ἡ
1229 5488 1413 5560 μορφὴ
1460 5488 1518 5542 δὲ
1562 5489 1641 5559 τῷ
1685 5491 1785 5544 Συ-

226 5567 367 5637 μιὼν
392 5575 593 5646 ἑτέρως
620 5578 653 5648 ἢ
680 5578 818 5632 κατὰ
836 5578 899 5630 τὸ
934 5559 1162 5649 σύνηθες
1190 5573 1331 5648 εἶχε)
1371 5581 1471 5650 τῆς
1490 5596 1549 5634 τε
1577 5583 1782 5646 κόνεως

222 5661 282 5713 ιν
311 5667 489 5734 χεροῖν
519 5670 840 5739 κατέχοντα,
878 5671 992 5733 καὶ,
1016 5672 1080 5723 Τί
1125 5669 1327 5740 μᾶλλον
1354 5671 1531 5741 βούλει
1578 5673 1782 5739 λαϐεῖν,

222 5747 325 5816 τήν
375 5752 622 5823 εὐλογίαν
667 5757 759 5810 τοῦ
822 5757 1045 5826 Συμεὼν
1097 5758 1324 5829 ταύτην,
1353 5759 1380 5832 ἢ
1414 5760 1511 5830 τὴν
1559 5761 1781 5830 δεξιὰν;

1888 4573 2136 4641 impertit
2182 4570 2365 4633 nobis,
2425 4568 2833 4623 nanciscamur.

1958 4676 2085 4731 252.
2113 4672 2394 4728 Severiori
2424 4670 2494 4725 ad
2527 4670 2642 4725 haec
2694 4678 2937 4738 et‘aegro
2998 4668 3153 4721 vultu
3201 4668 3471 4737 Symeon:

1890 4764 1971 4819 Tu
1999 4778 2242 4834 quoque,
2268 4761 2364 4827 ait,
2392 4775 2492 4830 per
2530 4757 2894 4814 difﬁdentiam
2943 4757 3247 4813 aberrasti:
3285 4757 3475 4812 divina

1886 4855 2091 4926 quippe
2117 4852 2382 4923 potentia,
2412 4865 2520 4905 non
2551 4850 2659 4905 hoc
2682 4847 2861 4904 solum
2890 4849 3038 4910 loco.
3070 4847 3169 4902 sed
3206 4848 3299 4902 ubi
3332 4848 3473 4904 libet

1886 4947 2103 5002 ellicere
2137 4943 2466 5000 mirabiliter
2506 4950 2689 5011 potest
2718 4955 3063 5010 quaecunque
3087 4939 3206 4996 vult
3227 4959 3241 4994 :
3260 4955 3473 4995 verum

1886 5055 1952 5096 ex
1981 5039 2207 5109 pulvere
2239 5052 2362 5092 meo
2387 5035 2607 5104 signum
2662 5033 2943 5102 accipiens
2984 5031 3182 5097 redito,
3222 5032 3471 5101 nihilque

1848 5110 1851 5113 Α
1886 5129 2144 5185 haesitans
2172 5142 2495 5199 persuasum
2520 5125 2723 5180 habeto
2746 5125 2822 5179 ita
2843 5133 2894 5179 te
2918 5125 3169 5178 visurum
3197 5138 3297 5178 nos
3325 5138 3471 5193 prae-

1884 5225 2092 5281 sentes,
2127 5213 2592 5287 quemadmodum
2637 5214 2787 5283 ipsos
2821 5214 3149 5282 impressum
3200 5212 3334 5267 illud
3390 5211 3475 5266 si-

1883 5325 2051 5380 gnum
2102 5317 2375 5378 gerentes.
2418 5305 2660 5375 Accepto
2720 5305 2886 5375 igitur
2937 5306 3051 5375 jam
3088 5305 3236 5359 dicto
3284 5304 3463 5373 signo,

1884 5399 2107 5453 domum
2147 5413 2274 5452 cum
2327 5395 2438 5451 lilia
2491 5395 2695 5449 redivit
2750 5404 2928 5464 pater,
2979 5395 3229 5464 viditque
3271 5402 3470 5451 secuta

1883 5500 2045 5545 nocte
2071 5498 2319 5544 sanctum
2376 5496 2647 5542 astantem
2708 5487 2834 5551 sibi,
2863 5486 3036 5539 forma
3094 5485 3389 5540 admodum
3431 5499 3467 5541 a

1887 5581 2048 5635 solita
2078 5580 2452 5647 discrepante,
2505 5586 2782 5633 tenentem
2839 5574 3094 5630 manibus
3146 5574 3453 5644 pulverem,

1887 5675 2452 5738 percunctantcmque
2505 5667 2691 5733 :Quid
2740 5664 2910 5720 mavis
2954 5664 3223 5733 accipere,
3249 5663 3466 5721 hancne

1886 5760 2177 5832 Symeonis
2222 5759 2690 5827 benedictionem,
2721 5774 2787 5813 an
2837 5755 3160 5813 dexteram?
3216 5755 3471 5822 Cumque
