4010 6288
499 388 640 455 3199

1696 392 1754 453 S.
1796 393 2096 455 SYMEON
2103 394 2177 455 IS
2215 396 2580 457 JUNIORIS

3621 379 3774 442 3200

485 504 579 560 ille
599 502 998 574 respondisset,
1022 502 1229 573 ubique
1259 503 1506 574 gentium
1542 511 1821 568 constare,
1849 515 2070 589 quantae

2192 509 2600 578 πυνθανόμενον.
2622 509 2730 564 Τοῦ
2756 510 2836 578 δὲ,
2866 511 2988 565 Ὀτι
3019 509 3229 581 μεγάλη
3254 507 3354 580 μέν
3383 508 3476 562 ὲστ
3487 525 3545 561 ιν
3570 508 3607 578 ὴ
3623 507 3776 562 εὐλο-

485 596 704 651 virtutis
737 595 1052 652 benedictio
1083 595 1190 661 sit;
1217 612 1275 651 se
1307 612 1437 650 vero
1473 595 1642 667 (quod
1670 597 1914 666 propitio
1942 614 2072 653 san--

484 698 576 745 eto
607 688 782 757 ﬁeret)
831 702 1050 757 semper
1082 688 1370 743 ardentius
1390 689 1739 745 desiderasse
1781 690 2070 745 dexteram

484 781 841 850 contingere:
892 780 1145 834 extendit
1191 781 1340 834 illam
1393 791 1640 846 sanctus,
1705 781 2069 851 impertitque

485 871 953 936 benedictionem,
985 873 1367 942 improperans
1422 871 1587 925 tacite
1630 886 1786 926 suam
1831 873 2063 943 presby-

485 973 604 1020 tero
641 964 1119 1019 incredulitatem:
1142 963 1379 1032 denique
1399 963 1564 1017 etiam
1590 963 1750 1030 illud,
1771 963 1917 1033 quod
1937 964 2075 1019 alter

485 1070 702 1110 summo
720 1070 843 1110 cum
881 1054 1163 1109 desiderio
1184 1055 1630 1125 praestolabatur,
1674 1055 1906 1126 adjicit:
1963 1056 2074 1110 Ac-

485 1148 609 1216 cipe
643 1146 814 1202 ﬁlium
847 1154 1000 1200 tuum
1039 1162 1254 1201 sanum.
1305 1146 1464 1212 Quod
1513 1156 1720 1203 tantam
1780 1147 2075 1203 instillavit

483 1236 669 1290 animo
701 1237 820 1306 ejus
846 1237 1207 1306 voluptatem,
1243 1245 1304 1290 ut
1350 1253 1462 1306 pra:
1496 1237 1839 1292 abundantia
1904 1231 2072 1304 illius,

486 1328 671 1385 statim
723 1330 1236 1400 expergisceretur:
1302 1330 1625 1400 invenitque
1667 1332 1840 1385 ﬁlium
1894 1332 2078 1387 adhuc

484 1436 677 1476 somno
711 1420 1108 1491 indulgentem,
1164 1436 1229 1476 ac
1281 1422 1596 1476 restitutum
1642 1423 1754 1492 jam
1813 1422 2077 1492 perfectae

484 1511 728 1566 sanitati.
765 1509 946 1575 Quare
981 1511 1127 1564 illico
1159 1511 1392 1565 remittit
1429 1511 1496 1565 ad
1530 1519 1804 1573 sanctum,
1838 1513 1935 1581 qui
1963 1526 2064 1582 pro

486 1603 591 1657 hoc
618 1601 865 1660 secundo
888 1610 1018 1657 natu
1045 1601 1160 1658 ﬁlio
1190 1612 1529 1674 recuperatae
1563 1604 1905 1659 valetudinis
1932 1620 2076 1674 prae-

487 1695 595 1749 mia
623 1694 924 1764 persolvat.

2175 601 2290 669 γία,
2316 601 2477 654 παντί
2513 619 2615 655 που
2669 603 2847 672 δῆλον,
2899 605 3166 669 είπόντος,
3202 603 3315 670 ἐγὼ
3347 602 3408 655 δὲ
3445 600 3620 671 (ἀλλά
3683 616 3773 670 μοι

2176 694 2338 758 ἵλεως
2359 693 2503 763 εῐης)
2529 692 2718 747 λαϐεῖν
2749 695 2980 749 ἐπόθουν
3014 695 3215 766 μᾶλλον
3260 695 3359 764 τὴν
3403 694 3600 759 δεξιάν
3635 709 3652 723 ·
3685 696 3772 746 ἐκ·

2175 783 2354 845 τείνας
2399 784 2604 848 εὐθέως
2660 783 2852 856 αὐτὴν,
2886 785 3071 854 ὀρέγει
3125 785 3226 856 τὴν
3272 785 3562 852 εὐλογίαν,
3586 785 3772 854 ἠρέμα

2173 875 2254 945 τῷ
2288 877 2645 948 πρεσϐυτέρῳ
2678 877 2774 932 καὶ
2823 879 3082 934 ἀπιστίαν
3119 877 3559 948 προσονειδίσας.
3581 879 3678 930 ἐπὶ
3695 875 3776 929 τι.

2176 967 2256 1020 λει
2292 968 2349 1022 δὲ
2374 969 2470 1020 καὶ
2491 968 2634 1040 ὅπερ
2653 969 2887 1024 ἀκοῦσαι
2913 969 3033 1022 λίαν
3055 971 3260 1033 ἐκεῖνος
3283 969 3445 1040 ὲδίψα
3477 968 3771 1038 προσθεὶς,

2189 1059 2459 1112 ’Λπόλαϐε
2503 1061 2593 1114 τὸν
2645 1061 2760 1114 υίὺν
2811 1063 2966 1130 ὑγιῆ.
3027 1064 3094 1116 Ὅ
3134 1061 3411 1132 τοσαύτην
3475 1059 3776 1124 ὲνέσταξετ

2176 1149 2343 1205 αὐτοῦ
2373 1150 2687 1221 γλυκύτητα
2711 1155 2778 1224 τῇ
2808 1155 2978 1225 ψυχῇ,
3003 1153 3079 1217 ὠς
3123 1153 3260 1224 πρὸς
3306 1153 3410 1223 τὴν
3437 1153 3657 1223 ἡδονὴν
3687 1154 3777 1204 αὑ-

2175 1245 2307 1300 τίκα
2346 1245 2748 1317 διυπνισθῆναι,
2782 1246 2878 1300 καὶ
2912 1246 3004 1298 τὸν
3043 1247 3159 1299 υἱὸν
3212 1246 3367 1316 ὕπνῳ
3405 1244 3780 1315 χρησάμενον

2177 1339 2380 1408 εὑρεῖν,
2419 1335 2517 1391 καὶ
2565 1337 2704 1406 πρὸς
2752 1338 2944 1406 ὑγείαν
2962 1336 3060 1408 ήδη
3111 1337 3511 1408 μεταϐαλόντα.
3562 1337 3630 1388 '0
3686 1335 3782 1402 μὲν

2177 1425 2270 1484 οὖν
2317 1430 2500 1500 πατὴρ
2548 1430 2724 1484 ἀνεισι
2767 1429 2920 1498 παρά
2965 1429 3056 1482 τὸν
3084 1429 3242 1497 ἅγιον
3302 1427 3488 1491 αὖθις,
3557 1427 3784 1495 σῶστρα

2177 1521 2285 1576 τῶν
2316 1522 2585 1593 δευτέρων
2615 1519 2749 1574 υίῶν
2777 1520 3087 1590 ἀπονέμων.

556 1825 680 1880 255.
726 1826 892 1880 Paulo
923 1834 1048 1894 post
1089 1825 1286 1881 tertius
1310 1841 1530 1897 quoque
1559 1835 1690 1882 natu
1721 1829 1868 1884 ﬁlius
1895 1829 2074 1886 vehe-

2253 1830 2388 1897 σλγ’.
2431 1826 2630 1898 Ὀλίγῳ
2678 1827 2736 1880 δὲ
2786 1825 3011 1896 ὕστερον
3052 1824 3146 1878 καὶ
3186 1823 3281 1876 τοῦ
3313 1823 3508 1894 τρίτου
3549 1821 3792 1893 λαῦροις

489 1916 770 1970 mentibus
803 1916 941 1970 adeo
979 1915 1228 1970 febribus
1279 1924 1522 1972 tentatus
1561 1927 1666 1982 est,
1705 1928 1766 1972 ut
1795 1920 1906 1973 vita
1951 1920 2075 1973 lon-

491 2006 613 2076 gius
671 2005 1026 2074 producenda
1087 2006 1496 2075 desperaretur.
1555 2009 1700 2063 Puer
1733 2010 2077 2080 pramptabat

493 2099 765 2168 imprimis
786 2098 851 2152 ad
884 2107 1132 2153 sanctum
1161 2100 1491 2171 Symeonem
1523 2102 1722 2157 adduci
1760 2121 1772 2157 :
1803 2115 1960 2174 pater
1979 2121 2077 2159 au-

495 2198 603 2245 tem
629 2191 970 2260 experientia
1012 2191 1067 2245 in
1104 2193 1435 2261 praecedenti
1478 2193 1591 2249 ﬁlio
1621 2195 1838 2263 doctus,
1876 2207 2078 2268 quanta

491 2281 657 2336 etiam
692 2283 881 2350 procul
925 2283 1248 2338 absentibus
1289 2300 1318 2338 a
1365 2284 1636 2356 Symeone
1688 2288 1866 2341 virtus
1904 2290 2078 2344 soleat

491 2369 644 2424 exire
675 2388 686 2423 :
717 2371 920 2433 Potest,
977 2371 1054 2425 ﬁli
1110 2373 1206 2437 mi,
1265 2373 1468 2444 inquit,
1505 2385 1731 2430 sanctus
1765 2376 2079 2433 visitatione

498 2470 607 2536 tua__
640 2469 692 2515 te
730 2461 1084 2516 invisibiliter
1149 2463 1254 2518 hoc
1301 2465 1466 2518 etiam
1509 2465 1632 2520 loco
1675 2466 1910 2538 dignari.
1969 2470 2082 2525 Nec

497 2562 762 2616 moratus,
808 2555 1086 2607 convertit
1120 2571 1178 2608 se
1228 2572 1388 2624 puer,
1431 2567 1487 2610 et
1533 2572 1668 2611 voce
1699 2573 1862 2626 quam
1902 2566 2083 2628 potest

493 2649 802 2704 clarissima
836 2650 1099 2704 exclamat
1130 2668 1142 2703 :
1177 2650 1220 2706 Ο
1245 2651 1502 2722 Symeon,
1523 2653 1733 2708 electus
1757 2670 1787 2708 a
1815 2656 1947 2720 Deo,
1973 2657 2082 2712 mi-

496 2754 682 2793 serere
714 2739 840 2793 mei.
895 2738 1033 2793 Tum
1072 2740 1138 2794 ad
1187 2751 1442 2810 patrem:
1477 2742 1731 2797 Sullitum
1783 2745 1964 2811 adole,
2001 2747 2084 2801 in-

427 2870 433 2875 .
497 2831 636 2900 quit,
661 2847 789 2887 ecce
815 2833 962 2886 enim
999 2832 1235 2888 famulus
1259 2834 1356 2888 Dei
1383 2834 1436 2887 in
1467 2844 1764 2904 conspectu
1793 2851 1916 2891 meo
1943 2845 2080 2890 stat:

497 2939 692 2978 manus
737 2933 948 2978 armata
981 2933 1065 2980 est
1092 2925 1242 2995 virga
1294 2924 1471 2978 ferrea
1505 2935 1559 2980 et
1594 2938 1786 2981 catena
1831 2943 1895 2983 ex
1937 2929 2084 2983 ferro

501 3015 672 3086 iguito
719 3034 732 3069 :
781 3033 888 3086 qua
941 3017 1268 3082 daamonem,
1314 3019 1690 3087 magnitudine
1723 3021 1974 3091 gigantea
2031 3030 2088 3076 et

499 3109 620 3162 visu
670 3109 1000 3173 terribilem,
1053 3118 1201 3164 arcte
1247 3113 1600 3171 constrinxit.
1654 3113 1918 3168 revinctis
1963 3121 2086 3183 post

503 3206 716 3267 tergum
767 3197 1022 3253 manibus
1059 3216 1072 3251 :
1104 3199 1330 3269 jamque
1373 3201 1650 3256 clibanum
1701 3218 1921 3273 quoque
1964 3184 2157 3260 suc-C

457 3289 462 3293 ’
500 3287 689 3342 (τεηάἱι
730 3288 874 3358 igne,
908 3303 1018 3358 quo
1064 3304 1298 3358 nequam
1350 3291 1502 3346 illum
1553 3293 1861 3348 comburat.
1896 3295 2088 3350 lsthaec

505 3379 764 3446 loquente
786 3394 980 3448 puero,
1017 3380 1246 3436 morbus
1273 3381 1458 3438 subito
1493 3383 1650 3447 abiit,
1687 3385 1854 3439 veluti
1877 3384 2088 3457 ﬂagello

499 3466 739 3538 quodam
764 3472 1172 3542 perstringente
1209 3472 1456 3528 abactus.

574 3604 700 3660 254.
741 3605 818 3660 Ita
867 3606 1091 3676 quidem
1143 3608 1436 3664 sanitatem
1489 3609 1731 3683 obtinuit
1772 3612 1864 3667 hic
1897 3611 2088 3668 ﬁlius:

504 3693 615 3749 ﬁlia
659 3711 791 3751 vero
822 3697 1114 3752 diﬁiciliori
1159 3701 1326 3754 etiam
1377 3700 1754 3758 invaletudine
1803 3713 2087 3774 correpta,

507 3796 616 3840 tam
646 3802 813 3858 prope
835 3789 948 3860 jam
985 3791 1054 3844 ab
1077 3791 1229 3845 exitu
1256 3791 1384 3846 vita:
1409 3791 1622 3857 aberat,
1652 3803 1712 3848 ut
1741 3803 1954 3849 tantum
1981 3811 2095 3850 non

509 3886 726 3933 mortua
764 3888 1074 3949 putaretur.
1129 3883 1382 3953 Dumque
1438 3893 1595 3953 pater
1649 3885 1718 3940 ad
1767 3895 2094 3941 consuetum

507 3987 702 4027 rursus
733 3973 1008 4028 medicum
1042 3989 1168 4028 eum
1199 3974 1368 4029 animi
1413 3977 1860 4031 consternatione
1901 3992 1966 4032 ac
1991 3977 2094 4032 do-

508 4066 623 4118 lore
647 4064 832 4120 cordis
872 4066 1165 4135 confugit,
1188 4066 1392 4121 blando
1422 4066 1536 4121 risu
1587 4067 1666 4121 ait
1710 4067 1797 4121 vir
1831 4067 2092 4122 divinus:

507 4153 692 4207 Nolito
738 4155 954 4218 timere,
1007 4156 1079 4209 mi
1124 4156 1446 4228 presbyter;
1477 4157 1572 4213 sed
1606 4157 1746 4214 vade
1787 4159 1971 4228 potius
2000 4161 2100 4213 tri-

510 4245 775 4315 pudiante
803 4263 916 4317 prae
943 4249 1130 4304 laatitia
1163 4265 1354 4318 gressu
1385 4270 1398 4305 :
1423 4250 1702 4306 condonat
1726 4252 1930 4321 quippe
1955 4253 2099 4307 hanc

509 4352 731 4406 quoque
775 4337 940 4393 ﬁliam
977 4349 1125 4394 tuam
1163 4341 1260 4394 tibi
1306 4341 1468 4405 Deus,
1505 4349 1563 4396 et
1589 4341 1747 4396 ketus
1782 4342 1961 4396 laatam
1998 4341 2095 4395 tibi

511 4431 728 4488 videbis
756 4446 1073 4496 occurrere,
1112 4449 1278 4501 quam
1313 4449 1461 4488 nunc
1491 4435 1644 4488 velut
1683 4443 1958 4488 mortuam
1998 4435 2099 4489 de-

2178 1921 2433 1989 πυρετοῖς
2479 1917 2830 1988 συσχεθέντος
2865 1917 3172 1984 ἀπόγνωσις
3219 1915 3364 1982 ζωῆς
3404 1913 3471 1967 τὸ
3529 1915 3792 1984 παρεπό-

2182 2026 2340 2082 μενον
2371 2005 2460 2080 ἦν.
2506 2010 2616 2062 Καὶ
2643 2011 2672 2061 6
2713 2009 2809 2078 μὲν
2842 2007 2918 2070 ὡς
2950 2008 3042 2061 τὸν
3077 2006 3218 2058 θεῖον
3243 2004 3472 2076 Συμεὼν
3500 2007 3788 2074 ἀνακομι-

2181 2105 2372 2174 σθῆναι
2399 2101 2677 2173 προῄρητο
2696 2119 2708 2132 ·
2737 2103 2764 2154 ό
2783 2101 2840 2154 δὲ
2873 2099 3077 2170 πατὴρ,
3103 2099 3202 2167 ὅση
3230 2098 3324 2150 καὶ
3347 2096 3458 2149 ἀπὸ
3489 2098 3789 2167 μακρόθεν

2179 2193 2285 2252 οἶδε
2311 2196 2541 2264 δύναμις
2573 2192 2631 2257 ἐξ
2657 2193 2865 2246 ἐκείνου
2901 2193 3091 2262 φοιτᾷν
3133 2189 3240 2243 ἀπὸ
3269 2187 3787 2258 τοῦ-προλαϐόντος

2183 2288 2349 2360 πείρᾳ
2402 2284 2610 2357 μαθὼν,
2662 2285 2916 2347 Δυνατὸς,
2948 2277 3091 2347 εἷπε,
3119 2280 3327 2345 τέκνον,
3376 2278 3686 2332 κάνταῦθά
3729 2296 3789 2332 σε

2184 2380 2333 2442 θείας
2362 2379 2606 2440 ἀθεάτως
2633 2376 2938 2444 ἐπισκοπῆς
2979 2375 3232 2439 ἀξιῶσαι.
3277 2373 3386 2426 Καὶ
3416 2373 3790 2442 παραχρῆμα

2186 2469 2491 2539 συστρέψας
2515 2467 2705 2522 ἑαυτὸν
2728 2469 2755 2520 6
2787 2467 2934 2529 παῖς,
2969 2465 3182 2537 μεγάλῃ
3200 2463 3274 2525 ὡς
3303 2458 3448 2532 εἶχεν
3475 2462 3692 2532 ἐϐόησε
3723 2464 3788 2532 τῇ

2184 2563 2356 2632 φωνῇ,
2413 2559 2474 2613 Ὀ
2522 2559 2777 2622 ἐκλεκτὸς
2817 2556 2894 2628 τῷ
2930 2555 3048 2626 Θεῷ
3087 2554 3331 2626 Συμεὼν,
3393 2553 3636 2622 ἐλέησόν
3694 2571 3782 2624 με.

2186 2649 2317 2706 Εἶτα
2365 2653 2503 2723 πρὸς
2559 2652 2651 2704 τὸν
2695 2650 2927 2718 πατέρα,
2960 2647 3256 2718 Θυμίασον,
3284 2642 3459 2699 εἶπεν·
3499 2646 3619 2699 ίδοὺ
3674 2647 3787 2715 γὰρ

2183 2744 2414 2814 ἔστηκεν
2447 2744 2474 2796 ό
2501 2741 2596 2795 τοῦ
2630 2739 2764 2794 Θεοῦ
2796 2740 3050 2810 θεράπων
3081 2740 3138 2791 ὲν
3168 2737 3470 2808 ὀφθαλμοῖς
3506 2754 3617 2803 μου
3637 2753 3653 2766 ·
3689 2738 3788 2807 ῥά-

2186 2836 2307 2898 ϐδος
2367 2835 2464 2904 μὲν
2514 2833 2607 2887 οῦν
2649 2831 2798 2903 αὐτῷ
2845 2831 2934 2884 διὰ
2969 2830 3148 2901 χειρὸς
3192 2830 3406 2900 σιδηρᾶ,
3453 2829 3557 2882 καὶ
3588 2829 3790 2891 ἅλυσις

2187 2927 2474 2996 καιόμενον
2519 2925 2653 2995 πυρὶ
2679 2924 2771 2977 τὸν
2804 2922 3017 2993 σίδηρον
3047 2922 3243 2993 ἔχουσα
3267 2937 3280 2952 °
3322 2920 3540 2988 δαίμων
3577 2921 3639 2973 δέ
3677 2937 3790 2986 τις,

2186 3020 2248 3073 τὸ
2299 3008 2526 3088 μέγεθος
2586 3018 2759 3088 μέγας
2821 3017 2914 3069 καὶ
2954 3014 3078 3068 ἰδεῖν
3109 3014 3312 3085 ἀειδής,
3343 3014 3557 3067 δέδεται
3588 3014 3793 3077 δεινῶς

2189 3112 2319 3182 παρ’
2345 3111 2532 3173 αὑτοῦ,
2561 3110 2733 3164 ὀπίσω
2761 3108 2838 3162 τὼ
2861 3110 3010 3179 χεῖρε
3043 3107 3428 3179 περιηγμένος,
3453 3107 3561 3176 ἤδη
3595 3107 3656 3158 δὲ
3692 3106 3794 3160 καὶ

2191 3203 2441 3257 κλίϐανον
2487 3203 2572 3255 ἐπ’
2605 3200 2768 3254 αὐτὸν
2816 3201 3047 3256 ἀνάπτει
3097 3199 3285 3268 πυρὸς,
3323 3199 3415 3252 καί
3456 3199 3643 3266 τούτῳ
3697 3199 3794 3252 τὸν

2191 3293 2425 3363 πονηρὸν
2459 3291 2766 3345 κατακαίει.
2805 3291 2992 3345 Ταῦτα
3025 3288 3160 3360 ὁμοῦ
3193 3307 3252 3342 τε
3281 3291 3467 3360 εἴρητο
3498 3289 3662 3359 παρὰ
3692 3290 3791 3343 τοῦ

2191 3383 2403 3448 παιδὸς,
2432 3384 2528 3438 καὶ
2556 3385 2588 3454 ή
2620 3383 2772 3446 νόσος
2802 3383 2963 3446 εὐθὺς
3005 3382 3420 3453 ἀπεδίδρασκεν,
3446 3381 3650 3452 ὥσπερ
3677 3384 3792 3435 τινὶ

2195 3478 2420 3548 μάστιγι
2449 3477 2693 3546 σφοδρῶς
2725 3475 3134 3547 ἀπεληλαμένη.
3382 3477 3390 3486 ’

2265 3608 2391 3661 σλδ’.
2433 3608 2490 3661 ’0
2519 3607 2618 3678 μὲν
2659 3603 2752 3662 οὖν
2801 3611 2930 3671 παῖς
2965 3607 3083 3662 faro
3111 3609 3304 3672 οὕτως,
3337 3611 3366 3678 ἡ
3400 3607 3456 3660 δὲ
3502 3608 3787 3679 θυγάτηρ,

2194 3699 2337 3770 νόσῳ
2361 3700 2456 3754 καὶ
2478 3700 2616 3770 αὐτὴ
2635 3700 3021 3772 δυσφορωτέρᾳ
3036 3701 3320 3769 ληφθεῖσα,
3347 3699 3581 3768 ἔγγιστα
3611 3702 3788 3755 θανά-

2194 3807 2288 3842 του
2316 3789 2550 3858 γεγόνει,
2587 3789 2684 3842 καὶ
2721 3790 2847 3842 ὅσον
2878 3789 2999 3859 οὐχὶ
3027 3791 3194 3859 νεκρά
3222 3785 3310 3860 ἦν.
3337 3789 3444 3842 Τοῦ
3483 3790 3541 3843 δὲ
3574 3791 3789 3860 πατρὸς

2197 3881 2346 3954 παρά
2374 3881 2468 3935 τὸν
2492 3881 2692 3952 συνήθη
2724 3881 2886 3935 πάλιν
2914 3882 3096 3952 ἰατρὸν
3127 3883 3184 3934 ὲν
3216 3885 3424 3953 ταραχῇ
3454 3883 3790 3953 σπλάγχνων

2197 3973 2293 4026 καὶ
2326 3973 2553 4042 καρδίας
2584 3973 2746 4046 ὀδύνῃ
2796 3974 3222 4042 καταφυγόντος,
3268 3976 3535 4042 προσηνεῖ
3576 3974 3608 4026 6
3643 3975 3788 4037 θεῖος

2197 4062 2337 4133 ἀνὴρ
2383 4061 2718 4131 μειδιάματι,
2742 4061 2833 4131 Μὴ
2863 4060 3056 4128 φοϐοῦ,
3073 4055 3630 4132 πρεσϐύτερε,εἷπεν,
3650 4063 3791 4116 ἀλλὰ

2177 4150 2434 4222 ,τορεύου
2495 4151 2740 4222 χαίροντι
2795 4151 2918 4205 ποδὶ
2969 4151 3186 4220 μᾶλλον·
3228 4151 3517 4223 χαρίζεταί
3554 4169 3644 4207 σοι
3676 4153 3789 4224 γὰρ

2203 4243 2313 4297 ίδοὺ
2363 4243 2456 4295 καὶ
2501 4245 2598 4313 τὴν
2641 4242 2916 4317 θυγατέρα
2961 4242 3114 4308 Θεὸς,
3163 4243 3256 4295 καὶ
3308 4242 3615 4314 χαίρουσαν
3665 4245 3789 4313 ὕψει

2201 4335 2409 4405 χαίρων
2443 4334 2875 4404 είς-συνάντησιν
2905 4332 3223 4401 ὲξελθοῦσάν
3255 4350 3360 4398 σοι,
3395 4336 3461 4404 ἧν
3491 4334 3666 4407 ὀδύρῃ
3692 4336 3790 4388 νῦν

2201 4426 2302 4479 ὅσα
2331 4426 2425 4478 καὶ
2453 4425 2811 4496 θνήσκουσαν.
2851 4426 3070 4478 Τούτων
3092 4426 3157 4477 ὲκ
3195 4424 3290 4477 τοῦ
3316 4426 3544 4495 Συμεὼν
3577 4429 3794 4490 ἐκεῖνος

515 4526 717 4595 ploras.
755 4523 850 4577 His
879 4523 1106 4586 auditis,
1134 4533 1243 4580 tam
1283 4525 1564 4580 delibutus
1592 4525 1896 4595 voluptate,
1929 4542 2089 4596 quam

2205 4517 2462 4582 ἀκούσας,
2499 4516 2695 4586 μεστὸς
2735 4518 2856 4572 ἀντὶ
2881 4517 2980 4586 τῆς
3012 4517 3205 4588 πρώην
3243 4518 3438 4587 ὀδύνης
3467 4520 3568 4571 ἐπὶ
3595 4523 3665 4590 τῇ
3699 4519 3794 4574 θυ-

516 4615 671 4684 prius
703 4614 938 4668 obrutus
976 4629 1215 4670 moerere
1264 4625 1492 4686 propter
1537 4615 1734 4679 ﬁliam,
1779 4617 2093 4672 revertitur.

513 4707 764 4776 Cumque
801 4708 912 4778 jam
964 4707 1189 4761 domum
1227 4709 1461 4772 subiret,
1523 4709 1744 4764 obviam
1792 4709 2097 4765 secundum

515 4799 927 4868 praedictionem
963 4802 1239 4870 procurrit
1269 4803 1318 4856 ei
1368 4801 1497 4868 ﬁlia,
1520 4812 1576 4857 ct
1602 4803 1854 4873 amplexu
1886 4813 2098 4873 patrem

517 4889 758 4959 stringit,
813 4889 938 4945 ideo
987 4893 1251 4956 suaviori,
1303 4892 1451 4962 quod
1505 4903 1704 4962 praeter
1737 4910 1956 4949 omnem
2006 4893 2106 4947 ex-'

516 4982 909 5049 spectationem
941 4991 1088 5039 esset
1123 4984 1383 5039 lctltil‘ero
1413 4986 1609 5040 morbo
1647 4994 1839 5054 erepta
1877 5003 1888 5037 :
1919 4985 2101 5052 itaque

517 5072 774 5142 adjuncta
822 5074 1085 5128 fratribus
1126 5085 1231 5134 est.
1281 5076 1421 5130 facta
1467 5077 1634 5130 etiam
1669 5077 1784 5146 ipsa
1813 5077 1957 5145 patri
1987 5091 2102 5129 ma-

516 5162 774 5218 nifestum
808 5166 981 5219 sancti
1022 5165 1310 5235 Symeouis
1337 5182 1560 5220 munus.
1593 5167 1766 5220 Porro
1797 5163 2103 5235 presbyteri

517 5255 679 5324 hujus
720 5254 928 5310 domin-i
953 5297 968 5316 ,
1023 5258 1295 5326 pertinaci
1330 5258 1720 5312 incredulitate
1765 5256 2101 5320 laborantes,

514 5348 915 5403 denuntiabant
940 5348 1066 5418 ipsi,
1095 5351 1290 5404 crebro
1311 5362 1458 5421 gesta
1488 5351 1781 5422 Symeonis
1803 5349 2103 5412 enarranti,

517 5440 767 5494 dicentes
798 5459 812 5495 :
846 5441 928 5495 Tu
961 5443 1218 5511 equidem
1251 5441 1580 5497 benedicere
1614 5443 1760 5496 illius
1805 5441 2062 5510 precibus
2089 5460 2104 5507 ;

518 5547 618 5584 nos
648 5531 1088 5589 maleiictionem
1132 5535 1304 5604 ipsius
1345 5544 1731 5604 pncoptamus.
1779 5533 2106 5588 Videbimus

519 5623 707 5691 igitur,
734 5624 1013 5696 inquiunt.
1049 5643 1180 5680 num
1213 5627 1345 5696 quid
1375 5626 1448 5680 ita
1498 5625 1551 5678 in
1599 5640 1657 5678 se
1687 5624 1900 5680 aﬁ‘ectis
1930 5626 2110 5680 valeat

522 5729 743 5772 nocere.
791 5717 866 5770 Ad
901 5734 1021 5786 qua:
1056 5719 1220 5772 verba
1269 5733 1377 5771 non
1408 5716 1624 5770 distulit
1659 5718 1711 5772 in
1742 5717 1962 5788 longum
1993 5733 2110 5788 pue-

527 5822 650 5861 nam
691 5808 836 5877 Iusta
869 5811 963 5866 Dei
1000 5812 1373 5879 providentia;
1424 5809 1517 5863 sed
1561 5808 1755 5863 eodem
1790 5827 1953 5876 anno,
1981 5810 2110 5865 licet

2199 4609 2364 4681 γατρὶ
2414 4609 2510 4678 τὴν
2560 4607 2737 4679 ψυχὴν
2777 4608 2972 4678 ἡδονῆς
3002 4609 3248 4681 ἐπανῄει.
3310 4610 3684 4664 Ἐπιδαίνοντι
3735 4613 3795 4666 δὲ

2202 4702 2302 4774 ἤδη
2361 4699 2455 4753 τοῦ
2513 4700 2683 4766 οῖκου,
2732 4702 3053 4772 προϋπαντᾷ
3105 4702 3246 4755 κατά
3295 4702 3393 4765 τάς
3455 4707 3795 4775 προρρήσεις

2201 4794 2362 4864 αὕτη,
2387 4793 2481 4846 καὶ
2508 4793 2728 4864 γνήσιόν
2759 4811 2812 4846 τι
2845 4793 2935 4846 καὶ
2966 4793 3062 4862 ἡδὺ
3091 4794 3502 4864 περιπλέκεται,
3524 4791 3615 4848 οἷα
3645 4797 3800 4866 παρὰ

2205 4888 2382 4938 πᾶσαν
2413 4868 2582 4957 πατρὶ
2611 4887 2942 4956 προσδοκίαν
2974 4885 3220 4956 χαλεπῆς
3243 4888 3398 4940 νόσου
3429 4890 3668 4961 φιλτάτη
3698 4891 3793 4942 θυ-

2204 4979 2382 5050 γάτηρ
2411 4979 2771 5044 ἀνασωθεῖσα,
2807 4980 2904 5033 καὶ
2955 4980 3308 5051 προστίθεται
3353 4983 3447 5034 καὶ
3494 4982 3636 5053 αὕτη
3686 4986 3795 5044 τοῖς

2205 5071 2470 5139 ἀδελφοῖς,
2504 5072 2672 5140 σαφὲς
2703 5072 2854 5143 παρὰ
2909 5075 3002 5126 τοῦ
3052 5073 3199 5126 θείου
3242 5074 3466 5142 Συμεὼν
3506 5075 3589 5140 τῷ
3628 5077 3795 5144 πατρὶ

2204 5160 2375 5230 δῶρον
2401 5162 2764 5232 γεγενημένη.
2789 5163 2850 5216 Οί
2882 5163 3065 5231 μέντοι
3089 5163 3182 5216 τοῦ
3203 5180 3304 5234 πρε
3316 5164 3579 5234 σ¹ὐτέρου
3602 5164 3796 5217 δεσπό-

2207 5269 2318 5316 ται,
2346 5253 2589 5323 χαλεπὴν
2637 5254 2896 5307 ἀπιστίαν
2939 5255 3243 5321 νοσοῦντες,
3271 5257 3628 5323 ἀγγέλλοντες
3657 5251 3796 5329 ἦσαν

2208 5345 2378 5414 αὐτῷ,
2407 5345 2475 5397 τὰ
2502 5344 2595 5398 τοῦ
2623 5345 2847 5416 Συμεὼν
2879 5346 3140 5410 πολλάκις
3183 5346 3557 5418 ἐξηγουμένη),
3588 5349 3706 5410 καὶ,
3725 5350 3794 5400 Si:
3861 5355 3882 5370 '

2213 5436 2312 5508 μὲν
2350 5435 2575 5504 εὐλογοῦ
2609 5439 2730 5500 ταῖς
2757 5439 2943 5508 εὐχαῖς
2980 5437 3166 5503 αὐτοῦ,
3217 5439 3504 5505 λέγοντεςο
3535 5441 3696 5510 ἡμεῖς
3743 5440 3796 5492 δὲ

2209 5529 2308 5597 τὴν
2353 5528 2448 5582 τοῦ
2483 5529 2650 5582 αὐτοῦ
2685 5530 2884 5598 μᾶλλον
2924 5531 3064 5600 ἀρὰν
3114 5529 3511 5600 ἀσπαζόμεθα·
3557 5531 3798 5600 ὀψόμεθα

2213 5620 2342 5691 γάρ,
2378 5623 2564 5691 φησὶν,
2609 5623 2664 5674 εί
2699 5639 2752 5675 τι
2785 5624 2922 5692 πρὸς
2943 5602 3105 5676 αὑτὸν
3134 5623 3305 5686 οὕτως
3349 5622 3574 5692 ἔχοντας
3603 5623 3797 5691 βλάψας

2211 5713 2515 5781 δυνήσεται.
2554 5713 2695 5784 Πρὸς
2727 5716 2870 5784 ἅπερ
2917 5716 3017 5767 οὐκ
3052 5715 3146 5766 ἐπὶ
3190 5713 3324 5766 πολὺ
3358 5713 3429 5763 ei
3461 5713 3563 5778 τῆς
3587 5713 3798 5771 δικαίας

2215 5806 2503 5875 ὲῦράδυνεν
2547 5807 2633 5859 ἐπ’
2669 5808 2862 5872 αὐτοὺς
2895 5809 2984 5861 τοῦ
3023 5808 3159 5860 Θεοῦ
3191 5805 3480 5876 προνοίας·
3524 5805 3658 5859 ἀλλά
3701 5803 3791 5856 τοῦ
