4010 6288
184 320 326 386 3‘201
405 356 415 362 -

1227 324 1404 385 VITA
1444 324 1491 382 A
1531 321 1974 384 NICEPHORO
2011 321 2497 386 CONSCRIPTA.

3317 324 3460 386 .3902

187 436 438 493 ἐνιαυτοῦ
467 435 677 490 ἐκείνου
716 437 890 492 καίτοι
917 435 1192 508 βαθύτατα
1220 437 1595 502 πλουτοῦντες,
1627 436 1780 488 πενέ⁹

1888 435 2141 492 ditissimi
2171 447 2376 502 essent,
2433 438 2771 508 pauperrimi
2833 440 2936 495 visi
2985 447 3146 503 sunt,
3201 438 3462 493 clunibus

192 547 380 589 στατοι
402 527 689 600 ὤφθησαν,
717 528 896 598 πάσης
932 527 1110 581 αὑτῶν
1140 529 1327 592 οὐσίας
1377 529 1618 599 ἐσχάτως
1652 527 1767 580 δια-

187 619 512 691 φθαρείσης.

1884 528 2101 583 tandem
2141 529 2494 585 facultatibus
2524 528 2822 600 dissipatis.

1607 735 1836 794 CAPUT
1880 739 2070 794 XXIX.

593 849 847 905 Absentia
899 856 948 902 et
985 850 1217 920 cogitata
1246 853 1491 921 perspicit
1523 867 1540 905 :
1579 868 1673 922 per
1716 853 2002 926 discipulos
2041 857 2321 910 medetur:
2354 857 2405 908 in
2437 863 2745 926 tempestate
2781 857 3063 910 succurrit.

266 963 395 1018 σλε’.
431 963 676 1033 Πέλαγος
714 964 814 1034 μὲν
842 957 940 1017 οὖν
978 962 1247 1029 ἐξαντλῶν
1269 959 1389 1018 οἶδα
1422 966 1677 1030 κοτύλαις
1697 966 1768 1020 τὰ

189 1053 285 1108 τοῦ
315 1051 630 1123 θαυμαστοῦ
665 1051 892 1122 Συμεὼν
919 1053 1096 1106 πάντα
1125 1053 1380 1118 διεξιέναι
1410 1054 1732 1124 φιλονεικῶν
1758 1075 1772 1088 ο

190 1144 310 1198 ἀλλ’
339 1145 400 1198 οὑ
434 1143 644 1214 φορητὴ
671 1142 831 1196 πάλιν
863 1144 896 1214 ή
927 1143 1037 1197 τῶν
1067 1145 1560 1216 παραλειπομένων
1584 1147 1776 1220 ζημία.

203 1237 494 1308 Ἐπέμφθη
543 1237 652 1307 γάρ
697 1253 829 1289 ποτε
872 1238 1009 1306 πρὸς
1039 1238 1137 1306 τὴν
1175 1237 1419 1308 βασιλίδα
1449 1239 1603 1293 πόλιν
1638 1241 1780 1296 κατά

190 1346 344 1392 τινας
370 1329 640 1398 Θεοφιλεῖς
668 1345 727 1381 τε
758 1328 876 1400 ἅμα
907 1329 1004 1382 καὶ
1039 1328 1379 1399 ψυχωφελεῖς
1413 1331 1604 1402 χρείας
1645 1349 1779 1403 πρε-

194 1419 455 1490 σϐύτερος
484 1419 687 1490 Θωμᾶς
719 1421 817 1473 σὺν
849 1420 1098 1490 ἀδελφοῖς
1137 1421 1346 1492 ἑτέροις
1375 1421 1494 1475 δυσ)⁵
1525 1423 1656 1493 παρ’
1680 1424 1780 1478 αὑ-

189 1509 308 1563 τοῦ.
341 1505 446 1563 Οἷα
472 1508 530 1562 δὲ
571 1509 723 1578 φιλεῖ
747 1510 808 1563 τὸ
835 1510 966 1582 περὶ
998 1511 1091 1565 τὸν
1137 1508 1364 1581 βασιλέα
1397 1515 1506 1566 πᾶν
1550 1513 1775 1584 προσίε-

193 1600 320 1656 σθαι
372 1602 497 1666 τοὺς
539 1603 852 1669 τοιούτους,
891 1603 986 1657 καὶ
1040 1603 1366 1674 θεραπεύειν
1421 1603 1511 1658 διὰ
1546 1606 1645 1677 τὴν
1679 1605 1775 1660 τοῦ

191 1697 512 1768 πέμψαντος
566 1697 790 1768 ἀρετὴν,
848 1698 990 1769 ὀρῶν
1020 1701 1048 1752 ό
1075 1700 1375 1769 τηνικαῦτα
1415 1699 1656 1772 ἔπαρχος
1677 1701 1777 1754 αὑ-

191 1791 319 1854 τοὺς
343 1790 645 1861 (Θεόδωρος
676 1784 833 1854 οὗτος
883 1792 912 1844 ὁ
973 1790 1071 1860 τὴν
1131 1791 1448 1861 ἐπωνυμίαν
1499 1791 1778 1861 Πικρίδιος

189 1876 282 1953 ἦν)
314 1880 630 1952 παρρησίας
661 1883 718 1934 ἐν
747 1879 827 1949 τῷ
871 1881 1120 1950 παλατίῳ
1173 1881 1478 1951 τυγχάνων,
1513 1879 1776 1933 πυνθάνε-

192 1990 305 2040 ται,
350 1971 495 2034 τίνες
533 1973 582 2025 oi
614 1972 839 2042 povaxol
887 1973 979 2025 καὶ
1024 1973 1167 2026 ὅθεν.
1206 1971 1318 2026 Καὶ
1371 1972 1579 2042 μαθὼν,
1611 1989 1778 2043 μετα-

194 2065 442 2119 καλεῖται
487 2064 579 2118 τὺν
628 2064 832 2135 Θωμᾶν
882 2064 1220 2134 καταμόνας.
1262 2064 1441 2120 Πολλὰ
1482 2064 1614 2134 γοῦν
1646 2066 1780 2137 περὶ

193 2155 290 2212 τοῦ
329 2156 480 2211 θείου
511 2156 738 2228 Συμεὼν
761 2155 1157 2228 διαλεχθέντες,
1193 2157 1423 2226 συχνοὺς
1454 2154 1550 2210 τοῦ
1601 2157 1779 2226 Θωμᾶ

200 2249 295 2304 καὶ
326 2249 575 2322 μακροὺς
601 2249 1013 2313 κατατείνοντος
1039 2249 1254 2318 λόγους,
1291 2248 1521 2304 πλεῖστά
1554 2267 1614 2304 τε
1647 2250 1780 2321 περὶ

193 2342 363 2398 αὑτοῦ
395 2344 490 2396 καὶ
520 2343 630 2396 τῶν
651 2341 818 2396 αὑτοῦ
852 2340 1175 2412 θαυμασίων
1206 2342 1308 2396 ὅσα
1336 2341 1599 2395 ἑκάστοτε
1631 2341 1782 2418 δρῴη

196 2435 487 2502 διεξιόντος
513 2449 526 2464 ⁸
551 2436 589 2488 ,ὁ
623 2433 863 2506 ἔπαρχος
916 2433 1206 2497 ἐκκαυθεὶς
1261 2433 1360 2504 τὴν
1399 2433 1628 2505 καρδίαν
1669 2436 1782 2498 τοῖς

199 2529 328 2599 περὶ
353 2527 517 2582 αὑτοῦ
543 2527 896 2600 διηγήμασιν,
927 2525 1048 2588 ὅλος
1077 2541 1138 2578 τε
1160 2524 1262 2594 τῆς
1294 2525 1373 2588 εἰς
1391 2525 1552 2578 αὑτὸν
1581 2526 1778 2595 ἐκκρε-

195 2620 429 2690 μασθεὶς
488 2619 746 2687 πίστεως,
796 2619 1022 2691 Χαλεπή
1083 2635 1174 2688 με,
1240 2616 1379 2687 πρὸς
1437 2619 1528 2671 τὸν
1576 2616 1780 2688 Θωμᾶν

197 2713 326 2782 ἔφη,
367 2713 522 2775 νόσος
569 2712 666 2766 καὶ
707 2709 915 2782 κρυφία
957 2708 1156 2776 πιέζει,
1189 2707 1326 2780 πρὸς
1369 2709 1437 2779 ἢν
1479 2707 1567 2762 διὰ
1601 2709 1780 2778 πάσης

198 2801 368 2856 ἐλθὼν
425 2802 676 2873 μηχανῆς
735 2818 795 2855 τε
849 2801 944 2854 καὶ
988 2802 1205 2871 τέχνης,
1241 2801 1348 2854 οὐδ’
1383 2799 1561 2854 ὁτιοῦν
1583 2795 1694 2862 οἷός
1722 2816 1782 2852 τε

200 2891 470 2962 κατέστην
502 2892 684 2961 εὑρεῖν
715 2889 809 2944 τοῦ
845 2886 1019 2942 κακοῦ
1046 2889 1338 2958 φάρμακον
1358 2903 1372 2917 ·
1409 2881 1529 2940 εἷτα
1561 2889 1653 2941 καὶ
1682 2887 1781 2941 αὑ-

199 2986 293 3040 τοῦ
325 2985 546 3056 μεσίτου
598 2984 783 3052 τυχεῖν
814 2982 984 3035 ἐδεῖτο
1014 2981 1252 3051 θερμῶς,
1288 2979 1430 3032 ὥστε
1457 2979 1524 3032 δι’
1555 2980 1782 3032 ἐπιστο-

1949 970 2076 1027 255.
2119 973 2317 1028 Totum
2344 991 2497 1031 mare
2537 973 2718 1028 situlis
2751 971 3045 1028 exhaurire
3079 971 3319 1037 noverit,
3367 971 3464 1044 qui

1877 1063 2063 1117 omnia
2093 1063 2382 1135 Symeonis
2412 1064 2692 1119 mirabilia
2721 1063 2776 1116 in
2816 1049 2994 1117 lucem
3038 1061 3286 1132 proferre
3329 1077 3464 1116 con-

1878 1156 2120 1212 tenderit
2143 1173 2157 1210 :
2181 1164 2238 1210 at
2265 1157 2520 1212 similiter
2542 1153 2974 1224 incomparabile
3001 1151 3463 1213 damnumfuerit.

1877 1248 2179 1319 quidquam
2216 1265 2247 1303 a
2290 1249 2599 1304 scientibus
2634 1245 3001 1318 praetermitti.
3047 1243 3246 1300 Missus
3301 1244 3468 1314 igitur

1882 1339 2180 1409 aliquando
2211 1338 2269 1393 in
2299 1339 2506 1410 regiam
2535 1338 2730 1393 urbem
2761 1354 2792 1392 a
2825 1346 3017 1390 sancto
3057 1335 3327 1406 Symeone
3363 1335 3466 1390 fuit

1881 1431 2171 1502 presbyter
2202 1432 2443 1487 Thomas
2474 1447 2600 1486 cum
2644 1429 2912 1484 fratribus
2955 1428 3195 1493 duobus,
3243 1443 3465 1498 compa-

1882 1535 2105 1580 raturus
2132 1525 2383 1596 quaedam
2411 1525 2480 1581 ad
2533 1523 2630 1579 Dei
2675 1523 3098 1592 animarumque
3143 1537 3301 1576 usum
3339 1536 3466 1591 spe-

1880 1616 2108 1672 ctantia.
2158 1617 2432 1688 Cumque,
2473 1626 2534 1672 ut
2565 1615 2684 1670 fieri
2715 1616 2876 1681 solet,
2902 1631 2932 1669 a
2963 1623 3072 1670 tota
3108 1614 3234 1669 aula
3267 1613 3466 1668 admit-

1882 1716 2134 1762 terentur
2167 1708 2619 1778 colerenturque,
2658 1715 2885 1777 pr0ptcr
2919 1706 3066 1760 illius
3104 1722 3135 1760 a
3169 1720 3279 1775 quo
3313 1704 3464 1759 missi

1881 1809 2043 1857 erant
2067 1799 2268 1855 famam
2292 1839 2308 1866 ,
2359 1801 2502 1856 vidit
2540 1815 2637 1854 eos
2670 1799 2764 1869 qui
2811 1806 2942 1853 tunc
2982 1797 3275 1867 praefectus
3313 1796 3470 1852 urbis

1880 1898 2004 1946 erat
2052 1890 2382 1945 Theodorus
2435 1889 2682 1952 nomine,
2763 1896 3130 1958 cognomento
3172 1887 3465 1951 Picridius,

1880 1982 2214 2040 auctoritate
2240 1982 2474 2052 pollens,
2500 1981 3090 2051 atquejnterrogavit,
3121 1979 3346 2048 quinam
3374 1979 3466 2034 isti

1880 2074 2064 2130 forent
2091 2074 2346 2128 monachi
2385 2082 2442 2128 et
2472 2072 2638 2128 unde.
2682 2072 2928 2127 Edoctus
2974 2070 3210 2139 singula,
3247 2085 3471 2126 sevoca-

1880 2167 1961 2222 vit
1999 2167 2231 2222 seorsim
2274 2166 2566 2221 Thomam.
2617 2165 2754 2221 Cum
2790 2175 2973 2220 autem
3021 2165 3276 2236 pluribus
3326 2165 3475 2222 inter

1881 2270 1940 2310 se
1966 2255 2033 2310 de
2069 2265 2258 2311 sancto
2299 2257 2573 2328 Symeone
2614 2257 2877 2328 egissent,
2923 2268 2980 2311 et
3033 2256 3364 2326 prolixiores
3398 2255 3467 2310 de

1882 2347 1977 2402 illo
2016 2347 2255 2403 Thomas
2317 2356 2630 2418 pertexeret
2684 2363 2996 2412 sermones,
3060 2363 3228 2416 super
3282 2348 3469 2402 omnia

1882 2436 2062 2507 ipsum
2093 2446 2149 2492 et
2189 2438 2454 2492 miracula
2489 2453 2612 2508 quae
2638 2438 2888 2507 quotidie
2919 2437 3158 2491 faciebat
3197 2452 3472 2492 commen-

1882 2528 2054 2583 dans:
2092 2528 2385 2598 prazfectus
2411 2528 2783 2584 inﬂammatus
2815 2528 2982 2583 corde
3015 2528 3220 2583 talibus
3274 2543 3470 2582 narra-

1885 2621 2148 2684 tionibus,
2179 2628 2401 2691 totaque
2433 2621 2489 2675 in
2513 2621 2692 2690 ipsum
2729 2619 2928 2674 ﬁducia
2954 2627 3209 2675 erectus:
3264 2619 3469 2675 Difﬁci-

1883 2713 1973 2777 lis,
2006 2713 2187 2783 inquit
2213 2713 2480 2768 Thomam
2509 2713 2818 2784 alloquens,
2847 2728 2935 2767 me
2961 2720 3018 2767 et
3065 2713 3318 2767 occultus
3340 2727 3469 2782 pre-

1885 2801 1984 2856 mit
2017 2803 2280 2870 morhus;
2315 2805 2474 2874 cujus
2503 2818 2669 2858 causa
2699 2819 2893 2858 omnes
2913 2802 3142 2857 adhibui
3184 2802 3470 2858 machinas

1883 2900 1940 2947 et
1962 2900 2131 2956 artes,
2163 2892 2259 2948 sed
2283 2893 2531 2948 laboravi
2562 2892 2616 2947 in
2643 2908 2868 2958 vanum,
2898 2893 3047 2948 nulla
3079 2892 3208 2947 mali
3245 2892 3470 2946 inventa

1885 2981 2119 3037 medela.
2153 2983 2362 3040 Deinde
2394 2983 2782 3040 ardentissime
2806 2984 2988 3055 petiit,
3016 2994 3076 3039 ut
3126 2984 3323 3039 liceret
3360 2982 3469 3038 sibi

199 3076 300 3146 λῆς
351 3074 423 3131 τὰ
482 3073 604 3128 καθ’
647 3073 840 3128 ἐαυτὸν
894 3073 1088 3143 ἐκείνῳ
1137 3071 1503 3142 γνωρίσαντα,
1543 3071 1779 3141 κομίσα-

1888 3089 1985 3143 per
2011 3073 2300 3144 epistolam
2322 3089 2510 3130 rerum
2555 3091 2780 3129 suarum
2829 3084 3037 3130 statum
3088 3085 3280 3131 sancto
3324 3075 3473 3131 indi-

201 3169 322 3222 σθαι
366 3167 462 3221 καὶ
514 3165 612 3238 τὴν
673 3163 990 3236 θεραπείαν.
1036 3161 1142 3217 Τοῦ
1197 3162 1272 3228 δὲ,
1346 3161 1530 3234 ἥτιςή
1585 3162 1780 3232 νόσος,

200 3261 463 3333 ἐρομένου
491 3276 506 3291 ο
561 3259 766 3328 ὲλεεινῇ
796 3258 823 3309 ὁ
851 3257 1091 3328 ἔπαρχος
1152 3252 1438 3309 ὑπολαϐὼν
1479 3256 1546 3326 τῇ
1603 3258 1776 3326 φωνῇ,

200 3352 407 3415 Πάντα,
440 3348 628 3420 φησὶν,
657 3341 740 3412 οἷς
779 3348 1080 3416 τρέφομαι,
1105 3345 1184 3408 είς
1213 3339 1352 3415 αἷμα
1405 3348 1784 3415 μεταποιεῖται

202 3443 296 3496 καὶ
343 3442 588 3512 μακροὺς
650 3439 960 3510 σκώληκας,
992 3438 1027 3509 ἦ
1061 3455 1121 3492 τε
1180 3437 1289 3492 τῶν
1321 3437 1471 3500 ἐντὸς
1502 3437 1686 3508 ὀδύνη,
1721 3437 1782 3490 οὑ

203 3533 366 3605 ῥᾳδία
395 3533 607 3603 φέρειν,
637 3530 1085 3601 διαόοσκομένων
1126 3547 1193 3601 με
1221 3527 1331 3583 τῶν
1363 3528 1683 3599 σκωλήκων.
1727 3528 1784 3582 Ὀ

201 3624 283 3691 δὲ,
322 3623 657 3695 Γνωριστέον
702 3623 820 3694 μὲν,
844 3623 920 3685 ὡς
949 3621 1110 3692 ἔφης,
1137 3621 1310 3676 ταῦτα
1359 3621 1454 3675 καὶ
1500 3621 1578 3692 τῷ
1608 3623 1780 3692 μεγά-

205 3718 303 3788 λῳ,
333 3715 472 3787 πλὴν
522 3714 636 3769 ἀλλ’
669 3714 784 3768 ἐστι
841 3714 972 3785 παρ’
1023 3715 1156 3784 ἡμῖν
1206 3712 1316 3766 τῶν
1371 3711 1532 3783 ἱερῶν
1571 3712 1781 3765 ἐκείνου

205 3807 408 3878 τριχῶν
463 3807 556 3859 καὶ
615 3805 712 3875 τῆς
765 3803 990 3869 κόνεως,
1019 3796 1102 3865 οἷς
1155 3801 1300 3872 ὕδωρ
1331 3800 1642 3855 ἐπιδαλόντι
1687 3798 1783 3852 καὶ

206 3899 312 3971 πρὸ
339 3899 524 3953 σιτίων
556 3898 758 3958 πιόντι,
791 3894 1042 3965 οὐδαμῶς
1069 3890 1221 3964 οἶμαι
1251 3893 1638 3964 μεταμελήσει.

1887 3178 2034 3226 care,
2066 3179 2174 3233 quo
2208 3163 2554 3220 curationem
2600 3166 2901 3234 impetrare
2953 3166 3022 3220 ah
3051 3165 3172 3235 ipso
3231 3181 3475 3222 merere-

1883 3262 1994 3308 tur.
2024 3254 2400 3327 lnterrogante
2424 3266 2610 3312 autem
2642 3256 2855 3310 Thoma
2887 3274 2899 3311 :
2933 3257 3139 3328 Ecquis
3195 3258 3286 3312 ille
3320 3274 3472 3313 mor-

1880 3344 1985 3398 bus
2025 3354 2210 3415 esset,
2255 3347 2563 3402 miserabili
2591 3348 2935 3417 respondens
2997 3364 3134 3404 voce
3173 3366 3185 3402 :
3253 3348 3469 3412 Omnia,

1882 3433 2085 3503 inquit,
2138 3435 2477 3490 nutrimenta
2520 3452 2641 3492 mea
2685 3437 2740 3490 in
2774 3436 3103 3508 sanguinem
3159 3445 3217 3492 et
3280 3437 3473 3507 longos

1884 3522 2188 3580 lumbricos
2240 3535 2671 3581 convertuntur:
2737 3529 2942 3598 quippe
3004 3527 3220 3585 viscera
3263 3529 3474 3583 arrodit

1887 3618 2065 3678 dolor,
2097 3618 2243 3672 haud
2272 3619 2436 3674 facile
2477 3619 2702 3674 tolerari
2753 3629 2964 3691 potest,
3011 3620 3123 3676 illis
3177 3636 3265 3676 me
3307 3620 3474 3690 depa-
3559 3669 3561 3674 .

1890 3708 2194 3763 scentibus.
2226 3707 2325 3764 Cui
2359 3709 2639 3764 Thomas:
2675 3709 3048 3782 Significanda
3073 3711 3192 3766 haec
3245 3710 3471 3780 quidem

1891 3809 2041 3872 sunt,
2096 3807 2158 3854 ut
2217 3801 2426 3871 inquis,
2485 3818 2686 3874 magno
2743 3803 3036 3875 Symeoni;
3087 3814 3472 3859 verumtamen

1894 3891 2052 3970 adest
2111 3892 2273 3948 nobis
2313 3909 2536 3966 quoque
2603 3911 2635 3951 e
2678 3897 2852 3952 sacris
2898 3897 3047 3951 illius
3100 3895 3350 3950 crinibus
3408 3909 3473 3949 ac

205 3992 434 4053 pulvere
489 3992 801 4063 quidpiam;
844 4003 985 4059 quos
1040 3987 1086 4043 si
1157 3990 1284 4058 quis
1356 3985 1648 4041 miscuerit
1703 3995 1831 4038 cum
1901 3998 2062 4053 aqua,
2127 3983 2478 4056 biberitque,
2525 3995 2658 4058 puto
2705 3987 2822 4042 fore
2886 3995 2945 4042 ut
3005 4001 3134 4042 eum
3184 3985 3312 4041 facti
3361 3999 3474 4040 non

244 4085 490 4142 mniteat.

207 4099 490 4154 poeniteat.

277 4175 416 4236 σλς’.
446 4173 552 4228 Τοῦ
587 4173 643 4228 δὲ
673 4172 814 4228 κατὰ
836 4172 934 4237 τὰς
971 4171 1252 4243 ὑποθήκας
1293 4167 1659 4241 πεποιηκότος
1685 4208 1700 4232 ,
1748 4167 1784 4238 ἥ

202 4287 264 4324 τε
294 4266 390 4322 τοῦ
433 4267 664 4338 αἵματος
692 4263 854 4335 ,ῥύσις
899 4266 1169 4330 πέπαυτο,
1202 4263 1296 4317 καὶ
1325 4263 1382 4317 αί
1411 4263 1520 4315 τῶν
1571 4260 1786 4332 σκωλή-

205 4378 318 4414 κων
370 4359 556 4421 ὠδῖνες
589 4356 838 4423 ἐσϐεστο,
876 4356 972 4410 καὶ
997 4357 1031 4426 ἡ
1059 4356 1210 4418 νόσος
1243 4353 1408 4416 εὐθὺς
1453 4351 1786 4423 ἀπελήλατο.

1957 4165 2083 4220 236.
2133 4166 2382 4222 Credidit
2414 4166 2706 4238 praafcctus
2739 4167 2905 4224 dictis
2935 4168 3192 4225 Thomae:
3249 4180 3304 4225 et
3347 4187 3472 4226 ces-

1886 4257 2027 4312 savit
2062 4257 2209 4312 illico
2265 4256 2446 4312 ﬂuxus
2480 4257 2784 4328 sanguinis,
2826 4257 3046 4313 dolores
3090 4259 3360 4313 vermium
3380 4261 3464 4315 le-

1886 4348 1988 4404 niti
2023 4359 2172 4416 sunt,
2225 4348 2517 4420 omnisque
2537 4348 2809 4420 aegritudo
2836 4349 3088 4420 depulsa.
3116 4349 3318 4406 Verum
3343 4366 3471 4407 cum

216 4450 275 4504 '0
321 4447 452 4517 γοῦν
498 4450 736 4518 ἔπαρχος
811 4447 1069 4520 φυσικαῖς
1140 4446 1282 4516 ὁρῶν
1339 4443 1532 4499 ἑαυτὸν
1581 4442 1782 4509 ἐξόδοις

1888 4438 2108 4495 videret
2143 4454 2365 4494 secessu
2396 4439 2632 4494 naturali
2667 4454 2726 4494 se
2789 4439 3056 4510 deinceps
3086 4441 3164 4496 uti
3193 4481 3208 4506 ,
3254 4442 3474 4514 gravior

205 4541 302 4596 τοῦ
328 4540 515 4595 λοιποῦ
551 4541 851 4612 χρώμενον,
879 4539 935 4590 ἐν
958 4536 1108 4608 φόϐῳ
1141 4536 1348 4591 πλείονι
1387 4522 1492 4588 τοῦ
1517 4534 1785 4604 προτέρου

206 4632 444 4702 γεγόνει,
465 4633 561 4686 καὶ
612 4631 703 4685 τὸν
740 4629 942 4700 θωμᾶν
974 4629 1049 4692 ὡς
1099 4624 1213 4699 εἶχε
1270 4626 1783 4698 μεταστειλάμενος,

206 4724 434 4780 δεδιέναι
483 4726 578 4778 καὶ
621 4724 847 4794 τρέμειν
878 4721 1053 4788 ἔλεγε,
1090 4721 1165 4791 μὴ
1219 4719 1444 4773 ἄλλοθεν
1492 4721 1540 4772 οἱ
1576 4717 1788 4786 σκώλη-

207 4837 303 4882 κες
336 4817 497 4872 αὑτὸν
527 4815 903 4888 ἁναρῥήξωσι,
925 4813 1034 4867 τῶν
1065 4813 1203 4866 κατὰ
1236 4812 1397 4882 φύσιν
1426 4811 1621 4877 ἐξόδων
1651 4811 1789 4865 ἀπο-

208 4907 568 4972 κλεισθέντες.
598 4907 712 4960 Καὶ⁹
745 4898 854 4976 (οἶα
895 4905 1140 4972 πέφυκεν
1171 4903 1260 4957 ἀεὶ
1298 4903 1554 4975 μέγιστος
1620 4902 1787 4954 πᾶσιν

208 4998 517 5071 ἀνθρώποις
574 4995 890 5067 ἐγγίνεσθαι
945 4996 1108 5065 φόὸος
1133 5037 1148 5061 ,
1180 4995 1310 5049 ὅταν
1357 4995 1484 5066 περὶ
1525 4992 1588 5047 τδ
1632 4992 1732 5065 ζῇν
1761 4995 1788 5048 6

209 5093 454 5157 κίνδυνος
508 5088 568 5167 ᾗ,
608 5089 890 5162 φείδεσθαί
955 5105 1015 5142 τε
1071 5088 1302 5158 μηδενὸς
1349 5087 1675 5158 τηνικαῦτα,
1713 5087 1791 5159 μὴ

211 5184 400 5249 πόνου,
437 5180 513 5252 μὴ
545 5179 820 5251 καμάτου,
879 5177 954 5249 μὴ
983 5177 1358 5250 ἀναλώματος,
1391 5177 1440 5230 εἰ
1470 5178 1564 5231 καὶ
1602 5176 1662 5230 τὸ
1695 5177 1787 5229 δύ-

211 5271 408 5328 νασθαι
442 5271 678 5343 μάλιστα
699 5269 908 5332 τούτοις
953 5267 1152 5338 προσῇ)
1183 5271 1230 5323 εὶ
1266 5265 1341 5337 μὴ
1383 5267 1476 5319 καὶ
1528 5265 1606 5336 τῷ
1654 5265 1793 5336 ἁγίῳ

208 5364 538 5437 γνωρισθείη
580 5365 650 5418 τὰ
711 5363 830 5416 κατ’
888 5363 1072 5426 αὑτὸν,
1109 5360 1210 5412 οὑκ
1266 5359 1472 5413 ἀνεκτά
1532 5360 1789 5412 ἐποιεῖτο.

211 5458 498 5530 Γέγραπτο
546 5457 644 5527 μὲν
678 5450 774 5508 οὖν
815 5456 848 5524 ὴ
885 5452 1166 5522 ἐπιστολὴ,
1208 5452 1512 5522 ἡτοίμαστο
1555 5452 1614 5505 δὲ
1644 5451 1793 5504 καὶνὸ

213 5551 352 5626 πρὸς
383 5548 547 5604 αὑτὸν
564 5546 891 5624 ⁴,πέμπεσθαι
953 5545 1162 5616 μέλλων
1186 5558 1200 5572 '
1235 5544 1349 5597 ἀλλ’
1381 5547 1415 5615 ή
1465 5543 1676 5599 ἐκείνου
1716 5544 1792 5596 διο

94 5661 138 5716 ᾖ,
212 5646 404 5716 ὀρασις
425 5641 734 5713 προφθάνει
771 5641 870 5694 καὶ
926 5638 1024 5710 τὴν
1051 5637 1234 5690 αὐτῶν
1286 5635 1548 5701 ἱκετείαν,
1582 5635 1675 5689 καί
1704 5651 1790 5699 τις

211 5742 273 5794 ἐν
316 5734 552 5804 τωο-ὅτῳ
597 5735 756 5805 φοιτᾷ
803 5733 932 5803 παρ’
961 5727 1147 5798 αὑτοῦ,
1179 5728 1277 5782 ὅσα
1308 5745 1366 5781 τε
1396 5727 1532 5798 πρὸς
1565 5725 1654 5780 τὸν
1688 5726 1802 5780 Θω-

1891 4533 2076 4602 priore
2110 4531 2294 4602 ipsum
2340 4531 2570 4587 incessit
2615 4541 2834 4587 metus:
2867 4535 3254 4604 accersitoque
3303 4551 3471 4604 quam

1886 4624 2174 4679 celerrime
2219 4624 2453 4690 Thema,
2500 4623 2637 4678 dicit
2684 4623 2784 4689 illi,
2811 4624 3002 4681 Vereri
3057 4641 3114 4681 se
3141 4635 3306 4696 atque
3355 4635 3471 4681 tre-

1888 4729 2060 4778 mere,
2113 4729 2182 4768 ne
2215 4730 2452 4780 vermes,
2475 4715 2717 4768 naturali
2745 4730 2966 4772 secessu
2995 4715 3307 4783 obstructo,
3339 4716 3470 4772 alibi

1886 4813 2138 4859 ventrem
2164 4804 2530 4874 perroderent
2554 4822 2564 4856 :
2594 4815 2651 4859 et
2677 4805 3164 4876 (quemadmodum
3186 4807 3472 4862 consuevit

1889 4912 2107 4967 semper
2133 4897 2368 4952 validior
2413 4911 2606 4952 omnes
2647 4913 2920 4968 occupare
2984 4907 3185 4963 metus,
3253 4899 3473 4968 quando

1889 4989 2000 5042 vita
2033 4989 2401 5059 periclitatur,
2442 5005 2550 5044 non
2609 4999 2903 5060 parcentes
2959 4991 3057 5044 ulli
3095 4990 3196 5057 rei,
3247 5007 3358 5046 non
3392 4993 3473 5046 la-

1890 5077 2033 5142 bori,
2070 5093 2180 5133 non
2230 5077 2634 5150 defatigationi,
2687 5094 2799 5132 non
2857 5079 3192 5149 sumptibus,
3248 5079 3470 5133 etiamsi

1892 5170 2038 5241 quod
2075 5170 2309 5225 maxime
2343 5170 2608 5241 prodesse
2630 5179 2834 5240 potest,
2886 5171 2955 5224 ad
2990 5186 3213 5224 manum
3261 5170 3353 5236 sit)
3388 5169 3476 5222 in-

1894 5261 2203 5317 tolerabilia
2231 5261 2583 5316 existimabat
2623 5262 2831 5328 omnia,
2862 5262 2968 5316 nisi
2995 5276 3116 5332 quae
3160 5276 3219 5315 se
3263 5268 3478 5331 specta-

1895 5354 2028 5410 bant
2058 5360 2250 5408 sancto
2271 5351 2735 5423 signiﬁcarentur.
2772 5356 3000 5407 Exarata
3050 5353 3220 5423 igitur
3243 5350 3476 5422 epistola

1893 5456 1999 5514 est,
2039 5455 2499 5516 comparatusque
2527 5445 2622 5516 qui
2651 5446 2800 5500 illam
2843 5445 2912 5500 ad
2974 5444 3304 5516 Symeonem
3346 5458 3474 5512 per-

1893 5541 2087 5596 ferret.
2120 5538 2324 5594 V-erum
2353 5537 2750 5608 perspicacitas
2781 5537 2932 5592 illius
2965 5537 3165 5592 horum
3197 5535 3362 5590 etiam
3392 5533 3471 5587 le-

1895 5632 2173 5705 gationem
2211 5629 2519 5700 supplicem
2547 5628 2837 5700 przevertit
2871 5647 2884 5682 :
2908 5629 3111 5700 aliquis
3130 5628 3278 5683 enim
3305 5641 3333 5680 a
3362 5623 3465 5692 Sy-

1915 5737 2110 5780 meone
2148 5720 2472 5787 adveniens,
2509 5721 2882 5792 particulatim
2911 5722 3098 5779 omnia
3147 5737 3268 5794 qua:
3323 5728 3484 5792 gesta
