4010 6288
649 308 794 374 3203

1861 307 1921 371 S.
1961 308 2341 371 SYMEONIS
2376 309 2741 374 JUNIORIS

3710 316 3807 382 320i

640 433 825 489 erant,
855 421 1211 496 signiﬁcavit,
1241 435 1495 493 quaenam
1526 420 1744 477 scilicet
1772 437 1803 477 a
1826 423 2087 493 praefecto
2135 423 2219 478 di-

2329 427 2436 497 μᾶν
2458 424 2538 496 τῷ
2567 426 2795 497 ἐπάρχῳ
2846 425 3083 498 λεχθείη,
3133 426 3228 480 καὶ
3253 426 3329 490 ὡς
3368 425 3549 497 δοθείη
3581 428 3806 501 παράὑτιιῖ

639 526 729 573 cta
753 514 977 570 Thomas
1016 515 1284 581 fuissent;
1317 512 1598 583 quomodo
1659 514 1728 568 ab
1775 515 1881 570 hoc
1934 531 2077 585 aqua
2140 515 2221 570 illi

642 608 794 672 data,
830 609 1002 663 sacris
1058 607 1352 678 Symeonis
1373 606 1627 661 crinibus
1672 617 1728 661 et
1754 609 1980 678 pulvere
2014 609 2222 663 sancti-

643 699 840 764 ﬁcata;
916 699 1199 769 quomodo
1259 698 1494 753 bibisset
1552 699 1991 768 dispulissetque
2038 699 2223 755 statim

646 784 897 841 dolorem
926 802 1150 841 omnem
1175 804 1188 839 :
1219 786 1423 841 deinde
1454 787 1713 842 hortatus
1734 801 1955 856 quoque
1978 798 2063 842 est
2082 804 2223 858 prae-

650 877 880 940 fectum,
914 893 983 930 ne
1009 878 1125 930 haec.
1142 877 1236 931 Dei
1264 877 1532 931 miracula
1554 877 1883 948 negligeret,
1914 877 2223 948 adiecitque

640 969 913 1038 quidquid
943 977 1208 1039 prasterea
1238 983 1269 1022 e
1302 984 1362 1022 re
1385 968 1587 1022 anima
1617 969 1770 1023 illius
1808 967 1927 1023 fore
1959 968 2221 1037 putabat;

641 1058 756 1113 imo
780 1060 945 1114 etiam
973 1059 1325 1114 conﬁrmavit
1352 1059 1433 1113 illi
1468 1059 1789 1119 sanitatem.
1843 1075 1965 1129 quae
1989 1067 2046 1113 et
2087 1073 2224 1113 con-

641 1152 858 1205 tinuata
879 1163 963 1205 est
990 1166 1167 1221 usque
1200 1151 1267 1206 ad
1304 1160 1540 1206 mortem
1572 1150 1701 1204 viri.
1737 1150 1830 1206 Sic
1854 1152 2025 1222 igitur
2052 1151 2227 1206 mani-

645 1242 846 1297 festum
875 1249 981 1305 est,
1008 1241 1158 1311 quod
1184 1256 1308 1311 qua:
1336 1242 1563 1297 volebat
1588 1241 1851 1312 Symeon,
1911 1244 2074 1313 longe
2126 1244 2226 1299 ab-

646 1349 773 1389 sens
820 1333 875 1386 in
918 1333 1120 1401 spiritu
1164 1333 1400 1397 videret,
1441 1341 1499 1388 et
1528 1333 1757 1403 quidem
1784 1342 1896 1388 tam
1920 1334 2224 1405 perspicue

644 1442 711 1481 ac
743 1426 788 1480 si
814 1440 1001 1479 coram
1034 1436 1403 1495 gererentur:
1450 1426 1917 1497 quemadmodum
1940 1426 2227 1496 sequentia

646 1520 813 1574 etiam
845 1517 1149 1572 declarant.

714 1609 843 1663 237.
890 1608 1113 1663 Morbus
1168 1607 1468 1679 aliquando
1520 1610 1792 1680 pestilens
1854 1610 2225 1682 grassabatur,

644 1702 851 1756 multos
884 1702 1141 1757 homines
1164 1703 1504 1773 depascens:
1539 1720 1650 1774 quo
1681 1704 1915 1776 contigit
1933 1703 2103 1758 ﬁliam
2124 1718 2227 1758 cu-

2326 517 2471 588 ὕδωρ
2498 520 2714 589 ἐκείνῳ,
2736 518 2911 590 θριξὶν
2938 520 3115 582 ὁσίαις
3140 519 3307 573 αὑτοῦ
3324 521 3420 573 καὶ
3450 520 3590 573 κόνει
3610 522 3805 590 ansas,

2324 612 2420 664 καὶ
2449 611 2524 675 ὡς
2566 611 2708 665 πιὼν
2738 613 2935 667 αὐτίκα
2965 613 3060 666 τοῦ
3092 612 3298 676 πάθους
3346 612 3697 682 ἀπαλλαγείη,
3722 615 3807 666 uti

2328 704 2492 774 μέρος
2547 706 2725 759 πάντα
2777 706 3154 778 διασημαίνων
3178 726 3192 738 ·
3232 708 3359 778 ἑξῆς
3388 707 3449 761 δὲ
3505 709 3596 762 καὶ
3640 712 3744 777 πρὸς
3768 713 3807 761 1'1

2323 796 2417 849 τοῦ
2447 795 2582 850 Θεοῦ
2618 796 2899 868 θαυμάσια
2931 799 3010 868 τῷ
3056 783 3282 870 ἐπάρχῳ
3330 799 3406 870 μὴ
3442 797 3694 869 ὀλιγώρως
3722 799 3809 869 ἔχειν

2328 888 2681 957 παρεγγυῶν,
2714 891 2807 965 καὶ
2831 892 2958 942 εἴτι
2992 891 3128 960 πρὸς
3172 891 3360 961 ὄνησιν
3389 891 3568 960 ψυχῆς
3595 890 3700 945 ἄλλο
3730 893 3809 943 ὕειν-

2327 979 2531 1043 τιθείς·
2565 981 2627 1033 οὐ
2660 978 2767 1052 μὴν
2799 981 2935 1034 ἀλλὰ
2968 982 3064 1035 καὶ
3099 981 3197 1052 τὴν
3230 981 3422 1051 ὑγείαν
3458 981 3600 1052 αὕτῷ
3626 984 3810 1051 Extaque-
3894 1026 3895 1052 ξ

2327 1070 2636 1144 γιζόμενος,
2662 1073 2698 1145 ἦ
2722 1090 2806 1138 τις
2837 1074 2932 1127 καὶ
2954 1074 3257 1146 παρέμεινε
3289 1073 3368 1146 τῷ
3398 1072 3555 1145 ἀνδρὶ
3575 1073 3653 1127 διὰ
3676 1074 3811 1137 τέλους.

2328 1163 2519 1230 Οὕτως
2551 1167 2658 1221 ἀπὸ
2689 1165 2969 1239 μακρόθεν
2989 1161 3214 1238 ῇδείτῷ
3246 1165 3521 1236 πνεύματι
3554 1165 3711 1235 σαφῶς
3728 1165 3814 1233 i=2?

2328 1256 2601 1321 ἐϐούλετο,
2639 1257 2736 1311 καὶ
2764 1257 2841 1323 ὡς
2871 1259 2928 1313 ἐν
2954 1256 3254 1328 ὀφθαλμοῖς
3278 1257 3463 1312 πάντα
3487 1255 3642 1327 ἑώρα·
3669 1250 3734 1310 οἵα
3750 1256 3815 1325 γὲρ

2328 1346 2491 1403 πάλιν
2512 1349 2713 1404 ἐκεῖνα.

2401 1608 2531 1674 σλζ’.
2570 1610 2745 1663 Νόσου
2771 1612 2901 1665 ποτὲ
2926 1610 3180 1681 λοιμικῆς
3205 1610 3529 1680 γενομένης,
3556 1610 3640 1664 καὶ
3666 1607 3818 1661 tam,
3894 1606 3895 1621 ι

2322 1699 2562 1772 θρώπων
2586 1700 2814 1764 πολλοὺς
2845 1703 3268 1773 ἐπινεμομένης,
3294 1701 3498 1772 συνέϐη
3527 1703 3704 1769 ταύτης
3718 1699 3819 1767 ἔργον

641 1793 861 1864 jusdam
895 1793 1127 1864 Evagrii
1171 1769 1281 1863 (δέ)
1346 1797 1513 1850 etiam
1556 1769 1994 1866 -corripi.vErat
2043 1804 2227 1850 autem

2329 1769 2421 1846 καὶ
2445 1793 2719 1865 θυγατέρα
2748 1795 2894 1857 τινὸς
2919 1769 3513 1864 Εὐαγρίουγγενέσθαιλ
3550 1790 3818 1861 Σχολασταὲις

646 1884 915 1954 Evagrius
946 1885 1047 1939 iste
1079 1884 1480 1942 Scholasticus.
1510 1888 1781 1954 Quoniam
1810 1904 1943 1943 vero
1984 1888 2225 1957 Epipha-

648 1976 774 2030 nius
803 1976 1050 2045 quidam,
1087 1977 1182 2045 qui
1218 1993 1315 2047 per
1337 1978 1391 2032 id
1424 1988 1644 2048 tempus
1674 1980 1965 2049 gentilium
2019 1979 2227 2033 errori-

650 2068 753 2121 bus
784 2067 1066 2121 adhaarere
1107 2068 1418 2134 dicebatur,
1468 2069 1611 2123 nihil
1651 2069 1990 2124 incommodi
2046 2068 2227 2139 quoad

648 2160 790 2215 ﬁlios
816 2170 967 2215 recte
993 2160 1293 2227 habentes,
1319 2169 1609 2232 pateretur
1633 2179 1647 2217 :
1681 2162 1979 2218 subierunt
2008 2162 2224 2234 Evagrii

646 2254 889 2307 animum
912 2254 1275 2324 cogitationes
1303 2255 1639 2325 blasphema:
1664 2256 1881 2326 (quales
1905 2270 2026 2310 esse
2048 2255 2228 2310 solent

645 2345 870 2414 maligni
905 2345 1171 2399 daemonis
1200 2345 1583 2414 deceptiones)
1609 2362 1675 2401 ex
1701 2346 2017 2401 vehementi
2038 2341 2241 2412 nimis,

644 2448 754 2503 quo
784 2434 948 2486 ﬁliam
971 2434 1283 2499 adamabat,
1335 2434 1537 2489 aﬁ‘ectu
1603 2436 1889 2501 subnataa;
1949 2435 2227 2505 quomodo

644 2540 842 2595 nempe
869 2518 1065 2596 religio
1092 2541 1191 2580 sua
1217 2525 1529 2602 Epiphanio
1569 2527 1778 2582 faceret
1808 2526 1877 2581 ad
1926 2528 2095 2582 vitam
2147 2536 2229 2581 at-

641 2632 751 2686 que
782 2617 1223 2672 incolumitatem
1255 2617 1515 2672 ﬁliorum.
1554 2619 1635 2673 Ex
1685 2619 1996 2674 istiusmodi
2042 2627 2226 2674 autem

642 2709 1080 2779 cogitationibus
1110 2717 1295 2765 motus
1346 2726 1411 2764 ac
1468 2718 1767 2779 tempestas
1812 2711 2112 2765 vehemens
2172 2711 2224 2763 in

642 2803 830 2855 anima
864 2800 969 2854 viri
1000 2802 1280 2856 concitata
1313 2787 1418 2866 est,
1440 2817 1551 2856 non
1584 2802 1707 2856 leve
1761 2796 1869 2855 sibi
1916 2801 2226 2871 periculum

642 2895 905 2948 creantis.
936 2894 1281 2964 Cognoverat
1328 2894 1445 2948 htec
1517 2890 1574 2946 in
1631 2892 1831 2962 spiritu
1882 2892 2138 2965 Symeon,
2171 2905 2228 2947 et

643 2983 902 3053 Evagrio,
932 2999 1031 3052 pro
1053 2984 1138 3038 sui
1178 2984 1235 3037 in
1294 2986 1476 3053 ipsum
1543 2983 1809 3052 singulari
1860 2982 2226 3051 propensione

2328 1885 2373 1938 δ’
2391 1881 2460 1956 ἦν
2483 1884 2591 1955 ἄρα
2613 1886 2641 1937 ό
2670 1885 2939 1955 Εὐάγριος
2964 1880 3138 1949 οὗτος.
3177 1886 3328 1938 Ἐπεὶ
3360 1885 3420 1938 δέ
3447 1902 3531 1948 τις
3571 1883 3817 1950 Ἐπιςάνιος,

2329 1975 2556 2045 Ἕλληνι
2584 1977 2884 2046 τηνικαῦτα
2913 1977 3205 2045 λεγόμενος
3233 1977 3591 2046 προσανέχειν
3611 1968 3817 2042 ἀπάτης)

2326 2067 2383 2121 δὲ
2421 2068 2552 2137 μίαν
2581 2067 2786 2137 ὑπέστη
2821 2068 2950 2138 περὶ
2978 2070 3048 2121 τὰ
3077 2069 3244 2120 τέκνα
3269 2067 3497 2137 ζημίαν,
3529 2065 3705 2118 είσίασί
3729 2077 3819 2121 τινες

2327 2159 2420 2212 τὸν
2452 2159 2721 2228 Εὐάγριον
2766 2157 3014 2228 λογισμοὶ
3041 2157 3412 2229 βλασφημίας,
3443 2152 3531 2211 οἷα
3562 2156 3625 2208 τὰ
3658 2153 3733 2207 τοῦ
3762 2167 3818 2202 τι·

2328 2250 2497 2321 νηροῦ
2529 2250 2858 2320 δελεάματα,
2900 2252 2964 2303 ὲκ
2996 2251 3090 2303 τοῦ
3118 2250 3349 2319 σφοδροῦ
3380 2249 3610 2321 μάλιστα
3634 2245 3738 2315 περὶ
3760 2246 3816 2309 τὴν

2330 2343 2496 2397 παῖδα
2542 2342 2749 2406 πάθους
2780 2339 2857 2413 τῷ
2898 2341 3170 2413 ἀνθρώπῳ
3215 2343 3559 2413 ὲπιφυέντος,
3599 2341 3665 2403 ὡς
3689 2338 3765 2408 ἄρα
3780 2336 3817 2385 τὰ

2326 2434 2426 2503 τῆς
2458 2432 2757 2505 θρησκείας
2792 2432 2984 2505 ἐκείνῳ
3037 2433 3172 2503 πρὸς
3220 2432 3320 2506 τὴν
3368 2433 3483 2487 τῶν
3509 2433 3691 2486 τέκνων
3728 2427 3816 2495 (ad?

2327 2525 2619 2593 ἑπαμύνοι.
2652 2527 2760 2578 Καὶ
2806 2525 2979 2595 μέγαν
3022 2526 3087 2579 ἐκ
3114 2525 3222 2579 τῶν
3256 2526 3519 2579 τοιούτων
3553 2520 3816 2592 λογισμῶνή

2326 2620 2473 2691 ψυχὴ
2523 2617 2767 2672 κλύδωνα
2811 2618 2906 2670 καὶ
2956 2617 3117 2671 σάλον
3142 2613 3274 2689 εἶχε,
3322 2617 3420 2671 καὶ
3448 2618 3606 2671 πολὺν
3629 2614 3744 2683 αὐτῷ
3764 2612 3816 2663 τὸν

2327 2711 2573 2766 κίνδυνον
2632 2711 2842 2764 ὤδινεν.
2892 2709 3073 2780 Ὅπερ
3140 2711 3230 2763 τὸν
3281 2710 3439 2777 ἅγιον
3493 2710 3570 2780 τῷ
3627 2706 3817 2774 πνεὺμπι

2327 2805 2545 2873 γνόντα,
2573 2801 2811 2872 δηλῶσαι
2838 2800 2919 2869 τῷ
2946 2799 3223 2870 Εὐαγρίῳ,
3246 2801 3338 2853 καὶ
3367 2799 3479 2871 γὰρ
3502 2794 3567 2870 ἦν
3588 2796 3710 2864 αὐτῷ
3726 2793 3817 2864 ῥοπῇ

2326 2896 2616 2956 διαθέσεως
2676 2890 2986 2947 ἐπικλίνων.
3071 2890 3129 2945 Ὀ
3178 2891 3235 2944 δὲ
3293 2890 3398 2997 τῷ,
3440 2891 3532 2945 τοῦ
3581 2889 3819 2960 πράγματος

2328 2986 2616 3057 παραδόξῳ
2650 2984 3043 3051 καταπλαγεὶς,
3078 2984 3159 3037 ὅτι
3189 2984 3332 3055 ἅπερ
3365 2979 3439 3055 ἧν
3482 2986 3538 3038 ὲν
3566 2980 3697 3054 μυχῷ
3730 2993 3819 3045 τιαρ-

636 3073 838 3137 animi,
866 3074 1035 3142 jussit
1093 3073 1345 3127 indicari.
1389 3072 1690 3141 Obstupuit
1742 3070 1834 3125 ille
1868 3072 2090 3127 insolita
2145 3070 2224 3125 rei

2330 3079 2450 3141 δίας
2494 3075 2643 3146 αὑτῷ
2694 3076 2830 3148 δῆλα
2877 3077 2955 3146 τῷ
2997 3078 3221 3146 Συμεὼν
3254 3076 3619 3147 καθειστήκει,
3649 3072 3819 3169 φόὸῳὲτι

645 3166 915 3229 novitate,
953 3164 1232 3234 quomodo
1263 3165 1379 3229 illa,
1401 3180 1524 3234 qua:
1554 3164 1611 3218 in
1660 3163 1845 3218 cordis
1891 3164 1975 3219 sui
2008 3179 2223 3219 recessu

2333 3167 2510 3238 πολλῷ
2540 3169 2633 3222 καὶ
2669 3167 2927 3239 μετανοίᾳ
2949 3166 3196 3238 ληφθεὶς,
3224 3168 3401 3222 ἄνεισι
3438 3168 3566 3237 πρὸς
3590 3164 3736 3228 αὐτὸν,
3760 3160 3818 3213 δᾶ-
3894 3160 3895 3227 ξ

649 3261 848 3315 intimo
884 3260 1155 3326 latebant,
1192 3259 1564 3314 innotuissent
1588 3258 1849 3329 Symeoni
1871 3275 1886 3325 ;
1912 3270 2227 3328 correptus-

640 3367 755 3423 que
783 3352 981 3406 timore
1040 3360 1095 3406 et
1143 3350 1514 3422 paenitudine,
1565 3351 1811 3406 accurrit
1837 3351 1904 3406 ad
1953 3361 2224 3416 sanctum,

644 3444 903 3515 lacrymis
926 3456 1090 3513 atque
1134 3444 1303 3498 animi
1331 3442 1534 3497 aﬁ‘ectu
1584 3443 1758 3514 magis
1816 3458 1983 3514 quam
2036 3442 2226 3514 lingua

632 3545 703 3591 et
726 3536 890 3590 labiis
934 3552 1048 3591 rem
1090 3535 1402 3591 confitens:
1454 3534 1860 3606 impetrataque
1908 3551 2020 3589 non
2068 3536 2228 3590 venia

648 3627 837 3691 modo,
889 3626 985 3682 sed
1035 3628 1201 3682 etiam
1254 3625 1501 3682 remedio
1543 3634 1738 3682 contra
1784 3636 2094 3698 peccatum,
2143 3642 2227 3681 re-

644 3734 843 3773 versus
872 3728 976 3773 est.
1096 3778 1103 3783 _

722 3809 848 3863 258.
897 3809 1108 3864 Accidit
1143 3818 1265 3879 post
1319 3810 1458 3875 haec,
1488 3811 1805 3881 quemdam,
1856 3812 1944 3867 cui
2004 3811 2228 3867 dextera

648 3903 1022 3971 putrescebat,
1083 3903 1240 3958 adire
1285 3904 1634 3974 Symeonem,
1691 3910 2055 3973 curatumque
2103 3919 2229 3958 mox

642 3992 719 4046 ab
751 3993 892 4062 ipso,
927 3994 1069 4048 viam
1104 3995 1349 4064 relegere
1382 3995 1606 4049 domum
1650 4011 1846 4050 versus
1877 4013 1889 4048 :
1924 3995 2063 4051 forte
2091 3994 2230 4051 Cilix

648 4084 878 4152 quidam
910 4085 1067 4156 juxta
1098 4085 1240 4139 viam
1273 4100 1496 4156 operam
1535 4085 1674 4141 dans
1711 4084 1929 4156 ﬁglinae,’
1957 4086 2227 4156 quzesivit,

651 4176 798 4230 unde
842 4185 899 4230 et
965 4177 1125 4245 cujus
1161 4192 1323 4232 causa
1373 4178 1588 4233 veniret
1644 4177 2013 4247 :doctusque,
2066 4193 2228 4247 quam

651 4266 865 4337 insigne
914 4268 1219 4322 curationis
1270 4268 1605 4323 beneﬁcium
1657 4267 1748 4323 ille
1797 4276 1993 4323 nactus
2027 4277 2228 4325 esset:

647 4358 813 4424 Quid,
856 4359 1059 4427 inquit,
1101 4358 1373 4424 fallimini,
1402 4359 1471 4413 ad
1523 4360 1800 4415 hominem
1831 4359 2228 4430 confugientes,
2256 4403 2308 4463 Β

646 4448 744 4517 qui
785 4448 1070 4503 veneﬁciis
1113 4448 1300 4518 potius
1332 4465 1496 4519 quam
1552 4450 1756 4507 virtute
1808 4450 1995 4506 divina
2043 4451 2233 4506 isthaec

646 4538 957 4608 Operatur?
984 4538 1084 4593 Vix
1115 4539 1350 4606 dixerat,
1385 4555 1509 4595 cum
1548 4539 1830 4595 dexteram
1861 4556 2014 4595 suam
2047 4541 2233 4596 vitiari

642 4624 840 4695 sentit,
870 4629 1038 4684 simili
1068 4631 1469 4701 putrefactione
1495 4646 1834 4703 percussam,
1874 4642 2038 4703 atque
2085 4633 2234 4688 illius

642 4732 775 4777 ante
811 4722 1028 4786 fuerat;
1063 4725 1292 4779 alterius
1318 4724 1466 4779 malo
1489 4724 1543 4780 in
1583 4726 1817 4780 alterum
1849 4725 2018 4780 veluti
2052 4735 2231 4780 trans~

645 4814 777 4868 lato.
815 4817 1001 4886 Neque
1054 4816 1133 4872 sic
1163 4825 1344 4872 tamen
1376 4817 1442 4871 ad
1469 4827 1708 4872 mentem
1752 4818 1918 4872 rediit
1941 4818 2224 4873 meliorem

639 4905 816 4970 Cilix;
843 4906 938 4961 sed
967 4909 1198 4963 medicis
1239 4909 1424 4979 p0tius
1456 4917 1622 4977 atque
1666 4910 1879 4964 artibus
1918 4911 2221 4966 curandum

640 5012 704 5051 se
746 5000 1045 5054 commisit.
1086 5001 1287 5055 Verum
1345 5001 1439 5055 ubi
1478 5000 1752 5055 curationi
1799 5001 2086 5059 facultates
2136 5004 2223 5057 in-

640 5096 895 5157 sumptas
926 5089 1085 5153 vidit,
1116 5106 1218 5145 nec
1253 5090 1418 5144 ullam
1459 5090 1723 5161 aﬁulgere
1757 5107 1928 5160 spem,
1967 5092 2223 5161 cognovit

643 5180 761 5250 ipse
812 5197 1034 5250 quoque
1084 5182 1574 5251 (quemadmodum
1633 5182 1733 5248 illi,
1793 5182 1887 5252 qui
1938 5182 2225 5240 doloribus

641 5283 998 5344 premuntur,
1039 5273 1285 5329 studiose
1323 5276 1502 5330 solent
1553 5277 1607 5331 in
1644 5276 1863 5331 illorum
1896 5292 2091 5333 causas
2139 5277 2224 5333 in-

643 5366 890 5435 quirere)
915 5380 1107 5435 pmnas
1137 5381 1195 5420 se
1222 5365 1353 5421 dare
1379 5383 1480 5437 pro
1505 5366 1788 5438 injuriosis
1808 5365 2073 5421 adversus
2097 5383 2226 5421 san-

638 5467 792 5511 ctum
838 5458 1165 5530 Symeonem
1199 5458 1420 5527 verbis;
1457 5469 1512 5515 et
1535 5469 1599 5515 ut
1638 5461 1814 5530 potuit
1838 5459 2127 5514 celerrime
2155 5459 2224 5513 ad

639 5548 825 5618 ipsum
870 5550 1123 5614 accessit,
1156 5565 1319 5620 quam
1348 5551 1553 5607 misero
1582 5566 1778 5605 manus
1807 5566 1908 5606 sua
1939 5546 2060 5605 loco
2080 5557 2226 5605 esset

726 5663 840 5730 (65)
871 5662 1134 5746 Ιξνοβτίιιε
1156 5664 1561 5746 scholasticus,_
1587 5667 1861 5746 historiam
1901 5667 2218 5746 ecclesiasti-

636 5745 759 5784 cam
794 5747 826 5786 υ
879 5731 1024 5786 libris
1057 5735 1379 5801 complexus,
1406 5740 1497 5790 hoc
1535 5731 1713 5803 ipsum
1746 5738 2061 5799 miraculum
2087 5738 2223 5793 dese

2327 3274 2489 3329 κρυσι
2516 3256 2720 3328 μᾶλλον
2754 3258 2849 3311 καὶ
2880 3257 3044 3312 πάθει
3071 3258 3251 3328 ψυχῆς
3285 3259 3317 3328 ἢ
3362 3260 3570 3332 γλώττῃ
3597 3255 3735 3311 ταῦτα
3761 3250 3819 3303 καὶ
3894 3298 3895 3332 γ

2328 3304 2560 3421 χείλεσίν
2606 3304 3118 3421 ἐξομολογούμενος.
3151 3304 3513 3420 “iubam;
3543 3304 3678 3415 ’παρ’
3709 3337 3817 3438 ait“?

2328 3443 2527 3505 τοίνυν,
2579 3444 2641 3495 οὐ
2696 3442 2802 3513 μὴν
2854 3441 2991 3495 ἀλλὰ
3044 3441 3141 3494 καὶ
3197 3442 3509 3513 φαρμάκων
3552 3437 3730 3493 οἰκείων
3758 3437 3816 3484 του

2330 3534 2552 3606 ἁμαρτῆ
2562 3552 2729 3604 ματος
2757 3535 2958 3605 τυχὼν,
2985 3533 3269 3605 ἐπανήκει.

2404 3804 2539 3874 σλη’.
2570 3805 2802 3859 Ἔπειτα
2838 3804 3019 3874 μέντοι
3053 3804 3250 3874 συνέϐη
3284 3806 3411 3860 τινὰ
3449 3804 3732 3860 διασαπὲνια
3754 3796 3814 3865 τὴν

2329 3897 2527 3962 δεξιὰν,
2560 3899 2696 3970 πρός
2724 3916 2783 3951 τε
2812 3898 2903 3951 τὸν
2941 3899 3094 3967 ἆγιον
3124 3899 3440 3967 ἀνελθόντα,
3476 3900 3564 3953 καὶ
3603 3891 3814 3969 θεραπείας

2331 3989 2460 4060 παρ’
2490 3990 2655 4043 αὑτοῦ
2686 3991 2936 4060 τυχόντα,
2969 3990 3249 4044 ἐπανιέναι
3272 4005 3286 4018 °
3312 3990 3513 4045 Κίλικα
3535 3989 3589 4043 δέ
3606 4002 3703 4040 τινα
3717 3980 3815 4048 περὶ

2330 4081 2430 4151 τὴν
2461 4081 2577 4134 ὁδὸν
2599 4080 2847 4151 πλινθείᾳ
2879 4080 3307 4151 προστετηκότα,
3338 4080 3589 4151 ἐρόμενον
3607 4077 3705 4133 ὅθεν
3720 4073 3812 4142 ἥκω.

2332 4172 2426 4226 καὶ
2451 4171 2688 4241 μαθόντα
2711 4172 2833 4225 ὅτου
2867 4172 3047 4242 χάριν,
3072 4169 3186 4233 οἵας
3213 4187 3275 4223 τε
3307 4170 3598 4240 θεραπείας
3614 4167 3757 4236 τύχοι·
3774 4155 3813 4209 Ῐί

2334 4263 2910 4333 πεπλάνησθε,φάναι,
2938 4263 3075 4333 πρὸς
3121 4262 3409 4333 ἄνθρωπον
3447 4263 3690 4323 ἀπιόντες,
3723 4265 3810 4322 ᾳαρ-

2339 4356 2590 4426 μακείαις
2619 4356 2685 4407 τὰ
2713 4354 2935 4409 τοιαῦτα
2962 4355 3179 4425 μᾶλλον,
3206 4356 3238 4427 ἢ
3269 4355 3444 4420 θείαις
3472 4353 3725 4426 ἐνεργείαις
3740 4349 3811 4398 ἐπὀ-

2333 4445 2588 4500 τελοῦντα
2613 4463 2628 4511 ;
2660 4445 2770 4498 Καὶ
2800 4445 2996 4499 αὐτίκα
3028 4445 3106 4518 τῷ
3132 4447 3317 4499 Κίλικι
3346 4443 3650 4516 διεφθάρθαι
3674 4434 3808 4508 τὴνδί·

2337 4537 2476 4604 ξιάν,
2509 4539 2604 4605 τῆς
2640 4537 2811 4607 αὐτῆς
2855 4538 3048 4609 ἐκείνῳ
3080 4539 3318 4609 σαπρίας
3351 4535 3647 4609 περιφανῶς
3674 4534 3806 4585 ἀνω*

2335 4629 2674 4701 πλησμένην,
2709 4630 2796 4683 ἐπ’
2822 4631 2981 4683 αὐτὸν
3010 4630 3199 4699 ὥσπερ
3223 4629 3317 4684 τοῦ
3349 4631 3548 4694 πάθους
3572 4617 3808 4699 μεταπεσύν

2333 4739 2445 4787 τος.
2487 4723 2546 4777 '0
2598 4723 2696 4793 μὲν
2748 4719 2839 4777 οὖν
2885 4722 3043 4788 Κίλιξ
3096 4723 3216 4778 οὐδὲ
3261 4723 3435 4797 ταύτῃ
3481 4722 3700 4792 συνῆκεν,

2339 4815 2544 4884 ἰατροῖς
2574 4813 2772 4884 μᾶλλον
2802 4814 2895 4868 καὶ
2915 4814 3131 4883 τέχναις
3161 4814 3351 4868 ἑαυτὸν
3377 4794 3661 4869 ἐκδεδὼκει.
3694 4794 3802 4863 Ὧςδὲ
3894 4826 3895 4884 γ

2331 4906 2396 4975 τῇ
2431 4905 2577 4976 χειρὶ
2628 4906 3202 4977 προσαναλισκομένην
3256 4908 3403 4977 ἑώρα
3434 4906 3526 4959 καὶ
3559 4903 3644 4971 τὴν
3670 4892 3801 4951 οὐσίαν·

2329 4996 2485 5061 ἐλπίς
2517 5008 2574 5049 τε
2603 4996 2825 5065 οὐδεμία
2856 4997 3018 5051 ποθὲν
3048 4998 3418 5063 ὑπολέλειπτο,
3451 4997 3581 5064 ἔγνω
3607 4989 3681 5045 val
3703 4980 3803 5038 αὖτδέ

2331 5087 2441 5162 (οἶα
2469 5090 2537 5143 τὰ
2570 5091 2679 5142 τῶν
2707 5091 3043 5162 πιεζομένων
3068 5089 3276 5162 ψυχῶν,
3312 5093 3400 5145 ὅτε
3419 5093 3587 5144 πᾶσαν
3613 5080 3708 5137 καθ’
3727 5078 3804 5129 ἐᾶθ’

2327 5160 2427 5246 τὰς
2479 5183 2782 5251 φιλοπόνως
2832 5160 3175 5253 ἀνερευνῶσι
3217 5183 3309 5236 τοῦ
3365 5180 3635 5240 λυποῦντος
3669 5162 3805 5231 dirimi

2326 5274 2531 5328 ἔκτισιν
2566 5272 2706 5330 εἶναι
2752 5277 2851 5347 τῆς
2891 5279 2971 5340 είς
3002 5275 3095 5329 τὸν
3123 5277 3266 5330 θεῖον
3308 5274 3524 5346 Συμεὼν
3565 5260 3803 5349 λαληθείσης

2326 5369 2458 5436 παρ’
2491 5367 2656 5421 αὐτοῦ
2685 5368 2897 5431 ἀδικίας
2921 5384 2934 5398 ο
2980 5370 3074 5421 καὶ
3101 5368 3177 5429 ὡς
3200 5364 3346 5439 εἶχεν
3372 5365 3525 5428 εὐθὺς
3550 5363 3694 5417 ἄνεισι
3716 5356 3803 5417 39°;
3894 5376 3895 5395 λ

2323 5456 2507 5520 αὑτὸν,
2531 5457 2678 5520 ὅπως
2710 5456 2910 5520 ἀθλίως
2940 5455 3054 5527 ἔχοι
3081 5438 3316 5523 δεικνὺς,
3349 5456 3524 5510 οἴκτου
3551 5469 3602 5504 τε
3624 5447 3703 5514 τῆς
3720 5452 3787 5502 σ’δμ

2323 5549 2496 5617 φορᾶς
2529 5550 2711 5618 τυχεῖν
2752 5546 2903 5612 ἀξίου
2934 5532 3204 5617 δεόμενος.
3238 5547 3347 5602 Καὶ
3376 5547 3449 5624 ὃς,
3474 5540 3637 5598 Ἦπου
3663 5530 3799 5591 rami
3894 5532 3895 5535 “

2327 5675 2520 5721 narrat
2551 5666 2639 5719 lib.
2670 5666 2876 5730 ultimo,
2910 5667 3199 5736 penultimo
3228 5684 3326 5737 cap
3347 5667 3467 5720 .Il'os
3516 5658 3671 5737 de_illo
3708 5651 3795 5716 ξων

2331 5753 2429 5807 que
2452 5737 2662 5807 scriptis
2697 5738 2766 5790 ad
2790 5733 2927 5791 hanc
2954 5740 3116 5793 vitam
3144 5736 3170 5809 §
3201 5738 3235 5793 6
3265 5733 3495 5808 pluribus
3526 5733 3703 5813 egimus-
