3960 6284
165 315 280 381 3205

1178 307 1353 370 VITA
1391 305 1440 367 Α
1479 304 1920 370 NICEPHORO
1957 307 2448 370 CONSCRIPTA.

3251 310 3394 376 3206

163 438 310 503 ἔγωγε
330 425 439 487 οῖδα
470 429 571 502 τὴν
596 427 777 496 δεξιὰν
807 423 1094 497 εἴσπραξιν
1122 422 1288 480 οὖσαν
1317 426 1417 498 τῆς
1443 426 1572 498 περὶ
1605 424 1707 496 τὴν

1833 421 2133 487 istendens,
2170 437 2236 478 ac
2281 421 2722 481 misericordiam
2770 427 3091 498 implorans.
3129 428 3395 488 Cuiam.-

165 524 373 592 γλῶτταν
404 519 699 582 ἀκολασίας
720 533 732 548 '
774 516 889 571 ἀλλ’
919 516 1278 587 ὲξαγόρευσον
1324 517 1468 571 κατὰ.
1505 516 1703 571 σαυτοῦ

163 612 246 685 τὴν
285 611 691 684 ἁμαρτίαν·σου
751 608 957 679 Κυρίῳ,
1002 609 1098 662 καὶ
1144 607 1305 671 αὐτὸς
1355 607 1559 678 ἀφήσει
1608 607 1706 676 τὴν

165 706 386 763 ἀσέϐειαν
410 707 510 776 τῆς
547 705 775 776 καρδίας
811 721 926 758 σου.
969 704 1027 757 '0
1061 703 1160 774 μὲν
1189 697 1283 756 οὖν
1314 701 1488 772 πικρᾷ
1537 717 1704 771 μετα-

164 800 329 870 μελείᾳ
364 799 537 869 ψυχῆς
576 795 1137 869 ἐξομολογησάμενος,
1170 794 1477 866 πικρότερά
1519 810 1581 845 τε
1611 791 1708 845 δά-

164 908 284 964 κρυα
331 892 623 962 καταχέας,
678 891 809 960 εὐχῇ
859 888 953 943 καὶ
978 889 1282 959 Δεσποτικῇ
1317 885 1569 956 σφραγῖδι
1609 884 1709 955 τὴν

168 983 291 1037 ίασιν
336 982 465 1051 ὁμοῦ
511 982 605 1036 καὶ
643 981 742 1051 τὴν
794 980 1011 1048 ἄφεσιν,
1050 981 1085 1050 ἦ
1135 996 1220 1043 τις
1265 978 1449 1051 πολλῷ
1484 978 1710 1048 καὶτῆς

167 1070 335 1134 ίάσεὼς
358 1072 471 1124 ἐστι
506 1071 727 1140 μείζων,
755 1070 958 1136 λαϐὼν,
988 1071 1269 1125 ἐπάνεισιν
1289 1085 1304 1101 ⁸
1336 1070 1480 1124 οὕτω
1520 1069 1706 1139 σώμα-

165 1180 242 1226 τος
289 1164 430 1227 νόσος
467 1162 656 1231 ὑγείαν
699 1162 844 1234 ψυχῇ
886 1161 1189 1233 χαρίζεται,
1222 1164 1315 1216 καὶ.
1342 1161 1429 1215 διὰ
1467 1160 1577 1214 τῶν
1614 1161 1709 1213 λυ-

165 1255 381 1310 πούντων
430 1252 539 1310 οἶδε
604 1255 866 1320 πολλάκις
927 1256 1203 1328 σωτηρίαν
1261 1257 1395 1319 Θεὸς
1453 1272 1754 1328 πραγμαο-

163 1345 407 1402 τεύεσθαι.

225 1520 342 1576 σλθ’.
372 1521 593 1577 Πλέοντι
638 1523 700 1577 δέ
729 1540 857 1578 ποτε
885 1524 963 1594 τῷ
987 1523 1246 1596 Δωροθέῳ
1265 1541 1279 1554 ·
1305 1522 1372 1595 ἦν
1397 1524 1454 1578 δὲ
1479 1524 1582 1594 τῆς
1611 1524 1717 1577 ὑπὸ

159 1612 230 1685 τῷ
250 1613 459 1685 Συμεὼν
488 1615 847 1686 άδελφότητος
875 1618 904 1669 ὁ
928 1616 1204 1687 Δωρόθεος
1234 1612 1410 1683 οὗτος,
1449 1616 1715 1687 ἱερωσύνῃ

1807 526 1930 570 ctus
1960 532 1973 568 :
2011 515 2148 571 Novi
2199 515 2394 587 utique
2444 515 2589 572 hanc
2614 516 2899 574 dexteram
2933 536 3033 590 pro
3069 521 3283 578 ultione
3309 524 3396 579 in-

1810 607 2173 674 temperantis
2223 606 2424 676 linguae
2483 616 2592 662 tua:
2653 624 2818 675 esse;
2873 627 3067 666 verum
3133 616 3400 670 conﬁtere

1806 695 2100 750 adversum
2141 704 2193 751 te
2228 707 2517 766 peccatum
2554 707 2710 753 tuum
2760 701 3016 769 Domino,
3050 712 3109 758 et
3165 707 3282 776 ipse
3312 707 3400 761 di-

1808 787 1996 841 mittet
2052 785 2405 856 iniquitatem
2464 788 2651 844 cordis
2701 790 2802 845 tui.
2866 790 3167 848 Confessus
3215 795 3403 867 itaque

1809 894 2000 934 amara
2039 893 2167 933 cum
2201 880 2549 950 paenitudine
2595 883 2793 938 animae
2846 884 3211 956 lacrymisque
3247 903 3402 942 ama-

1816 970 2084 1039 rioribus,
2152 987 2254 1042 per
2323 973 2498 1027 sancti
2549 973 2924 1043 precationem
2984 984 3151 1046 atque
3220 979 3405 1033 crucis

1811 1060 2114 1116 Dominica:
2154 1062 2396 1131 signum,
2430 1061 2707 1133 integram
2758 1078 3003 1127 manum,
3057 1074 3113 1120 et
3150 1068 3299 1136 quod
3326 1068 3404 1123 illi

1812 1158 2055 1221 praestat,
2105 1152 2316 1222 peccati
2354 1152 2739 1208 remissionem
2768 1165 3100 1212 consecutus
3128 1168 3214 1213 est
3237 1170 3404 1229 atque

1814 1242 2062 1296 revertit.
2116 1243 2197 1297 Ita
2237 1243 2489 1314 corporis
2541 1244 2813 1314 aegritudo
2864 1247 3155 1303 sanitatem
3205 1250 3405 1304 anirme

1815 1349 2212 1405 nonnunquam
2258 1335 2512 1403 confert;
2543 1345 2600 1391 et
2641 1352 2740 1407 per
2783 1354 2944 1394 casus
2976 1339 3281 1405 luctuosos,
3308 1358 3401 1397 sa-

1816 1426 1925 1481 luti
1966 1442 2112 1497 saepe
2146 1427 2387 1482 consulit
2421 1428 2587 1483 Deus.

1887 1519 2016 1575 239.
2058 1520 2439 1590 Navigandum
2471 1522 2767 1591 aliquando
2813 1524 2917 1579 fuit
2959 1525 3237 1582 Dorotheo
3269 1527 3408 1598 (erat

1819 1610 1868 1665 is
1911 1626 1943 1665 e
1980 1609 2247 1666 fratribus
2300 1612 2476 1666 sancti
2532 1612 2823 1684 Symeonis
2876 1633 3041 1683 unus,
3087 1618 3400 1675 sacerdotio

161 1705 548 1775 κεκοσμημένος
571 1722 587 1735 ⁸
621 1706 837 1760 πλέοντι
894 1707 939 1760 δ’
968 1704 1081 1771 οὖν,
1105 1708 1164 1760 οὐ
1202 1708 1300 1762 σὺν
1331 1705 1469 1778 ὥρᾳ,
1506 1707 1622 1761 ἀλλ’
1659 1710 1718 1761 ὲν

1833 1701 2092 1773 mitiatus)
2133 1703 2527 1774 navigandum,
2578 1706 2826 1776 inquam,
2871 1707 2977 1764 fuit
3028 1718 3276 1780 tempore
3308 1712 3411 1766 im-

1752 1764 1792 1822 Β

160 1797 370 1868 χειμῶνι
416 1799 566 1869 μέσῳ
624 1796 833 1867 (ὲποίει
879 1798 988 1871 γὰρ
1015 1799 1166 1871 παρὰ
1196 1800 1386 1871 καιρὸν
1414 1801 1604 1854 ἑαυτὸν
1638 1800 1718 1871 τῷ

1833 1804 2061 1862 portuno
2120 1803 2177 1849 et
2216 1795 2396 1850 inedia
2445 1796 2675 1852 hieme:
2709 1799 2804 1853 sed
2849 1799 3059 1856 fecerat
3112 1801 3315 1858 ﬁducia
3354 1803 3410 1858 in

160 1888 366 1956 πελάγει
400 1888 679 1942 πιστεύειν
701 1891 735 1960 ἡ
767 1888 901 1958 πρὸς
922 1890 1013 1943 τὸν
1038 1888 1197 1961 ἅγιον
1218 1890 1423 1957 πίστις,
1450 1890 1514 1943 τὸ
1542 1891 1720 1961 ἀσφα-

161 1981 242 2044 λὲς
273 1979 452 2051 ὥσπερ
480 1980 692 2034 ἐκεῖθεν
725 1981 1047 2052 ἐγγυωμένη
1066 1986 1108 2054 ),
1133 1982 1207 2046 ὡς
1239 1981 1342 2053 ἤδη
1384 1982 1526 2035 κατὰ
1556 1983 1722 2053 μέσον

160 2071 244 2125 τὸν
268 2070 425 2126 πλοῦν
469 2072 733 2141 ἐγεγόνει,
757 2072 966 2127 κλύδων
997 2074 1150 2144 αὐτῷ
1181 2072 1485 2145 συμπίπτει
1524 2073 1720 2138 δεινὸς,

159 2163 259 2217 τῶν
310 2165 629 2234 πνευμάτων
689 2164 1028 2235 πανταχόθεν
1070 2165 1487 2230 ἀντιπνεόντων,
1528 2165 1623 2220 τοῦ
1659 2182 1721 2219 τε

159 2255 383 2323 κύματος
434 2256 561 2317 τοὺς
593 2255 812 2325 τοίχους
867 2256 972 2323 τῆς
1011 2256 1146 2321 νεὼς
1172 2256 1720 2328 ὑπεραναϐαίνοντος,

158 2348 246 2400 καὶ
275 2349 349 2410 είς
381 2347 552 2418 μέσην
585 2346 754 2417 αὐτὴν
784 2346 1168 2418 ἐμπίπτοντος.
1205 2347 1309 2400 Τὸν
1344 2348 1443 2417 μὲν
1467 2343 1561 2402 οὖν
1589 2349 1722 2403 ναύ-

157 2439 346 2509 κληρον
399 2438 490 2492 καὶ
534 2437 662 2502 τοὺς
704 2437 1079 2508 συμπλέοντας
1118 2438 1428 2507 ἀπόγνωσις
1460 2433 1598 2509 εἶχε,
1629 2438 1725 2496 καὶ

155 2530 428 2598 διαφυγεῖν
460 2530 668 2584 ἐκεῖνον
696 2530 869 2592 οὐδεὶς
890 2529 979 2582 τὸν
1013 2529 1255 2584 κίνδυνον
1295 2529 1431 2602 ῷετο
1450 2547 1463 2562 ’
1496 2533 1526 2585 ὁ
1557 2531 1614 2585 δὲ
1648 2532 1726 2603 μὴ

155 2621 544 2689 ἀπογινώσκειν
573 2621 753 2691 ἠξίου,
784 2621 920 2675 ἀλλὰ
949 2621 1042 2675 τοῦ
1076 2621 1222 2674 θείου
1259 2621 1481 2693 Συμεὼν
1517 2623 1725 2678 δεῖσθαι

158 2713 372 2784 μᾶλλον,
392 2694 487 2766 τοῦ
509 2714 603 2766 καὶ
628 2713 789 2784 μόνου
822 2713 1017 2777 σώζειν
1047 2713 1156 2767 ἀπὸ
1174 2713 1430 2768 τοσούτου
1458 2715 1727 2781 κλύδωνος

153 2806 464 2877 δυναμένου.
494 2803 626 2861 Εἶτα
648 2808 745 2861 καὶ
891 2807 1101 2861 ἐκείνου
1124 2808 1326 2871 κόνεως
1350 2808 1549 2875 λαϐὼν,
1577 2810 1639 2864 τό
1667 2826 1727 2863 τε

154 2898 332 2953 πλοῖον
358 2898 727 2969 διαρῤαντίζει
767 2901 863 2953 καὶ
903 2902 1133 2972 καταχεῖ
1161 2892 1257 2971 τῆς
1289 2900 1563 2973 θαλάσσης
1585 2918 1599 2933 ο
1630 2901 1727 2955 αύ-

152 2989 384 3057 τομάτου
416 2990 472 3043 δὲ
504 2989 612 3044 τῶν
642 2993 700 3044 ὲν
733 2990 812 3060 τῷ
839 2990 1008 3061 πλοίῳ
1043 2991 1262 3044 πάντων
1299 2992 1527 3055 εὐωδίας
1565 2993 1727 3058 εὐθὺς

1820 1893 2093 1949 sanctum,
2152 1886 2339 1940 omnia
2387 1902 2585 1943 secura
2634 1891 2922 1959 pollicens,
2980 1903 3041 1949 ut
3087 1904 3411 1965 tempestate

1822 1985 1932 2031 tam
1980 1977 2333 2032 incommoda
2387 1979 2527 2033 mari
2590 1996 2651 2036 se
2693 1984 3086 2040 committeret.
3136 1987 3239 2047 Ubi
3282 2004 3413 2043 vero

1826 2069 2074 2124 medium
2118 2071 2231 2142 jam
2281 2070 2635 2128 absolverant
2678 2089 2925 2141 cursum,
2964 2079 3143 2133 valida
3181 2080 3415 2152 insurgit

1821 2169 2141 2232 tempestas,
2164 2164 2347 2219 ventis
2368 2165 2734 2236 undequaque
2763 2168 2907 2223 inter
2930 2184 2988 2224 se
3015 2172 3181 2226 veluti
3209 2173 3412 2227 bellum

1823 2253 2166 2323 gerentibus,
2212 2269 2277 2309 ac
2318 2254 2582 2311 ﬂuctibus
2629 2257 2801 2312 latera
2834 2261 2990 2315 navis
3017 2262 3418 2319 excedentibus

1825 2343 1882 2398 in
1920 2343 2272 2414 mediamque
2308 2345 2732 2403 infundentibus
2760 2364 2901 2404 sese.
2947 2350 3164 2407 Invadit
3190 2354 3414 2409 naucle-

1825 2451 1950 2490 rum
1985 2444 2348 2506 vectoresque
2399 2437 2735 2508 desperatio,
2783 2442 2989 2496 nullam
3023 2444 3292 2500 evadendi
3330 2446 3414 2500 di—

1825 2526 2063 2582 scrimen
2091 2542 2381 2597 superesse
2410 2529 2558 2584 viam
2588 2531 2970 2589 existimantes
3005 2554 3018 2590 :
3054 2551 3197 2591 unus
3239 2538 3411 2591 Doro-

1828 2616 1992 2672 lbeus
2017 2617 2266 2688 rogabat,
2303 2626 2363 2673 ut
2400 2635 2468 2675 ne
2488 2620 2871 2692 desperatione
2905 2625 3167 2689 caderent
3195 2626 3417 2692 animis,

1827 2707 1924 2763 sed
1972 2720 2227 2764 sanctum
2272 2710 2460 2780 potius
2494 2711 2862 2782 implorarent
2910 2716 3264 2786 Symconem;
3301 2718 3422 2787 ejus

1829 2800 2004 2855 solius
2055 2802 2303 2871 potentia
2354 2803 2516 2858 evadi
2553 2812 2935 2875 tempestatem
2992 2822 3174 2876 posse.
3212 2810 3419 2867 Deinde

1827 2892 2074 2962 pulveris
2095 2893 2243 2948 illius
2263 2893 2481 2964 aliquid.
2496 2909 2596 2965 per
2622 2896 2806 2949 navim
2838 2899 3045 2966 spargit
3072 2899 3420 2971 effunditque

1830 2983 1886 3043 in
1932 3000 2129 3051 mare;
2180 2993 2236 3041 et
2272 2987 2488 3042 cunctis
2521 3002 2648 3041 mox
2682 2988 3023 3050 victoribus,
3064 2992 3213 3046 nulla
3256 3008 3423 3063 appa-

152 3078 506 3149 αἰσθομένων,
536 3080 630 3133 καὶ
661 3079 728 3133 τὰ
764 3080 865 3149 τῆς
891 3079 1040 3143 θείας
1070 3079 1297 3151 χάριτος
1329 3080 1532 3144 εἵπετο,
1566 3080 1601 3151 ἡ
1634 3080 1728 3134 καὶ

1833 3084 1990 3130 rente
2025 3091 2093 3130 ex
2126 3091 2313 3140 causa,
2349 3077 2645 3147 quamdam
2678 3078 2868 3133 odoris
2905 3079 3258 3151 fragrantiam
3298 3099 3424 3138 sen-

152 3171 363 3239 πίφυκε
407 3172 688 3240 προοίμιον
727 3171 984 3234 πολλάκις
1025 3173 1125 3245 τὴν
1162 3173 1392 3227 εὐωδίαν
1435 3172 1729 3238 ποιεῖσθαι,

149 3262 211 3315 τὺ
240 3263 437 3325 εύιῖδες
461 3262 650 3334 ὥσπερ
689 3265 784 3318 καὶ
823 3265 966 3320 θεῖον
1004 3266 1206 3336 ἑαυτῆς
1232 3264 1627 3336 ὑποφαίνουσα.
1666 3265 1733 3319 Ἦ

152 3352 254 3421 μὲν
276 3350 369 3405 οὖν
393 3351 637 3407 θάλασσα
660 3354 982 3425 ἐτραχύνετο
1011 3355 1411 3426 παραπλησίως
1437 3356 1564 3426 ἄχρι
1591 3355 1734 3420 τινὸς

148 3445 246 3497 καὶ
290 3443 490 3506 ζέουσα
524 3444 714 3508 δεινῶς
746 3441 834 3517 ἦν,
868 3447 938 3500 τὰ
963 3446 1185 3516 κύματα
1232 3445 1290 3500 δὲ
1336 3449 1396 3500 οὺ
1445 3447 1588 3500 κατὰ
1633 3448 1735 3520 τὴν

146 3534 366 3588 ἑαυτῶν
397 3535 517 3606 βίαν
552 3536 886 3606 προσέϐαλλε
914 3540 981 3606 τῇ
1015 3538 1126 3610 νηῒ,
1162 3538 1278 3592 ἀλλ’
1302 3535 1416 3593 οἷον
1447 3541 1615 3595 ἑαυτὰ
1637 3541 1739 3593 ὲπ-

99 3664 103 3667 -
140 3631 319 3698 εἶχεν,
349 3626 725 3698 εὐλαϐούμενοι
746 3628 997 3701 καθάπερ
1025 3630 1058 3701 ἢ
1092 3630 1320 3687 δεδιότα.
1346 3634 1503 3687 Μετὰ
1539 3633 1736 3703 μικρὸν

140 3718 205 3771 δὲ
256 3717 354 3773 τοῦ
398 3717 668 3782 κλύδωνος
707 3718 1021 3785 ὑπανέντος,
1085 3722 1209 3774 πνεῖ
1263 3722 1363 3792 μὶν
1417 3722 1614 3793 ἀθρόον
1671 3724 1737 3776 ἐκ

142 3811 412 3882 πρύμνης
456 3812 677 3881 ἄνεμος,
715 3813 765 3865 οἱ
809 3810 867 3864 δὲ
909 3811 975 3864 δι’
1000 3813 1272 3882 ἀκύμονος
1314 3817 1415 3885 τῆς
1456 3815 1735 3886 θαλάσσης

141 3903 245 3956 καὶ
278 3901 455 3969 λείας,
487 3903 654 3955 πᾶσιν
687 3901 875 3965 ἱστίοις
901 3903 1189 3971 ὲιρέροντο’
1224 3903 1320 3965 καὶ
1352 3904 1478 3968 τοὺς
1510 3905 1608 3974 μὲν
1633 3908 1737 3975 ὲμ-

138 3993 420 4057 πλέοντας
467 3993 676 4063 θάμϐος
729 3986 842 4047 εἷλε
886 3993 964 4062 τῷ
991 3993 1273 4065 παραδόξῳ
1311 3994 1409 4066 τῆς
1439 3998 1735 4067 σωτηρίας,

134 4087 240 4140 καὶ
271 4086 454 4149 οὐδεὶς
484 4083 552 4158 ἦν
577 4086 636 4149 ὃς
653 4078 717 4139 ὀὐ
746 4085 917 4157 δῶρον
944 4087 1205 4157 ἄντικρυς
1230 4087 1421 4141 ἑαυτὸν
1449 4087 1543 4142 τοῦ
1579 4089 1736 4156 ἁγίου

132 4178 346 4250 ἧγητο.

212 4371 335 4433 σμ’.
369 4362 430 4416 '0
444 4363 500 4416 δὲ
516 4361 851 4438 ναύκληρος(
864 4363 1025 4418 παῖδα
1048 4361 1159 4433 γὰρ
1182 4361 1365 4416 οἴκαδε
1387 4361 1737 4416 ἀπολελοίπει

1833 3166 2119 3235 tientibus,
2150 3170 2327 3239 gratia
2378 3168 2565 3224 divina
2600 3170 2897 3225 subsecuta
2930 3181 3017 3227 est
3059 3190 3072 3225 ε
3104 3173 3245 3228 solet
3273 3175 3427 3229 enim

1833 3256 1925 3314 illa
1973 3274 2086 3314 non
2130 3274 2257 3315 raro
2304 3261 2568 3330 praeviam
2605 3261 2898 3330 quamdam
2940 3263 3131 3319 odoris
3179 3266 3425 3320 suav-ita»

1836 3357 1946 3405 tem
1979 3350 2244 3415 excitare,
2299 3352 2548 3406 divinum
2595 3353 2879 3422 quidpiam
2915 3370 2972 3410 se
3007 3356 3292 3411 continere
3321 3357 3422 3411 dc-

1835 3451 2166 3497 monstrans.
2200 3442 2373 3514 igitur
2402 3443 2667 3514 pergebat
2716 3460 2870 3500 mare
2922 3446 3105 3515 aliquo
3151 3455 3418 3517 tempore,

1837 3542 1899 3589 ut
1962 3541 2232 3604 coeperat,
2284 3533 2471 3589 furere
2517 3542 2574 3589 et
2623 3536 2985 3591 vehementer
3021 3545 3303 3593 aestuare:
3366 3552 3421 3592 ιιι

1835 3624 2037 3680 ﬂuctus
2078 3640 2211 3690 non,
2240 3633 2297 3679 ut
2351 3624 2567 3680 ferebat
2613 3627 2892 3682 violentus
2926 3628 3185 3699 impetus,
3220 3632 3422 3701 impin-

1836 3716 2038 3786 gebant
2072 3716 2127 3769 in
2168 3716 2376 3782 navim,
2410 3717 2507 3772 sed
2533 3718 2867 3774 cohibebant
2900 3736 2979 3786 se,
3002 3722 3170 3777 veluti
3198 3740 3425 3778 venera-

1826 3806 2007 3862 ‘bundi
2036 3813 2133 3859 aut
2153 3817 2485 3863 metuentes.
2512 3810 2682 3865 Paulo
2698 3821 2821 3880 post
2838 3811 3070 3868 remisso
3087 3817 3425 3884 tempestatis

1835 3895 2046 3957 furore,
2106 3897 2318 3965 spirare
2387 3900 2557 3971 erepit
2618 3911 2846 3970 repente
2907 3911 3107 3959 ventus
3139 3920 3181 3960 re
3229 3911 3423 3977 puppi,

1837 3986 2272 4055 ferebanturque
2316 3998 2510 4058 pacate
2540 4004 2603 4045 ac
2656 3992 2819 4061 plano
2855 3994 2994 4047 mari
3041 3996 3222 4065 plenis
3265 3999 3423 4062 velis,

1839 4078 2190 4133 tremebundi
2222 4095 2288 4135 ac
2318 4081 2523 4150 pavidi,
2547 4082 2619 4138 ob
2645 4091 2752 4139 tam
2776 4084 3212 4156 inexspectatum
3234 4090 3426 4147 salutis

1840 4179 2178 4242 recuperatae
2215 4174 2530 4245 prodigium
2578 4194 2592 4230 :
2655 4192 2759 4233 nec
2804 4179 2950 4235 ullus
3002 4181 3126 4248 fuit,
3162 4184 3257 4253 qui
3311 4201 3425 4240 non

1839 4272 2121 4334 reputaret
2169 4278 2227 4319 se
2266 4266 2370 4321 sibi
2408 4268 2555 4324 dono
2594 4268 2770 4324 sancti
2824 4281 3233 4328 conservatum.

1909 4352 2035 4408 240.
2068 4354 2242 4410 Porro
2264 4359 2583 4426 nauclerus,
2641 4361 2737 4432 qui
2792 4377 3026 4432 puerum
3087 4364 3237 4419 domi
3293 4365 3432 4419 reli--

133 4453 633 4525 νοσοῦντα),είδὼς
671 4454 749 4525 τῷ
773 4437 902 4526 περὶ
926 4455 1090 4510 αὑτὸν
1112 4454 1345 4519 καὶτοὺς
1363 4455 1729 4525 συμπλέοντας

1839 4457 2036 4521 querat
2088 4437 2390 4517 inﬁrmum,
2432 4452 2625 4509 doctus
2686 4453 2955 4509 miraculo
3002 4456 3061 4511 in
3116 4473 3174 4512 se
3197 4454 3431 4528 suisque

134 4547 426 4617 θαύματι,
450 4549 655 4619 ῥᾴστην
684 4547 830 4618 αὐτῷ
846 4548 942 4603 καὶ
959 4549 1058 4621 τὴν
1074 4548 1168 4603 τοῦ
1188 4549 1398 4613 παιδὸς,
1416 4550 1465 4602 εί
1481 4548 1744 4619 βούλοιτο,

132 4638 466 4710 Θεραπείαν
490 4633 650 4691 εἶναι’
686 4639 907 4693 κάκεῖνο
941 4640 1030 4694 διὰ
1068 4638 1164 4694 τοῦ
1200 4638 1436 4711 μοναχοῦ
1475 4641 1662 4705 ἐδεῖτο,
1684 4642 1747 4695 τὸ

126 4732 232 4786 τὸν
259 4733 392 4785 υἱὸν
421 4732 574 4803 αὐτῷ
599 4731 735 4802 πρὸς
763 4732 862 4804 τὴν
885 4733 1064 4787 οἰκίαν
1093 4732 1195 4804 ήδη
1222 4733 1548 4804 άναγομένῳ
1569 4733 1746 4797 ζῶντα

122 4841 202 4877 τα
211 4823 547 4895 μιευθῆναι·
566 4823 757 4878 ἐδεδίει
771 4823 880 4893 γὰρ
897 4825 992 4878 τοῦ
1006 4824 1187 4879 κοινοῦ
1203 4825 1302 4897 τῆς
1317 4827 1529 4896 φύσεως
1547 4826 1746 4897 μᾶλλον

125 4914 165 4984 ἢ
192 4915 301 4967 τὸν
330 4914 440 4983 τῆς
455 4915 635 4986 ψυχῆς
659 4913 909 4982 θάνατον,
934 4916 1223 4972 άτελέστου
1248 4916 1340 4970 τοῦ
1375 4918 1567 4981 παιδὸς
1587 4916 1740 4981 ὄντος

125 5011 222 5059 ἐτι
287 5008 371 5060 τὰ
416 5005 514 5061 τοῦ
573 5008 717 5061 θείου
753 5007 1151 5079 βαπτίσματος.
1183 5009 1292 5064 Τοῦ
1326 5010 1405 5075 δὲ,
1437 5011 1597 5081 Παρὰ
1659 5010 1744 5063 σοὶ

124 5097 319 5150 τοῦτο
357 5099 542 5150 κεῖται
574 5138 588 5159 ,
632 5097 902 5163 εἰπόντος,
932 5100 981 5150 εί
1011 5098 1157 5162 ζέσει
1179 5099 1273 5152 καὶ
1302 5100 1484 5153 πίστει
1512 5099 1743 5171 καρδίας

127 5187 324 5253 μόνον
363 5186 667 5262 ὲπικαλέσῃ
702 5188 796 5242 τὸν
829 5187 972 5259 ἱερὸν
997 5186 1247 5259 Συμεὼν,
1289 5182 1502 5261 ὑπόσχῃ
1543 5191 1600 5244 δὲ
1653 5193 1748 5243 καὶ

120 5281 270 5353 θεῷ
309 5280 414 5333 τὸν
459 5280 623 5334 παῖδα
642 5297 657 5311 ο
694 5282 899 5343 ἐκεῖνος
928 5279 1092 5341 εὐθὺς
1118 5279 1355 5351 ἑκάτερα
1378 5280 1606 5349 δράσας,
1633 5279 1747 5332 οὐδ’

115 5364 350 5438 ἐτέρου
428 5370 823 5440 διαμαρτάνει,
876 5367 994 5422 ἀλλ’
1042 5368 1169 5437 ὑγιῆ
1218 5368 1316 5421 τὸν
1370 5368 1483 5420 υἱὸν
1545 5367 1745 5437 εὑρὼν,

121 5464 442 5537 προσάγει
478 5461 601 5534 Θεῷ
647 5463 736 5517 διὰ
768 5462 862 5517 τοῦ
894 5459 1291 5532 βαπτίσματος.
1317 5459 1432 5513 Καὶ
1463 5458 1623 5512 τοῦτο
1651 5460 1748 5530 μὲν

115 5553 201 5627 δη
234 5553 506 5629 τοιοῦτον
531 5570 545 5586 ο
579 5554 762 5609 ἐκεῖνα
784 5553 841 5607 δὲ
873 5550 990 5613 πῶς
1014 5549 1079 5604 ἄν
1100 5566 1184 5614 τις
1225 5549 1557 5619 παραλιπεῖν
1594 5545 1751 5618 νομί-

113 5666 252 5703 εειε
294 5645 405 5702 διὰ
436 5645 498 5700 τὸ
532 5644 752 5712 πλῆθος,
778 5645 840 5699 ού
866 5642 935 5696 τὰ
955 5640 1186 5712 μεγίστα
1216 5639 1485 5711 ξηίιιὼσει
1516 5655 1530 5704 ;

1841 4546 2164 4600 vectoribus
2192 4545 2358 4610 facto,
2388 4544 2715 4599 facillimum
2748 4546 2980 4615 putabat
3014 4548 3133 4617 ipse
3171 4563 3314 4613 esse,
3362 4550 3426 4602 li-

1842 4635 1981 4690 lium
2016 4653 2238 4708 quoque
2261 4652 2425 4692 suum
2458 4651 2695 4704 curare;
2754 4638 2924 4709 idque
2980 4640 3209 4710 rogabat
3238 4655 3429 4694 monu-

1845 4729 2034 4793 chum,
2064 4741 2125 4786 ut
2163 4728 2359 4784 reduci
2400 4727 2506 4783 sibi
2555 4728 2715 4783 illum
2747 4738 3138 4786 conservatum
3197 4732 3254 4785 in
3284 4732 3432 4787 vivis

1845 4819 2049 4874 vellet:
2081 4818 2311 4873 timebat
2349 4817 2576 4888 quippe,
2612 4817 2760 4887 quod
2787 4834 2929 4888 puer
2953 4819 3130 4875 sacris
3179 4821 3431 4875 nondum

1847 4913 2070 4967 ablutus
2103 4920 2252 4966 esset
2275 4909 2460 4977 undis,
2485 4909 2682 4965 anima:
2709 4909 2859 4966 illius
2877 4920 3107 4966 mortem
3134 4912 3431 4984 plusquam

1849 5016 2201 5061 communem
2250 5002 2512 5057 omnibus
2568 5002 2902 5057 naturalem.
2959 5002 3209 5073 Cumque
3254 5005 3438 5061 Doro-

1851 5097 2016 5153 tbeus
2042 5096 2257 5150 diceret
2293 5094 2350 5148 in
2384 5110 2552 5149 manu
2575 5095 2695 5166 ejus
2722 5093 2777 5149 id
2800 5109 2948 5161 esse,
2987 5094 3035 5150 si
3083 5096 3250 5152 modo
3304 5112 3436 5152 cum

1855 5184 2069 5239 fervore
2098 5199 2164 5238 ac
2191 5184 2388 5238 ﬁducia
2431 5192 2685 5238 sanctum
2716 5183 3435 5256 invocaveritSymeonem,

1854 5282 1912 5330 et
1940 5273 2111 5329 filium
2160 5275 2274 5330 Deo
2301 5275 2550 5341 voverit;
2598 5276 2857 5346 praestitit
2909 5276 3003 5331 ille
3052 5293 3180 5331 mox
3222 5287 3435 5336 utrum-

1845 5380 1986 5435 que:
2017 5381 2121 5421 nec
2143 5365 2429 5421 fraudatus
2453 5375 2540 5421 est
2568 5368 2865 5437 promisso,
2893 5369 3119 5423 invento
3168 5368 3435 5423 incolumi

1846 5459 1995 5513 domi
2027 5459 2163 5525 ﬁlio,
2194 5475 2358 5529 quem
2389 5459 2504 5514 Deo
2541 5476 2642 5529 per
2707 5460 3045 5532 baptismum
3102 5461 3327 5515 obtulit.
3365 5461 3435 5514 Et

1847 5550 2122 5606 hactenus
2155 5551 2379 5621 quidem
2411 5551 2583 5617 illud;
2618 5552 2723 5608 ista
2746 5536 2905 5618 vero,
2959 5567 3083 5622 qum
3119 5550 3431 5620 subjiciun-

1848 5650 1957 5705 tur,
1991 5641 2037 5696 si
2067 5641 2192 5711 quis
2226 5642 2699 5712 praetermittenda
2727 5653 2955 5713 propter
3012 5635 3432 5695 multitudinem

1850 5733 2149 5805 putaverit,
2176 5733 2453 5804 quomodo
2471 5750 2578 5789 non
2598 5735 2886 5789 maximam
2900 5735 3170 5805 iacturam
3191 5733 3440 5788 dederit?
