  <div class='ocr_page' id='page_1' title='image "/cluster/home/n/w/nwhite01/storage/ocr_20150623/86 pt.2/mdp.39015008855424/731.png"; bbox 0 0 4010 6288; ppageno 0'>
   <div class='ocr_carea' id='block_1_1' title="bbox 1851 335 2726 401">
    <p class='ocr_par' dir='ltr' id='par_1_1' title="bbox 1851 335 2726 401">
     <span class='ocr_line' id='line_1_1' title="bbox 1851 335 2726 401; baseline 0.001 -5"><span class='ocrx_word' id='word_1_1' title='bbox 1851 339 1911 399; x_wconf 90' lang='lat' dir='ltr'><strong>S.</strong></span> <span class='ocrx_word' id='word_1_2' title='bbox 1951 338 2326 400; x_wconf 82' lang='lat' dir='ltr'><strong>SYMEONIS</strong></span> <span class='ocrx_word' id='word_1_3' title='bbox 2365 335 2726 401; x_wconf 79' lang='lat' dir='ltr'><strong>IUNIORIS</strong></span> 
     </span>
    </p>
   </div>
   <div class='ocr_carea' id='block_1_2' title="bbox 3695 320 3796 382">
    <p class='ocr_par' dir='ltr' id='par_1_2' title="bbox 3695 320 3796 382">
     <span class='ocr_line' id='line_1_2' title="bbox 3695 320 3796 382; baseline 0 0"><span class='ocrx_word' id='word_1_4' title='bbox 3695 320 3796 382; x_wconf 69' lang='lat'><strong>3208</strong></span> 
     </span>
    </p>
   </div>
   <div class='ocr_carea' id='block_1_3' title="bbox 2048 471 2481 527">
    <p class='ocr_par' dir='ltr' id='par_1_3' title="bbox 2048 471 2481 527">
     <span class='ocr_line' id='line_1_3' title="bbox 2048 471 2481 527; baseline -0.002 -3"><span class='ocrx_word' id='word_1_5' title='bbox 2048 471 2273 527; x_wconf 79' lang='lat' dir='ltr'><strong>CAPUT</strong></span> <span class='ocrx_word' id='word_1_6' title='bbox 2313 471 2481 525; x_wconf 87' lang='lat' dir='ltr'><strong>XXX.</strong></span> 
     </span>
    </p>
   </div>
   <div class='ocr_carea' id='block_1_4' title="bbox 1190 577 3336 652">
    <p class='ocr_par' dir='ltr' id='par_1_4' title="bbox 1190 577 3336 652">
     <span class='ocr_line' id='line_1_4' title="bbox 1190 577 3336 652; baseline 0.001 -18"><span class='ocrx_word' id='word_1_7' title='bbox 1190 577 1446 634; x_wconf 76' lang='lat' dir='ltr'><strong>Sacerdos</strong></span> <span class='ocrx_word' id='word_1_8' title='bbox 1485 585 1669 633; x_wconf 78' lang='lat' dir='ltr'><strong>sancto</strong></span> <span class='ocrx_word' id='word_1_9' title='bbox 1725 581 2014 650; x_wconf 80' lang='lat' dir='ltr'><strong>iujuriosus</strong></span> <span class='ocrx_word' id='word_1_10' title='bbox 2061 583 2330 650; x_wconf 81' lang='lat' dir='ltr'><strong>punitur:</strong></span> <span class='ocrx_word' id='word_1_11' title='bbox 2369 583 2573 649; x_wconf 78' lang='lat' dir='ltr'><strong>infirmi</strong></span> <span class='ocrx_word' id='word_1_12' title='bbox 2623 598 2715 652; x_wconf 83' lang='lat' dir='ltr'><strong>per</strong></span> <span class='ocrx_word' id='word_1_13' title='bbox 2765 583 3012 635; x_wconf 75' lang='lat' dir='ltr'><strong>uisionem</strong></span> <span class='ocrx_word' id='word_1_14' title='bbox 3063 589 3336 636; x_wconf 78' lang='lat' dir='ltr'><strong><em>curantur.</em></strong></span> 
     </span>
    </p>
   </div>
   <div class='ocr_carea' id='block_1_5' title="bbox 706 724 2284 799">
    <p class='ocr_par' dir='ltr' id='par_1_5' title="bbox 706 724 2284 799">
     <span class='ocr_line' id='line_1_5' title="bbox 706 724 2284 799; baseline 0.001 -21"><span class='ocrx_word' id='word_1_15' title='bbox 706 725 829 780; x_wconf 70' lang='grc' dir='ltr'><strong>ΞΗ.</strong></span> <span class='ocrx_word' id='word_1_16' title='bbox 861 724 1126 780; x_wconf 89' lang='lat' dir='ltr'><strong>Sacerdos</strong></span> <span class='ocrx_word' id='word_1_17' title='bbox 1162 724 1388 799; x_wconf 83' lang='lat' dir='ltr'><strong>quidam</strong></span> <span class='ocrx_word' id='word_1_18' title='bbox 1418 724 1473 779; x_wconf 90' lang='lat' dir='ltr'><strong>in</strong></span> <span class='ocrx_word' id='word_1_19' title='bbox 1511 740 1672 796; x_wconf 89' lang='lat' dir='ltr'><strong>pago,</strong></span> <span class='ocrx_word' id='word_1_20' title='bbox 1709 724 1804 794; x_wconf 88' lang='lat' dir='ltr'><strong>qui</strong></span> <span class='ocrx_word' id='word_1_21' title='bbox 1855 725 2211 794; x_wconf 88' lang='lat' dir='ltr'><strong>nuncupaba-</strong></span> <span class='ocrx_word' id='word_1_22' title='bbox 2241 734 2284 789; x_wconf 80' lang='grc' dir='ltr'>Α</span> 
     </span>
    </p>
   </div>
   <div class='ocr_carea' id='block_1_6' title="bbox 636 815 2206 885">
    <p class='ocr_par' dir='ltr' id='par_1_6' title="bbox 636 815 2206 885">
     <span class='ocr_line' id='line_1_6' title="bbox 636 815 2206 885; baseline 0 -14"><span class='ocrx_word' id='word_1_23' title='bbox 636 827 726 871; x_wconf 89' lang='lat' dir='ltr'><strong>tur</strong></span> <span class='ocrx_word' id='word_1_24' title='bbox 752 817 940 878; x_wconf 84' lang='lat' dir='ltr'><strong>Cassa,</strong></span> <span class='ocrx_word' id='word_1_25' title='bbox 972 816 1202 870; x_wconf 91' lang='lat' dir='ltr'><strong>molesta</strong></span> <span class='ocrx_word' id='word_1_26' title='bbox 1224 817 1435 885; x_wconf 85' lang='lat' dir='ltr'><strong>proprii</strong></span> <span class='ocrx_word' id='word_1_27' title='bbox 1467 816 1670 870; x_wconf 90' lang='lat' dir='ltr'><strong>amoris</strong></span> <span class='ocrx_word' id='word_1_28' title='bbox 1721 815 2010 870; x_wconf 74' lang='lat' dir='ltr'><strong>all&#39;ectione</strong></span> <span class='ocrx_word' id='word_1_29' title='bbox 2051 816 2206 871; x_wconf 84' lang='lat' dir='ltr'><strong>labo-</strong></span> 
     </span>
    </p>
   </div>
   <div class='ocr_carea' id='block_1_7' title="bbox 633 907 2209 979">
    <p class='ocr_par' dir='ltr' id='par_1_7' title="bbox 633 907 2209 979">
     <span class='ocr_line' id='line_1_7' title="bbox 633 907 2209 979; baseline 0.001 -19"><span class='ocrx_word' id='word_1_30' title='bbox 633 924 784 970; x_wconf 85' lang='lat' dir='ltr'><strong><em>rans,</em></strong></span> <span class='ocrx_word' id='word_1_31' title='bbox 817 907 1038 976; x_wconf 84' lang='lat' dir='ltr'><strong>quando</strong></span> <span class='ocrx_word' id='word_1_32' title='bbox 1066 907 1338 960; x_wconf 84' lang='lat' dir='ltr'><strong>mirabilia</strong></span> <span class='ocrx_word' id='word_1_33' title='bbox 1372 922 1536 975; x_wconf 85' lang='lat' dir='ltr'><strong>opera</strong></span> <span class='ocrx_word' id='word_1_34' title='bbox 1575 922 1674 976; x_wconf 92' lang='lat' dir='ltr'><strong>per</strong></span> <span class='ocrx_word' id='word_1_35' title='bbox 1698 916 1946 961; x_wconf 91' lang='lat' dir='ltr'><strong>sanctum</strong></span> <span class='ocrx_word' id='word_1_36' title='bbox 1985 907 2209 979; x_wconf 87' lang='lat' dir='ltr'><strong>Symeo-</strong></span> 
     </span>
    </p>
   </div>
   <div class='ocr_carea' id='block_1_8' title="bbox 634 997 2210 1067">
    <p class='ocr_par' dir='ltr' id='par_1_8' title="bbox 634 997 2210 1067">
     <span class='ocr_line' id='line_1_8' title="bbox 634 997 2210 1067; baseline -0.001 -16"><span class='ocrx_word' id='word_1_37' title='bbox 634 1014 759 1051; x_wconf 91' lang='lat' dir='ltr'><strong>nem</strong></span> <span class='ocrx_word' id='word_1_38' title='bbox 781 1007 991 1067; x_wconf 89' lang='lat' dir='ltr'><strong>patrata</strong></span> <span class='ocrx_word' id='word_1_39' title='bbox 1021 998 1104 1050; x_wconf 88' lang='lat' dir='ltr'><strong>vel</strong></span> <span class='ocrx_word' id='word_1_40' title='bbox 1139 997 1502 1067; x_wconf 88' lang='lat' dir='ltr'><strong>intelligebat,</strong></span> <span class='ocrx_word' id='word_1_41' title='bbox 1530 997 1617 1052; x_wconf 85' lang='lat' dir='ltr'><strong>vel</strong></span> <span class='ocrx_word' id='word_1_42' title='bbox 1643 998 1810 1052; x_wconf 87' lang='lat' dir='ltr'><strong>etiam</strong></span> <span class='ocrx_word' id='word_1_43' title='bbox 1837 998 1891 1050; x_wconf 94' lang='lat' dir='ltr'><strong>in</strong></span> <span class='ocrx_word' id='word_1_44' title='bbox 1918 1007 2210 1051; x_wconf 88' lang='lat' dir='ltr'><strong>transeun-</strong></span> 
     </span>
    </p>
   </div>
   <div class='ocr_carea' id='block_1_9' title="bbox 636 1089 2208 1160">
    <p class='ocr_par' dir='ltr' id='par_1_9' title="bbox 636 1089 2208 1160">
     <span class='ocr_line' id='line_1_9' title="bbox 636 1089 2208 1160; baseline -0.001 -14"><span class='ocrx_word' id='word_1_45' title='bbox 636 1092 786 1146; x_wconf 88' lang='lat' dir='ltr'><strong>tibus</strong></span> <span class='ocrx_word' id='word_1_46' title='bbox 811 1091 935 1144; x_wconf 89' lang='lat' dir='ltr'><strong>illac</strong></span> <span class='ocrx_word' id='word_1_47' title='bbox 985 1089 1228 1152; x_wconf 90' lang='lat' dir='ltr'><strong>videbat,</strong></span> <span class='ocrx_word' id='word_1_48' title='bbox 1286 1090 1636 1158; x_wconf 72' lang='lat' dir='ltr'><strong>iniquitatem</strong></span> <span class='ocrx_word' id='word_1_49' title='bbox 1669 1097 1726 1144; x_wconf 90' lang='lat' dir='ltr'><strong>et</strong></span> <span class='ocrx_word' id='word_1_50' title='bbox 1778 1090 2037 1160; x_wconf 88' lang='lat' dir='ltr'><strong>injuriam</strong></span> <span class='ocrx_word' id='word_1_51' title='bbox 2093 1097 2208 1144; x_wconf 85' lang='lat' dir='ltr'><strong>tota</strong></span> 
     </span>
    </p>
   </div>
   <div class='ocr_carea' id='block_1_10' title="bbox 633 1181 2206 1253">
    <p class='ocr_par' dir='ltr' id='par_1_10' title="bbox 633 1181 2206 1253">
     <span class='ocr_line' id='line_1_10' title="bbox 633 1181 2206 1253; baseline -0.003 -14"><span class='ocrx_word' id='word_1_52' title='bbox 633 1184 723 1239; x_wconf 91' lang='lat' dir='ltr'><strong>die</strong></span> <span class='ocrx_word' id='word_1_53' title='bbox 747 1183 1098 1253; x_wconf 87' lang='lat' dir='ltr'><strong>loquebatur,</strong></span> <span class='ocrx_word' id='word_1_54' title='bbox 1127 1181 1395 1252; x_wconf 80' lang='lat' dir='ltr'><strong>diligebat</strong></span> <span class='ocrx_word' id='word_1_55' title='bbox 1421 1182 1687 1236; x_wconf 89' lang='lat' dir='ltr'><strong>malitiam</strong></span> <span class='ocrx_word' id='word_1_56' title='bbox 1730 1183 2020 1251; x_wconf 86' lang='lat' dir='ltr'><strong>plusquam</strong></span> <span class='ocrx_word' id='word_1_57' title='bbox 2045 1181 2206 1236; x_wconf 83' lang='lat' dir='ltr'><strong>boni-</strong></span> 
     </span>
    </p>
   </div>
   <div class='ocr_carea' id='block_1_11' title="bbox 634 1269 2210 1341">
    <p class='ocr_par' dir='ltr' id='par_1_11' title="bbox 634 1269 2210 1341">
     <span class='ocr_line' id='line_1_11' title="bbox 634 1269 2210 1341; baseline -0.001 -15"><span class='ocrx_word' id='word_1_58' title='bbox 634 1281 798 1326; x_wconf 89' lang='lat' dir='ltr'><strong>tatem</strong></span> <span class='ocrx_word' id='word_1_59' title='bbox 831 1280 888 1325; x_wconf 90' lang='lat' dir='ltr'><strong>et</strong></span> <span class='ocrx_word' id='word_1_60' title='bbox 920 1270 1249 1340; x_wconf 74' lang='lat' dir='ltr'><strong>iniustitiam</strong></span> <span class='ocrx_word' id='word_1_61' title='bbox 1301 1270 1426 1339; x_wconf 85' lang='lat' dir='ltr'><strong>plus</strong></span> <span class='ocrx_word' id='word_1_62' title='bbox 1450 1285 1612 1339; x_wconf 89' lang='lat' dir='ltr'><strong>quam</strong></span> <span class='ocrx_word' id='word_1_63' title='bbox 1649 1271 1920 1341; x_wconf 76' lang='lat' dir='ltr'><strong>jIIstitiam</strong></span> <span class='ocrx_word' id='word_1_64' title='bbox 1947 1288 1961 1335; x_wconf 91' lang='lat'><strong>;</strong></span> <span class='ocrx_word' id='word_1_65' title='bbox 2010 1269 2210 1340; x_wconf 86' lang='lat' dir='ltr'><strong>dilige-</strong></span> 
     </span>
    </p>
   </div>
   <div class='ocr_carea' id='block_1_12' title="bbox 632 1361 2208 1430">
    <p class='ocr_par' dir='ltr' id='par_1_12' title="bbox 632 1361 2208 1430">
     <span class='ocr_line' id='line_1_12' title="bbox 632 1361 2208 1430; baseline -0.001 -14"><span class='ocrx_word' id='word_1_66' title='bbox 632 1363 725 1416; x_wconf 89' lang='lat' dir='ltr'><strong>bat</strong></span> <span class='ocrx_word' id='word_1_67' title='bbox 751 1363 935 1415; x_wconf 90' lang='lat' dir='ltr'><strong>omnia</strong></span> <span class='ocrx_word' id='word_1_68' title='bbox 969 1362 1140 1416; x_wconf 89' lang='lat' dir='ltr'><strong>verba</strong></span> <span class='ocrx_word' id='word_1_69' title='bbox 1167 1361 1642 1430; x_wconf 71' lang='lat' dir='ltr'><strong>praecipitationis,</strong></span> <span class='ocrx_word' id='word_1_70' title='bbox 1671 1371 1729 1415; x_wconf 91' lang='lat' dir='ltr'><strong>et</strong></span> <span class='ocrx_word' id='word_1_71' title='bbox 1767 1362 2011 1430; x_wconf 79' lang='lat' dir='ltr'><strong>linguam</strong></span> <span class='ocrx_word' id='word_1_72' title='bbox 2051 1361 2208 1415; x_wconf 83' lang='lat' dir='ltr'><strong>dolo-</strong></span> 
     </span>
    </p>
   </div>
   <div class='ocr_carea' id='block_1_13' title="bbox 631 1453 2210 1523">
    <p class='ocr_par' dir='ltr' id='par_1_13' title="bbox 631 1453 2210 1523">
     <span class='ocr_line' id='line_1_13' title="bbox 631 1453 2210 1523; baseline -0.002 -14"><span class='ocrx_word' id='word_1_73' title='bbox 631 1471 787 1520; x_wconf 89' lang='lat' dir='ltr'><strong>sam;</strong></span> <span class='ocrx_word' id='word_1_74' title='bbox 821 1454 1084 1523; x_wconf 89' lang='lat' dir='ltr'><strong>denique,</strong></span> <span class='ocrx_word' id='word_1_75' title='bbox 1120 1454 1389 1508; x_wconf 88' lang='lat' dir='ltr'><strong>malevola</strong></span> <span class='ocrx_word' id='word_1_76' title='bbox 1420 1454 1514 1508; x_wconf 92' lang='lat' dir='ltr'><strong>illa</strong></span> <span class='ocrx_word' id='word_1_77' title='bbox 1570 1462 1626 1507; x_wconf 90' lang='lat' dir='ltr'><strong>et</strong></span> <span class='ocrx_word' id='word_1_78' title='bbox 1681 1453 1944 1507; x_wconf 61' lang='lat' dir='ltr'><strong>insidiosa</strong></span> <span class='ocrx_word' id='word_1_79' title='bbox 1999 1453 2210 1507; x_wconf 90' lang='lat' dir='ltr'><strong>insania</strong></span> 
     </span>
    </p>
   </div>
   <div class='ocr_carea' id='block_1_14' title="bbox 633 1545 2208 1615">
    <p class='ocr_par' dir='ltr' id='par_1_14' title="bbox 633 1545 2208 1615">
     <span class='ocr_line' id='line_1_14' title="bbox 633 1545 2208 1615; baseline -0.003 -15"><span class='ocrx_word' id='word_1_80' title='bbox 633 1547 800 1600; x_wconf 88' lang='lat' dir='ltr'><strong>veluti</strong></span> <span class='ocrx_word' id='word_1_81' title='bbox 856 1545 1120 1599; x_wconf 82' lang='lat' dir='ltr'><strong>ducatum</strong></span> <span class='ocrx_word' id='word_1_82' title='bbox 1177 1552 1494 1615; x_wconf 77' lang='lat' dir='ltr'><strong>praestante,</strong></span> <span class='ocrx_word' id='word_1_83' title='bbox 1557 1545 1898 1600; x_wconf 87' lang='lat' dir='ltr'><strong>anathemati</strong></span> <span class='ocrx_word' id='word_1_84' title='bbox 1956 1551 2208 1598; x_wconf 89' lang='lat' dir='ltr'><strong>sanctum</strong></span> 
     </span>
    </p>
   </div>
   <div class='ocr_carea' id='block_1_15' title="bbox 633 1635 2210 1707">
    <p class='ocr_par' dir='ltr' id='par_1_15' title="bbox 633 1635 2210 1707">
     <span class='ocr_line' id='line_1_15' title="bbox 633 1635 2210 1707; baseline -0.003 -15"><span class='ocrx_word' id='word_1_85' title='bbox 633 1637 890 1707; x_wconf 86' lang='lat' dir='ltr'><strong>subjecit.</strong></span> <span class='ocrx_word' id='word_1_86' title='bbox 914 1637 1037 1690; x_wconf 78' lang='lat' dir='ltr'><strong>Mox</strong></span> <span class='ocrx_word' id='word_1_87' title='bbox 1059 1652 1192 1691; x_wconf 87' lang='lat' dir='ltr'><strong>vero</strong></span> <span class='ocrx_word' id='word_1_88' title='bbox 1239 1637 1519 1706; x_wconf 78' lang='lat' dir='ltr'><strong>ingentem</strong></span> <span class='ocrx_word' id='word_1_89' title='bbox 1574 1635 1846 1705; x_wconf 84' lang='lat' dir='ltr'><strong>conspicit</strong></span> <span class='ocrx_word' id='word_1_90' title='bbox 1900 1635 2210 1690; x_wconf 73' lang='lat' dir='ltr'><strong>daemonum</strong></span> 
     </span>
    </p>
   </div>
   <div class='ocr_carea' id='block_1_16' title="bbox 634 1726 2212 1798">
    <p class='ocr_par' dir='ltr' id='par_1_16' title="bbox 634 1726 2212 1798">
     <span class='ocr_line' id='line_1_16' title="bbox 634 1726 2212 1798; baseline -0.001 -15"><span class='ocrx_word' id='word_1_91' title='bbox 634 1729 852 1784; x_wconf 85' lang='lat' dir='ltr'><strong>turbam</strong></span> <span class='ocrx_word' id='word_1_92' title='bbox 882 1733 1080 1798; x_wconf 92' lang='lat' dir='ltr'><strong>(neque</strong></span> <span class='ocrx_word' id='word_1_93' title='bbox 1109 1727 1260 1782; x_wconf 91' lang='lat' dir='ltr'><strong>enim</strong></span> <span class='ocrx_word' id='word_1_94' title='bbox 1290 1727 1477 1782; x_wconf 90' lang='lat' dir='ltr'><strong>divina</strong></span> <span class='ocrx_word' id='word_1_95' title='bbox 1527 1728 1741 1798; x_wconf 70' lang='lat' dir='ltr'><strong>iustitia</strong></span> <span class='ocrx_word' id='word_1_96' title='bbox 1782 1727 1962 1797; x_wconf 90' lang='lat' dir='ltr'><strong>potuit</strong></span> <span class='ocrx_word' id='word_1_97' title='bbox 2005 1726 2212 1782; x_wconf 89' lang='lat' dir='ltr'><strong>lentius</strong></span> 
     </span>
    </p>
   </div>
   <div class='ocr_carea' id='block_1_17' title="bbox 631 1818 2213 1892">
    <p class='ocr_par' dir='ltr' id='par_1_17' title="bbox 631 1818 2213 1892">
     <span class='ocr_line' id='line_1_17' title="bbox 631 1818 2213 1892; baseline -0.002 -17"><span class='ocrx_word' id='word_1_98' title='bbox 631 1836 817 1892; x_wconf 83' lang='lat' dir='ltr'><strong>agere,</strong></span> <span class='ocrx_word' id='word_1_99' title='bbox 848 1821 941 1874; x_wconf 86' lang='lat' dir='ltr'><strong>ubi</strong></span> <span class='ocrx_word' id='word_1_100' title='bbox 965 1820 1351 1890; x_wconf 79' lang='lat' dir='ltr'><strong>longanimitas</strong></span> <span class='ocrx_word' id='word_1_101' title='bbox 1371 1819 1663 1888; x_wconf 83' lang='lat' dir='ltr'><strong>profutura</strong></span> <span class='ocrx_word' id='word_1_102' title='bbox 1687 1835 1798 1873; x_wconf 89' lang='lat' dir='ltr'><strong>non</strong></span> <span class='ocrx_word' id='word_1_103' title='bbox 1821 1818 2037 1886; x_wconf 79' lang='lat' dir='ltr'><strong>fuisset)</strong></span> <span class='ocrx_word' id='word_1_104' title='bbox 2061 1833 2213 1874; x_wconf 87' lang='lat' dir='ltr'><strong>com-</strong></span> 
     </span>
    </p>
   </div>
   <div class='ocr_carea' id='block_1_18' title="bbox 634 1912 2210 1984">
    <p class='ocr_par' dir='ltr' id='par_1_18' title="bbox 634 1912 2210 1984">
     <span class='ocr_line' id='line_1_18' title="bbox 634 1912 2210 1984; baseline 0 -19"><span class='ocrx_word' id='word_1_105' title='bbox 634 1912 1067 1984; x_wconf 87' lang='lat' dir='ltr'><strong>prehendentem</strong></span> <span class='ocrx_word' id='word_1_106' title='bbox 1097 1926 1156 1964; x_wconf 90' lang='lat' dir='ltr'><strong>se</strong></span> <span class='ocrx_word' id='word_1_107' title='bbox 1190 1920 1246 1966; x_wconf 92' lang='lat' dir='ltr'><strong>et</strong></span> <span class='ocrx_word' id='word_1_108' title='bbox 1276 1927 1473 1965; x_wconf 89' lang='lat' dir='ltr'><strong>manus</strong></span> <span class='ocrx_word' id='word_1_109' title='bbox 1497 1919 1619 1980; x_wconf 88' lang='lat' dir='ltr'><strong>post</strong></span> <span class='ocrx_word' id='word_1_110' title='bbox 1671 1919 1885 1980; x_wconf 84' lang='lat' dir='ltr'><strong>tergum</strong></span> <span class='ocrx_word' id='word_1_111' title='bbox 1938 1921 2090 1965; x_wconf 88' lang='lat' dir='ltr'><strong>actas</strong></span> <span class='ocrx_word' id='word_1_112' title='bbox 2118 1925 2210 1965; x_wconf 82' lang='lat' dir='ltr'><strong>re-</strong></span> 
     </span>
    </p>
   </div>
   <div class='ocr_carea' id='block_1_19' title="bbox 634 2001 2211 2070">
    <p class='ocr_par' dir='ltr' id='par_1_19' title="bbox 634 2001 2211 2070">
     <span class='ocr_line' id='line_1_19' title="bbox 634 2001 2211 2070; baseline -0.001 -14"><span class='ocrx_word' id='word_1_113' title='bbox 634 2004 990 2066; x_wconf 84' lang='lat' dir='ltr'><strong>vincientem,</strong></span> <span class='ocrx_word' id='word_1_114' title='bbox 1022 2002 1163 2057; x_wconf 90' lang='lat' dir='ltr'><strong>adeo</strong></span> <span class='ocrx_word' id='word_1_115' title='bbox 1197 2015 1257 2058; x_wconf 89' lang='lat' dir='ltr'><strong>ut</strong></span> <span class='ocrx_word' id='word_1_116' title='bbox 1298 2018 1517 2058; x_wconf 88' lang='lat' dir='ltr'><strong>sacrum</strong></span> <span class='ocrx_word' id='word_1_117' title='bbox 1578 2002 1939 2070; x_wconf 84' lang='lat' dir='ltr'><strong>Evangelium</strong></span> <span class='ocrx_word' id='word_1_118' title='bbox 2006 2001 2211 2070; x_wconf 84' lang='lat' dir='ltr'><strong>populo</strong></span> 
     </span>
    </p>
   </div>
   <div class='ocr_carea' id='block_1_20' title="bbox 2390 722 3804 802">
    <p class='ocr_par' dir='ltr' id='par_1_20' title="bbox 2390 722 3804 802">
     <span class='ocr_line' id='line_1_20' title="bbox 2390 722 3804 802; baseline 0 -22"><span class='ocrx_word' id='word_1_119' title='bbox 2390 726 2536 796; x_wconf 87' lang='grc' dir='ltr'>σμα’.</span> <span class='ocrx_word' id='word_1_120' title='bbox 2587 725 2787 793; x_wconf 83' lang='grc' dir='ltr'>Ἱερεὺς</span> <span class='ocrx_word' id='word_1_121' title='bbox 2817 725 2924 794; x_wconf 88' lang='grc' dir='ltr'><strong>γάρ</strong></span> <span class='ocrx_word' id='word_1_122' title='bbox 2953 741 3036 787; x_wconf 84' lang='grc' dir='ltr'><strong>τις</strong></span> <span class='ocrx_word' id='word_1_123' title='bbox 3067 725 3124 778; x_wconf 79' lang='grc' dir='ltr'>ἐν</span> <span class='ocrx_word' id='word_1_124' title='bbox 3155 722 3313 794; x_wconf 76' lang='grc' dir='ltr'>κώμη</span> <span class='ocrx_word' id='word_1_125' title='bbox 3347 725 3540 792; x_wconf 74' lang='grc' dir='ltr'>Κασςᾷ</span> <span class='ocrx_word' id='word_1_126' title='bbox 3576 725 3804 802; x_wconf 63' lang='grc' dir='ltr'>καλουμένη</span> 
     </span>
    </p>
   </div>
   <div class='ocr_carea' id='block_1_21' title="bbox 2313 813 3804 888">
    <p class='ocr_par' dir='ltr' id='par_1_21' title="bbox 2313 813 3804 888">
     <span class='ocr_line' id='line_1_21' title="bbox 2313 813 3804 888; baseline 0.001 -18"><span class='ocrx_word' id='word_1_127' title='bbox 2313 816 2537 887; x_wconf 86' lang='grc' dir='ltr'>χαλεπῷ</span> <span class='ocrx_word' id='word_1_128' title='bbox 2593 815 2754 869; x_wconf 80' lang='grc' dir='ltr'><strong>πάθει</strong></span> <span class='ocrx_word' id='word_1_129' title='bbox 2801 815 3090 885; x_wconf 81' lang='grc' dir='ltr'>φιλαυτίας</span> <span class='ocrx_word' id='word_1_130' title='bbox 3140 813 3415 875; x_wconf 81' lang='grc' dir='ltr'>ἑαλωκὼς,</span> <span class='ocrx_word' id='word_1_131' title='bbox 3451 814 3606 882; x_wconf 78' lang='grc' dir='ltr'>ἡνίκα</span> <span class='ocrx_word' id='word_1_132' title='bbox 3630 816 3683 867; x_wconf 75' lang='grc' dir='ltr'>τὰ</span> <span class='ocrx_word' id='word_1_133' title='bbox 3710 826 3804 888; x_wconf 64' lang='grc' dir='ltr'>παρὰ</span> 
     </span>
    </p>
   </div>
   <div class='ocr_carea' id='block_1_22' title="bbox 2315 905 3802 982">
    <p class='ocr_par' dir='ltr' id='par_1_22' title="bbox 2315 905 3802 982">
     <span class='ocr_line' id='line_1_22' title="bbox 2315 905 3802 982; baseline 0.001 -20"><span class='ocrx_word' id='word_1_134' title='bbox 2315 909 2408 962; x_wconf 82' lang='grc' dir='ltr'><strong>τοῦ</strong></span> <span class='ocrx_word' id='word_1_135' title='bbox 2443 907 2587 961; x_wconf 88' lang='grc' dir='ltr'>θείου</span> <span class='ocrx_word' id='word_1_136' title='bbox 2616 907 2842 978; x_wconf 86' lang='grc' dir='ltr'>Συμεὼν</span> <span class='ocrx_word' id='word_1_137' title='bbox 2871 908 3190 961; x_wconf 81' lang='grc' dir='ltr'><strong>τελεσθέντα</strong></span> <span class='ocrx_word' id='word_1_138' title='bbox 3225 905 3545 974; x_wconf 76' lang='grc' dir='ltr'>παραδόξως</span> <span class='ocrx_word' id='word_1_139' title='bbox 3575 907 3607 974; x_wconf 75' lang='grc' dir='ltr'><strong>ἢ</strong></span> <span class='ocrx_word' id='word_1_140' title='bbox 3640 910 3802 982; x_wconf 73' lang='grc' dir='ltr'>μάθοιῆ</span> 
     </span>
    </p>
   </div>
   <div class='ocr_carea' id='block_1_23' title="bbox 2313 998 3806 1070">
    <p class='ocr_par' dir='ltr' id='par_1_23' title="bbox 2313 998 3806 1070">
     <span class='ocr_line' id='line_1_23' title="bbox 2313 998 3806 1070; baseline 0.003 -17"><span class='ocrx_word' id='word_1_141' title='bbox 2313 1001 2398 1053; x_wconf 72' lang='grc' dir='ltr'><strong>διὰ</strong></span> <span class='ocrx_word' id='word_1_142' title='bbox 2415 1000 2521 1052; x_wconf 83' lang='grc' dir='ltr'>τῶν</span> <span class='ocrx_word' id='word_1_143' title='bbox 2543 1001 2846 1070; x_wconf 77' lang='grc' dir='ltr'>παριόντων</span> <span class='ocrx_word' id='word_1_144' title='bbox 2865 998 2981 1061; x_wconf 75' lang='grc' dir='ltr'>ἴδοι,</span> <span class='ocrx_word' id='word_1_145' title='bbox 3001 999 3226 1068; x_wconf 78' lang='grc' dir='ltr'>ἀνομίαν</span> <span class='ocrx_word' id='word_1_146' title='bbox 3241 1000 3366 1066; x_wconf 81' lang='grc' dir='ltr'>ὃλην</span> <span class='ocrx_word' id='word_1_147' title='bbox 3382 999 3481 1068; x_wconf 85' lang='grc' dir='ltr'>τὴν</span> <span class='ocrx_word' id='word_1_148' title='bbox 3499 1001 3684 1070; x_wconf 78' lang='grc' dir='ltr'>ήμέραν</span> <span class='ocrx_word' id='word_1_149' title='bbox 3696 1002 3806 1069; x_wconf 77' lang='grc' dir='ltr'>ἐλογὶ-</span> 
     </span>
    </p>
   </div>
   <div class='ocr_carea' id='block_1_24' title="bbox 2317 1089 3808 1164">
    <p class='ocr_par' dir='ltr' id='par_1_24' title="bbox 2317 1089 3808 1164">
     <span class='ocr_line' id='line_1_24' title="bbox 2317 1089 3808 1164; baseline 0.003 -22"><span class='ocrx_word' id='word_1_150' title='bbox 2317 1091 2439 1152; x_wconf 83' lang='grc' dir='ltr'>ζετο</span> <span class='ocrx_word' id='word_1_151' title='bbox 2469 1092 2501 1160; x_wconf 79' lang='grc' dir='ltr'>ἡ</span> <span class='ocrx_word' id='word_1_152' title='bbox 2536 1090 2756 1158; x_wconf 74' lang='grc' dir='ltr'>γλῶσσα</span> <span class='ocrx_word' id='word_1_153' title='bbox 2789 1089 2952 1144; x_wconf 80' lang='grc' dir='ltr'>αὑτοῦ</span> <span class='ocrx_word' id='word_1_154' title='bbox 2975 1130 2989 1152; x_wconf 88' lang='grc'><strong>,</strong></span> <span class='ocrx_word' id='word_1_155' title='bbox 3018 1091 3207 1158; x_wconf 80' lang='grc' dir='ltr'><strong>ἠγάπα</strong></span> <span class='ocrx_word' id='word_1_156' title='bbox 3249 1093 3449 1146; x_wconf 79' lang='grc' dir='ltr'>κακίαν</span> <span class='ocrx_word' id='word_1_157' title='bbox 3501 1095 3631 1164; x_wconf 82' lang='grc' dir='ltr'>ὑπὲρ</span> <span class='ocrx_word' id='word_1_158' title='bbox 3666 1093 3808 1161; x_wconf 74' lang='grc' dir='ltr'>ἀγαθω-</span> 
     </span>
    </p>
   </div>
   <div class='ocr_carea' id='block_1_25' title="bbox 2318 1180 3811 1256">
    <p class='ocr_par' dir='ltr' id='par_1_25' title="bbox 2318 1180 3811 1256">
     <span class='ocr_line' id='line_1_25' title="bbox 2318 1180 3811 1256; baseline 0.003 -22"><span class='ocrx_word' id='word_1_159' title='bbox 2318 1182 2502 1251; x_wconf 87' lang='grc' dir='ltr'>σύνην,</span> <span class='ocrx_word' id='word_1_160' title='bbox 2535 1181 2748 1235; x_wconf 75' lang='grc' dir='ltr'>ἀδικίαν</span> <span class='ocrx_word' id='word_1_161' title='bbox 2779 1181 2918 1252; x_wconf 78' lang='grc' dir='ltr'>ὑπὲρ</span> <span class='ocrx_word' id='word_1_162' title='bbox 2949 1180 3008 1233; x_wconf 78' lang='grc' dir='ltr'>τὸ</span> <span class='ocrx_word' id='word_1_163' title='bbox 3045 1181 3276 1250; x_wconf 85' lang='grc' dir='ltr'>λαλῆσαι</span> <span class='ocrx_word' id='word_1_164' title='bbox 3304 1183 3657 1256; x_wconf 78' lang='grc' dir='ltr'>δικαιοσύνην,</span> <span class='ocrx_word' id='word_1_165' title='bbox 3685 1189 3811 1255; x_wconf 53' lang='lat' dir='ltr'><strong>{nam</strong></span> 
     </span>
    </p>
   </div>
   <div class='ocr_carea' id='block_1_26' title="bbox 2317 1273 3810 1342">
    <p class='ocr_par' dir='ltr' id='par_1_26' title="bbox 2317 1273 3810 1342">
     <span class='ocr_line' id='line_1_26' title="bbox 2317 1273 3810 1342; baseline -0.001 -17"><span class='ocrx_word' id='word_1_166' title='bbox 2317 1273 2497 1326; x_wconf 85' lang='grc' dir='ltr'>πάντα</span> <span class='ocrx_word' id='word_1_167' title='bbox 2551 1275 2772 1342; x_wconf 80' lang='grc' dir='ltr'>ῥήματα</span> <span class='ocrx_word' id='word_1_168' title='bbox 2821 1273 3288 1342; x_wconf 87' lang='grc' dir='ltr'>καταποντισμοῦ,</span> <span class='ocrx_word' id='word_1_169' title='bbox 3319 1276 3570 1341; x_wconf 84' lang='grc' dir='ltr'>γλῶσσαν</span> <span class='ocrx_word' id='word_1_170' title='bbox 3591 1275 3810 1334; x_wconf 51' lang='lat' dir='ltr'><strong>Goliam!</strong></span> 
     </span>
    </p>
   </div>
   <div class='ocr_carea' id='block_1_27' title="bbox 2319 1357 3810 1432">
    <p class='ocr_par' dir='ltr' id='par_1_27' title="bbox 2319 1357 3810 1432">
     <span class='ocr_line' id='line_1_27' title="bbox 2319 1357 3810 1432; baseline -0.002 -17"><span class='ocrx_word' id='word_1_171' title='bbox 2319 1363 2494 1426; x_wconf 81' lang='grc' dir='ltr'><strong>τέλος,</strong></span> <span class='ocrx_word' id='word_1_172' title='bbox 2519 1357 2605 1414; x_wconf 78' lang='grc' dir='ltr'>οἷα</span> <span class='ocrx_word' id='word_1_173' title='bbox 2636 1364 2701 1414; x_wconf 73' lang='grc' dir='ltr'>τὰ</span> <span class='ocrx_word' id='word_1_174' title='bbox 2742 1363 2840 1430; x_wconf 78' lang='grc' dir='ltr'>τῆς</span> <span class='ocrx_word' id='word_1_175' title='bbox 2871 1361 3180 1432; x_wconf 75' lang='grc' dir='ltr'><strong>κακούργου</strong></span> <span class='ocrx_word' id='word_1_176' title='bbox 3214 1362 3420 1432; x_wconf 80' lang='grc' dir='ltr'><strong>ταύτης</strong></span> <span class='ocrx_word' id='word_1_177' title='bbox 3471 1365 3562 1416; x_wconf 78' lang='grc' dir='ltr'>καὶ</span> <span class='ocrx_word' id='word_1_178' title='bbox 3601 1363 3810 1416; x_wconf 67' lang='grc' dir='ltr'>ἐπιϐούλου</span> 
     </span>
    </p>
   </div>
   <div class='ocr_carea' id='block_1_28' title="bbox 2322 1451 3811 1523">
    <p class='ocr_par' dir='ltr' id='par_1_28' title="bbox 2322 1451 3811 1523">
     <span class='ocr_line' id='line_1_28' title="bbox 2322 1451 3811 1523; baseline -0.001 -20"><span class='ocrx_word' id='word_1_179' title='bbox 2322 1455 2400 1514; x_wconf 85' lang='grc' dir='ltr'><strong>εἰς</strong></span> <span class='ocrx_word' id='word_1_180' title='bbox 2429 1451 2658 1520; x_wconf 74' lang='grc' dir='ltr'>ἔσχατον</span> <span class='ocrx_word' id='word_1_181' title='bbox 2692 1451 2951 1514; x_wconf 75' lang='grc' dir='ltr'>ἀπονοίας</span> <span class='ocrx_word' id='word_1_182' title='bbox 2981 1454 3456 1522; x_wconf 78' lang='grc' dir='ltr'>χειραγωγούσης,</span> <span class='ocrx_word' id='word_1_183' title='bbox 3479 1454 3811 1523; x_wconf 74' lang='grc' dir='ltr'>ἀναθέματιτίν</span> 
     </span>
    </p>
   </div>
   <div class='ocr_carea' id='block_1_29' title="bbox 2317 1538 3814 1612">
    <p class='ocr_par' dir='ltr' id='par_1_29' title="bbox 2317 1538 3814 1612">
     <span class='ocr_line' id='line_1_29' title="bbox 2317 1538 3814 1612; baseline -0.001 -20"><span class='ocrx_word' id='word_1_184' title='bbox 2317 1540 2462 1592; x_wconf 83' lang='grc' dir='ltr'>ὅσιον</span> <span class='ocrx_word' id='word_1_185' title='bbox 2515 1538 2825 1592; x_wconf 81' lang='grc' dir='ltr'>ὑποϐάλλει.</span> <span class='ocrx_word' id='word_1_186' title='bbox 2900 1540 3007 1592; x_wconf 60' lang='grc' dir='ltr'><strong>Καὶ¹</strong></span> <span class='ocrx_word' id='word_1_187' title='bbox 3074 1543 3420 1612; x_wconf 81' lang='grc' dir='ltr'>παραχρῆμα</span> <span class='ocrx_word' id='word_1_188' title='bbox 3473 1542 3710 1612; x_wconf 84' lang='grc' dir='ltr'>δαιμόνων</span> <span class='ocrx_word' id='word_1_189' title='bbox 3749 1541 3814 1610; x_wconf 69' lang='grc' dir='ltr'>ὁρᾷ</span> 
     </span>
    </p>
   </div>
   <div class='ocr_carea' id='block_1_30' title="bbox 2317 1631 3813 1702">
    <p class='ocr_par' dir='ltr' id='par_1_30' title="bbox 2317 1631 3813 1702">
     <span class='ocr_line' id='line_1_30' title="bbox 2317 1631 3813 1702; baseline 0.001 -17"><span class='ocrx_word' id='word_1_190' title='bbox 2317 1631 2519 1700; x_wconf 80' lang='grc' dir='ltr'>πλῆθος</span> <span class='ocrx_word' id='word_1_191' title='bbox 2550 1631 2996 1701; x_wconf 85' lang='grc' dir='ltr'>(μακροθυμῆσαι</span> <span class='ocrx_word' id='word_1_192' title='bbox 3027 1633 3247 1696; x_wconf 81' lang='grc' dir='ltr'>δικαίως</span> <span class='ocrx_word' id='word_1_193' title='bbox 3277 1635 3513 1688; x_wconf 71' lang='grc' dir='ltr'>ἐνταῦθα</span> <span class='ocrx_word' id='word_1_194' title='bbox 3547 1636 3636 1687; x_wconf 86' lang='grc' dir='ltr'><strong>οὑκ</strong></span> <span class='ocrx_word' id='word_1_195' title='bbox 3655 1637 3813 1702; x_wconf 82' lang='grc' dir='ltr'>ἁνασχο·</span> 
     </span>
    </p>
   </div>
   <div class='ocr_carea' id='block_1_31' title="bbox 2325 1722 3816 1794">
    <p class='ocr_par' dir='ltr' id='par_1_31' title="bbox 2325 1722 3816 1794">
     <span class='ocr_line' id='line_1_31' title="bbox 2325 1722 3816 1794; baseline 0 -21"><span class='ocrx_word' id='word_1_196' title='bbox 2325 1725 2494 1794; x_wconf 85' lang='grc' dir='ltr'>μένης</span> <span class='ocrx_word' id='word_1_197' title='bbox 2525 1723 2624 1791; x_wconf 85' lang='grc' dir='ltr'>τῆς</span> <span class='ocrx_word' id='word_1_198' title='bbox 2692 1722 2868 1791; x_wconf 80' lang='grc' dir='ltr'>δίκης,</span> <span class='ocrx_word' id='word_1_199' title='bbox 2905 1724 3040 1775; x_wconf 75' lang='grc' dir='ltr'>ὅπου</span> <span class='ocrx_word' id='word_1_200' title='bbox 3089 1723 3163 1792; x_wconf 83' lang='grc' dir='ltr'>μὴ</span> <span class='ocrx_word' id='word_1_201' title='bbox 3227 1725 3497 1778; x_wconf 81' lang='grc' dir='ltr'>συνοίσειν</span> <span class='ocrx_word' id='word_1_202' title='bbox 3554 1724 3714 1794; x_wconf 72' lang='grc' dir='ltr'>ἔμελλε</span> <span class='ocrx_word' id='word_1_203' title='bbox 3747 1726 3816 1782; x_wconf 69' lang='grc' dir='ltr'>τοῖς</span> 
     </span>
    </p>
   </div>
   <div class='ocr_carea' id='block_1_32' title="bbox 2319 1813 3816 1884">
    <p class='ocr_par' dir='ltr' id='par_1_32' title="bbox 2319 1813 3816 1884">
     <span class='ocr_line' id='line_1_32' title="bbox 2319 1813 3816 1884; baseline -0.004 -15"><span class='ocrx_word' id='word_1_204' title='bbox 2319 1815 2534 1878; x_wconf 75' lang='grc' dir='ltr'>πολλοῖς</span> <span class='ocrx_word' id='word_1_205' title='bbox 2572 1814 2632 1867; x_wconf 85' lang='grc' dir='ltr'>τὸ</span> <span class='ocrx_word' id='word_1_206' title='bbox 2667 1813 3042 1884; x_wconf 84' lang='grc' dir='ltr'>μακρόθυμον)</span> <span class='ocrx_word' id='word_1_207' title='bbox 3082 1814 3516 1884; x_wconf 77' lang='grc' dir='ltr'>συλλαϐομένους</span> <span class='ocrx_word' id='word_1_208' title='bbox 3553 1813 3816 1879; x_wconf 76' lang='grc' dir='ltr'>αὑτὸν,ὸτξο</span> 
     </span>
    </p>
   </div>
   <div class='ocr_carea' id='block_1_33' title="bbox 2321 1907 3816 1980">
    <p class='ocr_par' dir='ltr' id='par_1_33' title="bbox 2321 1907 3816 1980">
     <span class='ocr_line' id='line_1_33' title="bbox 2321 1907 3816 1980; baseline 0.002 -19"><span class='ocrx_word' id='word_1_209' title='bbox 2321 1926 2397 1963; x_wconf 90' lang='grc' dir='ltr'><strong>σω</strong></span> <span class='ocrx_word' id='word_1_210' title='bbox 2447 1926 2507 1962; x_wconf 88' lang='grc' dir='ltr'><strong>τε</strong></span> <span class='ocrx_word' id='word_1_211' title='bbox 2561 1909 2638 1962; x_wconf 88' lang='grc' dir='ltr'>τὼ</span> <span class='ocrx_word' id='word_1_212' title='bbox 2691 1911 2840 1979; x_wconf 84' lang='grc' dir='ltr'>χεῖρε</span> <span class='ocrx_word' id='word_1_213' title='bbox 2884 1909 3317 1980; x_wconf 79' lang='grc' dir='ltr'>περιαγαγόντας</span> <span class='ocrx_word' id='word_1_214' title='bbox 3368 1911 3466 1962; x_wconf 66' lang='grc' dir='ltr'><strong>καὶ⁸</strong></span> <span class='ocrx_word' id='word_1_215' title='bbox 3509 1907 3816 1980; x_wconf 67' lang='grc' dir='ltr'>δήσαπαςςὼς</span> 
     </span>
    </p>
   </div>
   <div class='ocr_carea' id='block_1_34' title="bbox 2321 1995 3818 2071">
    <p class='ocr_par' dir='ltr' id='par_1_34' title="bbox 2321 1995 3818 2071">
     <span class='ocr_line' id='line_1_34' title="bbox 2321 1995 3818 2071; baseline 0 -19"><span class='ocrx_word' id='word_1_216' title='bbox 2321 2002 2458 2070; x_wconf 85' lang='grc' dir='ltr'>μήτε</span> <span class='ocrx_word' id='word_1_217' title='bbox 2507 2001 2568 2053; x_wconf 78' lang='grc' dir='ltr'>τὸ</span> <span class='ocrx_word' id='word_1_218' title='bbox 2600 2001 2745 2071; x_wconf 74' lang='grc' dir='ltr'>ἱερὸν</span> <span class='ocrx_word' id='word_1_219' title='bbox 2774 2001 3103 2068; x_wconf 87' lang='grc' dir='ltr'>Εὑαγγέλιον</span> <span class='ocrx_word' id='word_1_220' title='bbox 3138 2003 3216 2064; x_wconf 86' lang='grc' dir='ltr'><strong>είς</strong></span> <span class='ocrx_word' id='word_1_221' title='bbox 3249 1995 3365 2055; x_wconf 79' lang='grc' dir='ltr'>ὦτα</span> <span class='ocrx_word' id='word_1_222' title='bbox 3388 2001 3636 2055; x_wconf 82' lang='grc' dir='ltr'>δύνασθαι</span> <span class='ocrx_word' id='word_1_223' title='bbox 3667 1997 3729 2070; x_wconf 85' lang='grc' dir='ltr'><strong>τῷ</strong></span> 
     </span>
    </p>
   </div>
   <div class='ocr_carea' id='block_1_35' title="bbox 636 2092 2223 2164">
    <p class='ocr_par' dir='ltr' id='par_1_35' title="bbox 636 2092 2214 2164">
     <span class='ocr_line' id='line_1_35' title="bbox 636 2092 2214 2164; baseline -0.001 -16"><span class='ocrx_word' id='word_1_224' title='bbox 636 2095 933 2164; x_wconf 68' lang='lat' dir='ltr'><strong>praalegere</strong></span> <span class='ocrx_word' id='word_1_225' title='bbox 968 2101 1064 2147; x_wconf 91' lang='lat' dir='ltr'><strong>aut</strong></span> <span class='ocrx_word' id='word_1_226' title='bbox 1116 2092 1360 2147; x_wconf 84' lang='lat' dir='ltr'><strong>divinam</strong></span> <span class='ocrx_word' id='word_1_227' title='bbox 1420 2093 1700 2162; x_wconf 88' lang='lat' dir='ltr'><strong>liturgiam</strong></span> <span class='ocrx_word' id='word_1_228' title='bbox 1759 2093 2044 2147; x_wconf 89' lang='lat' dir='ltr'><strong>celebrare</strong></span> <span class='ocrx_word' id='word_1_229' title='bbox 2101 2108 2214 2148; x_wconf 87' lang='lat' dir='ltr'><strong>non</strong></span> 
     </span>
    </p>
   </div>
   <div class='ocr_carea' id='block_1_36' title="bbox 2360 2092 3818 2164">
    <p class='ocr_par' dir='ltr' id='par_1_36' title="bbox 2360 2093 3818 2162">
     <span class='ocr_line' id='line_1_36' title="bbox 2360 2093 3818 2162; baseline -0.005 -15"><span class='ocrx_word' id='word_1_230' title='bbox 2360 2093 2648 2162; x_wconf 85' lang='grc' dir='ltr'>ναγνῶναι,</span> <span class='ocrx_word' id='word_1_231' title='bbox 2685 2093 2820 2162; x_wconf 81' lang='grc' dir='ltr'>μήτε</span> <span class='ocrx_word' id='word_1_232' title='bbox 2866 2093 2964 2162; x_wconf 81' lang='grc' dir='ltr'>τὴν</span> <span class='ocrx_word' id='word_1_233' title='bbox 3030 2093 3181 2146; x_wconf 85' lang='grc' dir='ltr'>θείαν</span> <span class='ocrx_word' id='word_1_234' title='bbox 3228 2093 3538 2147; x_wconf 72' lang='grc' dir='ltr'>ἐπιτελέσαι</span> <span class='ocrx_word' id='word_1_235' title='bbox 3605 2106 3818 2160; x_wconf 82' lang='grc' dir='ltr'>μυσταγω-</span> 
     </span>
    </p>
   </div>
   <div class='ocr_carea' id='block_1_37' title="bbox 641 2181 2214 2252">
    <p class='ocr_par' dir='ltr' id='par_1_37' title="bbox 641 2181 2214 2252">
     <span class='ocr_line' id='line_1_37' title="bbox 641 2181 2214 2252; baseline -0.002 -14"><span class='ocrx_word' id='word_1_236' title='bbox 641 2185 887 2239; x_wconf 88' lang='lat' dir='ltr'><strong>valeret:</strong></span> <span class='ocrx_word' id='word_1_237' title='bbox 929 2184 1038 2237; x_wconf 92' lang='lat' dir='ltr'><strong>imo</strong></span> <span class='ocrx_word' id='word_1_238' title='bbox 1063 2181 1358 2252; x_wconf 89' lang='lat' dir='ltr'><strong>siquando</strong></span> <span class='ocrx_word' id='word_1_239' title='bbox 1390 2183 1662 2252; x_wconf 81' lang='lat' dir='ltr'><strong>ejusmodi</strong></span> <span class='ocrx_word' id='word_1_240' title='bbox 1693 2182 1940 2236; x_wconf 86' lang='lat' dir='ltr'><strong>tentabat</strong></span> <span class='ocrx_word' id='word_1_241' title='bbox 1983 2182 2214 2251; x_wconf 88' lang='lat' dir='ltr'><strong>aliquid,</strong></span> 
     </span>
    </p>
   </div>
   <div class='ocr_carea' id='block_1_38' title="bbox 634 2275 2216 2345">
    <p class='ocr_par' dir='ltr' id='par_1_38' title="bbox 634 2275 2216 2345">
     <span class='ocr_line' id='line_1_38' title="bbox 634 2275 2216 2345; baseline -0.001 -13"><span class='ocrx_word' id='word_1_242' title='bbox 634 2277 912 2335; x_wconf 83' lang='lat' dir='ltr'><strong>sentiebat</strong></span> <span class='ocrx_word' id='word_1_243' title='bbox 959 2275 1062 2330; x_wconf 89' lang='lat' dir='ltr'><strong>sibi</strong></span> <span class='ocrx_word' id='word_1_244' title='bbox 1109 2285 1350 2330; x_wconf 91' lang='lat' dir='ltr'><strong>mentem</strong></span> <span class='ocrx_word' id='word_1_245' title='bbox 1399 2291 1702 2345; x_wconf 84' lang='lat' dir='ltr'><strong>vocemque</strong></span> <span class='ocrx_word' id='word_1_246' title='bbox 1741 2275 2040 2340; x_wconf 89' lang='lat' dir='ltr'><strong>immutari,</strong></span> <span class='ocrx_word' id='word_1_247' title='bbox 2070 2283 2128 2330; x_wconf 89' lang='lat' dir='ltr'><strong>et</strong></span> <span class='ocrx_word' id='word_1_248' title='bbox 2163 2276 2216 2330; x_wconf 91' lang='lat' dir='ltr'><strong>in</strong></span> 
     </span>
    </p>
   </div>
   <div class='ocr_carea' id='block_1_39' title="bbox 637 2367 2220 2436">
    <p class='ocr_par' dir='ltr' id='par_1_39' title="bbox 637 2367 2220 2436">
     <span class='ocr_line' id='line_1_39' title="bbox 637 2367 2220 2436; baseline -0.001 -14"><span class='ocrx_word' id='word_1_249' title='bbox 637 2367 1025 2422; x_wconf 84' lang='lat' dir='ltr'><strong>confusionem</strong></span> <span class='ocrx_word' id='word_1_250' title='bbox 1051 2381 1208 2422; x_wconf 87' lang='lat' dir='ltr'><strong>suam</strong></span> <span class='ocrx_word' id='word_1_251' title='bbox 1259 2367 1531 2422; x_wconf 87' lang='lat' dir='ltr'><strong>converti.</strong></span> <span class='ocrx_word' id='word_1_252' title='bbox 1585 2367 1742 2433; x_wconf 85' lang='lat' dir='ltr'><strong>Quod</strong></span> <span class='ocrx_word' id='word_1_253' title='bbox 1779 2382 1903 2421; x_wconf 91' lang='lat' dir='ltr'><strong>cum</strong></span> <span class='ocrx_word' id='word_1_254' title='bbox 1959 2367 2220 2436; x_wconf 87' lang='lat' dir='ltr'><strong>nequiret</strong></span> 
     </span>
    </p>
   </div>
   <div class='ocr_carea' id='block_1_40' title="bbox 635 2455 2222 2528">
    <p class='ocr_par' dir='ltr' id='par_1_40' title="bbox 635 2455 2222 2528">
     <span class='ocr_line' id='line_1_40' title="bbox 635 2455 2222 2528; baseline 0 -17"><span class='ocrx_word' id='word_1_255' title='bbox 635 2457 778 2512; x_wconf 81' lang='lat' dir='ltr'><strong>ferre</strong></span> <span class='ocrx_word' id='word_1_256' title='bbox 808 2456 1113 2528; x_wconf 88' lang='lat' dir='ltr'><strong>presbyter,</strong></span> <span class='ocrx_word' id='word_1_257' title='bbox 1146 2455 1402 2513; x_wconf 81' lang='lat' dir='ltr'><strong>fortunas</strong></span> <span class='ocrx_word' id='word_1_258' title='bbox 1453 2457 1508 2511; x_wconf 93' lang='lat' dir='ltr'><strong>in</strong></span> <span class='ocrx_word' id='word_1_259' title='bbox 1551 2457 1694 2521; x_wconf 86' lang='lat' dir='ltr'><strong>illos,</strong></span> <span class='ocrx_word' id='word_1_260' title='bbox 1731 2457 1827 2526; x_wconf 91' lang='lat' dir='ltr'><strong>qui</strong></span> <span class='ocrx_word' id='word_1_261' title='bbox 1875 2457 2087 2527; x_wconf 88' lang='lat' dir='ltr'><strong>aliquid</strong></span> <span class='ocrx_word' id='word_1_262' title='bbox 2146 2457 2222 2511; x_wconf 89' lang='lat' dir='ltr'><strong>le-</strong></span> 
     </span>
    </p>
   </div>
   <div class='ocr_carea' id='block_1_41' title="bbox 638 2545 2220 2616">
    <p class='ocr_par' dir='ltr' id='par_1_41' title="bbox 638 2545 2220 2616">
     <span class='ocr_line' id='line_1_41' title="bbox 638 2545 2220 2616; baseline -0.001 -16"><span class='ocrx_word' id='word_1_263' title='bbox 638 2547 876 2601; x_wconf 85' lang='lat' dir='ltr'><strong>vaminis</strong></span> <span class='ocrx_word' id='word_1_264' title='bbox 906 2546 1335 2616; x_wconf 87' lang='lat' dir='ltr'><strong>pollicebantur,</strong></span> <span class='ocrx_word' id='word_1_265' title='bbox 1379 2553 1801 2615; x_wconf 85' lang='lat' dir='ltr'><strong>consumpserat</strong></span> <span class='ocrx_word' id='word_1_266' title='bbox 1827 2562 1841 2611; x_wconf 89' lang='lat'><strong>;</strong></span> <span class='ocrx_word' id='word_1_267' title='bbox 1872 2545 2072 2608; x_wconf 90' lang='lat' dir='ltr'><strong>donec,</strong></span> <span class='ocrx_word' id='word_1_268' title='bbox 2097 2560 2220 2598; x_wconf 89' lang='lat' dir='ltr'><strong>om—</strong></span> 
     </span>
    </p>
   </div>
   <div class='ocr_carea' id='block_1_42' title="bbox 638 2638 2221 2708">
    <p class='ocr_par' dir='ltr' id='par_1_42' title="bbox 638 2638 2221 2708">
     <span class='ocr_line' id='line_1_42' title="bbox 638 2638 2221 2708; baseline 0 -16"><span class='ocrx_word' id='word_1_269' title='bbox 638 2655 762 2693; x_wconf 89' lang='lat' dir='ltr'><strong>nem</strong></span> <span class='ocrx_word' id='word_1_270' title='bbox 795 2638 981 2692; x_wconf 89' lang='lat' dir='ltr'><strong>animo</strong></span> <span class='ocrx_word' id='word_1_271' title='bbox 1024 2647 1282 2693; x_wconf 86' lang='lat' dir='ltr'><strong>versante</strong></span> <span class='ocrx_word' id='word_1_272' title='bbox 1315 2638 1734 2708; x_wconf 82' lang='lat' dir='ltr'><strong>cogitationem,</strong></span> <span class='ocrx_word' id='word_1_273' title='bbox 1787 2646 2111 2708; x_wconf 86' lang='lat' dir='ltr'><strong>arguentem</strong></span> <span class='ocrx_word' id='word_1_274' title='bbox 2160 2651 2221 2692; x_wconf 82' lang='lat' dir='ltr'><strong>se</strong></span> 
     </span>
    </p>
   </div>
   <div class='ocr_carea' id='block_1_43' title="bbox 637 2728 2222 2801">
    <p class='ocr_par' dir='ltr' id='par_1_43' title="bbox 637 2728 2222 2801">
     <span class='ocr_line' id='line_1_43' title="bbox 637 2728 2222 2801; baseline -0.001 -18"><span class='ocrx_word' id='word_1_275' title='bbox 637 2731 843 2800; x_wconf 89' lang='lat' dir='ltr'><strong>reperit</strong></span> <span class='ocrx_word' id='word_1_276' title='bbox 861 2731 1261 2784; x_wconf 88' lang='lat' dir='ltr'><strong>conscientiam</strong></span> <span class='ocrx_word' id='word_1_277' title='bbox 1296 2731 1540 2794; x_wconf 91' lang='lat' dir='ltr'><strong>illorum,</strong></span> <span class='ocrx_word' id='word_1_278' title='bbox 1562 2747 1686 2801; x_wconf 67' lang='lat' dir='ltr'><strong>quae</strong></span> <span class='ocrx_word' id='word_1_279' title='bbox 1734 2745 1879 2800; x_wconf 64' lang='lat' dir='ltr'><strong>saepe</strong></span> <span class='ocrx_word' id='word_1_280' title='bbox 1910 2729 2112 2798; x_wconf 68' lang='lat' dir='ltr'><strong>saepius</strong></span> <span class='ocrx_word' id='word_1_281' title='bbox 2164 2728 2222 2782; x_wconf 90' lang='lat' dir='ltr'><strong>in</strong></span> 
     </span>
    </p>
   </div>
   <div class='ocr_carea' id='block_1_44' title="bbox 638 2820 2220 2892">
    <p class='ocr_par' dir='ltr' id='par_1_44' title="bbox 638 2820 2220 2892">
     <span class='ocr_line' id='line_1_44' title="bbox 638 2820 2220 2892; baseline -0.001 -18"><span class='ocrx_word' id='word_1_282' title='bbox 638 2829 891 2876; x_wconf 89' lang='lat' dir='ltr'><strong>sanetum</strong></span> <span class='ocrx_word' id='word_1_283' title='bbox 933 2820 1266 2892; x_wconf 76' lang='lat' dir='ltr'><strong>Symeonem</strong></span> <span class='ocrx_word' id='word_1_284' title='bbox 1301 2837 1593 2892; x_wconf 88' lang='lat' dir='ltr'><strong>perperam</strong></span> <span class='ocrx_word' id='word_1_285' title='bbox 1621 2830 1677 2876; x_wconf 91' lang='lat' dir='ltr'><strong>et</strong></span> <span class='ocrx_word' id='word_1_286' title='bbox 1734 2821 2010 2875; x_wconf 89' lang='lat' dir='ltr'><strong>malitiose</strong></span> <span class='ocrx_word' id='word_1_287' title='bbox 2069 2820 2220 2873; x_wconf 73' lang='lat' dir='ltr'><strong>etfu-</strong></span> 
     </span>
    </p>
   </div>
   <div class='ocr_carea' id='block_1_45' title="bbox 642 2911 2221 2981">
    <p class='ocr_par' dir='ltr' id='par_1_45' title="bbox 642 2911 2221 2981">
     <span class='ocr_line' id='line_1_45' title="bbox 642 2911 2221 2981; baseline -0.001 -15"><span class='ocrx_word' id='word_1_288' title='bbox 642 2912 835 2977; x_wconf 87' lang='lat' dir='ltr'><strong>tierat;</strong></span> <span class='ocrx_word' id='word_1_289' title='bbox 886 2911 1146 2980; x_wconf 86' lang='lat' dir='ltr'><strong>quodque</strong></span> <span class='ocrx_word' id='word_1_290' title='bbox 1176 2928 1286 2965; x_wconf 91' lang='lat' dir='ltr'><strong>non</strong></span> <span class='ocrx_word' id='word_1_291' title='bbox 1319 2913 1640 2967; x_wconf 88' lang='lat' dir='ltr'><strong>erubuisset</strong></span> <span class='ocrx_word' id='word_1_292' title='bbox 1681 2927 1781 2981; x_wconf 88' lang='lat' dir='ltr'><strong>per</strong></span> <span class='ocrx_word' id='word_1_293' title='bbox 1831 2911 2221 2981; x_wconf 86' lang='lat' dir='ltr'><strong>gravissimum</strong></span> 
     </span>
    </p>
   </div>
   <div class='ocr_carea' id='block_1_46' title="bbox 639 3001 1854 3073">
    <p class='ocr_par' dir='ltr' id='par_1_46' title="bbox 639 3001 1854 3073">
     <span class='ocr_line' id='line_1_46' title="bbox 639 3001 1854 3073; baseline 0.001 -16"><span class='ocrx_word' id='word_1_294' title='bbox 639 3002 824 3057; x_wconf 77' lang='lat' dir='ltr'><strong>Scelus</strong></span> <span class='ocrx_word' id='word_1_295' title='bbox 853 3001 1031 3069; x_wconf 90' lang='lat' dir='ltr'><strong>ipsum</strong></span> <span class='ocrx_word' id='word_1_296' title='bbox 1072 3003 1448 3073; x_wconf 85' lang='lat' dir='ltr'><strong>perstringere</strong></span> <span class='ocrx_word' id='word_1_297' title='bbox 1479 3003 1854 3058; x_wconf 85' lang='lat' dir='ltr'><strong>anathemate.</strong></span> 
     </span>
    </p>
   </div>
   <div class='ocr_carea' id='block_1_47' title="bbox 710 3091 2222 3162">
    <p class='ocr_par' dir='ltr' id='par_1_47' title="bbox 710 3091 2222 3162">
     <span class='ocr_line' id='line_1_47' title="bbox 710 3091 2222 3162; baseline 0.001 -18"><span class='ocrx_word' id='word_1_298' title='bbox 710 3091 836 3145; x_wconf 69' lang='lat' dir='ltr'><strong>2i2.</strong></span> <span class='ocrx_word' id='word_1_299' title='bbox 870 3091 984 3145; x_wconf 85' lang='lat' dir='ltr'><strong>Hoc</strong></span> <span class='ocrx_word' id='word_1_300' title='bbox 1022 3092 1188 3161; x_wconf 83' lang='lat' dir='ltr'><strong>igitur</strong></span> <span class='ocrx_word' id='word_1_301' title='bbox 1212 3093 1390 3162; x_wconf 89' lang='lat' dir='ltr'><strong>ipsum</strong></span> <span class='ocrx_word' id='word_1_302' title='bbox 1424 3107 1546 3147; x_wconf 88' lang='lat' dir='ltr'><strong>esse</strong></span> <span class='ocrx_word' id='word_1_303' title='bbox 1598 3093 1933 3162; x_wconf 81' lang='lat' dir='ltr'><strong>intelligens,</strong></span> <span class='ocrx_word' id='word_1_304' title='bbox 1963 3107 2076 3162; x_wconf 92' lang='lat' dir='ltr'><strong>quo</strong></span> <span class='ocrx_word' id='word_1_305' title='bbox 2139 3092 2222 3146; x_wconf 90' lang='lat' dir='ltr'><strong>in-</strong></span> 
     </span>
    </p>
   </div>
   <div class='ocr_carea' id='block_1_48' title="bbox 643 3180 2224 3248">
    <p class='ocr_par' dir='ltr' id='par_1_48' title="bbox 643 3180 2224 3248">
     <span class='ocr_line' id='line_1_48' title="bbox 643 3180 2224 3248; baseline -0.001 -12"><span class='ocrx_word' id='word_1_306' title='bbox 643 3181 938 3236; x_wconf 85' lang='lat' dir='ltr'><strong>visibiliter</strong></span> <span class='ocrx_word' id='word_1_307' title='bbox 965 3197 995 3234; x_wconf 89' lang='lat' dir='ltr'><strong>a</strong></span> <span class='ocrx_word' id='word_1_308' title='bbox 1026 3181 1215 3235; x_wconf 87' lang='lat' dir='ltr'><strong>divino</strong></span> <span class='ocrx_word' id='word_1_309' title='bbox 1247 3180 1515 3236; x_wconf 77' lang='lat' dir='ltr'><strong>sacrificio</strong></span> <span class='ocrx_word' id='word_1_310' title='bbox 1575 3182 1892 3248; x_wconf 88' lang='lat' dir='ltr'><strong>arcebatur,</strong></span> <span class='ocrx_word' id='word_1_311' title='bbox 1957 3181 2224 3237; x_wconf 87' lang='lat' dir='ltr'><strong>velociter</strong></span> 
     </span>
    </p>
   </div>
   <div class='ocr_carea' id='block_1_49' title="bbox 643 3271 2228 3343">
    <p class='ocr_par' dir='ltr' id='par_1_49' title="bbox 643 3271 2228 3343">
     <span class='ocr_line' id='line_1_49' title="bbox 643 3271 2228 3343; baseline -0.001 -16"><span class='ocrx_word' id='word_1_312' title='bbox 643 3273 712 3327; x_wconf 89' lang='lat' dir='ltr'><strong>ad</strong></span> <span class='ocrx_word' id='word_1_313' title='bbox 742 3279 991 3326; x_wconf 88' lang='lat' dir='ltr'><strong>sanctum</strong></span> <span class='ocrx_word' id='word_1_314' title='bbox 1020 3272 1192 3336; x_wconf 84' lang='lat' dir='ltr'><strong>venit,</strong></span> <span class='ocrx_word' id='word_1_315' title='bbox 1237 3271 1506 3341; x_wconf 90' lang='lat' dir='ltr'><strong>petiitque</strong></span> <span class='ocrx_word' id='word_1_316' title='bbox 1540 3273 1758 3326; x_wconf 89' lang='lat' dir='ltr'><strong>ardenti</strong></span> <span class='ocrx_word' id='word_1_317' title='bbox 1806 3287 1971 3343; x_wconf 88' lang='lat' dir='ltr'><strong>prece</strong></span> <span class='ocrx_word' id='word_1_318' title='bbox 2003 3273 2228 3326; x_wconf 87' lang='lat' dir='ltr'><strong>veniam</strong></span> 
     </span>
    </p>
   </div>
   <div class='ocr_carea' id='block_1_50' title="bbox 645 3365 2219 3434">
    <p class='ocr_par' dir='ltr' id='par_1_50' title="bbox 645 3365 2219 3434">
     <span class='ocr_line' id='line_1_50' title="bbox 645 3365 2219 3434; baseline -0.001 -16"><span class='ocrx_word' id='word_1_319' title='bbox 645 3365 857 3420; x_wconf 84' lang='lat' dir='ltr'><strong>delicti.</strong></span> <span class='ocrx_word' id='word_1_320' title='bbox 886 3365 1110 3419; x_wconf 89' lang='lat' dir='ltr'><strong>Dicente</strong></span> <span class='ocrx_word' id='word_1_321' title='bbox 1132 3374 1315 3419; x_wconf 90' lang='lat' dir='ltr'><strong>autem</strong></span> <span class='ocrx_word' id='word_1_322' title='bbox 1347 3373 1568 3418; x_wconf 89' lang='lat' dir='ltr'><strong>sancto:</strong></span> <span class='ocrx_word' id='word_1_323' title='bbox 1613 3365 1729 3418; x_wconf 87' lang='lat' dir='ltr'><strong>Nisi</strong></span> <span class='ocrx_word' id='word_1_324' title='bbox 1765 3365 1918 3433; x_wconf 90' lang='lat' dir='ltr'><strong>prius</strong></span> <span class='ocrx_word' id='word_1_325' title='bbox 1931 3373 2219 3434; x_wconf 88' lang='lat' dir='ltr'><strong>peccatum</strong></span> 
     </span>
    </p>
   </div>
   <div class='ocr_carea' id='block_1_51' title="bbox 2321 2181 3817 2252">
    <p class='ocr_par' dir='ltr' id='par_1_51' title="bbox 2321 2181 3817 2252">
     <span class='ocr_line' id='line_1_51' title="bbox 2321 2181 3817 2252; baseline -0.002 -17"><span class='ocrx_word' id='word_1_326' title='bbox 2321 2183 2467 2252; x_wconf 89' lang='grc' dir='ltr'>γίαν,</span> <span class='ocrx_word' id='word_1_327' title='bbox 2497 2181 2610 2234; x_wconf 84' lang='grc' dir='ltr'>ἀλλ’</span> <span class='ocrx_word' id='word_1_328' title='bbox 2633 2182 2721 2234; x_wconf 80' lang='grc' dir='ltr'>ὅτε</span> <span class='ocrx_word' id='word_1_329' title='bbox 2763 2198 2818 2234; x_wconf 86' lang='grc' dir='ltr'><strong>τι</strong></span> <span class='ocrx_word' id='word_1_330' title='bbox 2859 2182 2952 2234; x_wconf 78' lang='grc' dir='ltr'>καὶ</span> <span class='ocrx_word' id='word_1_331' title='bbox 2977 2181 3187 2235; x_wconf 89' lang='grc' dir='ltr'>τοιοῦτο</span> <span class='ocrx_word' id='word_1_332' title='bbox 3204 2182 3400 2252; x_wconf 81' lang='grc' dir='ltr'>δράσαι</span> <span class='ocrx_word' id='word_1_333' title='bbox 3431 2182 3738 2252; x_wconf 81' lang='grc' dir='ltr'>πειράσαιτο,</span> <span class='ocrx_word' id='word_1_334' title='bbox 3759 2181 3817 2246; x_wconf 69' lang='grc' dir='ltr'>τήν</span> 
     </span>
    </p>
   </div>
   <div class='ocr_carea' id='block_1_52' title="bbox 2321 2269 3817 2340">
    <p class='ocr_par' dir='ltr' id='par_1_52' title="bbox 2321 2269 3817 2340">
     <span class='ocr_line' id='line_1_52' title="bbox 2321 2269 3817 2340; baseline -0.004 -16"><span class='ocrx_word' id='word_1_335' title='bbox 2321 2289 2380 2324; x_wconf 84' lang='grc' dir='ltr'><strong>τε</strong></span> <span class='ocrx_word' id='word_1_336' title='bbox 2419 2271 2592 2340; x_wconf 77' lang='grc' dir='ltr'>φρένα</span> <span class='ocrx_word' id='word_1_337' title='bbox 2619 2269 2711 2322; x_wconf 75' lang='grc' dir='ltr'>καὶ</span> <span class='ocrx_word' id='word_1_338' title='bbox 2743 2271 2841 2339; x_wconf 80' lang='grc' dir='ltr'>τὴν</span> <span class='ocrx_word' id='word_1_339' title='bbox 2879 2269 3060 2338; x_wconf 71' lang='grc' dir='ltr'>φωνὴν</span> <span class='ocrx_word' id='word_1_340' title='bbox 3091 2272 3456 2334; x_wconf 81' lang='grc' dir='ltr'>ἀλλοιοῦσθαι,</span> <span class='ocrx_word' id='word_1_341' title='bbox 3480 2273 3569 2324; x_wconf 70' lang='grc' dir='ltr'>καὶ</span> <span class='ocrx_word' id='word_1_342' title='bbox 3596 2269 3709 2340; x_wconf 77' lang='grc' dir='ltr'>πρὸς</span> <span class='ocrx_word' id='word_1_343' title='bbox 3742 2270 3817 2320; x_wconf 72' lang='grc' dir='ltr'><strong>αἰσ-</strong></span> 
     </span>
    </p>
   </div>
   <div class='ocr_carea' id='block_1_53' title="bbox 2324 2358 3820 2432">
    <p class='ocr_par' dir='ltr' id='par_1_53' title="bbox 2324 2358 3820 2432">
     <span class='ocr_line' id='line_1_53' title="bbox 2324 2358 3820 2432; baseline -0.003 -19"><span class='ocrx_word' id='word_1_344' title='bbox 2324 2362 2491 2432; x_wconf 87' lang='grc' dir='ltr'>χύνης</span> <span class='ocrx_word' id='word_1_345' title='bbox 2527 2359 2727 2430; x_wconf 82' lang='grc' dir='ltr'>μᾶλλον</span> <span class='ocrx_word' id='word_1_346' title='bbox 2763 2360 2942 2430; x_wconf 80' lang='grc' dir='ltr'>ἑαυτῷ</span> <span class='ocrx_word' id='word_1_347' title='bbox 2969 2361 3351 2414; x_wconf 83' lang='grc' dir='ltr'>καθίστασθαι.</span> <span class='ocrx_word' id='word_1_348' title='bbox 3391 2363 3565 2431; x_wconf 84' lang='grc' dir='ltr'>Ὅπερ</span> <span class='ocrx_word' id='word_1_349' title='bbox 3588 2361 3643 2414; x_wconf 89' lang='grc' dir='ltr'><strong>οὑ</strong></span> <span class='ocrx_word' id='word_1_350' title='bbox 3659 2358 3820 2428; x_wconf 66' lang='grc' dir='ltr'>φέροντα</span> 
     </span>
    </p>
   </div>
   <div class='ocr_carea' id='block_1_54' title="bbox 2322 2449 3818 2523">
    <p class='ocr_par' dir='ltr' id='par_1_54' title="bbox 2322 2449 3818 2523">
     <span class='ocr_line' id='line_1_54' title="bbox 2322 2449 3818 2523; baseline 0 -17"><span class='ocrx_word' id='word_1_351' title='bbox 2322 2453 2414 2506; x_wconf 83' lang='grc' dir='ltr'>τὸν</span> <span class='ocrx_word' id='word_1_352' title='bbox 2449 2452 2622 2523; x_wconf 80' lang='grc' dir='ltr'>ἱερέα,</span> <span class='ocrx_word' id='word_1_353' title='bbox 2653 2455 2765 2515; x_wconf 86' lang='grc' dir='ltr'>τοῖς</span> <span class='ocrx_word' id='word_1_354' title='bbox 2789 2470 2912 2504; x_wconf 89' lang='grc' dir='ltr'>τινα</span> <span class='ocrx_word' id='word_1_355' title='bbox 2946 2452 3039 2505; x_wconf 88' lang='grc' dir='ltr'><strong>τοῦ</strong></span> <span class='ocrx_word' id='word_1_356' title='bbox 3069 2452 3240 2506; x_wconf 87' lang='grc' dir='ltr'>κακοῦ</span> <span class='ocrx_word' id='word_1_357' title='bbox 3277 2453 3432 2507; x_wconf 79' lang='grc' dir='ltr'>λύσιν</span> <span class='ocrx_word' id='word_1_358' title='bbox 3454 2449 3818 2522; x_wconf 75' lang='grc' dir='ltr'>ὑπισχνουμένοις</span> 
     </span>
    </p>
   </div>
   <div class='ocr_carea' id='block_1_55' title="bbox 2323 2534 3817 2613">
    <p class='ocr_par' dir='ltr' id='par_1_55' title="bbox 2323 2534 3817 2613">
     <span class='ocr_line' id='line_1_55' title="bbox 2323 2534 3817 2613; baseline -0.007 -17"><span class='ocrx_word' id='word_1_359' title='bbox 2323 2543 2698 2613; x_wconf 75' lang='grc' dir='ltr'>ἐκδαπανῆσαι</span> <span class='ocrx_word' id='word_1_360' title='bbox 2753 2543 2848 2595; x_wconf 75' lang='grc' dir='ltr'>καὶ</span> <span class='ocrx_word' id='word_1_361' title='bbox 2876 2543 2972 2612; x_wconf 83' lang='grc' dir='ltr'>τὴν</span> <span class='ocrx_word' id='word_1_362' title='bbox 3000 2543 3205 2604; x_wconf 82' lang='grc' dir='ltr'>οὐσίαν,</span> <span class='ocrx_word' id='word_1_363' title='bbox 3240 2544 3346 2607; x_wconf 77' lang='grc' dir='ltr'>ἕως</span> <span class='ocrx_word' id='word_1_364' title='bbox 3365 2541 3615 2612; x_wconf 76' lang='grc' dir='ltr'>λογισμὸν</span> <span class='ocrx_word' id='word_1_365' title='bbox 3633 2543 3680 2592; x_wconf 80' lang='grc' dir='ltr'>ὲν</span> <span class='ocrx_word' id='word_1_366' title='bbox 3701 2534 3817 2600; x_wconf 74' lang='grc' dir='ltr'>ἑαυτῷ</span> 
     </span>
    </p>
   </div>
   <div class='ocr_carea' id='block_1_56' title="bbox 2323 2615 3901 2704">
    <p class='ocr_par' dir='ltr' id='par_1_56' title="bbox 2323 2615 3901 2704">
     <span class='ocr_line' id='line_1_56' title="bbox 2323 2615 3901 2704; baseline -0.004 -18"><span class='ocrx_word' id='word_1_367' title='bbox 2323 2633 2501 2687; x_wconf 81' lang='grc' dir='ltr'>πάντα</span> <span class='ocrx_word' id='word_1_368' title='bbox 2546 2633 2808 2703; x_wconf 82' lang='grc' dir='ltr'>κινήσας,</span> <span class='ocrx_word' id='word_1_369' title='bbox 2845 2633 3152 2686; x_wconf 81' lang='grc' dir='ltr'>τύπτουσαν</span> <span class='ocrx_word' id='word_1_370' title='bbox 3205 2634 3434 2703; x_wconf 83' lang='grc' dir='ltr'>εὕρισκε</span> <span class='ocrx_word' id='word_1_371' title='bbox 3461 2635 3554 2704; x_wconf 74' lang='grc' dir='ltr'>τὴν</span> <span class='ocrx_word' id='word_1_372' title='bbox 3575 2629 3813 2697; x_wconf 71' lang='grc' dir='ltr'>συνείδησιν,</span> <span class='ocrx_word' id='word_1_373' title='bbox 3900 2615 3901 2646; x_wconf 39' lang='grc' dir='ltr'><strong>ί</strong></span> 
     </span>
    </p>
   </div>
   <div class='ocr_carea' id='block_1_57' title="bbox 2323 2717 3816 2795">
    <p class='ocr_par' dir='ltr' id='par_1_57' title="bbox 2323 2717 3816 2795">
     <span class='ocr_line' id='line_1_57' title="bbox 2323 2717 3816 2795; baseline -0.005 -17"><span class='ocrx_word' id='word_1_374' title='bbox 2323 2719 2406 2788; x_wconf 78' lang='grc' dir='ltr'>οἷς</span> <span class='ocrx_word' id='word_1_375' title='bbox 2444 2724 2585 2777; x_wconf 80' lang='grc' dir='ltr'>κατὰ</span> <span class='ocrx_word' id='word_1_376' title='bbox 2608 2723 2702 2776; x_wconf 88' lang='grc' dir='ltr'><strong>τοῦ</strong></span> <span class='ocrx_word' id='word_1_377' title='bbox 2726 2724 2869 2778; x_wconf 81' lang='grc' dir='ltr'>θείου</span> <span class='ocrx_word' id='word_1_378' title='bbox 2897 2723 3120 2794; x_wconf 85' lang='grc' dir='ltr'>Συμεὼν</span> <span class='ocrx_word' id='word_1_379' title='bbox 3146 2723 3487 2795; x_wconf 83' lang='grc' dir='ltr'>πλημμελῶς</span> <span class='ocrx_word' id='word_1_380' title='bbox 3517 2723 3732 2780; x_wconf 81' lang='grc' dir='ltr'>πολλάκις</span> <span class='ocrx_word' id='word_1_381' title='bbox 3745 2717 3816 2787; x_wconf 65' lang='grc' dir='ltr'>ᾑδει</span> 
     </span>
    </p>
   </div>
   <div class='ocr_carea' id='block_1_58' title="bbox 2324 2806 3814 2886">
    <p class='ocr_par' dir='ltr' id='par_1_58' title="bbox 2324 2806 3814 2886">
     <span class='ocr_line' id='line_1_58' title="bbox 2324 2806 3814 2886; baseline -0.016 -2"><span class='ocrx_word' id='word_1_382' title='bbox 2324 2814 2713 2884; x_wconf 79' lang='grc' dir='ltr'>φθεγξάμενος.</span> <span class='ocrx_word' id='word_1_383' title='bbox 2769 2815 2862 2866; x_wconf 78' lang='grc' dir='ltr'>καὶ</span> <span class='ocrx_word' id='word_1_384' title='bbox 2895 2815 3041 2878; x_wconf 84' lang='grc' dir='ltr'>ὅπως</span> <span class='ocrx_word' id='word_1_385' title='bbox 3079 2816 3200 2869; x_wconf 82' lang='grc' dir='ltr'>οὑδὲ</span> <span class='ocrx_word' id='word_1_386' title='bbox 3229 2814 3571 2886; x_wconf 84' lang='grc' dir='ltr'>ἀναθέματος</span> <span class='ocrx_word' id='word_1_387' title='bbox 3611 2811 3686 2866; x_wconf 74' lang='grc' dir='ltr'><strong>ἐπ’</strong></span> <span class='ocrx_word' id='word_1_388' title='bbox 3709 2806 3814 2864; x_wconf 72' lang='grc' dir='ltr'>αὐτὸν</span> 
     </span>
    </p>
   </div>
   <div class='ocr_carea' id='block_1_59' title="bbox 2325 2905 3013 2975">
    <p class='ocr_par' dir='ltr' id='par_1_59' title="bbox 2325 2905 3013 2975">
     <span class='ocr_line' id='line_1_59' title="bbox 2325 2905 3013 2975; baseline 0.007 -18"><span class='ocrx_word' id='word_1_389' title='bbox 2325 2907 2568 2975; x_wconf 80' lang='grc' dir='ltr'>φείσαιτο</span> <span class='ocrx_word' id='word_1_390' title='bbox 2599 2905 2659 2958; x_wconf 83' lang='grc' dir='ltr'>τὸ</span> <span class='ocrx_word' id='word_1_391' title='bbox 2688 2905 3013 2962; x_wconf 84' lang='grc' dir='ltr'>δεινότατον.</span> 
     </span>
    </p>
   </div>
   <div class='ocr_carea' id='block_1_60' title="bbox 2397 3086 3901 3159">
    <p class='ocr_par' dir='ltr' id='par_1_60' title="bbox 2397 3086 3901 3159">
     <span class='ocr_line' id='line_1_60' title="bbox 2397 3086 3901 3159; baseline -0.004 -18"><span class='ocrx_word' id='word_1_392' title='bbox 2397 3087 2540 3159; x_wconf 83' lang='grc' dir='ltr'>σμβ’.</span> <span class='ocrx_word' id='word_1_393' title='bbox 2587 3086 2757 3141; x_wconf 88' lang='grc' dir='ltr'>Τοῦτο</span> <span class='ocrx_word' id='word_1_394' title='bbox 2801 3086 3092 3158; x_wconf 84' lang='grc' dir='ltr'>τοιγαροῦν</span> <span class='ocrx_word' id='word_1_395' title='bbox 3139 3087 3315 3140; x_wconf 75' lang='grc' dir='ltr'>ἐκεῖνο</span> <span class='ocrx_word' id='word_1_396' title='bbox 3371 3087 3512 3144; x_wconf 74' lang='grc' dir='ltr'>εῖναι</span> <span class='ocrx_word' id='word_1_397' title='bbox 3545 3087 3696 3150; x_wconf 75' lang='grc' dir='ltr'>συνεὶς</span> <span class='ocrx_word' id='word_1_398' title='bbox 3729 3086 3818 3152; x_wconf 74' lang='grc' dir='ltr'>ὅττρ</span> <span class='ocrx_word' id='word_1_399' title='bbox 3900 3087 3901 3123; x_wconf 63' lang='grc' dir='ltr'><strong>ι</strong></span> 
     </span>
    </p>
   </div>
   <div class='ocr_carea' id='block_1_61' title="bbox 2325 3179 3816 3252">
    <p class='ocr_par' dir='ltr' id='par_1_61' title="bbox 2325 3179 3816 3252">
     <span class='ocr_line' id='line_1_61' title="bbox 2325 3179 3816 3252; baseline 0.001 -17"><span class='ocrx_word' id='word_1_400' title='bbox 2325 3183 2488 3235; x_wconf 79' lang='grc' dir='ltr'>αὑτὸν</span> <span class='ocrx_word' id='word_1_401' title='bbox 2537 3181 2637 3250; x_wconf 77' lang='grc' dir='ltr'>τῆς</span> <span class='ocrx_word' id='word_1_402' title='bbox 2692 3180 2844 3242; x_wconf 87' lang='grc' dir='ltr'>θείας</span> <span class='ocrx_word' id='word_1_403' title='bbox 2913 3179 3160 3242; x_wconf 85' lang='grc' dir='ltr'>ὰθεάτως</span> <span class='ocrx_word' id='word_1_404' title='bbox 3208 3180 3553 3252; x_wconf 78' lang='grc' dir='ltr'>λειτουργίας</span> <span class='ocrx_word' id='word_1_405' title='bbox 3595 3179 3816 3248; x_wconf 67' lang='grc' dir='ltr'>ἀπείργοι.</span> 
     </span>
    </p>
   </div>
   <div class='ocr_carea' id='block_1_62' title="bbox 2326 3268 3818 3343">
    <p class='ocr_par' dir='ltr' id='par_1_62' title="bbox 2326 3268 3818 3343">
     <span class='ocr_line' id='line_1_62' title="bbox 2326 3268 3818 3343; baseline -0.004 -19"><span class='ocrx_word' id='word_1_406' title='bbox 2326 3272 2529 3342; x_wconf 78' lang='grc' dir='ltr'>σπουδῇ</span> <span class='ocrx_word' id='word_1_407' title='bbox 2563 3272 2693 3342; x_wconf 85' lang='grc' dir='ltr'>παρ’</span> <span class='ocrx_word' id='word_1_408' title='bbox 2738 3269 2901 3323; x_wconf 80' lang='grc' dir='ltr'>αὑτὸν</span> <span class='ocrx_word' id='word_1_409' title='bbox 2944 3268 3206 3334; x_wconf 78' lang='grc' dir='ltr'>ἀνελθὼν,</span> <span class='ocrx_word' id='word_1_410' title='bbox 3246 3274 3588 3343; x_wconf 81' lang='grc' dir='ltr'>συγχώρησιν</span> <span class='ocrx_word' id='word_1_411' title='bbox 3612 3270 3708 3341; x_wconf 72' lang='grc' dir='ltr'>ᾔτει</span> <span class='ocrx_word' id='word_1_412' title='bbox 3739 3268 3818 3334; x_wconf 73' lang='lat' dir='ltr'><strong>Osp-</strong></span> 
     </span>
    </p>
   </div>
   <div class='ocr_carea' id='block_1_63' title="bbox 2329 3361 3818 3436">
    <p class='ocr_par' dir='ltr' id='par_1_63' title="bbox 2329 3361 3818 3436">
     <span class='ocr_line' id='line_1_63' title="bbox 2329 3361 3818 3436; baseline -0.001 -19"><span class='ocrx_word' id='word_1_413' title='bbox 2329 3365 2463 3436; x_wconf 84' lang='grc' dir='ltr'><strong>μῶς.</strong></span> <span class='ocrx_word' id='word_1_414' title='bbox 2492 3364 2598 3418; x_wconf 89' lang='grc' dir='ltr'>Τοῦ</span> <span class='ocrx_word' id='word_1_415' title='bbox 2627 3365 2704 3429; x_wconf 83' lang='grc' dir='ltr'>δὲ,</span> <span class='ocrx_word' id='word_1_416' title='bbox 2740 3366 2800 3416; x_wconf 75' lang='lat' dir='ltr'><strong>Et</strong></span> <span class='ocrx_word' id='word_1_417' title='bbox 2832 3364 2908 3436; x_wconf 80' lang='grc' dir='ltr'>μὴ</span> <span class='ocrx_word' id='word_1_418' title='bbox 2924 3365 3020 3434; x_wconf 84' lang='grc' dir='ltr'>τὴν</span> <span class='ocrx_word' id='word_1_419' title='bbox 3039 3365 3311 3436; x_wconf 83' lang='grc' dir='ltr'>ἁμαρτίαν</span> <span class='ocrx_word' id='word_1_420' title='bbox 3330 3383 3428 3419; x_wconf 92' lang='grc' dir='ltr'><strong>σου</strong></span> <span class='ocrx_word' id='word_1_421' title='bbox 3448 3367 3680 3435; x_wconf 82' lang='grc' dir='ltr'>πρότερον</span> <span class='ocrx_word' id='word_1_422' title='bbox 3692 3361 3818 3428; x_wconf 73' lang='grc' dir='ltr'>ἐξαγο-</span> 
     </span>
    </p>
   </div>
   <div class='ocr_carea' id='block_1_64' title="bbox 650 3435 2223 3527">
    <p class='ocr_par' dir='ltr' id='par_1_64' title="bbox 650 3455 2222 3527">
     <span class='ocr_line' id='line_1_64' title="bbox 650 3455 2222 3527; baseline -0.003 -15"><span class='ocrx_word' id='word_1_423' title='bbox 650 3465 807 3512; x_wconf 88' lang='lat' dir='ltr'><strong>tuum</strong></span> <span class='ocrx_word' id='word_1_424' title='bbox 831 3457 1177 3512; x_wconf 79' lang='lat' dir='ltr'><strong>confessione</strong></span> <span class='ocrx_word' id='word_1_425' title='bbox 1206 3457 1540 3525; x_wconf 79' lang='lat' dir='ltr'><strong>expiaveris,</strong></span> <span class='ocrx_word' id='word_1_426' title='bbox 1571 3460 1709 3527; x_wconf 71' lang='lat' dir='ltr'><strong>&#39;quaa</strong></span> <span class='ocrx_word' id='word_1_427' title='bbox 1749 3456 1849 3510; x_wconf 90' lang='lat' dir='ltr'><strong>tibi</strong></span> <span class='ocrx_word' id='word_1_428' title='bbox 1881 3457 2079 3511; x_wconf 87' lang='lat' dir='ltr'><strong>venia?</strong></span> <span class='ocrx_word' id='word_1_429' title='bbox 2125 3455 2222 3509; x_wconf 84' lang='lat' dir='ltr'><strong>ali—</strong></span> 
     </span>
    </p>
   </div>
   <div class='ocr_carea' id='block_1_65' title="bbox 2360 3435 3816 3527">
    <p class='ocr_par' dir='ltr' id='par_1_65' title="bbox 2362 3453 3816 3527">
     <span class='ocr_line' id='line_1_65' title="bbox 2362 3453 3816 3527; baseline -0.003 -19"><span class='ocrx_word' id='word_1_430' title='bbox 2362 3455 2561 3520; x_wconf 85' lang='grc' dir='ltr'>εὑσεις,</span> <span class='ocrx_word' id='word_1_431' title='bbox 2597 3457 2876 3522; x_wconf 77' lang='grc' dir='ltr'>εἰπόντος,</span> <span class='ocrx_word' id='word_1_432' title='bbox 2922 3458 3051 3511; x_wconf 92' lang='grc' dir='ltr'>ποία</span> <span class='ocrx_word' id='word_1_433' title='bbox 3098 3458 3284 3509; x_wconf 74' lang='grc' dir='ltr'>λοιπὸν</span> <span class='ocrx_word' id='word_1_434' title='bbox 3343 3457 3668 3527; x_wconf 80' lang='grc' dir='ltr'>συγχώρησις</span> <span class='ocrx_word' id='word_1_435' title='bbox 3715 3453 3816 3504; x_wconf 66' lang='grc' dir='ltr'>ἐπει</span> 
     </span>
    </p>
   </div>
   <div class='ocr_carea' id='block_1_66' title="bbox 647 3546 2224 3619">
    <p class='ocr_par' dir='ltr' id='par_1_66' title="bbox 647 3546 2224 3619">
     <span class='ocr_line' id='line_1_66' title="bbox 647 3546 2224 3619; baseline -0.003 -17"><span class='ocrx_word' id='word_1_436' title='bbox 647 3558 855 3619; x_wconf 86' lang='lat' dir='ltr'><strong>quanto</strong></span> <span class='ocrx_word' id='word_1_437' title='bbox 880 3557 1125 3616; x_wconf 88' lang='lat' dir='ltr'><strong>tempore</strong></span> <span class='ocrx_word' id='word_1_438' title='bbox 1165 3547 1421 3601; x_wconf 87' lang='lat' dir='ltr'><strong>absurdis</strong></span> <span class='ocrx_word' id='word_1_439' title='bbox 1449 3546 2050 3616; x_wconf 89' lang='lat' dir='ltr'><strong>atqueimpudentibus</strong></span> <span class='ocrx_word' id='word_1_440' title='bbox 2100 3559 2224 3598; x_wconf 83' lang='lat' dir='ltr'><strong>ver—</strong></span> 
     </span>
    </p>
   </div>
   <div class='ocr_carea' id='block_1_67' title="bbox 647 3638 2224 3707">
    <p class='ocr_par' dir='ltr' id='par_1_67' title="bbox 647 3638 2224 3707">
     <span class='ocr_line' id='line_1_67' title="bbox 647 3638 2224 3707; baseline -0.001 -15"><span class='ocrx_word' id='word_1_441' title='bbox 647 3639 736 3692; x_wconf 88' lang='lat' dir='ltr'><strong>bis</strong></span> <span class='ocrx_word' id='word_1_442' title='bbox 764 3653 820 3692; x_wconf 91' lang='lat' dir='ltr'><strong>se</strong></span> <span class='ocrx_word' id='word_1_443' title='bbox 854 3638 1199 3707; x_wconf 88' lang='lat' dir='ltr'><strong>temperavit.</strong></span> <span class='ocrx_word' id='word_1_444' title='bbox 1224 3638 1434 3693; x_wconf 88' lang='lat' dir='ltr'><strong>Deinde</strong></span> <span class='ocrx_word' id='word_1_445' title='bbox 1476 3654 1602 3693; x_wconf 91' lang='lat' dir='ltr'><strong>cum</strong></span> <span class='ocrx_word' id='word_1_446' title='bbox 1663 3638 1842 3704; x_wconf 92' lang='lat' dir='ltr'><strong>dolor,</strong></span> <span class='ocrx_word' id='word_1_447' title='bbox 1869 3653 2032 3707; x_wconf 91' lang='lat' dir='ltr'><strong>quem</strong></span> <span class='ocrx_word' id='word_1_448' title='bbox 2083 3652 2224 3707; x_wconf 67' lang='lat' dir='ltr'><strong>prae-</strong></span> 
     </span>
    </p>
   </div>
   <div class='ocr_carea' id='block_1_68' title="bbox 650 3726 2227 3796">
    <p class='ocr_par' dir='ltr' id='par_1_68' title="bbox 650 3726 2227 3796">
     <span class='ocr_line' id='line_1_68' title="bbox 650 3726 2227 3796; baseline 0.003 -18"><span class='ocrx_word' id='word_1_449' title='bbox 650 3733 734 3778; x_wconf 86' lang='lat' dir='ltr'><strong>ter</strong></span> <span class='ocrx_word' id='word_1_450' title='bbox 768 3726 1015 3779; x_wconf 89' lang='lat' dir='ltr'><strong>morbum</strong></span> <span class='ocrx_word' id='word_1_451' title='bbox 1040 3727 1354 3796; x_wconf 86' lang='lat' dir='ltr'><strong>patiebatur</strong></span> <span class='ocrx_word' id='word_1_452' title='bbox 1407 3742 1474 3781; x_wconf 91' lang='lat' dir='ltr'><strong>eo</strong></span> <span class='ocrx_word' id='word_1_453' title='bbox 1523 3728 1671 3796; x_wconf 87' lang='lat' dir='ltr'><strong>quod</strong></span> <span class='ocrx_word' id='word_1_454' title='bbox 1728 3731 1901 3784; x_wconf 85' lang='lat' dir='ltr'><strong>sacris</strong></span> <span class='ocrx_word' id='word_1_455' title='bbox 1956 3727 2227 3782; x_wconf 85' lang='lat' dir='ltr'><strong>altaribus</strong></span> 
     </span>
    </p>
   </div>
   <div class='ocr_carea' id='block_1_69' title="bbox 649 3814 2224 3888">
    <p class='ocr_par' dir='ltr' id='par_1_69' title="bbox 649 3814 2224 3888">
     <span class='ocr_line' id='line_1_69' title="bbox 649 3814 2224 3888; baseline 0.004 -22"><span class='ocrx_word' id='word_1_456' title='bbox 649 3814 1059 3884; x_wconf 87' lang='lat' dir='ltr'><strong>prohiberetur,</strong></span> <span class='ocrx_word' id='word_1_457' title='bbox 1091 3817 1459 3882; x_wconf 60' lang='lat' dir='ltr'><strong>verecundia,</strong></span> <span class='ocrx_word' id='word_1_458' title='bbox 1493 3825 1552 3872; x_wconf 90' lang='lat' dir='ltr'><strong>ut</strong></span> <span class='ocrx_word' id='word_1_459' title='bbox 1598 3834 1698 3888; x_wconf 87' lang='lat' dir='ltr'><strong>par</strong></span> <span class='ocrx_word' id='word_1_460' title='bbox 1737 3827 1876 3883; x_wconf 90' lang='lat' dir='ltr'><strong>erat,</strong></span> <span class='ocrx_word' id='word_1_461' title='bbox 1904 3819 2224 3887; x_wconf 68' lang='lat' dir='ltr'><strong>praevaluis-</strong></span> 
     </span>
    </p>
   </div>
   <div class='ocr_carea' id='block_1_70' title="bbox 654 3905 2228 3978">
    <p class='ocr_par' dir='ltr' id='par_1_70' title="bbox 654 3905 2228 3978">
     <span class='ocr_line' id='line_1_70' title="bbox 654 3905 2228 3978; baseline 0.003 -21"><span class='ocrx_word' id='word_1_462' title='bbox 654 3913 739 3958; x_wconf 89' lang='lat' dir='ltr'><strong>set</strong></span> <span class='ocrx_word' id='word_1_463' title='bbox 769 3905 1081 3973; x_wconf 84' lang='lat' dir='ltr'><strong>(consuevit</strong></span> <span class='ocrx_word' id='word_1_464' title='bbox 1112 3922 1350 3975; x_wconf 83' lang='lat' dir='ltr'><strong>namque</strong></span> <span class='ocrx_word' id='word_1_465' title='bbox 1405 3907 1458 3961; x_wconf 90' lang='lat' dir='ltr'><strong>id</strong></span> <span class='ocrx_word' id='word_1_466' title='bbox 1492 3909 1641 3977; x_wconf 90' lang='lat' dir='ltr'><strong>quod</strong></span> <span class='ocrx_word' id='word_1_467' title='bbox 1691 3908 1965 3963; x_wconf 73' lang='lat' dir='ltr'><strong>infirmius</strong></span> <span class='ocrx_word' id='word_1_468' title='bbox 1994 3917 2080 3963; x_wconf 86' lang='lat' dir='ltr'><strong>est</strong></span> <span class='ocrx_word' id='word_1_469' title='bbox 2129 3923 2228 3978; x_wconf 90' lang='lat' dir='ltr'><strong>per</strong></span> 
     </span>
    </p>
   </div>
   <div class='ocr_carea' id='block_1_71' title="bbox 652 3993 2227 4069">
    <p class='ocr_par' dir='ltr' id='par_1_71' title="bbox 652 3993 2227 4069">
     <span class='ocr_line' id='line_1_71' title="bbox 652 3993 2227 4069; baseline 0.004 -23"><span class='ocrx_word' id='word_1_470' title='bbox 652 3993 855 4049; x_wconf 81' lang='lat' dir='ltr'><strong>fortius</strong></span> <span class='ocrx_word' id='word_1_471' title='bbox 877 3995 1101 4065; x_wconf 86' lang='lat' dir='ltr'><strong>expelli,</strong></span> <span class='ocrx_word' id='word_1_472' title='bbox 1126 4006 1181 4049; x_wconf 90' lang='lat' dir='ltr'><strong>et</strong></span> <span class='ocrx_word' id='word_1_473' title='bbox 1209 3996 1520 4052; x_wconf 90' lang='lat' dir='ltr'><strong>debellatus</strong></span> <span class='ocrx_word' id='word_1_474' title='bbox 1543 3998 1773 4053; x_wconf 77' lang='lat' dir='ltr'><strong>alIectus</strong></span> <span class='ocrx_word' id='word_1_475' title='bbox 1797 3999 1994 4054; x_wconf 89' lang='lat' dir='ltr'><strong>cedere</strong></span> <span class='ocrx_word' id='word_1_476' title='bbox 2028 4008 2227 4069; x_wconf 86' lang='lat' dir='ltr'><strong>poten-</strong></span> 
     </span>
    </p>
   </div>
   <div class='ocr_carea' id='block_1_72' title="bbox 652 4085 2229 4163">
    <p class='ocr_par' dir='ltr' id='par_1_72' title="bbox 652 4085 2229 4163">
     <span class='ocr_line' id='line_1_72' title="bbox 652 4085 2229 4163; baseline 0.004 -26"><span class='ocrx_word' id='word_1_477' title='bbox 652 4085 804 4154; x_wconf 85' lang='lat' dir='ltr'><strong>tiori)</strong></span> <span class='ocrx_word' id='word_1_478' title='bbox 861 4087 1034 4154; x_wconf 89' lang='lat' dir='ltr'><strong>palam</strong></span> <span class='ocrx_word' id='word_1_479' title='bbox 1090 4103 1187 4141; x_wconf 85' lang='lat' dir='ltr'><strong>sua</strong></span> <span class='ocrx_word' id='word_1_480' title='bbox 1251 4090 1497 4142; x_wconf 87' lang='lat' dir='ltr'><strong>narravit</strong></span> <span class='ocrx_word' id='word_1_481' title='bbox 1552 4090 1766 4154; x_wconf 88' lang='lat' dir='ltr'><strong>omnia;</strong></span> <span class='ocrx_word' id='word_1_482' title='bbox 1809 4106 1984 4163; x_wconf 38' lang='lat' dir='ltr'><strong>quam.</strong></span> <span class='ocrx_word' id='word_1_483' title='bbox 2019 4090 2229 4143; x_wconf 78' lang='lat' dir='ltr'><strong>nefaria</strong></span> 
     </span>
    </p>
   </div>
   <div class='ocr_carea' id='block_1_73' title="bbox 655 4175 2230 4250">
    <p class='ocr_par' dir='ltr' id='par_1_73' title="bbox 655 4175 2230 4250">
     <span class='ocr_line' id='line_1_73' title="bbox 655 4175 2230 4250; baseline 0.003 -21"><span class='ocrx_word' id='word_1_484' title='bbox 655 4175 853 4230; x_wconf 83' lang='lat' dir='ltr'><strong>crebro</strong></span> <span class='ocrx_word' id='word_1_485' title='bbox 888 4177 941 4231; x_wconf 94' lang='lat' dir='ltr'><strong>in</strong></span> <span class='ocrx_word' id='word_1_486' title='bbox 970 4189 1219 4233; x_wconf 89' lang='lat' dir='ltr'><strong>sanctum</strong></span> <span class='ocrx_word' id='word_1_487' title='bbox 1248 4180 1588 4249; x_wconf 86' lang='lat' dir='ltr'><strong>garrivisset,</strong></span> <span class='ocrx_word' id='word_1_488' title='bbox 1623 4180 1884 4250; x_wconf 90' lang='lat' dir='ltr'><strong>quodque</strong></span> <span class='ocrx_word' id='word_1_489' title='bbox 1929 4197 2038 4234; x_wconf 94' lang='lat' dir='ltr'><strong>non</strong></span> <span class='ocrx_word' id='word_1_490' title='bbox 2060 4181 2230 4234; x_wconf 80' lang='lat' dir='ltr'><strong>absti-</strong></span> 
     </span>
    </p>
   </div>
   <div class='ocr_carea' id='block_1_74' title="bbox 655 4267 2230 4342">
    <p class='ocr_par' dir='ltr' id='par_1_74' title="bbox 655 4267 2230 4342">
     <span class='ocr_line' id='line_1_74' title="bbox 655 4267 2230 4342; baseline 0.003 -20"><span class='ocrx_word' id='word_1_491' title='bbox 655 4267 866 4322; x_wconf 90' lang='lat' dir='ltr'><strong>nuisset</strong></span> <span class='ocrx_word' id='word_1_492' title='bbox 888 4270 1262 4336; x_wconf 84' lang='lat' dir='ltr'><strong>anathemate,</strong></span> <span class='ocrx_word' id='word_1_493' title='bbox 1291 4272 1387 4325; x_wconf 91' lang='lat' dir='ltr'><strong>sed</strong></span> <span class='ocrx_word' id='word_1_494' title='bbox 1425 4272 1501 4326; x_wconf 90' lang='lat' dir='ltr'><strong>illi</strong></span> <span class='ocrx_word' id='word_1_495' title='bbox 1534 4273 1712 4342; x_wconf 88' lang='lat' dir='ltr'><strong>ipsum</strong></span> <span class='ocrx_word' id='word_1_496' title='bbox 1742 4289 1932 4328; x_wconf 91' lang='lat' dir='ltr'><strong>amens</strong></span> <span class='ocrx_word' id='word_1_497' title='bbox 1967 4272 2230 4342; x_wconf 70' lang='lat' dir='ltr'><strong>subiecis-</strong></span> 
     </span>
    </p>
   </div>
   <div class='ocr_carea' id='block_1_75' title="bbox 655 4359 2229 4432">
    <p class='ocr_par' dir='ltr' id='par_1_75' title="bbox 655 4359 2229 4432">
     <span class='ocr_line' id='line_1_75' title="bbox 655 4359 2229 4432; baseline 0.003 -21"><span class='ocrx_word' id='word_1_498' title='bbox 655 4367 762 4412; x_wconf 87' lang='lat' dir='ltr'><strong>set.</strong></span> <span class='ocrx_word' id='word_1_499' title='bbox 797 4359 936 4413; x_wconf 90' lang='lat' dir='ltr'><strong>Tum</strong></span> <span class='ocrx_word' id='word_1_500' title='bbox 974 4370 1220 4426; x_wconf 84' lang='lat' dir='ltr'><strong>sanctus,</strong></span> <span class='ocrx_word' id='word_1_501' title='bbox 1267 4371 1415 4416; x_wconf 87' lang='lat' dir='ltr'><strong>totus</strong></span> <span class='ocrx_word' id='word_1_502' title='bbox 1465 4363 1758 4432; x_wconf 87' lang='lat' dir='ltr'><strong>benignus.</strong></span> <span class='ocrx_word' id='word_1_503' title='bbox 1818 4373 1969 4418; x_wconf 81' lang='lat' dir='ltr'><strong>totus</strong></span> <span class='ocrx_word' id='word_1_504' title='bbox 2009 4363 2229 4418; x_wconf 83' lang='lat' dir='ltr'><strong>miseri-</strong></span> 
     </span>
    </p>
   </div>
   <div class='ocr_carea' id='block_1_76' title="bbox 653 4450 2230 4520">
    <p class='ocr_par' dir='ltr' id='par_1_76' title="bbox 653 4450 2230 4520">
     <span class='ocr_line' id='line_1_76' title="bbox 653 4450 2230 4520; baseline 0.002 -19"><span class='ocrx_word' id='word_1_505' title='bbox 653 4463 800 4511; x_wconf 91' lang='lat' dir='ltr'><strong>cors,</strong></span> <span class='ocrx_word' id='word_1_506' title='bbox 835 4457 986 4502; x_wconf 89' lang='lat' dir='ltr'><strong>totus</strong></span> <span class='ocrx_word' id='word_1_507' title='bbox 1011 4451 1378 4518; x_wconf 84' lang='lat' dir='ltr'><strong>compatiens,</strong></span> <span class='ocrx_word' id='word_1_508' title='bbox 1410 4451 1676 4520; x_wconf 88' lang='lat' dir='ltr'><strong>unigeniti</strong></span> <span class='ocrx_word' id='word_1_509' title='bbox 1708 4452 1830 4505; x_wconf 89' lang='lat' dir='ltr'><strong>Filii</strong></span> <span class='ocrx_word' id='word_1_510' title='bbox 1869 4451 1964 4505; x_wconf 90' lang='lat' dir='ltr'><strong>Dei</strong></span> <span class='ocrx_word' id='word_1_511' title='bbox 2003 4450 2230 4505; x_wconf 78' lang='lat' dir='ltr'><strong>eorumi-</strong></span> 
     </span>
    </p>
   </div>
   <div class='ocr_carea' id='block_1_77' title="bbox 653 4537 2227 4610">
    <p class='ocr_par' dir='ltr' id='par_1_77' title="bbox 653 4537 2227 4610">
     <span class='ocr_line' id='line_1_77' title="bbox 653 4537 2227 4610; baseline 0.002 -20"><span class='ocrx_word' id='word_1_512' title='bbox 653 4537 988 4592; x_wconf 88' lang='lat' dir='ltr'><strong>scrationem</strong></span> <span class='ocrx_word' id='word_1_513' title='bbox 1021 4547 1075 4592; x_wconf 90' lang='lat' dir='ltr'><strong>et</strong></span> <span class='ocrx_word' id='word_1_514' title='bbox 1102 4540 1484 4596; x_wconf 76' lang='lat' dir='ltr'><strong>inexliaustam</strong></span> <span class='ocrx_word' id='word_1_515' title='bbox 1543 4541 1846 4595; x_wconf 83' lang='lat' dir='ltr'><strong>bonitatem</strong></span> <span class='ocrx_word' id='word_1_516' title='bbox 1907 4541 2227 4610; x_wconf 86' lang='lat' dir='ltr'><strong>implorans,</strong></span> 
     </span>
    </p>
   </div>
   <div class='ocr_carea' id='block_1_78' title="bbox 653 4624 2230 4702">
    <p class='ocr_par' dir='ltr' id='par_1_78' title="bbox 653 4624 2230 4702">
     <span class='ocr_line' id='line_1_78' title="bbox 653 4624 2230 4702; baseline 0.004 -23"><span class='ocrx_word' id='word_1_517' title='bbox 653 4624 922 4694; x_wconf 88' lang='lat' dir='ltr'><strong>impresso</strong></span> <span class='ocrx_word' id='word_1_518' title='bbox 983 4627 1256 4682; x_wconf 81' lang='lat' dir='ltr'><strong>sacerdoti</strong></span> <span class='ocrx_word' id='word_1_519' title='bbox 1317 4641 1682 4684; x_wconf 72' lang='lat' dir='ltr'><strong>sacrosanctae</strong></span> <span class='ocrx_word' id='word_1_520' title='bbox 1721 4630 1902 4685; x_wconf 91' lang='lat' dir='ltr'><strong>crucis</strong></span> <span class='ocrx_word' id='word_1_521' title='bbox 1948 4632 2135 4702; x_wconf 85' lang='lat' dir='ltr'><strong>signo:</strong></span> <span class='ocrx_word' id='word_1_522' title='bbox 2173 4631 2230 4685; x_wconf 94' lang='lat' dir='ltr'><strong>In</strong></span> 
     </span>
    </p>
   </div>
   <div class='ocr_carea' id='block_1_79' title="bbox 2331 3535 3814 3617">
    <p class='ocr_par' dir='ltr' id='par_1_79' title="bbox 2331 3535 3814 3617">
     <span class='ocr_line' id='line_1_79' title="bbox 2331 3535 3814 3617; baseline -0.005 -17"><span class='ocrx_word' id='word_1_523' title='bbox 2331 3565 2444 3616; x_wconf 87' lang='grc' dir='ltr'>σοι;</span> <span class='ocrx_word' id='word_1_524' title='bbox 2475 3549 2656 3617; x_wconf 75' lang='grc' dir='ltr'>ἐπεῖχε</span> <span class='ocrx_word' id='word_1_525' title='bbox 2676 3549 2835 3616; x_wconf 84' lang='grc' dir='ltr'>μέχρι</span> <span class='ocrx_word' id='word_1_526' title='bbox 2853 3548 2995 3610; x_wconf 75' lang='grc' dir='ltr'>τινὸς</span> <span class='ocrx_word' id='word_1_527' title='bbox 3014 3548 3117 3600; x_wconf 82' lang='grc' dir='ltr'>ὑπὸ</span> <span class='ocrx_word' id='word_1_528' title='bbox 3129 3548 3225 3616; x_wconf 82' lang='grc' dir='ltr'>τῆς</span> <span class='ocrx_word' id='word_1_529' title='bbox 3244 3547 3506 3617; x_wconf 86' lang='grc' dir='ltr'>αίσχὺνης</span> <span class='ocrx_word' id='word_1_530' title='bbox 3522 3549 3710 3606; x_wconf 76' lang='grc' dir='ltr'>ἐκεῖνος.</span> <span class='ocrx_word' id='word_1_531' title='bbox 3729 3535 3814 3594; x_wconf 71' lang='grc' dir='ltr'>Εἶτα</span> 
     </span>
    </p>
   </div>
   <div class='ocr_carea' id='block_1_80' title="bbox 2328 3635 3818 3711">
    <p class='ocr_par' dir='ltr' id='par_1_80' title="bbox 2328 3635 3818 3711">
     <span class='ocr_line' id='line_1_80' title="bbox 2328 3635 3818 3711; baseline -0.005 -18"><span class='ocrx_word' id='word_1_532' title='bbox 2328 3643 2423 3708; x_wconf 79' lang='grc' dir='ltr'>τῆς</span> <span class='ocrx_word' id='word_1_533' title='bbox 2441 3640 2530 3692; x_wconf 76' lang='grc' dir='ltr'><strong>ὲπὶ</strong></span> <span class='ocrx_word' id='word_1_534' title='bbox 2557 3639 2634 3709; x_wconf 83' lang='grc' dir='ltr'><strong>τῷ</strong></span> <span class='ocrx_word' id='word_1_535' title='bbox 2663 3639 2823 3693; x_wconf 80' lang='grc' dir='ltr'>πάθει</span> <span class='ocrx_word' id='word_1_536' title='bbox 2853 3639 3027 3708; x_wconf 85' lang='grc' dir='ltr'>λύπης</span> <span class='ocrx_word' id='word_1_537' title='bbox 3068 3639 3096 3692; x_wconf 80' lang='grc' dir='ltr'><strong>ὃ</strong></span> <span class='ocrx_word' id='word_1_538' title='bbox 3131 3641 3356 3710; x_wconf 75' lang='grc' dir='ltr'>πάσχων</span> <span class='ocrx_word' id='word_1_539' title='bbox 3381 3635 3452 3711; x_wconf 77' lang='grc' dir='ltr'>ἦν</span> <span class='ocrx_word' id='word_1_540' title='bbox 3476 3640 3560 3693; x_wconf 73' lang='grc' dir='ltr'><strong>ἐπὶ</strong></span> <span class='ocrx_word' id='word_1_541' title='bbox 3581 3641 3636 3707; x_wconf 74' lang='grc' dir='ltr'>τῇ</span> <span class='ocrx_word' id='word_1_542' title='bbox 3654 3635 3742 3688; x_wconf 80' lang='grc' dir='ltr'>θεία</span> <span class='ocrx_word' id='word_1_543' title='bbox 3755 3647 3818 3700; x_wconf 71' lang='grc' dir='ltr'><strong>μυ-</strong></span> 
     </span>
    </p>
   </div>
   <div class='ocr_carea' id='block_1_81' title="bbox 2331 3723 3817 3802">
    <p class='ocr_par' dir='ltr' id='par_1_81' title="bbox 2331 3723 3817 3802">
     <span class='ocr_line' id='line_1_81' title="bbox 2331 3723 3817 3802; baseline -0.003 -18"><span class='ocrx_word' id='word_1_544' title='bbox 2331 3731 2631 3801; x_wconf 80' lang='grc' dir='ltr'>σταγωγίᾳ,</span> <span class='ocrx_word' id='word_1_545' title='bbox 2679 3729 2778 3800; x_wconf 81' lang='grc' dir='ltr'>τὴν</span> <span class='ocrx_word' id='word_1_546' title='bbox 2808 3730 3070 3800; x_wconf 71' lang='grc' dir='ltr'>αἰσχύνην</span> <span class='ocrx_word' id='word_1_547' title='bbox 3114 3731 3208 3798; x_wconf 82' lang='grc' dir='ltr'><strong>(ὡς</strong></span> <span class='ocrx_word' id='word_1_548' title='bbox 3253 3723 3817 3802; x_wconf 75' lang='grc' dir='ltr'>είκὸς)διακρουσαμένης</span> 
     </span>
    </p>
   </div>
   <div class='ocr_carea' id='block_1_82' title="bbox 2335 3810 3818 3894">
    <p class='ocr_par' dir='ltr' id='par_1_82' title="bbox 2335 3810 3818 3894">
     <span class='ocr_line' id='line_1_82' title="bbox 2335 3810 3818 3894; baseline -0.006 -20"><span class='ocrx_word' id='word_1_549' title='bbox 2335 3821 2478 3894; x_wconf 78' lang='grc' dir='ltr'>(ἐπεὶ</span> <span class='ocrx_word' id='word_1_550' title='bbox 2500 3823 2594 3874; x_wconf 80' lang='grc' dir='ltr'>καὶ</span> <span class='ocrx_word' id='word_1_551' title='bbox 2621 3821 2829 3890; x_wconf 79' lang='grc' dir='ltr'>πέφυκε</span> <span class='ocrx_word' id='word_1_552' title='bbox 2848 3822 2923 3891; x_wconf 81' lang='grc' dir='ltr'>τῷ</span> <span class='ocrx_word' id='word_1_553' title='bbox 2945 3821 3150 3891; x_wconf 83' lang='grc' dir='ltr'>μείζονι</span> <span class='ocrx_word' id='word_1_554' title='bbox 3169 3821 3227 3874; x_wconf 83' lang='grc' dir='ltr'>τὸ</span> <span class='ocrx_word' id='word_1_555' title='bbox 3245 3817 3412 3894; x_wconf 84' lang='grc' dir='ltr'>ἦττον</span> <span class='ocrx_word' id='word_1_556' title='bbox 3429 3810 3818 3892; x_wconf 68' lang='grc' dir='ltr'>ὲκκρούεσθαι,κιὶ</span> 
     </span>
    </p>
   </div>
   <div class='ocr_carea' id='block_1_83' title="bbox 2329 3901 3818 3983">
    <p class='ocr_par' dir='ltr' id='par_1_83' title="bbox 2329 3901 3818 3983">
     <span class='ocr_line' id='line_1_83' title="bbox 2329 3901 3818 3983; baseline -0.007 -20"><span class='ocrx_word' id='word_1_557' title='bbox 2329 3911 2390 3963; x_wconf 83' lang='grc' dir='ltr'>τὸ</span> <span class='ocrx_word' id='word_1_558' title='bbox 2434 3911 2735 3981; x_wconf 85' lang='grc' dir='ltr'>νικώμενον</span> <span class='ocrx_word' id='word_1_559' title='bbox 2755 3912 2842 3964; x_wconf 79' lang='grc' dir='ltr'><strong>ἀεὶ</strong></span> <span class='ocrx_word' id='word_1_560' title='bbox 2880 3911 3049 3975; x_wconf 79' lang='grc' dir='ltr'>πάθος</span> <span class='ocrx_word' id='word_1_561' title='bbox 3089 3912 3394 3982; x_wconf 83' lang='grc' dir='ltr'>ὑποχωρεῖν</span> <span class='ocrx_word' id='word_1_562' title='bbox 3416 3912 3493 3982; x_wconf 81' lang='grc' dir='ltr'>τῷ</span> <span class='ocrx_word' id='word_1_563' title='bbox 3508 3903 3756 3983; x_wconf 84' lang='grc' dir='ltr'>κρατοῦντι)</span> <span class='ocrx_word' id='word_1_564' title='bbox 3771 3901 3818 3953; x_wconf 84' lang='grc' dir='ltr'><strong>δι·</strong></span> 
     </span>
    </p>
   </div>
   <div class='ocr_carea' id='block_1_84' title="bbox 2332 3994 3817 4073">
    <p class='ocr_par' dir='ltr' id='par_1_84' title="bbox 2332 3994 3817 4073">
     <span class='ocr_line' id='line_1_84' title="bbox 2332 3994 3817 4073; baseline -0.011 -17"><span class='ocrx_word' id='word_1_565' title='bbox 2332 4001 2523 4072; x_wconf 82' lang='grc' dir='ltr'>εξῆλθε</span> <span class='ocrx_word' id='word_1_566' title='bbox 2553 4003 2731 4056; x_wconf 85' lang='grc' dir='ltr'>πάντα</span> <span class='ocrx_word' id='word_1_567' title='bbox 2765 4002 3086 4071; x_wconf 83' lang='grc' dir='ltr'>σαφῶς,ὅσα</span> <span class='ocrx_word' id='word_1_568' title='bbox 3103 4002 3358 4066; x_wconf 76' lang='grc' dir='ltr'>πολλάκις</span> <span class='ocrx_word' id='word_1_569' title='bbox 3379 4003 3528 4073; x_wconf 86' lang='grc' dir='ltr'><strong>αὑτῷ</strong></span> <span class='ocrx_word' id='word_1_570' title='bbox 3557 4001 3658 4055; x_wconf 81' lang='grc' dir='ltr'>κατ’</span> <span class='ocrx_word' id='word_1_571' title='bbox 3677 3994 3817 4049; x_wconf 73' lang='grc' dir='ltr'>ἐκείνου</span> 
     </span>
    </p>
   </div>
   <div class='ocr_carea' id='block_1_85' title="bbox 2332 4084 3814 4164">
    <p class='ocr_par' dir='ltr' id='par_1_85' title="bbox 2332 4084 3814 4164">
     <span class='ocr_line' id='line_1_85' title="bbox 2332 4084 3814 4164; baseline -0.003 -19"><span class='ocrx_word' id='word_1_572' title='bbox 2332 4092 2575 4164; x_wconf 86' lang='grc' dir='ltr'>λεχθείη,</span> <span class='ocrx_word' id='word_1_573' title='bbox 2619 4092 2715 4145; x_wconf 66' lang='grc' dir='ltr'><strong>καὶ¹</strong></span> <span class='ocrx_word' id='word_1_574' title='bbox 2776 4094 2924 4156; x_wconf 82' lang='grc' dir='ltr'>ὅπως</span> <span class='ocrx_word' id='word_1_575' title='bbox 2956 4093 3074 4146; x_wconf 81' lang='grc' dir='ltr'>οὑδὲ</span> <span class='ocrx_word' id='word_1_576' title='bbox 3107 4093 3448 4164; x_wconf 83' lang='grc' dir='ltr'>ἀναθέματος</span> <span class='ocrx_word' id='word_1_577' title='bbox 3501 4092 3581 4145; x_wconf 79' lang='grc' dir='ltr'><strong>ἐπ’</strong></span> <span class='ocrx_word' id='word_1_578' title='bbox 3610 4087 3734 4143; x_wconf 72' lang='grc' dir='ltr'>αὑτὸν</span> <span class='ocrx_word' id='word_1_579' title='bbox 3751 4084 3814 4134; x_wconf 75' lang='grc' dir='ltr'><strong>ἀπ’</strong></span> 
     </span>
    </p>
   </div>
   <div class='ocr_carea' id='block_1_86' title="bbox 2333 4176 3814 4257">
    <p class='ocr_par' dir='ltr' id='par_1_86' title="bbox 2333 4176 3814 4257">
     <span class='ocr_line' id='line_1_86' title="bbox 2333 4176 3814 4257; baseline -0.006 -20"><span class='ocrx_word' id='word_1_580' title='bbox 2333 4185 2544 4256; x_wconf 86' lang='grc' dir='ltr'>ἐσχετο,</span> <span class='ocrx_word' id='word_1_581' title='bbox 2578 4184 2713 4238; x_wconf 81' lang='grc' dir='ltr'>ἀλλὰ</span> <span class='ocrx_word' id='word_1_582' title='bbox 2740 4185 2834 4238; x_wconf 74' lang='grc' dir='ltr'>καὶ</span> <span class='ocrx_word' id='word_1_583' title='bbox 2868 4184 3018 4257; x_wconf 74' lang='grc' dir='ltr'><strong>αὐτῷ</strong></span> <span class='ocrx_word' id='word_1_584' title='bbox 3045 4184 3230 4238; x_wconf 81' lang='grc' dir='ltr'>τοῦτον</span> <span class='ocrx_word' id='word_1_585' title='bbox 3263 4186 3508 4255; x_wconf 76' lang='grc' dir='ltr'>ἀνοήτως</span> <span class='ocrx_word' id='word_1_586' title='bbox 3529 4176 3814 4243; x_wconf 69' lang='grc' dir='ltr'>ὑποόεόλήιιειι</span> 
     </span>
    </p>
   </div>
   <div class='ocr_carea' id='block_1_87' title="bbox 2346 4263 3816 4346">
    <p class='ocr_par' dir='ltr' id='par_1_87' title="bbox 2346 4263 3816 4346">
     <span class='ocr_line' id='line_1_87' title="bbox 2346 4263 3816 4346; baseline -0.003 -18"><span class='ocrx_word' id='word_1_587' title='bbox 2346 4276 2408 4328; x_wconf 83' lang='lat'><strong>&#39;0</strong></span> <span class='ocrx_word' id='word_1_588' title='bbox 2447 4275 2503 4326; x_wconf 78' lang='grc' dir='ltr'>δὲ</span> <span class='ocrx_word' id='word_1_589' title='bbox 2530 4275 2649 4338; x_wconf 81' lang='grc' dir='ltr'>ὅλος</span> <span class='ocrx_word' id='word_1_590' title='bbox 2681 4278 2986 4346; x_wconf 83' lang='grc' dir='ltr'>χρηστότης</span> <span class='ocrx_word' id='word_1_591' title='bbox 3009 4315 3024 4341; x_wconf 91' lang='grc'><strong>,</strong></span> <span class='ocrx_word' id='word_1_592' title='bbox 3049 4275 3169 4338; x_wconf 85' lang='grc' dir='ltr'>ὅλος</span> <span class='ocrx_word' id='word_1_593' title='bbox 3213 4273 3413 4339; x_wconf 80' lang='grc' dir='ltr'>οἵκτος,</span> <span class='ocrx_word' id='word_1_594' title='bbox 3455 4275 3566 4336; x_wconf 82' lang='grc' dir='ltr'>ὅλος</span> <span class='ocrx_word' id='word_1_595' title='bbox 3599 4263 3816 4338; x_wconf 69' lang='grc' dir='ltr'>συμπάθεια</span> 
     </span>
    </p>
   </div>
   <div class='ocr_carea' id='block_1_88' title="bbox 2343 4356 3807 4442">
    <p class='ocr_par' dir='ltr' id='par_1_88' title="bbox 2343 4356 3807 4442">
     <span class='ocr_line' id='line_1_88' title="bbox 2343 4356 3807 4442; baseline 0.001 -19"><span class='ocrx_word' id='word_1_596' title='bbox 2343 4370 2450 4423; x_wconf 83' lang='grc' dir='ltr'><strong>τῶν</strong></span> <span class='ocrx_word' id='word_1_597' title='bbox 2477 4371 2574 4424; x_wconf 84' lang='grc' dir='ltr'><strong>τοῦ</strong></span> <span class='ocrx_word' id='word_1_598' title='bbox 2611 4372 2935 4442; x_wconf 86' lang='grc' dir='ltr'>μονογενοῦς</span> <span class='ocrx_word' id='word_1_599' title='bbox 2966 4370 3266 4442; x_wconf 83' lang='grc' dir='ltr'>οἰκτιρμῶν</span> <span class='ocrx_word' id='word_1_600' title='bbox 3291 4371 3476 4434; x_wconf 77' lang='grc' dir='ltr'>εὐθὺς,</span> <span class='ocrx_word' id='word_1_601' title='bbox 3509 4369 3592 4423; x_wconf 81' lang='grc' dir='ltr'>καὶ</span> <span class='ocrx_word' id='word_1_602' title='bbox 3623 4365 3701 4431; x_wconf 79' lang='grc' dir='ltr'>τῆς</span> <span class='ocrx_word' id='word_1_603' title='bbox 3728 4356 3807 4410; x_wconf 69' lang='grc' dir='ltr'><strong>ἀδ²⁴</strong></span> 
     </span>
    </p>
   </div>
   <div class='ocr_carea' id='block_1_89' title="bbox 2346 4443 3808 4534">
    <p class='ocr_par' dir='ltr' id='par_1_89' title="bbox 2346 4443 3808 4534">
     <span class='ocr_line' id='line_1_89' title="bbox 2346 4443 3808 4534; baseline -0.007 -16"><span class='ocrx_word' id='word_1_604' title='bbox 2346 4464 2588 4533; x_wconf 80' lang='grc' dir='ltr'>πανήτου</span> <span class='ocrx_word' id='word_1_605' title='bbox 2621 4464 2989 4534; x_wconf 89' lang='grc' dir='ltr'>χρηστότητος</span> <span class='ocrx_word' id='word_1_606' title='bbox 3043 4462 3184 4531; x_wconf 84' lang='grc' dir='ltr'>ὑπὲρ</span> <span class='ocrx_word' id='word_1_607' title='bbox 3227 4463 3393 4514; x_wconf 88' lang='grc' dir='ltr'>αὑτοῦ</span> <span class='ocrx_word' id='word_1_608' title='bbox 3435 4461 3662 4530; x_wconf 83' lang='grc' dir='ltr'>δεόμενος</span> <span class='ocrx_word' id='word_1_609' title='bbox 3678 4443 3808 4522; x_wconf 54' lang='lat' dir='ltr'><strong>ﬁmi&quot;</strong></span> 
     </span>
    </p>
   </div>
   <div class='ocr_carea' id='block_1_90' title="bbox 2332 4534 3809 4634">
    <p class='ocr_par' dir='ltr' id='par_1_90' title="bbox 2332 4534 3809 4634">
     <span class='ocr_line' id='line_1_90' title="bbox 2332 4534 3809 4634; baseline 0.012 -30"><span class='ocrx_word' id='word_1_610' title='bbox 2332 4556 2412 4626; x_wconf 80' lang='grc' dir='ltr'>τῷ</span> <span class='ocrx_word' id='word_1_611' title='bbox 2454 4556 2547 4609; x_wconf 89' lang='grc' dir='ltr'><strong>τοῦ</strong></span> <span class='ocrx_word' id='word_1_612' title='bbox 2598 4554 2832 4626; x_wconf 88' lang='grc' dir='ltr'>σταυροῦ</span> <span class='ocrx_word' id='word_1_613' title='bbox 2871 4555 3084 4626; x_wconf 87' lang='grc' dir='ltr'>σημείῳ</span> <span class='ocrx_word' id='word_1_614' title='bbox 3133 4555 3226 4607; x_wconf 82' lang='grc' dir='ltr'>τὸν</span> <span class='ocrx_word' id='word_1_615' title='bbox 3277 4555 3426 4622; x_wconf 84' lang='grc' dir='ltr'>ίερέα</span> <span class='ocrx_word' id='word_1_616' title='bbox 3455 4549 3731 4622; x_wconf 68' lang='grc' dir='ltr'>σφραγίσ⁸ί’</span> <span class='ocrx_word' id='word_1_617' title='bbox 3760 4534 3809 4634; x_wconf 48' lang='grc' dir='ltr'><strong>’ξ’</strong></span> 
     </span>
    </p>
   </div>
   <div class='ocr_carea' id='block_1_91' title="bbox 2336 4641 3809 4718">
    <p class='ocr_par' dir='ltr' id='par_1_91' title="bbox 2336 4641 3809 4718">
     <span class='ocr_line' id='line_1_91' title="bbox 2336 4641 3809 4718; baseline -0.012 -18"><span class='ocrx_word' id='word_1_618' title='bbox 2336 4647 2410 4718; x_wconf 82' lang='grc' dir='ltr'>τῷ</span> <span class='ocrx_word' id='word_1_619' title='bbox 2443 4648 2668 4718; x_wconf 88' lang='grc' dir='ltr'>ὀνόματι</span> <span class='ocrx_word' id='word_1_620' title='bbox 2693 4646 2789 4701; x_wconf 85' lang='grc' dir='ltr'><strong>τοῦ</strong></span> <span class='ocrx_word' id='word_1_621' title='bbox 2832 4647 3035 4717; x_wconf 85' lang='grc' dir='ltr'>Κυρίου</span> <span class='ocrx_word' id='word_1_622' title='bbox 3084 4645 3258 4718; x_wconf 82' lang='grc' dir='ltr'>Ἰησοῦ</span> <span class='ocrx_word' id='word_1_623' title='bbox 3291 4644 3524 4718; x_wconf 84' lang='grc' dir='ltr'>Χριστοῦ</span> <span class='ocrx_word' id='word_1_624' title='bbox 3561 4641 3733 4695; x_wconf 78' lang='grc' dir='ltr'>λέλυσαι</span> <span class='ocrx_word' id='word_1_625' title='bbox 3747 4641 3809 4678; x_wconf 72' lang='grc' dir='ltr'>των</span> 
     </span>
    </p>
   </div>
   <div class='ocr_carea' id='block_1_92' title="bbox 653 4716 2223 4830">
    <p class='ocr_par' dir='ltr' id='par_1_92' title="bbox 653 4716 2223 4830">
     <span class='ocr_line' id='line_1_92' title="bbox 653 4716 2223 4788; baseline 0.005 -18"><span class='ocrx_word' id='word_1_626' title='bbox 653 4716 904 4783; x_wconf 90' lang='lat' dir='ltr'><strong>nomine,</strong></span> <span class='ocrx_word' id='word_1_627' title='bbox 959 4718 1160 4788; x_wconf 90' lang='lat' dir='ltr'><strong>inquit,</strong></span> <span class='ocrx_word' id='word_1_628' title='bbox 1211 4720 1429 4776; x_wconf 89' lang='lat' dir='ltr'><strong>Domini</strong></span> <span class='ocrx_word' id='word_1_629' title='bbox 1490 4723 1617 4778; x_wconf 88' lang='lat' dir='ltr'><strong>Jesu</strong></span> <span class='ocrx_word' id='word_1_630' title='bbox 1665 4723 1872 4778; x_wconf 87' lang='lat' dir='ltr'><strong>Christi</strong></span> <span class='ocrx_word' id='word_1_631' title='bbox 1933 4724 2149 4779; x_wconf 88' lang='lat' dir='ltr'><strong>solutus</strong></span> <span class='ocrx_word' id='word_1_632' title='bbox 2173 4739 2223 4778; x_wconf 81' lang='lat' dir='ltr'><strong>es</strong></span> 
     </span>
     <span class='ocr_line' id='line_1_93' title="bbox 653 4808 2223 4830; baseline 0 0"><span class='ocrx_word' id='word_1_633' title='bbox 653 4808 971 4830; x_wconf 62' lang='lat' dir='ltr'><strong>_..a2____-I!-</strong></span> <span class='ocrx_word' id='word_1_634' title='bbox 1037 4809 1238 4830; x_wconf 34' lang='grc' dir='ltr'><strong>η-ἠρ-η</strong></span> <span class='ocrx_word' id='word_1_635' title='bbox 1274 4820 1316 4830; x_wconf 62' lang='lat' dir='ltr'><strong>n,</strong></span> <span class='ocrx_word' id='word_1_636' title='bbox 1355 4812 1365 4830; x_wconf 66' lang='grc' dir='ltr'><strong>ξ</strong></span> <span class='ocrx_word' id='word_1_637' title='bbox 1411 4813 1462 4830; x_wconf 64' lang='lat'><strong>0.,</strong></span> <span class='ocrx_word' id='word_1_638' title='bbox 1609 4815 1622 4830; x_wconf 75' lang='grc' dir='ltr'>ι</span> <span class='ocrx_word' id='word_1_639' title='bbox 1755 4815 1766 4830; x_wconf 91' lang='lat' dir='ltr'><strong>I</strong></span> <span class='ocrx_word' id='word_1_640' title='bbox 1839 4813 1850 4824; x_wconf 73' lang='grc' dir='ltr'><strong>ο</strong></span> <span class='ocrx_word' id='word_1_641' title='bbox 1976 4821 1989 4830; x_wconf 84' lang='grc'><em>.</em></span> <span class='ocrx_word' id='word_1_642' title='bbox 2045 4829 2054 4830; x_wconf 32' lang='grc' dir='ltr'><em>κ</em></span> <span class='ocrx_word' id='word_1_643' title='bbox 2090 4828 2116 4830; x_wconf 64' lang='lat'><strong>,_</strong></span> <span class='ocrx_word' id='word_1_644' title='bbox 2185 4820 2223 4830; x_wconf 44' lang='grc' dir='ltr'><strong>Α.</strong></span> 
     </span>
    </p>
   </div>
   <div class='ocr_carea' id='block_1_93' title="bbox 2360 4716 3807 4830">
    <p class='ocr_par' dir='ltr' id='par_1_93' title="bbox 2360 4716 3807 4826">
     <span class='ocr_line' id='line_1_94' title="bbox 2360 4716 3807 4826; baseline -0.008 -36"><span class='ocrx_word' id='word_1_645' title='bbox 2360 4716 2573 4809; x_wconf 68' lang='grc' dir='ltr'>ἑεσμῶν,</span> <span class='ocrx_word' id='word_1_646' title='bbox 2631 4738 2735 4807; x_wconf 77' lang='grc' dir='ltr'>ἔφη</span> <span class='ocrx_word' id='word_1_647' title='bbox 2764 4754 2777 4766; x_wconf 89' lang='grc'>·</span> <span class='ocrx_word' id='word_1_648' title='bbox 2820 4716 3112 4810; x_wconf 72' lang='grc' dir='ltr'>Πορευθεὶς</span> <span class='ocrx_word' id='word_1_649' title='bbox 3144 4716 3296 4808; x_wconf 78' lang='grc' dir='ltr'>παρὰ</span> <span class='ocrx_word' id='word_1_650' title='bbox 3340 4716 3438 4806; x_wconf 69' lang='grc' dir='ltr'>τὴν</span> <span class='ocrx_word' id='word_1_651' title='bbox 3490 4729 3807 4826; x_wconf 30' lang='grc' dir='ltr'>ἐκκλησίανυσθυ</span> 
     </span>
    </p>
   </div>
   <div class='ocr_carea' id='block_1_94' title="bbox 652 4808 2232 4882">
    <p class='ocr_par' dir='ltr' id='par_1_94' title="bbox 652 4808 2232 4882">
     <span class='ocr_line' id='line_1_95' title="bbox 652 4808 2232 4882; baseline 0.003 -21"><span class='ocrx_word' id='word_1_652' title='bbox 652 4808 995 4864; x_wconf 89' lang='lat' dir='ltr'><strong>retinaculis.</strong></span> <span class='ocrx_word' id='word_1_653' title='bbox 1037 4809 1240 4866; x_wconf 79' lang='lat' dir='ltr'><strong>Confer</strong></span> <span class='ocrx_word' id='word_1_654' title='bbox 1273 4820 1324 4866; x_wconf 81' lang='lat' dir='ltr'><strong>te</strong></span> <span class='ocrx_word' id='word_1_655' title='bbox 1354 4812 1520 4882; x_wconf 85' lang='lat' dir='ltr'><strong>igitur</strong></span> <span class='ocrx_word' id='word_1_656' title='bbox 1557 4815 1623 4867; x_wconf 87' lang='lat' dir='ltr'><strong>ad</strong></span> <span class='ocrx_word' id='word_1_657' title='bbox 1655 4813 1942 4869; x_wconf 76' lang='lat' dir='ltr'><strong>ecclesiam</strong></span> <span class='ocrx_word' id='word_1_658' title='bbox 1975 4821 2146 4878; x_wconf 86' lang='lat' dir='ltr'><strong>tuam,</strong></span> <span class='ocrx_word' id='word_1_659' title='bbox 2176 4820 2232 4867; x_wconf 89' lang='lat' dir='ltr'><strong>et</strong></span> 
     </span>
    </p>
   </div>
   <div class='ocr_carea' id='block_1_95' title="bbox 653 4903 2230 4975">
    <p class='ocr_par' dir='ltr' id='par_1_95' title="bbox 653 4903 2230 4975">
     <span class='ocr_line' id='line_1_96' title="bbox 653 4903 2230 4975; baseline 0.004 -23"><span class='ocrx_word' id='word_1_660' title='bbox 653 4911 1067 4955; x_wconf 87' lang='lat' dir='ltr'><strong>sacrosanctum</strong></span> <span class='ocrx_word' id='word_1_661' title='bbox 1098 4903 1306 4958; x_wconf 87' lang='lat' dir='ltr'><strong>Christi</strong></span> <span class='ocrx_word' id='word_1_662' title='bbox 1352 4904 1706 4975; x_wconf 85' lang='lat' dir='ltr'><strong>Evangelium</strong></span> <span class='ocrx_word' id='word_1_663' title='bbox 1737 4907 1876 4960; x_wconf 89' lang='lat' dir='ltr'><strong>bene</strong></span> <span class='ocrx_word' id='word_1_664' title='bbox 1901 4921 2068 4961; x_wconf 90' lang='lat' dir='ltr'><strong>sanus</strong></span> <span class='ocrx_word' id='word_1_665' title='bbox 2105 4921 2230 4975; x_wconf 92' lang='lat' dir='ltr'><strong>per-</strong></span> 
     </span>
    </p>
   </div>
   <div class='ocr_carea' id='block_1_96' title="bbox 651 4987 2229 5058">
    <p class='ocr_par' dir='ltr' id='par_1_96' title="bbox 651 4987 2229 5058">
     <span class='ocr_line' id='line_1_97' title="bbox 651 4987 2229 5058; baseline 0.008 -19"><span class='ocrx_word' id='word_1_666' title='bbox 651 4987 823 5058; x_wconf 83' lang='lat' dir='ltr'><strong>leges,</strong></span> <span class='ocrx_word' id='word_1_667' title='bbox 850 4999 904 5043; x_wconf 89' lang='lat' dir='ltr'><strong>et</strong></span> <span class='ocrx_word' id='word_1_668' title='bbox 933 5005 1194 5046; x_wconf 90' lang='lat' dir='ltr'><strong>arcanum</strong></span> <span class='ocrx_word' id='word_1_669' title='bbox 1228 4993 1280 5045; x_wconf 90' lang='lat' dir='ltr'><strong>in</strong></span> <span class='ocrx_word' id='word_1_670' title='bbox 1310 4994 1469 5047; x_wconf 91' lang='lat' dir='ltr'><strong>altari</strong></span> <span class='ocrx_word' id='word_1_671' title='bbox 1503 4997 1835 5051; x_wconf 85' lang='lat' dir='ltr'><strong>sacriﬁcium</strong></span> <span class='ocrx_word' id='word_1_672' title='bbox 1863 5013 2012 5051; x_wconf 90' lang='lat' dir='ltr'><strong>more</strong></span> <span class='ocrx_word' id='word_1_673' title='bbox 2069 4998 2229 5052; x_wconf 91' lang='lat' dir='ltr'><strong>solito</strong></span> 
     </span>
    </p>
   </div>
   <div class='ocr_carea' id='block_1_97' title="bbox 653 5079 2229 5157">
    <p class='ocr_par' dir='ltr' id='par_1_97' title="bbox 653 5079 2229 5157">
     <span class='ocr_line' id='line_1_98' title="bbox 653 5079 2229 5157; baseline 0.007 -25"><span class='ocrx_word' id='word_1_674' title='bbox 653 5079 875 5134; x_wconf 82' lang='lat' dir='ltr'><strong>oli&#39;ercs.</strong></span> <span class='ocrx_word' id='word_1_675' title='bbox 905 5082 1052 5135; x_wconf 76' lang='lat' dir='ltr'><strong>Dixit</strong></span> <span class='ocrx_word' id='word_1_676' title='bbox 1081 5083 1197 5138; x_wconf 66' lang='lat' dir='ltr'><strong>haec</strong></span> <span class='ocrx_word' id='word_1_677' title='bbox 1229 5085 1340 5148; x_wconf 87' lang='lat' dir='ltr'><strong>ille,</strong></span> <span class='ocrx_word' id='word_1_678' title='bbox 1378 5095 1428 5139; x_wconf 90' lang='lat' dir='ltr'><strong>et</strong></span> <span class='ocrx_word' id='word_1_679' title='bbox 1457 5087 1742 5157; x_wconf 78' lang='lat' dir='ltr'><strong>presbyter</strong></span> <span class='ocrx_word' id='word_1_680' title='bbox 1768 5088 1978 5143; x_wconf 60' lang='lat' dir='ltr'><strong>meritae</strong></span> <span class='ocrx_word' id='word_1_681' title='bbox 2009 5090 2085 5143; x_wconf 92' lang='lat' dir='ltr'><strong>illi</strong></span> <span class='ocrx_word' id='word_1_682' title='bbox 2111 5089 2229 5143; x_wconf 87' lang='lat' dir='ltr'><strong>vin-</strong></span> 
     </span>
    </p>
   </div>
   <div class='ocr_carea' id='block_1_98' title="bbox 652 5172 2223 5248">
    <p class='ocr_par' dir='ltr' id='par_1_98' title="bbox 652 5172 2223 5248">
     <span class='ocr_line' id='line_1_99' title="bbox 652 5172 2223 5248; baseline 0.007 -24"><span class='ocrx_word' id='word_1_683' title='bbox 652 5172 814 5225; x_wconf 71' lang='lat' dir='ltr'><strong>dicta:</strong></span> <span class='ocrx_word' id='word_1_684' title='bbox 838 5184 1124 5242; x_wconf 82' lang='lat' dir='ltr'><strong>exemptus</strong></span> <span class='ocrx_word' id='word_1_685' title='bbox 1169 5185 1273 5236; x_wconf 85' lang='lat' dir='ltr'><strong>est,</strong></span> <span class='ocrx_word' id='word_1_686' title='bbox 1296 5184 1352 5230; x_wconf 92' lang='lat' dir='ltr'><strong>et</strong></span> <span class='ocrx_word' id='word_1_687' title='bbox 1407 5193 1577 5231; x_wconf 74' lang='lat' dir='ltr'><strong>sacrae</strong></span> <span class='ocrx_word' id='word_1_688' title='bbox 1627 5179 1863 5248; x_wconf 68' lang='lat' dir='ltr'><strong>liturgiaa</strong></span> <span class='ocrx_word' id='word_1_689' title='bbox 1916 5179 1984 5233; x_wconf 91' lang='lat' dir='ltr'><strong>ad</strong></span> <span class='ocrx_word' id='word_1_690' title='bbox 2016 5181 2223 5235; x_wconf 79' lang='lat' dir='ltr'><strong>exitum</strong></span> 
     </span>
    </p>
   </div>
   <div class='ocr_carea' id='block_1_99' title="bbox 653 5265 2230 5343">
    <p class='ocr_par' dir='ltr' id='par_1_99' title="bbox 653 5265 2230 5343">
     <span class='ocr_line' id='line_1_100' title="bbox 653 5265 2230 5343; baseline 0.009 -29"><span class='ocrx_word' id='word_1_691' title='bbox 653 5277 828 5333; x_wconf 86' lang='lat' dir='ltr'><strong>usque</strong></span> <span class='ocrx_word' id='word_1_692' title='bbox 863 5265 1006 5329; x_wconf 80' lang='lat' dir='ltr'><strong>vitae,</strong></span> <span class='ocrx_word' id='word_1_693' title='bbox 1039 5267 1117 5320; x_wconf 92' lang='lat' dir='ltr'><strong>uti</strong></span> <span class='ocrx_word' id='word_1_694' title='bbox 1148 5277 1275 5321; x_wconf 90' lang='lat' dir='ltr'><strong>ante</strong></span> <span class='ocrx_word' id='word_1_695' title='bbox 1299 5268 1500 5323; x_wconf 88' lang='lat' dir='ltr'><strong>solitus</strong></span> <span class='ocrx_word' id='word_1_696' title='bbox 1529 5270 1730 5336; x_wconf 80' lang='lat' dir='ltr'><strong>fuerat,</strong></span> <span class='ocrx_word' id='word_1_697' title='bbox 1767 5286 1984 5342; x_wconf 87' lang='lat' dir='ltr'><strong>semper</strong></span> <span class='ocrx_word' id='word_1_698' title='bbox 2038 5287 2230 5343; x_wconf 85' lang='lat' dir='ltr'><strong>opera-</strong></span> 
     </span>
    </p>
   </div>
   <div class='ocr_carea' id='block_1_100' title="bbox 657 5364 868 5408">
    <p class='ocr_par' dir='ltr' id='par_1_100' title="bbox 657 5364 868 5408">
     <span class='ocr_line' id='line_1_101' title="bbox 657 5364 868 5408; baseline -0.014 0"><span class='ocrx_word' id='word_1_699' title='bbox 657 5364 744 5408; x_wconf 79' lang='lat' dir='ltr'><strong>lUS</strong></span> <span class='ocrx_word' id='word_1_700' title='bbox 767 5365 868 5408; x_wconf 73' lang='lat' dir='ltr'><strong>CSL</strong></span> 
     </span>
    </p>
   </div>
   <div class='ocr_carea' id='block_1_101' title="bbox 2342 4812 3806 4911">
    <p class='ocr_par' dir='ltr' id='par_1_101' title="bbox 2342 4812 3806 4911">
     <span class='ocr_line' id='line_1_102' title="bbox 2342 4812 3806 4911; baseline -0.008 -27"><span class='ocrx_word' id='word_1_701' title='bbox 2342 4832 2540 4893; x_wconf 86' lang='grc' dir='ltr'>τοίνυν,</span> <span class='ocrx_word' id='word_1_702' title='bbox 2582 4831 2643 4884; x_wconf 91' lang='grc' dir='ltr'><strong>τό</strong></span> <span class='ocrx_word' id='word_1_703' title='bbox 2693 4849 2754 4883; x_wconf 86' lang='grc' dir='ltr'><strong>τε</strong></span> <span class='ocrx_word' id='word_1_704' title='bbox 2810 4831 2950 4884; x_wconf 85' lang='grc' dir='ltr'>θεῖον</span> <span class='ocrx_word' id='word_1_705' title='bbox 3009 4831 3178 4899; x_wconf 85' lang='grc' dir='ltr'>ὑγιῶς</span> <span class='ocrx_word' id='word_1_706' title='bbox 3238 4830 3559 4898; x_wconf 79' lang='grc' dir='ltr'>Εὑαγγέλιον</span> <span class='ocrx_word' id='word_1_707' title='bbox 3589 4812 3806 4911; x_wconf 43' lang='lat' dir='ltr'><strong>divam-&#39;3‘»</strong></span> 
     </span>
    </p>
   </div>
   <div class='ocr_carea' id='block_1_102' title="bbox 2339 4902 3805 4994">
    <p class='ocr_par' dir='ltr' id='par_1_102' title="bbox 2339 4902 3805 4994">
     <span class='ocr_line' id='line_1_103' title="bbox 2339 4902 3805 4994; baseline -0.005 -16"><span class='ocrx_word' id='word_1_708' title='bbox 2339 4927 2433 4978; x_wconf 75' lang='grc' dir='ltr'>καὶ</span> <span class='ocrx_word' id='word_1_709' title='bbox 2491 4925 2588 4994; x_wconf 81' lang='grc' dir='ltr'>τὴν</span> <span class='ocrx_word' id='word_1_710' title='bbox 2631 4923 2898 4994; x_wconf 84' lang='grc' dir='ltr'>μυστικὴν</span> <span class='ocrx_word' id='word_1_711' title='bbox 2941 4923 3015 4987; x_wconf 88' lang='grc' dir='ltr'>ὼς</span> <span class='ocrx_word' id='word_1_712' title='bbox 3045 4924 3139 4975; x_wconf 72' lang='grc' dir='ltr'>καὶ</span> <span class='ocrx_word' id='word_1_713' title='bbox 3171 4922 3365 4992; x_wconf 87' lang='grc' dir='ltr'>πρώην</span> <span class='ocrx_word' id='word_1_714' title='bbox 3412 4925 3477 4991; x_wconf 82' lang='grc' dir='ltr'>τῇ</span> <span class='ocrx_word' id='word_1_715' title='bbox 3511 4919 3617 4989; x_wconf 80' lang='grc' dir='ltr'><strong>ἱερᾷ</strong></span> <span class='ocrx_word' id='word_1_716' title='bbox 3644 4902 3805 4994; x_wconf 59' lang='grc' dir='ltr'>τραπέξι</span> 
     </span>
    </p>
   </div>
   <div class='ocr_carea' id='block_1_103' title="bbox 2337 4992 3808 5084">
    <p class='ocr_par' dir='ltr' id='par_1_103' title="bbox 2337 4992 3808 5084">
     <span class='ocr_line' id='line_1_104' title="bbox 2337 4992 3808 5084; baseline -0.011 -19"><span class='ocrx_word' id='word_1_717' title='bbox 2337 5012 2528 5067; x_wconf 87' lang='grc' dir='ltr'>θυσίαν</span> <span class='ocrx_word' id='word_1_718' title='bbox 2559 5015 2890 5084; x_wconf 87' lang='grc' dir='ltr'>προσοίσεις.</span> <span class='ocrx_word' id='word_1_719' title='bbox 2928 5010 3063 5066; x_wconf 69' lang='lat' dir='ltr'><strong>Eine</strong></span> <span class='ocrx_word' id='word_1_720' title='bbox 3093 5012 3286 5076; x_wconf 71' lang='grc' dir='ltr'>ταῦτα,</span> <span class='ocrx_word' id='word_1_721' title='bbox 3319 5014 3412 5066; x_wconf 77' lang='grc' dir='ltr'>καὶ</span> <span class='ocrx_word' id='word_1_722' title='bbox 3440 5013 3498 5063; x_wconf 83' lang='grc' dir='ltr'>τὸ</span> <span class='ocrx_word' id='word_1_723' title='bbox 3517 5007 3689 5061; x_wconf 83' lang='grc' dir='ltr'>δίκαιον</span> <span class='ocrx_word' id='word_1_724' title='bbox 3703 4992 3808 5049; x_wconf 62' lang='grc' dir='ltr'><strong>ὲιιειῖνθ</strong></span> 
     </span>
    </p>
   </div>
   <div class='ocr_carea' id='block_1_104' title="bbox 2335 5089 3807 5174">
    <p class='ocr_par' dir='ltr' id='par_1_104' title="bbox 2335 5089 3807 5174">
     <span class='ocr_line' id='line_1_105' title="bbox 2335 5089 3807 5174; baseline -0.022 -16"><span class='ocrx_word' id='word_1_725' title='bbox 2335 5104 2505 5166; x_wconf 80' lang='grc' dir='ltr'>πάθος</span> <span class='ocrx_word' id='word_1_726' title='bbox 2533 5104 2731 5156; x_wconf 83' lang='grc' dir='ltr'>αὐτίκα</span> <span class='ocrx_word' id='word_1_727' title='bbox 2761 5106 2787 5156; x_wconf 84' lang='grc' dir='ltr'><strong>ό</strong></span> <span class='ocrx_word' id='word_1_728' title='bbox 2818 5102 2994 5174; x_wconf 83' lang='grc' dir='ltr'>ίερεὺς</span> <span class='ocrx_word' id='word_1_729' title='bbox 3010 5102 3264 5165; x_wconf 75' lang='grc' dir='ltr'>ἀπέθετο,</span> <span class='ocrx_word' id='word_1_730' title='bbox 3297 5103 3390 5155; x_wconf 79' lang='grc' dir='ltr'>καὶ</span> <span class='ocrx_word' id='word_1_731' title='bbox 3417 5104 3448 5171; x_wconf 69' lang='grc' dir='ltr'>ὴ</span> <span class='ocrx_word' id='word_1_732' title='bbox 3485 5098 3592 5151; x_wconf 77' lang='grc' dir='ltr'>θεία,</span> <span class='ocrx_word' id='word_1_733' title='bbox 3622 5089 3807 5162; x_wconf 70' lang='grc' dir='ltr'>μέχριπ-</span> 
     </span>
    </p>
   </div>
   <div class='ocr_carea' id='block_1_105' title="bbox 2331 5180 3809 5266">
    <p class='ocr_par' dir='ltr' id='par_1_105' title="bbox 2331 5180 3809 5266">
     <span class='ocr_line' id='line_1_106' title="bbox 2331 5180 3809 5266; baseline -0.018 -1"><span class='ocrx_word' id='word_1_734' title='bbox 2331 5196 2531 5265; x_wconf 77' lang='grc' dir='ltr'>λευτῆς</span> <span class='ocrx_word' id='word_1_735' title='bbox 2571 5196 2644 5258; x_wconf 73' lang='grc' dir='ltr'><strong>ὡς</strong></span> <span class='ocrx_word' id='word_1_736' title='bbox 2690 5197 2784 5248; x_wconf 75' lang='grc' dir='ltr'>καὶ</span> <span class='ocrx_word' id='word_1_737' title='bbox 2835 5194 3099 5266; x_wconf 79' lang='grc' dir='ltr'>πρότερον</span> <span class='ocrx_word' id='word_1_738' title='bbox 3141 5194 3292 5265; x_wconf 83' lang='grc' dir='ltr'><strong>αὑτῷ</strong></span> <span class='ocrx_word' id='word_1_739' title='bbox 3343 5185 3663 5264; x_wconf 76' lang='grc' dir='ltr'>μυσταγωγία</span> <span class='ocrx_word' id='word_1_740' title='bbox 3692 5180 3809 5231; x_wconf 52' lang='grc' dir='ltr'><strong>ἕπευ·</strong></span> 
     </span>
    </p>
   </div>
   <div class='ocr_carea' id='block_1_106' title="bbox 2342 5301 2503 5338">
    <p class='ocr_par' dir='ltr' id='par_1_106' title="bbox 2342 5301 2503 5338">
     <span class='ocr_line' id='line_1_107' title="bbox 2342 5301 2503 5338; baseline 0.019 -4"><span class='ocrx_word' id='word_1_741' title='bbox 2342 5301 2395 5334; x_wconf 74' lang='grc' dir='ltr'>Αε</span> <span class='ocrx_word' id='word_1_742' title='bbox 2406 5301 2503 5338; x_wconf 85' lang='grc' dir='ltr'>ιτο.</span> 
     </span>
    </p>
   </div>
   <div class='ocr_carea' id='block_1_107' title="bbox 722 5443 2239 5522">
    <p class='ocr_par' dir='ltr' id='par_1_107' title="bbox 722 5443 2239 5522">
     <span class='ocr_line' id='line_1_108' title="bbox 722 5443 2239 5522; baseline 0.01 -26"><span class='ocrx_word' id='word_1_743' title='bbox 722 5443 848 5498; x_wconf 71' lang='grc'><strong>245.</strong></span> <span class='ocrx_word' id='word_1_744' title='bbox 890 5447 1019 5501; x_wconf 85' lang='lat' dir='ltr'><strong>Post</strong></span> <span class='ocrx_word' id='word_1_745' title='bbox 1051 5447 1162 5501; x_wconf 70' lang='lat' dir='ltr'><strong>lucc</strong></span> <span class='ocrx_word' id='word_1_746' title='bbox 1202 5448 1494 5505; x_wconf 89' lang='lat' dir='ltr'><strong>adducitur</strong></span> <span class='ocrx_word' id='word_1_747' title='bbox 1520 5453 1586 5508; x_wconf 90' lang='lat' dir='ltr'><strong>ad</strong></span> <span class='ocrx_word' id='word_1_748' title='bbox 1625 5454 1802 5522; x_wconf 89' lang='lat' dir='ltr'><strong>ipsum</strong></span> <span class='ocrx_word' id='word_1_749' title='bbox 1833 5471 2032 5522; x_wconf 72' lang='lat' dir='ltr'><strong>caecus,</strong></span> <span class='ocrx_word' id='word_1_750' title='bbox 2064 5458 2239 5512; x_wconf 86' lang='lat' dir='ltr'><strong>altero</strong></span> 
     </span>
    </p>
   </div>
   <div class='ocr_carea' id='block_1_108' title="bbox 655 5537 2240 5620">
    <p class='ocr_par' dir='ltr' id='par_1_108' title="bbox 655 5537 2240 5620">
     <span class='ocr_line' id='line_1_109' title="bbox 655 5537 2240 5620; baseline 0.013 -33"><span class='ocrx_word' id='word_1_751' title='bbox 655 5537 794 5605; x_wconf 76' lang='lat' dir='ltr'><strong>pede</strong></span> <span class='ocrx_word' id='word_1_752' title='bbox 837 5548 985 5595; x_wconf 87' lang='lat' dir='ltr'><strong>stare</strong></span> <span class='ocrx_word' id='word_1_753' title='bbox 1033 5543 1301 5611; x_wconf 85' lang='lat' dir='ltr'><strong>nequiens</strong></span> <span class='ocrx_word' id='word_1_754' title='bbox 1347 5561 1456 5614; x_wconf 77' lang='lat' dir='ltr'><strong>pra.-</strong></span> <span class='ocrx_word' id='word_1_755' title='bbox 1499 5549 1756 5620; x_wconf 78' lang='lat' dir='ltr'><strong>paralysi,</strong></span> <span class='ocrx_word' id='word_1_756' title='bbox 1803 5563 1867 5604; x_wconf 87' lang='lat' dir='ltr'><strong>ac</strong></span> <span class='ocrx_word' id='word_1_757' title='bbox 1913 5551 2090 5606; x_wconf 88' lang='lat' dir='ltr'><strong>tribus</strong></span> <span class='ocrx_word' id='word_1_758' title='bbox 2128 5551 2240 5607; x_wconf 66' lang='lat' dir='ltr'><strong>dae-</strong></span> 
     </span>
    </p>
   </div>
   <div class='ocr_carea' id='block_1_109' title="bbox 654 5632 2240 5712">
    <p class='ocr_par' dir='ltr' id='par_1_109' title="bbox 654 5632 2240 5712">
     <span class='ocr_line' id='line_1_110' title="bbox 654 5632 2240 5712; baseline 0.009 -30"><span class='ocrx_word' id='word_1_759' title='bbox 654 5632 855 5684; x_wconf 83' lang='lat' dir='ltr'><strong>moniis</strong></span> <span class='ocrx_word' id='word_1_760' title='bbox 899 5634 1225 5702; x_wconf 77' lang='lat' dir='ltr'><strong>exagitatus.</strong></span> <span class='ocrx_word' id='word_1_761' title='bbox 1275 5636 1562 5695; x_wconf 80' lang='lat' dir='ltr'><strong>Miseratus</strong></span> <span class='ocrx_word' id='word_1_762' title='bbox 1596 5640 1828 5712; x_wconf 77' lang='lat' dir='ltr'><strong>Symcon</strong></span> <span class='ocrx_word' id='word_1_763' title='bbox 1862 5644 2240 5699; x_wconf 87' lang='lat' dir='ltr'><strong>multimodam</strong></span> 
     </span>
    </p>
   </div>
   <div class='ocr_carea' id='block_1_110' title="bbox 656 5725 2247 5797">
    <p class='ocr_par' dir='ltr' id='par_1_110' title="bbox 656 5725 2247 5797">
     <span class='ocr_line' id='line_1_111' title="bbox 656 5725 2247 5797; baseline 0.011 -24"><span class='ocrx_word' id='word_1_764' title='bbox 656 5735 720 5773; x_wconf 85' lang='lat' dir='ltr'><strong>ac</strong></span> <span class='ocrx_word' id='word_1_765' title='bbox 745 5725 1010 5778; x_wconf 80' lang='lat' dir='ltr'><strong>diversam</strong></span> <span class='ocrx_word' id='word_1_766' title='bbox 1045 5725 1282 5784; x_wconf 86' lang='lat' dir='ltr'><strong>hominis</strong></span> <span class='ocrx_word' id='word_1_767' title='bbox 1306 5731 1690 5797; x_wconf 82' lang='lat' dir='ltr'><strong>calamitatem,</strong></span> <span class='ocrx_word' id='word_1_768' title='bbox 1716 5735 1780 5788; x_wconf 89' lang='lat' dir='ltr'><strong>ad</strong></span> <span class='ocrx_word' id='word_1_769' title='bbox 1813 5735 2247 5791; x_wconf 84' lang='lat' dir='ltr'><strong>misericordiam</strong></span> 
     </span>
    </p>
   </div>
   <div class='ocr_carea' id='block_1_111' title="bbox 2414 5429 3809 5532">
    <p class='ocr_par' dir='ltr' id='par_1_111' title="bbox 2414 5429 3809 5532">
     <span class='ocr_line' id='line_1_112' title="bbox 2414 5429 3809 5532; baseline -0.017 -22"><span class='ocrx_word' id='word_1_770' title='bbox 2414 5458 2559 5528; x_wconf 85' lang='grc' dir='ltr'>σμγ’.</span> <span class='ocrx_word' id='word_1_771' title='bbox 2592 5452 2725 5513; x_wconf 81' lang='grc' dir='ltr'>Εἶτα</span> <span class='ocrx_word' id='word_1_772' title='bbox 2755 5459 3091 5530; x_wconf 86' lang='grc' dir='ltr'>προσάγεταί</span> <span class='ocrx_word' id='word_1_773' title='bbox 3121 5476 3204 5523; x_wconf 77' lang='grc' dir='ltr'><strong>τις</strong></span> <span class='ocrx_word' id='word_1_774' title='bbox 3249 5457 3396 5529; x_wconf 71' lang='grc' dir='ltr'><strong>αὖτῷ</strong></span> <span class='ocrx_word' id='word_1_775' title='bbox 3437 5452 3627 5526; x_wconf 53' lang='lat' dir='ltr'><strong>suam,</strong></span> <span class='ocrx_word' id='word_1_776' title='bbox 3656 5429 3809 5532; x_wconf 55' lang='grc' dir='ltr'><strong>οὒδῚξὶ</strong></span> 
     </span>
    </p>
   </div>
   <div class='ocr_carea' id='block_1_112' title="bbox 2349 5535 3806 5622">
    <p class='ocr_par' dir='ltr' id='par_1_112' title="bbox 2349 5535 3806 5622">
     <span class='ocr_line' id='line_1_113' title="bbox 2349 5535 3806 5622; baseline -0.012 -20"><span class='ocrx_word' id='word_1_777' title='bbox 2349 5550 2442 5602; x_wconf 84' lang='grc' dir='ltr'><strong>τοῦ</strong></span> <span class='ocrx_word' id='word_1_778' title='bbox 2486 5551 2656 5622; x_wconf 86' lang='grc' dir='ltr'>ἰσχίου</span> <span class='ocrx_word' id='word_1_779' title='bbox 2707 5552 2900 5621; x_wconf 79' lang='grc' dir='ltr'>στῆναι</span> <span class='ocrx_word' id='word_1_780' title='bbox 2930 5552 3246 5621; x_wconf 83' lang='grc' dir='ltr'>δυνάμενος,</span> <span class='ocrx_word' id='word_1_781' title='bbox 3279 5552 3414 5606; x_wconf 78' lang='grc' dir='ltr'>ἀλλὰ</span> <span class='ocrx_word' id='word_1_782' title='bbox 3441 5550 3526 5604; x_wconf 86' lang='grc' dir='ltr'><strong>καί</strong></span> <span class='ocrx_word' id='word_1_783' title='bbox 3547 5541 3672 5598; x_wconf 57' lang='grc' dir='ltr'>τοῦτο</span> <span class='ocrx_word' id='word_1_784' title='bbox 3687 5535 3806 5620; x_wconf 47' lang='grc' dir='ltr'>δεινίξις</span> 
     </span>
    </p>
   </div>
   <div class='ocr_carea' id='block_1_113' title="bbox 2357 5624 3806 5716">
    <p class='ocr_par' dir='ltr' id='par_1_113' title="bbox 2357 5624 3806 5716">
     <span class='ocr_line' id='line_1_114' title="bbox 2357 5624 3806 5716; baseline -0.026 -3"><span class='ocrx_word' id='word_1_785' title='bbox 2357 5644 2710 5713; x_wconf 74' lang='grc' dir='ltr'>παρειμένος,</span> <span class='ocrx_word' id='word_1_786' title='bbox 2739 5645 2959 5716; x_wconf 85' lang='grc' dir='ltr'>δαίμοσί</span> <span class='ocrx_word' id='word_1_787' title='bbox 2981 5661 3039 5697; x_wconf 87' lang='grc' dir='ltr'><strong>τε</strong></span> <span class='ocrx_word' id='word_1_788' title='bbox 3069 5645 3244 5716; x_wconf 76' lang='grc' dir='ltr'>τρισὶν</span> <span class='ocrx_word' id='word_1_789' title='bbox 3270 5643 3592 5713; x_wconf 74' lang='grc' dir='ltr'>ὲταξὸμενος.</span> <span class='ocrx_word' id='word_1_790' title='bbox 3625 5631 3668 5682; x_wconf 89' lang='lat'><strong>&#39;0</strong></span> <span class='ocrx_word' id='word_1_791' title='bbox 3696 5624 3806 5716; x_wconf 67' lang='grc' dir='ltr'>δὶτῖί</span> 
     </span>
    </p>
   </div>
   <div class='ocr_carea' id='block_1_114' title="bbox 2358 5715 3803 5807">
    <p class='ocr_par' dir='ltr' id='par_1_114' title="bbox 2358 5718 3802 5807">
     <span class='ocr_line' id='line_1_115' title="bbox 2358 5718 3802 5807; baseline -0.001 -19"><span class='ocrx_word' id='word_1_792' title='bbox 2358 5736 2670 5801; x_wconf 79' lang='grc' dir='ltr'>πολυειδοῦς</span> <span class='ocrx_word' id='word_1_793' title='bbox 2721 5739 2880 5791; x_wconf 68' lang='grc' dir='ltr'>αὑτὸν</span> <span class='ocrx_word' id='word_1_794' title='bbox 2928 5739 3021 5790; x_wconf 72' lang='grc' dir='ltr'>καὶ</span> <span class='ocrx_word' id='word_1_795' title='bbox 3065 5737 3316 5807; x_wconf 80' lang='grc' dir='ltr'>ποικίλης</span> <span class='ocrx_word' id='word_1_796' title='bbox 3364 5727 3622 5806; x_wconf 75' lang='grc' dir='ltr'>συμφορᾶς</span> <span class='ocrx_word' id='word_1_797' title='bbox 3655 5718 3802 5780; x_wconf 46' lang='grc' dir='ltr'><strong>δίεπ’</strong></span> 
     </span>
    </p>
   </div>
  </div>
