4010 6288
214 289 362 356 θεοῦ

1212 287 1382 349 VITA
1430 287 1476 346 A
1514 277 1948 347 NICEPHORO
1988 278 2474 341 CONSCRIPTA.

1962 155 2015 166 ..θ
2029 155 2108 169 μ..

3322 276 3466 339 3ΞΙο

229 404 315 464 είς
343 399 493 453 ἔλεον
528 395 685 452 πάλιν
715 395 874 461 αὐτὸς
915 390 1020 449 είδε
1044 394 1178 448 Θεοῦ
1214 394 1302 448 τὸν
1328 393 1687 462 ἀδαπανήτως
1715 388 1799 441 ἀεὶ

1916 387 2002 443 Dei
2040 404 2164 458 qua:
2187 384 2563 443 exhauriendo
2597 399 2707 440 non
2737 383 3086 440 imminuitur
3108 426 3121 447 ,
3164 386 3356 441 oculos
3386 404 3472 440 re-

223 490 574 561 κενούμενον,
605 489 699 543 καὶ
730 487 953 542 πτύελον
981 488 1177 540 οἰκεῖον
1211 485 1288 557 τῷ
1319 484 1565 554 δακτύλῳ
1594 480 1798 544 λαϐὼν,

214 583 318 638 καὶ
347 581 472 645 τοὺς
501 579 813 650 ὀφθαλμοὺς
838 578 1146 648 ἐπιχρίσας,
1177 577 1256 646 τῷ
1279 593 1339 628 τε
1361 572 1675 642 Δεσποτικῷ
1699 572 1796 626 τύ-

215 690 309 745 πῳ
335 674 433 736 τὰς
466 671 608 742 ψύας
631 670 959 740 σφραγίσας,
992 668 1071 737 τῷ
1104 667 1203 738 μὲν
1241 670 1352 731 τοῖς
1392 665 1688 735 ὀφθαλμοῖς
1719 664 1799 718 δί-

213 766 384 820 δωσιν
417 764 622 827 εὐθέως
658 762 718 815 τὸ
762 762 897 831 φῶς,
928 760 1005 830 τῷ
1047 758 1103 813 δέ
1149 758 1227 828 τῷ
1276 758 1430 829 ἰσχίῳ
1466 757 1566 828 τὴν
1608 755 1796 824 ρῶσιν.

227 857 392 927 Ἑξῆς
412 856 467 908 δέ
497 873 581 919 τις
605 855 743 924 ἀνὴρ
769 853 942 907 ἐδόκει
966 851 1042 921 τῷ
1074 851 1333 920 πάσχοντι
1381 850 1587 921 χιτῶνα
1620 847 1798 902 ποικι-

213 948 312 1003 λον
357 945 672 1009 ἐνδεδυκὼς,
704 945 830 1007 τοὺς
863 942 1207 1006 ἐνοικοῦντας
1247 941 1396 1011 αὐτῷ
1433 943 1580 1010 τρεῖς
1611 939 1801 1010 δαίμο-

212 1057 319 1104 νας
380 1039 641 1101 ἐκείνους,
690 1035 910 1090 ἁλύσεσι
974 1034 1146 1103 πυρὸς
1196 1033 1485 1095 τοσαύταις
1535 1032 1800 1102 πεδήσας,

211 1132 312 1184 καὶ
341 1129 496 1183 κλοιὰ
533 1127 803 1197 περιθείς·
846 1119 921 1179 ὧν
954 1124 1156 1188 εὐθέως
1184 1121 1536 1189 ἀπαλλαγεὶς,
1568 1120 1687 1174 ὅλον
1714 1118 1803 1174 διὰ

214 1220 318 1273 τοῦ
368 1216 656 1287 μοναδικοῦ
695 1216 972 1285 σχήματος
1024 1214 1215 1267 ἐαυτὸν
1261 1212 1532 1286 τοσα.ύτης
1575 1211 1804 1282 χάριτος

216 1309 549 1363 ἀντιδίδωσι.
587 1303 992 1375 ῐΙαραπλησίως
1027 1305 1125 1372 μὲν
1158 1302 1250 1354 οὖν
1280 1300 1474 1372 ἔχοντα
1511 1303 1624 1364 τοῖς
1657 1301 1805 1370 εἰρη-

220 1399 412 1467 μένοις
456 1396 523 1450 τὰ
567 1394 903 1464 ἐπαγόμεναι,
948 1393 1055 1463 χρὴ
1087 1392 1145 1445 δὲ
1193 1392 1342 1462 ὅμως
1373 1389 1641 1446 κάκείνων
1684 1391 1805 1443 ἐπι-

218 1488 557 1561 μνησθῆναι.

297 1579 440 1650 σμδ’.
495 1577 749 1646 Ἰωάννης
802 1574 909 1647 γὰρ
939 1592 1022 1639 τις
1064 1572 1199 1645 μηδέ
1237 1572 1450 1644 θατέρῳ
1477 1574 1590 1626 τοῖν
1623 1572 1804 1627 ποδοῖν

216 1667 494 1722 κινεῖσθαι
518 1666 836 1735 δυνάμενος,
872 1664 988 1719 ἀλλ’
1021 1664 1299 1733 ἑκατέρων
1321 1662 1502 1716 αὐτῶν
1531 1663 1804 1734 ἀκινήτως

215 1759 368 1828 ἔχων
421 1757 515 1810 καὶ
556 1756 748 1826 χρόνον
796 1756 891 1808 ἐπὶ
927 1754 1156 1825 μακρὸν,
1185 1753 1292 1807 τῶν
1322 1754 1497 1808 ἄλλων
1533 1755 1802 1823 ἀπογνοὺς

214 1847 504 1911 ἁπάντων,
557 1844 749 1900 ἐλπίδα
795 1844 886 1898 τὸν
935 1843 1246 1915 θαυμαστὸν
1296 1842 1504 1897 ἐτίθετο
1540 1842 1802 1913 Συμεὼν,

215 1937 320 1989 καὶ
346 1935 508 1988 αὑτὸν
549 1935 606 1987 ἐν
632 1937 811 1988 πίστει
838 1933 1062 2005 καρδίας
1096 1933 1437 1986 ἐπεκαλεῖτο.
1482 1934 1544 1986 Ἱί
1587 1932 1685 2003 μέν
1711 1932 1806 1987 οὖν

215 2028 327 2099 ἤδη
367 2025 513 2096 πρωῒ
549 2028 647 2095 τῆς
673 2026 879 2097 ἡμέρας
901 2042 915 2056 ⁸
952 2027 981 2080 6
1015 2025 1072 2079 δὲ
1104 2025 1356 2095 καθάπερ
1385 2025 1466 2087 είς
1505 2026 1672 2079 ὕπνον
1703 2026 1807 2079 ὑπ-

215 2118 541 2188 ολισθήσας,
579 2118 711 2192 ὀδᾷν
739 2117 912 2170 ἐδόκει
937 2116 1027 2170 τὸν
1055 2115 1301 2186 Συμεὼν,
1330 2115 1558 2184 ἄγγελος
1588 2115 1645 2169 δέ
1675 2114 1804 2186 παρ’

218 2208 466 2277 ἑκάτερα
502 2206 693 2260 τούτου
723 2206 970 2276 λαμπρὸς
1021 2206 1122 2276 τὴν
1178 2205 1519 2277 ἀναϐολὴν,ἦ
1547 2222 1606 2259 τε
1648 2206 1806 2277 βαῖνη

220 2298 427 2371 ῥάὸδες
470 2297 662 2367 ἐκείνῳ
707 2296 795 2350 διὰ
830 2298 1031 2366 χειρὸς,
1076 2296 1450 2367 σφραγίσαντα
1482 2297 1606 2360 τοὺς
1639 2295 1807 2358 πόδας

218 2388 419 2453 αὐτοῦ,
454 2388 549 2441 καὶ
577 2388 929 2455 διαναστῆναι
957 2387 1308 2442 κελεύσαντα.
1337 2388 1446 2440 Καὶ
1483 2390 1511 2440 6
1546 2386 1647 2456 μὲν
1678 2386 1808 2455 γλυ-

220 2482 330 2547 κὺς
363 2478 527 2543 ὕπνος
555 2481 758 2541 ἐκεῖνος
792 2479 918 2548 ὑγιῆ
947 2478 1136 2531 τοῦτον
1159 2479 1348 2549 ἀνῆκε,
1383 2482 1476 2534 καὶ
1505 2483 1538 2551 ἡ
1565 2481 1686 2550 ὄψις
1718 2481 1810 2552 ἐρ-

220 2587 328 2640 γον
356 2565 445 2641 ἦν,
486 2571 579 2623 καὶ
625 2569 926 2639 φαντασίαν
954 2569 1114 2633 εὐθὺς
1161 2572 1193 2641 ή
1231 2571 1455 2642 ἀλήθεια
1497 2571 1804 2628 ἐπιστοῦτο.

236 2662 303 2718 '0
328 2663 387 2717 δέ
412 2663 668 2735 δρομαῖος
697 2664 849 2735 παρὰ
875 2663 964 2716 τὸν
997 2664 1186 2718 στύλον
1216 2664 1405 2729 ἐλθὼν,
1442 2667 1471 2719 6
1495 2666 1688 2737 πρώην
1719 2664 1810 2717 ἶσα

224 2754 326 2808 καὶ
358 2757 459 2825 τῆς
493 2755 763 2827 φερούσης
805 2755 968 2808 αὑτὸν
997 2757 1183 2825 κλίνης
1218 2756 1476 2828 ἀκίνητος
1520 2755 1718 2827 μένων,
1751 2758 1809 2810 ἐν

225 2845 472 2916 θαύματι
502 2863 560 2899 τε
590 2845 657 2900 τὰ
682 2846 805 2901 καθ’
836 2844 1028 2900 ἐαυτὸν
1061 2848 1420 2916 ἀπαγγείλας,
1449 2848 1570 2901 ὅλον
1599 2848 1686 2902 διὰ
1716 2847 1809 2901 τοῦ

229 2937 525 3008 μοναδικοῦ
554 2936 670 3008 βίου
698 2939 790 2992 καὶ
815 2931 969 3003 οὗτος
992 2924 1322 3011 χαριστήρια
1353 2939 1625 3010 τοσαύτης
1651 2939 1811 3010 εὐερ-

226 3029 424 3098 γεσίας
449 3029 643 3083 ἑαυτὸν
664 3030 1031 3102 ἀντεισφέρει.

308 3228 448 3293 σμε¹.
481 3222 713 3275 Ἔπειτα
741 3222 923 3292 μέντοι
948 3218 1235 3290 παρθένος,
1266 3217 1525 3271 Θεοσεὸία
1556 3216 1656 3289 τὴν
1683 3214 1816 3287 κλῆ-

232 3331 344 3379 σιν,
394 3314 616 3385 χαλεπῷ
666 3314 880 3384 δαίμονι
926 3310 1386 3382 πολιορκουμένη,
1436 3311 1510 3375 ὡς
1551 3311 1644 3365 καὶ
1690 3308 1815 3365 καθ’

233 3404 430 3470 ὓδατος
460 3405 728 3475 ἀφεθῆναι
768 3403 898 3475 παρ’
925 3403 1137 3457 ἐκείνου
1169 3403 1451 3468 πολλάκις,
1485 3403 1816 3472 ἐφαντάζετο
1840 3392 1873 3420 ⁹

232 3497 328 3551 τὸν
360 3496 501 3550 θεῖον
538 3494 783 3565 Συμεὼν,
822 3494 1291 3565 μετακαλούμενον
1323 3489 1412 3547 οἷα
1448 3496 1585 3565 πρὸς
1622 3494 1815 3548 ἐαυτὸν

238 3588 380 3641 οἴκο.
434 3588 723 3657 μένουσαν.
765 3587 832 3640 Ἠ
874 3586 929 3640 δὲ
960 3587 1057 3656 τὴν
1095 3585 1217 3655 ὄψιν
1253 3585 1412 3655 ἔργον
1446 3587 1811 3657 ποιησαμένη,

234 3678 314 3742 ὡς
344 3678 442 3750 ήδη
471 3678 566 3732 καὶ
595 3679 889 3732 ἀτενίσειεν
933 3680 1012 3742 εἰς
1044 3679 1225 3744 αύτὸν,
1253 3679 1356 3749 ὁρᾷ
1388 3693 1539 3731 τινα-
1567 3679 1813 3732 διάττου-

240 3786 339 3822 σαν
365 3767 553 3839 ὥσπερ
578 3766 862 3839 ἀστραπὴν
889 3767 983 3820 τοῦ
1010 3767 1303 3838 προσώπου
1330 3785 1344 3800 ο
1377 3769 1470 3822 καὶ
1494 3766 1555 3819 τὸ
1587 3768 1688 3836 μὲν
1718 3783 1816 3821 πο-

214 3854 401 3933 ’νηρὸν
423 3864 598 3913 ἐκεῖνο
622 3860 837 3931 πνεῦμα
864 3860 1094 3930 θορύϐου
1131 3860 1308 3914 πάντα
1334 3861 1430 3913 καὶ
1460 3859 1589 3929 βοῆς
1615 3859 1817 3913 αὐτίκα

240 3952 498 4022 ἐπλήρου,
529 3951 628 4021 τὴν
658 3949 792 4021 πρὸς
832 3949 924 4001 τὸν
954 3949 1096 4003 θεῖον
1132 3949 1299 4019 ἄνδρα
1339 3950 1432 4003 καὶ
1457 3951 1556 4020 τὴν
1586 3953 1644 4003 ἐν
1667 3950 1816 4021 αὐτῷ

239 4045 333 4099 τοῦ
364 4043 678 4115 Πνεύματος
707 4044 867 4116 χάριν
895 4044 955 4098 οὐ
987 4042 1149 4114 φέρον
1178 4044 1473 4116 ἐγγύτητα,
1503 4042 1620 4098 ἀλλ’
1649 4047 1702 4101 sl
1733 4063 1816 4108 τις

240 4136 463 4207 δύναμις
486 4136 798 4189 ἐλαύνεσθαι
830 4138 922 4191 καὶ
954 4137 1176 4206 φεύγειν
1201 4137 1417 4207 μακρὰν
1438 4137 1814 4208 ἐπειγόμενον.

253 4228 315 4281 Ἦ
338 4229 393 4281 δέ
416 4227 704 4298 παρθένος,
731 4226 836 4293 ἔξω
864 4229 1118 4299 καθάπερ
1153 4230 1354 4299 ἐαυτῆς
1380 4231 1668 4300 γενομένη,
1705 4229 1818 4284 £66-

252 4336 334 4375 κει
359 4321 449 4372 τον
477 4318 704 4389 Συμεὼν
734 4320 865 4391 ὁρᾷν
889 4319 966 4390 τῷ
988 4320 1204 4391 δαίμονι
1231 4308 1407 4393 δεσμὰ
1431 4323 1744 4393 περιθέντα,
1779 4323 1812 4392 ἡ

1902 478 2072 539 flexit.
2105 487 2268 548 sputo
2295 493 2396 533 suo
2433 475 2662 547 digitum
2696 475 2877 540 tinxit,
2901 474 3090 530 oculos
3121 474 3246 529 caeci
3276 471 3470 537 illcvit,

1902 568 2197 624 Dominicae
2217 568 2398 624 crucis
2420 567 2576 639 signo
2606 567 2827 622 lumbos
2844 565 3205 621 communivit
3236 583 3250 620 :
3284 566 3473 635 sicque

1902 658 2077 713 altero
2103 658 2285 712 statim
2311 641 2488 713 oculis
2531 657 2739 721 lumen,
2766 657 2939 710 altero
2977 655 3211 725 pedibus
3241 655 3473 709 ﬁrmita-

1903 754 2011 802 tem
2034 748 2294 803 restituit.
2327 747 2536 802 Deinde
2555 747 2848 803 videbatur
2866 747 3092 816 patienti
3123 748 3208 801 vir
3229 746 3474 816 quidam,

1905 839 2147 894 tunicam
2186 838 2576 895 versicolorem
2627 840 2874 906 indutus,
2901 846 3033 902 tres,
3081 854 3113 893 a
3138 838 3343 909 quibus
3378 839 3476 894 ob—

1902 929 2208 996 sidebatur,
2258 930 2535 986 daemones
2593 929 2783 1001 ignitis
2839 929 3051 985 catenis
3100 930 3481 1000 constringere

1903 1022 2314 1093 compedesque
2340 1023 2409 1078 iis
2446 1023 2693 1094 injicere.
2725 1022 2796 1076 lis
2817 1036 2951 1092 ergo
2980 1020 3161 1075 statim
3191 1020 3480 1084 liberatus,

1904 1120 2079 1166 totum
2112 1128 2171 1168 se
2206 1128 2308 1183 pro
2340 1121 2615 1168 tantarum
2650 1111 2950 1181 gratiarum
2983 1110 3200 1165 actione
3225 1118 3482 1179 suscepto

1904 1204 2211 1259 monastieo
2260 1204 2453 1259 habitu
2505 1203 2727 1259 obtulit.
2761 1201 3068 1258 Persimilia
3097 1200 3321 1271 quidem
3346 1216 3484 1270 pnn-

1904 1294 2234 1350 ccdentibus
2262 1295 2354 1349 illa
2386 1310 2509 1365 quae
2555 1302 2888 1365 sequuntur,
2932 1293 3297 1350 nihilominus
3328 1306 3482 1347 com-

1904 1383 2264 1439 memoranda
2312 1391 2460 1439 sunt.

1973 1560 2101 1616 2M.
2141 1558 2381 1617 Joannes
2411 1559 2636 1631 quidam
2670 1570 2872 1617 ne‘utro
2903 1560 3105 1633 pedum
3152 1575 3378 1615 suorum
3403 1559 3485 1614 uti

1905 1663 2142 1725 poterat,
2181 1665 2480 1725 utrumque
2505 1656 2617 1724 jam
2651 1670 2681 1710 a
2722 1655 2886 1725 longo
2930 1662 3181 1731 tempore
3226 1652 3486 1706 immobi-

1906 1748 2015 1803 lem
2039 1748 2285 1803 habens:
2312 1762 2437 1802 eum
2464 1762 2596 1802 vero
2617 1746 2938 1817 desperaret
2963 1746 3033 1801 de
3056 1745 3313 1800 remediis
3341 1744 3485 1806 aliis,

1908 1853 2060 1908 spem
2093 1853 2312 1894 omnem
2343 1838 2398 1893 in
2426 1846 2617 1894 saneto
2639 1838 2913 1908 Symeone
2954 1837 3166 1907 posuit,
3197 1837 3488 1907 ipsumque

1911 1928 2100 1985 fidenti
2141 1930 2308 1985 corde
2340 1930 2633 1985 invocavit.
2670 1931 2806 1986 Erat
2839 1939 2954 1985 tum
3005 1929 3149 1985 forte
3189 1943 3489 1998 crepuscu-

1908 2022 2023 2076 lum
2052 2022 2275 2078 circiter
2309 2025 2665 2089 matutinum,
2691 2023 2913 2094 quando
2940 2023 3048 2079 leni
3096 2038 3291 2077 somno
3318 2020 3488 2077 veluti

1908 2113 2145 2185 sopitus,
2194 2114 2515 2185 conspicere
2558 2129 2618 2170 se
2662 2121 2823 2185 putat
2875 2113 3227 2184 Symeonem,
3281 2110 3491 2182 angelis

1912 2206 2175 2276 utrinque
2218 2205 2449 2277 fulgenti
2485 2207 2541 2261 in
2576 2215 2727 2261 veste
2770 2204 3128 2275 stipntibus,
3155 2204 3367 2274 palmea
3392 2217 3491 2257 sua

1909 2309 2075 2364 quam
2122 2310 2287 2349 manu
2323 2293 2545 2349 tenebat
2570 2293 2723 2364 virga
2766 2293 3075 2362 signantem
3125 2291 3294 2362 pedes
3321 2290 3489 2357 illius,

1909 2385 2372 2455 mandantemque
2403 2392 2464 2440 ut
2496 2392 2704 2453 surgat.
2729 2383 2881 2438 Abiit
2910 2382 3091 2438 dulcis
3118 2383 3210 2437 ille
3241 2397 3489 2446 somnus,

1907 2487 1967 2534 et
2005 2488 2356 2549 persanatum
2388 2478 2668 2532 hominem
2696 2473 2967 2546 reliquit:
3004 2474 3263 2546 quodque
3310 2475 3488 2530 visqu

1910 2569 2110 2631 fuerat,
2140 2569 2343 2629 factum
2366 2577 2507 2636 erat,
2533 2578 2591 2625 et
2632 2568 3036 2639 apparitionem
3062 2568 3489 2623 veritasesecuta

1910 2670 2016 2720 est.
2061 2663 2301 2719 Joannes
2331 2662 2519 2733 igitur,
2556 2664 2652 2732 qui
2683 2662 2897 2733 pridem
2926 2677 3039 2718 non
3068 2662 3241 2732 magis
3271 2661 3491 2718 mobilis

1909 2762 2031 2810 erat
2062 2769 2226 2825 quam
2253 2754 2491 2810 lectulus
2517 2769 2627 2825 quo
2656 2752 2958 2819 ferebatur,
2985 2754 3263 2809 curriculo
3297 2753 3366 2808 ad
3395 2769 3491 2809 co-

1911 2847 2155 2903 lumnam
2206 2847 2444 2915 advolat,
2500 2847 2763 2903 nuntians
2791 2863 2916 2903 cum
2952 2846 3339 2911 admiratione,
3370 2862 3495 2916 qua:

1911 2937 2016 2995 sibi
2050 2939 2191 2995 facta
2220 2948 2380 2995 erant
2404 2957 2418 3007 ;
2454 2948 2512 2997 et
2543 2956 2643 3011 per
2669 2930 3028 2995 monasticam
3051 2938 3220 2994 vitam
3243 2938 3334 2993 hic
3357 2953 3493 3009 quo-

1915 3047 2023 3102 que
2049 3033 2161 3087 Deo
2186 3048 2245 3088 se
2264 3032 2550 3099 dedicans,
2588 3032 2943 3104 gratitudinis
2973 3033 3094 3089 loco
3121 3047 3183 3088 se
3213 3046 3314 3103 pro
3341 3039 3494 3087 tanto

1917 3125 2187 3181 beneflcio
2230 3126 2507 3181 retribuit.

1983 3219 2110 3273 245.
2152 3216 2319 3288 Virgo
2352 3217 2622 3288 quaedam,
2673 3218 2759 3274 cui
2804 3230 3006 3275 nomen
3031 3217 3342 3275 Thesebsia
3367 3259 3381 3284 ,
3414 3219 3487 3274 ab

1916 3308 2275 3364 infestissimo
2317 3309 2565 3366 daemone
2592 3324 2735 3381 sape
2762 3311 2842 3367 sic
2871 3320 3205 3382 Oppugnata,
3231 3319 3294 3365 ut
3326 3311 3493 3366 etiam

1915 3398 1971 3453 in
2020 3410 2216 3467 aquam
2269 3414 2516 3468 praeceps
2563 3398 2814 3465 daretur,
2850 3400 3252 3470 imaginabatur
3293 3399 3399 3454 sibi
3433 3414 3494 3454 se

1914 3489 2103 3545 videre
2138 3500 2388 3544 sanctum
2428 3490 2778 3561 Symeonem,
2799 3499 3119 3546 evocantem
3152 3490 3299 3545 illam
3329 3490 3494 3545 domo

1916 3581 2012 3635 ubi
2060 3581 2339 3645 manebat,
2375 3580 2445 3635 ad
2486 3596 2545 3635 se
2574 3597 2591 3637 :
2621 3581 2947 3652 curavitque
2989 3579 3139 3651 quod
3169 3579 3409 3643 viderat,
3436 3590 3498 3635 ut

1915 3684 2083 3739 opere
2127 3677 2542 3739 exsequeretur.
2588 3669 2726 3726 Cum
2762 3686 2896 3726 vero
2919 3673 3031 3742 jam
3059 3671 3252 3727 oculos
3283 3670 3339 3725 in
3365 3685 3493 3726 san-

1915 3768 2066 3816 ctum
2122 3761 2452 3827 intenderet,
2485 3756 2625 3818 vidit
2651 3763 2807 3834 quasi
2856 3764 3042 3836 fulgur
3080 3762 3304 3835 aliquod
3345 3764 3498 3819 absi-

1915 3860 2062 3907 stere
2096 3871 2127 3907 a
2171 3852 2311 3908 faeie
2356 3854 2477 3925 ejus
2523 3855 2838 3926 :malignus
2882 3863 3066 3912 autem
3111 3856 3342 3927 spiritus
3388 3855 3497 3911 late

1916 3944 2100 3998 omnia
2159 3945 2399 3999 tumultu
2451 3958 2515 4000 ac
2556 3946 2952 4003 vociferatione
2998 3948 3316 4019 complevit,
3354 3947 3499 4003 ferre

1917 4034 2188 4105 nequiens
2242 4036 2560 4106 propiorem
2618 4037 2721 4092 viri
2781 4038 2957 4095 sancti
3024 4036 3407 4111 congressum
3440 4050 3499 4096 et

1917 4125 2147 4197 gratiam
2198 4125 2438 4197 Spiritus
2480 4129 2690 4195 sancti;
2736 4130 2831 4184 sed
2868 4130 3173 4185 conabatur
3210 4132 3339 4187 totis
3368 4130 3500 4187 viri-

1919 4217 2024 4271 bus
2074 4217 2203 4272 inde
2251 4218 2470 4289 longius
2524 4219 2807 4289 aufugere.
2865 4220 3004 4275 Tum
3038 4222 3214 4292 virgo,
3263 4223 3417 4277 velut
3466 4236 3499 4275 a

1919 4308 2177 4364 sensibus
2234 4309 2493 4376 abducta,
2546 4310 2898 4381 conspicatur
2927 4322 3198 4377 sanctum,
3244 4312 3499 4383 injicien-

247 4407 499 4478 περιϐολὴ
521 4409 575 4461 δέ
595 4409 675 4479 τῷ
708 4411 847 4480 ἁγίῳ
879 4412 992 4480 φῶς
1023 4408 1091 4482 ἦν
1120 4412 1215 4466 καὶ
1247 4413 1512 4481 στέφανος
1542 4414 1684 4485 ὑπὲρ
1717 4431 1810 4467 κε-

1922 4407 2029 4454 tem
2051 4400 2286 4457 (ιπηιοηί
2313 4402 2567 4457 vincula:
2600 4411 2718 4457 erat
2741 4412 2925 4459 autem
2954 4404 3188 4459 amictus
3208 4404 3329 4460 viro
3353 4399 3502 4459 totus

247 4497 432 4566 φαλῆς,
468 4499 560 4551 ἐπὶ
586 4499 643 4553 δὲ
673 4499 750 4570 τῷ
778 4501 1026 4570 στεφάνῳ
1057 4503 1309 4573 σταυρὸς,
1337 4497 1448 4567 οἷος
1477 4503 1640 4559 αὐτὸν
1671 4505 1700 4557 6
1727 4504 1817 4558 λόο

246 4606 333 4658 γος
362 4590 649 4660 προλαϐὼν
675 4591 933 4661 ἔγραψεν.
969 4593 1040 4645 Ἢ
1068 4597 1168 4662 τῆς
1198 4595 1262 4647 ἐκ
1291 4594 1384 4648 τοῦ
1413 4596 1665 4666 δαίμονος
1692 4597 1815 4650 τότε

253 4682 440 4750 μανίας
465 4678 865 4750 ἀπαλλαγεῖσα,
895 4684 1091 4753 σεμνόν
1112 4702 1170 4736 τε
1193 4686 1286 4738 καὶ
1317 4686 1571 4758 σώφρονα
1595 4688 1710 4758 βίον
1728 4686 1817 4742 διὰ

245 4773 425 4837 τέλους
467 4773 616 4836 ἐϐίω,
654 4775 858 4845 ταύτην
894 4773 1013 4845 Θεῷ
1051 4777 1144 4829 καί
1189 4776 1266 4847 τῷ
1318 4775 1541 4847 Συμεὼν
1581 4777 1816 4852 ἀμοιϐὴν

248 4864 757 4933 ἀντεισενεγκοῦσαο
810 4859 843 4940 ᾖ
884 4867 977 4918 καὶ
1014 4867 1204 4930 νυκτὸς
1245 4869 1443 4940 ὄνειροι
1482 4868 1575 4923 τοῦ
1627 4870 1816 4924 λοιποῦ

251 4957 477 5027 συνεχῶς
512 4956 824 5026 ἐχαρίζοντο
853 4958 1150 5027 φαντασίαν
1183 4958 1356 5029 ὅψεως
1410 4959 1547 5033 αὐτῇ
1593 4962 1687 5016 τοῦ
1718 4963 1817 5015 Συ-

252 5046 388 5116 μεὼν
415 5049 724 5113 ἐνδιδόντες,
752 5052 815 5120 τῇ
845 5050 961 5120 ὄψει
994 5051 1049 5104 δὲ
1082 5052 1398 5121 παραδόξως
1426 5055 1517 5107 καὶ
1543 5053 1692 5117 θείας
1726 5050 1816 5109 66-

251 5139 407 5204 ωδίας
429 5143 837 5214 παρεπομένης.
1015 5143 1019 5146 ’

319 5402 469 5465 σμς’.
500 5399 734 5452 Κάκεῖνο
762 5401 817 5455 δὲ
841 5401 950 5455 τῶν
986 5406 1398 5474 προειρημένων
1431 5409 1530 5463 οὐκ
1559 5411 1777 5467 ἔλαττον
1800 5430 1813 5443 ·

264 5484 421 5553 Ἀνήρ
459 5506 543 5553 τις
583 5491 675 5544 τὸν
706 5492 892 5562 ἕτερον
928 5493 1034 5547 τῶν
1070 5496 1247 5550 ποδῶν
1278 5501 1505 5566 πολλοὺς
1547 5504 1647 5575 ἤδη
1689 5507 1818 5577 χρό-

251 5589 366 5638 νους
394 5582 806 5650 πεπηρωμένος,
824 5584 897 5647 ὼς
927 5583 1021 5637 καὶ
1044 5585 1232 5640 τούτου
1270 5593 1614 5648 παντάπασιν
1648 5597 1820 5669 ἀχρή-

252 5681 387 5731 στως
428 5669 570 5741 ἔχειν
613 5673 708 5725 καὶ
754 5675 1046 5744 ἁνονήτως,
1091 5677 1369 5752 ὑποζυγίῳ
1423 5685 1619 5760 φόρτος
1666 5690 1818 5761 παρὰ

487 5762 760 5825 ΙἈτιιοι.
802 5765 914 5826 Gn.
985 5768 1200 5828 LXXX
1217 5772 1317 5833 \‘l.

1920 4490 2161 4557 lucidus,
2195 4492 2251 4548 in
2279 4494 2459 4564 capite
2494 4509 2719 4559 corona,
2762 4510 2927 4565 supra
2954 4511 3119 4565 quam
3152 4503 3498 4551 sacrosancta

1918 4599 2084 4651 crux;
2109 4585 2328 4654 qualem
2353 4587 2531 4656 ipsum
2558 4603 2723 4658 supra
2748 4589 2929 4644 oratio
2955 4598 3144 4644 nostra
3169 4589 3495 4658 descripsit:

1918 4683 1975 4729 ct
2009 4676 2202 4730 eodem
2233 4685 2479 4747 tempore
2519 4678 2788 4735 daemonis
2836 4679 3028 4736 furore
3064 4681 3239 4737 libera
3285 4681 3406 4746 fuit,
3442 4689 3500 4734 et

1918 4776 2122 4822 castam
2149 4768 2502 4839 sobriamquc
2531 4768 2722 4835 vitam,
2749 4773 2967 4841 qualem
2998 4771 3199 4827 deinde
3221 4771 3354 4842 egit,
3382 4771 3497 4829 Deo

1920 4869 2086 4930 atque
2142 4859 2401 4931 Symeoni
2438 4863 2903 4917 remunerationis
2950 4864 3074 4918 loco
3127 4862 3495 4918 consecravit.

1922 4950 2035 5005 llae
2064 4959 2251 5005 autem
2282 4950 2517 5006 durante
2550 4953 2782 5024 singulis
2814 4953 2929 5008 fere
2963 4953 3220 5008 noctibus
3270 4954 3500 5011 reduce-

1921 5040 2125 5098 bantur
2157 5058 2258 5114 per
2295 5045 2539 5113 quietem
2586 5045 2834 5113 ejusdem
2885 5045 3097 5115 species
3126 5044 3378 5110 visionis,
3407 5045 3500 5117 Sy-

1921 5144 2173 5190 meonem
2212 5136 2681 5205 repraesentantis,
2712 5136 3135 5215 cxbibcntisque
3166 5136 3498 5191 beneficium

1924 5225 2213 5292 collatum;
2267 5234 2535 5296 sequente
2575 5227 2741 5281 etiam
2793 5227 3334 5298 repraesentationem
3386 5241 3496 5281 non

1920 5326 2236 5387 exspectata
2276 5316 2489 5372 odoris
2515 5316 2689 5373 divini
2731 5319 3048 5389 fragrantia.

1989 5409 2114 5464 2‘46.
2156 5410 2297 5465 Illud
2332 5410 2573 5482 denique
2618 5412 2731 5483 jam
2767 5411 2930 5468 dictis
2979 5428 3089 5467 non
3119 5421 3204 5468 est
3242 5409 3496 5467 inferius.

1922 5498 2020 5555 Vir
2053 5501 2276 5571 quidam
2320 5502 2554 5556 alterum
2602 5503 2798 5573 pedem
2850 5502 3067 5559 diutino
3109 5511 3354 5574 tempore
3409 5503 3497 5558 in-
3573 5503 3585 5514 ‘

1922 5591 2257 5645 flammatum
2306 5607 2524 5660 gerens,
2550 5594 2799 5664 nullique
2828 5595 3056 5649 omnino
3088 5594 3213 5649 usui
3266 5602 3496 5663 aptum;

1922 5683 2212 5742 dcssuario
2239 5683 2547 5755 impositus,
2609 5688 2675 5742 ad
2707 5688 2883 5742 virum
2922 5700 3174 5743 sanetum
3232 5687 3499 5746 advectus

3040 5784 3150 5846 101
