4010 6288
182 314 187 319 .
226 250 349 317 ἓὶθ

1217 248 1387 314 VITA
1425 250 1471 313 Α
1510 246 1946 313 NICEPHORO
1991 244 2473 311 CONSCRlPTA.

3316 240 3456 305 3214

224 361 443 433 λεχθεὶς,
476 359 643 419 ulla:
671 360 727 421 δὲ
764 356 895 430 περὶ
940 361 1257 433 πειρασμῶν
1293 362 1571 430 ὑπομονῆς
1599 374 1797 430 παραι-

1906 359 2169 413 rimorum
2219 357 2516 413 άὶιθοιὶυιιο
2588 371 2712 411 cum
2773 356 2906 425 ipsis
2957 355 3203 418 locutus;
3268 355 3458 410 multis

226 456 391 515 νέσας.
422 453 575 518 τέλος
596 454 735 525 ὅπερ
758 454 954 516 αὐτοὺς
974 454 1091 524 ᾔδει
1112 452 1303 524 μαθεῖν
1331 450 1705 522 βουλομένους,
1727 451 1788 503 οὔ

225 544 548 616 θαρροῦντας
592 544 650 599 δὲ
682 545 782 616 τὴν
801 543 1093 615 ἰρὼτησιν,
1113 545 1261 608 ὅπως
1287 542 1573 616 ἄνθρωπος
1598 541 1675 595 ὢν
1692 543 1791 595 οὐκ

225 636 571 706 ἀνθρωπίνοις
624 637 815 702 σιτίοις
862 636 1151 707 ’ἑτρέιρετο,
1190 633 1351 689 τοῦτο
1404 634 1589 696 αὐτοῖς
1634 632 1787 700 φιλο-

225 726 455 797 στόργως
486 725 878 790 ἀνακαλύπτει,
917 727 1004 781 ἵνα
1054 727 1256 798 μᾶλλον
1299 722 1502 787 αὐτοὺς
1542 721 1791 775 ἐντεῦθεν

224 819 562 890 οίκοδομήσῃ,
593 820 688 873 καὶ¹
725 818 979 891 μείζονας
1003 818 1193 883 αὐτοῖς
1230 817 1317 883 είς
1346 815 1484 870 Θεὸν
1532 813 1793 886 ὑποτείνει

224 909 451 974 ἐλπίδας.

292 1089 431 1159 σμθ’.
477 1084 616 1158 Ἐγὼ
638 1089 770 1161 γὰρ,
802 1090 997 1161 φησιν,
1023 1080 1069 1145 ὢ
1098 1092 1264 1145 τέκνα
1312 1089 1408 1145 καὶ
1437 1088 1676 1157 ἀδελφοὶ,
1702 1085 1793 1141 ἵνα

226 1183 349 1252 μηδὲ
373 1181 402 1235 ὃ
438 1181 654 1234 ποθεῖτε
699 1182 829 1252 ὑμῖν
859 1181 1267 1255 ἀποκρύψωμαι
1299 1181 1547 1254 (συνίημι
1575 1179 1684 1249 γὰρ
1712 1177 1791 1247 τῷ

223 1272 488 1343 Πνεόματι
543 1272 639 1326 καὶ
673 1273 1005 1327 σιωπώντων
1055 1273 1252 1343 ὑμῶν),
1281 1272 1489 1326 πολλῶν
1520 1270 1615 1324 τοῦ
1654 1268 1792 1323 Θεοῦ

222 1362 309 1416 καὶ
339 1363 593 1433 μεγάλων
628 1364 985 1435 εὐεργεσιῶν,
1015 1364 1113 1418 τοῦ
1141 1363 1567 1434 ἀντιλαόομένου
1601 1378 1703 1432 μου
1726 1361 1790 1413 ἐκ

222 1454 444 1525 γαστρὸς
495 1454 703 1527 μητρός
761 1456 977 1526 μου,ὼς
1021 1455 1141 1509 οὐδὲ
1186 1455 1316 1525 ὑμῖν
1360 1454 1504 1507 ἔστιν
1552 1453 1789 1521 ἀγνοεῖν,

222 1546 546 1610 ἀπολαύσας,
572 1548 651 1599 ἔτι
681 1546 954 1600 καὶτοῦτο
985 1548 1193 1618 μακρδς
1222 1546 1324 1618 ήδη
1352 1545 1542 1615 χρόνος
1566 1543 1626 1609 ἐξ
1665 1545 1789 1597 ὅτου

220 1638 312 1706 τῆς
343 1636 678 1709 ἁγαθὸτητος
706 1638 871 1692 αὑτοῦ
899 1637 1170 1708 δεηθείην,
1198 1637 1509 1703 ἀπαλλάξαι
1562 1653 1631 1706 με
1680 1633 1788 1688 τῶν

356 1692 547 1794 αίῶνος
571 1692 793 1784 ’τοιὶτου
849 1692 1175 1801 βρωμάτιόνί
1216 1728 1381 1783 Ἀλλὰ
1418 1692 1536 1791 πῶς
1562 1692 1676 1780 ,σου
1722 1726 1789 1780 τὰ
1819 1692 1866 1751 Β

220 1820 362 1890 ὲλέη,
390 1821 613 1890 Χριστὲ,
641 1821 734 1875 καὶ
762 1820 860 1892 τὴν
883 1820 1252 1891 χρηστότητα,
1278 1821 1344 1892 ἢν
1381 1820 1646 1891 ἐποίησας
1668 1819 1790 1871 τότε

222 1909 354 1981 μετὰ
383 1909 478 1962 τοῦ
518 1909 704 1963 δούλου
738 1927 831 1962 σου
879 1910 1260 1980 διηγήσομαι;
1305 1908 1552 1962 Ἐδόκουν
1580 1907 1706 1961 τινὰ
1730 1906 1802 1979 τὸ.

221 1999 404 2070 σχῆμα
446 2000 542 2053 καὶ
575 1996 675 2069 τὴν
718 1999 984 2070 ἀναϐολὴν
1014 2000 1184 2070 ἱερέα,
1217 1998 1333 2068 φῶς
1356 1998 1546 2068 ὥσπερ
1578 1998 1792 2068 ἱμάτιον

220 2090 532 2144 ἐνδεδυκότα
588 2093 741 2162 ὁρᾷν,
773 2089 967 2153 σκεῦός
1021 2107 1081 2143 τε
1129 2088 1208 2158 τῷ
1249 2090 1406 2159 ἀνδρὶ
1448 2089 1589 2142 θεῖον
1637 2084 1706 2158 ἦν
1735 2086 1795 2138 ὲν

218 2184 415 2254 χεροῖν,
449 2182 544 2234 καὶ
596 2182 663 2235 δι’
693 2183 859 2253 ἀέρος
892 2178 983 2236 οἷα
1032 2182 1353 2253 φερόμενος,
1385 2181 1607 2249 ἐγένετο
1657 2178 1795 2248 πρός

223 2292 290 2347 με
319 2289 335 2305 ⁵
370 2275 400 2328 ὅ
432 2292 488 2326 τι
533 2274 630 2345 μὲν
660 2270 753 2328 οὖν
794 2276 1176 2329 ὲναποτέθειτο
1207 2274 1286 2345 τῷ
1322 2273 1533 2339 σκεύει,
1565 2272 1794 2343 φράζειν

220 2367 320 2419 οὐκ
356 2365 486 2436 ἔχω,
522 2365 695 2429 οὕτως
725 2367 1039 2438 ἀπόρρητόν
1083 2384 1135 2419 τι
1167 2366 1258 2419 καὶ
1288 2365 1503 2436 ἥδιστον
1539 2365 1637 2417 οὐκ
1670 2363 1796 2415 ἰδεῖν

224 2456 570 2527 μόνον,τὰλλὰ
606 2458 700 2509 καὶ
723 2457 1025 2525 γεύσασθαι
1053 2453 1143 2528 ἦν.
1188 2458 1247 2510 Ὀ
1272 2457 1327 2509 δὲ
1362 2459 1428 2524 τῇ
1459 2454 1638 2508 λαὸίδι
1675 2453 1797 2522 τρὶς

224 2548 384 2619 ἐνῆκε
415 2564 515 2619 μου
562 2546 641 2618 τῷ
685 2550 937 2619 στόματι.
985 2549 1076 2614 Ἐξ
1108 2548 1317 2602 ἐκείνου
1341 2547 1519 2601 τοίνυν
1544 2545 1673 2615 ἄχρι
1701 2543 1796 2596 καὶ

221 2640 316 2695 νῦν
342 2640 529 2709 ἐώρων
560 2639 723 2692 αὐτὸν
768 2640 1007 2709 ἑκάστης
1037 2638 1323 2710 Κυριακῆς
1356 2636 1494 2705 μετὰ
1521 2634 1618 2705 τὴν
1648 2632 1798 2687 θείαν

223 2733 586 2805 λειτουργίαν,
625 2734 724 2802 τῆς
746 2724 1002 2802 τοιαύτης
1032 2731 1388 2805 μεταλήψεως
1418 2727 1686 2794 ἀξιοῦντά⁴
1705 2745 1794 2799 με,

223 2827 342 2898 ἥτις
381 2828 487 2891 ἕως
521 2827 601 2890 είς
631 2827 728 2897 τὴν
768 2827 1037 2880 ἐπιοῦσαν
1073 2825 1228 2889 αὖθις
1283 2823 1567 2894 Κυριακὴν
1610 2823 1799 2893 στήριο

220 2915 342 2986 γμά
376 2932 468 2985 μοι
493 2914 722 2983 καρδίας
745 2915 973 2982 ἐγίνετο.
1010 2916 1076 2968 Ὃ
1104 2915 1204 2983 μὲν
1247 2913 1340 2968 οὖν
1369 2912 1679 2987 ἀπόρρητόν
1710 2928 1801 2982 μοι

222 3009 361 3078 πρὸς
416 3009 580 3078 ὑμᾶς,
615 3007 682 3060 τὰ
734 3008 843 3078 ὲμὰ
896 3007 1083 3073 τέκνα,
1119 3006 1190 3060 τὰ
1236 3006 1345 3078 ὲμὰ
1385 3006 1542 3077 μέλη,
1578 3005 1647 3058 τὰ
1687 3004 1798 3075 ἐμὰ
1828 3035 1872 3098 c

224 3102 511 3172 σπλάγχνα
563 3095 656 3171 ἦν,
687 3099 846 3153 τοῦτό
898 3100 1069 3162 ἐστιν,
1098 3097 1127 3151 ὅ
1185 3098 1281 3152 καὶ⁵
1342 3097 1546 3167 σφόδρα
1602 3095 1799 3165 διψῶσι

227 3194 425 3265 μαθεῖν
481 3190 793 3261 ὲξεκάλυψα
818 3206 833 3220 ·
875 3191 943 3243 τὰ
973 3189 1018 3243 δ’
1039 3188 1195 3254 ἄλλα,
1228 3188 1387 3258 ὑμεῖς
1414 3188 1533 3241 ῐστε
1594 3185 1689 3239 καὶ
1719 3185 1797 3239 δι-

225 3282 509 3354 ηγεῖσθαι,
539 3282 589 3335 οἱ
614 3280 707 3333 καὶ
746 3279 1289 3353 παρηκολουθηκότες
1341 3295 1441 3349 μου
1474 3279 1539 3348 τῇ
1583 3277 1799 3345 ἀγωγῇ.

222 3377 317 3426 καὶ
346 3372 794 3443 συνδιαφέροντές
831 3390 922 3443 μοι
950 3373 1079 3436 τοὺς
1126 3369 1533 3440 πνευματικοὺς
1561 3367 1799 3437 ἀγῶνας,

222 3470 319 3520 καὶ
349 3466 638 3530 κοινωνοὺς
667 3465 761 3520 τοῦ
790 3464 934 3520 κατὰ
961 3465 1095 3519 Θεὸν
1123 3463 1238 3534 βίον
1265 3460 1627 3532 γεγενημένοι
1656 3476 1671 3492 ο
1717 3452 1802 3521 οἷς

221 3559 324 3622 τὰς
352 3559 488 3630 ἐμὰς
536 3558 886 3630 παραδόσεις,
916 3558 1009 3612 τὸν
1049 3557 1248 3611 κανόνα
1287 3551 1803 3626 παρακατατίθεμαι

225 3650 319 3703 τὸν
343 3650 496 3720 ἐμὸν,
523 3652 731 3719 ταύτην
758 3647 991 3721 ἀμοιϐὴν
1018 3647 1188 3702 αἰτῶν
1210 3648 1339 3716 παρ’
1361 3645 1532 3717 ὑμῶν,
1550 3646 1605 3699 et
1627 3643 1804 3697 τιτῶν

231 3741 362 3809 περὶ
401 3741 542 3808 ὑμᾶς
567 3739 666 3792 οὐκ
692 3738 1057 3809 ἀμνημονεῖτέ
1091 3754 1192 3808 μου
1222 3739 1425 3802 πόνων,
1447 3735 1514 3789 ἵν’
1538 3733 1805 3807 ἀκεραίαν

229 3849 322 3900 μοι
378 3831 476 3901 τὴν
535 3831 1007 3900 παρακαταθήκην
1055 3829 1332 3898 τηρήσητε
1363 3825 1453 3879 διὰ
1482 3822 1686 3885 τέλους,
1712 3822 1808 3874 καὶ

226 3923 304 3986 ὡς
362 3923 498 3992 ἐμοῦ
554 3922 823 3992 παρόντος
876 3921 969 3974 καὶ
1023 3919 1164 3989 μετὰ
1220 3917 1370 3979 τέλος
1437 3915 1567 3985 ὑμῖν
1630 3914 1806 3967 πάντα

224 4014 443 4084 ποιῆτε,
471 4013 566 4065 καὶ
595 4012 668 4074 ὡς
697 4015 753 4064 ὲν
776 4010 1074 4080 ὀφθαλμοῖς
1098 4010 1251 4078 ἐμοῖς
1281 4007 1375 4060 καὶ
1398 4005 1512 4075 βίον
1535 4004 1627 4058 καὶ
1651 4003 1809 4071 λόγον

223 4107 321 4158 καὶ
354 4104 551 4174 πρᾶξιν
577 4104 664 4156 ἀεὶ
707 4100 1053 4168 ἀπευθύνητε
1072 4116 1086 4130 ·
1133 4099 1357 4170 γνωριεῖ
1381 4097 1438 4149 δὲ
1471 4093 1655 4165 σαφῶς
1683 4094 1809 4164 ὑμῖν

220 4197 351 4258 τοὺς
404 4195 654 4249 ἐντεῦθεν
710 4194 976 4267 καρποὺς,
1010 4192 1096 4246 ῐνα
1140 4190 1216 4261 μὴ
1264 4187 1475 4260 μακρὸν
1523 4187 1634 4254 ἐγὼ
1683 4186 1811 4256 περὶ¹

219 4285 420 4340 τούτου
441 4286 537 4339 νῦν
561 4284 829 4338 ἀπιτείνω
851 4283 1032 4352 λόγον,
1058 4283 1093 4353 ἡ
1123 4279 1334 4352 μεγάλη
1365 4280 1462 4351 τῆς
1484 4277 1812 4346 ἐπιφανείας

1891 448 2057 503 etiam
2107 447 2332 507 eosdem
2380 447 2632 503 bonatus
2660 446 2729 502 ad
2794 447 3139 515 tolerantiam
3195 445 3458 500 tentatiu-

1890 556 2061 595 num:
2093 540 2336 606 tandem,
2396 522 2544 609 quod
2597 541 2708 611 jam
2755 548 3086 606 cognoverat
3148 539 3459 611 intelligere
3562 573 3569 578 -

1892 631 2020 687 illos
2068 631 2344 702 imprimis
2373 631 2540 696 velle,
2589 631 2684 685 sed
2731 646 2842 686 non
2905 646 3069 687 ausos
3107 632 3457 701 percontari,

1890 723 2172 794 quomodo
2212 724 2350 794 ipse,
2405 725 2573 781 homo
2624 740 2750 780 cum
2807 732 2974 786 esset,
3022 725 3282 781 humanis
3323 724 3464 780 cibis

1892 832 2004 871 non
2060 828 2426 881 vesceretur,
2478 825 2830 888 peramanter
2881 817 3129 886 aperuit,
3182 827 3242 871 ut
3291 814 3466 884 magis

1893 907 2025 963 hinc
2047 907 2477 975 mdiﬁcarenrur,
2519 918 2576 964 et
2603 909 2905 967 ﬁrmiorem
2929 910 2982 963 in
3027 909 3141 964 Deo
3186 924 3339 979 spem
3368 924 3466 979 po-

1892 1008 2106 1056 nerent.

1962 1094 2087 1150 9.49.
2127 1094 2263 1166 Ego,
2297 1094 2497 1165 inquit,
2534 1108 2568 1148 o
2606 1093 2701 1148 ﬁlii
2746 1108 2810 1148 ac
2844 1091 3042 1148 fratres
3070 1092 3201 1157 mei,
3230 1102 3292 1148 ut
3324 1092 3465 1147 nihil

1891 1200 2086 1240 eorum
2115 1201 2237 1256 quae
2274 1186 2416 1241 scire
2444 1184 2645 1255 cupitis
2679 1199 2775 1239 vos
2801 1184 2974 1239 celem
3006 1182 3155 1254 (novi
3184 1184 3331 1237 enim
3355 1183 3468 1253 spi-

1892 1275 2027 1337 ritu,
2057 1275 2213 1331 vobis
2254 1274 2419 1329 etiam
2452 1273 2781 1338 tacentibus,
2813 1271 2945 1342 quid
2977 1270 3257 1340 cupiam},
3279 1270 3467 1325 multis

1892 1374 1950 1419 et
1980 1365 2192 1435 magnis
2236 1366 2355 1428 Dei,
2403 1380 2471 1421 ex
2505 1363 2694 1418 matris
2729 1370 2887 1416 utero
2925 1378 3013 1416 me
3055 1361 3464 1431 prtevenientis,

1894 1455 2036 1511 sicut
2072 1465 2130 1510 et
2173 1455 2274 1525 ipsi
2326 1456 2518 1520 nostis,
2557 1454 2839 1510 beneﬁciis
2880 1452 3083 1507 fruitus
3114 1468 3275 1518 sum;
3331 1452 3467 1507 illud

1891 1546 2057 1600 etiam
2083 1561 2113 1599 a
2146 1546 2318 1600 multo
2339 1547 2448 1616 jam
2476 1552 2721 1614 tempore
2746 1543 3047 1597 bonitatem
3077 1541 3226 1597 illius
3257 1542 3463 1612 rogavi,

1893 1648 2014 1694 uta
2060 1639 2387 1694 necessitate
2438 1639 2693 1694 sumendi
2741 1637 3045 1705 corporalis
3086 1636 3198 1693 cibi
3237 1650 3325 1689 me
3353 1635 3470 1689 exi-

1893 1734 2091 1783 meret.
2120 1727 2324 1784 Verum
2368 1728 2667 1798 quomodo,
2702 1727 2931 1782 Domine
2955 1726 3107 1787 Jesu.
3153 1726 3467 1780 misericor-

1895 1820 2043 1875 diam
2072 1828 2130 1875 et
2179 1819 2488 1876 bonitatem
2518 1828 2691 1884 tuam,
2722 1834 2887 1889 quam
2932 1818 3109 1874 fecisti
3148 1826 3279 1872 tunc
3308 1832 3468 1873 servo

1897 1919 2012 1976 tuo,
2042 1911 2313 1966 enarrabo
2334 1910 2358 1963 ?
2383 1910 2620 1968 Videbar
2651 1908 2972 1979 conspicere
3001 1908 3315 1979 quemdam,
3347 1923 3471 1977 spe-

1893 2002 1979 2057 cie
2030 2011 2195 2072 atque
2245 2002 2449 2057 amictu
2512 2002 2882 2067 sacerdotem,
2933 2000 3116 2055 lucida
3172 2000 3320 2055 nube
3369 2015 3469 2070 pro

1893 2092 2226 2147 vestimento
2283 2092 2720 2166 circumdatum,
2765 2108 2861 2148 vas
2924 2092 3201 2162 quoddam
3251 2106 3469 2146 sacrum

1895 2191 2194 2252 gestantem
2246 2184 2522 2247 manibus,
2593 2186 2688 2256 qui
2738 2201 2837 2257 per
2871 2200 3055 2241 aerem
3100 2184 3335 2247 delatus,
3378 2198 3472 2243 vc-

1895 2274 2083 2329 niebat
2135 2275 2201 2329 ad
2254 2291 2373 2343 me;
2416 2276 2552 2331 illud
2603 2287 2788 2332 autem
2837 2276 2984 2346 quod
3037 2290 3164 2330 vase
3220 2275 3472 2330 contine-

1896 2366 2079 2430 batur,
2126 2367 2311 2436 eloqui
2354 2383 2464 2421 non
2511 2382 2735 2437 possum
2767 2368 2926 2437 quale
2954 2366 3158 2431 fuerit;
3201 2365 3342 2420 adeo
3380 2381 3472 2419 ar-

1895 2472 2096 2510 canum
2119 2458 2250 2527 quid
2279 2473 2343 2512 ac
2387 2474 2555 2513 suave
2590 2442 2728 2523 erat,
2759 2474 2866 2513 non
2901 2457 3066 2513 modo
3104 2457 3248 2522 visu,
3278 2473 3473 2512 verum

1896 2547 2061 2602 etiam
2108 2556 2351 2618 gustatu.
2403 2548 2533 2603 lude
2564 2550 2649 2603 vir
2702 2550 2793 2603 ille
2847 2547 3150 2619 pauxillum
3198 2548 3472 2618 accipiens

1898 2639 1953 2693 in
1989 2626 2262 2694 cochleari
2296 2647 2378 2695 ter
2404 2639 2696 2694 instillavit
2721 2641 2802 2694 ori
2833 2655 2957 2695 meo
2988 2657 3002 2693 :
3028 2648 3083 2694 et
3112 2655 3180 2693 ex
3213 2639 3305 2693 illo
3338 2648 3478 2694 tctu-

1899 2747 2032 2801 pore
2087 2748 2258 2802 usque
2290 2733 2342 2786 in
2374 2748 2617 2802 prmsens
2657 2732 2770 2787 vidi
2817 2732 2970 2787 illum
3006 2732 3253 2803 qualibet
3289 2732 3480 2788 Domi~

1900 2822 2021 2876 nica
2068 2821 2179 2886 die,
2229 2821 2381 2875 finita
2428 2837 2583 2876 sacra
2646 2821 2869 2892 liturgia
2902 2864 2918 2889 ,
2962 2822 3127 2877 simili
3175 2821 3480 2877 refectione

1900 2928 1989 2967 me
2036 2913 2387 2984 dignantem;
2414 2928 2521 2982 qua
2548 2913 2603 2967 in
2638 2912 2980 2968 Dominicam
3010 2913 3209 2967 iterum
3238 2928 3480 2981 sequen-

1904 3014 2014 3060 tem
2058 3004 2433 3060 conl‘ortabar.
2475 3005 2654 3075 Atque
2700 3005 2805 3059 hoc
2839 3005 2976 3059 illud
3020 3014 3126 3071 est,
3175 3005 3323 3074 quod
3357 3020 3478 3071 vos,

1904 3097 2048 3151 ﬁlios
2088 3112 2261 3162 meos,
2294 3098 2542 3151 membra
2586 3113 2728 3162 mea,
2773 3097 2985 3152 viscera
3033 3112 3175 3163 mea,
3211 3098 3482 3152 hactenus

1903 3189 2110 3254 celavi;
2143 3188 2402 3258 quodque
2439 3190 2552 3258 jam
2603 3188 2877 3243 declaravi
2918 3188 3165 3259 impense
3203 3189 3482 3259 cupienti-
3520 3251 3524 3255 ς

1902 3278 2007 3335 bus
2029 3279 2192 3334 scire.
2215 3278 2426 3333 Caetera
2455 3294 2555 3349 per
2570 3294 2667 3333 vos
2696 3278 2800 3349 ipsi
2828 3279 2981 3334 scitis
3000 3286 3058 3333 et
3082 3295 3306 3334 narrare
3331 3288 3486 3349 pote-

1904 3367 2025 3430 stis,
2056 3368 2151 3436 qui
2188 3367 2496 3422 institutam
2532 3384 2563 3423 a
2604 3384 2691 3423 me
2721 3368 2941 3423 vivendi
2988 3370 3258 3425 rationem
3290 3372 3482 3426 sectati

1903 3459 2060 3524 estis,
2091 3460 2186 3529 qui
2215 3459 2523 3529 spiritualia
2564 3459 2792 3514 certatis
2823 3475 3037 3515 mecum
3067 3456 3391 3525 certamina,
3428 3472 3487 3518 ct

1906 3551 1963 3606 in
2003 3551 2286 3607 communi
2325 3566 2624 3606 consonant
2673 3550 2879 3607 divinis
2920 3551 3208 3622 praeceptis
3250 3552 3483 3609 duxistis

1906 3642 2075 3699 vitam
2110 3659 2125 3697 :
2162 3643 2363 3712 quibus
2388 3657 2540 3697 nunc
2562 3658 2782 3715 quoque
2820 3643 3215 3714 praeceptiones
3246 3659 3396 3699 meas
3429 3650 3488 3701 et

1908 3732 2154 3801 regulam
2197 3733 2527 3787 commendo
2570 3733 2724 3805 (66),
2771 3733 2905 3789 illud
2949 3734 3417 3789 remunerationis
3453 3751 3482 3789 τι

1908 3825 2066 3881 vobis
2086 3825 2388 3895 postulans,
2414 3825 2458 3881 si
2487 3826 2739 3882 laborum
2760 3842 2899 3898 quos
2915 3826 3097 3882 subivi
3118 3835 3298 3883 vestra
3321 3842 3486 3882 causa

1912 3916 2262 3973 immemores
2290 3934 2399 3974 non
2446 3920 2705 3986 estis,,ut
2749 3920 3175 3976 constitutiones
3203 3936 3353 3975 meas
3403 3920 3488 3974 in-

1912 4015 2064 4078 tegre
2090 4024 2263 4078 usque
2297 4009 2350 4064 in
2374 4010 2537 4089 linem
2563 4011 2831 4068 servetis:
2859 4022 2986 4080 pcto
3005 4013 3171 4066 etiam
3201 4020 3263 4066 ut
3296 4027 3488 4082 quem-

1911 4099 2208 4155 admodum
2265 4117 2353 4156 me
2389 4111 2660 4173 praesenle
2704 4104 2934 4167 fecistis,
2984 4104 3058 4159 ita
3101 4112 3227 4175 post
3272 4105 3484 4160 obitum

1913 4205 2131 4259 quoque
2180 4207 2361 4247 meum
2412 4204 2613 4250 cuncta
2646 4194 2828 4250 facere
2860 4197 3122 4267 pergatis,
3166 4213 3277 4251 non
3326 4212 3487 4253 secus

1913 4281 2104 4345 vitam,
2153 4298 2460 4350 sermones,
2498 4301 2664 4355 opera
2696 4297 2901 4353 vestra,
2930 4303 3094 4358 quam
3132 4286 3177 4342 si
3214 4302 3398 4342 coram
3429 4289 3489 4343 in

220 4378 413 4447 ἡμέρα
450 4377 543 4429 καὶ
573 4377 643 4430 τὰ
672 4376 889 4447 ἑκάστῳ
911 4376 1033 4428 τότε
1063 4372 1455 4444 ταμιευόμενα,
1483 4371 1533 4423 εί
1582 4371 1805 4425 ἀνεπαι-

1913 4384 2211 4444 conspectu
2238 4392 2361 4431 meo
2389 4378 2774 4443 versaremini,
2798 4378 3120 4450 dirigentes.
3151 4378 3339 4446 Qualis
3363 4377 3488 4435 inde

226 4468 477 4538 σχόντως
508 4470 625 4522 ἐκεῖ
648 4467 1088 4539 παρασταίημεν.

1909 4466 2122 4523 fructus
2175 4477 2417 4533 maneat,
2474 4476 2537 4523 ut
2592 4470 2897 4539 longiorem
2946 4485 3047 4541 ego
3085 4471 3188 4525 hac
3231 4486 3399 4540 super
3431 4483 3490 4522 re

220 4560 538 4616 orationem
569 4573 679 4613 non
709 4568 909 4621 texam,
941 4556 1400 4613 commonstrabit
1433 4555 1592 4611 vobis
1630 4553 1919 4611 manifeste
1985 4557 2104 4612 dies
2168 4558 2257 4613 illa
2302 4559 2760 4615 manifestationis
2806 4575 3023 4631 magna,
3092 4569 3149 4616 et
3192 4576 3315 4630 qua:
3365 4561 3498 4630 uni;

219 4651 427 4723 cuique
472 4658 604 4705 tunc
642 4648 880 4719 reposita
911 4656 1060 4712 sunt,
1096 4647 1143 4702 si
1172 4646 1385 4702 confusi
1418 4646 1532 4700 illic
1559 4643 1913 4699 astiterimus.
3174 4652 3176 4655 ·

300 4749 400 4795 av’.
432 4741 619 4795 Ταῦτα
666 4743 777 4804 τοῖς
812 4738 1081 4810 μαθηταῖς
1128 4740 1223 4792 καὶ
1274 4737 1442 4790 πλείω
1488 4735 1811 4805 διαλεχθετς,

222 4832 549 4894 τελευταίας
581 4849 640 4885 τε
670 4831 875 4895 ταύτας
903 4832 1088 4893 αὐτοῖς
1114 4829 1219 4900 πρὸ
1245 4829 1344 4899 τῆς
1376 4826 1641 4897 ἐκδημίας
1669 4827 1816 4879 ἐντο-

218 4923 326 4988 λὰς
365 4924 680 4994 ἐπισκήψας
706 4924 782 4995 (εἴ
815 4941 879 4993 γε
908 4924 988 4976 δεῖ
1025 4922 1208 4978 καλεῖν
1239 4920 1538 4991 ἐκδημίαν,
1576 4919 1710 4973 ἀλλὰ
1744 4920 1818 4987 μὴ

224 5015 494 5068 ἀνάλυσιν
529 5016 748 5085 μᾶλλον,
795 5014 828 5085 ἦ
860 5013 1181 5086 πρόσληψιν,
1217 5013 1249 5081 ἢ
1292 5013 1603 5082 μετάθεσιν,
1638 5010 1671 5081 ἢ
1710 5013 1823 5063 διήι-

223 5107 460 5179 6ασιν,ἢ
494 5108 631 5178 πρὸς
658 5107 726 5159 τὰ
759 5104 1068 5175 ποθούμενα
1098 5104 1344 5175 κλῆσιν),
1369 5102 1570 5172 δεκάτῃ
1603 5102 1659 5155 δὲ
1684 5116 1748 5167 με
1762 5102 1823 5154 τὰ

304 5242 417 5309 (66)
439 5239 705 5314 Regulam
740 5241 837 5314 [sic
855 5255 961 5293 non
993 5235 1559 5314 intelligascriptam.‘
1599 5233 1690 5286 sed
1720 5248 1814 5285 usu

224 5302 582 5383 exentploquc
628 5311 924 5383 traditum;
982 5324 1109 5362 nam
1148 5302 1605 5383 s'criplecgnlw
1634 5318 1819 5383 pauca:

223 5373 568 5451 habebantur
613 5383 670 5435 in
716 5373 963 5451 Oriente;
1028 5393 1192 5451 neque
1222 5373 1736 5451 pecuiiarisregulw
1784 5391 1817 5427 a

224 5448 495 5525 ngheone
546 5452 745 5525 relicta:
784 5449 900 5525 ulla
957 5446 1164 5525 uspiam
1209 5446 1402 5525 utentia
1433 5461 1452 5498 .'
1506 5447 1602 5525 hcc
1641 5451 1821 5525 αιιεερη

228 5513 425 5592 primis
451 5520 1026 5577 manachismisaeculi:
1076 5518 1245 5592 magis
1295 5518 1455 5569 etiam
1499 5513 1821 5592 obtinuitnin

224 5581 422 5647 nostra
448 5592 745 5654 Occidente,
781 5599 1070 5659 antequam
1101 5581 1455 5659 conderentur
1478 5583 1682 5659 regit/4e
1721 5581 1818 5635 SS.

227 5659 503 5730 Hauritii,
538 5653 825 5724 Benedicti,
869 5653 1208 5721 columbarii,
1264 5654 1479 5728 quando
1532 5653 1820 5708 Cassianus

1987 4735 2115 4792 230.
2155 4736 2292 4793 Cum
2340 4739 2457 4793 haec
2490 4748 2547 4793 et
2590 4739 2738 4808 llura
2770 4756 2895 4796 cum
2926 4741 3215 4812 discipulis
3245 4746 3493 4801 collocu-

1918 4837 2030 4891 tus,
2076 4844 2332 4899 suprema
2365 4839 2491 4886 ante
2525 4832 2735 4887 obitum
2774 4834 3028 4889 mandala
3057 4834 3189 4904 ipsis
3220 4837 3497 4908 injunxis-

1919 4931 2004 4975 set
2034 4920 2101 4977 (si
2142 4930 2320 4976 tamen
2354 4922 2539 4978 obitus
2579 4923 2670 4979 ille
2703 4925 2972 4980 dicendus
3010 4927 3100 4992 sit,
3131 4935 3187 4982 et
3230 4944 3341 4984 non
3395 4947 3496 5002 pe-

1923 5011 2357 5080 tiusrcsolutio,
2408 5023 2505 5070 aut
2548 5017 2872 5087 assumptio.
2905 5026 3001 5073 aut
3050 5020 3357 5087 translatio,
3403 5032 3500 5077 aut

1925 5103 2209 5169 transitus,
2242 5113 2338 5158 aut
2359 5107 2577 5161 vocatio
2604 5106 2671 5163 ad
2702 5107 2898 5177 gaudia
2926 5107 3255 5178 desiderata)
3285 5110 3500 5167 decima

1925 5249 1990 5314 ex
2023 5233 2255 5314 ﬁgypto
2296 5245 2659 5314 transgressus
2695 5241 2751 5293 in
2775 5238 3057 5314 Δβἀιιίιιηι,
3095 5243 3303 5314 scripsit
3330 5259 3387 5297 se
3428 5243 3504 5314 ibi

1917 5306 2285 5380 invenissetot
2310 5306 2527 5376 regulas
2553 5317 2690 5380 quot
2713 5309 2899 5380 cellas,
2930 5310 2987 5365 id
3030 5306 3107 5365 es:
3141 5306 3502 5380 m'onaswria,

1920 5375 2520 5453 prout__scilicct__uisum
2549 5375 2726 5453 fuerat
2747 5379 3001 5453 cujusque
3033 5383 3355 5453 monasterii
3378 5375 3505 5452 [uni-

1920 5445 2194 5522 datoribus
2219 5445 2501 5522 ordinare:
2528 5445 2578 5501 ct
2610 5445 3159 5522 hancpsé‘pe'legiwus
3191 5453 3294 5506 dici
3339 5445 3507 5522 regis,

1919 5512 2033 5591 lant
2058 5526 2373 5591 sanctorum
2402 5517 2648 5583 Patrum,
2678 5520 2762 5574 cui
2795 5512 3159 5591 αίὶωυδένὶριω
3212 5512 3506 5591 postea“.

1921 5584 2251 5665 ξνρνίητιιιειωΔ
2272 5590 2486 5665 [nerunt
2508 5602 2526 5638 :
2552 5604 2655 5656 qua
2684 5593 2747 5641 de
2777 5605 2834 5644 rc
2864 5584 3155 5661 aliq‘zahd)
3199 5584 3405 5665 ῥίεηῖιιι
3440 5584 3503 5655 in

1922 5658 2014 5710 hoc
2038 5668 2191 5724 opere
2236 5657 2572 5715 tractabitur.
