4010 6288
223 467 345 534 3217
1278 458 1638 521 EPISTOLA
1672 456 1770 516 AD
1802 453 2191 517 JUSTINUM
2230 449 2388 512 IMP.
3311 424 3464 534 321$

223 580 571 653 θρωπήσαντα
597 576 728 632 Θεὸν
750 576 943 646 Λόγον,
976 575 1068 629 καὶ
1093 572 1171 637 εἰς
1199 573 1298 643 τὴν
1326 570 1598 640 παναγίαν
1630 569 1778 623 ἐνδο⁹

1907 584 2104 623 minem
2163 565 2438 622 actionem
2490 557 2898 628 blaSphemam,
2951 558 3342 624 praesumptam
3397 532 3457 601 in

224 679 301 744 ξον
325 677 661 746 θεομήτορα,
692 672 786 727 καὶ
818 671 906 725 τὸν
932 668 1240 722 πάνσεπτον
1267 665 1362 720 καὶ
1392 665 1574 736 τίμιον
1615 678 1779 717 σταυ-

1907 677 2063 730 psum
2098 659 2192 716 Dei
2224 657 2468 715 Verbum
2488 694 2502 719 ,
2534 650 2682 722 quod
2718 654 2945 718 propter
2979 659 3081 699 nos
3113 644 3457 697 incarnatum

225 772 324 842 ρδν,
358 769 449 824 καὶ
474 771 552 833 εἰς
578 769 705 830 τοὺς
736 764 923 836 ἁγίους
954 760 1142 815 αὑτοῦ.

1907 759 1985 817 :st,
2010 760 2067 805 et
2089 751 2144 804 in
2161 746 2563 804 sanctissimam
2586 757 2650 797 ac
2668 739 2961 811 gloriosam
2982 736 3080 790 Dei
3101 732 3456 791 Genitriccm,

1881 851 2048 911 atque
2080 840 2137 895 in
2164 837 2536 895 venerabilem
2565 847 2627 888 ac
2655 829 2949 903 pretiosam
2980 839 3220 888 crucem,
3243 835 3460 877 necnon

1882 940 1939 987 et
1965 932 2019 985 in
2051 936 2271 985 sanctos
2297 928 2438 998 ejus.

286 1042 373 1096 Διὸ
416 1038 922 1109 ὑπομιμνήσκοντες
971 1034 1318 1104 ἀναφέρομεν
1362 1027 1456 1082 ἐπὶ
1489 1026 1586 1090 τὰς
1631 1023 1785 1087 θείας

222 1134 366 1205 ὑμῶν
399 1131 590 1195 ἀκοὰς,
624 1131 705 1183 ὅτι
735 1130 785 1181 εἰ
809 1129 858 1181 οί
895 1123 1253 1186 πανευσεϐεῐς
1296 1120 1407 1174 τῶν
1458 1118 1785 1173 καλλινίκων

229 1222 376 1293 ὑμῶν
392 1223 545 1292 νόμοι
569 1217 1053 1290 παρακελεύονται,
1066 1215 1271 1277 εἰκόνος
1287 1209 1548 1282 βασιλέως
1569 1209 1787 1276 ἐνυϐρι-

219 1314 466 1383 ζομένης,
480 1312 695 1381 θανάτῳ
708 1309 928 1379 ἐξαισίῳ
945 1307 1036 1362 καὶ
1051 1302 1389 1373 πανολεθρίῳ
1400 1296 1788 1366 παραδίδοσθαι

218 1408 335 1469 τοὺς
351 1405 508 1459 τοῦτο
527 1404 824 1473 ἐπιχειρεῖν
840 1397 1176 1469 τολμῶντας,
1195 1394 1366 1463 πόσης
1382 1393 1489 1463 ἄρα
1512 1390 1652 1455 ἄξιοί
1683 1392 1789 1442 εἰσι

221 1494 506 1563 καταδίκης
523 1495 599 1556 είς
615 1491 910 1555 ἀπώλειαν,
930 1489 980 1542 οί
998 1490 1077 1550 είς
1091 1486 1192 1556 τὴν
1207 1483 1392 1538 εἰκόνα
1408 1480 1502 1535 τοῦ
1528 1478 1658 1534 Υἱοῦ
1695 1478 1788 1533 τοῦ

218 1585 373 1652 Θεοῦ,
397 1586 605 1654 καὶτῆς
624 1583 896 1652 παναγίας
923 1579 1136 1644 ἐνδόξου
1158 1577 1420 1631 Θεοτόκου
1445 1572 1583 1645 μετά
1609 1572 1791 1643 πάσης

217 1674 438 1728 ἀλέκτου
470 1673 762 1738 ἀναιδείας,
783 1671 880 1726 καὶ
914 1669 1187 1731 ἀσεϐείας,
1212 1668 1306 1720 καὶ
1326 1664 1414 1719 διὰ
1440 1666 1502 1717 τὺ
1519 1662 1792 1733 ὑπερϐάλ-

216 1767 302 1819 λον
334 1765 504 1820 κακὺν
534 1766 636 1818 οὐκ
665 1763 772 1835 ἔχω
803 1763 857 1816 τί
893 1757 1325 1827 είπεῖν,τοιαῦτα
1367 1755 1787 1827 τετολμηκότες,

219 1857 484 1928 μηδεμιᾶς
546 1857 626 1918 είς
672 1852 918 1917 αὑτοῦςι
969 1849 1278 1921 γενομένης
1328 1845 1786 1918 φιλανθρωπίας;

1956 1024 2187 1092 Propter
2216 1021 2361 1091 quod
2402 1022 2898 1074 commemorantes
2934 1006 3279 1078 suggerimus
3316 998 3483 1056 divi--

1885 1114 1972 1167 nis
2009 1112 2235 1166 auribus
2266 1108 2489 1174 vestris,
2519 1104 2800 1176 quoniam,
2823 1100 2869 1157 si
2903 1097 3173 1169 piissimae-
3194 1093 3488 1146 bonarum:

1887 1184 2246 1258 victoriarum
2270 1210 2580 1256 vestrarum
2606 1197 2755 1266 leges
2777 1194 2992 1264 jubent,
3020 1185 3256 1256 imagine
3286 1183 3463 1252 impe-

1889 1295 2090 1349 ratoris
2121 1292 2340 1365 injuriis
2369 1289 2645 1353 lacessita,
2674 1285 3147 1351 mortiasupremae
3177 1290 3242 1330 ac
3274 1270 3465 1346 pernio

1888 1386 2207 1443 ciosissimte
2239 1382 2570 1438 tradendos.
2600 1379 2697 1450 qui
2734 1378 2841 1432 hoc
2874 1371 3064 1429 conari
3097 1378 3466 1440 praesumpse-

1890 1477 2023 1541 rint,
2054 1486 2280 1544 quanta,
2308 1483 2494 1542 putas,
2522 1469 2675 1541 digni
2707 1476 2837 1523 sunt
2865 1463 3221 1521 damnatione
3254 1460 3311 1513 in
3343 1471 3488 1527 perc-

1890 1568 2187 1631 ditionem,
2214 1564 2310 1634 qui
2340 1564 2405 1618 in
2427 1560 2721 1632 imaginem
2745 1557 2871 1612 Filii
2889 1555 2994 1610 .Dei
3012 1562 3079 1608 et
3109 1548 3470 1633 sanctissimm

1890 1675 1954 1714 ac
2007 1658 2260 1729 gloriosae
2300 1656 2399 1711 Dei
2430 1653 2730 1710 Genitricis
2779 1665 2904 1705 cum
2956 1646 3108 1702 omni
3154 1630 3468 1699 incessabili

1894 1748 2225 1822 [iudicibilil
2272 1730 2617 1816 impudentia
2669 1753 2745 1798 ct-
2779 1742 3099 1810 impietate,
3146 1746 3201 1791 ot
3248 1740 3472 1804 propter

1894 1840 2119 1895 nimiam
2169 1838 2468 1902 malitiam,
2505 1850 2615 1890 non
2667 1830 3038 1901 habeoquod
3086 1828 3300 1890 dicam,
3343 1824 3476 1887 talia

219 1907 482 1928 r"|"r"”'
554 1907 625 1918 η’
721 1907 724 1908 ⁷
851 1907 869 1917 ⁷
982 1907 994 1918 ·
1104 1907 1116 1921 ι
1231 1907 1271 1917 ’⁷
1342 1907 1354 1918 ·
1533 1907 1544 1918 ·
1772 1907 1780 1910 ’

212 1949 331 2002 ὅθεν
374 1948 730 2017 δυσωποῦμεν
777 1946 839 1999 τὸ
883 1943 1195 1998 καλλίνικον
1247 1942 1403 2011 ὑμῶν
1451 1939 1672 2012 κράτος,
1712 1936 1789 2008 μὴ

1907 1938 2392 2003 )rzesumpserunt,
2442 1927 2593 1983 nulla
2640 1925 2694 1980 in
2745 1924 2828 1979 eis
2872 1923 3019 1976 facta
3060 1914 3474 1975 misericordia?

215 2041 439 2109 ποιῆσαι
483 2039 629 2102 ἕλεος
667 2040 747 2101 είς
793 2037 921 2099 τοὺς
969 2034 1129 2089 τοῦτο
1166 2030 1590 2102 τετολμηκότας,
1650 2030 1788 2101 μήτε

213 2131 502 2200 φείσασθαι
540 2130 742 2194 αὐτῶν,
787 2129 929 2199 μήτε
978 2125 1078 2197 τὴν
1118 2123 1331 2178 οίανοῦν
1364 2121 1716 2193 παράκλησιν

213 2220 505 2288 ἀπολογίαν
566 2218 825 2284 δέξασθαι
876 2216 1006 2287 περὶ
1054 2215 1254 2276 αὐτῶν,
1308 2213 1396 2267 ἵνα
1451 2211 1528 2283 μὴ
1575 2212 1671 2266 καὶ
1713 2212 1803 2274 εἰς

211 2311 339 2364 ἄλλο
383 2328 435 2364 τι
479 2309 767 2381 τραπῶσι,
818 2306 1002 2371 καθὼς
1076 2305 1178 2376 ἤδη
1236 2303 1473 2374 Θεωρίαν
1527 2302 1793 2375 ἑωρακὼς

213 2402 362 2474 ήμην
386 2399 634 2470 δηλώσας
674 2397 753 2469 τῷ
785 2396 1080 2467 Αὐγούστῳ
1113 2395 1241 2466 μηνὶ
1270 2394 1349 2465 τῷ
1382 2394 1669 2464 ἁγιωτάτῳ
1699 2394 1795 2448 καὶ

215 2494 525 2564 θεοτιμὴτῳ
574 2491 893 2564 πατριάρχῃ
919 2532 933 2558 ,
988 2489 1238 2559 σημάνας
1272 2489 1329 2542 ἐν
1371 2487 1449 2559 τῷ
1494 2488 1633 2552 τέως
1664 2487 1793 2558 παρῗ

214 2585 395 2653 ἐαυτῷ
424 2585 590 2656 ἔχειν.
623 2584 697 2639 Οὐ
733 2583 843 2655 γάρ
882 2581 1119 2654 ἔκρυψεν
1162 2581 1255 2651 ἀφ’
1287 2580 1443 2653 ἡμῶν
1491 2582 1534 2634 όυ
1567 2580 1700 2644 Θεὸς
1725 2580 1807 2634 τάν

212 2678 496 2732 διαϐούλια
527 2660 739 2732 ἀύτῶν.
781 2673 942 2729 Ὅθεν
990 2673 1506 2744 πεπληροφόρημαι,
1540 2671 1797 2726 ἀεισέϐα-

213 2788 332 2825 στοι
384 2769 805 2841 αὐτοκράτορες,
854 2768 1064 2838 ὃτιούχ
1120 2765 1413 2835 ὑπενέγκοι
1460 2764 1729 2835 βαστάσαι
1762 2766 1797 2836 ἠ

214 2862 324 2916 ὑπὸ
356 2862 453 2933 τῆς
490 2860 910 2932 μεγαλειότητος
940 2857 1111 2912 αὐτοῦ
1147 2857 1538 2928 ἐλλαμπομένη
1566 2858 1795 2928 θεοστή-

217 2969 406 3023 ρικτος
439 2951 592 3022 ύμῶν
623 2949 820 3020 καρδία
848 2949 949 3020 τὴν
990 2948 1260 3019 τοσαύτην
1288 2948 1388 3017 τῆς
1416 2947 1641 3018 ἀτιμίας
1666 2948 1794 3001 ἀτο-

214 3041 374 3106 πίαν,
423 3040 491 3111 ἢν
547 3038 803 3094 οὐδέποτε
833 3039 998 3110 μέχρι
1024 3037 1122 3093 τοῦ
1160 3037 1256 3093 νῦν
1286 3036 1628 3109 ἀκηκόαμεν,
1659 3037 1802 3109 τάχα

213 3131 275 3185 δὲ
298 3130 427 3186 οὔτε
449 3130 609 3196 ἄλλος
634 3130 984 3202 Χριστιανός.

303 3313 666 3386 Ἀλλ’ἐνορκῶ
688 3313 857 3384 ὑμᾶς,
883 3310 1136 3379 δέσποτα,
1166 3311 1307 3367 κατά
1341 3311 1432 3367 τοῦ
1449 3310 1799 3384 Ἑμμανουὴλ

219 3407 362 3463 Θεοῦ
413 3407 663 3478 ὑψίστου,
702 3406 782 3479 μὴ
808 3407 1096 3477 ἀναμεῖναι
1125 3407 1264 3478 μήτε
1289 3407 1426 3478 πρὸς
1473 3406 1669 3477 μικρὸν
1703 3405 1799 3461 τοῦ

220 3498 480 3567 γενέσθαι
527 3499 627 3570 τὴν
695 3498 1011 3569 πρέπουσαν
1057 3497 1375 3569 ἐκδίκησιν·
1427 3496 1685 3552 κελεῦσαι
1743 3498 1801 3553 δέ

221 3592 594 3663 ἐκζητηθῆναι
629 3590 723 3645 καὶ
753 3589 825 3644 τὰ
873 3591 932 3643 ἐν
970 3588 1050 3661 τῷ
1103 3589 1300 3660 φρέατι
1344 3589 1607 3659 γεγονότα
1650 3589 1803 3661 παρά

221 3683 328 3751 τῆς
369 3680 813 3752 ὑπερϐαλλούσης
851 3680 1031 3735 αὐτῶν
1087 3680 1468 3749 παγκακίστου
1515 3681 1801 3752 πονηρίας,

224 3774 372 3827 κατὰ
402 3773 502 3845 τὴν
530 3774 673 3844 ὑφὴν
698 3774 797 3845 τῆς
829 3773 972 3843 πρὸς
989 3773 1089 3845 τὴν
1114 3772 1273 3842 ἡμῶν
1300 3772 1630 3843 μετριότητα
1677 3774 1804 3826 ἐπι-

225 3867 453 3937 στολῆς
492 3866 566 3939 μὴ
599 3866 1042 3938 προσδεχομένης
1093 3867 1194 3935 τῆς
1236 3864 1600 3935 ήμερωτάτης
1651 3862 1806 3935 ὑμῶν

222 3958 568 4027 δεσποτείας,
600 3960 648 4012 εί
678 3959 809 4021 ῐσως
835 3954 1049 4022 δόξουσι
1075 3971 1225 4019 τινες
1264 3955 1621 4025 ὑποσπείρειν
1644 3952 1806 4008 ἀκαί-

227 4066 361 4119 ρους
414 4049 625 4119 λόγους,
670 4049 746 4113 ὡς
800 4046 1195 4103 δεσποινιακῶν
1242 4045 1422 4101 αὐτῶν
1480 4047 1670 4112 ὄντων,
1711 4044 1806 4099 τοῦ

223 4137 367 4192 Θεοῦ
410 4137 505 4191 τοῦ
560 4138 855 4202 δεδωκότος
906 4137 1036 4209 ὑμῖν
1085 4137 1146 4190 τὸ
1174 4135 1375 4208 κράτος
1435 4134 1610 4198 οὕτως
1665 4136 1810 4205 ὑπὲρ

226 4233 416 4285 πᾶσαν
449 4229 705 4286 ἀσέϐειαν
743 4228 1155 4301 ἐνυϐρισθέντος
1179 4244 1194 4260 ⁸
1229 4230 1378 4293 ὅπως
1408 4227 1503 4282 καὶ
1550 4228 1600 4281 οἱ
1634 4226 1812 4281 λοιποὶ

225 4323 413 4378 αὐτῶν
442 4322 605 4392 φόϐον
631 4321 797 4393 ἔχωσι
835 4323 1016 4385 πάσας
1044 4321 1144 4385 τάς
1191 4321 1408 4392 ἡμέρας
1459 4319 1559 4391 τῆς
1606 4320 1814 4392 ἐπαρά-

225 4432 324 4469 του
373 4417 468 4468 καὶ
494 4413 887 4486 ἀφωρισμένης
924 4410 1102 4465 αὐτῶν
1128 4409 1371 4481 βιώσεως
1393 4427 1407 4443 ο
1431 4408 1527 4475 οὒς
1558 4409 1655 4464 καὶ
1676 4410 1814 4464 ἀπο-

224 4505 444 4573 δέξεται
481 4505 543 4559 τὸ
594 4502 856 4574 συγγενὲς
905 4500 1084 4556 αὐτῶν
1116 4502 1305 4565 σκότος
1345 4502 1426 4566 είς
1466 4501 1565 4569 τὴν
1591 4501 1814 4555 καταδί-

1890 2025 2047 2080 Unde
2087 2024 2442 2078 obsecramus
2480 2016 2995 2073 victoriosissimum
3037 2011 3329 2080 imperium
3376 2024 3474 2059 vr-

1892 2103 2104 2181 strum,
2150 2130 2219 2169 ne
2266 2114 2443 2169 faciat
2477 2108 2915 2166 miscricordiam
2977 2105 3034 2177 in
3088 2118 3188 2157 eos
3230 2100 3323 2170 qui
3372 2099 3477 2151 hoc

1891 2222 2052 2277 agerc
2088 2205 2207 2261 ausi
2242 2213 2407 2269 sunt,
2434 2217 2615 2273 neque
2650 2206 2840 2271 parcat
2872 2196 2982 2260 eis,
3018 2208 3196 2264 neque
3228 2191 3480 2261 qualem-

1895 2312 2112 2369 cunque
2175 2295 2602 2367 postulationem
2664 2292 2755 2366 vei
2806 2289 3081 2343 rationem
3145 2298 3310 2353 super
3371 2281 3479 2335 illis

1896 2390 2132 2460 accipiat
2157 2404 2225 2443 ne
2257 2389 2310 2443 in
2341 2385 2491 2442 aliud
2520 2384 2653 2456 quid
2685 2389 2994 2443 vertantur,
3022 2375 3187 2432 sicuti
3216 2375 3328 2445 jam
3359 2373 3477 2426 visa

1895 2481 2145 2536 videram
2178 2479 2431 2534 indicans
2454 2481 2705 2548 Augusto
2743 2487 2929 2527 mense
2970 2466 3319 2524 sanctissimo
3353 2472 3409 2519 ct
3448 2479 3480 2518 ιι

1896 2576 2010 2630 Deo
2035 2570 2520 2629 honorabilissimo
2546 2566 2894 2640 patriarchae,
2914 2560 3231 2634 signiﬁcans
3257 2556 3480 2612 interim

1898 2667 2006 2722 hoc
2032 2665 2180 2736 apud
2206 2680 2266 2720 se
2292 2662 2625 2720 servandum
2670 2678 2683 2714 :
2725 2672 2901 2728 neque
2941 2653 3088 2709 enim
3128 2648 3419 2706 abscondit
3452 2666 3484 2702 λι

1899 2759 2060 2815 nobis
2086 2760 2233 2815 Deus
2261 2756 2624 2829 cogitationes
2648 2766 2864 2808 eorum.
2899 2747 3056 2805 Unde
3097 2752 3287 2801 certus
3331 2758 3478 2802 sum.

1899 2867 2120 2923 semper
2159 2850 2395 2923 Augusti
2445 2848 2842 2920 imperatores,
2893 2839 3042 2913 quod
3092 2853 3204 2893 non
3255 2834 3487 2891 suﬂ‘crat

1902 2947 2016 3004 Deo
2065 2947 2451 3005 confirmatum
2500 2959 2600 3001 cor
2647 2950 2924 2999 vestrum,
2963 2933 3111 3006 quod
3172 2931 3347 3003 ipsius
3399 2939 3494 2985 est

1904 3041 2282 3115 magnitudine
2306 3039 2664 3101 illustratum,
2688 3040 2894 3089 tantam
2924 3024 3329 3085 inhonorantim
3357 3038 3488 3093 pro—

1903 3114 2215 3197 cacitatem,
2249 3145 2416 3202 quam
2455 3138 2740 3196 nunquam
2783 3122 2895 3176 huc
2937 3131 3115 3189 usque
3151 3114 3494 3178 audivimus,

1825 3246 1871 3311 ο
1906 3224 2159 3282 fortassis
2186 3231 2372 3279 autem
2395 3235 2500 3277 nec
2527 3217 2672 3273 alius
2692 3212 2989 3286 quisquam
3016 3207 3486 3267 Christianorum.

1978 3317 2085 3374 Sed
2130 3317 2324 3389 adjuro
2366 3328 2495 3377 vos,
2527 3309 2779 3373 domine,
2806 3321 2908 3378 per
2950 3300 3272 3361 Emmanuel
3312 3299 3490 3354 Deum

1905 3410 2214 3475 excelsum,
2241 3421 2314 3463 ne
2357 3403 2637 3461 suﬂ'eratis
2673 3399 2867 3455 saltem
2916 3396 2986 3450 ad
3031 3393 3309 3448 modicum
3355 3389 3491 3460 quid

1908 3501 2030 3557 ﬁeri
2085 3501 2375 3556 decentem
2423 3494 2763 3559 vindictam;
2823 3489 2917 3545 sed
2973 3486 3221 3559 jubeatis
3271 3482 3492 3553 exquiri

1908 3588 2075 3644 etiam
2108 3587 2202 3642 illa
2233 3600 2356 3656 qua;
2386 3584 2442 3639 in
2471 3590 2643 3653 puteo
2666 3580 2812 3636 facta
2853 3582 2983 3633 sunt
3017 3590 3049 3629 a
3088 3573 3259 3629 nimia
3296 3587 3493 3627 eorum

1908 3687 1968 3735 et
2003 3679 2244 3748 pessima
2284 3674 2565 3746 nequitia,
2605 3670 2914 3728 secundum
2954 3675 3204 3724 tenorem
3247 3664 3496 3735 epistolre

1911 3786 2034 3841 quae
2082 3769 2151 3824 ad
2194 3775 2442 3824 nostram
2490 3764 2936 3823 mediocritatem
2985 3758 3307 3815 transmissa
3348 3766 3435 3813 cst
3477 3773 3493 3811 :

1912 3859 2141 3915 minime
2197 3858 2556 3930 permittente
2615 3851 3062 3911 mansuetissima
3119 3847 3498 3905 dominatione

1911 3959 2130 4016 vestra,
2177 3951 2225 4006 si
2274 3948 2419 4005 forte
2471 3946 2795 4018 putaverint
2844 3942 3068 4015 quidam
3115 3939 3499 3997 subseminare

1914 4043 2260 4113 importunos
2303 4053 2618 4103 sermones,
2671 4051 2796 4091 cum
2841 4032 3000 4105 quasi
3048 4030 3339 4087 dominica:
3389 4029 3502 4083 sint

1916 4131 2209 4205 potestatis
2234 4130 2376 4204 [Gr.,
2395 4144 2452 4199 q.
2473 4128 2540 4183 ad
2566 4127 2805 4183 dominae
2829 4125 2869 4179 i.
2889 4127 3147 4194 Augustae
3171 4128 3500 4193 potestatem

1916 4220 2285 4295 pertineant],
2317 4222 2432 4276 Deo
2461 4218 2555 4289 qui
2586 4217 2740 4273 dedit
2764 4216 2925 4273 vobis
2960 4213 3286 4285 imperium,
3315 4213 3501 4268 taliter

1918 4331 2087 4386 super
2125 4329 2346 4371 omnem
2389 4311 2728 4382 impietatem
2775 4308 2996 4381 injuriis
3038 4307 3237 4362 affecto
3282 4324 3296 4359 :
3343 4315 3403 4360 ut
3445 4315 3509 4360 et.

1920 4407 2105 4463 caeteri
2136 4419 2331 4462 eorum
2365 4404 2621 4459 timorem
2653 4400 2893 4459 habeant
2921 4398 3136 4454 cunctis
3160 4395 3356 4452 diebus
3385 4411 3509 4449 ωτι..

1921 4500 2137 4556 ledictae
2161 4513 2226 4553 ac
2249 4503 2546 4568 segregatas
2573 4493 2700 4550 vitae
2730 4492 2977 4563 ipsorum
3018 4509 3032 4545 :
3068 4504 3209 4561 quos
3239 4497 3300 4544 et
3323 4489 3509 4544 suscia

227 4616 337 4670 κην
369 4596 462 4652 τοῦ
500 4596 784 4669 μέλλοντος
826 4595 1026 4658 αὐτοὺς
1073 4592 1381 4648 κατεσθίειν
1410 4593 1681 4648 ἀσϐέστου
1719 4594 1803 4648 καῖ

1922 4592 2078 4662 pient
2100 4598 2348 4661 cognatae
2374 4586 2615 4643 tenebrae
2640 4600 2756 4641 suae
2786 4583 2840 4637 in
2865 4582 3274 4638 damnationem
3298 4578 3507 4635 vermis

226 4686 511 4759 ἀφεγγοῦς
543 4688 744 4760 πυρός·
794 4686 891 4740 καὶ
940 4684 1368 4754 καταθεματίσει
1402 4685 1599 4750 αὐτοὺς
1636 4687 1716 4749 εἰς
1748 4683 1818 4738 τά

228 4778 564 4850 καταχθόνια
613 4778 712 4849 τῆς
737 4776 974 4831 ἀϐύσσου
1010 4776 1142 4830 αὐτὸ
1169 4775 1230 4829 τὸ
1260 4775 1523 4845 πανάγιον
1554 4777 1651 4830 καὶ
1681 4792 1812 4830 παν-

226 4870 535 4947 ⁸ετοδύναμον
558 4869 783 4940 Πνεῦμα
809 4867 984 4939 Ἰησοῦ
1007 4866 1247 4941 Χριστοῦ
1269 4865 1363 4921 τοῦ
1394 4866 1603 4939 Κυρίου
1631 4867 1663 4936 ἡ
1673 4865 1811 4936 μῶν,

228 4963 294 5017 τὸ
347 4963 413 5016 ἐκ
465 4960 589 5020 τοῦ·
619 4959 833 5031 Πατρός
872 4959 1328 5030 ἐκπορευόμενον,
1382 4957 1477 5011 τοῦ
1519 4956 1817 5012 ἀπολέσθαι

229 5055 436 5119 αὐτοὺς
485 5056 564 5117 εἰς
602 5052 909 5124 ἀπέραντον
964 5051 1264 5107 ἀπώλειαν.
1314 5046 1516 5105 Τοῦτον
1565 5052 1676 5122 γὰρ
1729 5050 1822 5105 τὸν

230 5144 402 5215 ζῆλον
449 5142 846 5210 ἐνδεικνύμενοι
918 5141 1244 5205 σπουδαίως,
1285 5140 1641 5210 θεοφύλακτοι
1696 5157 1823 5212 τρο-

230 5236 516 5307 παιοῦχοι,
553 5238 633 5300 είς
655 5232 820 5288 αὐτὸν
851 5233 942 5287 τὸν
975 5232 1442 5304 συμϐασιλεύοντα
1472 5233 1536 5301 τῇ
1569 5231 1821 5302 εὐσεϐείᾳ

236 5328 400 5399 ὑμῶν
441 5329 707 5400 μονογενῆ
734 5329 888 5393 Θεὲν,
914 5327 1056 5396 ὑπὲρ
1083 5324 1181 5395 τὴν
1202 5323 1298 5377 τοῦ
1346 5322 1600 5394 Ἀϐραὰμ
1633 5322 1823 5376 θυσίαν

228 5418 674 5492 ἀποδεχθήσεσθε
728 5419 880 5491 παρὰ
904 5417 1006 5489 τῆς
1031 5415 1196 5471 αὐτοῦ
1225 5415 1606 5468 παντεπόπτου
1639 5412 1825 5485 θεότη-

230 5524 351 5573 τος
369 5510 464 5563 καὶ
481 5509 631 5562 ἐσται
649 5511 740 5562 ἐπὶ
758 5509 925 5563 πλείω
941 5507 1279 5578 εὐλογημένη
1297 5505 1391 5560 καὶ
1411 5502 1822 5575 μεγαλυνομένη

232 5601 321 5673 τῷ
364 5602 556 5674 κράτει
608 5602 709 5673 τῆς
774 5601 954 5672 ἰσχύος
1004 5599 1171 5656 αὐτοῦ
1208 5601 1243 5671 ὴ
1274 5597 1618 5670 φιλόχριστος
1666 5597 1819 5667 ὑμῶν

235 5691 491 5765 βασιλεία
546 5694 686 5766 ὑπὲρ
743 5694 920 5758 πάσας
978 5693 1075 5758 τὰς
1132 5690 1443 5771 ἔμπροσθεν
1503 5690 1813 5763 βασιλείας·

312 5889 363 5954 ⁸,
376 5882 657 5949 (dativis.

1926 4681 2180 4755 [cineris]
2205 4681 2301 4751 qui
2330 4686 2683 4736 comesturus
2706 4682 2790 4731 est
2815 4675 2959 4741 illos,
2978 4682 3034 4730 et
3059 4674 3201 4744 ignis
3222 4671 3321 4743 qui
3347 4669 3507 4744 [non]

1911 4773 2226 4845 splendebit
2265 4789 2280 4826 :
2320 4778 2380 4826 et
2418 4767 2908 4825 anathematizabit
2948 4760 3510 4839 [catathematizabit]

1915 4880 2013 4921 eos
2060 4864 2116 4919 in
2161 4861 2522 4918 inferioribus
2567 4860 2749 4932 abyssi
2796 4859 2913 4928 ipse
2960 4865 3185 4911 sanctus
3226 4863 3283 4909 et
3323 4854 3507 4909 omni-

1918 4966 2116 5027 potens
2150 4954 2389 5025 Spiritus
2416 4953 2549 5009 Jesu
2579 4951 2786 5009 Christi
2823 4948 3043 5004 Domini
3078 4947 3277 5011 nostri,
3307 4946 3403 5016 qui
3440 4962 3508 5001 ex

1922 5050 2083 5106 Patre
2129 5045 2416 5117 procedit,
2450 5043 2518 5099 ad
2566 5042 2912 5114 perdendum
2956 5040 3082 5097 illos
3129 5038 3185 5092 in
3237 5037 3509 5092 iniinitarn

1926 5139 2317 5211 perditionem.
2351 5138 2510 5192 Hunc
2532 5135 2682 5192 enim
2712 5134 2890 5189 zelqu
2920 5130 3083 5186 vobis
3113 5142 3369 5196 strenue,
3397 5129 3512 5184 Deo

1926 5231 2293 5288 conservandi
2332 5238 2392 5285 et
2433 5227 2896 5297 triumphatores,
2926 5223 2983 5277 in
3027 5222 3207 5293 ipsum
3248 5219 3345 5291 qui
3384 5235 3513 5276 cum

1926 5325 2131 5395 pietate
2161 5334 2343 5379 vestra
2372 5327 2593 5393 regnat,
2622 5317 2970 5388 unigenitum
3001 5312 3514 5370 demonstrantibus

1929 5417 2134 5481 Deum,
2165 5428 2334 5484 super
2370 5409 2705 5467 sacriﬁcium
2741 5407 2980 5465 Abrahae
3022 5403 3400 5476 suscipicmini
3440 5403 3512 5458 ab

1927 5508 2047 5579 ejus
2078 5514 2409 5562 cunctorum
2437 5501 2771 5574 inspectrice
2798 5499 3005 5554 deitate
3038 5515 3052 5552 :
3083 5505 3140 5552 et
3162 5496 3270 5552 erit
3296 5509 3513 5565 peram-

1927 5598 2075 5670 plius
2100 5597 2453 5653 benedictum
2471 5635 2485 5660 ,
2513 5592 2760 5666 potentia
2782 5590 3009 5647 virtutis
3033 5590 3184 5662 ejus,
3210 5596 3269 5643 et
3295 5585 3512 5656 magni-

1930 5688 2152 5747 ﬁcatum
2186 5686 2408 5745 Christo
2444 5685 2708 5742 dilectum
2741 5680 3036 5753 imperium
3066 5686 3307 5735 vestrum
3340 5687 3512 5748 super
