4010 6288
528 389 675 459 3223
1456 398 1878 458 ZAClIARIAS
1914 397 2402 457 PATRIARCHA
2442 394 2846 457 HIEROSOL.
3655 388 3805 454 323$

531 504 861 559 membratim
880 501 1056 556 beatos
1079 501 1198 556 illos
1227 505 1584 563 conciderunt.
1609 508 1711 574 Qui
1740 519 1789 562 et
1827 508 2009 563 ltetitia
2037 508 2329 563 incredibili
2362 509 2586 584 perfusi,
2606 525 2669 562 ac
2691 505 2911 578 proinde
2937 503 3106 559 alacri
3130 502 3279 558 vultu
3309 503 3806 568 renidentes,omni

526 607 646 648 cum
670 592 876 645 actione
901 592 1197 662 gratiarum
1215 593 1423 647 animas
1441 594 1779 650 reddiderunt
1793 596 2036 660 Domino.
2052 598 2242 668 quippe
2270 614 2372 652 non
2390 599 2466 652 ita
2482 597 2686 668 pridem
2699 598 2752 651 in
2774 593 2903 650 votis
2926 593 3217 648 habuerant
3241 592 3452 656 resolvi,
3476 602 3529 647 et
3550 610 3667 647 esse
3677 612 3801 648 cum

527 677 1006 748 Christo.Corpora
1039 694 1159 732 vero
1183 678 1466 750 plusquam
1489 681 1684 750 tragice
1712 699 1872 750 caesa,
1891 700 2008 737 cum
2030 699 2135 736 non
2161 698 2355 750 paucos
2377 683 2483 736 dies
2511 684 2568 737 in
2595 683 2808 736 humum
2836 679 3059 750 disjecta
3082 680 3196 733 sine
3217 678 3510 749 sepultura:
3540 678 3803 745 beneﬁcio

528 769 834 837 iacuissent,
864 769 927 821 ab
952 767 1153 823 Arabia
1181 769 1278 823 illo
1306 787 1468 842 usque
1499 772 1985 843 adproperavimus.
2014 770 2080 826 Et
2103 771 2311 841 quidem
2336 770 2554 824 eximius
2576 769 2736 823 abbas
2753 765 3058 820 Nicomedes
3082 764 3441 835 spectaculum
3471 764 3615 817 illud
3643 767 3803 818 mise-

528 854 698 909 rabile
720 871 973 910 caesorum
994 863 1206 925 patrum
1240 858 1645 930 contemplatus,
1670 859 1896 929 deliquio
1925 860 2094 912 animi
2110 857 2354 922 concidit,
2375 865 2531 927 atque
2557 855 2704 910 illinc
2738 853 2937 907 relatus
2968 861 3203 907 mortuus
3229 867 3389 923 prope
3406 850 3803 905 estJfodestas

526 950 804 1012 prwterea,
829 952 877 995 et
920 943 1030 1013 ipse
1049 946 1433 1009 sanctissimus,
1471 946 1752 999 adventum
1779 956 2016 1000 nostrum
2041 961 2159 999 cum
2196 942 2577 1007 antevertisset,
2602 949 2650 994 et
2676 949 2986 995 sanctorum
3032 938 3248 993 illorum
3299 938 3589 993 lustrasset
3648 939 3802 1008 prius
3845 942 3852 946 ’

525 1027 825 1082 habitacula
845 1030 1045 1097 omnia,
1073 1030 1253 1084 itidem
1269 1047 1466 1102 angore
1487 1033 1652 1086 animi
1675 1041 1996 1096 contractus,
2010 1030 2187 1086 multis
2212 1047 2267 1084 se
2293 1029 2487 1101 proluit
2511 1028 2780 1099 lacrymis,
2808 1045 2870 1082 ac
2888 1034 3075 1082 sancta
3096 1041 3213 1097 qute
3235 1034 3452 1080 eatenus
3478 1026 3805 1079 resederunt

528 1114 740 1184 ﬁpsana
758 1116 885 1182 (hoc
911 1124 996 1170 est
1028 1126 1342 1171 sanctorum
1365 1118 1647 1188 reliquias)
1665 1119 2040 1189 circomplexus
2069 1119 2122 1172 in
2136 1118 2361 1172 Patrum
2384 1117 2711 1186 superiorum
2740 1115 2976 1185 deposuit
3004 1115 3326 1193 conditoriis.
3352 1112 3407 1167 Is
3437 1113 3511 1166 ad
3544 1113 3687 1173 hare,
3712 1113 3804 1163 ubi

528 1200 813 1256 solemnem
840 1202 1084 1273 persolvit
1113 1219 1178 1256 ex
1198 1219 1344 1257 more
1368 1220 1683 1269 sermonem,
1717 1214 1825 1260 etc.
1864 1206 2297 1275 Unumquemque
2321 1212 2556 1256 nostrum
2578 1203 2782 1255 hortari
2821 1203 2994 1270 coepit,
3023 1216 3088 1253 ne
3121 1216 3222 1270 quo
3250 1202 3667 1270 emigraremus,
3700 1197 3805 1251 loci

522 1287 671 1342 illius
692 1290 861 1343 nostri
886 1289 1194 1356 desertores,
1228 1293 1399 1361 magis
1432 1307 1553 1346 vero
1575 1308 1664 1346 eas
1699 1308 1816 1362 qua:
1851 1292 2198 1346 imminebant
2235 1291 2548 1345 tentationes
2588 1304 2837 1360 generoso
2865 1296 3072 1358 pectore
3093 1289 3463 1358 perferremus,
3495 1286 3807 1339 Dominicz

522 1375 669 1429 illius
704 1392 959 1431 memores
989 1378 1280 1441 sententite,
1313 1380 1438 1448 quia
1470 1396 1489 1431 ι
1522 1388 1749 1448 angusta
1787 1386 1864 1433 est
1896 1387 2073 1450 porta,
2098 1386 2147 1433 et
2168 1387 2319 1433 arcta
2343 1379 2430 1431 via
2456 1392 2575 1448 quae
2596 1378 2738 1430 ducit
2755 1377 2825 1429 ad
2851 1378 3035 1440 vitam,
3065 1384 3175 1431 etc.
3219 1394 3239 1427 ι
3277 1374 3448 1445 Hujus
3470 1375 3667 1444 itaque
3696 1375 3804 1425 ad-

533 1463 814 1516 monitioni
832 1465 1000 1517 visum
1027 1471 1103 1518 est
1123 1479 1305 1535 gerere
1348 1481 1567 1530 morem,
1600 1482 1760 1536 eoque
1790 1465 2070 1536 (ideoque)
2116 1467 2172 1519 in
2231 1466 2389 1519 laura
2431 1464 2562 1518 duos
2608 1479 2768 1533 prope
2815 1478 3014 1515 menses
3054 1462 3462 1533 permansimus.
3509 1460 3804 1529 Loquitur

523 1547 728 1603 deinde
754 1548 827 1605 de
857 1549 983 1621 fuga
1006 1549 1159 1604 illinc
1184 1549 1251 1604 ad
1285 1550 1433 1604 aliud
1467 1552 1892 1615 monasterium,
1923 1562 1979 1606 et
2005 1551 2133 1607 inde
2163 1551 2231 1606 ad
2257 1551 2429 1617 aliud,
2461 1566 2525 1605 ac
2550 1550 2618 1604 de
2649 1550 2773 1605 aliis
2804 1549 2937 1603 hinc
2966 1548 3096 1603 inde
3120 1548 3421 1619 dispersis;
3450 1558 3511 1602 et
3549 1547 3803 1602 inferius

526 1634 729 1692 iterum
763 1634 832 1690 de
868 1635 1156 1691 monachis
1211 1652 1242 1691 a
1292 1635 1588 1692 Saracenis
1636 1638 1834 1693 occisis
1882 1654 2090 1708 agens:
2142 1637 2414 1702 Numeris,
2453 1637 2652 1707 inquit,
2698 1645 3001 1691 sanctorum
3041 1635 3287 1700 Patrum,
3328 1652 3457 1706 quos
3500 1638 3802 1707 tyrannica

519 1720 736 1776 sustulit
768 1722 1064 1792 impressio,
1086 1731 1163 1777 est
1204 1724 1563 1794 quadraginta
1597 1733 1844 1796 quatuor.
1877 1724 2078 1780 Horum
2122 1727 2379 1780 memoria
2410 1724 2554 1779 Maio
2581 1740 2757 1780 mense
2776 1723 3093 1787 celebratur,
3127 1723 3331 1777 decima
3363 1724 3553 1792 quinta
3587 1726 3802 1777 mensis

520 1809 623 1863 die.
667 1810 1003 1866 Eorumdem
1030 1820 1336 1883 martyrum
1369 1812 1693 1866 memoriam
1723 1812 1859 1867 colit
1882 1812 2130 1867 Ecclesia
2157 1812 2213 1867 in
2243 1809 2622 1883 Martyrologio
2656 1810 2895 1863 Romano
2923 1809 3014 1864 die
3060 1811 3127 1864 16
3154 1809 3303 1873 Maii,
3327 1809 3416 1865 bis
3444 1809 3647 1864 verbis
3680 1825 3694 1860 :
3728 1808 3799 1863 In

518 1893 814 1951 Pala’stina
837 1899 1011 1970 passio
1035 1908 1341 1953 sanctorum
1399 1900 1778 1953 monachorum
1809 1916 1843 1953 a
1887 1896 2169 1953 Saracenis
2195 1898 2253 1951 in
2295 1897 2454 1952 laura
2493 1897 2668 1952 sancti
2710 1894 2865 1950 Saba:
2917 1896 3347 1965 interfectorum.
3376 1897 3518 1950 Dum
3553 1911 3703 1950 vero
3737 1896 3800 1950 hi

531 1983 973 2050 coronabantur,
1007 1984 1235 2055 quidam
1268 1984 1577 2041 monachus
1606 1984 1816 2039 Sinaita
1845 1986 2015 2042 modo
2049 1985 2282 2040 terribili
2311 1985 2501 2055 lapsus
2545 1992 2652 2039 est.
2682 1985 2819 2040 Rem
2857 1984 2940 2040 sic
2960 1984 3230 2040 describit
3284 1984 3428 2039 idem
3462 1983 3801 2038 Antiochus

518 2067 714 2124 homil.
745 2070 834 2136 81,
868 2072 1013 2140 apud
1050 2073 1372 2137 Baronium,
1417 2071 1553 2127 ibid.
1592 2089 1650 2126 ιι.
1677 2072 1747 2126 50
1782 2090 1800 2127 :
1832 2072 1971 2137 Fuit,
2005 2074 2208 2143 inquit,
2240 2074 2301 2127 in
2349 2079 2526 2126 monte
2545 2070 2678 2126 Sina
2724 2073 3013 2126 monachus
3041 2073 3280 2141 quidam,
3306 2073 3396 2142 qui
3418 2071 3626 2125 celebre
3655 2073 3796 2125 adeo

518 2156 680 2211 edidit
712 2174 825 2213 sua:
856 2161 1198 2216 continentia:
1234 2162 1518 2232 specimen,
1551 2168 1607 2214 ut
1632 2160 1687 2213 in
1717 2159 1911 2215 cellula
1940 2160 2132 2215 multos
2161 2160 2351 2213 vixerit
2396 2176 2563 2213 annos
2590 2158 2846 2213 inclusus.
2883 2158 3159 2213 Postremo
3203 2157 3522 2226 multifariis
3566 2158 3795 2212 revela-

517 2242 741 2297 tianibus
763 2243 979 2311 diaboli,
1011 2255 1059 2299 et
1090 2246 1365 2302 insomniis
1392 2247 1604 2311 illusus,
1632 2246 1702 2301 ad
1724 2245 2060 2302 Judaismum
2082 2246 2328 2317 delapsus
2353 2254 2450 2311 est,
2484 2243 2545 2300 ‘et
2578 2248 2754 2300 carnis
2788 2248 3257 2300 circumcisionem.
3287 2245 3420 2300 Cum
3456 2247 3630 2315 igitur
3664 2247 3793 2299 dia-

518 2329 667 2384 bolus
687 2332 807 2385 huic
827 2331 1111 2387 identidem
1145 2349 1269 2387 vera
1297 2335 1537 2404 quaedam
1575 2335 1840 2390 insomnia
1855 2334 2288 2394 demonstrasset,
2320 2345 2368 2387 et
2401 2332 2564 2387 veluti
2598 2334 2801 2403 objecta
2843 2333 3089 2387 illecebra
3116 2335 3394 2387 inescasset
3423 2331 3572 2386 illius
3593 2333 3789 2386 obscu-

518 2423 696 2470 ratam
718 2426 940 2471 mentem
960 2460 974 2483 ,
1013 2420 1290 2473 novissime
1319 2421 1484 2475 oculis
1514 2421 1658 2477 illius
1702 2423 1878 2493 objicit
1904 2422 2170 2494 copiosam
2202 2421 2413 2476 turbam
2445 2420 2825 2491 apostolorum,
2850 2431 3171 2491 martyrum,
3220 2420 3557 2489 aliorumque
3602 2423 3787 2475 omnis

515 2505 721 2573 generis
745 2503 1171 2559 Christianorum
1205 2507 1530 2563 densissimis
1561 2509 1805 2573 tenebris,
1845 2518 1895 2563 et
1946 2508 2087 2563 omni
2118 2508 2363 2562 dedecore
2387 2506 2691 2578 oppletum:
2728 2516 2878 2578 parte
2915 2509 3174 2577 Opposita,
3215 2507 3415 2572 Mosen,
3452 2506 3783 2576 Prophetas,

516 2589 769 2659 populum
795 2608 1000 2663 quoque
1023 2591 1359 2659 Judworum,
1396 2594 1500 2648 Deo
1528 2595 1727 2666 alioqui
1756 2597 1984 2650 invisum
2018 2610 2223 2657 (sermo
2243 2602 2328 2650 est
2359 2595 2429 2649 de
2452 2594 2656 2650 Judteis
2673 2610 2822 2650 nunc
2848 2595 3137 2666 temporis)
3172 2597 3323 2666 offert
3359 2595 3647 2666 splendida
3682 2597 3783 2647 ad-

515 2678 729 2733 modum
774 2679 889 2733 luce
927 2683 1252 2751 conspicuos,
1280 2684 1437 2753 inque
1470 2683 1667 2754 gaudio
1694 2693 1741 2736 et
1774 2683 2048 2737 hilaritate
2074 2691 2235 2738 vitam
2282 2682 2636 2736 traducentes.
2665 2681 2790 2735 Haec
2813 2698 2931 2735 cum
2969 2690 3252 2753 spectasset
3282 2685 3464 2747 miser,
3495 2699 3525 2734 e
3552 2684 3781 2752 vestigio

510 2767 760 2830 surrexit,
793 2767 1142 2839 derelictoque
1165 2779 1346 2824 sancto
1380 2769 1474 2823 illo
1499 2779 1693 2832 monte,
1726 2772 1782 2825 in
1810 2770 2157 2827 Palaestinam
2181 2788 2342 2843 usque
2370 2771 2626 2841 pervenit,
2660 2779 2909 2842 rectaque
2958 2771 3255 2825 conscendit
3290 2772 3345 2824 in
3382 2770 3572 2825 Noara
3597 2780 3651 2823 et
3678 2771 3777 2824 Li-

511 2853 733 2923 byadem
755 2853 907 2924 asyla
941 2853 1270 2909 Judteorum.
1314 2854 1444 2911 Cum
1469 2856 1640 2925 (vero)
1669 2858 1780 2911 istis
1802 2858 2137 2913 denarrasset
2160 2876 2278 2930 qua:
2304 2861 2402 2914 sibi
2431 2860 2555 2914 vista
2574 2858 2787 2929 fuerant
2817 2859 3104 2914 diabolicas
3141 2861 3519 2931 apparitiones,
3542 2860 3777 2913 circum-

510 2942 648 2994 cisus
673 2949 771 3006 est,
789 2958 851 2994 ac
893 2942 1159 3012 professus
1177 2942 1543 3008 Judaismum,
1579 2945 1780 3016 accepit
1829 2961 2069 3012 uxorem,
2120 2948 2279 3018 inque
2332 2948 2568 3002 omnium
2616 2955 2895 3018 prospectu
2947 2947 3192 3001 adversus
3224 2945 3556 3002 Christianos
3602 2947 3774 3000 edidit

511 3026 786 3098 dogmata,
811 3039 1179 3099 propugnator
1204 3031 1374 3100 {actus
1398 3030 1637 3086 Iudaica’
1668 3034 2075 3104 superstitionis.
2099 3035 2254 3089 Hunc
2280 3052 2374 3107 ego
2397 3035 2521 3101 vidi,
2548 3034 2729 3105 pergit
2753 3034 3083 3100 Antiochus,
3123 3051 3186 3088 ac
3215 3033 3453 3105 plerique
3474 3035 3773 3087 monacho-

509 3130 651 3179 rum,
684 3131 849 3185 neque
874 3118 1013 3170 enim
1042 3126 1273 3187 quatuor
1295 3120 1424 3173 anni
1448 3128 1571 3173 sunt
1592 3138 1624 3173 a
1655 3131 1821 3174 morte
1850 3121 1994 3176 illius
2023 3140 2128 3193 qua
2152 3125 2341 3177 misere
2365 3131 2646 3194 perruptus
2687 3128 2786 3176 est.
2840 3118 3097 3176 Catharri
3117 3122 3258 3175 enim
3300 3122 3620 3192 proﬂuvium
3655 3122 3769 3175 ali-

510 3201 724 3272 quando
745 3219 954 3273 passus,
981 3212 1030 3257 et
1052 3205 1310 3259 vermium
1334 3206 1605 3260 arrosione
1630 3207 1997 3263 contabescens
2023 3212 2332 3280 exspiravit.
2356 3211 2510 3265 Hunc
2545 3227 2664 3265 cum
2692 3210 3003 3265 vidissemus
3025 3223 3118 3280 ego
3145 3216 3199 3261 et
3223 3208 3322 3263 alii
3347 3208 3555 3279 aliquot
3576 3225 3771 3262 mona-

513 3290 617 3353 chi,
648 3291 880 3361 correpti
914 3292 1126 3359 timore,
1157 3292 1363 3363 ingenti
1389 3309 1507 3347 cum
1532 3292 1674 3348 luctu
1708 3294 2205 3351 lamentatisumus.
2236 3298 2369 3353 Erat
2392 3298 2448 3353 id
2472 3315 2604 3352 sane
2632 3315 2796 3369 quam
2828 3295 3131 3352 miserabile
3156 3294 3535 3367 spectaculum.
3561 3294 3654 3348 Vir
3679 3296 3766 3348 hic

512 3384 652 3431 totus
686 3378 1004 3432 incanuerat
1032 3379 1091 3432 in
1119 3381 1416 3434 monastica
1436 3382 1831 3442 exercitatione,
1857 3392 2306 3456 consenueratque
2335 3383 2602 3439 laboribus
2628 3385 2864 3446 attritus,
2892 3392 2941 3437 et
2960 3384 3005 3437 is
3040 3383 3255 3436 tandem
3296 3398 3416 3436 cum
3445 3381 3761 3436 mulieribus

499 3464 809 3535 jocabatur,
844 3465 1246 3520 immundarum
1270 3468 1536 3533 carnium,
1574 3485 1760 3539 nempe
1781 3468 2148 3534 Iudaicarum,
2188 3479 2343 3539 gustu
2366 3486 2422 3524 se
2464 3470 2784 3540 defwdabat,
2804 3478 2856 3523 et
2889 3469 3226 3540 inquinabat,
3263 3467 3420 3522 verba
3445 3466 3763 3538 foquebatur

510 3553 730 3608 obscena
750 3560 799 3607 et
833 3553 1123 3624 impudica,
1147 3553 1546 3623 blasphemabat
1579 3556 1869 3623 Christum,
1900 3556 2159 3628 Spiritum
2204 3564 2449 3610 sanctum
2500 3571 2604 3611 non
2653 3555 2945 3612 tolerandis
2991 3554 3247 3627 aﬂiciebat
3293 3553 3627 3608 contumeliis
3652 3570 3675 3608 :
3705 3562 3758 3607 et

507 3643 645 3694 hunc
692 3649 872 3695 tamen
928 3640 1012 3698 illi
1065 3643 1177 3698 sine
1231 3642 1343 3715 lege
1369 3643 1544 3698 Judtei
1596 3645 1885 3700 secundum
1922 3645 2181 3700 vocabant
2219 3642 2511 3699 Abraham.
2554 3642 2682 3699 Haec
2719 3643 3031 3699 Antiochus
3101 3649 3141 3696 t.
3179 3640 3199 3695 l
3231 3639 3370 3695 Bibl.
3396 3637 3556 3695 Patr.
3582 3639 3751 3697 Grec.

506 3742 568 3797 p.
596 3726 727 3782 1161
756 3734 813 3781 et
837 3742 954 3798 seq.

576 3812 836 3878 Cosroes,
861 3822 931 3870 .ut
954 3816 1163 3871 dictum
1189 3826 1294 3883 est,
1331 3819 1542 3890 lignum
1566 3827 1772 3875 sanctae
1805 3819 2012 3885 crucis,
2039 3816 2189 3889 quod
2217 3818 2617 3890 Hierosolymis
2644 3818 2991 3886 servaLatur,
3027 3818 3081 3872 in
3122 3816 3405 3874 Persidem
3439 3814 3750 3871 transtulit.

490 3900 614 3955 Sed
642 3902 804 3971 plane
836 3901 1203 3960 admiratione
1225 3905 1452 3976 dignum
1484 3905 1620 3961 illud
1649 3906 1774 3972 fuit,
1805 3907 1986 3977 inquit
2026 3906 2298 3961 Baronius
2322 3921 2490 3976 supra
2525 3906 2747 3971 citatus,
2784 3922 2842 3960 n.
2870 3906 2961 3972 3‘2,
3007 3905 3239 3976 impium
3285 3902 3566 3958 hominem
3613 3902 3757 3957 adeo

504 4003 629 4043 esse
657 3989 954 4044 reveritum
986 3990 1183 4048 salutis
1214 4002 1420 4048 nostrae
1474 4001 1766 4065 tropaeum,
1801 4002 1862 4049 ut
1913 4008 2017 4049 nec
2047 4008 2217 4048 ausus
2252 3992 2422 4049 fuerit
2461 3994 2530 4049 ab
2565 3994 2679 4064 ipsa
2714 3994 2894 4060 theca,
2916 4009 3024 4064 qua
3077 3992 3456 4064 operiebatur,
3492 3991 3751 4062 signacu-

510 4091 621 4130 lum
654 4091 935 4144 amovere,
969 4087 1026 4134 et
1058 4079 1211 4135 clave
1245 4081 1488 4151 aperire,
1518 4091 1580 4136 ut
1602 4083 1687 4137 vel
1715 4082 1851 4138 illud
1890 4082 2222 4153 inspiceret;
2255 4082 2350 4136 sed
2381 4083 2581 4137 timore
2609 4082 2948 4150 perculsum,
2968 4081 3049 4135 uti
3092 4082 3147 4137 in
3179 4088 3538 4135 sacrosancto
3559 4077 3747 4148 templi

505 4162 629 4217 loco
655 4164 1064 4232 asservabatur,
1098 4165 1293 4221 eodem
1328 4168 1491 4223 modo
1516 4169 1569 4223 in
1601 4168 1881 4224 Persidem
1904 4168 2149 4223 voluisse
2185 4171 2507 4233 transferre,
2542 4170 2712 4224 veluti
2746 4169 2968 4224 domum
2999 4170 3268 4224 intactum
3310 4168 3748 4238 Hierosolymam

505 4259 850 4321 reportatum
909 4252 1015 4308 fuit
1052 4270 1065 4307 :
1098 4253 1245 4324 quod
1265 4263 1499 4310 testatus
1524 4265 1608 4309 est
1632 4255 1911 4311 Modestus
1938 4254 2447 4329 Hierosolymorum
2475 4256 2823 4327 patriarcha,
2847 4258 2979 4311 item
3001 4270 3222 4327 quoque
3247 4255 3545 4310 universus
3569 4254 3753 4309 clerus

504 4338 770 4394 Ecclesiae
804 4338 1337 4412 Hierosolymitanm.
1363 4341 1554 4396 Tradit
1580 4341 1697 4398 hac
1729 4342 1915 4397 omnia
1940 4341 2143 4398 Suidas
2188 4344 2244 4398 in
2276 4344 2553 4400 Heraclio.
2580 4344 2754 4399 Porro
2784 4343 3040 4398 observat
3082 4343 3281 4398 Baron.
3326 4341 3473 4398 idem
3503 4340 3572 4396 ad
3617 4356 3747 4395 ann.

505 4430 632 4494 6°22,
664 4447 722 4486 η.
754 4431 806 4497 1,
842 4447 907 4486 ex
943 4446 1054 4501 quo
1085 4439 1274 4486 sancta
1307 4431 1453 4488 Crux
1474 4443 1630 4503 capta
1658 4448 1688 4488 a
1716 4433 1896 4489 Persis
1914 4433 2040 4499 fuit,
2063 4442 2120 4488 et
2150 4432 2205 4487 in
2238 4431 2520 4487 Persidem
2548 4429 3003 4501 asportata,hanc
3033 4446 3133 4486 sua
3174 4431 3421 4500 putentia
3443 4471 3458 4496 ,
3491 4430 3605 4483 imo
3634 4429 3754 4499 ejus

503 4518 599 4586 qui
629 4519 683 4572 in
712 4533 778 4574 ea
809 4533 1004 4588 passus
1031 4527 1117 4575 est
1135 4518 1338 4575 virtute
1363 4561 1377 4586 ,
1406 4520 1670 4576 Romanis
1698 4522 1888 4590 plures
1926 4521 2277 4592 insignesque
2304 4520 2609 4577 contulisse
2637 4519 2933 4585 victorias;
2961 4534 2993 4574 e
3033 4527 3226 4573 contra
3258 4534 3391 4573 vero
3425 4519 3624 4573 Persas
3664 4533 3752 4571 re-

504 4606 741 4676 portatis
774 4607 1140 4678 plurimorum
1166 4624 1438 4665 annorum
1468 4610 1689 4679 tr0pa3is
1711 4609 2007 4665 admodum
2036 4610 2212 4666 elatos
2234 4604 2596 4675 depressisse,
2632 4616 2940 4670 eorumque
2974 4615 3159 4672 regem
3191 4601 3439 4656 Cosroen
3470 4600 3748 4655 horrenda

502 4706 685 4750 morte
715 4695 1000 4752 multasse.
1031 4697 1167 4751 Item
1193 4697 1258 4752 ad
1289 4713 1493 4753 annum
1518 4698 1644 4763 627,
1670 4714 1729 4752 n.
1758 4699 1850 4763 25,
1883 4698 2139 4754 Heraclio
2169 4691 2496 4764 imperatori
2519 4690 2707 4746 crucis
2733 4689 2945 4743 virtute
2986 4689 3199 4755 datum,
3228 4698 3289 4743 ut
3317 4701 3476 4760 longe
3521 4687 3751 4757 prascla-

508 4783 627 4837 rius
648 4798 812 4853 quam
834 4782 1018 4853 quivis
1050 4793 1177 4840 ante
1205 4785 1581 4840 Romanorum
1612 4787 1912 4856 imperator
1941 4788 2016 4841 de.
2063 4785 2276 4840 victore
2319 4781 2548 4845 Cosroe,
2572 4778 2668 4849 qui
2697 4786 2755 4833 et
2806 4778 2953 4833 vinci
2994 4793 3155 4848 posse
3212 4793 3323 4832 non
3389 4777 3746 4838 credebatur,

504 4869 949 4939 triumphaverit,
980 4870 1194 4926 iteratis
1223 4870 1433 4927 scilicet
1450 4886 1549 4942 per
1578 4886 1752 4926 anuos
1773 4883 1982 4942 septem
2013 4872 2281 4933 victoriis,
2300 4883 2535 4940 quarum
2566 4880 2731 4922 causa
2754 4880 2853 4935 per
2875 4880 3048 4921 annos
3077 4865 3326 4935 singulos
3359 4864 3558 4935 singuli
3587 4874 3749 4921 erant

503 4956 607 5025 ipsi
652 4956 984 5012 decernendi
1009 4958 1294 5027 triumphi.

577 5045 768 5100 Exstat
794 5045 850 5099 in
887 5044 1084 5101 Chron.
1109 5045 1403 5099 Alexandr.
1439 5061 1565 5116 pag.
1587 5046 1711 5111 398,
1744 5047 1811 5102 ad
1843 5064 2047 5103 annum
2079 5047 2145 5104 18
2173 5045 2409 5103 Heraclii
2457 5045 2712 5116 imperat.
2749 5045 2957 5102 Christi
2986 5044 3110 5108 628,
3159 5042 3391 5113 epistola
3422 5042 3592 5113 hujus
3643 5042 3749 5097 im-

502 5140 679 5203 perat.
705 5133 870 5188 missa
903 5132 1438 5203 Constantinopolim
1473 5133 1540 5188 de
1574 5150 1709 5189 nece
1737 5134 1982 5201 Cosrois,
2025 5145 2081 5191 et
2125 5149 2259 5206 pace
2300 5134 2436 5188 inita
2463 5147 2588 5187 cum
2612 5170 2615 5173 ‹
2637 5132 2807 5204 Syroe
2842 5135 2963 5204 ejus
2993 5132 3124 5192 tilio,
3151 5146 3274 5200 quae
3331 5131 3470 5184 lecta
3519 5139 3607 5183 est
3659 5130 3747 5184 die

503 5220 572 5275 15
598 5219 745 5284 Maii,
777 5221 830 5274 in
861 5235 1026 5290 quem
1059 5219 1329 5275 inciderat
1356 5220 1554 5276 festum
1580 5221 1802 5276 Pentcc.
1837 5223 1915 5277 Eo
1948 5239 2092 5278 anno
2131 5223 2344 5280 Pascha
2385 5232 2706 5275 occurrerat
2732 5221 2821 5276 die
2846 5220 2914 5273 27
2961 5219 3121 5273 Mart.
3162 5217 3507 5287 proindeque
3548 5217 3748 5271 Pente-

501 5316 689 5363 costes
718 5306 808 5362 die
837 5308 903 5362 15
929 5306 1077 5362 Maii.
1109 5307 1243 5361 Eam
1285 5322 1506 5377 quoque
1539 5309 1713 5363 refert
1742 5310 1961 5381 Pagius,
1997 5319 2129 5365 tom.
2160 5311 2226 5376 ll,
2275 5309 2399 5364 crit.
2430 5308 2628 5364 Annal.
2664 5309 2862 5363 Baro".
2895 5308 2962 5362 ad
3017 5321 3222 5361 annum
3256 5306 3383 5369 627,
3411 5321 3564 5359 num.
3594 5305 3663 5357 12
3692 5314 3748 5358 et

500 5410 656 5465 seqq.
688 5394 779 5450 Sic
805 5394 997 5466 incipit
1025 5412 1038 5448 :
1074 5393 1280 5448 Decimo
1299 5404 1479 5460 octavo
1509 5412 1648 5449 anno
1671 5397 1876 5466 imperii
1900 5397 2151 5460 Heraclii,
2187 5405 2299 5468 post
2320 5397 2672 5459 consulatum,
2707 5397 2772 5449 17
2796 5405 2928 5461 etc,
2953 5396 3016 5449 15
3045 5394 3173 5448 Maii
3210 5395 3401 5448 mensis
3431 5393 3534 5458 die,
3570 5393 3670 5462 fer.
3698 5394 3747 5460 l,

503 5485 617 5553 ipso
643 5481 970 5538 Pentecostes
1008 5482 1158 5553 festo,
1190 5481 1336 5538 lectw
1355 5493 1478 5537 sunt
1513 5499 1576 5537 ea:
1603 5484 1823 5538 amboue
1856 5485 1906 5538 in
1941 5486 2275 5541 sanctissima
2311 5485 2504 5557 Magna
2540 5485 2756 5539 ecclesia
2793 5485 2982 5538 littera:
3008 5486 3180 5538 missa:
3209 5500 3271 5537 ea:
3297 5483 3509 5538 Oriente
3542 5483 3606 5537 ab
3647 5482 3744 5538 Hc-

499 5571 669 5627 raclio
695 5573 928 5643 piissimo
958 5574 1277 5644 imperatore
1302 5581 1499 5639 nostra,
1528 5589 1644 5644 qua!
1675 5573 1882 5629 (ἰοδνοω
1909 5591 2110 5637 casum,
2137 5582 2183 5628 et
2213 5574 2674 5644 inauguratione’m
2701 5571 2882 5643 Syram
2912 5571 3201 5626 Persarum
3236 5573 3372 5643 regis
3402 5571 3742 5635 nuntiabant,

501 5660 638 5717 hisce
656 5662 819 5719 verbis
853 5671 1133 5734 concepta.
1163 5680 1181 5713 ι
1216 5662 1498 5717 Exsultate
1525 5662 1654 5728 Deo,
1688 5664 1856 5717 omnis
1890 5673 2055 5729 terra,
2090 5681 2108 5714 ι
2136 5671 2242 5718 etc.
2283 5681 2298 5709 c
2335 5660 2601 5714 Lmtentur
2622 5658 2735 5713 coeli
2761 5668 2810 5712 et
2833 5657 3052 5713 exsultet
3082 5668 3247 5722 terra,
3272 5670 3319 5712 et
3341 5660 3521 5712 omnia
3553 5674 3673 5729 quae
3691 5659 3743 5711 in

500 5748 577 5801 eis
607 5758 751 5803 sunt.
772 5767 791 5801 ι
823 5748 893 5804 Et
915 5765 1092 5804 omnes
1121 5747 1408 5804 Christiani
1436 5749 1713 5804 laudantes
1744 5759 1793 5804 et
1820 5751 2173 5805 benedicentcs
2199 5750 2397 5822 gratias
2434 5763 2655 5817 agamus
2677 5746 2777 5800 soli
2808 5745 2937 5808 Deo,
2974 5756 3082 5801 etc.
3120 5768 3138 5799 ς
3164 5746 3360 5803 Cecidit
3390 5747 3529 5800 enim
3558 5762 3744 5815 super-

510 5839 604 5888 bus
619 5844 664 5886 et
678 5835 961 5904 perduellis
984 5835 1080 5892 Dei
1113 5834 1352 5891 Cosroes.
1407 5835 1622 5904 Cecidit,
1654 5846 1701 5891 et
1743 5838 2110 5908 pra'cipitatus
2144 5847 2217 5893 cst
2257 5837 2324 5892 ad
2362 5836 2575 5907 inferos,
2615 5844 2662 5889 et
2694 5834 2864 5890 deleta
2901 5842 2975 5889 est
2999 5835 3062 5890 de
3100 5843 3241 5890 terra
3285 5833 3543 5890 memoria
3609 5834 3743 5902 (jus.
