4010 6288
267 410 408 479 3925
1719 427 1850 491 NO’l

1936 429 2056 491 ,‘IA.
3379 414 3519 498 3925

271 528 534 597 Superbus
550 526 639 583 ille
675 538 725 584 et
750 528 966 600 loquens
989 534 1326 603 iniquitatem
1349 538 1403 590 in
1430 540 1677 609 superbia
1698 550 1748 594 et
1774 553 2078 613 contemptu
2103 542 2353 597 adversus
2389 541 2452 596 ι).
2489 540 2558 597 Ν.
2595 540 2650 598 J.
2685 541 2744 596 (ἶ.
2794 544 2979 597 verum
3012 543 3197 610 Deum,
3226 554 3276 598 et
3300 548 3514 601 inteme-

270 622 446 667 ratum
478 614 594 684 ejus
614 625 841 670 nmtrem
867 618 1192 678 benedictum
1211 623 1497 677 Dominam
1533 633 1773 680 nostram
1800 627 1895 682 Dei
1926 630 2241 686 Genitricem
2277 647 2586 701 semperque
2624 629 2895 700 Virginem
2927 631 3177 687 Mariam.
3219 633 3386 689 Periit
3419 637 3512 690 in»

270 703 386 769 pfus
412 718 528 754 cum
563 704 757 758 sonitu.
790 704 1083 764 Conversus
1115 720 1192 765 est
1218 710 1368 765 labor
1397 713 1509 783 ejus
1531 714 1585 766 in
1607 723 1764 784 caput
1797 716 1934 784 ejus,
1970 725 2020 769 et
2048 718 2103 770 in
2131 719 2376 771 verticem
2402 716 2672 787 iniquitas
2695 719 2813 788 ejus
2845 718 3129 773 descendit.
3159 719 3297 773 Nam
3333 721 3403 775 24
3427 721 3520 775 Fe-

266 791 451 843 bruar.
480 789 734 858 prceteriti
768 794 984 858 mensis,
1015 797 1189 863 prima
1210 798 1513 863 indictione,
1546 800 1801 854 seditione
1828 801 1881 854 in
1906 819 2025 856 eum
2073 811 2214 857 mota
2247 804 2311 857 ab
2338 805 2501 874 ipsius
2530 802 2645 867 ﬁlio
2678 802 3025 873 primogenita
3047 802 3234 875 Syroe,
3266 808 3496 875 quemad

267 877 477 928 modum
508 876 562 928 in
592 876 703 930 alia
725 878 967 947 jussione
986 881 1064 951 (id
1088 892 1172 937 est
1192 884 1472 953 epistola),
1503 888 1645 940 vobis
1675 889 2032 954 exposuimus.
2065 889 2363 945 Persarum
2390 890 2633 943 omnibus
2661 890 2962 960 proceribus
2993 907 3057 943 ac
3095 892 3338 945 universo
3368 907 3521 946 exer-

266 962 392 1025 citu,
419 963 684 1033 capiisque
716 981 779 1017 ex
811 967 975 1021 variis
1005 971 1303 1040 regionibus
1332 972 1623 1035 conductis,
1664 974 1728 1027 ab
1757 976 2075 1029 exsecranda
2099 976 2290 1031 Cosroe
2313 983 2382 1031 ad
2408 984 2590 1049 partes
2639 975 2849 1046 Syram,
2872 993 2991 1030 cum
3022 976 3377 1049 Curdanuspa
3394 978 3523 1033 Per-

264 1051 358 1103 sici
383 1053 639 1106 exercitus
669 1053 815 1122 prius
841 1055 971 1109 duce
1020 1059 1437 1118 transeuntibus.
1459 1062 1598 1114 idem
1621 1061 1727 1116 Deo
1754 1063 1950 1117 invisus
1980 1063 2220 1128 Cosroes,
2261 1066 2386 1118 dum
2411 1066 2594 1134 fugam
2624 1064 2934 1127 meditatur,
2982 1071 3188 1135 captus,
3219 1067 3525 1136 vinctusque

264 1137 322 1190 in
350 1154 542 1224 novum
582 1139 884 1206 castellum,
923 1142 988 1196 ab
1016 1145 1238 1214 ipsumet
1270 1147 1341 1199 ad
1362 1147 1722 1201 recondendus
1757 1150 2152 1220 servandasque
2173 1152 2236 1204 ab
2261 1167 2320 1205 eo
2350 1150 2597 1205 collectas
2626 1152 2877 1221 pecunias
2904 1161 3221 1204 exstructum
3257 1153 3523 1224 conjectus
3581 1197 3597 1210 .

264 1232 360 1278 est.
389 1223 643 1279 Vicesima
675 1228 861 1296 quinta
892 1238 1072 1283 autem
1109 1232 1349 1301 ejusdem
1397 1235 1589 1286 mmsis
1616 1234 1873 1289 Februar.
1905 1235 2071 1307 Syroe
2096 1247 2370 1303 coronato,
2393 1248 2444 1292 et
2467 1255 2586 1309 rege
2642 1238 2929 1293 Persarum
2970 1239 3313 1309 inaugurato,
3353 1223 3417 1294 ac
3451 1239 3524 1295 28

268 1310 502 1379 ejusdem
520 1315 714 1367 mensis
738 1331 856 1368 cum
882 1315 991 1369 Deo
1019 1334 1206 1372 exosus
1230 1319 1452 1373 Cosroes
1474 1330 1727 1390 quartum
1743 1323 1865 1391 jam
1889 1324 2025 1377 diem
2064 1326 2119 1379 in
2153 1327 2399 1391 vinculis,
2437 1326 2675 1379 omnibus
2716 1326 3051 1378 excruciatus
3084 1324 3370 1390 doloribus,
3398 1343 3522 1380 exe-

266 1397 445 1483 gisset,
476 1400 749 1469 ingratum
780 1400 957 1465 illum,
981 1413 1031 1456 et
1055 1404 1383 1472 perduellem
1412 1406 1530 1470 Dei,
1560 1410 1948 1478 superbumque
1979 1428 2041 1464 ac
2074 1412 2439 1481 blasphemum
2472 1412 2702 1467 Cosroen
2749 1412 3087 1465 acerbissimo
3117 1415 3301 1467 mortis
3335 1430 3521 1483 genere

268 1481 456 1553 Sgroes
483 1485 722 1551 sustulit,
751 1489 829 1541 uti
851 1490 1006 1542 sciret
1033 1489 1221 1544 Iesum
1248 1508 1311 1544 ex
1337 1492 1513 1546 Maria
1540 1504 1748 1557 natum,
1780 1504 1829 1547 et
1851 1513 1883 1549 a
1908 1496 2109 1552 Juda’is
2146 1499 2483 1568 crucifixum,
2514 1500 2957 1571 quemadmodum
2996 1500 3111 1567 ipse
3137 1481 3443 1570 scripserat,
3474 1511 3521 1555 et

268 1587 424 1642 quem
449 1575 691 1628 conviciis
713 1576 1442 1646 incesserat,omuipoteutem
1470 1596 1579 1634 esse
1594 1580 1782 1645 Deum,
1800 1582 1981 1652 illique
2008 1586 2309 1651 retribuere,
2328 1595 2484 1657 prout
2512 1604 2543 1639 a
2570 1588 2715 1641 nobis
2738 1589 2839 1657 ipsi
2867 1588 3181 1657 rescriptum
3209 1587 3522 1657 fuerat,etc.

269 1657 335 1713 In
360 1658 471 1713 alia
508 1666 687 1715 autem
707 1680 739 1715 a
764 1663 908 1717 nobis
949 1664 1076 1718 data
1101 1667 1243 1720 vobis
1265 1666 1529 1737 jussione,
1557 1685 1620 1721 ex
1654 1670 1843 1722 castris
1862 1672 2056 1724 nostris
2095 1672 2164 1724 ad
2187 1672 2453 1735 Canzaca,
2505 1688 2624 1743 qua:
2672 1673 3006 1726 continebant
3046 1680 3166 1727 acta
3215 1692 3247 1728 a
3281 1675 3345 1729 17
3375 1672 3525 1729 Octo-

270 1748 398 1812 bris,
426 1766 590 1819 usqne
616 1754 686 1804 ad
712 1752 776 1805 15
796 1752 1000 1817 Martii,
1024 1754 1439 1825 signiﬁcavimus
1466 1798 1480 1820 ,
1511 1773 1613 1826 quo
1639 1765 1794 1828 pacto
1816 1756 1976 1820 Deus,
2008 1767 2058 1810 et
2100 1757 2322 1814 Domina
2353 1767 2533 1814 nostra
2562 1758 2821 1830 Deipara,
2848 1760 3017 1822 nobis,
3062 1759 3369 1832 Christoque
3394 1762 3517 1817 dile-

269 1837 366 1889 ctis
388 1837 550 1905 capiis
576 1839 768 1892 nostris
804 1842 1144 1905 succurrerit,
1172 1851 1222 1895 et
1249 1844 1507 1912 quomodo
1527 1846 1580 1897 in
1612 1845 1725 1914 ipso
1746 1852 2021 1913 conspectu
2049 1854 2230 1898 nostro
2259 1846 2367 1899 Deo
2399 1862 2582 1901 exosus
2606 1884 2624 1907 .
2647 1854 2696 1898 et
2721 1861 2748 1898 e
2782 1846 2986 1899 tumulo
3018 1848 3350 1916 refodiendus
3373 1850 3524 1920 (sive

270 1941 302 1981 ε
331 1928 684 1997 sterquilinio
709 1928 962 1994 cﬂ'ossus,
988 1938 1050 1984 ut
1071 1930 1237 1988 habet
1268 1932 1490 2002 PagiltS)
1529 1932 1748 1988 Cosroes
1778 1950 1809 1986 a
1841 1931 2315 2001 Dustagerchosate
2349 1931 2417 1984 ad
2449 1930 2837 2002 Ctesiphontem
2864 1950 3029 2003 usque
3056 1935 3243 2005 fugam
3268 1937 3527 2006 capessie-

272 2013 361 2074 rit,
386 2030 590 2085 suaque
638 2014 846 2084 palatia
876 2018 1113 2071 amiserit
1144 2035 1264 2071 cum
1288 2021 1438 2089 regni
1466 2019 1661 2074 Persici
1687 2019 1989 2091 provinciis,
2028 2032 2090 2068 ac
2122 2016 2346 2084 denique
2379 2015 2477 2067 hac
2509 2016 2717 2068 ratione
2739 2031 3062 2070 commovere
3093 2018 3343 2072 adversus
3373 2018 3527 2073 illum

269 2101 579 2156 seditionem
594 2101 785 2174 Syroes
812 2106 1063 2174 potuerit.
1086 2105 1214 2159 Post
1231 2108 1486 2176 scriptam
1505 2123 1626 2162 vero
1652 2108 1789 2161 hanc
1814 2114 2051 2160 nostram
2068 2104 2386 2174 jussionem,
2409 2117 2630 2171 eamque
2650 2104 2868 2156 missam
2894 2102 2957 2156 l5
2974 2104 3057 2156 die
3080 2106 3353 2174 praesentis
3383 2120 3533 2159 men-

271 2190 342 2242 sis
366 2188 570 2253 Martii,
598 2189 722 2242 dum
751 2206 870 2259 qua:
900 2188 1131 2245 Cosroen
1161 2192 1301 2245 inter
1329 2202 1379 2245 et
1413 2191 1614 2263 Sgroen
1648 2192 1979 2263 postmodum
2014 2189 2326 2258 contigerint
2358 2188 2640 2258 explorare
2686 2190 3005 2259 satagimus,
3055 2192 3228 2245 missis
3267 2193 3326 2246 in
3372 2194 3527 2248 varia

276 2275 413 2341 loca,
442 2285 603 2347 atque
631 2278 699 2330 ad
719 2276 995 2344 Siarsura,
1023 2294 1246 2349 parvum
1265 2279 1462 2345 Zabas,
1490 2278 1714 2334 Chalcas
1734 2292 1781 2334 et
1803 2278 2038 2341 Jesdem,
2075 2286 2303 2350 utraque
2356 2277 2461 2336 via.
2496 2283 2609 2329 tum
2638 2292 2702 2330 ex
2741 2277 3052 2346 felicissimis
3080 2281 3268 2332 castris
3314 2279 3528 2347 nostris,

277 2373 387 2417 tum
407 2380 471 2417 ex
508 2362 791 2419 Saracenis
817 2365 905 2434 pio
937 2372 1116 2419 nostro
1150 2365 1371 2435 imperio
1400 2366 1669 2436 subjectis,
1710 2374 1768 2419 ut
1811 2363 2255 2437 quemadmodum
2300 2362 2512 2432 praefati
2556 2379 2762 2428 sumus,
2799 2373 2970 2417 motus
3000 2365 3091 2434 qui
3119 2365 3190 2418 ibi
3219 2373 3361 2430 sunt,
3390 2375 3530 2421 certo

276 2451 607 2513 resciremus,
643 2451 979 2505 adduxerunt
1012 2451 1083 2504 ad
1113 2467 1207 2504 nos
1239 2454 1561 2506 excubitores
1591 2455 1644 2506 in
1673 2460 1852 2507 castra
1883 2452 1953 2506 ad
1983 2451 2230 2505 Canzacu
2276 2450 2498 2505 Persam
2540 2468 2728 2516 unum,
2769 2459 2818 2504 et
2853 2452 3084 2507 alterum
3132 2452 3463 2520 Armenium,
3493 2470 3531 2509 α

276 2538 463 2608 quibus
483 2546 730 2607 porrecta
757 2540 901 2592 nobis
931 2547 1007 2592 est
1038 2538 1261 2608 epistola
1291 2557 1322 2592 a
1351 2539 1582 2606 quodam
1620 2539 1910 2593 Persarum
1938 2541 2223 2593 secretario
2252 2540 2337 2593 cui
2358 2555 2545 2592 nomen
2570 2548 2646 2593 est
2677 2539 2878 2595 Cosdae
2910 2549 2960 2594 et
2988 2541 3432 2604 .Axiumaranan,
3459 2543 3532 2598 ad

278 2641 371 2678 nos
393 2626 610 2694 scripta,
630 2641 735 2695 qua
756 2627 972 2679 missum
998 2639 1055 2678 se
1080 2624 1469 2694 significabata
1497 2624 1664 2697 Sgroe
1711 2627 1767 2679 in
1813 2625 2105 2681 Persarum
2150 2642 2324 2696 regem
2377 2618 2728 2696 proclama'to,
2787 2644 2906 2681 cum
2955 2627 3077 2682 aliis
3124 2630 3443 2700 proceribus,
3482 2641 3533 2684 et

277 2711 441 2779 ipsius
488 2709 667 2781 Syrois
721 2711 791 2765 ad
837 2729 929 2766 nos
985 2711 1173 2765 litteris
1217 2728 1236 2767 :
1271 2728 1492 2783 cumque
1544 2715 1614 2768 ad
1659 2713 1863 2767 Arman
1887 2715 2220 2783 pervenisset,
2250 2714 2417 2766 visum
2444 2713 2543 2767 sibi
2562 2729 2673 2767 esse
2697 2723 2754 2766 ut
2806 2715 2937 2769 duos
2994 2716 3119 2769 istos
3163 2718 3301 2770 viros
3324 2717 3395 2771 ad
3434 2734 3530 2772 nos

284 2800 532 2862 mitteret,
560 2813 661 2867 quo
713 2800 939 2853 vicissim
994 2815 1151 2867 seque
1201 2816 1263 2853 ac
1322 2802 1488 2855 socios
1523 2799 2078 2870 tutosiucolumesque
2131 2800 2467 2863 deducerent,
2523 2817 2556 2854 a
2620 2800 2765 2854 nobis
2835 2802 3189 2856 mitterentur.
3246 2803 3311 2859 Ut
3357 2814 3533 2859 autem

278 2884 433 2939 illum
481 2886 579 2939 sibi
626 2886 809 2938 timere
854 2885 1231 2952 intelleximus,
1288 2902 1352 2940 ex
1399 2904 1459 2941 eo
1508 2888 1649 2957 quod
1705 2889 1758 2941 in
1812 2888 2000 2940 itinere
2061 2885 2230 2959 multa
2272 2886 2555 2939 Persarum
2589 2887 2877 2952 cada'vera,
2910 2905 3077 2959 eaque
3099 2905 3263 2960 usque
3297 2891 3366 2944 ad
3420 2892 3529 2948 tria

281 2973 493 3027 circiter
550 2972 721 3026 millia
770 2989 802 3024 a
850 2972 1164 3041 felicissimis
1212 2974 1373 3044 copiis
1429 2976 1622 3028 nostris
1671 2974 2070 3043 interfectorum
2125 2989 2307 3026 versus
2342 2972 2563 3027 Narban
2621 2975 2836 3040 videret,
2887 2975 3082 3043 absque
3130 2978 3533 3033 conductoribus

282 3078 374 3114 nos
402 3062 676 3113 convenire
698 3067 1000 3116 vereretur:
1021 3060 1091 3115 25
1118 3062 1352 3131 ejusdem
1383 3060 1546 3115 Mart.
1570 3063 1762 3116 mensis
1784 3063 1853 3115 ad
1874 3061 1995 3116 illos
2020 3064 2262 3115 misimus
2291 3061 2730 3132 gloriosissimum
2763 3065 3079 3134 magistrum
3101 3065 3328 3119 militum
3352 3066 3535 3121 Eliam

282 3155 621 3217 cognomento
642 3146 897 3210 Barsoca,
934 3156 982 3200 et
1008 3147 1590 3215 magniﬁcentissimum
1627 3148 1944 3203 Theodotum
1980 3149 2363 3221 Drunqarium,
2403 3164 2523 3202 cum
2554 3149 2755 3203 delecta
2779 3150 3080 3218 juventute,
3106 3169 3168 3205 ac
3192 3154 3374 3223 viginti
3391 3156 3538 3224 equis

282 3237 565 3291 dextrariis
600 3234 732 3290 sella
767 3236 1058 3296 instructis,
1091 3237 1182 3305 qui
1234 3235 1341 3290 illis
1379 3246 1733 3300 occurrerent,
1764 3253 1953 3298 eosque
2002 3238 2072 3292 ad
2105 3254 2198 3290 nos
2231 3238 2567 3302 deducerent,
2601 3246 2710 3292 etc.
2755 3238 2818 3292 Ut
2848 3254 2969 3291 vero
3008 3238 3137 3292 duos
3174 3237 3298 3293 illos
3331 3241 3470 3293 viros
3503 3257 3537 3293 a

286 3324 452 3395 Sgroe
480 3323 767 3377 Persarum
799 3338 919 3392 rege
948 3323 1131 3376 missos
1166 3325 1454 3393 recepimus
1474 3364 1489 3388 ,
1518 3324 1747 3378 alterum
1775 3341 1839 3379 ex
1862 3326 1946 3385 iis.
1981 3325 2206 3379 Persam
2226 3325 2447 3387 scilicet,
2475 3341 2582 3378 una
2602 3341 2718 3378 cum
2754 3324 2875 3379 aliis
2905 3326 2975 3379 ad
3004 3324 3375 3380 Barismanem
3397 3324 3538 3382 Con.

284 3425 534 3464 sucorum
568 3414 581 3466 l
591 3409 943 3477 praepositum
948 3426 966 3479 )
994 3410 1085 3479 qui
1109 3427 1142 3463 a
1164 3410 1527 3480 quadraginta
1550 3408 1868 3465 milliaribus
1896 3412 2102 3476 aberat,
2129 3421 2178 3465 et
2200 3414 2256 3466 in
2285 3413 2548 3465 munitum
2572 3410 2853 3465 castellum
2883 3427 2939 3465 se
2966 3411 3255 3467 recluserat
3275 3414 3540 3477 misimus,

285 3499 424 3552 datis
455 3498 525 3552 ad
547 3496 701 3551 illum
732 3496 943 3561 litteris,
975 3499 1159 3567 quibus
1191 3499 1573 3563 mundabatur,
1611 3500 1690 3553 uti
1724 3516 1885 3571 equos
1918 3508 2117 3571 septem
2147 3515 2242 3570 pro
2279 3497 2464 3569 legatis
2495 3507 2735 3568 pararet,
2771 3514 2876 3568 quo
2907 3500 3149 3569 expedite
3187 3518 3249 3553 ac
3271 3502 3385 3555 sine
3424 3500 3540 3555 ullo

285 3585 660 3653 impedimento
704 3584 774 3637 ad
800 3583 1002 3655 Sgroen
1029 3601 1201 3655 regem
1233 3594 1445 3656 possent
1488 3586 1770 3656 proﬁcisci.
1797 3586 2149 3641 Barismanas
2202 3600 2396 3639 vero...
2430 3592 2480 3637 et
2511 3586 2601 3655 qui
2635 3592 2749 3638 tum
2780 3601 2900 3638 cum
2933 3584 3028 3639 illo
3054 3586 3300 3650 aderant,
3348 3603 3462 3652 nos,
3489 3597 3541 3641 et

288 3668 492 3742 Syroen
529 3670 819 3726 Persarum
850 3688 1044 3740 regem,
1071 3688 1166 3742 per
1200 3672 1397 3727 multas
1422 3675 1603 3738 horas,
1639 3675 1831 3744 faustis
1862 3674 2335 3728 acclamationibus
2367 3672 2713 3744 laudibusque
2739 3675 3000 3743 prosecuti
3049 3683 3193 3730 sunt.
3249 3675 3294 3730 Α
3342 3675 3541 3747 Legato

290 3760 484 3828 quippe
503 3758 598 3811 illo
626 3759 811 3823 Persa,
833 3758 1159 3829 perduellem
1189 3758 1285 3813 Dei
1312 3759 1545 3821 Cosroen
1578 3761 1817 3829 periisse,
1842 3772 2120 3828 regemque
2146 3754 2349 3826 Sgroen
2378 3753 2773 3826 proclamatum
2805 3758 3054 3811 certiores
3081 3766 3237 3812 erant
3261 3759 3408 3828 facti.
3439 3758 3543 3814 Re-

290 3846 499 3916 scripsit
532 3844 717 3898 deinde
740 3846 886 3899 nobis
919 3845 1061 3898 idem
1092 3843 1464 3911 Barismanas,
1510 3862 1668 3916 equos
1692 3862 1770 3911 se,
1801 3846 1933 3899 sicut
1960 3862 1993 3898 a
2024 3843 2169 3897 nobis
2203 3842 2519 3897 mandatum
2562 3843 2759 3913 fuerat,
2800 3844 3144 3909 instruxisse,
3175 3853 3370 3900 etcum
3403 3845 3541 3901 alte-

297 3949 415 3986 ram
440 3939 679 3986 nostram
691 3931 988 4002 jussionem
1023 3932 1302 4001 acceperit,
1333 3948 1438 4000 qua
1462 3930 1762 4002 legatorum
1788 3932 2044 3985 adventus
2060 3931 2156 3984 sibi
2182 3929 2671 4001 signiﬁcaretur,se
2698 3947 2858 4001 quam
2890 3932 3121 4000 primum
3148 3932 3219 3985 ad
3245 3948 3340 3986 nos
3369 3949 3544 3988 acces-

292 4035 499 4082 surum,
541 4021 790 4089 equisque
834 4018 1107 4086 confestim
1157 4018 1420 4082 adductis,
1461 4020 1628 4088 ofﬁcia
1660 4036 1761 4073 sua
1784 4019 2102 4089 servitiaque
2152 4019 2333 4072 omnia
2382 4018 2770 4088 prcestiturum.
2802 4016 2937 4071 Cum
2973 4018 3140 4087 igitur
3169 4018 3224 4071 in
3258 4019 3447 4073 iisdem
3474 4021 3545 4074 ad

296 4105 546 4161 Canzaca
579 4105 761 4174 positis
777 4094 965 4158 castris
995 4120 1224 4159 essemus
1249 4105 1445 4158 morati
1476 4121 1640 4175 usque
1677 4106 1746 4158 ad
1774 4106 1808 4159 5
1838 4110 2032 4160 mensis
2056 4105 2259 4176 Aprilis
2303 4104 2462 4170 diem,
2491 4105 2582 4175 qui
2618 4106 2675 4157 in
2713 4103 3046 4157 Dominicam
3084 4104 3290 4172 incidit,
3335 4106 3546 4161 advenit

298 4193 559 4249 Phaiacus
588 4193 698 4263 regi
728 4211 760 4246 a
787 4194 1020 4259 secretis,
1052 4193 1143 4262 qui
1171 4202 1219 4244 et
1244 4191 1464 4246 Rharna
1491 4194 1803 4256 vocabatur,
1835 4194 1975 4247 circa
1999 4194 2187 4247 horam
2220 4191 2528 4256 secundum,
2567 4191 2914 4258 eumdemque
2936 4192 3036 4245 hac
3060 4193 3178 4260 ipsa
3218 4194 3349 4247 hora
3392 4210 3545 4249 exce-

296 4282 492 4353 pimus,
532 4280 718 4335 litteris
744 4299 777 4335 a
803 4279 1005 4336 Cabata
1046 4279 1211 4351 Syroe
1239 4280 1647 4336 clementissimo
1685 4281 1975 4335 Persarum
2023 4297 2162 4351 rege,
2194 4295 2313 4350 quia
2345 4280 2458 4350 ejus
2503 4280 2980 4348 inaugurationem
3030 4279 3390 4345 continebant,
3432 4283 3549 4352 qui-

301 4375 498 4444 busque
521 4373 808 4439 nobiscum,
841 4379 890 4426 et
929 4389 1049 4426 cum
1068 4373 1249 4442 quovis
1275 4374 1570 4436 hominum,
1597 4389 1778 4442 pacem
1813 4369 2005 4425 habere
2030 4368 2166 4423 velle
2197 4368 2558 4439 signiﬁcabat,
2579 4366 2644 4420 ab
2674 4364 2767 4421 illo
2787 4368 3032 4435 acceptis.
3057 4368 3233 4422 Visum
3261 4376 3385 4438 ergo
3402 4369 3548 4424 nobis

298 4470 375 4517 est
394 4460 785 4515 clementissimi
817 4458 1033 4515 Cabata:
1058 4459 1237 4530 Syrois
1273 4457 1581 4513 litterarum
1613 4458 1890 4530 exemplar
1922 4456 2043 4510 huic
2071 4463 2267 4509 nostra:
2296 4453 2367 4507 ad
2388 4469 2477 4507 vos
2515 4453 2738 4515 iussioni
2766 4452 3107 4525 subjungere,
3128 4461 3187 4506 ut
3225 4461 3275 4507 et
3314 4456 3442 4525 quid
3477 4457 3548 4510 ad

297 4548 422 4603 illas
459 4548 646 4604 deinde
673 4549 1119 4617 rescripserimus.
1150 4547 1445 4606 Mausimus
1475 4564 1596 4604 vero
1622 4547 1799 4602 eodem
1828 4548 1883 4600 in
1915 4546 2026 4601 loco
2052 4554 2351 4598 castrorum
2375 4541 2633 4596 Canzacis
2669 4543 2955 4595 vicinorum
2983 4558 3148 4612 usque
3180 4543 3249 4596 ad
3271 4544 3548 4614 septimum

298 4636 519 4708 Aprilis,
543 4638 638 4691 hoc
658 4644 730 4690 est
749 4637 817 4691 27
835 4635 965 4689 dies.
999 4634 1194 4690 Octavo
1228 4644 1405 4689 autem
1432 4635 1667 4705 ejusdem
1706 4636 1901 4688 mensis
1929 4634 2169 4687 eumdem
2214 4629 2510 4685 Phaiucum
2536 4646 2569 4682 a
2609 4629 2841 4687 secretis.
2878 4627 3155 4683 Rharnam
3198 4628 3548 4706 appellatum,

301 4723 606 4793 honoriﬁce,
637 4734 897 4795 quantum
926 4722 1091 4788 licuit,
1115 4733 1407 4793 acceptum,
1441 4730 1498 4775 ut
1530 4731 1578 4776 et
1629 4723 1718 4792 qui
1745 4739 1865 4775 cum
1899 4721 1995 4776 illo
2024 4728 2200 4784 erant,
2235 4718 2552 4780 dimisimus,
2585 4724 2695 4770 etc.
2731 4716 2902 4786 Atque
2941 4718 3019 4771 ita
3053 4716 3364 4786 conﬁdimus
3392 4716 3455 4773 D.
3479 4715 3549 4771 N.

301 4811 485 4866 Jesum
522 4811 789 4867 Christum
824 4811 1018 4865 bonum
1048 4818 1096 4864 et
1121 4813 1531 4881 omnipotentem
1563 4809 1750 4874 Deum,
1791 4816 1840 4864 et
1871 4807 2159 4861 Dominam
2224 4811 2464 4859 nostram
2505 4800 2599 4855 Dei
2642 4802 2977 4867 Genitricem,
3011 4820 3092 4857 res
3133 4818 3313 4856 omnes
3342 4812 3551 4859 nostras

304 4900 593 4955 secundum
613 4916 795 4954 eorum
820 4900 1153 4954 clementiam
1185 4908 1486 4954 curaturos.
1517 4899 1624 4954 Nos
1656 4915 1811 4969 porro
1846 4894 2079 4967 ejusdem
2110 4893 2304 4946 mensis
2338 4890 2424 4943 die
2469 4888 2502 4943 8
2542 4888 2652 4942 Deo
2690 4890 2921 4960 auspice,
2951 4899 3132 4943 castra
3175 4892 3453 4958 movimus,
3495 4893 3553 4946 in

306 4985 614 5041 Armeniam
643 4986 744 5040 iter
770 4986 981 5056 facturi.
1018 4986 1111 5041 Vos
1143 4996 1321 5040 autem
1350 4986 1476 5040 bene
1512 4986 1702 5047 valete,
1733 4986 2112 5053 continuusque
2143 4999 2204 5036 ac
2231 4979 2522 5049 indefessas
2562 4980 2828 5032 orationes
2867 4978 2936 5032 ad
2965 4978 3133 5033 Deum
3175 4979 3395 5046 fundite,
3427 4997 3551 5053 quo,

307 5074 438 5126 sicut
465 5081 824 5143 peraptamus,
854 5088 943 5126 vos
965 5089 1128 5143 quam
1157 5074 1389 5142 primum
1422 5075 1645 5126 revisere
1690 5073 1835 5126 nobis
1878 5070 2164 5142 largiatur.
2202 5068 2343 5123 Huic
2375 5066 2611 5121 Heraclii
2672 5066 2919 5136 epistolae
2981 5066 3240 5121 subditur
3269 5067 3323 5121 in
3358 5070 3556 5123 eodem

312 5157 504 5213 Chron.
527 5157 821 5212 Alexandr.
852 5173 973 5228 pag.
1003 5158 1129 5220 402,
1160 5174 1287 5227 pars
1332 5159 1580 5228 epistula:
1611 5160 1799 5228 Syrois
1826 5160 1895 5213 ad
1916 5158 2133 5213 Herae].
2156 5157 2373 5211 Titulus
2388 5163 2473 5209 est
2498 5173 2511 5208 :
2544 5153 2839 5224 Exemplar
2863 5155 3250 5208 commonitorii
3270 5172 3301 5207 a
3328 5154 3551 5220 Cubata,

312 5244 404 5313 qui
426 5251 475 5296 et
503 5241 693 5314 Sgroes
718 5243 887 5297 dictus
915 5253 1011 5306 est,
1036 5243 1438 5297 clementissimo
1467 5262 1585 5315 rege
1611 5245 1924 5310 Persarum,
1948 5246 2093 5299 missi
2125 5243 2194 5297 ad
2223 5240 2532 5296 Heracliam
2568 5242 2860 5311 piissimum
2889 5251 2937 5294 et
2958 5260 2990 5295 a
3024 5241 3135 5295 Deo
3157 5251 3423 5296 servatum
3456 5259 3555 5297 no-

310 5338 482 5410 strum
502 5331 897 5401 imperatorem.
928 5330 968 5386 Α
1000 5329 1203 5386 Cabata
1235 5329 1627 5395 Sadasadasac,
1656 5332 1903 5387 Heraclio
1943 5330 2368 5410 clementissimo,
2403 5336 2453 5381 et
2478 5345 2509 5380 a
2548 5329 2652 5381 Deo
2702 5336 2910 5382 servato
2944 5328 3258 5399 imperatori
3288 5326 3555 5381 Romano-

314 5397 454 5481 ἦιηι,
482 5416 641 5487 fratri
664 5426 865 5481 nostro,
890 5416 1181 5487 plurimam
1213 5417 1444 5487 gratiam
1470 5418 1825 5487 impertimur.
1853 5417 2268 5473 Clementissimo
2297 5397 2605 5486 imperatori
2640 5415 3024 5479 Romanorum,
3061 5425 3110 5469 et
3157 5415 3315 5485 fratri
3354 5423 3552 5469 nostra.

312 5502 419 5559 Nos
441 5503 537 5559 Dei
555 5506 883 5577 providentia
904 5507 1099 5577 absque
1124 5506 1234 5561 ullo
1255 5506 1436 5561 labore
1460 5507 1656 5578 insigni
1679 5509 1977 5562 diademate
1993 5506 2199 5568 donati,
2224 5513 2435 5573 patrum
2454 5519 2515 5556 ac
2539 5505 2803 5573 majorum
2834 5512 3135 5557 nostrorum
3157 5502 3347 5557 solium
3371 5520 3551 5557 sumus

315 5595 597 5647 consecuti.
622 5593 689 5648 At
715 5610 833 5649 cum
850 5603 961 5649 tam
985 5595 1210 5664 beneﬁce
1239 5596 1304 5650 ab
1328 5599 1440 5667 ipso
1472 5595 1582 5649 Deo
1606 5612 1700 5651 nos
1730 5596 1968 5667 dignatos
1995 5607 2364 5663 agnoscamus,
2394 5601 2449 5643 ut
2476 5589 2740 5644 illustrem
2760 5591 2893 5644 adeo
2923 5592 3169 5645 thronum
3200 5593 3553 5661 exceperimus

320 5695 381 5733 ac
406 5679 839 5748 dominationem,
869 5683 915 5736 si
934 5683 1060 5754 quid
1081 5689 1210 5737 esset
1238 5684 1377 5755 quod
1392 5685 1611 5737 humani
1636 5686 1841 5754 generis
1871 5682 2093 5737 utilitati
2116 5696 2179 5733 ac
2203 5668 2393 5733 solatio
2410 5678 2742 5741 conduceret,
2778 5684 3039 5747 quantum
3076 5680 3131 5732 in
3173 5678 3317 5733 nobis
3342 5677 3461 5745 fuit,
3505 5688 3555 5732 ct

318 5776 473 5836 prout
503 5767 696 5833 decuit,
737 5769 792 5822 id
826 5771 1076 5824 continuo
1118 5769 1235 5837 ﬁeri
1286 5770 1573 5825 liberaliter
1610 5767 2352 5841 beneﬁcequeimperavimus.
2386 5764 2821 5837 Quandoquidem
2844 5765 3007 5835 igitur
3022 5765 3092 5818 ad
3130 5781 3394 5819 summam
3420 5766 3559 5818 hanc

319 5854 625 5927 dignitatem
657 5866 704 5910 et
730 5856 1007 5930 imperium
1041 5873 1132 5913 nos
1164 5856 1301 5913 Deus
1326 5857 1510 5929 evexit,
1538 5857 1591 5912 id
1612 5858 1849 5931 protinus
1882 5858 1934 5914 in
1978 5856 2154 5912 animo
2194 5860 2451 5909 statutum
2479 5853 2613 5931 fuit,
2634 5861 2688 5908 ut
2707 5860 2957 5925 quotquot
2982 5853 3216 5909 homines
3242 5851 3557 5909 detincbun-.
