4010 6288
544 399 687 477 82ἓῖ
1072 412 1076 418 ’
1462 406 1859 468 ΖᾹΟΗΑΙὶῐςΕ
1898 413 2121 473 ΡΑΤΒΙ

2184 413 2405 473 RCI-I.E
2440 412 2846 473 HIEROSOL.
3656 410 3764 475 ωδ

546 523 635 571 tur
660 514 712 570 in
740 516 983 582 vinculis,
1017 518 1431 573 dimitterentur.
1458 518 1563 575 Sed
1593 532 1643 576 et
1671 525 1715 577 si
1744 525 1869 593 quid
1900 534 2015 579 erat
2046 526 2185 597 quod
2208 529 2459 582 humana:
2484 529 2798 582 conditionis
2832 543 2895 581 ac
2929 525 3146 595 hujusce
3168 526 3288 579 rita:
3317 525 3541 580 utilitati
3562 545 3622 582 ac
3650 546 3759 586 ω·-

543 604 703 658 moJo
730 605 962 673 fructum
988 606 1219 674 afferret,
1249 606 1498 675 nobisque
1525 616 1761 663 statuere
1791 610 1989 677 liceret,
2016 614 2069 666 id
2110 613 2231 681 ﬁeri
2278 634 2382 671 non
2424 617 2576 672 modo
2599 618 2963 687 prtecepimns,
2995 614 3086 669 sed
3126 623 3177 667 et
3209 615 3504 684 confectum
3541 627 3631 671 est.
3656 619 3761 684 Quia

543 693 705 748 etiam
720 691 863 747 nobis
893 692 1240 748 deliberatum
1263 702 1339 749 est
1367 712 1431 751 ac
1465 700 1831 766 constitutum,
1858 703 1935 755 uti
1954 702 2216 757 vobiscum
2259 702 2622 759 Romanorum
2648 705 2963 773 imperator,
2993 702 3163 772 frater
3206 712 3401 767 noster,
3432 718 3650 773 eumque
3680 705 3760 761 Ro-

545 796 710 833 mana
742 779 1035 849 republica,
1060 784 1366 852 carterisque
1415 785 1647 855 papulis,
1680 786 1903 858 aliisque
1940 788 2137 858 regulis
2160 791 2250 860 qui
2292 792 2432 845 circa
2458 792 2740 861 imperium
2786 797 3024 844 nostrum
3054 790 3290 858 undique
3327 789 3593 855 habitant,
3618 810 3763 862 pacem

544 873 595 917 et
622 868 914 920 amicitiam
938 867 1174 938 deinceps
1196 867 1452 925 colamus.
1478 870 1629 936 Quod
1652 881 1829 928 autem
1859 876 2170 945 fraternitas
2218 885 2415 941 uestra,
2470 877 2839 931 Romanorum
2881 876 3173 946 imperator
3193 916 3206 941 ,
3238 877 3485 947 aﬁ‘ectam
3533 893 3589 931 se
3608 882 3763 949 gauaio

474 959 480 963 ’
541 952 698 1018 dixit,
726 953 866 1024 quod
896 970 989 1007 nos
1024 955 1261 1008 eumdem
1285 957 1531 1011 thronum
1555 960 2049 1017 obtinuerimus.....
2080 963 2310 1030 Caetera,
2353 963 2534 1034 inquit
2574 961 2808 1018 Carolus
2843 962 2927 1017 Du
2953 960 3158 1033 Cange,
3199 977 3312 1032 pra:
3340 971 3619 1018 vetustate
3648 963 3764 1019 desi-

547 1039 820 1093 derantur
861 1041 917 1094 in
946 1056 1050 1094 ms.
1084 1042 1298 1096 codice.

612 1127 787 1182 Periit
808 1128 993 1200 itaque
1022 1128 1278 1195 Cosroes,
1310 1132 1462 1201 justo
1487 1133 1582 1188 Dei
1614 1134 1847 1204 judicio,
1891 1151 2056 1190 manu
2100 1138 2290 1207 Syrois
2326 1138 2421 1193 lilii
2463 1137 2549 1193 sui
2581 1146 2713 1193 natu
2749 1137 3002 1209 majoris,
3030 1152 3179 1192 anno
3207 1136 3419 1192 Christi
3459 1137 3587 1203 628,
3614 1137 3766 1194 die”

543 1212 815 1268 Februar.
856 1215 994 1270 Cum
1033 1217 1186 1270 enim
1217 1217 1481 1273 Seleucia:
1512 1220 1567 1274 in
1598 1221 1927 1291 dysenteria:
1961 1225 2211 1277 morbum
2246 1221 2550 1283 incidisset,
2582 1234 2807 1288 operam
2844 1218 2996 1273 dedit
3019 1226 3079 1274 ut
3107 1219 3212 1274 sibi
3248 1220 3768 1275 succederctlledar-

541 1316 631 1355 ses
661 1302 801 1356 alter
839 1302 985 1357 [llius
1019 1318 1174 1368 suus,
1204 1319 1367 1373 quem
1401 1320 1467 1359 ex
1503 1306 1634 1376 Syra
1667 1307 1865 1362 dilecta
1918 1311 2151 1380 conjuge
2179 1316 2522 1376 susceperat.
2572 1306 2731 1372 Quod
2767 1306 2862 1360 ubi
2897 1306 3173 1376 comperit
3208 1306 3436 1378 Syroes,
3478 1322 3605 1361 cum
3649 1311 3767 1376 opti-

542 1388 788 1442 matibus
822 1389 975 1459 regni
1011 1390 1144 1458 egit,
1177 1399 1238 1445 ut
1270 1391 1337 1445 de
1367 1393 1573 1446 mundo
1606 1404 1762 1463 pater
1789 1396 2097 1450 tolleretur.
2130 1412 2261 1452 usus
2289 1396 2456 1448 etiam
2497 1394 2562 1447 ad
2611 1392 2717 1447 hoc
2746 1393 3125 1447 Romanorum
3152 1394 3377 1447 auxilio.
3410 1392 3646 1448 Cosroes
3673 1391 3768 1462 qui-

540 1476 667 1529 dem
703 1475 894 1546 fugere
923 1479 1176 1543 tentavit,
1217 1479 1311 1533 sed
1345 1488 1540 1548 captus
1571 1492 1676 1546 est,
1715 1484 1894 1537 valide
1925 1484 2164 1546 vinctus,
2187 1493 2242 1536 ct
2271 1482 2471 1534 missus
2510 1480 2564 1533 in
2586 1479 2812 1533 domum
2845 1478 3222 1544 tenebrarum,
3255 1494 3422 1548 quam
3465 1495 3656 1534 recens
3675 1479 3767 1548 ipso

537 1560 603 1613 ad
644 1564 1024 1618 recondendas
1054 1565 1319 1633 pecunias
1343 1575 1718 1622 exstruxerat.
1757 1570 1943 1623 Aiebat
1977 1572 2167 1639 quippe
2204 1567 2414 1638 Syrms,
2438 1566 2618 1634 inquit
2652 1565 2904 1633 Theoph.
2939 1565 3148 1634 pp.27l
3187 1574 3244 1620 ct
3268 1565 3396 1629 273,
3416 1575 3479 1621 et
3510 1566 3651 1635 apud
3685 1564 3768 1619 Ba-

540 1661 664 1701 ron.
695 1649 760 1703 ad
801 1666 1004 1704 annum
1032 1652 1156 1717 69.7,
1189 1669 1244 1707 n.
1287 1657 1354 1709 l7
1391 1671 1402 1706 :
1436 1653 1690 1709 Comedat
1715 1672 1908 1709 aurum
1945 1657 2082 1725 quod
2110 1659 2375 1710 incassum
2392 1653 2624 1723 collegit,
2652 1663 2864 1723 prapter
2890 1652 3030 1722 quod
3059 1654 3222 1706 etiam
3249 1652 3447 1707 multos
3474 1653 3615 1724 fame
3639 1668 3766 1706 neca-

539 1734 633 1794 uit,
663 1735 1025 1805 mundumque
1054 1736 1263 1792 deleuit.
1293 1740 1436 1794 Misit
1465 1741 1683 1811 insuper
1722 1750 1972 1811 satrapas
2014 1742 2083 1795 ad
2130 1758 2248 1796 eum
2295 1744 2507 1812 injuriis
2550 1741 2907 1812 impetendum
2947 1748 2997 1794 et
3049 1740 3490 1810 conspuendum;
3521 1740 3768 1795 abductum

540 1820 700 1873 etiam
727 1819 1131 1886 Mardazanem,
1159 1825 1279 1879 sive
1310 1826 1623 1889 Medarzen,
1657 1844 1807 1895 quem
1837 1844 2090 1881 coronare
2120 1829 2323 1883 volebat
2362 1829 2535 1897 ﬁlium
2567 1830 2681 1900 ejus
2714 1845 2893 1882 coram
2925 1830 3039 1899 ipso
3076 1829 3286 1893 occidit,
3317 1837 3367 1883 et
3396 1828 3629 1897 reliquos
3655 1826 3768 1895 ﬁlios

538 1904 651 1972 ejus
685 1906 740 1959 in
769 1919 1044 1977 conspectu
1074 1912 1237 1981 ipsius
1267 1929 1293 1965 e
1314 1913 1481 1966 medio
1514 1912 1762 1967 sustulit:
1795 1922 1845 1967 et
1872 1916 2107 1983 permisit
2135 1916 2371 1969 omnibus
2396 1917 2484 1985 qui
2506 1916 2705 1969 inimici
2742 1916 2855 1984 ejus
2876 1921 3064 1978 essent,
3096 1922 3157 1967 ut
3182 1915 3327 1968 omni
3344 1915 3673 1983 injuriarum
3696 1929 3770 1983 ge-

541 2008 667 2046 nere
688 2010 809 2048 eum
843 1997 1126 2065 aﬂicerent,
1161 2016 1223 2052 ac
1245 2001 1541 2054 verberibus
1571 2010 1876 2054 onerarent.
1900 2002 2136 2072 Denique
2164 2019 2257 2072 per
2277 2004 2510 2072 quinque
2540 2003 2649 2056 dies
2678 2004 2774 2055 hoc
2805 2001 2967 2071 facto,
2989 2002 3149 2072 jussit
3176 2000 3368 2071 Syroes
3394 2002 3573 2071 ipsum
3595 1998 3774 2070 sagittis

540 2079 770 2149 confodi,
803 2097 905 2151 quo
938 2084 991 2135 in
1019 2084 1274 2153 supplicio
1296 2086 1455 2138 vitam
1484 2084 1675 2153 ﬁnivit.
1704 2085 1796 2141 Sic
1828 2088 2036 2156 potitus
2066 2103 2235 2158 regno
2262 2088 2481 2158 Syroes,
2516 2103 2623 2142 non
2659 2088 2950 2142 immemor
2979 2087 3130 2157 pacis
3174 2103 3339 2155 quam
3388 2102 3517 2141 cum
3550 2085 3770 2141 Heraclio

543 2166 763 2230 inierat,
792 2168 1073 2224 Romanos
1118 2187 1311 2227 omnes
1342 2173 1591 2241 captivos
1619 2173 1879 2228 libertate
1905 2176 2151 2241 donavit,
2183 2176 2327 2231 inter
2354 2192 2496 2245 quos
2535 2168 2641 2230 fuit
2686 2174 2981 2229 Zacharias
3014 2174 3348 2243 patriarcha,
3375 2171 3777 2242 quattuordecim

542 2255 658 2308 fere
690 2255 850 2312 annis
874 2272 940 2311 ex
976 2273 1088 2327 quo
1118 2258 1173 2312 in
1201 2259 1488 2314 Persidem
1547 2260 1750 2315 ductus
1795 2260 1995 2327 fuerat,
2027 2271 2086 2316 et
2124 2272 2536 2318 sacrosanctum
2563 2262 2747 2316 crucis
2794 2261 3003 2331 lignum
3039 2260 3304 2314 restituit.
3336 2260 3505 2313 Anno
3545 2274 3657 2328 seq.
3691 2257 3771 2326 qui

540 2340 780 2397 lleraclii
833 2343 1082 2400 decimus
1118 2361 1300 2401 nonus
1334 2354 1472 2413 erat,
1513 2346 1720 2403 Christi
1765 2349 1888 2404 6'29.
1930 2349 1983 2403 Is
2016 2350 2258 2404 recedens
2291 2347 2785 2418 Constantinopoli,
2815 2348 2997 2417 inquit
3019 2346 3412 2415 Theophanes,
3439 2361 3567 2416 pag.
3595 2344 3710 2407 273,
3726 2350 3775 2397 et

537 2430 685 2501 apud
737 2430 935 2486 Baron.
965 2432 1031 2487 ad
1072 2449 1277 2488 annum
1310 2435 1432 2497 628,
1458 2452 1517 2490 n.
1548 2437 1600 2490 l.
1638 2436 1761 2506 Ipso
1783 2439 1920 2492 ueris
1954 2439 2107 2493 initio
2147 2437 2495 2508 proﬁciscitur
2528 2435 2976 2506 Hierosolymam,
3026 2434 3257 2504 pretiosa
3291 2449 3356 2487 ac
3394 2432 3603 2501 viriﬁca
3630 2432 3771 2486 crucis

541 2514 687 2586 ligna
716 2528 992 2589 reportans
1027 2522 1101 2587 ad.
1125 2523 1425 2591 gratiarum
1476 2524 1708 2578 actiones
1737 2525 2050 2580 reddendas.
2084 2524 2319 2596 Cumque
2359 2524 2686 2579 Tiberiadem
2716 2523 2955 2585 adiisset,
2990 2536 3301 2574 accusauere
3344 2518 3638 2575 Chrisfiani
3687 2516 3772 2571 He-

536 2604 735 2658 braeum
762 2608 1039 2677 quemdam
1070 2611 1281 2663 nomine
1308 2609 1612 2681 Benjamin,
1645 2615 1798 2682 quasi
1818 2614 1917 2667 sibi
1941 2613 2086 2668 mala
2117 2614 2397 2683 facientem
2428 2629 2445 2666 :
2482 2620 2595 2665 erat
2626 2612 2763 2664 enim
2804 2608 3090 2664 admodum
3115 2608 3425 2679 opulentus,
3454 2609 3766 2678 quisnsccpe-

537 2700 623 2744 rut
652 2693 1026 2763 imperatorem
1049 2704 1098 2749 et
1129 2697 1415 2751 exercitum
1439 2698 1573 2768 ejus.
1606 2698 1670 2753 In
1696 2716 1814 2753 eum
1840 2710 2127 2756 commotus
2150 2705 2441 2770 imperator
2469 2701 2544 2753 ait
2567 2716 2585 2753 :
2608 2698 2714 2754 Cur
2737 2697 2987 2753 molestus
3013 2714 3064 2752 es
3091 2696 3412 2752 Christianis
3441 2709 3492 2749 et
3513 2696 3632 2764 ﬁdei
3646 2693 3771 2751 Chri-

535 2780 727 2834 stiana:
752 2798 913 2850 quam
940 2782 1053 2837 colo
1072 2784 1096 2836 ?
1115 2786 1462 2855 eamdemque
1488 2786 1819 2840 admonitum
1843 2796 1899 2840 ut
1919 2789 2181 2854 crederet,
2204 2788 2573 2858 redditumque
2597 2785 2978 2852 Christianum,
3011 2786 3066 2840 in
3098 2786 3250 2840 domo
3280 2784 3566 2839 Eustachii
3589 2782 3769 2853 Νευρο-

539 2864 719 2932 litani,
759 2869 834 2921 ita
871 2885 1011 2922 nunc
1031 2869 1283 2925 Samaria
1326 2872 1432 2939 (Vel
1458 2874 1642 2940 potius
1670 2871 1897 2942 Sicltem)
1940 2874 2154 2939 dicitur,
2188 2874 2449 2943 baptizari
2472 2874 2666 2937 voluit;
2699 2873 2841 2944 apud
2864 2889 2983 2926 eum
3023 2874 3163 2925 enim
3196 2873 3493 2942 imperator
3521 2881 3594 2926 at
3618 2870 3767 2939 hospi-

536 2965 701 3009 tatus.
728 2955 1002 3026 Ingressus
1031 2957 1219 3012 deinde
1239 2961 1528 3039 imperator
1585 2960 2028 3030 Hierosolymam,
2052 2962 2292 3016 restituto
2311 2965 2431 3031 jam
2462 2962 2728 3017 Zacharia
2753 2960 3019 3032 pontiﬁce,
3053 2960 3367 3015 venerande
3396 2962 3568 3015 crucis
3596 2956 3767 3027 viuiﬁca

536 3040 684 3111 ligna
712 3044 769 3096 in
801 3046 1075 3115 proprium
1107 3043 1279 3099 locum
1310 3048 1558 3117 reposuit,
1584 3046 1947 3118 plurimasque
1981 3048 2086 3102 Deo
2125 3052 2226 3120 egit
2260 3054 2468 3122 gratias
2505 3054 2676 3123 :quin
2724 3061 2774 3104 et
2809 3049 2974 3121 pulsis
3006 3048 3206 3104 Juda’is
3243 3051 3306 3104 ab
3344 3050 3476 3103 urbe
3499 3057 3693 3107 sancta,
3716 3061 3767 3099 nc

537 3131 608 3184 ad
646 3132 858 3184 tertium
885 3148 1050 3199 usque
1076 3131 1389 3187 milliarium
1412 3136 1458 3189 ei
1494 3137 1996 3206 appropinquarent
2022 3136 2255 3191 districte
2280 3139 2560 3207 prohibuit.
2594 3137 2676 3193 Ad
2698 3152 2819 3192 eam
2851 3136 3201 3191 occasionem
3231 3129 3766 3202 revocandum,quod

533 3217 736 3288 legitur
773 3219 826 3272 in
860 3218 1134 3274 Breviario
1162 3218 1403 3275 Romano
1460 3222 1548 3277 die
1606 3224 1672 3277 lt
1703 3222 1990 3291 Septemb.
2024 3224 2387 3283 Exaltationis
2420 3237 2622 3283 sancta:
2657 3226 2841 3283 crucis
2895 3225 3174 3280 memoriae
3209 3233 3559 3287 consecrata,
3589 3222 3767 3277 scilicet

535 3322 661 3359 cum
697 3306 985 3360 lleraclius
1022 3322 1160 3363 auro
1206 3318 1261 3363 et
1287 3310 1518 3378 gemmis
1573 3320 1802 3363 ornatus
1856 3310 2062 3376 lignum
2097 3316 2283 3370 crucis
2321 3323 2651 3385 reportaret,
2683 3314 2862 3384 ipsum
2906 3312 3160 3367 insistere
3196 3317 3454 3366 coactum
3512 3308 3612 3364 sub
3636 3315 3768 3376 porta

535 3408 641 3460 qua
674 3391 742 3445 ad
768 3392 1031 3447 Calvaria:
1058 3405 1302 3450 montem
1322 3405 1441 3450 erat
1468 3397 1608 3462 iter;
1644 3397 2024 3467 monitumque
2056 3410 2345 3469 prOpterca
2373 3417 2401 3455 a
2420 3400 2705 3466 Zacharia,
2736 3407 2797 3454 ut
2815 3415 2884 3454 eo
2905 3398 3108 3453 vestitu
3134 3396 3406 3465 deposito,
3444 3395 3764 3451 humiliorem

536 3490 864 3545 asuuneret,
893 3484 1144 3550 paruisse
1180 3484 1593 3553 imperatorem,
1625 3492 1681 3539 et
1728 3485 2001 3554 reliquum
2030 3486 2131 3540 viae
2185 3488 2324 3542 citra
2365 3488 2529 3542 ullam
2567 3487 2944 3542 diﬂicultatem
2997 3483 3325 3539 confecisse.
3381 3481 3584 3538 Suidas
3627 3479 3766 3535 refert

535 3566 587 3622 ll
612 3568 838 3623 .dcstum
871 3569 1040 3625 fuisse
1076 3570 1632 3642 Hierosolymitanum
1659 3571 2049 3642 patriarcham,
2081 3575 2303 3644 quando
2329 3575 2616 3630 Heraclius
2656 3589 2875 3629 crucem
2906 3581 3155 3628 sanctam
3191 3570 3248 3624 in
3279 3569 3579 3640 pristinum
3610 3569 3763 3623 locum

537 3656 810 3724 reposuit,
841 3658 998 3724 quasi
1018 3659 1131 3727 jam
1169 3669 1300 3713 tunc
1335 3659 1668 3715 decessisset
1696 3660 2013 3722 Zacharias,
2041 3662 2136 3716 sed
2163 3662 2486 3732 The0phani
2513 3661 2609 3730 qui
2639 3661 2733 3715 illo
2756 3659 3039 3729 antiquior
3070 3658 3195 3721 fuit,
3225 3657 3413 3727 potius
3446 3653 3757 3711 credendum

533 3754 641 3797 est.
669 3744 788 3798 Non
809 3754 988 3799 tamen
1007 3745 1101 3799 diu
1132 3746 1438 3815 supervixit
1460 3747 1773 3803 Zacharias.
1812 3748 2103 3818 Nicephori
2137 3748 2427 3821 Catalogus
2462 3750 2515 3802 ei
2552 3748 2744 3818 viginti
2768 3747 2908 3802 duos
2935 3761 3110 3802 annos
3134 3745 3421 3817 regiminis
3453 3743 3661 3805 tribuit,
3685 3737 3760 3809 qui

534 3830 606 3884 ab
635 3845 779 3885 anno
815 3829 918 3885 609
943 3830 1010 3885 ad
1039 3831 1134 3887 631
1193 3841 1343 3888 recte
1394 3842 1807 3903 computantur,
1830 3835 1906 3889 ita
1938 3845 1999 3890 ut
2028 3837 2232 3892 obierit
2259 3851 2325 3891 eo
2355 3850 2502 3889 anno
2527 3830 2652 3890 €51.
2685 3833 2855 3888 Addit
2883 3832 3313 3902 Papcbrochius,
3336 3831 3529 3887 Tract.
3564 3826 3758 3899 pmlitn.

533 3918 600 3971 ad
650 3924 688 3971 t.
715 3917 784 3972 Ill
821 3917 1000 3972 Actor.
1025 3927 1329 3973 sanctorum
1381 3918 1530 3983 Maii,
1565 3935 1621 3989 p.
1647 3921 1814 3983 5l,n.
1858 3923 1979 3987 157,
2005 3922 2112 3977 col.
2137 3924 2190 3985 2,
2221 3923 2389 3976 vitam
2423 3922 2544 3992 ejus
2578 3920 2802 3976 extendi
2848 3934 3011 3991 posse
3043 3934 3219 3990 usque
3252 3918 3323 3973 ad
3352 3932 3562 3973 annum
3591 3913 3696 3977 653.
3722 3912 3759 3965 si

534 4019 822 4059 successor
844 4006 965 4075 ejus
986 4005 1266 4061 Modestus
1308 4020 1420 4061 uno
1453 4006 1630 4061 solum
1660 4022 1806 4062 anno
1836 4016 1933 4062 aut
1973 4009 2201 4063 biennio
2244 4024 2355 4063 non
2391 4008 2607 4078 integro
2644 4007 2832 4062 sedem
2869 4006 3132 4061 tenuerit.
3164 4005 3369 4061 Verum
3405 4004 3465 4059 hi
3496 4004 3584 4067 22,
3607 4000 3681 4055 vel
3713 4005 3760 4052 ιιι

532 4090 744 4147 Latina:
779 4092 1027 4161 quaedam
1062 4091 1298 4165 catalogi
1329 4094 1628 4164 Nicephori
1658 4095 2046 4150 translationes
2083 4096 2309 4160 habent,
2357 4096 2427 4149 24
2462 4094 2741 4149 Zachariae
2761 4092 3115 4163 episcopatus
3157 4092 3313 4157 anni,
3352 4102 3637 4161 perperam
3660 4099 3759 4139 onl-

535 4177 672 4232 nino
690 4177 896 4232 ibidcm
922 4189 1252 4235 revocantur
1270 4180 1340 4235 ad
1371 4189 1587 4252 tempus
1619 4180 1767 4252 quod
1784 4181 1906 4254 ejus
1933 4181 2311 4253 captivitatem
2342 4180 2648 4253 praecessit.
2682 4177 2897 4235 Colitur
2914 4177 3211 4235 Zacharias
3234 4177 3293 4234 in
3327 4177 3546 4233 Hencis
3574 4175 3759 4233 Graeco-

536 4279 658 4321 rutn
689 4263 781 4321 die
804 4266 870 4321 2|
898 4266 1170 4322 Februar.

542 4442 3719 4470 Μ

780 4586 1406 4683 ZACHABUE
1510 4593 1725 4685 HIE
1749 4590 2658 4696 ROSOLYMITANI
2772 4588 3567 4683 PATBIARCHAE

1757 4790 2572 4922 EPISTOLA.

607 5011 948 5069 (Bibliotheca
979 5017 1205 5082 Patrum
1225 5054 1239 5077 ,
1276 5019 1410 5082 tom.
1443 5011 1656 5082 Xll,_p.
1682 5010 1807 5066 984.
1834 5010 2043 5082 Texitus
2063 5005 2503 5082 autemCraecus
2531 5005 2858 5082 desumptus
2886 5012 2972 5061 est
3008 5017 3291 5082 ex_op_ere
3330 5003 3530 5082 Fatue.

525 5099 655 5141 risu
685 5084 774 5139 cui
811 5084 1006 5139 titulus
1041 5101 1054 5138 :
1092 5069 1277 5137 Sancti
1309 5080 1533 5137 Joannis
1554 5069 1987 5154 Clirgsostomide
2011 5077 2296 5134 educandis
2316 5075 2493 5132 liberis
2521 5076 2651 5131 liber
2675 5069 2890 5143 aureus,
2910 5084 3046 5143 ete.,
3079 5069 3305 5130 Parisiis
3341 5074 3585 5138 l655,in.
3615 5069 3663 5125 8.

539 5294 716 5372 Virtute
764 5309 996 5372 sponsae,
1024 5296 1223 5351 civitati
1251 5366 1263 5372 _
1282 5294 1417 5365 regis
1452 5294 1632 5365 Magni
1686 5294 1860 5372 liberis
1888 5295 2105 5372 orbatis,

2221 5294 2299 5364 Τῇ
2345 5292 2706 5372 χηρξυσιξᾳῃ
2768 5293 2970 5372 νύμφῃ
2999 5306 3010 5315 ·
3057 5289 3132 5372 cf!
3164 5287 3560 5372 ἁτεκνφθξίσῃ

603 5352 1083 5437 Ilierosolymitano
1118 5366 1263 5435 gregi
1286 5352 1565 5437 pastorem“
1600 5382 1701 5437 non
1735 5364 1983 5430 habenti;
2017 5352 2107 5422 sed

2266 5352 2388 5437 "rei;
2414 5352 2744 5437 'Db’aqtlééq
2798 5352 2905 5437 tot}
2941 5352 3247 5437 ὶιεγᾴζλους
3299 5355 3372 5425 τῇ
3425 5352 3727 5437 decoquit:ch

603 5446 650 5487 et
684 5425 901 5507 reliquis
922 5425 1159 5489 omnibus
1184 5425 1238 5488 in
1269 5425 1475 5491 Christo
1493 5435 1759 5498 Ecclesiis,
1784 5425 2107 5507 residuisque

2282 5425 2505 5507 ,τιοίμίρῃ
2547 5425 2975 5507 ’ζερρύσαλήμ’·
3005 5425 3104 5483 ual
3150 5426 3395 5507 adqui;
3424 5425 3517 5507 δὲ·
3542 5425 3743 5507 dtinuit

604 5507 657 5558 in
689 5497 807 5578 illis"
826 5505 954 5573 ﬁliis
980 5507 1251 5578 orphanis,
1279 5514 1462 5575 pastor
1489 5507 1720 5573 humilis,
1747 5497 1912 5571 solus,
1943 5497 2115 5578 capti-

2283 5506 2352 5557 ὲν
2382 5497 3038 5578 ΧρίᾲτῴἘνξκλησίαις,
3066 5498 3171 5578 καὶ
3209 5497 3332 5562 τοῖς
3452 5497 3740 5578 αὑταῖςξξ·

603 5556 721 5639 an;
738 5556 1063 5630 adcisa;
1078 5556 1367 5635 unus;
2284 5556 2648 5643 ξαλεῖφθεῖὶγι
2668 5556 2900 5643 τέκνὸις
2917 5556 3220 5643 spent—urg,
3246 5556 3471 5643 πᾷιμῂν
3490 5556 3741 5619 mxumo

2280 5633 2525 5711 ἔρημός,
2555 5633 2959 5711 αἰχμάλωτός(
2976 5633 3278 5706 Ζαχαρίας
3297 5633 3625 5702 ἐλάχιστος.

608 5727 796 5788 Crat’a
827 5733 1004 5801 vobis,
1034 5732 1153 5800 lllii,
1194 5742 1249 5790 et
1271 5733 1584 5805 benignitas
1604 5774 1618 5800 ,
1651 5743 1704 5790 et
1736 5734 2113 5791 misericordia

2285 5732 2459 5803 Χάρις
2489 5733 2637 5803 ὑμῖν,
2674 5729 2840 5784 τέκνα
2889 5729 2984 5782 καὶ
3030 5724 3420 5796 εὐσπλαγχνία,
3468 5723 3558 5778 καὶ
3604 5719 3734 5775 ἕλεος.

545 5832 577 5875 a
607 5818 719 5878 Dco
739 5823 898 5880 Patre
921 5835 1148 5893 nostro,
1199 5826 1501 5880 animatum
1547 5842 1611 5881 ac
1664 5826 1889 5881 humani
1942 5828 2115 5898 ipsius

2216 5825 2365 5897 mpii
2388 5824 2521 5878 Θεοῦ
2544 5823 2752 5895 Harp»;
2786 5821 2942 5894 ἡμῶν
2994 5818 3311 5891 φιλοιζιύχου,
3353 5816 3450 5873 καὶ
3480 5806 3736 5890 φιλανθρύθ
