4010 6288
269 457 411 523 3229

1719 442 2103 503 EPISTOLA.

3392 427 3536 493 3230

280 586 396 633 που,
430 564 576 630 ἄξιον
606 562 796 627 ὅντως,
825 559 917 614 καὶ
945 558 1040 612 νῦν
1068 557 1260 612 εἰπεῖν,
1297 554 1392 607 καὶ
1416 551 1475 617 ἐξ
1502 550 1853 622 εὐχαριστίας

1984 550 2174 609 teneris
2198 555 2440 608 amante,
2478 542 3046 610 clementissimoque,
3081 547 3218 594 utet
3258 554 3404 594 nunc
3452 539 3540 593 di-

274 664 372 731 τῆς
413 656 547 728 πρὸς
577 654 721 726 ὑμᾶς
749 651 1038 720 ἐπιστολῆς
1066 646 1353 718 ἄρξασθαι.

349 838 461 905 Eia
484 836 551 889 τὸ
579 834 769 904 ὄνομα
791 830 1011 899 Κυρίου
1037 825 1467 896 εὐλογημένον,
1494 823 1583 876 ὅτι
1608 824 1680 875 οὐ
1712 821 1863 874 κατὰ

279 933 383 994 τὰς
404 925 694 994 ἁμαρτίας
715 921 886 992 ἡμῶν
909 920 1205 986 εποίησεν
1225 916 1392 985 ἡμῖν,
1420 914 1562 967 οὐδὲ
1584 914 1733 967 κατὰ
1756 912 1863 978 τὰς

277 1018 529 1083 ἀνομίας
571 1013 743 1082 ἡμῶν
781 1009 1206 1067 ἀνταπέδωκεν
1233 1006 1396 1074 ἡμῖν.
1436 1004 1649 1072 Ὅμως,
1697 1001 1861 1070 Οἴμοι

280 1112 370 1165 ὅτι
396 1110 495 1178 τῆς
522 1108 661 1162 Σιὼν
685 1105 1087 1175 ἐμακρύνθην,
1116 1100 1212 1154 καὶ
1243 1096 1678 1165 κατεσκήνωσα
1715 1096 1865 1164 μετά

280 1201 399 1255 τῶν
427 1196 831 1267 σκηνωμάτων
859 1193 1088 1261 Κηδιίρο
1132 1191 1207 1255 ὡς
1255 1188 1419 1243 Δαὸὶδ
1466 1186 1646 1241 ποθῶν
1686 1185 1861 1253 κάγὼ,

279 1292 496 1356 ψάλλων
537 1288 730 1348 νυκτὸς
767 1286 861 1339 καὶ
906 1284 1138 1354 ἡμέρας,
1188 1281 1377 1335 τοῦτον
1412 1281 1470 1333 ὲν
1516 1281 1627 1340 τοῖς
1661 1276 1865 1348 χείλεσι

287 1406 387 1458 μου
434 1388 525 1439 τὸν
568 1385 748 1454 στίχον
793 1381 1127 1451 περιφέρων·
1171 1374 1695 1442 Ἐὰνέπιλάθωμαί
1725 1388 1862 1437 σου,

297 1476 710 1547 Ἰερουσαλὴμ,
747 1471 1046 1540 ἐπιλησθῇ
1076 1471 1115 1539 ὴ
1148 1468 1316 1534 δεξιά
1339 1485 1479 1538 μου,
1508 1467 1541 1537 ἢ
1572 1465 1664 1519 τοῦ
1696 1468 1754 1518 ὲν
1782 1464 1864 1518 σοὶ

286 1568 570 1638 ἐλαχίστου
601 1563 756 1619 λαοῦ.

359 1657 601 1712 Γνωστὸν
646 1655 785 1707 ἔστω
827 1653 974 1722 ὑμῖν,
1018 1647 1257 1717 ἀδελφοὶ,
1305 1648 1386 1700 ὅτι
1432 1647 1523 1699 καὶ
1558 1647 1720 1716 ἡμεῖς
1766 1643 1865 1698 ἐπὶ

290 1749 411 1804 τῶν
456 1745 739 1815 ποταμῶν
774 1739 1154 1803 Βαϐυλῶνος,
1177 1737 1305 1791 ἐκεῖ
1348 1736 1731 1802 ἐκαθίσαμεν,
1764 1732 1864 1787 καὶ

289 1835 781 1906 ἑκ.1αύσαμεν,ἐν
800 1830 878 1897 τῷ
895 1827 1242 1899 μνησθῆναι
1258 1823 1415 1896 ἡμᾶς
1436 1825 1542 1890 τῆς
1570 1824 1742 1888 Σιὼν,
1769 1820 1862 1875 τοῦ

291 1930 561 1998 Γολγοθά,
599 1928 694 1980 τοῦ
730 1921 994 1989 ζωοποιοῦ
1058 1923 1358 1991 μνήματος,
1407 1919 1507 1988 τῆς
1538 1916 1867 1986 ἀειμνήστου

292 2022 558 2092 Βηθλεέμ.
595 2019 725 2072 Ἰδοὺ
770 2014 1008 2083 ἀδελφοὶ,
1044 2015 1299 2080 Ἥραμεν
1340 2010 1481 2075 τοὺς
1526 2009 1870 2078 ὀφθαλμοὺς

293 2112 463 2182 ἡμῶν
482 2112 574 2176 είς
597 2109 669 2163 τὰ
692 2107 797 2176 ὄρη
822 2105 994 2169 Σιὼν,
1026 2103 1165 2157 ὅθεν
1188 2103 1316 2172 ἣξει
1342 2103 1380 2169 ἡ
1407 2101 1660 2167 βοήθεια
1680 2100 1867 2169 ἡμῶν,
1902 2099 1906 2101 ‘

291 2201 614 2257 Ἀκούσατε,
632 2192 1133 2263 οὶλελυτμωμένοι
1173 2193 1291 2247 ὑπὸ
1325 2192 1568 2258 Κιιρίου,
1597 2189 1702 2255 οὓς
1728 2190 1870 2243 ἐλυ-

297 2292 563 2361 τρώσατο
591 2291 658 2343 ἐκ
692 2287 891 2356 χειρὸς
936 2284 1188 2354 ἐχθρῶν,
1225 2282 1322 2335 καὶ
1374 2285 1437 2335 ὲκ
1483 2282 1590 2335 τῶν
1642 2282 1874 2349 θλίψεων

300 2384 501 2438 ἔσωσεν
518 2382 734 2445 αὐτούς·
763 2380 896 2434 ἀκού
906 2396 1030 2431 σατε
1050 2378 1150 2447 τῆς
1169 2379 1190 2427 ὲ
1202 2376 1309 2445 μῆς
1332 2375 1516 2444 φωνῆς
1537 2373 1630 2426 τοῦ
1652 2373 1873 2443 δεσμίου

300 2473 592 2546 Ζαχαρίου.
623 2474 714 2542 Μὴ
740 2472 883 2542 μέγα
906 2470 1231 2541 φρονήσητε,
1256 2467 1337 2519 ὅτι
1360 2464 1592 2535 Χριστὸς
1618 2466 1761 2533 ὑμᾶς
1779 2464 1877 2531 τῆς

299 2565 544 2628 δουλείας
588 2563 695 2617 τῶν
737 2561 947 2633 ἐχθρῶν
996 2558 1283 2629 ἐρρύσατο.
1323 2557 1536 2627 Ὁρᾶτε,
1577 2556 1774 2624 μήπως
1802 2553 1877 2616 ὡς

301 2656 463 2720 νόθοι,
495 2655 588 2708 καὶ
626 2655 724 2723 οὐχ
763 2653 838 2715 ὡς
883 2651 989 2704 υἱοὶ
1035 2649 1444 2717 κατελείφθητε.
1484 2648 1620 2715 Φησὶ
1649 2646 1777 2716 γάρ·
1814 2647 1880 2699 El

303 2749 473 2814 ἐκτὸς
496 2747 765 2811 παιδείας
793 2744 956 2809 ἐστὲ,
986 2743 1096 2811 ἄρα
1124 2744 1284 2795 νόθοι
1314 2740 1409 2793 καί
1439 2741 1551 2807 οὐχ
1574 2737 1693 2791 υίοί
1716 2737 1876 2790 ἐστε.

377 2838 636 2899 Βλέπετε,
694 2835 989 2904 φοϐηθῆτε,
1037 2833 1133 2885 καὶ
1189 2830 1414 2890 ἑαυτοὺς
1469 2824 1877 2896 ἀσφαλίσασθε·

305 2931 501 3002 μήπως
523 2926 753 2980 ἐνταῦθα
776 2926 851 2988 ὡς
880 2925 1084 2985 ἐκεῖνος
1114 2922 1142 2974 ὁ
1166 2919 1306 2972 κατὰ
1326 2918 1575 2988 Λάζαρον
1603 2915 1877 2981 πλούσιος,

303 3022 364 3074 ἐν
389 3020 590 3089 τρυφῇ,
627 3016 720 3070 καὶ
749 3016 932 3069 ἀνέσει
964 3011 1251 3079 ζήσαντες,
1281 3011 1375 3064 καὶ
1418 3008 1583 3080 μηδὲν
1635 3007 1882 3079 θλιόερδν

306 3109 721 3180 ὑπομείναντες,
753 3108 870 3159 ἐκεῖ
898 3104 996 3165 τὰς
1030 3102 1330 3163 ἀθανάτους
1353 3099 1625 3170 τιμωρίας
1678 3098 1885 3153 amia-

305 3202 461 3270 ϐητε.
501 3200 718 3269 Ὁρᾶτε,
764 3198 959 3268 μήπως
986 3193 1218 3246 ἐνταῦθα
1252 3192 1330 3260 τῷ
1359 3190 1486 3261 οἴνῳ
1519 3191 1611 3245 καὶ
1638 3192 1704 3260 τῇ
1738 3206 1882 3243 σπα-

303 3292 442 3363 τὲιλῃ
461 3290 764 3360 χαίροντες,
822 3288 940 3339 ἐκεῖ
993 3285 1253 3352 σταγόνος
1284 3282 1475 3347 ὓδατος
1527 3279 1877 3352 δεηθήσεσθε.

305 3380 554 3452 Νήψατε,
593 3379 791 3448 μήπως
808 3374 1040 3429 ἐνταῦθα
1075 3376 1170 3444 τῆς
1186 3374 1429 3436 δουλείας
1456 3372 1880 3440 ἀπαλλαγέντες,

308 3472 426 3524 ἐκεῖ
446 3468 545 3537 τῆς
572 3467 664 3520 τοῦ
718 3465 854 3519 Θεοῦ
889 3464 1064 3534 ὅψεως
1088 3464 1412 3534 χωρισθῆτε.
1452 3464 1544 3534 Μὴ
1575 3462 1715 3533 μέγα
1750 3478 1884 3531 φρο-

306 3562 469 3626 νεῖτε,
501 3558 721 3628 ἀδελφοί
742 3574 756 3588 ο
798 3557 858 3610 οὐ
895 3556 1002 3627 γὰρ
1041 3556 1118 3618 ὡς
1158 3555 1400 3618 δικαίους
1431 3555 1577 3624 ὑμᾶς
1606 3556 1636 3608 ὁ
1686 3553 1888 3625 Κύριος

309 3651 672 3723 ὲλυτρώσατο,
712 3649 829 3703 ἀλλ’
867 3648 944 3712 ὡς
967 3647 1246 3720 ῥᾳθύμους
1305 3647 1400 3700 καὶ
1430 3647 1751 3718 ἀδοκίμους.
1781 3643 1889 3699 δὼ-

311 3759 411 3806 σας
435 3743 564 3812 ὑμῖν
586 3741 776 3811 καιρὸν
803 3740 939 3811 πρὸς
962 3739 1271 3808 μετάνοιαν,
1305 3738 1443 3809 πλὴν
1491 3739 1574 3790 ὅτι
1600 3737 1660 3789 τδ
1698 3735 1890 3806 μέλλον

310 3833 535 3903 ἄδηλον·
596 3830 854 3890 πολλάκις
919 3829 1024 3901 γὰρ
1109 3828 1350 3898 σήμερον
1406 3826 1749 3896 μακροθυμεῖ
1805 3823 1890 3893 ἐφ’

311 3925 457 3994 ὑμᾶς
476 3939 490 3955 ο
519 3920 706 3993 αὔριον
741 3920 798 3973 δὲ
823 3918 1159 3989 παραδίδωσι
1191 3917 1284 3970 καὶ
1307 3916 1475 3986 ὑμᾶς.
1503 3915 1614 3969 Καὶ
1629 3914 1738 3987 γὰρ
1758 3930 1895 3984 συγ-

313 4012 541 4085 γνώμης
571 4012 753 4081 πάσης
776 4011 926 4064 ὲστὶν
956 4007 1197 4075 ἀνάξιον,
1220 4009 1349 4061 ὅταν
1375 4007 1500 4069 τοὺς
1517 4003 1783 4073 ἑταίρους,
1800 4003 1897 4057 καὶ

310 4103 573 4174 ἀδελφοὺς
621 4099 777 4172 ὑμῶν
819 4098 1054 4170 ὁρῶντες
1106 4097 1165 4151 ὲν
1221 4095 1500 4167 βασάνοις,
1550 4094 1625 4165 μὴ
1667 4093 1896 4156 ἑαυτοὺς

310 4194 703 4269 ὃιορθὼσησθε.
727 4192 842 4262 Οὐχ
874 4191 1038 4262 ὁρᾶτε
1075 4189 1194 4252 πῶς
1223 4187 1319 4241 ἐπὶ
1349 4185 1457 4240 τῶν
1501 4184 1894 4255 δικαστηρίων,

1965 655 2174 701 eamus,
2209 652 2308 707 par
2336 650 2531 690 revera
2572 633 2760 693 etiam,
2797 639 2859 685 ut
2898 639 3139 683 nostram
3183 628 3248 683 ad
3284 624 3383 683 vos
3425 632 3542 699 epi-

1965 732 2161 787 stolam
2193 746 2223 784 a
2253 729 2553 799 gratiarum
2578 724 2795 780 actione
2831 723 3137 776 ordiamur.

2034 820 2113 876 Sit
2137 836 2323 873 nomen
2356 818 2566 872 Domini
2585 815 2912 870 benedictum
2935 813 3101 880 ',quia
3127 828 3228 866 non
3259 812 3544 865 secundum

1965 920 2177 984 peccata
2218 920 2398 964 nostra
2426 910 2546 980 fecit
2576 908 2742 970 nobis,
2780 921 2948 975 neque
2984 903 3269 957 secundum
3300 901 3547 971 iniquita-

1966 1016 2039 1060 tes
2079 1014 2286 1058 nostras
2319 1001 2617 1055 retribuit'.
2656 995 3051 1052 Verumtamen
3097 1011 3113 1048 :
3154 994 3267 1048 Heu
3298 993 3545 1062 me,quia

1967 1098 2117 1167 longe
2141 1097 2309 1166 factus
2351 1107 2381 1146 a
2421 1091 2609 1153 Sione,
2638 1088 2871 1143 habitari
2917 1102 3033 1139 cum
3064 1082 3420 1139 tabernaculis
3447 1081 3547 1137 Ce-

1966 1189 2132 1252 dar’;
2169 1184 2448 1240 desiderio
2504 1190 2561 1237 et
2607 1182 2745 1250 ipse,
2780 1179 2855 1231 nti
2888 1178 3056 1231 David
3080 1218 3093 1241 ,
3127 1177 3220 1230 diu
3272 1185 3550 1244 noctuque

1967 1279 2225 1350 psallens,
2277 1285 2441 1344 atque
2470 1287 2693 1326 versum
2743 1270 2891 1324 hunc
2934 1269 3097 1322 labiis
3124 1268 3546 1332 circumferens,

1966 1386 2033 1424 ac
2062 1385 2159 1423 ore
2198 1379 2430 1421 versans
2468 1382 2481 1416 :
2513 1362 2569 1417 Si
2596 1362 2784 1416 oblitus
2809 1362 2953 1429 [uero
2984 1361 3081 1423 tui,
3121 1358 3413 1413 Jerusalem
3435 1363 3553 1428 (aut

1966 1459 2221 1531 pauxilla:
2243 1457 2420 1528 plebis
2439 1470 2561 1526 qua:
2593 1455 2647 1508 in
2663 1463 2717 1509 te
2740 1453 2869 1525 est),
2885 1452 3130 1506 oblivioni
3160 1451 3311 1504 detur
3335 1451 3552 1506 dextera

1967 1570 2085 1607 mea
2108 1554 2149 1605 ⁸.

2037 1632 2340 1696 Notum‘sit
2372 1638 2530 1693 vobis
2556 1678 2569 1701 ,
2597 1635 2817 1698 fratres,
2859 1634 3005 1703 quod
3047 1641 3103 1688 et
3132 1648 3233 1688 nos
3274 1649 3431 1704 super
3459 1634 3560 1705 ﬂu-

1968 1736 2113 1787 mina
2137 1731 2417 1802 Babylonis
2446 1728 2556 1782 illic
2584 1728 2834 1791 sedimus,
2865 1736 2913 1779 et
2936 1726 3194 1796 ﬂeuimus,
3228 1725 3354 1778 dum
3382 1739 3559 1777 recor-

1969 1827 2223 1879 daremur
2269 1821 2513 1884 Sionis‘,
2536 1819 2824 1888 Golgotha,
2857 1816 3059 1871 viviﬁci
3101 1816 3376 1885 sepulcri,
3413 1816 3550 1870 nulli

1973 1930 2212 1986 unquam
2248 1913 2514 1967 oblivioni
2544 1909 2819 1965 tradenda:
2846 1907 3150 1961 Bethleem.
3184 1907 3266 1960 En
3308 1906 3508 1959 fratres
3539 1919 3555 1957 :

1972 2008 2280 2062 Levavimus
2309 2002 2485 2057 oculos
2520 2010 2724 2054 nostros
2760 2001 2817 2052 in
2848 1998 3023 2053 Sionis
3076 2007 3297 2061 montes,
3321 1997 3458 2050 unde
3472 2012 3560 2050 ve.

1974 2101 2079 2153 nict
2104 2095 2362 2150 auxilium
2390 2089 2805 2153 nobis“.Audite,
2832 2088 3088 2158 redempti
3107 2104 3138 2140 a
3162 2086 3401 2151 Domino,
3431 2101 3560 2157 quos

1976 2189 2191 2243 redemit
2218 2187 2282 2239 de
2301 2200 2464 2238 manu
2490 2182 2829 2235 inimicorum
2853 2180 2895 2243 ',
2924 2187 2983 2233 et
3010 2194 3077 2232 ex
3109 2176 3563 2235 tribulationibus

1976 2278 2206 2333 salvavit
2239 2289 2354 2328 eos.
2383 2271 2582 2326 Audite
2640 2284 2836 2323 vocem
2879 2282 3081 2330 meam,
3129 2267 3302 2321 vincti
3354 2265 3558 2322 Zacha-

1976 2372 2090 2425 riae.
2118 2368 2297 2423 Nolite
2332 2366 2545 2419 animos
2591 2361 2806 2424 tollere,
2847 2359 2992 2429 quod
3022 2375 3118 2412 vos
3138 2337 3393 2412 Christus
3421 2356 3560 2409 libe-

1979 2461 2183 2517 raverit
2210 2458 2278 2512 ab
2307 2456 2548 2511 hostium
2591 2453 2876 2508 servitute.
2918 2451 3109 2505 Videte
3143 2463 3213 2502 ne
3263 2446 3403 2500 forte
3438 2455 3559 2501 tan-

1979 2565 2145 2621 quam
2199 2547 2395 2617 spurii,
2426 2560 2537 2599 non
2585 2553 2846 2611 tanquam
2902 2539 3002 2594 ﬁlii
3052 2537 3231 2592 relicti
3284 2536 3423 2591 sitis.
3470 2536 3565 2589 Ait

1979 2644 2126 2697 enim
2168 2640 2270 2695 :Si
2299 2648 2450 2693 extra
2479 2637 2817 2705 disciplinam
2856 2634 3000 2709 estis‘,
3045 2645 3166 2700 ergo
3210 2627 3463 2692 adulteri,
3512 2632 3564 2680 et

1982 2749 2085 2788 non
2115 2731 2216 2801 ﬁlii
2251 2732 2373 2784 estis
2393 2728 2436 2783 ⁸.

2056 2825 2272 2887 Videte,
2310 2823 2522 2885 timete,
2555 2818 2713 2874 vobis
2745 2815 2849 2887 ipsi
2895 2821 3107 2879 cavete,
3171 2828 3243 2868 ne
3279 2809 3420 2865 forte
3447 2808 3562 2874 hic,

1982 2919 2134 2974 velut
2169 2917 2261 2971 ille
2292 2913 2485 2970 Lazari
2517 2911 2674 2967 dives
2700 2912 2744 2976 ’,
2778 2908 2834 2963 in
2868 2905 3084 2963 deliciis
3116 2912 3182 2959 ac
3237 2900 3569 2958 remissione

1983 3010 2153 3066 vitam
2186 3016 2434 3078 agentes,
2498 3019 2563 3059 ac
2594 3016 2719 3058 cum
2756 3000 2896 3054 nihil
2953 2998 3250 3052 molestum
3303 2991 3565 3057 tuleritis,

1985 3114 2190 3158 aeterna
2220 3100 2331 3154 illic
2354 3096 2625 3166 supplicia
2653 3091 2952 3163 recipiatis.
2977 3088 3193 3152 Videte,
3226 3100 3295 3140 ne
3315 3084 3456 3139 forte
3473 3083 3566 3140 hic

1986 3195 2118 3249 vino
2168 3191 2444 3258 lautisque
2474 3187 2714 3256 dapibus
2763 3184 3130 3242 luxuriantes,
3196 3179 3309 3234 illic
3360 3185 3569 3248 guttam

1985 3300 2141 3356 aqua:
2170 3280 2516 3338 desideretis.
2587 3277 2891 3347 Diligenter
2956 3273 3245 3335 attendite,
3277 3269 3573 3340 nequando

1988 3378 2079 3434 hic
2111 3375 2378 3432 servitute
2410 3370 2652 3435 liberati,
2704 3368 2817 3423 illic
2861 3382 2891 3420 a
2928 3366 3023 3419 Dei
3073 3365 3281 3418 visione
3323 3373 3573 3416 extorres

1988 3470 2132 3527 sitis.
2153 3468 2357 3530 Nolite,
2381 3465 2603 3527 fratres,
2658 3461 2827 3513 altum
2865 3467 3096 3526 sapere;
3159 3470 3272 3508 non
3307 3452 3455 3507 enim
3474 3465 3572 3505 vos

1988 3561 2258 3619 Dominus
2293 3553 2743 3623 tanquamjustos
2764 3546 3040 3610 liberavit,
3070 3544 3167 3599 sed
3194 3544 3347 3597 velut
3377 3555 3575 3612 segnes

1990 3670 2055 3709 ac
2086 3649 2374 3721 reprobos,
2411 3643 2727 3699 concedens
2790 3647 3008 3708 tempus
3064 3645 3129 3691 ut
3186 3634 3572 3705 paenitentiam

1992 3742 2184 3814 agatis.
2212 3739 2415 3794 Verum
2450 3735 2580 3805 quia
2611 3732 2823 3786 incerta
2877 3729 3051 3783 futuri
3088 3728 3206 3781 alea
3254 3732 3360 3788 est,
3408 3722 3576 3778 hodie

1993 3813 2119 3889 cum
2145 3831 2199 3885 in
2214 3844 2311 3883 vos
2334 3826 2609 3897 patienter
2632 3831 2774 3893 agat.
2808 3836 2907 3875 vos
2934 3833 3156 3889 quoque
3182 3817 3238 3897 in
3268 3813 3575 3870 crastinum

1994 3918 2181 3975 tradit.
2218 3888 2437 3970 Etenim
2469 3912 2618 3966 nulla
2654 3888 2886 3980 prorsus
2901 3888 3063 3962 venia
3094 3888 3246 3975 digni
3269 3902 3439 3968 estis;
3479 3900 3576 3970 qui

1995 4009 2237 4071 scilicet,
2272 4020 2398 4060 cum
2436 4004 2639 4059 fratres
2666 4009 2881 4055 vestros
2916 3998 2972 4051 in
3006 3994 3301 4051 tormentis
3316 3992 3575 4056 videatis,

1995 4099 2281 4158 emendari
2314 4097 2420 4167 ipsi
2455 4094 2683 4150 minime
2707 4089 3003 4147 studeatis.
3053 4088 3250 4160 Nonne
3295 4084 3496 4141 videtis
3517 4090 3581 4139 ut

1999 4197 2055 4252 in
2090 4190 2488 4255 tribunalibus,
2527 4193 2812 4258 quaerente
2869 4191 3105 4253 praetore
3135 4179 3305 4235 unius
3333 4191 3578 4243 causam,

313 4287 478 4345 ἄλλου
508 4283 924 4354 ἐξεταζομένου,
960 4281 1164 4343 πάντες
1193 4281 1243 4333 οἱ
1304 4276 1571 4348 παρόντες
1608 4275 1702 4329 καὶ
1731 4270 1876 4346 ὁρῶν

1999 4287 2095 4359 qui
2121 4292 2304 4342 astant
2333 4294 2547 4345 omnes,
2571 4293 2637 4333 ac
2667 4277 2763 4347 qui
2805 4275 3019 4339 vident,
3075 4272 3209 4343 quin
3239 4279 3295 4326 et
3321 4269 3461 4324 forte
3483 4283 3585 4322 au-

313 4395 431 4443 τες,
452 4378 592 4447 τάχα
617 4376 674 4429 δὲ
704 4375 798 4429 καὶ
817 4375 869 4427 οἱ
900 4372 1211 4438 ἀκούοντες,
1239 4369 1520 4439 φρίττουσι
1547 4366 1643 4420 καὶ
1666 4362 1876 4435 φοσοῦν⁴

2001 4381 2241 4444 dientes,
2263 4377 2514 4438 timeant,
2548 4387 2611 4426 ac
2645 4368 3107 4431 contremiscant,
3159 4370 3327 4434 atque
3350 4377 3379 4416 a
3421 4359 3582 4415 malis

313 4486 423 4534 ται,
457 4467 690 4524 καὶτῶν
738 4466 926 4521 κακῶν
963 4464 1260 4533 ἀπέχονται
1290 4480 1305 4529 ;
1334 4460 1427 4532 Μὴ
1477 4459 1748 4526 ξενίζεσθε
1787 4460 1876 4513 ὅτιι

2002 4466 2356 4528 abstineant?
2378 4465 2457 4521 Ne
2487 4463 2689 4518 mirum
2718 4460 2996 4524 videatur,
3032 4455 3180 4528 quod
3205 4470 3236 4511 e
3267 4461 3582 4509 sanctorum

316 4561 423 4630 πέρ
440 4575 585 4623 τινες
623 4560 760 4614 ὅσιοι
809 4554 1308 4628 ᾐχμαλωτίσθησαν
1333 4568 1348 4583 ·
1397 4550 1544 4615 τινὲς
1594 4551 1654 4603 δὲ
1710 4550 1876 4620 ἄνομο

2006 4576 2242 4618 numero
2266 4557 2490 4629 quidam
2517 4553 2723 4625 captivi
2755 4553 2861 4607 acti
2888 4559 3037 4615 sunt,
3089 4556 3255 4618 atque
3280 4562 3347 4601 ex
3376 4545 3583 4613 impro-

316 4649 721 4723 ἑλυτρώθησαν.
783 4647 1130 4717 Ἀκοὺσωμεν
1183 4644 1277 4698 τοῦ
1331 4643 1540 4713 Κυρίου
1612 4642 1865 4711 λέγοντος

1998 4653 2085 4708 bis
2103 4651 2328 4722 quidam
2378 4646 2672 4715 redempti.
2718 4641 3029 4697 Audiamus
3059 4639 3357 4699 Dominum
3392 4634 3585 4689 dicen-

317 4742 418 4811 Μὴ
438 4742 549 4813 γὰρ
571 4734 659 4796 ὧν
682 4740 750 4795 τὸ
777 4734 918 4808 αἷμα
936 4736 1179 4808 ἐξέχεεν
1200 4733 1459 4800 Πιλᾶτος
1480 4733 1631 4805 μετὰ
1658 4733 1778 4787 τῶν
1800 4737 1874 4788 θυ

2003 4752 2154 4800 tem:
2186 4741 2399 4797 Putatis
2443 4737 2582 4809 quod
2610 4737 2712 4800 his,
2749 4749 2974 4806 quorum
3013 4732 3327 4801 sanguinem
3375 4725 3584 4781 Pilatus

319 4834 472 4891 σιῶν
494 4831 964 4903 ἀμαρτωλότεροι
990 4828 1236 4883 πάντων
1255 4828 1627 4897 ἐτύγχανον;
1653 4827 1724 4880 οὺ
1747 4826 1876 4895 λέγι

2004 4832 2217 4892 miscuit
2241 4849 2362 4886 cum
2391 4827 2694 4898 sacriﬁciis,
2727 4841 2838 4897 pra:
2875 4823 3113 4878 omnibus
3149 4827 3443 4891 peccatores
3475 4817 3587 4886 fue-

317 4925 483 4992 ὐμῖν,
533 4923 624 4977 ὅτι
667 4922 777 4977 ἐὰν
818 4921 979 4993 [ἀλλ’
1028 4918 1157 4992 ἐὰν]
1200 4919 1287 4990 μὴ
1325 4917 1771 4988 μετανοήσητε,
1804 4933 1876 4971 κα

2005 4932 2126 4979 runt
2154 4923 2179 4976 ἲ
2235 4919 2374 4983 Νοη,
2402 4919 2515 4971 dico
2540 4917 2681 4971 vobis
2708 4931 2726 4968 :
2758 4912 2848 4968 sed
2873 4912 2918 4966 si
2943 4909 3311 4981 paenitentiam
3349 4922 3453 4960 non
3480 4906 3584 4959 Ita-

318 5015 490 5085 ὑμεῖς
514 5014 799 5079 ὡσαύτως
839 5012 1183 5067 ἀπολεῖσθε.
1208 5013 1317 5066 Καὶ
1342 5012 1521 5076 πάλιν,
1547 5014 1612 5065 Ol
1634 5010 1779 5065 δέκα
1805 5026 1876 5064 κα

2008 5015 2244 5077 bueritis,
2266 5010 2511 5066 similiter
2559 5018 2607 5061 et
2662 5007 2763 5078 ipsi
2820 5002 3053 5076 peribitis
3091 5001 3157 5054 ‘°.
3231 4999 3300 5053 Et
3334 4998 3584 5052 iterum:

320 5107 474 5160 ὀκτὼ
499 5106 590 5175 ἐφ’
617 5100 707 5171 οἷς
727 5104 950 5159 ἔπεσεν
974 5107 1007 5158 ὁ
1036 5105 1263 5174 πύργος
1283 5105 1389 5159 τοῦ
1430 5104 1693 5173 Σιλωὴμ,
1723 5103 1876 5174 ἁμαρ

2009 5105 2101 5162 Illi
2115 5106 2289 5159 decem
2319 5110 2367 5157 et
2391 5110 2524 5167 octo,
2557 5116 2721 5170 supra
2750 5113 2878 5168 quos
2912 5094 3094 5149 cecidit
3126 5092 3285 5145 turris
3315 5091 3371 5144 in
3423 5087 3584 5155 Siloa,

321 5199 638 5265 τωλότεροι
671 5191 834 5266 ἦσαν
857 5196 1019 5260 παρὰ
1038 5194 1269 5261 πάντας
1296 5194 1439 5262 τοὺς
1466 5197 1785 5259 οἰκοῦντας
1821 5194 1876 5249 Ἰε

2011 5199 2208 5269 putatis
2247 5196 2386 5269 quod
2411 5202 2707 5265 peccatores
2741 5192 2936 5262 fuerint
2962 5203 3073 5258 prae
3089 5185 3327 5241 omnibus
3344 5181 3589 5237 habitan-

316 5287 679 5357 ρουσαλήμ;
724 5287 863 5356 οὐχὶ
920 5287 1078 5358 ,λέγω
1120 5287 1284 5357 ὑμῖν,
1316 5287 1406 5340 ὅτι
1454 5289 1564 5342 ἐὰν
1594 5284 1754 5359 [ἀλλ’
1785 5285 1876 5340 ἐὰν

2014 5291 2147 5344 tibus
2178 5292 2233 5343 in
2261 5285 2605 5343 Jerusalem?
2635 5281 2754 5337 Non
2784 5283 2900 5336 dico
2932 5282 3024 5335 vob
3037 5281 3117 5342 is;
3165 5276 3256 5332 sed
3295 5274 3396 5328 nisi
3424 5272 3590 5344 pleni-

318 5377 405 5448 μὴ
426 5377 863 5447 μετανοήσητε,
888 5379 987 5433 καὶ
1028 5378 1199 5448 ὑμεῖς
1240 5378 1524 5444 ὡσαύτως
1565 5376 1876 5433 ἀπολεῖσθε

2017 5379 2237 5432 tentiam
2266 5376 2495 5447 egeritis,
2523 5371 2742 5448 perinde
2764 5381 2811 5425 ct
2841 5370 2941 5440 ipsi
2987 5367 3219 5437 peribitis
3248 5365 3317 5420 ³³.

406 5470 723 5531 ’Δκούσατε,
748 5470 844 5524 καὶ
871 5470 1165 5542 φοϐήθητε,
1197 5473 1295 5526 καὶ
1322 5472 1399 5543 μὴ
1455 5471 1613 5543 ἡμῶν
1671 5470 1781 5525 τῶν
1827 5469 1876 5523 δε

2085 5468 2384 5532 Audite,et
2406 5466 2620 5529 timete,
2673 5478 2778 5518 nec
2804 5477 2907 5516 nos
2935 5461 3152 5515 vinctos
3174 5451 3440 5511 oblivioni
3474 5459 3588 5505 tra-

324 5560 502 5630 σμίων
531 5560 991 5632 ἑπιλάθησθε.“Εν
1008 5560 1170 5632 σῶμά
1196 5564 1363 5632 ἐσμεν
1390 5563 1687 5634 ἀμφότεροι
1710 5578 1723 5593 ·
1745 5560 1876 5616 ἀκού

2011 5561 2144 5616 dite.
2179 5560 2357 5616 Unum
2390 5557 2610 5626 utrique
2644 5569 2847 5624 corpus
2875 5567 3086 5608 sumus.
3111 5548 3414 5605 Audiamus
3441 5543 3590 5614 Apoc

329 5667 510 5721 σωμεν
543 5650 636 5707 τοῦ
671 5652 994 5706 Ἀποστόλου
1010 5653 1269 5722 λέγοντος
1291 5671 1307 5687 θ
1327 5651 1468 5709 Ἐὰν
1498 5653 1567 5708 ἓν
1584 5654 1773 5723 μέλος
1794 5652 1876 5707 πά

2011 5654 2215 5709 stolum
2246 5650 2520 5706 dicentem
2561 5666 2575 5702 :
2619 5647 2674 5703 Si
2703 5649 2910 5719 patitur
2938 5660 3103 5709 unum
3133 5640 3447 5703 membrum,
3476 5649 3590 5690 om-

404 5767 422 5799 ⁸
460 5765 603 5821 Psal.
633 5779 760 5828 exn,
785 5765 841 5821 2.
932 5767 953 5798 ’
975 5767 1117 5823 Psal.
1147 5782 1239 5833 cn,
1260 5767 1349 5822 10.
1426 5767 1448 5799 ³
1485 5767 1628 5823 Psal.
1659 5782 1803 5832 cxrx,
1835 5766 1886 5822 5.
1967 5764 1988 5797 ⁸
2018 5764 2162 5821 Psal.
2199 5761 2503 5833 cxxxvr,_5.
2577 5762 2598 5795 ⁸
2626 5760 2762 5818 ibid.
2792 5760 2840 5814 l.
2919 5758 2939 5790 ⁸
2967 5757 3111 5815 Psal.
3142 5771 3264 5823 cxx,
3301 5754 3352 5809 l.
3398 5754 3418 5784 ’
3441 5752 3587 5812 Psal.

332 5850 441 5908 ctu,
477 5836 533 5891 2,
654 5835 824 5897 Hebr.
849 5852 946 5911 xu,
976 5840 1032 5897 8.
1108 5837 1129 5871 ⁹
1159 5830 1297 5894 Luc.
1335 5854 1446 5909 xvr,
1478 5837 1563 5895 l9.
1642 5839 1684 5871 ¹⁹
1711 5830 1848 5896 Luc.

1984 5876 1996 5905 ,
2025 5836 2081 5891 ε.
2158 5835 2197 5868 ἰ
2235 5832 2371 5892 ibid.
2406 5830 2523 5906 4,5.
