4010 6288
430 450 437 455 ,
524 373 661 439 3231

1446 386 1844 447 ZACHARDE
1882 384 2387 448 PATRIARCHE
2428 381 2830 448 IIIEROSOL.

3646 367 3752 434 323i!

527 484 617 537 nia
657 489 1052 554 compatiuntur
1087 490 1149 545 ".
1204 491 1269 546 Et
1294 494 1496 549 iterum
1533 515 1548 552 :
1594 497 1723 564 Quis
1766 501 2133 569 inﬁrmatur,.

2237 515 2323 568 ’χῃ
2353 496 2703 566 συμπάσχει
2742 492 3021 548 πάντατὰ
3039 491 3339 561 gemam
3360 489 3532 544 πάλιν
3579 489 3753 555 τίςάσ.

524 588 576 631 et
605 596 697 649 ego
732 597 835 634 ιιοιι
867 581 1109 650 inﬁrmor
1148 585 1230 638 "?
1284 585 1358 641 Er
1388 588 1566 653 vobis,
1589 590 1811 658 fratres,
1849 604 2095 649 nostram

526 669 879 725 alllictionem
911 673 1144 729 noscite.
1175 676 1393 732 Etenim
1430 679 1677 749 ejusdem
1706 694 1917 739 naturae
1945 685 2100 740 estis.

527 758 711 814 Nolite
746 777 847 815 nos
876 762 1155 829 oblivisci,
1188 766 1406 827 fratres.
1456 785 1524 823 ne
1573 782 1630 825 et
1693 789 1796 829 nos
1837 776 2102 841 dicamus,

528 848 834 904 Extraneus
877 853 1047 922 factus
1081 872 1199 908 sum
1228 856 1486 926 fratribus
1514 862 1662 925 meis,
1719 871 1767 915 et
1798 865 2107 934 peregrinus

525 939 656 1007 ﬁliis
690 941 865 996 Siom's
909 943 970 998 “.

605 1032 894 1087 Etlicimini
933 1036 1140 1102 animo,
1185 1039 1274 1094 his
1304 1040 1396 1108 qui
1438 1042 1605 1097 vincti
1652 1051 1803 1109 sunt,
1851 1054 2108 1114 tanquam

532 1122 833 1185 convincti,
862 1122 948 1176 his
985 1125 1081 1193 qui
1114 1125 1242 1181 filiis
1270 1129 1474 1195 orbati,
1515 1140 1773 1200 tanquam
1823 1133 2108 1221 lugentes';

534 1209 623 1265 his
654 1211 748 1279 qui
806 1212 1090 1280 vapulaut,
1154 1224 1412 1287 tanquam
1442 1222 1837 1290 condolentes;
1894 1225 1981 1280 his
2017 1209 2112 1294 (ιιῖί

535 1299 823 1369 patiuntur
846 1306 1311 1371 persecutionem,
1348 1316 1608 1379 tanquam
1642 1312 1781 1383 fuga:
1800 1315 1935 1370 socii
1965 1318 2111 1371 exsi-

536 1399 745 1446 stentcs
783 1409 797 1443 :
834 1409 944 1448 uno
975 1396 1169 1462 verbo,
1195 1399 1428 1468 captivis
1460 1412 1518 1454 ut
1558 1405 1890 1472 concaptivi.
1923 1406 2117 1462 Videte

538 1495 609 1535 ne
642 1482 917 1543 fugientes
940 1486 1179 1551 labores,
1233 1506 1468 1545 coronas
1488 1493 1775 1547 amittatis.
1809 1496 1929 1550 Non
1967 1498 2116 1552 enim

543 1588 636 1631 res
651 1587 854 1632 nostrae
876 1579 1145 1648 ejusmodi
1164 1591 1314 1645 sunt,
1335 1591 1393 1635 ut
1417 1583 1683 1639 hactenus
1700 1586 1877 1640 solum
1899 1589 2116 1654 durent,

540 1667 761 1735 quando
810 1684 1051 1737 praesens
1112 1673 1466 1739 praetervolat
1526 1676 1808 1731 szeculum.
1864 1678 2119 1733 Nondum

544 1765 762 1827 tempus
790 1760 1057 1816 mercedis
1079 1764 1251 1819 venit.
1276 1764 1470 1820 Veniet
1489 1774 1723 1836 tempus,
1755 1778 1810 1822 et
1837 1786 1985 1824 nunc
2014 1780 2118 1837 est,

2210 587 2387 651 θενεῒ,
2416 585 2515 639 καὶ
2552 587 2665 638 οὐκ
2686 582 2921 639 ἀσθενῶ
2948 599 2965 644 ;
2993 581 3083 647 Ἐξ
3127 581 3336 637 ἑαυτῶν
3375 581 3482 645 τὴν
3521 578 3755 650 ἡμετέραν

2212 677 2412 747 θλίψιν,
2441 675 2681 744 ἀδελφοὶ,
2717 673 3004 727 ἐπίστασθε
3030 690 3043 703 ·
3078 673 3175 742 τῆς
3216 671 3325 742 γὰρ
3373 670 3548 738 αὐτῆς
3583 669 3754 738 φύσεως

2212 769 2527 837 τυγχάνετε.
2554 768 2645 835 Μὴ
2673 762 2998 834 ἐπιλάθησθε
3017 763 3199 834 ἡμῶν,
3221 761 3464 828 ἀδελφοὶ,
3496 759 3586 812 ῐνα
3606 757 3671 827 μὴ
3688 757 3758 810 καὶ

2212 858 2381 932 ἡμεῖς’
2412 859 2656 929 εἴπωμεν
2677 873 2690 887 ·
2715 856 3301 924 Ἀπηλλοτριωμένος
3347 849 3643 923 ἐγενήθην
3665 849 3759 914 τοῖς

2214 953 2502 1021 ἀδελφοῖς
2531 969 2666 1020 μου,
2695 950 2795 1003 καὶ
2825 948 2999 1014 ξένος
3030 948 3152 1014 τοῖς
3179 946 3333 1014 υῙοῒς
3358 943 3477 1013 τῆς
3513 941 3675 997 Σιών.

2290 1044 2508 1097 Γίνεσθε
2535 1045 2602 1112 τῇ
2638 1041 2835 1111 καρδίᾳ
2862 1043 2972 1102 τοῖς
3005 1038 3330 1107 δεδεμένοις,
3365 1035 3445 1098 ὡς
3490 1031 3762 1100 συνδεδεμὲ-

2219 1153 2297 1190 νοι
2318 1152 2332 1166 ⁸
2366 1136 2479 1196 τοῖς
2508 1134 2939 1201 ἀτεκνουμένοις,
2978 1130 3051 1193 ὡς
3081 1127 3404 1198 θρηνοῦντες
3424 1142 3440 1156 ·
3468 1125 3580 1185 τοῖς
3606 1137 3763 1192 μαστι-

2221 1228 2488 1296 ζομενοες,
2539 1225 2613 1288 ὡς
2659 1220 3081 1289 συναλγοῦντεςο
3128 1222 3241 1282 τοῖς
3300 1213 3670 1317 διωκομένοβί
3707 1211 3763 1273 ὡς

2224 1317 2663 1387 συμφεύγοντες·
2695 1314 2790 1368 καὶ
2822 1311 3009 1374 ἁπλῶς
3066 1311 3240 1363 εἰπεῖν
3269 1309 3379 1371 τοῖς
3435 1309 3765 1374 αἰχμαλώτοις

2221 1409 2297 1471 ὡς
2316 1406 2767 1477 συναιχμάλωτοι.
2809 1404 3044 1456 Βλέπετε
3104 1399 3177 1470 μὴ
3228 1397 3526 1468 φεύγοντες
3550 1395 3665 1456 τοὺς
3690 1392 3762 1445 πός

2224 1514 2368 1560 νους,
2401 1494 2707 1564 ἁποτύχητε
2732 1492 2841 1545 τῶν
2869 1490 3165 1558 στεφάνων.
3206 1487 3280 1541 Οὐ
3310 1486 3423 1557 γὰρ
3450 1485 3555 1547 ἓως
3581 1483 3677 1535 τῶν
3703 1482 3764 1533 ὲν-

2224 1585 2397 1640 ταῡθα
2430 1586 2715 1653 στήσονται
2739 1582 2806 1635 τὰ
2829 1581 3093 1651 ἡμέτερα.
3117 1577 3283 1631 Οὔπω
3308 1579 3342 1646 ἡ
3375 1576 3498 1645 ὥρα
3533 1573 3624 1642 τῆς
3641 1570 3763 1641 μισθ-

2226 1676 2516 1735 αποδοσίας
2565 1672 2819 1740 ἐέθασεν.
2879 1670 3188 1723 Ἐλεύσεται
3216 1669 3355 1737 ὥρα,
3388 1667 3489 1720 καὶ
3514 1665 3606 1718 νῦν
3629 1666 3765 1725 ἐστιν,

2227 1768 2315 1819 ὅτε
2349 1767 2472 1819 οίὲν
2502 1764 2681 1818 ἀνέσει
2715 1764 2998 1831 ζήσαντες,
3032 1762 3128 1813 σὺν
3156 1759 3232 1828 τῷ
3264 1757 3510 1826 πλουσίῳ
3544 1770 3768 1823 κατακρι-

544 1864 669 1903 cum
706 1850 761 1905 hi
796 1853 893 1922 qui
930 1854 983 1908 in
1043 1855 1258 1910 deliciis
1298 1858 1560 1923 vixerint,
1600 1876 1725 1915 cum
1773 1861 1945 1917 divite
1968 1862 2123 1917 dam-

2237 1857 2482 1925 θήσονται
2503 1873 2518 1887 ο
2578 1858 2626 1908 οἰ
2654 1854 2712 1907 δὲ
2761 1853 2861 1915 τὰς
2911 1851 3118 1921 θλίψεις
3149 1848 3570 1919 ὑπομείναντες,
3599 1846 3686 1898 σὺν
3707 1842 3768 1913 τῷ

544 1950 751 1995 nentur
791 1960 804 1995 :
848 1959 913 1998 ac
934 1945 1025 2013 qui
1061 1948 1431 2007 sustinuerint
1482 1952 1645 2015 mala,
1710 1953 1910 2007 choros
1960 1963 2127 2023 agent

546 2045 672 2083 cum
708 2031 936 2097 Lazaro,
962 2049 1104 2104 quos
1134 2034 1396 2090 nimirum
1434 2041 1720 2107 pmniteat,
1764 2057 1828 2094 ac
1863 2043 1955 2111 qui
1983 2059 2126 2112 ξρετε

547 2118 727 2175 ferant
794 2137 903 2177 non
958 2125 1225 2180 meruisse
1280 2127 1416 2183 alias
1463 2145 1684 2199 quoque
1740 2131 1943 2188 Christi
1994 2149 2126 2205 ergo

547 2227 823 2267 aerumnas
875 2230 933 2270 se
972 2215 1138 2281 ferre,
1172 2226 1233 2272 ut
1277 2220 1516 2290 majores
1548 2221 1790 2279 honores
1813 2239 1878 2279 ac
1904 2227 2126 2295 prannia

548 2304 1195 2372 consequimererentur.
1234 2305 1448 2374 Videte,
1482 2311 1840 2382 animumque
1861 2315 2127 2371 attendite

549 2389 756 2447 dicenti
813 2395 1234 2453 :Transivimus
1295 2417 1390 2471 per
1459 2402 1633 2471 ignem
1691 2414 1741 2457 et
1800 2422 2017 2475 aquam,
2080 2414 2129 2459 et

553 2483 781 2539 eduxisti
801 2504 892 2541 nos
924 2489 977 2541 in
1002 2489 1341 2560 refrigerium
1373 2494 1436 2548 ιδ.
1463 2493 1532 2547 Et
1558 2494 1758 2549 iterum
1785 2513 1798 2549 :
1829 2496 2010 2551 Multa:
2033 2500 2130 2551 tri-

553 2572 847 2631 bulationes
876 2579 1148 2647 justorum
1185 2581 1249 2635 “.
1278 2578 1414 2646 Quia
1437 2593 1696 2653 tanquam
1726 2581 1917 2639 a'urum
1940 2588 1994 2639 in
2023 2588 2131 2657 [or-

555 2683 684 2723 nace
714 2671 954 2740 probavit
970 2688 1076 2739 eos,
1112 2682 1158 2726 et
1190 2677 1343 2744 quasi
1373 2674 1665 2731 holocausti
1708 2679 1937 2733 hostium
1985 2697 2131 2735 acce-

555 2760 631 2830 pit
655 2776 740 2814 eos
772 2763 837 2815 ".
1976 2760 1983 2765 ”

630 2844 833 2912 Nolite,
871 2847 991 2914 lilii,
1029 2852 1279 2922 gloriari,
1311 2857 1482 2911 nolite
1502 2857 1748 2928 gloriari,
1784 2859 1980 2930 quoda
2007 2860 2133 2916 vita;

556 2933 723 3005 hujus
749 2939 1144 2999 atllictionibus
1175 2946 1296 3000 sitis
1328 2947 1588 3015 liberati;
1636 2950 1772 3018 quin
1830 2952 2011 3020 potius
2042 2967 2134 3022 ge-

559 3025 715 3092 mite,
740 3043 809 3087 ac
829 3030 1052 3086 solliciti
1081 3044 1284 3100 estote,
1306 3036 1438 3105 quid
1466 3038 1672 3092 inhora
1703 3041 1885 3096 exitus
1905 3042 2132 3098 Domino

560 3119 976 3187 respondeatis;
1010 3139 1150 3192 quos
1178 3125 1417 3188 labores,
1443 3144 1582 3198 quas
1602 3131 1653 3183 ei
1687 3132 1922 3188 virtutes
1947 3142 2135 3188 osten-

2225 1946 2465 2015 Δαςάρῳ
2495 1942 2842 2014 χορεύσουσιν
2863 1982 2877 2004 ,
2913 1940 3379 2012 μεταμελούμενοι
3410 1938 3507 1990 καὶ
3533 1935 3766 2004 λέγοντες,

2226 2036 2307 2087 ὅτι
2337 2035 2450 2087 Οὐκ
2480 2027 2793 2104 ἠξιώθημεν
2831 2033 2923 2085 καὶ
2953 2030 3114 2092 ἄλλας
3142 2030 3348 2097 θλίψεις
3380 2028 3661 2095 ὑπομεῖναι
3704 2022 3771 2075 διὰ

2226 2127 2483 2196 Χριστδιν,
2537 2126 2623 2179 ἵνα
2677 2124 2936 2194 μειζόνων
2989 2121 3162 2191 τιμῶν
3196 2119 3534 2190 ἠξιώθημεν.
3591 2116 3767 2186 Ὁρᾶτε,

2227 2217 2322 2271 καὶ
2351 2216 2644 2285 προσέχετε
2669 2213 2745 2285 τῷ
2770 2213 2997 2281 λέγοντι,
3023 2214 3349 2279 Διὴλθομεν
3371 2209 3471 2261 διὰ
3498 2208 3675 2275 πυρὸς
3694 2203 3769 2257 και

2226 2309 2471 2372 ὕδατος,
2508 2306 2606 2360 καὶ
2654 2304 2946 2375 ἐξήγαγες
2992 2302 3150 2373 ἡμᾶς
3187 2304 3273 2368 εὶς
3318 2298 3663 2369 ἀναψυχήν.
3689 2295 3770 2349 Καὶ

2229 2401 2409 2455 πάλιν·
2469 2398 2698 2453 Πολλαὶ
2748 2399 2807 2451 al
2854 2397 3090 2465 θλίψεις
3133 2393 3252 2448 τῶν
3293 2393 3559 2447 δικαίων*
3600 2389 3676 2443 ὅτι
3708 2387 3767 2450 ὡς

2227 2489 2463 2559 χρυσὸν
2490 2488 2561 2541 ἐν
2598 2486 2973 2556 χωνευτηρίῳ
3040 2484 3402 2552 ἐδοκίμασεν
3433 2481 3664 2546 αὐτοὺς,
3695 2475 3771 2530 καὶ

2227 2584 2307 2648 ὡς
2336 2583 2726 2650 όλοκαύτωμα
2756 2580 2972 2645 θυσίας
3004 2577 3412 2647 προσεδέξατο
3450 2575 3677 2638 αὐτούς.

2301 2854 2392 2925 Μὴ
2422 2852 2721 2922 καυχᾶσθε,
2750 2851 2936 2915 τέκνα,
2971 2850 3046 2922 μὴ
3078 2849 3374 2921 καυχᾶσθε,
3406 2848 3606 2903 ὅτιτῶν
3621 2843 3766 2900 ἐνθάδε

2233 2947 2460 3017 θλίψεων
2493 2946 2790 3016 ὲρῤύσῦητε
2810 2960 2823 2974 '
2856 2944 3055 3014 μᾶλλον
3086 2943 3143 2996 δὲ
3178 2943 3475 3007 στενάξατε
3521 2940 3610 2992 καὶ
3637 2952 3764 3008 φρον-

2230 3039 2415 3093 τίσατε
2444 3036 2650 3090 ἑιυτῶν
2682 3076 2695 3098 ,
2740 3034 2794 3088 τί
2821 3036 2879 3088 ἐν
2912 3031 3090 3104 καιρῷ
3122 3032 3303 3100 ἐξόδου
3346 3032 3571 3101 μέλλετε
3600 3028 3666 3097 τῷ
3691 3028 3768 3079 Δε-

2239 3129 2411 3200 σπότῃ
2442 3124 2906 3197 ἀπολογήσασθαι·
2939 3124 3125 3187 ποίους
3150 3123 3455 3193 καμάτους,
3508 3119 3649 3180 ποίας
3676 3117 3767 3185 ἀρε·

560 3208 676 3262 suri
712 3208 851 3264 sitis.
890 3210 1133 3280 Quisque
1163 3222 1407 3271 vestrum
1453 3232 1484 3271 a
1526 3218 1808 3286 prioribus
1850 3221 1962 3291 jam
2019 3222 2133 3279 suis

2242 3219 2338 3283 τὰς
2382 3192 2528 3288 αἰτῷ
2560 3192 2780 3282 δείξετε.
2821 3215 3138 3285 Ἀποστήτω
3189 3192 3373 3266 λοιπὸν
3402 3212 3622 3272 ἕκαστος
3648 3204 3767 3276 ὑμῶν

563 3298 880 3356 actionibus
912 3302 1155 3358 recedat.
1187 3302 1383 3361 Videte
1416 3323 1487 3363 ne
1523 3308 1748 3364 licentia
1782 3326 1849 3365 ex
1873 3312 2139 3370 antistitis

562 3389 837 3445 amotione
888 3402 1144 3462 arrepta,
1190 3393 1473 3451 deteriora
1524 3397 1724 3453 iterum
1788 3403 2136 3471 perpetretis.

490 3462 505 3471 ”
564 3478 888 3538 Remedium
920 3485 1084 3540 nobis
1119 3487 1388 3544 Dominus
1414 3491 1482 3545 ad
1515 3491 1812 3561 parandam
1848 3493 2138 3549 sanitatem

563 3573 807 3629 donavit.
831 3576 974 3630 Num
992 3577 1191 3641 videtis
1213 3589 1470 3651 quantos.
1495 3590 1797 3652 prmsentes
1826 3583 1989 3639 minae
2016 3600 2143 3641 san-

565 3665 749 3734 guinis
784 3667 989 3737 injuste
1020 3668 1128 3724 fusi
1167 3671 1316 3727 rivos
1343 3673 1734 3728 cohibuerint?
1777 3685 2013 3745 quantos
2041 3693 2143 3748 pu-

565 3754 745 3811 blicos
808 3760 1077 3815 tumultus
1121 3763 1481 3820 sedaverint?
1543 3773 1784 3836 quantos
1838 3767 2144 3826 diabolicos

567 3862 789 3902 amores
821 3851 1236 3909 cxstinxerint?
1279 3863 1485 3926 quanta
1516 3864 1702 3912 vetera
1726 3858 1856 3913 odio
1877 3859 2144 3916 dissolve-

566 3937 719 3990 rint?
768 3938 902 3994 Nam
941 3941 1036 4012 qui
1095 3945 1299 4015 captivi
1355 3955 1545 4018 agunt,
1609 3950 1696 4004 vel
1734 3950 1916 4016 inviti,
1975 3968 2139 4022 quam

569 4032 729 4101 plura
755 4043 977 4104 peccata
1001 4048 1236 4107 ponunt.
1300 4040 1514 4097 Idcirco
1544 4058 1643 4098 vos
1668 4048 1761 4113 qui
1809 4045 1919 4101 vita
1944 4046 2143 4102 leuiori

573 4124 781 4189 vivitis,
806 4126 968 4199 longe
1001 4131 1237 4200 amplius
1256 4132 1429 4188 sobrii
1460 4141 1659 4199 estote,
1687 4136 1933 4207 vigilate,
1964 4136 2145 4193 facere

571 4216 712 4270 mala
748 4217 1007 4284 desinite,
1044 4220 1292 4276 divinum
1330 4222 1575 4279 favorem
1629 4227 1853 4282 ambite.
1904 4227 2145 4283 Memen-

572 4314 685 4361 tote
714 4308 853 4379 ejus,
900 4312 995 4380 qui
1030 4312 1108 4365 ait
1144 4329 1156 4366 :
1192 4311 1355 4368 Orate
1421 4332 1516 4386 pro
1568 4318 1810 4383 invicem,
1863 4326 1920 4372 ut
1970 4318 2146 4374 salue-

575 4399 704 4452 miui
738 4400 802 4455 ¹⁸.
839 4400 1223 4469 Memineritis,
1254 4420 1361 4474 qua
1380 4406 1597 4462 ratione
1625 4423 1727 4477 pro
1742 4408 1907 4463 Petro
1929 4410 2146 4466 assidua

574 4488 640 4542 ad
678 4489 849 4544 Deum
892 4491 1072 4546 oratio
1133 4492 1294 4548 ﬁeret
1341 4493 1412 4548 ab
1457 4495 1701 4551 Ecclesia
1757 4498 1820 4552 ³⁸.
1864 4497 2145 4569 Siquidem

572 4578 723 4634 enim
760 4595 860 4650 pro
902 4581 997 4636 illo
1036 4582 1130 4653 qui
1159 4585 1416 4656 princeps
1433 4593 1572 4652 erat,
1605 4588 1697 4657 qui
1742 4587 1946 4659 ligandi
1984 4600 2150 4660 atque

579 4670 830 4726 solvendi
865 4681 1194 4741 potestatem
1218 4673 1478 4742 habebat,
1517 4677 1595 4732 sic
1628 4678 1803 4732 oratio
1831 4678 2015 4742 ﬁebat,
2051 4696 2151 4752 po-

579 4761 708 4815 tiori
747 4762 911 4834 longe
938 4763 1152 4820 ratione
1174 4780 1274 4835 pro
1306 4765 1469 4821 nobis
1502 4768 1723 4824 assidue
1756 4770 2029 4826 orandum
2059 4771 2152 4839 sit,

577 4850 757 4906 donec
780 4852 1044 4911 Doiuiuus
1066 4854 1355 4926 placabilis
1388 4856 1499 4912 (lat.
1534 4858 1669 4914 Nam
1694 4859 1740 4916 si
1767 4862 1940 4925 nostri
1966 4863 2158 4919 imme-

580 4956 763 4997 mores
788 4941 1025 5010 fueritis,
1043 4947 1164 5018 ejus
1191 4961 1411 5018 quoque
1436 4963 1625 5019 pmnas
1649 4950 1831 5006 daturi
1864 4953 2020 5009 estis.

653 5033 846 5090 Videte
873 5036 927 5090 in
960 5038 1163 5107 quibus
1185 5054 1286 5095 vos
1309 5038 1500 5105 hodie,
1525 5056 1591 5096 ac
1620 5042 1822 5112 quibus
1845 5040 2045 5099 fratres
2065 5059 2161 5100 ve—

584 5124 686 5180 stri
712 5125 1025 5182 versentur.
1081 5128 1293 5198 Videte,
1370 5131 1648 5203 inspicite,
1701 5135 2158 5205 compungimini.

584 5215 695 5271 Vos
727 5215 783 5271 in
838 5220 1122 5287 oratoriis,
1155 5236 1258 5277 nos
1290 5222 1347 5278 in
1377 5238 1637 5289 carcere;
1671 5240 1773 5280 vos
1819 5225 1875 5280 in
1922 5225 2157 5293 deliciis,

588 5324 690 5363 nos
715 5309 771 5363 in
807 5311 1087 5378 metallis;
1148 5328 1245 5368 vos
1276 5314 1330 5368 in
1374 5315 1743 5384 jucunditate,
1778 5315 1834 5370 hi
1884 5317 1936 5372 in
1973 5318 2154 5387 luctu;

585 5411 688 5451 VOS
717 5398 774 5452 in
801 5398 1032 5465 balneis,
1058 5401 1222 5472 hique
1255 5402 1310 5456 in
1336 5403 1603 5470 desertis;
1637 5420 1734 5459 vos
1757 5404 1811 5459 in
1840 5406 2154 5462 exsultatio-

587 5503 677 5552 ne,
700 5497 864 5559 atque
888 5490 946 5545 bi
973 5491 1026 5545 in
1044 5492 1568 5549 necessitate.Vobis
1584 5494 1857 5551 desudant
1877 5512 2161 5552 servorum

592 5582 879 5651 obsequia,
915 5584 972 5638 bi
1006 5594 1285 5655 praestant.
1322 5586 1400 5641 Nc
1430 5602 1560 5657 ergo
1591 5602 1828 5656 quorum
1858 5604 1917 5645 se
1963 5604 2052 5645 res
2088 5589 2163 5643 ita

2244 3311 2309 3365 ὲκ
2334 3310 2440 3364 τῶν
2471 3308 2749 3378 προτέρων
2770 3305 2932 3360 αύτοῦ
2963 3302 3232 3375 πράξεων.
3277 3302 3515 3357 Βλέπετε
3540 3300 3606 3372 μὴ
3622 3296 3765 3356 ἁδείας

2245 3404 2337 3457 καὶ
2360 3400 2623 3472 ἀναρχίας
2653 3397 2997 3469 δραξάμενοι,
3030 3397 3097 3450 τὰ
3126 3396 3292 3467 χείρω
3321 3396 3486 3450 πάλιν
3518 3387 3765 3462 διαπράξηο

2248 3493 2361 3547 σθε.
2402 3491 2661 3562 ’ἰατρείαν
2694 3491 2824 3561 ἡμῖν
2853 3489 2881 3542 ὁ
2905 3488 3109 3559 Κύριος
3146 3486 3282 3558 πρὸς
3327 3484 3619 3557 θεραπείαν
3664 3479 3765 3533 ἔδωσ

2250 3588 2470 3657 ρήσατο.
2504 3583 2618 3652 υύχ
2646 3583 2806 3652 ὁρᾶτε
2840 3580 3010 3643 πόσας
3043 3578 3347 3651 ήπαροῦσα
3392 3575 3586 3646 ἀπειλὴ
3609 3574 3764 3641 αἱματ-

2247 3676 2504 3747 εκχυσίας
2557 3673 2828 3739 ἐπαυσεν;
2891 3671 3064 3736 πόσας
3120 3669 3443 3731 ὀδοστασίας
3503 3666 3762 3738 ἡμέρωσενί

2250 3769 2445 3829 πόσους
2472 3763 2681 3834 ἔρωτας
2722 3761 3060 3825 διαόολικοῦς
3119 3757 3374 3823 ἔσϐεσεν;
3409 3757 3579 3816 πόσας
3622 3764 3765 3821 μνησι-

2250 3858 2445 3919 κακίας
2473 3854 2747 3920 διέλυσεν;
2788 3854 2852 3906 0t
2885 3852 2994 3923 γὰρ
3037 3851 3095 3904 ὲν
3123 3849 3472 3921 αἰχμαλωσίᾳ
3532 3845 3765 3911 διάγοντες.

2249 3950 2345 4003 καὶ
2367 3948 2441 4017 μὴ
2471 3946 2734 4008 θέλοντες,
2771 3943 2980 3998 πολλῶν
3002 3942 3299 4015 ἁμαρτιῶν.
3330 3939 3673 3996 ἀποκτῶνται.
3703 3928 3766 3983 Διδ

2252 4041 2409 4109 ὑμεῖς
2464 4039 2513 4091 οῖ
2565 4039 2623 4092 ὲν
2651 4036 2830 4093 ἀνέσει
2866 4036 3045 4105 πολλῷ
3078 4036 3261 4089 πλεῖον
3291 4035 3522 4105 νήψατε,
3549 4027 3767 4103 γρηγορή-

2253 4150 2404 4197 σατε,
2434 4130 2543 4185 τῶν
2580 4129 2769 4184 κακῶν
2816 4127 3119 4191 παύσασθε,
3150 4127 3468 4201 παρρησίαν
3510 4128 3630 4196 πρὸς
3668 4119 3764 4219 Θεξςι

2253 4220 2544 4292 κτήσασθε,
2567 4236 2671 4288 μνη
2680 4218 2974 4288 μονεύσατε
2991 4218 3085 4270 τοῦ
3107 4217 3371 4283 εἰπόντος,
3389 4218 3649 4284 Εὔξασθε
3662 4214 3769 4275 ὑπὲρ

2253 4311 2562 4379 ἀλλήλων,
2593 4310 2753 4376 ὅπως
2775 4306 2999 4377 ἰαθῆτε.
3029 4308 3319 4380 Μνήσθητε
3353 4309 3438 4361 ὅτι
3473 4308 3597 4378 εὐχὴ
3618 4300 3672 4374 ἦν
3699 4303 3764 4352 ὲκ·

2253 4407 2411 4476 τενὴς
2436 4403 2826 4473 ἐπιτελουμένη
2860 4400 3003 4472 ὑπὲρ
3032 4399 3243 4470 Πέτρου
3276 4399 3373 4454 τοῦ
3404 4398 3678 4453 ἀποστόλου
3696 4390 3766 4445 ὑπὸ

2254 4500 2352 4569 τῆς
2386 4497 2726 4568 Ἐκκλησίας.
2759 4497 2820 4549 Ei
2847 4489 2940 4549 οὖν
2968 4495 3111 4565 ὑπὲρ
3140 4494 3349 4548 ἐκείνου
3377 4492 3474 4547 τοῦ
3515 4484 3762 4559 κορυφαίων

2255 4590 2349 4645 τοῦ
2374 4590 2622 4658 ἐξουσίαν
2653 4588 2866 4659 ἔχοντος
2897 4587 3058 4657 δῆσαι
3109 4586 3203 4639 καὶ
3254 4583 3434 4648 λῦσαι,
3460 4584 3586 4655 εὐχὴ
3628 4582 3765 4632 ἐπετε-

2258 4681 2423 4743 λεῖτο,
2478 4679 2633 4750 πόσῳ
2664 4694 2728 4745 γε
2784 4675 2985 4748 μᾶλλον
3014 4674 3153 4743 ὑπὲρ
3200 4672 3359 4743 ἡμῶν
3406 4667 3763 4743 σιτροιςειιχόμιεδω

2265 4770 2531 4841 μηδέποτε
2556 4767 2856 4838 παύσησθε,
2885 4765 2991 4826 ἕως
3020 4757 3082 4818 οὗ
3133 4765 3226 4817 τὸν
3268 4764 3473 4834 Κύριον
3501 4751 3765 4816 animi:

2265 4840 2389 4927 σοε;
2418 4860 2513 4914 ἐὰν
2537 4860 2647 4930 γὰρ
2678 4858 2837 4930 ήμῶν
2861 4855 3307 4928 ἀμνημονήσητε,
3336 4855 3554 4927 μέλλετε
3576 4850 3651 4906 καὶ
3669 4840 3763 4907 ὑπὲρ
3789 4872 3796 4884 ε

2264 4950 2456 5004 τούτου
2479 4948 2634 5011 δίκας
2654 4944 3098 5017 εἰσπράττεσθαι.

2330 5042 2646 5111 Σκοπὴσατε
2691 5040 2749 5093 ἐν
2781 5038 2956 5100 ποίοις
3011 5037 3169 5107 ὑμεῖς
3212 5036 3339 5088 ὲστε
3369 5036 3613 5108 σήμερον,
3641 5017 3763 5077 italo!

2260 5132 2481 5201 ἀδελφοὶ
2495 5131 2652 5202 ἡμῶν
2689 5129 2742 5203 [ὑ
2751 5126 2888 5200 μῶν]
2905 5130 2962 5181 ἐν
2979 5127 3170 5190 ποίοις.
3191 5125 3551 5197 Ἐμὸλέψατε,
3564 5120 3640 5174 καὶ

2257 5224 2354 5280 καὶ⁵
2376 5221 2744 5294 κατανύγητε.
2787 5219 2975 5289 ’Υμεῖς
3005 5218 3064 5272 ὲν
3087 5217 3419 5287 εὐκτηρίοις,
3470 5215 3616 5285 ἡμεῖς
3657 5204 3699 5256 δὲ
3724 5204 3762 5248 έν

2254 5313 2674 5385 δεσμωτηρίοις.
2714 5310 2904 5380 Ὑμεῖς
2930 5310 2989 5363 ὲν
3028 5308 3300 5381 σπατάλῃ,
3332 5309 3427 5361 καὶ
3472 5305 3615 5377 ἡμεῖς

2266 5406 2500 5475 τάλλοις.
2547 5405 2733 5476 Ὑμεῖς
2760 5407 2817 5457 ὲν
2839 5403 3041 5469 ἀνέσει,
3074 5396 3218 5457 οὗτοι
3237 5400 3294 5454 δὲ
3312 5401 3371 5454 ἐν
3403 5398 3600 5452 πένθει.
3636 5387 3762 5484 Ti“?

2268 5501 2326 5553 ὲν
2349 5497 2668 5568 βχλανεῑοις,
2697 5496 2791 5549 καὶ
2816 5488 2941 5549 οὗτο
3015 5495 3073 5547 ὲν
3100 5494 3221 5554 ταῖς
3257 5493 3503 5563 ἐρήμοις.
3547 5481 3695 5575 Ὑμεξς
3718 5486 3761 5575 ἐν

2270 5590 2610 5656 ἀγαλλιάσει,
2644 5590 2797 5642 αὐτοὶ
2828 5587 2885 5639 δὲ
2916 5587 2972 5639 ὲν
3004 5588 3069 5655 τῇ
3111 5584 3344 5654 ἀνάγκῃ.
3377 5584 3563 5652 ’Υμεῖς
3594 5570 3760 5631 δουλεύν

668 5702 765 5775 ”-¹
802 5702 931 5775 CQT-
959 5721 1055 5768 κη’
1094 5705 1185 5759 26·
1266 5705 1307 5737 ¹³
1338 5705 1379 5760 Π
1418 5706 1525 5760 C0?
1583 5722 1656 5766 XI.
1689 5707 1775 5763 9-9.
1859 5711 1894 5743 "
1934 5710 2073 5767 Psal.
2108 5726 2291 5765 vaut.
2327 5710 2379 5764 θ.
2460 5710 2498 5743 ’³
2539 5708 2679 5765 Psal.
2720 5723 2841 5775 va,
2877 5705 2961 5761 12.
3045 5700 3554 5762 “Psalaxxutvlil.
3619 5685 3755 5753 "5‘?-

595 5783 678 5836 ιιι,
711 5772 764 5826 6.
842 5772 884 5804 "‘
910 5775 1023 5829 Jac.
1058 5792 1109 5842 γ,
1146 5777 1224 5829 16.
1305 5777 1347 5807 ¹⁹
1376 5776 1494 5831 Aet.
1528 5792 1624 5846 λιι,
1652 5775 1707 5833 5.
