4010 6288
283 296 424 390 8233

1736 325 2122 389 EPISTOLA.

3400 329 3543 395 3234

278 437 394 505 σθε,
426 434 577 491 αὐτοὶ
596 434 651 489 δὲ
668 434 1105 507 δουλεύουσι.Μὴ
1131 435 1310 491 τοίνυν
1338 435 1667 507 διακείμενοι
1689 435 1854 502 οὕτως

1975 440 2235 505 habeant,
2283 436 2592 510 negligatis.
2623 436 2826 493 Audite
2860 435 3157 493 Dominum
3211 438 3490 498 dicentem
3515 461 3534 499 :

277 527 612 599 ἀμελήσητε.
654 526 949 582 Ἀκούσατε
996 527 1090 582 τοῦ
1121 527 1327 598 Κυρίου
1378 527 1646 598 λέγοντοςο
1694 529 1790 584 Ἐν
1814 527 1861 594 ᾧ

273 618 467 687 μέτρῳ
484 618 769 687 μετρεῖτε,
795 618 1362 688 ἀντιμετρηθήσεται
1387 618 1549 689 ὑμῖν.
1570 619 1678 673 Καὶ
1698 619 1860 674 πάλιν

279 706 554 778 μνήσθητε
580 709 656 773 ώς
686 709 927 778 ἐλάλησα
958 710 1088 780 ὑμῖν
1133 708 1214 764 ἔτι
1239 706 1315 764 ὢν
1342 709 1462 780 μεθ’
1492 708 1648 780 ὑμῶν
1675 710 1733 763 ἐν
1755 709 1861 763 Γαο

273 797 474 869 λιλαίᾳ,
525 798 720 868 λέγων,
772 800 854 853 ὅτι
883 801 1111 866 Ὄντως,
1143 799 1330 869 τέκνα,
1363 800 1564 872 πολλὴν
1609 800 1720 871 δρῶ
1760 801 1859 870 τὴν

274 888 538 960 ἀμέλειαν
582 891 663 953 είς
692 890 866 960 ὑμᾶς’
921 888 1123 962 πολλὴν
1176 890 1277 961 τὴν
1309 888 1617 961 ῥᾳθυμίανο
1656 890 1858 960 πολλὴν

271 983 368 1052 τὴν
383 982 597 1038 ἀδικίαν
619 999 633 1016 ο
656 981 857 1054 πολλὴν
877 982 977 1054 τὴν
1002 982 1280 1050 ἀγνωσίαν
1295 996 1308 1012 ο
1347 980 1546 1053 πολλὴν
1579 980 1678 1051 τὴν
1725 997 1858 1053 μισ-

274 1076 534 1146 αδελφίαν
569 1092 585 1107 ο
639 1074 840 1146 πολλὴν
898 1075 1000 1146 τὴν
1046 1076 1156 1129 τῶν
1189 1074 1563 1129 ἀποστολικῶν
1619 1072 1858 1126 κανόνων

272 1168 571 1222 κατάλυσιν
606 1168 700 1222 καὶ
719 1168 1151 1239 καταφρόνησιν,
1174 1167 1268 1221 καὶ
1301 1168 1402 1222 οὐκ
1428 1162 1546 1220 οἶδα
1592 1168 1742 1220 ποῖον
1768 1166 1856 1219 τέ-

273 1257 362 1321 λος
392 1257 572 1323 ἕξουσι
600 1257 671 1311 τὰ
696 1258 818 1311 καθ’
859 1259 1038 1328 ἡμᾶς·
1072 1258 1166 1312 καὶ
1201 1259 1336 1328 πρὸς
1361 1257 1534 1311 ταῦτα
1565 1255 1857 1326 ἀντιφθεγ-

272 1349 493 1420 γόμενοι
523 1349 759 1418 ἐλέγετε,
786 1349 867 1404 ὄτι
894 1348 1282 1421 Φιλάνθρωπός
1309 1349 1455 1403 ἐστιν
1487 1351 1515 1403 ὁ
1567 1348 1721 1415 Θεὸς,
1762 1351 1857 1403 καὶ

271 1441 371 1494 οὐκ
411 1440 643 1494 ἔπλασεν
679 1441 828 1511 ἡμᾶς
858 1456 870 1468 ⁸
901 1440 988 1495 ἵνα
1029 1441 1275 1512 ἀπολέσῃ
1319 1442 1487 1512 ἡμᾶς,
1519 1440 1654 1496 ἀλλά
1683 1441 1857 1512 δῶρον

273 1531 440 1584 σώσει
472 1532 644 1602 ἡμᾶς.
684 1530 881 1601 Κάμοῦ
907 1530 1178 1599 λέγοντος,
1212 1532 1295 1585 ὅτι
1329 1530 1464 1585 Θεοῦ
1493 1531 1650 1600 λόγος
1708 1531 1855 1586 ἐστὶν

268 1621 354 1677 διὰ
380 1621 475 1676 τοῦ
507 1622 691 1687 Δαόὶδ,
723 1623 808 1678 δτι
848 1623 1055 1687 πάντας
1107 1625 1235 1687 τοὺς
1285 1624 1643 1696 ἁμαρτωλοὺς
1683 1622 1857 1689 ἐξολο-

270 1711 511 1782 θρεύσει,
534 1711 696 1776 αὐτὸς
718 1710 988 1765 ἀποδώσει
1008 1711 1226 1783 ἑκάστῳ
1252 1713 1395 1766 κατὰ
1413 1718 1482 1766 τὰ
1504 1711 1643 1784 ἔργα
1660 1711 1851 1775 αὐτοῦ,

270 1777 431 1856 πάλιν
470 1800 903 1874 προεφασίζεσθε
930 1777 1233 1872 προφάσει-ς
1261 1803 1319 1856 ὲν
1378 1777 1698 1873 ἁμαρτίαις,
1747 1801 1853 1866 ἓως
1882 1777 1928 1837 Β

269 1888 329 1949 οὗ
345 1890 505 1965 ἦλθεν
522 1895 556 1965 ή
584 1892 724 1966 ὀργὴ
743 1891 839 1947 τοῦ
865 1890 1071 1962 Κυρίου
1088 1908 1102 1922 ο
1124 1892 1220 1946 καὶ
1242 1891 1362 1945 τότε
1375 1892 1563 1964 ὥσπερ
1609 1890 1669 1957 ἐξ
1686 1890 1853 1944 ὕπνου

268 1986 442 2050 οὕτως
472 1985 852 2055 διανέστημεν,
881 1984 977 2037 καὶ
999 1982 1245 2054 ἔγνωμεν
1272 1984 1354 2036 ὅτι
1409 1980 1635 2043 ἑαυτοὺς
1662 1985 1855 2053 ὲφρεν-

269 2078 604 2150 απατοῦμεν,
634 2077 823 2151 μωρὰς
867 2077 1088 2142 ἐλπίδας
1134 2079 1345 2142 ἑαυτοῖς
1404 2078 1851 2149 ὑποσπείραντες.

270 2172 477 2234 Πάντες
494 2167 785 2240 ἐπαιδεύθη
795 2186 913 2239 μεν,
937 2169 999 2222 ού
1022 2170 1225 2233 πάντες
1246 2169 1301 2222 δὲ
1317 2169 1517 2240 ὁμοίως
1534 2167 1851 2238 θλιϐόμεθα.

280 2260 445 2316 Ἀλλά
469 2260 671 2325 πάντες
705 2258 1126 2329 ἀγωνισώμεθα.
1149 2260 1460 2332 Περιάρατε
1506 2260 1609 2331 τὴν
1644 2261 1814 2330 μέθην
1837 2275 1853 2292 ο

271 2349 554 2405 παύσασθε
591 2349 702 2403 τῶν
735 2349 1039 2421 πορνειῶν,
1069 2348 1350 2404 παύσασθε
1397 2350 1508 2403 τῶν
1553 2349 1850 2419 λοιδοριῶν,

272 2440 552 2496 παύσασθε
584 2439 679 2494 τοῦ
708 2439 1078 2511 θησαυρίζειν,
1121 2439 1356 2511 ὁρῶντες
1389 2440 1485 2494 νῦν
1534 2441 1738 2511 αἵματα
1766 2458 1854 2494 πι-

274 2531 671 2603 πρασκόμεναο
713 2529 995 2584 παύσασθε
1054 2533 1153 2602 τῆς
1197 2529 1490 2601 ῥᾳθυμίας,
1554 2530 1852 2600 σχολάσατε

270 2624 387 2684 ταῖς
406 2621 744 2691 ἐκκλησίαις,
775 2620 1070 2692 σιολάσατε
1094 2622 1328 2690 δεήσεσι.
1351 2621 1585 2691 Θλίψατε
1622 2623 1851 2686 ἑαυτοὺς

277 2713 490 2783 μικρὸν,
512 2712 599 2765 διὰ
628 2717 753 2777 τοὺς
772 2712 1121 2783 θλιϐομένους
1145 2713 1335 2768 πολλα.
1368 2715 1576 2777 Πάντες
1620 2713 1850 2785 συνδρά-

273 2821 405 2875 μετε
434 2806 514 2868 είς
567 2805 665 2876 τὴν
712 2804 819 2860 τῶν
878 2806 1122 2875 ἀδελφῶν
1151 2803 1301 2874 ὑμῶν
1346 2807 1625 2876 πρόνοιαν.
1662 2809 1723 2858 Ui
1751 2808 1851 2877 μὲν

273 2895 511 2966 ἔχοντες,
541 2895 628 2950 διὰ
658 2894 767 2949 τῶν
802 2896 1122 2968 χρημάτων.
1165 2896 1240 2949 Ού
1277 2896 1415 2968 φοϐῇ
1455 2896 1547 2949 τὸν
1579 2897 1733 2961 Θεὸν,
1759 2897 1851 2951 άν-

271 2984 456 3053 θρωπε
478 3001 493 3051 ;
518 2985 641 3039 οὐδὲ
668 2987 803 3040 αὐτὸ
833 2987 893 3041 τὸ
943 2988 1181 3052 συνειδός
1215 3004 1309 3041 σου
1373 2988 1621 3060 μαστίζει
1657 3007 1737 3053 σε,
1769 2991 1851 3043 ὅτι

269 3079 400 3148 δρᾷς
423 3075 513 3129 τὸν
534 3075 771 3150 Χριστὸν
800 3078 904 3132 ὑπὸ
932 3080 1150 3150 ἀνόμων
1179 3080 1476 3151 συρόμενον
1521 3082 1617 3135 καὶ
1648 3081 1851 3150 σφαζό-
1880 3119 1923 3177 C

276 3186 462 3239 μενον,
498 3170 590 3223 καὶ
621 3171 686 3223 σὺ
716 3168 787 3223 τὰ
817 3171 1076 3241 χρήματα
1104 3171 1544 3241 κατακρύπτεις;
1576 3173 1668 3226 καὶ
1692 3172 1850 3226 δυνά-

273 3276 433 3329 μενος
468 3262 643 3315 σῶσαι
667 3260 868 3332 ψυχὴν,
893 3256 959 3334 ἦς
987 3262 1107 3325 ὅλος
1136 3263 1163 3315 ὁ
1198 3262 1407 3333 κόσμος
1453 3265 1553 3317 οὐκ
1573 3262 1845 3330 ἀντάξιος,

267 3351 329 3403 οὐ
364 3349 577 3419 σώζεις,
606 3352 741 3404 ἀλλά
782 3340 905 3425 γίνῃ
956 3352 1399 3423 ἀνθρωποκτόνος
1423 3372 1438 3423 ;
1464 3356 1593 3409 ὅταν
1625 3356 1730 3427 γάρ
1762 3373 1848 3420 τις

270 3440 571 3513 δυνάμενος
593 3443 768 3496 σῶσαι
804 3444 896 3498 τὸν
930 3444 1179 3514 ἀδελφὸν,
1223 3447 1297 3516 μὴ
1325 3444 1487 3499 σώσει
1531 3446 1845 3518 προθύμως,

269 3535 334 3586 ἐκ
359 3534 457 3604 τῆς
483 3532 662 3604 χειρὸς
684 3533 849 3588 αὐτοῦ
880 3533 1065 3588 λοιπὸν
1088 3535 1151 3589 τὸ
1187 3532 1326 3608 αἷμα
1356 3536 1522 3591 αὑτοῦ
1554 3539 1846 3611 ἀπαιτήσει

268 3624 490 3698 Κύριος.
512 3625 586 3679 Οὔ
620 3625 784 3695 μόνον
819 3622 881 3692 δὴ
896 3625 983 3679 διὰ
1015 3626 1314 3697 χρημάτων
1356 3628 1440 3681 δεῖ
1465 3629 1712 3698 γίνεσθαι
1742 3632 1842 3700 τὴν

270 3716 614 3788 συμπάθειαν
636 3735 649 3747 ·
673 3717 734 3770 ού
768 3716 876 3786 γὰρ
906 3716 1186 3773 πάντων“ό
1225 3719 1473 3785 πλοῦτος.
1500 3723 1593 3774 Διὸ
1614 3721 1847 3784 ἕκαστος

266 3810 334 3864 δι’
355 3805 415 3863 οὗ
440 3809 660 3864 δύναται
715 3810 920 3881 τρόπου
950 3812 1417 3885 συγκακοπαθήσῃ
1442 3829 1457 3844 ο
1493 3813 1583 3866 διὰ
1607 3830 1845 3884 προσευ-

267 3901 391 3973 χῆς,
409 3902 499 3956 διὰ
527 3902 803 3974 νηστείας,
833 3902 922 3957 διὰ
963 3903 1286 3973 χαμευνίας,
1308 3903 1397 3957 διὰ
1425 3904 1699 3976 δακρύων,
1757 3904 1847 3978 διᾲ

264 3993 628 4058 διδασκαλίας.

347 4087 436 4140 Ἐν
472 4085 692 4150 πολλαῖς
721 4084 832 4156 γὰρ
861 4085 1149 4154 ἀνάγκαις,
1192 4083 1434 4154 ἀδελφοὶ,
1486 4084 1726 4156 σήμερον
1777 4086 1846 4141 τά

262 4176 529 4248 ἡμέτερα.
570 4176 911 4246 Ἐμόλέψατε
967 4176 1086 4240 πῶς
1125 4177 1277 4229 πᾶσα
1306 4175 1516 4246 ἡλικία,
1572 4177 1668 4230 καὶ
1695 4178 1846 4231 πᾶσα

263 4267 390 4332 ἀξία
406 4265 745 4337 μαστίζεται.
770 4267 861 4319 Διδ
886 4268 980 4319 καὶ
1009 4268 1213 4329 πάντες
1233 4266 1593 4337 αίχμάλωτοι,
1622 4266 1841 4322 πάντων

263 4356 418 4424 ὑμῶν
433 4349 506 4409 ὧν
521 4357 548 4408 ό
565 4354 768 4426 Κύριος
784 4354 1152 4427 ὲλυτρώσατο,
1169 4355 1423 4426 δεόμεθα,
1441 4358 1841 4428 οίκτειρήσατε.

1963 527 2030 583 1η
2062 544 2168 599 qua
2202 544 2452 582 mensura
2484 528 2650 582 mensi
2681 527 2906 598 fueritis,
2962 529 3269 583 remetiatur
3299 530 3438 585 vobis
3471 535 3543 586 ³⁸.

1964 621 2209 691 Itemque
2233 629 2568 677 mementote
2599 636 2708 691 qua
2738 621 2951 676 ratione
2996 622 3217 677 loeutus
3251 623 3353 678 sim
3383 623 3560 688 vobis,

1963 727 2089 766 cum
2114 712 2296 767 adhuc
2328 713 2620 768 vobiscum
2645 727 2823 767 essem
2860 712 2915 768 in
2944 710 3187 779 Galilaea,
3210 714 3283 768 ita
3307 714 3499 770 dicens
3526 719 3553 769 :’

1962 799 2150 864 Plane,
2164 801 2285 866 lilii,
2315 802 2595 872 ingentem
2621 802 2678 857 in
2699 801 2857 857 vobis
2886 802 3048 857 video
3086 803 3377 868 incuriam,
3403 804 3545 858 mul-

1965 900 2072 947 tam
2095 894 2409 963 segnitiem,
2440 894 2784 965 injustitiam,
2818 894 3207 965 ignorantiam,
3238 895 3541 950 fraternum

1960 982 2175 1048 odium,
2227 983 2658 1052 apostolieorum
2713 998 2986 1038 canonum
3054 985 3541 1055 transgressionem

1962 1083 2127 1143 atque
2162 1083 2561 1145 contemptum,
2618 1089 2723 1129 nec
2756 1074 2872 1129 scio
2922 1089 3161 1144 quonam
3205 1091 3291 1130 res
3343 1085 3543 1131 nostrae

1962 1180 2210 1221 evasura:
2235 1165 2369 1220 sint.
2399 1167 2479 1220 Ad
2518 1182 2640 1236 quae
2659 1182 2756 1221 vos
2781 1168 2862 1222 sic
2894 1182 2961 1221 ex
2992 1168 3224 1222 adverso
3243 1168 3542 1239 responde-

1959 1253 2103 1312 batis
2130 1274 2144 1310 :
2177 1256 2363 1311 Bonus
2395 1266 2480 1312 est
2509 1257 2675 1323 Deus,
2728 1273 2831 1313 nec
2868 1272 2972 1312 nos
2998 1258 3210 1313 ereavit
3252 1267 3312 1313 ut
3342 1259 3540 1328 perde-

1958 1356 2061 1411 ret,
2089 1345 2185 1401 sed
2220 1356 2279 1401 ut
2299 1347 2467 1418 gratis
2499 1348 2729 1401 salutem
2759 1347 3003 1402 afferret.
3040 1348 3232 1419 Meque
3279 1349 3497 1405 dicente
3520 1391 3536 1414 ,

1956 1437 2180 1492 Davidis
2220 1455 2317 1494 ore
2340 1439 2587 1493 locutum
2622 1439 2818 1505 Deum,
2874 1439 3012 1504 fore,
3042 1447 3103 1493 ut
3128 1456 3318 1494 omnes
3346 1456 3540 1511 pecca-

1958 1537 2107 1584 tores
2127 1529 2414 1600 disperdat
2444 1531 2514 1595 “,
2537 1546 2602 1586 ac
2632 1530 2831 1586 reddat
2853 1530 3154 1601 unicuique
3179 1532 3331 1601 juxta
3371 1546 3540 1601 Opera

1954 1623 2134 1687 sua”,
2163 1622 2365 1677 iterum
2396 1623 2743 1678 excusabatis
2766 1623 3152 1679 excusationes
3192 1624 3248 1678 in
3290 1634 3537 1694 peccato,

1956 1713 2134 1769 donec
2166 1714 2320 1769 venit
2354 1717 2437 1770 ira
2483 1716 2693 1771 Domini
2728 1725 2957 1789 tumque
2985 1717 3132 1772 velut
3152 1733 3183 1772 e
3215 1732 3435 1782 somno,
3461 1716 3541 1771 sic

1956 1806 2180 1862 excitati
2214 1823 2427 1871 sumus,
2457 1820 2523 1859 ac
2557 1824 2658 1863 nos
2690 1809 2937 1863 animum
2969 1807 3225 1878 decipere
3247 1808 3414 1865 stulta
3440 1826 3540 1864 no-

1955 1897 2043 1953 bis
2070 1897 2242 1953 ascila
2287 1900 2719 1969 exspectatione,
2771 1899 3146 1970 cognovimus.
3189 1898 3393 1954 Omnes
3448 1914 3541 1954 ca-

1955 1987 2140 2058 stigati
2171 2004 2385 2053 sumus,
2419 1999 2474 2045 at
2498 2006 2607 2044 non
2632 2005 2825 2045 omnes
2858 1990 3085 2060 perinde
3111 1990 3540 2062 amigimur.\’e-

1955 2095 2078 2133 rum
2101 2095 2294 2135 omnes
2315 2082 2616 2136 enitamur.
2640 2080 2867 2137 Auferte
2889 2081 3217 2137 ebrietatem
3254 2100 3268 2137 :
3301 2082 3538 2139 desinite

1955 2162 2245 2238 fornicari,
2266 2156 2539 2228 Qiesinite
2588 2173 2800 2244 jactare
2824 2172 3107 2239 convicia;
3154 2172 3393 2229 desinite
3418 2174 3539 2230 the-

1955 2277 2149 2316 sauros
2165 2262 2470 2328 cumulare,
2504 2278 2629 2317 cum
2660 2279 2807 2320 nunc
2829 2262 3060 2318 videatis
3087 2261 3286 2319 licitari
3313 2265 3536 2336 sangui-

1953 2369 2101 2408 nem.
2130 2352 2426 2424 Segnitiem
2458 2355 2742 2419 exeutite;
2764 2354 3014 2410 ecclesiis
3053 2362 3259 2419 vaeatc,
3281 2356 3538 2425 precibus

1957 2460 2185 2515 operam
2209 2445 2421 2515 ponite.
2449 2445 2723 2500 Modicum
2749 2445 2880 2515 quid
2910 2445 3224 2500 aﬂiictionis
3250 2446 3534 2513 assumite,

1954 2553 2147 2593 eorum
2180 2539 2357 2608 gratia
2389 2553 2624 2607 quorum
2658 2538 2853 2608 ingens
2890 2537 3114 2592 afﬂictio
3138 2546 3242 2593 est.
3303 2539 3536 2594 Paribus

1953 2640 2148 2680 omnes
2168 2626 2365 2681 studiis
2396 2636 2456 2681 ut
2488 2626 2754 2681 fratribus
2806 2626 3187 2697 prospiciatis,
3237 2629 3532 2685 accurrite.

1954 2713 2057 2780 Qui
2080 2714 2290 2771 habent
2313 2717 2598 2785 pecunias,
2625 2717 2933 2771 conferant.
2976 2715 3223 2782 Ohomo,
3241 2734 3348 2772 non
3376 2717 3535 2774 times

1954 2810 2164 2865 Deum?
2191 2809 2305 2865 Nec
2355 2811 2470 2880 ipsa
2504 2810 2845 2866 conscientia
2899 2812 3147 2882 vapulas,
3184 2812 3331 2883 quod
3375 2810 3536 2868 Chri-

1954 2911 2101 2956 stum
2131 2901 2323 2957 videas
2350 2902 2417 2956 ab
2444 2902 2710 2971 improbis
2737 2900 2902 2969 trahi,
2952 2918 3016 2957 ac
3057 2903 3320 2974 jugulari,
3363 2913 3533 2974 tuque

1954 2991 2246 3063 pecuniam
2276 2993 2558 3048 occultos?
2602 3008 2667 3048 ac
2695 2994 3033 3064 cumpossis
3059 2995 3294 3051 animam
3327 2998 3530 3052 salvam

1956 3083 2160 3145 facere,
2188 3083 2346 3154 cujus
2374 3100 2478 3138 nec
2511 3084 2752 3139 mundus
2786 3086 3080 3140 universus
3110 3088 3346 3156 pretium
3387 3103 3531 3145 exae-

1955 3182 2107 3242 quet,
2137 3173 2191 3226 id
2236 3173 2457 3229 minime
2476 3185 2723 3244 praestes,
2759 3175 2854 3232 sed
2882 3176 3160 3232 homicida
3194 3179 3332 3233 fias?
3391 3181 3528 3236 Cum

1950 3263 2097 3317 enim
2142 3264 2266 3333 quis
2332 3266 2563 3320 salutem
2637 3266 2794 3321 fratri
2844 3277 3101 3337 prazstare
3182 3280 3383 3342 potest,
3426 3290 3531 3329 nec

1948 3365 2205 3425 prompto
2228 3356 2411 3411 animo
2438 3366 2680 3427 praestat,
2716 3358 2865 3412 illius
2885 3359 2995 3429 jam
3018 3359 3280 3416 Dominus
3307 3365 3531 3433 sangui-

1950 3464 2075 3503 nem
2102 3448 2171 3503 de
2196 3449 2316 3519 ejus
2339 3464 2502 3503 manu
2534 3450 2801 3520 requiret.
2860 3449 2974 3504 Nec
3003 3466 3133 3504 vero
3155 3454 3408 3521 pecuniis
3438 3471 3529 3508 su-

1946 3541 2060 3596 lum
2082 3542 2384 3611 priestanda
2411 3542 2793 3597 misericordia
2817 3560 2830 3596 :
2852 3558 2978 3596 cum
2997 3558 3097 3597 nec
3114 3545 3373 3600 omnibus
3394 3561 3529 3617 opes

1946 3642 2260 3703 suppetant.
2302 3632 2665 3699 Quamobrem
2720 3634 3101 3703 unusquisque
3159 3636 3360 3704 quibus
3397 3638 3526 3694 licet

1948 3722 2126 3777 modis
2179 3724 2454 3777 miseriam
2490 3725 2717 3789 relevet,
2776 3725 3057 3794 precibus,
3109 3726 3340 3798 jejunio,
3397 3728 3526 3785 lecti

1947 3811 2172 3879 duritie,
2202 3813 2479 3884 lacrymis,
2510 3814 2786 3871 doctrina.

2016 4094 2237 4151 Etenim
2269 4095 2323 4151 in
2351 4096 2564 4168 magnis
2590 4097 2866 4167 angustiis
2891 4098 3079 4163 hodie,
3118 4097 3336 4164 fratres,
3386 4098 3526 4155 exsi-

1945 4196 2100 4242 stunt
2133 4202 2221 4242 res
2249 4199 2473 4245 nostrae.
2497 4187 2861 4243 Considerate
2875 4189 3151 4259 quomodo
3167 4190 3348 4243 omnis
3368 4198 3521 4255 aetas,

1945 4279 2236 4348 omnisque
2258 4279 2397 4334 ordo
2422 4295 2486 4335 ac
2518 4279 2760 4351 dignitas
2790 4281 3025 4335 verbera
3043 4281 3299 4351 patiatur.
3324 4280 3526 4346 Quam-

1944 4371 2135 4425 obrem
2164 4371 2333 4426 etiam
2360 4385 2460 4427 vos
2481 4385 2674 4426 omnes
2703 4410 2719 4436 ,
2762 4372 2908 4441 quod
2949 4372 3094 4426 Deus
3127 4371 3362 4426 redemit
3391 4411 3406 4437 ,
3435 4387 3525 4427 ra-

276 4450 485 4522 ἰερείς,
523 4450 920 4521 συμπαθήσατε
968 4450 1213 4514 πολιοῖς’
1249 4451 1687 4524 σπλαγχνισθητε
1746 4471 1842 4523 νη-

1954 4463 2084 4532 ptivi
2125 4478 2317 4518 omnes
2340 4477 2619 4534 rogamus,
2647 4472 2708 4518 ut
2740 4462 3136 4519 misereamini.
3170 4462 3520 4527 Sacerdotes,

264 4547 430 4610 πίοις,
450 4547 711 4618 ἐλεήσατε
743 4547 941 4618 χήρας,
976 4547 1069 4600 καὶ
1094 4548 1254 4617 χεῖρα
1272 4546 1518 4618 όρέξατε·
1551 4547 1749 4607 πάντες
1781 4545 1839 4599 δὲ

265 4638 602 4691 σπουδάσατε
628 4637 723 4691 τοῦ
747 4639 886 4691 κατὰ
914 4636 1140 4708 δύναμιν
1169 4637 1684 4708 ἀντιλαμϐάνεσθαι.
1715 4637 1837 4691 Ἀσ-

261 4728 524 4794 πάζονταί
557 4744 640 4792 σε,
672 4727 830 4795 Σιὼν,
880 4730 1060 4783 πάντα
1108 4728 1177 4782 τὰ
1214 4729 1381 4782 τέκνα
1422 4746 1538 4788 σου.
1588 4728 1834 4797 λέγοντα,

262 4818 646 4874 Ἀσπάσασθε
665 4818 733 4884 ἐξ
752 4818 918 4888 ἡμῶν
932 4818 1550 4890 τοὺςὰγίουςδτόπους,
1562 4818 1834 4890 ἀδελφοί.

274 4909 634 4974 Ἀσπάζονται
673 4910 818 4981 ὑμᾶς
879 4911 1114 4974 ἃπαντες
1146 4913 1193 4965 οἱ
1236 4912 1362 4981 ἐμοὶ
1407 4909 1683 4965 σύνδουλοι
1738 4912 1835 4965 καὶ

262 5000 714 5069 συναιχμάλωτοι.
755 5000 819 5053 Ἦ
872 5001 1051 5072 χάρις,
1085 5001 1181 5054 καὶ
1238 5002 1271 5073 ή
1307 5002 1628 5073 ἀνάκλησις,
1678 5001 1773 5056 καὶ
1799 5003 1834 5073 ή

259 5089 575 5156 ἀνάστασις,
596 5090 685 5143 διά
702 5090 801 5161 τῆς
822 5091 982 5159 ἀγίας
1010 5092 1359 5156 ἀναστάσεως
1389 5091 1511 5164 μεθ’
1540 5091 1715 5164 ἡμῶν,
1737 5092 1833 5145 καὶ

264 5181 389 5253 μεθ’
402 5181 575 5251 ὑμῶν.
625 5181 820 5252 Ἀμήν.

343 5357 385 5391 ὀ
414 5356 606 5415 Matth.
629 5377 728 5429 vn,
757 5360 814 5416 2.
891 5360 933 5393 "
959 5360 1103 5417 Psal.
1130 5374 1304 5425 cxuv,
1348 5356 1440 5413 20.
1514 5358 1559 5390 "
1596 5358 1756 5413 Rom.
1790 5372 1852 5413 ιι.
1877 5356 1932 5412 6.

1942 4554 2097 4609 canis
2117 4569 2372 4624 aspersus
2403 4569 2584 4619 senes,
2612 4571 2836 4626 pueros,
2899 4554 3158 4619 infantes,
3191 4553 3390 4609 viduas
3419 4554 3522 4607 mi-

1943 4645 2219 4700 seratione
2237 4646 2664 4717 prosequimini,
2702 4662 2768 4701 ac
2798 4661 3022 4701 manum
3052 4646 3339 4717 porrigite.
3362 4644 3522 4698 Salu-

1945 4740 2062 4787 tant
2089 4742 2166 4795 te,
2213 4734 2368 4797 Sion,
2415 4749 2609 4789 omnes
2639 4734 2735 4788 ﬁlii
2771 4736 2873 4799 tui,
2915 4736 3164 4790 dicentes
3210 4751 3225 4787 :
3275 4730 3521 4788 Salutate

1945 4838 2010 4878 ea:
2043 4832 2222 4879 nostra
2244 4826 2454 4879 nomine
2474 4825 2589 4880 loca
2608 4836 2820 4893 sancta,
2849 4827 3065 4896 fratres.
3114 4825 3364 4881 Salutant
3418 4840 3520 4880 vos

1943 4929 2138 4970 omnes
2163 4917 2419 4972 conservi
2459 4918 2587 4982 mei,
2606 4932 2669 4973 ac
2688 4916 3018 4986 concaptivi.
3055 4914 3265 4981 Gratia,
3292 4923 3519 4993 etcen-

1947 4995 2167 5061 solatio,
2191 5009 2256 5050 ac
2284 4996 2639 5064 resurrectio,
2662 5014 2757 5069 per
2777 5005 3024 5055 sanctam
3059 4999 3520 5057 resurrectionem

1947 5090 2252 5159 nobiscum,
2284 5105 2349 5147 ac
2375 5091 2679 5150 vobiscum.
2706 5092 2903 5149 Amen.
