4010 6288
566 299 719 365 -3235

2049 294 2359 360 ῙΝΟΕΒΤῘ

606 506 3761 535 W—I—M

1990 681 2468 837 INGERTI

924 972 1076 1062 DE
1171 966 1661 1060 PERSICA
1745 966 2541 1057 CAPTIVITATE
2627 961 3351 1097 OPUSCULUM
3425 945 3558 1051 (ί).

654 1301 782 1359 Πιεο
802 1299 869 1355 ad
902 1313 1000 1357 eos
1024 1298 1120 1370 qni
1154 1295 1554 1368 Hierosolymis
1572 1294 1919 1358 habitabant,
1951 1309 2045 1348 seu
2071 1309 2170 1365 po-

585 1394 698 1448 tius
740 1393 853 1447 illic
891 1389 1101 1446 residui
1133 1395 1315 1451 erant,
1348 1385 1554 1439 ~bonus
1584 1384 1778 1439 Pastor
1811 1384 2162 1455 signiﬁcavit.

583 1484 721 1538 Tum
752 1484 900 1538 enim
934 1483 1004 1536 iis
1030 1495 1172 1551 quos
1204 1493 1393 1533 secum
1428 1477 1688 1540 habebat,
1731 1485 1844 1531 tum
1880 1478 1973 1546 qui
2005 1477 2165 1545 longe

582 1576 748 1648 positi
771 1584 951 1637 erant,
990 1571 1232 1627 habebat
1274 1585 1504 1633 curam,
1581 1577 1747 1638 atque
1794 1567 1881 1623 bis
1928 1568 2164 1623 maxime

583 1670 676 1739 qui
706 1669 758 1723 in
791 1668 959 1723 Sione
993 1666 1292 1737 degebant.
1343 1664 1464 1719 Non
1486 1663 1636 1718 enim
1666 1662 1890 1716 nescius
1922 1670 2041 1716 erat
2083 1661 2166 1714 vir

580 1762 779 1819 beatus
801 1770 1041 1831 quantus
1091 1757 1250 1812 dolor
1290 1770 1482 1811 eorum
1524 1755 1764 1825 angebat
1803 1754 1988 1808 corda.
2029 1754 2164 1809 Fere

584 1868 824 1922 namque
860 1852 994 1921 ipsis
1045 1849 1267 1921 gravius
1310 1847 1569 1902 dolebant
1594 1846 1687 1915 q'ui
1730 1846 1931 1915 captivi
1982 1844 2161 1900 abacti

580 1943 821 2006 fuerant,
852 1957 975 1996 cum
1013 1940 1231 1996 scilicet
1261 1939 1534 1993 salutares
1570 1937 1717 1991 aedes
1747 1937 1864 1991 solo
1892 1946 2051 1991 tenus
2081 1937 2165 1989 di-

587 2046 743 2091 rutas
765 2036 941 2090 oculis
976 2036 1310 2104 aSpicerent,
1342 2048 1407 2098 ae
1436 2048 1492 2086 se
1508 2046 1694 2096 cruce,
1733 2038 1974 2101 pastore,
2000 2046 2163 2099 grege

585 2127 771 2191 simul,
803 2142 868 2180 ac
889 2141 1001 2180 uno
1041 2126 1194 2181 velut
1227 2134 1507 2179 momento
1547 2123 1843 2178 destitutos
1889 2122 2163 2176 viderent.

581 2217 771 2287 Neque
801 2216 855 2271 id
881 2217 1078 2283 modo;
1136 2216 1232 2271 sed
1265 2224 1322 2270 et
1370 2214 1666 2269 multitudo
1724 2213 2051 2267 cadaverum
2106 2213 2161 2267 in

582 2307 830 2374 civitate,
863 2323 928 2362 ac
958 2323 1123 2378 quem
1159 2307 1249 2361 illa
1279 2306 1611 2361 exhalabant
1658 2303 1889 2359 fetorem
1940 2317 2049 2356 non
2086 2302 2165 2357 le-

581 2394 728 2449 viter
748 2395 1145 2458 excruciabat;
1180 2409 1371 2448 eorum
1399 2396 1676 2463 praecipue
1706 2407 1828 2462 qure
1874 2405 2035 2444 nosse
2064 2406 2163 2458 po-

584 2495 833 2541 luerunt.
863 2486 1070 2540 Horum
1102 2501 1225 2555 qua:
1248 2484 1488 2539 diximus
1512 2492 1596 2539 est
1626 2483 1923 2554 praeclarus
1974 2482 2164 2552 junior

581 2587 771 2633 noster
792 2578 1146 2641 Nicodemus,
1169 2577 1427 2646 illiusque
1453 2576 1569 2630 fere
1591 2575 1910 2645 Magdalena
1935 2574 2157 2644 coniux,

2199 1295 2243 1353 Λ
2345 1288 2531 1344 Ταῦτα
2579 1291 2719 1362 πρδς
2767 1292 2895 1356 τοὺς
2938 1292 2997 1346 ὲν
3026 1291 3388 1362 Ἰερουσαλὴμ
3441 1289 3796 1363 κατοικοῦντας,

2267 1380 2473 1449 μᾶλλον
2496 1380 2551 1433 δὲ
2573 1379 3055 1450 καταλειφθέντας,
3085 1382 3115 1435 6
3134 1383 3295 1461 καλὸς
3323 1385 3539 1455 ΙΙοιμὴν
3557 1386 3792 1455 ἐσήμανεν.

2271 1471 2511 1539 Ἐμελεν
2535 1472 2643 1542 γὰρ
2668 1472 2816 1542 αὐτῷ
2846 1473 2942 1526 καὶ
2982 1476 3110 1544 περὶ
3143 1474 3251 1528 τῶν
3284 1478 3382 1530 σὺν
3431 1475 3600 1546 αὐτῷ,
3622 1477 3794 1529 καὶτῶν

2266 1559 2374 1611 ἀπὸ
2403 1559 2650 1629 μήκοθεν
2679 1559 2849 1613 ὄντων
2869 1578 2882 1594 ο
2933 1563 3027 1614 καὶ
3084 1562 3320 1630 μάλιστα
3370 1564 3484 1616 τῶν
3514 1566 3571 1614 ἐν
3593 1568 3652 1634 τῇ
3679 1565 3792 1616 Σιιὶη.

2265 1650 2564 1717 Ἐγίνωσκε
2591 1653 2699 1720 γὰρ
2723 1653 2749 1705 6
2786 1652 3098 1723 μακαρίτης
3124 1654 3219 1720 τὴν
3249 1654 3417 1708 οὖσαν
3434 1654 3624 1725 ὀδύνην
3648 1656 3794 1715 ivssi;

2266 1741 2520 1812 καρξίαις
2549 1741 2750 1796 αὐτῶν.
2783 1741 2906 1793 Τῶν
2957 1744 3508 1813 αἰχμαλωτισθέντων
3535 1745 3637 1816 γὰρ
3659 1746 3795 1814 σχεδὸν

2267 1831 2662 1902 χαλεπωτέρως
2726 1835 3080 1906 ἑδαμάζοντο,
3145 1835 3249 1904 πρὸ
3277 1834 3574 1905 ὀφθαλμῶν
3616 1836 3794 1907 ἐρῶντες

2264 1923 2389 1985 τοὺς
2421 1924 2722 1992 σωτηρίους
2739 1924 2919 1988 οἴκους
2950 1926 3043 1978 ἐπὶ
3071 1923 3165 1979 τοῦ
3201 1926 3434 1993 ἐδάφους
3461 1927 3795 1997 ἐῤῥιμμένου·,

2268 2016 2360 2066 καὶ
2390 2016 2480 2066 τὸν
2505 2016 2757 2085 σταυρὸν,
2792 2019 2888 2069 καὶ
2915 2017 3006 2069 τὸν
3039 2018 3291 2088 ποιμένα,
3349 2018 3449 2071 καὶ
3480 2018 3575 2088 τὴν
3615 2017 3797 2087 ποίμνην

2266 2105 2356 2173 ὑφ’
2396 2105 2454 2157 ἓν
2501 2107 2699 2169 αὐτοὺς
2732 2107 3154 2171 καταλιπόντας.
3189 2109 3263 2160 Οὐ
3296 2110 3459 2179 μόνον
3485 2108 3563 2172 δὲ,
3592 2109 3708 2160 ἀλλὰ
3732 2109 3797 2158 καὶ

2264 2197 2324 2250 τὸ
2344 2196 2547 2264 πλῆθος
2568 2196 2677 2248 τῶν
2712 2199 2770 2248 ἐν
2791 2200 2856 2266 τῇ
2895 2198 3050 2250 πόλει
3109 2199 3510 2267 σκηνωμάτων,
3547 2198 3685 2267 καὶὴ
3712 2195 3797 2247 τού-

2265 2305 2372 2339 των
2388 2285 2642 2350 δυσωδία,
2681 2287 2740 2338 οὐ
2782 2287 3020 2356 μετρίως
3050 2288 3250 2349 αὐτοὺς
3278 2285 3596 2350 ἐϐασάνιζε,
3621 2286 3704 2338 καὶ
3722 2285 3795 2353 μὰ·

2265 2378 2421 2431 λιστα
2450 2371 2637 2445 ὦνπερ
2671 2378 2960 2448 γνωρίζειν
2990 2378 3269 2447 ἠδύναντο.
3305 2380 3593 2449 Μαρτυρεί
3629 2376 3796 2438 “mini-

2268 2467 2525 2538 ρημένοις
2562 2463 2715 2531 οὗτος
2748 2469 2776 2519 6
2813 2468 2978 2530 καλὸς
3008 2468 3124 2531 νέος
3144 2470 3304 2538 ἡμῶν
3336 2470 3658 2539 Νικόδημος,
3682 2467 3794 2533 καἱὴ

2265 2558 2456 2610 τούτου
2511 2559 2695 2628 σχεδὸν
2759 2559 3094 2629 Μαγδαληνὴ
3156 2559 3412 2626 σύζυγος,
3473 2560 3506 2629 ή
3556 2556 3682 2627 καλὴ
3731 2556 3795 2607 καὶ

582 2669 860 2740 egregium
921 2684 1019 2738 par
1063 2683 1127 2722 ac
1149 2668 1454 2723 studiosum
1484 2685 1498 2720 :
1546 2667 1638 2737 qui
1667 2666 1926 2720 nimirum
1952 2664 2166 2719 facinus

2269 2649 2530 2702 σπουδαία
2558 2649 2817 2721 ξυνωρί;’
2854 2650 2901 2702 οἱ
2933 2649 3082 2713 ἄξιον
3099 2649 3265 2712 ὅντως
3324 2650 3549 2718 μνήμης
3578 2647 3662 2700 καὶ
3705 2663 3796 2711 συγ·

584 2760 852 2814 tncmoria
888 2774 952 2812 ac
994 2759 1307 2814 litterarum
1343 2757 1718 2812 monumentis
1749 2757 1972 2827 dignum
2001 2757 2163 2825 plane

584 2848 902 2903 ediderunt.
939 2848 1050 2903 Hos
1101 2847 1197 2917 qui
1246 2848 1421 2901 velint
1464 2847 1834 2918 interrogent,
1908 2861 1972 2899 ac
2017 2846 2164 2900 clare

583 2947 734 3008 gesta
769 2951 884 2992 tum
906 2937 1299 3008 Hierosolymis
1322 2938 1559 2992 discent.

654 3030 719 3084 lli
752 3029 923 3091 enim,
970 3029 1026 3081 hi
1062 3029 1285 3083 virtutis
1309 3030 1553 3083 cultores
1600 3044 1664 3083 ac
1690 3028 1809 3092 Dei,
1858 3029 1952 3082 ubi
1982 3030 2169 3083 hostes

583 3116 870 3179 cxiissent,
900 3115 1065 3183 inque
1112 3114 1391 3169 Persidem
1421 3116 1708 3178 abiissent,
1755 3124 1922 3169 totam
1954 3117 2167 3170 circum

585 3207 780 3261 urbem
834 3221 899 3259 ac
930 3206 1085 3259 vicos
1133 3205 1456 3269 lustrantes,
1525 3205 1716 3274 sicque
1767 3205 1996 3259 fratrum
2029 3206 2166 3260 reli-

584 3297 745 3367 quias
776 3298 959 3367 jacere
994 3295 1418 3365 conspicientes,
1472 3296 1781 3350 mercedem
1828 3296 1932 3350 sibi
1972 3304 2169 3365 parant

582 3399 789 3444 atterna
817 3406 876 3446 re
902 3388 1016 3456 ipsa
1082 3386 1354 3441 memoria
1414 3386 1843 3441 consecrandam
1875 3402 1889 3438 :
1927 3387 2168 3456 projecta

586 3480 735 3535 enim
766 3480 1006 3548 sparsim
1037 3478 1242 3547 ubique
1265 3477 1532 3532 cadavera
1555 3477 1719 3532 simul
1744 3485 2086 3540 acervantes,
2112 3477 2166 3530 in

588 3584 754 3639 specu
773 3569 1080 3638 deponunt,
1118 3582 1241 3638 quze
1280 3575 1366 3622 est
1390 3577 1517 3622 ante
1550 3575 1762 3637 portam
1796 3567 1864 3622 ad
1890 3568 2169 3638 sexaginta

585 3659 828 3731 quinque
853 3659 1043 3714 millia.

658 3750 714 3806 Si
745 3751 871 3821 quis
897 3752 1065 3822 igitur
1089 3766 1157 3806 ex
1182 3751 1251 3806 iis
1274 3751 1370 3821 qui
1400 3761 1553 3807 certo
1589 3752 1786 3818 sciant,
1822 3768 1986 3809 nosse
2015 3753 2167 3815 velit,

587 3856 655 3895 ex
701 3841 810 3896 illis
838 3840 1092 3910 exquirat
1121 3857 1136 3893 :
1164 3841 1455 3909 palamque
1499 3839 1800 3906 docebunt,
1850 3854 1915 3894 ac
1960 3840 2168 3901 dicent,

586 3944 711 4000 quae
748 3946 851 3984 nos
886 3945 1108 3999 quoque
1152 3929 1490 3999 aspeximus.
1537 3928 1654 3995 Qua
1732 3944 1928 3998 nempe
1997 3928 2169 3983 forma

588 4029 754 4090 atque
781 4018 974 4074 habitu
999 4027 1313 4089 prostarent
1352 4020 1499 4074 beati
1553 4021 1671 4075 solo
1704 4020 1887 4086 strati,
1939 4021 2033 4089 qui
2064 4020 2169 4074 sub

588 4110 644 4165 id
669 4118 884 4179 tempus
912 4110 1310 4181 Hierosolymis
1345 4118 1665 4165 meruerunt
1711 4111 1912 4164 occidi.
1961 4111 2115 4164 Alter
2138 4126 2170 4165 a

588 4201 770 4271 capite
800 4200 868 4254 ad
892 4216 989 4255 cor
1028 4216 1202 4269 usque
1232 4201 1414 4271 gladio
1439 4202 1641 4255 vulnus
1668 4208 1998 4270 acceperat;
2031 4200 2170 4254 alter

590 4293 662 4348 ab
686 4293 933 4346 humeris
966 4292 1034 4346 ad
1066 4307 1240 4361 usque
1261 4300 1532 4346 ventrem.
1593 4291 1748 4346 Alius
1775 4292 2042 4361 quinque,
2073 4289 2172 4344 dc-

590 4396 781 4437 cemve
809 4381 953 4435 ictus
976 4380 1033 4433 in
1067 4380 1346 4434 intestinis
1377 4379 1617 4434 habebat
1650 4398 1664 4432 :
1700 4381 1842 4434 alius
1897 4380 2171 4433 dissecttts

589 4472 829 4536 medius,
861 4472 1029 4540 inque
1060 4469 1172 4524 duo
1192 4470 1407 4524 divisus
1436 4479 1577 4523 erat.
1630 4470 1760 4534 Alii,
1797 4478 1988 4525 ventre
2035 4484 2169 4524 ense

587 4564 840 4636 perfosso
883 4560 1143 4616 intestina
1176 4562 1364 4615 omnia
1389 4561 1566 4616 eﬁusa
1600 4570 1759 4616 erant
1792 4580 1805 4614 :
1839 4561 2008 4615 alium
2048 4560 2170 4615 ovis

588 4652 766 4708 instar
794 4653 848 4706 in
882 4650 1116 4706 macello
1171 4650 1281 4705 diri
1329 4650 1619 4707 carnifices
1674 4653 1732 4707 in
1785 4651 1961 4706 frusta
2008 4652 2168 4722 plura

591 4744 971 4801 conciderant.

658 4834 801 4901 Quid
852 4853 985 4892 vero
1028 4836 1432 4894 miserabiliora
1477 4834 1624 4890 alia?
1691 4834 1800 4889 Alii
1862 4832 1916 4887 in
1971 4831 2169 4902 plateis

591 4926 905 4995 spectaculo
929 4928 1254 4998 prostabant
1277 4970 1292 4994 ,
1325 4927 1418 4981 alii
1443 4927 1499 4980 in
1521 4925 1775 4980 oratoriis
1787 4923 2165 4986 necabantur;

592 5015 685 5071 alii
707 5030 831 5070 cum
864 5017 921 5070 in
960 5017 1159 5072 Sancta
1191 5028 1510 5073 sanctorum
1537 5015 1660 5086 opis
1689 5030 1854 5070 causa
1905 5011 2169 5081 confuge-

592 5112 756 5158 rent:
792 5105 932 5159 alius
969 5106 1320 5160 Dominieum
1354 5119 1594 5174 corpus;
1658 5104 1800 5156 alius
1848 5100 2054 5156 Christ-i
2083 5107 2166 5154 te-

592 5206 733 5249 nens
758 5208 1000 5249 crucem.
1029 5195 1182 5249 Alter
1205 5196 1259 5250 in
1289 5195 1554 5266 piscinam
1578 5193 1858 5262 ingressus
1878 5190 2166 5261 jugulaba-

2267 2744 2488 2812 γραφῆς
2534 2743 2903 2811 ἐργασάμενοι
2950 2740 3300 2811 κατόρθωμα.
3339 2742 3610 2803 Ἐκείνους
3639 2740 3681 2792 οἱ
3707 2738 3795 2808 βου-

2265 2834 2481 2903 λόμενοι
2513 2835 2895 2904 ἐρωτάτωςαν,
2923 2834 3018 2887 καὶ
3046 2833 3232 2903 σαφῶς
3296 2834 3655 2903 μανθάνουσιν
3688 2831 3729 2882 τί
3754 2829 3793 2880 τὸ

2266 2925 2325 2976 ἐν
2370 2925 2435 2976 Ίε
2444 2925 2679 2995 ρουσαλὴ
2689 2943 2726 2993 μ
2762 2924 3074 2993 γενόμενον.

2340 3006 2499 3063 Οὗτοι
2544 3014 2674 3082 γὰρ,
2734 3007 2901 3077 οὗτοι,
2959 3013 3236 3065 σπουδαῖοι
3283 3013 3381 3066 καὶ
3419 3012 3661 3082 φιλόθεοι,
3696 3009 3794 3081 μετὰ

2266 3105 2365 3175 τ’λν
2396 3103 2502 3156 τῶν
2528 3104 2739 3174 ἐχθρῶν
2768 3104 2964 3168 ἔξοδον,
2996 3106 3090 3157 καὶ
3121 3106 3212 3157 ἐπὶ
3247 3106 3491 3173 Περσίδα
3507 3105 3708 3157 κάῗοεον
3729 3114 3795 3154 πι-

2274 3197 2603 3266 ριερχΰμενοι
2669 3196 2766 3264 τὴν
2820 3196 2973 3247 πόλιν
3000 3195 3234 3261 ἅπασαν,
3292 3198 3390 3250 καὶ
3424 3199 3523 3259 τὰς
3561 3196 3793 3253 πολιτείας,

2268 3288 2364 3340 καὶ
2393 3286 2627 3357 ὁρῶντες
2659 3286 2831 3351 οὕτως
2854 3287 3082 3358 κείμενα
3107 3286 3176 3340 τὰ
3203 3288 3313 3341 τῶν
3330 3288 3575 3356 ἀδελφῶν
3598 3287 3792 3354 λείψανα,

2270 3376 2681 3446 περιποιοῦνται
2711 3376 2924 3440 ἑαυτοῖς
2960 3377 3170 3447 μισθὸν,
3203 3376 3371 3439 ὅντως
3402 3380 3486 3439 είς
3510 3376 3663 3430 αἰῶνα
3693 3391 3793 3445 μνη-

2273 3467 2655 3535 μονευόμενον.
2698 3467 2808 3519 Καὶ
2829 3464 3253 3530 ἑπισυνάξαντες
3282 3467 3342 3518 ὲν
3391 3474 3476 3537 τῷ
3536 3467 3661 3520 κατὰ
3689 3465 3791 3535 μέρη

2272 3555 2690 3624 κατεῤῥιμμένα
2723 3555 3083 3626 σκηνώματα.
3116 3557 3473 3611 ἀποτίθενται
3514 3560 3569 3610 ὲν
3597 3556 3792 3625 σπηλαίῳ

2273 3644 2378 3717 πρὸ
2410 3646 2509 3714 τῆς
2536 3645 2767 3709 πόλεως.
2794 3648 2921 3716 ἄχρι
2951 3647 3201 3717 χιλιάδων
3233 3649 3499 3718 ἑξήκοντα
3528 3649 3686 3702 πέντε.

2342 3736 2411 3789 Et
2426 3753 2508 3800 τις
2524 3737 2707 3790 τοίνυν
2740 3738 2988 3808 βούλοιτο⁵
3010 3739 3161 3809 παρὰ
3191 3738 3297 3791 τῶν
3313 3737 3372 3793 εὖ
3397 3741 3613 3794 εἰδότων
3628 3737 3787 3809 μαθεῖν.

2273 3828 2470 3892 αὐτοὺς
2501 3827 2799 3893 ἐξεταζέτω
2824 3846 2838 3861 ⁸
2897 3832 3138 3884 κάκεῖνοι
3197 3831 3382 3899 σαφῶς
3414 3832 3681 3898 διδάξουσι,
3724 3828 3790 3879 ul.

2276 3919 2511 3990 ἐροῦσιν,
2549 3920 2694 3990 ἅπερ
2728 3920 2822 3973 καὶ
2854 3922 3014 3991 ἡμεῖς
3039 3923 3383 3992 ἑωράκαμεν.
3408 3924 3584 3986 Ποίοις
3607 3921 3789 3991 σχήμασι

2277 4011 2368 4061 καὶ
2392 4010 2549 4078 ἦθεσι
2578 4010 2897 4081 προέκειντο
2929 4013 3023 4064 ἐπὶ
3075 4012 3170 4064 τοῦ
3211 4012 3450 4081 ἐδάφους
3497 4014 3546 4066 οἱ
3589 4014 3788 4082 μακάριοι

2272 4100 2330 4151 ὲν
2373 4099 2725 4172 Ἰερουσαλὴμ
2776 4103 3195 4173 κατασφαγῆναι
3246 4104 3602 4168 ἀξιωθέντες-
3641 4106 3666 4157 6
3720 4099 3789 4170 μὲν

2272 4190 2381 4245 ἀπὸ
2407 4191 2649 4262 κεφαλῆς
2696 4192 2804 4255 ἕως
2856 4194 3083 4264 καρδίας
3115 4194 3217 4263 τὴν
3244 4195 3464 4265 πληγὴν
3492 4195 3681 4248 λαδώνο
3706 4196 3728 4245 ὀ
3750 4189 3788 4241 ἃ

2271 4282 2379 4334 ἀπὸ
2394 4279 2558 4351 ὤμων
2582 4282 2687 4345 ἕως
2705 4282 2912 4351 κοιλίας
2942 4300 2957 4314 ·
2981 4285 3159 4351 ἄλλος,
3184 4286 3393 4356 πέντεῆ
3421 4287 3480 4339 δέ
3490 4303 3554 4339 κα
3578 4281 3789 4357 ῥομφαίας

2272 4374 2330 4425 ὲν
2358 4376 2468 4436 τοῖς
2499 4372 2749 4441 ἐγκάτοις
2783 4371 2960 4444 εἶχεν·
3025 4375 3211 4447 ἕτερος
3244 4378 3384 4431 κατὰ
3445 4378 3608 4448 μέσης
3636 4390 3786 4439 κεκομ-

2198 3971 2244 4033 C

2277 4461 2457 4533 μένος,
2490 4461 2585 4515 καὶ
2620 4465 2698 4525 είς
2728 4462 2823 4515 δύο
2856 4463 3185 4536 διῃρημένος
3211 4482 3225 4496 ο
3260 4466 3418 4530 ἄλλος
3459 4468 3614 4519 πάλιν
3654 4466 3700 4514 ἐν
3741 4459 3785 4524 τῇ

2274 4553 2519 4625 μαχαίρᾳ
2538 4554 2638 4625 τὴν
2664 4555 2875 4609 κοιλίαν
2905 4560 3324 4626 κεκεντημένος,
3355 4560 3452 4611 καὶ
3486 4558 3648 4612 πάντα
3668 4548 3785 4607 αὐτοῦ

2270 4643 2339 4696 τὰ
2368 4644 2518 4707 ἐντὸς
2549 4644 2888 4715 προχυθέντα
2907 4661 2921 4679 ο
2950 4647 3135 4716 ἕτερος
3161 4648 3317 4718 δίκην
3367 4649 3631 4720 προῦάτου
3657 4649 3703 4698 ὲν
3720 4656 3786 4711 μα·

2272 4735 2445 4804 κέλ).ῳ
2471 4736 2550 4798 είς
2590 4735 2761 4788 πολλὰ
2784 4737 2921 4807 μέλη
2959 4739 3258 4809 κατεκόπη.

2338 4826 2403 4877 Τί
2418 4827 2474 4878 δὲ
2489 4826 2557 4879 τὰ
2581 4825 2715 4879 ἄλλα
2738 4828 3072 4907 ἐλεεινότερα
3099 4844 3114 4896 ;
3137 4830 3202 4881 Οἱ
3230 4831 3329 4900 μὲν
3350 4832 3408 4885 ἐν
3425 4834 3544 4894 ταῖς
3569 4823 3782 4883 πλατείας

2269 4917 2587 4985 προέκειντο
2616 4917 2796 4988 θέαμα
2817 4935 2832 4949 ·
2851 4918 3001 4973 ἄλλοι
3029 4922 3088 4972 ἐν
3122 4923 3235 4984 τοῖς
3269 4923 3575 4994 εὐκτηρίοις
3594 4937 3607 4952 ·
3652 4918 3780 4984 ετεςροι

2269 5007 2349 5068 είς
2371 5009 2439 5059 τὰ
2461 5007 2623 5075 Ἅγια
2651 5007 2760 5061 τῶν
2788 5009 2960 5076 ἁγίων
2986 5012 3422 5082 καταφεύγοντες
3440 5017 3518 5079 εἰς
3555 5010 3779 5083 βοήθειαν

2268 5099 2363 5150 καὶ
2392 5099 2420 5150 6
2444 5098 2566 5168 μὲν,
2601 5098 2662 5151 τὸ
2689 5100 2848 5170 σῶμα
2874 5101 2933 5154 τὸ
2958 5104 3285 5157 Δεσποτικόν
3305 5121 3320 5135 ο
3348 5107 3377 5157 6
3403 5107 3480 5167 δὲ,
3507 5104 3592 5157 τὸν
3611 5096 3781 5167 σταυρὸν

2268 5187 2360 5240 τοῦ
2384 5188 2619 5260 Χριστοῦ
2650 5191 2897 5261 κατέχων
2914 5209 2928 5222 ·
2962 5193 3144 5264 ἕτερος
3166 5196 3222 5247 ἐν
3240 5198 3304 5266 τῇ
3335 5194 3666 5266 κολυμϐήθρᾳ
3689 5202 3781 5241 κατ·

590 5292 704 5351 tur,
742 5285 881 5339 alter
903 5286 1100 5341 subtus
1123 5286 1295 5341 altare
1323 5286 1547 5342 latitans
1594 5303 1607 5339 :
1646 5282 1960 5350 ﬁebantque
2000 5280 2165 5336 victi-

2267 5282 2558 5351 ερχὸμενος
2576 5297 2592 5314 ⁹
2624 5284 2720 5335 καὶ
2748 5283 2904 5348 ἄλλος
2929 5285 3033 5338 ὑπὸ
3068 5286 3454 5360 θυσιαστήριον
3515 5285 3780 5357 uenﬁcam;

590 5388 701 5441 ma,
728 5374 919 5431 eadem
946 5376 1168 5446 quidem
1209 5375 1307 5430 Dei
1352 5372 1746 5431 comminantis
1771 5371 2037 5434 vindicta,
2069 5370 2163 5440 qui

591 5472 776 5522 tamen
814 5465 1091 5522 diversum
1111 5466 1380 5537 judicium
1441 5478 1505 5520 ac
1535 5454 1882 5535 mysterium,
1917 5459 1999 5514 uti
2026 5460 2167 5515 dixi-

666 5600 740 5677 (ᾖ)
782 5600 933 5677 Istat!
960 5601 1265 5677 opusculum
1314 5609 1448 5677 totos
1487 5599 1755 5677 Antistitis
1796 5597 2173 5677 Hienqsolymi-

594 5672 707 5724 lani
742 5674 955 5742 ιρὶιὶιιιε
993 5668 1107 5743 'prat
1139 5689 1193 5725 se
1225 5672 1325 5743 fert
1351 5688 1368 5727 :
1396 5672 1621 5743 fortasse
1648 5671 1757 5740 ipse
1800 5676 1873 5722 est
1908 5668 2170 5723 Modestus

2271 5373 2654 5441 ἐσφαγιάζετο.
2712 5377 2822 5430 Καὶ
2851 5376 3011 5431 θυσία
3053 5379 3312 5446 ἐγίνοντο,
3351 5382 3480 5451 μίαν
3516 5380 3606 5448 μὲν
3636 5377 3779 5443 έχουσι

2273 5465 2372 5534 τὴν
2397 5463 2649 5536 ἀπειλὴν,
2680 5466 2937 5539 διάφορον
2971 5468 3027 5522 δὲ
3075 5468 3137 5521 τὸ
3184 5472 3362 5542 κρῖμα
3400 5471 3491 5530 καὶ
3547 5467 3603 5521 τὸ
3631 5457 3778 5535 μυστί·

2279 5601 2491 5724 Ζέιὲαῗιεξ
2521 5603 2694 5725 ﬁgam
2720 5608 3081 5677 captivitatem
3108 5609 3178 5663 ad
3198 5610 3310 5680 ejus
3338 5610 3473 5664 sedis
3493 5593 3777 5679 gubernant“
