4010 6288
296 300 441 366 3237

1441 305 1539 366 DE
1577 305 1897 368 PERSICA
1934 308 2452 375 CAPTIVITATE.

3400 311 3542 376 3233

302 424 439 478 ριον,
469 406 658 481 ὥσπερ
689 396 785 464 και
813 410 905 465 ἐπὶ
936 409 1312 483 αἰχμαλωσίας
1346 411 1627 484 ἐλέγομεν.
1660 414 1736 469 Οὐ
1767 415 1851 489 γὰι

1977 434 2103 475 mus
2122 420 2191 476 de
2210 420 2552 492 captivitate,
2601 420 2889 478 lia-herent.
2913 424 3032 479 Non
3056 422 3203 479 enim
3248 439 3439 481 omnes
3471 428 3545 483 ob

300 498 504 562 πάντες
522 499 589 555 δι’
618 501 894 574 ἁμαρτίαν
927 504 1441 575 αἰχμαλωτίσθησαν
1460 521 1473 536 ·
1498 504 1615 559 ἀλλ’
1648 506 1734 559 ἵνα
1765 509 1874 578 ἀμ-

301 590 517 664 φότεροι
558 596 622 648 ἐκ
671 596 774 666 τῆς
810 597 1089 667 ὑπομονῆς
1148 596 1361 667 δόκιμοι
1402 597 1695 664 γένωνται·
1725 600 1873 654 ἄλλοι

302 679 390 735 ἵνα
414 682 504 736 τὸν
535 684 664 740 λαὸν
707 686 1092 757 ὀλιγωροῦντα,
1124 686 1302 754 λόγοις
1365 686 1750 758 νουθετήσωσι,
1780 690 1874 742 καὶ

300 776 810 847 παραμυθήσωνται
831 795 845 809 ·
878 779 1054 850 ἕτεροι
1083 780 1159 846 δὲ,
1197 779 1283 832 ἵνα
1317 779 1416 850 τὴν
1450 780 1745 849 μέλλουσαν
1777 782 1873 835 κό-

297 860 453 916 λασιν
481 868 816 940 κουφοτέραν
842 869 1054 935 ἕξουσιν
1078 886 1091 899 ·
1125 870 1269 933 τινὲς
1297 869 1376 936 δὲ,
1418 870 1507 925 ἵνα
1558 870 1761 942 ταύτης
1793 872 1872 935 εἰς

300 953 504 1023 πλῆρες
517 956 925 1024 ἀπαλλαγῶσιν.

368 1045 568 1099 Λοιπὸν
596 1046 654 1099 δὲ
684 1047 820 1118 πρὸς
842 1048 942 1119 τὴν
964 1050 1435 1108 ἐπακολουθοῦσαν
1464 1056 1646 1123 αὐτοῖς
1667 1060 1869 1132 θλίψιν,

298 1138 394 1190 καὶ
425 1138 558 1207 πρὸς
584 1139 683 1202 τὰς
710 1141 1005 1211 γενομένας
1048 1142 1225 1197 αὐτῶν
1249 1145 1547 1215 ἁμαρτίας,
1594 1152 1736 1221 τάχα
1782 1156 1870 1207 ati-

295 1226 749 1300 χμαλωτίσθησαν
768 1232 862 1284 καὶ
884 1232 1090 1298 παῖδες,
1116 1234 1264 1297 ὅπως
1296 1237 1452 1291 αὐτοὶ
1476 1239 1573 1309 μὲν
1598 1242 1673 1312 μὴ
1689 1245 1866 1315 χείρο-

296 1333 386 1381 νες
431 1318 733 1386 γένωνταιο
767 1324 816 1376 oi
876 1324 932 1377 δὲ
973 1323 1200 1387 τούτους
1243 1329 1601 1400 γεννήσαντες
1657 1333 1742 1387 διὰ
1773 1337 1871 1406 τῆς

295 1408 517 1463 ἐκείνων
541 1413 790 1478 παιδείας
827 1420 1294 1486 σωφρονισθῶσιν.
1321 1423 1482 1487 Ἴσως
1504 1424 1560 1477 δὲ
1594 1427 1868 1490 καὶᾶλλοι,

295 1500 482 1572 ἐπειδὴ
511 1504 578 1556 τά
600 1506 706 1557 τῶν
736 1507 948 1563 ἀσεϐῶν
979 1509 1084 1580 ἤθη
1134 1515 1315 1566 πιστοὶ
1344 1515 1703 1587 ὑπάρχοντες,
1729 1521 1870 1590 ἠγα-

210 1592 215 1595 ’
293 1591 503 1646 ποῦσαν
548 1596 641 1648 καὶ
671 1597 1004 1653 ἐποθοῦσανο
1049 1602 1129 1656 διὸ
1183 1606 1276 1658 καὶ
1312 1609 1628 1677 παρέδωκεν
1675 1612 1868 1675 αὐτοὺς

292 1681 497 1750 Κύριος
534 1686 675 1738 κατά
713 1688 812 1750 τὰς
836 1690 1134 1762 ἐπιθυμίας
1156 1694 1358 1750 αὐτῶν.
1392 1696 1456 1749 υἱ
1480 1698 1537 1751 δὲ
1563 1701 1657 1752 καὶ
1685 1702 1748 1754 ἐκ
1771 1704 1867 1771 τῆς

291 1772 538 1863 παιδείας
568 1776 808 1845 χείρονες
829 1780 1098 1848 ἐγένοντο,
1140 1785 1232 1837 καὶ
1261 1786 1495 1855 Χριστὸν
1533 1790 1860 1863 ἠρνήσαντο,

290 1862 384 1915 καὶ
413 1862 583 1928 οὕτως
610 1867 672 1919 τὸ
705 1868 879 1939 πέρας
928 1873 1023 1925 τοῦ
1052 1872 1171 1943 βίου
1216 1877 1560 1947 ἐποιήσαντο.
1607 1862 1767 1938 ’Ᾱλλά
1797 1904 1861 1954 γε

291 1953 433 2005 κατά
461 1954 558 2024 τὴν
592 1957 733 2029 ἐμὴν
763 1960 1038 2028 ὑπόνοιαν,
1089 1966 1184 2019 καὶ
1234 1968 1298 2021 ἐκ
1347 1968 1448 2038 τῆς
1486 1953 1862 2041 αἰχμαλωσίας

289 2040 662 2116 λυτρούμενοι,
692 2049 759 2104 τὰ
789 2051 956 2124 χείρω
982 2054 1218 2124 ἤμελλον
1250 2040 1701 2129 διαπράττεσθαι.
1751 2070 1860 2123 Καὶ

287 2132 460 2188 ταῦτα
499 2136 598 2209 οὐχ
658 2139 951 2211 ὁρίζοντες,
980 2145 1117 2201 ἀλλὰ
1167 2146 1395 2221 γνώμην
1437 2151 1673 2220 διδόντες
1700 2158 1858 2230 λέγο-

290 2239 410 2294 μεν.

368 2317 603 2387 Ὁμοίως
646 2322 704 2375 δὲ
750 2325 841 2377 καὶ
869 2327 961 2380 ἐπὶ
1013 2330 1112 2400 τῆς
1157 2340 1533 2408 κατασταγῆς,
1574 2340 1742 2413 πολλή
1777 2362 1857 2407 τις

291 2407 732 2507 καὶλάσύγκριτος
766 2418 798 2487 ή
845 2418 1076 2493 διαρρορά
1128 2407 1503 2497 καθέστηκεν·
1536 2431 1695 2486 ἄλλον
1731 2407 1857 2507 ’γὰρ

289 2502 477 2575 μισθὸν
515 2505 679 2596 ἔχειό
729 2509 795 2563 δι’
824 2510 1052 2583 ἄρνησιν
1091 2518 1332 2588 Χριστοῦ
1384 2502 1853 2596 ἀποκτενόμενοςλ

284 2598 344 2650 ἐν
369 2597 517 2670 αὐτῷ
538 2599 646 2669 γὰρ
668 2595 735 2670 ἦν
761 2603 821 2655 τὸ
844 2605 1202 2676 ἀρνήσασθαι,
1220 2614 1422 2666 καὶτοῦ
1447 2595 1677 2671 θανάτου
1700 2622 1857 2675 ἐκεί-

284 2705 373 2741 νου
423 2688 811 2756 διασώζεσθαι·
860 2700 954 2749 καὶ
995 2699 1153 2753 ἄλλον
1180 2702 1338 2758 πάλιν
1372 2706 1462 2759 τὸν
1514 2710 1857 2780 πολεμοῦντα

281 2779 394 2840 τοῖς
433 2778 667 2849 ἐχθροῖς,
716 2783 807 2836 ὑπ’
864 2785 1046 2840 αὐτῶν
1081 2790 1441 2861 ἀναιρεῖσθαι.
1478 2778 1685 2864 Ἄλλως
1713 2806 1855 2861 κατᾶ

278 2868 378 2937 τὴν
398 2869 662 2943 διαφορὰν
690 2873 799 2927 τῶν
848 2877 1153 2947 ἀρνήσεων,
1186 2884 1280 2936 καὶ
1308 2884 1340 2951 ή
1368 2886 1590 2953 κόλασις
1620 2893 1850 2958 γίνεται.

292 2959 628 3030 Ἦρνήσαντο
659 2964 836 3019 τοίνυν
875 2969 1019 3033 τινὲς
1075 2972 1166 3025 τὸν
1206 2975 1437 3043 Χριστὸν
1487 2980 1551 3033 ἐκ
1603 2982 1853 3052 βασάνων

279 3056 648 3126 αἰκιζόμενον
688 3062 863 3131 ἕτεροι
894 3065 958 3116 ἐκ
982 3066 1174 3137 πείνης
1217 3071 1310 3121 καὶ
1348 3070 1507 3141 δίψης
1542 3076 1634 3127 καὶ
1687 3095 1852 3132 κακο-
1880 3101 1920 3156 C

278 3145 528 3210 παθείας,
558 3153 656 3218 τῆς
682 3155 880 3221 σαρκὸς
905 3157 1244 3226 φεισάμενοι.
1272 3160 1456 3215 Ἀλλοι
1500 3166 1681 3233 πάλιν,
1707 3169 1739 3240 ἢ
1765 3171 1853 3226 διὰ

276 3237 489 3328 κάλλος,
525 3237 557 3309 ἦ
592 3239 679 3293 διὰ
711 3242 869 3310 δόξαν
909 3248 1003 3300 τοῦ
1052 3251 1317 3319 παρόντος
1357 3254 1473 3322 βίου
1525 3237 1854 3328 ἠρνήσαντο.

276 3327 433 3393 Τινὲς
453 3332 814 3403 ἠπατήθησαν
841 3338 921 3400 είς
956 3340 1232 3405 ἀσέϐειαν,
1263 3346 1451 3414 νήπιοι
1496 3350 1589 3402 καὶ
1637 3327 1851 3422 ἀνόητοι

274 3422 633 3489 τυγχάνοντες
682 3426 849 3477 καλοῦ
892 3429 985 3481 καὶ
1039 3432 1234 3486 κακοῦ.
1269 3436 1486 3491 Τούτων
1519 3440 1759 3506 πάντων,
1803 3447 1851 3498 οἱ

280 3508 377 3606 μὲν
403 3511 679 3606 πρότεροι,
717 3517 1090 3592 ἐλαφροτέραν
1148 3526 1368 3590 πάντως
1417 3531 1525 3584 τῶν
1580 3532 1850 3606 δευτέρων

272 3600 371 3671 τὴν
400 3603 697 3669 μέλλουσαν
734 3608 954 3664 κόλασιν
991 3615 1348 3684 ὑπομένουσιν
1371 3635 1387 3648 '
1433 3622 1559 3676 οἶδὲ
1584 3624 1846 3697 δεύτεροι,

273 3692 605 3766 όλιγωτέρας
623 3696 733 3752 τῶν
749 3701 948 3769 τρίτων
972 3704 1071 3768 τας
1094 3706 1364 3777 μάστιγας
1401 3692 1752 3779 κομίζονται.-
1775 3692 1847 3771 Τδ

272 3783 331 3836 δὲ
353 3785 532 3856 τρίτον
563 3789 756 3859 κρῖμα,
787 3793 1003 3847 πάντων
1028 3798 1177 3850 ἐστὶν
1207 3799 1560 3872 ἀθλιώτερον.

342 4047 474 4141 ίΙερὶ
499 4048 555 4103 δὲ
576 4051 685 4103 τῶν
708 4054 937 4122 νηπίων,
988 4056 1055 4111 ἂν
1103 4058 1200 4128 μὲν
1231 4061 1337 4132 πρὸ
1377 4063 1609 4120 θανάτου
1651 4068 1843 4141 ἄνδρες

268 4137 535 4229 ἐγένοντο,
602 4144 696 4196 καὶ
736 4146 814 4209 εἰς
850 4148 1203 4220 συναίσθησιν
1245 4149 1429 4222 ἦλθον,
1483 4156 1579 4209 καὶ
1613 4159 1688 4229 μὴ
1744 4137 1842 4215 ἐπ·

269 4228 555 4300 έστρεψαν,
585 4237 679 4288 καὶ
705 4238 859 4291 αὐτοὶ
876 4242 941 4310 τῇ
968 4241 1185 4297 κολάσει
1208 4245 1483 4301 ἐπέπεσαν
1501 4266 1514 4279 '
1531 4251 1579 4303 oi
1603 4251 1658 4305 δὲ
1680 4228 1842 4306 ἀπειο

267 4336 353 4391 per.
385 4323 767 4396 ἀρνησάμενοι,
802 4329 897 4383 καὶ
928 4334 1031 4402 πρὸ
1059 4338 1372 4406 φρονήσεως
1393 4341 1487 4394 τοῦ
1519 4341 1633 4411 βίου
1654 4342 1840 4396 λυθέν-

1976 522 2201 582 peccata
2227 515 2283 568 in
2312 515 2688 585 captivitatem
2747 514 2853 568 acti
2920 525 3069 580 sunt,
3102 517 3197 572 sed
3232 525 3292 571 ut
3325 519 3546 588 utrique

1977 603 2261 671 patientiae
2284 606 2484 660 merito
2506 606 2724 676 probati
2764 606 3102 662 evaderent:
3133 609 3226 662 alii
3270 618 3331 664 ut
3375 624 3549 680 pepu-

1974 696 2087 750 lum
2113 698 2482 768 negligentius
2519 710 2770 770 agentem
2812 699 3000 754 verbis
3053 700 3431 765 admonerent,
3484 717 3553 757 ac

1975 789 2439 855 consolarentur;
2472 790 2586 853 alii,
2619 800 2679 844 ut
2709 789 2789 844 eis
2820 789 3103 845 remissius
3129 791 3268 845 foret
3303 791 3549 847 futurum

1974 879 2331 948 supplicium,
2360 878 2583 949 quidam
2611 888 2669 933 ut
2696 878 2856 949 plene
2886 879 3021 934 illud
3047 880 3368 935 evaderent.

2042 1056 2161 1113 Jam
2197 1072 2328 1112 vero
2347 1066 2717 1114 consentanee
2767 1074 2958 1114 eorum
2987 1074 3182 1129 poenae,
3238 1076 3302 1115 ac
3333 1075 3432 1129 pro
3461 1077 3553 1115 ra-

1975 1146 2125 1201 tione
2153 1149 2439 1217 eulparum
2483 1149 2549 1204 iis
2579 1151 3022 1212 commissarum,
3088 1150 3229 1204 forte
3275 1166 3343 1204 an
3390 1151 3550 1220 pueri

1973 1251 2193 1307 quoque
2225 1238 2427 1307 captivi
2468 1239 2648 1294 abacti
2691 1249 2839 1307 sunt,
2870 1247 2931 1293 ut
2984 1256 3052 1294 ne
3111 1240 3214 1310 ipsi
3247 1240 3554 1295 deteriores

1974 1328 2190 1394 fierent,
2216 1346 2281 1384 ac
2332 1340 2588 1399 parentes
2620 1332 2837 1386 illorum
2873 1332 3232 1402 castigatione
3284 1331 3550 1387 sobrieta-

1975 1428 2083 1474 tem
2124 1419 2495 1474 addiscerent.
2540 1418 2704 1475 Forte
2736 1436 2870 1475 vero
2906 1422 3073 1476 etiam
3104 1421 3218 1483 alii,
3268 1420 3413 1490 quod
3445 1421 3547 1475 im—

1972 1510 2188 1579 piorum
2226 1526 2428 1577 mores,
2458 1511 2560 1580 ipsi
2598 1511 2653 1565 in
2683 1511 2890 1581 Christi
2927 1513 3126 1566 castris
3156 1521 3433 1569 merentes
3459 1512 3547 1566 di-

1971 1602 2219 1656 leXerant
2255 1617 2321 1655 ac.
2371 1584 2928 1672 cupierantpidcirco
2962 1605 3126 1657 etiam
3180 1604 3408 1658 tradidit
3451 1620 3547 1660 eos

1970 1692 2243 1749 Dominus
2272 1693 2575 1749 secundum
2600 1694 2872 1749 desideria
2898 1708 3113 1749 eorum.
3157 1693 3262 1749 Alii
3293 1710 3359 1748 ex
3381 1696 3546 1750 casti-

1970 1783 2187 1853 gatione
2217 1784 2433 1854 pejores
2469 1794 2787 1847 evaserunt,
2831 1802 2894 1839 ac
2923 1794 3119 1855 negato
3144 1785 3384 1849 Christo,
3416 1799 3544 1839 eum

1971 1872 2026 1927 iu
2078 1874 2324 1936 modum,
2384 1874 2510 1929 vitae
2563 1874 2727 1930 finem
2793 1886 3148 1945 acceperunt.
3226 1877 3547 1941 Enimvero,

1968 1974 2232 2034 quantum
2262 1966 2396 2020 mihi
2421 1966 2635 2036 Opinari
2661 1968 2811 2031 licet,
2839 1968 2916 2030 hi,
2958 1968 3039 2022 vel
3066 1967 3110 2023 si
3136 1983 3202 2022 ex
3226 1969 3547 2038 captivitate

1969 2056 2242 2126 redempti
2266 2067 2476 2123 essent,
2530 2060 2716 2129 pejora
2748 2066 2903 2113 erant
2934 2061 3224 2129 patraturi.
3283 2062 3359 2114 Ita
3408 2076 3545 2115 vero

1966 2148 2224 2214 dicimus,
2254 2165 2361 2204 non
2390 2157 2449 2203 ut
2478 2150 2776 2220 quidquam
2802 2151 3155 2217 deiiniamus,
3185 2159 3407 2207 certove
3450 2167 3540 2206 as-

1966 2255 2234 2303 seramus,
2259 2241 2353 2295 sed
2374 2251 2435 2294 ut
2461 2242 2627 2296 animi
2657 2259 2878 2298 sensum
2908 2245 3243 2314 aperiamus.

2036 2331 2215 2386 Simili
2243 2348 2372 2387 vero
2401 2333 2617 2389 ratione
2650 2336 2816 2389 etiam
2863 2336 2916 2388 in
2966 2352 3101 2391 nece
3135 2336 3304 2400 illata,
3347 2336 3540 2407 ingens

1964 2422 2243 2491 quoddam
2297 2439 2362 2479 ae
2440 2423 2865 2494 iueomparabile
2931 2426 3147 2480 exsistit
3214 2427 3536 2483 discrimen.

1962 2510 2139 2565 Aliam
2163 2512 2310 2565 enim
2343 2513 2656 2568 mercedem
2682 2514 3047 2584 consequitur
3078 2515 3173 2584 qui
3226 2517 3534 2586 negationis

1964 2604 2719 2675 convictusmortem'oppetit
2760 2606 2950 2675 (penes
2986 2607 3134 2660 enim
3188 2608 3341 2662 illum
3392 2617 3533 2674 erat,

1965 2702 2076 2747 tum
2098 2700 2157 2745 ut
2181 2702 2425 2764 negaret,
2460 2704 2572 2747 tum
2609 2702 2668 2747 ut
2700 2710 2756 2749 se
2785 2711 2920 2750 nere
2942 2697 3029 2750 illa
3057 2696 3534 2764 eximeret‘,aliam

1963 2786 2184 2851 iterum,
2209 2802 2372 2857 quem
2399 2802 2579 2856 pugna
2620 2786 3007 2857 defungentem
3036 2788 3298 2844 adversus
3327 2790 3533 2856 hostes,

1960 2879 2028 2932 ab
2054 2880 2118 2932 iis
2146 2878 2440 2949 contigerit
2462 2878 2662 2933 occidi.
2693 2880 2990 2946 Praeterea,
3020 2896 3118 2950 pro
3175 2882 3533 2950 negationum

1960 2968 2298 3030 discrimine,
2346 2969 2625 3023 diversum
2659 2985 2876 3039 quoque
2906 2972 3235 3041 supplicium
3284 2972 3528 3028 exsistit.

1958 3061 2309 3129 Negaverunt
2351 3061 2535 3129 itaque
2574 3061 2745 3130 aliqui
2795 3061 3076 3116 Christum
3111 3078 3180 3117 ex
3224 3070 3529 3118 tormento-

1955 3167 2072 3203 rum
2127 3152 2376 3204 cruciatu
2433 3151 2675 3205 devicti:
2708 3150 2821 3212 alii.
2875 3152 3019 3207 fame
3056 3162 3111 3206 et
3153 3153 3244 3207 siti
3305 3154 3529 3225 aliaque

1952 3242 2203 3312 corporis
2252 3242 2629 3309 aiilletatione,
2695 3243 2749 3297 in
2798 3259 3022 3298 carnem
3066 3245 3529 3315 indulgentiores,

1951 3333 2219 3387 deterriti.
2243 3334 2346 3387 Alii
2382 3334 2605 3399 iterum,
2636 3344 2731 3389 aut
2755 3344 2983 3404 propter
3031 3334 3532 3406 pulchritudinem,

1951 3434 2046 3479 aut
2082 3436 2306 3495 propter
2331 3427 2514 3482 surculi
2559 3427 2721 3497 hujus
2753 3427 3004 3497 gloriam.
3053 3429 3285 3494 Quidam
3310 3430 3525 3500 decepti

1950 3518 2296 3586 utimpietati
2319 3521 2741 3585 assentirentur,
2784 3536 2907 3574 cum
2941 3522 3153 3588 parvuli
3193 3530 3399 3586 esseut,
3424 3538 3526 3575 nec

1950 3607 2314 3679 intelligentia
2351 3611 2620 3677 pollerent
2651 3611 2780 3665 boni
2847 3626 2912 3665 ac
2957 3611 3106 3664 mali.
3146 3611 3222 3664 Ex
3279 3612 3365 3666 his
3408 3628 3529 3665 Olli-

1947 3697 2114 3751 nibus
2172 3698 2389 3767 priores
2449 3700 2716 3755 leviorem
2772 3700 3000 3770 reliquis
3057 3702 3148 3771 qui
3217 3713 3527 3772 sequuntur

1946 3802 2162 3856 pceuam
2192 3790 2245 3842 in
2272 3788 2458 3845 futuro
2477 3791 2687 3846 dabunt
2721 3810 2734 3847 :
2770 3793 2997 3847 secundi
3025 3793 3316 3863 pauciores
3343 3798 3524 3851 tertiis

1945 3878 2134 3948 plagas
2166 3882 2545 3948 reportabunt.
2575 3883 2821 3939 Tertium
2845 3884 3082 3954 denique
3111 3886 3381 3956 judicium
3404 3902 3523 3941 om~

1944 3970 2097 4024 nium
2129 3971 2343 4026 exsistit
2379 3973 2933 4031 miserabilissimum.

2012 4072 2373 4141 Quod-autem
2420 4077 2488 4131 ad
2518 4078 2752 4134 infantes
2777 4089 3005 4149 spectat,
3046 4080 3104 4144 ii,
3137 4082 3180 4135 si
3206 4091 3331 4137 ante
3369 4099 3518 4137 mor-

1944 4173 2054 4221 tem
2090 4166 2144 4220 in
2178 4168 2327 4222 viros
2351 4169 2648 4233 evaserint,
2673 4185 3009 4240 sensumque
3032 4172 3215 4241 adepti
3247 4190 3356 4228 non
3396 4176 3518 4229 fue-

1942 4258 2055 4312 rint
2090 4260 2362 4327 conversi,
2388 4259 2492 4329 ipsi
2516 4276 2735 4330 quoque
2786 4262 3061 4331 supplicio
3113 4263 3334 4319 obnoxii
3363 4279 3513 4322 sunt.

1942 4348 2035 4404 Sin
2069 4360 2271 4416 autem,
2311 4368 2433 4406 eum
2483 4354 2657 4425 ignari
2706 4365 2913 4421 essent,
2945 4364 3239 4426 negarunt,
3294 4373 3356 4411 ac
3387 4369 3515 4414 ante

263 4428 376 4475 τες,
436 4416 638 4470 τούτων
701 4418 763 4472 τὸ
804 4423 977 4491 κρῖμα
1012 4424 1170 4493 μόνος
1219 4430 1246 4481 ὁ
1292 4431 1486 4502 κριτὴς
1526 4435 1831 4499 ἐπίσταται,

273 4500 300 4519 η
551 4510 562 4519 .
655 4508 680 4519 ..
771 4510 786 4519 -
909 4513 932 4519 -
1059 4516 1081 4519 μ

1957 4450 2153 4496 enatam
2176 4444 2523 4512 prudentiam
2549 4456 2934 4518 maturumque
2955 4449 3227 4519 judicium
3251 4451 3390 4504 vivis
3415 4467 3513 4503 ex-

262 4500 452 4577 ῶσπερ
481 4510 573 4560 καὶ
614 4508 720 4561 τῶν
771 4510 973 4566 λοιπῶν
1025 4516 1221 4582 οἵτινες
1264 4500 1463 4586 πάντες
1514 4527 1835 4598 τιμωρηθή-

264 4610 466 4659 σονται,
504 4599 551 4650 εἰ
585 4599 660 4668 μὴ
693 4599 783 4655 διὰ
817 4605 1104 4673 μετανοίας
1142 4611 1525 4682 μεμελημένης
1559 4617 1652 4668 καὶ
1718 4618 1835 4670 ἐπι-

262 4685 427 4740 πόνου
453 4690 671 4760 Χριστῷ
730 4693 1259 4766 ἐξομολογήσωνται,
1302 4704 1537 4772 Χριστὸν
1590 4707 1682 4758 ἐπὶ
1726 4707 1834 4762 τῶν

259 4775 479 4845 ἀνόμων
503 4780 881 4848 κηρύττοντες,
908 4785 1000 4837 καὶ
1029 4785 1245 4851 δούλους
1268 4789 1435 4843 αὑτοῦ
1463 4792 1689 4857 ἑαυτοὺς
1714 4796 1832 4847 ὀνο-

263 4867 545 4937 μάζοντες.
585 4871 643 4925 '0
690 4872 799 4943 γὰρ
851 4875 1227 4947 ἀρνησάμενός
1276 4897 1343 4951 με
1389 4880 1696 4952 ἔμπροσθεν
1725 4884 1833 4939 τῶν

257 4956 585 5030 ἀνθρώπων,
631 4961 944 5034 ἔμπροσθεν
975 4967 1136 5022 πάλιν
1163 4969 1273 5023 τῶν
1316 4972 1621 5044 ἀνθρώπων
1654 4993 1829 5047 χρεω·

260 5051 377 5102 σ’τεί
403 5050 499 5121 τὴν
520 5052 812 5122 ὁμολογίαν
836 5058 1189 5128 ποιήσασθαι.
1241 5062 1315 5115 Τὸ
1347 5064 1457 5136 γὰρ
1509 5070 1684 5138 κρῖμα
1735 5068 1830 5121 τοῦ

258 5138 394 5228 θεοῦ
429 5143 661 5214 φοϐερὸν
705 5148 797 5200 καὶ
833 5149 1153 5216 ἀδέκαστον,
1183 5154 1276 5206 κα)⁵
1309 5155 1462 5228 παρά
1491 5159 1657 5212 πᾶσιν
1677 5174 1692 5186 ·
1729 5159 1828 5228 μά-

256 5226 416 5283 λιστα
441 5231 500 5285 δὲ
520 5235 648 5306 παρ’
677 5237 831 5306 ἡμῖν,
872 5240 1259 5312 ἀκατάληπτον
1292 5226 1589 5315 ἐξαιρέτως
1633 5247 1695 5301 τὸ
1732 5226 1830 5303 ἐπὶ

254 5319 350 5373 τοῦ
378 5324 641 5392 παρόντος
658 5327 1002 5400 τελούμενον.
1035 5334 1129 5397 Τίς
1159 5334 1271 5407 γὰρ
1298 5336 1371 5407 μὴ
1398 5339 1825 5408 ἐκπλαγήσεται,

255 5408 397 5480 ὀρῶν
422 5413 480 5466 ἐν
494 5415 559 5484 τῇ
592 5417 788 5490 ἀπειλῇ
813 5436 966 5484 τινας
985 5422 1044 5486 ἐξ
1065 5424 1223 5493 ἡμῶν
1246 5428 1309 5478 ἐκ
1337 5427 1569 5497 πτωχῶν
1592 5428 1827 5501 πλουτή-

254 5512 489 5586 σαντας·
525 5502 586 5568 ἐξ
613 5506 846 5579 ἀπορίας
895 5512 976 5574 εἰς
1013 5512 1274 5585 εὐπορίαν
1306 5516 1653 5586 ἐληλυθότας.
1694 5521 1827 5573 Δοῦο

251 5584 333 5639 λοι
382 5589 709 5662 ἐκυρὲευσαν
742 5599 837 5650 καὶ
866 5599 1123 5657 δεσπόται
1148 5605 1648 5680 κατεδουλώθησαν.
1674 5611 1734 5662 Oi
1767 5612 1824 5662 ἐν

249 5675 534 5748 πλατείαις
583 5686 676 5740 καὶ
727 5688 951 5762 ἀγοραῖς
989 5693 1422 5766 ἀναστραφέντες
1474 5675 1530 5753 ὲν
1597 5701 1822 5772 ἐρήμοις

1938 4534 2234 4600 cesserint,
2264 4536 2748 4609 horumjudicium
2780 4542 2931 4596 solus
2958 4542 3132 4598 Judex
3166 4543 3339 4606 novit,
3377 4555 3514 4596 utet

1936 4624 2299 4694 reliquorum,
2328 4644 2465 4697 quos
2484 4645 2678 4684 omnes
2698 4639 2886 4687 manet
2911 4648 3093 4702 paena,
3114 4634 3221 4688 nisi
3252 4635 3412 4698 seria,
3446 4649 3518 4687 ac

1935 4713 2143 4770 laboris
2172 4717 2333 4785 plena
2376 4721 2702 4790 paenitentia
2757 4722 3040 4778 Christum
3100 4725 3336 4780 confessi
3378 4741 3511 4779 eum

1934 4804 2359 4873 praedicaverint
2387 4825 2573 4864 coram
2629 4813 2915 4882 improbis,
2949 4830 3012 4868 ac
3044 4830 3102 4869 se
3120 4813 3269 4869 illius
3318 4831 3512 4872 servos

1933 4894 2162 4962 professi
2193 4896 2420 4955 fuerint.
2442 4899 2546 4967 Qui
2575 4904 2725 4957 enim
2751 4906 3030 4975 negaverit
3065 4921 3153 4960 me
3187 4922 3374 4961 coram
3407 4909 3508 4962 ho-

1933 4985 2199 5051 minibus,
2224 5004 2450 5046 necesse
2488 4992 2657 5048 habet
2692 5004 2752 5049 ut
2775 5003 2831 5049 et
2860 4986 3063 5049 iterum
3099 5011 3286 5050 coram
3306 4998 3506 5054 iisdem

1931 5077 2275 5134 confiteatur.
2310 5081 2682 5139 Tremendum
2714 5088 2859 5141 enim
2890 5087 2986 5141 Dei
3010 5087 3278 5157 judicium
3323 5104 3387 5144 ac
3419 5091 3505 5144 in-

1931 5179 2272 5240 corruptum,
2305 5189 2430 5229 cum
2463 5175 2518 5230 in
2548 5176 2823 5243 omnibus,
2859 5186 2974 5231 tum
3001 5177 3276 5248 prmeipue
3321 5179 3375 5233 in
3397 5196 3501 5234 no-

1929 5256 2053 5325 his;
2109 5250 2570 5335 singulariterque
2603 5267 2784 5337 majus
2818 5283 2982 5337 quam
3014 5275 3077 5322 ut
3104 5270 3500 5338 comprehendi

1926 5350 2119 5419 possit,
2167 5354 2312 5421 quod
2363 5354 2859 5424 impraesentiarum
2906 5359 3107 5430 agitur.
3164 5358 3301 5425 Quis
3348 5361 3499 5414 enini

1927 5455 2035 5496 non
2065 5452 2291 5512 stupore
2312 5444 2601 5516 deligatur,
2628 5449 2721 5518 qui
2740 5449 2926 5505 videat
2950 5451 3214 5521 quosdam
3242 5463 3495 5506 nostrum

1926 5528 2183 5584 saeviente
2215 5531 2310 5585 Dei
2349 5533 2427 5586 ira
2453 5549 2519 5587 ex
2570 5536 2912 5605 pauperibus
2938 5539 3112 5594 factos
3164 5539 3382 5602 divites,
3428 5557 3494 5595 ex

1924 5617 2110 5686 egenis
2142 5619 2381 5672 evasisse
2407 5620 2748 5691 locupletes?
2781 5625 2934 5680 Servi
2959 5626 3222 5681 dominati
3250 5639 3395 5689 sunt,
3430 5644 3494 5683 ac

1924 5703 2131 5759 domini
2179 5704 2235 5758 in
2267 5707 2587 5764 servitutem
2618 5710 2839 5768 redacti.
2889 5712 2989 5781 Qui
3047 5714 3098 5768 in
3130 5715 3351 5785 plateis,
3400 5715 3490 5771 fo-
