3960 6284
1865 314 1936 333 ww

258 407 387 473 32H
1280 424 1287 429 ’
1378 417 1475 477 DE
1504 417 1823 480 PERSICA
1861 423 2375 490 CAPTIVITATE.
3354 438 3499 501 32η

253 520 499 593 γράψητε
523 522 591 576 τά
620 522 908 593 λεγόμενα,
956 522 1209 592 δεόμεθα,
1240 523 1334 575 καὶ
1365 525 1793 593 παρακαλοῦμεν

1922 534 2104 602 probi,
2127 536 2318 601 nolite",
2346 554 2679 609 quaesumus,
2706 538 3169 611 οεόἰιεεοτειηυε,
3182 561 3246 603 ea
3263 564 3384 618 quae
3409 551 3497 607 di-

250 610 613 679 Καθάψασθαι
631 611 741 682 γὰρ
764 612 947 666 λοιπὸν
970 611 1079 664 τῶν
1114 611 1233 664 καθ’
1258 612 1406 680 ἡμᾶς
1436 613 1799 684 ῥᾳθυμοτέρωλ

1927 627 2100 682 cenda
2134 637 2282 693 sunt,
2312 630 2467 685 irrita
2509 631 2711 688 habere
2759 643 2816 690 et
2863 650 3144 706 aperuere.
3190 610 3322 696 Sum
3342 641 3493 701 enim

251 700 571 772 βουλόμεθα.
589 704 858 774 Πρότερον
878 704 935 757 δὲ
952 705 1080 774 περὶ
1103 703 1285 757 αὐτῶν
1309 703 1699 777 φθεγγώμεθα,
1730 710 1825 763 καὶ

247 791 534 862 ἀρχόμενοι
563 792 828 863 λέγωμεν.

313 965 616 1036 Εὐλογητὸς
648 966 719 1030 εἴ,
758 970 784 1021 ὁ
813 969 967 1031 Θεὸς,
1002 969 1030 1021 δ
1067 971 1130 1022 ὲκ
1174 971 1268 1023 τοῦ
1317 973 1393 1040 μὴ
1442 974 1592 1035 ὄντος
1625 978 1706 1038 εἰς
1761 976 1822 1028 τὸ

244 1053 379 1111 εἶναι
411 1059 745 1127 παραγαγὼν
765 1061 913 1130 ἡμᾶς
935 1077 947 1090 ·
979 1062 1006 1113 ὁ
1028 1063 1092 1114 ὲκ
1111 1061 1215 1129 γῆς
1256 1061 1582 1125 διαπλάσας.
1614 1067 1708 1117 καὶ
1736 1067 1820 1128 εἰς

244 1149 344 1218 γῆν
389 1151 768 1219 ἀποστρέφων,
822 1154 916 1205 καὶ
966 1153 1031 1204 ἐκ
1061 1153 1267 1221 ταύτης
1295 1151 1458 1209 πάλιν
1500 1154 1819 1225 παραδόξως

243 1239 487 1309 ἐγείρων.
521 1241 634 1311 Πρὸ
663 1242 881 1294 πάντων
927 1241 1161 1296 δυσωπῶ
1195 1246 1374 1299 πᾶσαν
1411 1243 1611 1313 ψυχὴν,
1648 1244 1816 1298 ἀκού-

148 1382 154 1388 ,
241 1345 405 1381 ουσαν
429 1332 556 1400 περὶ
585 1330 684 1399 τῆς
742 1331 1017 1401 ἡμετέρας
1048 1330 1423 1395 ἀποϐιώσεως,
1477 1337 1555 1396 εἰς
1595 1336 1816 1405 συμπά-

244 1418 392 1472 θειαν
422 1421 731 1491 κινηθῆναι,
757 1422 851 1475 καὶ
880 1422 973 1486 τὴν
998 1422 1132 1475 Θεὸν
1156 1423 1456 1486 αἰτεῖσθαι,
1486 1424 1633 1487 ὅπως
1665 1425 1815 1478 ἀθλί-

245 1528 408 1574 πτως,
454 1512 776 1576 ἀκινδύνως,
821 1514 1234 1583 ἀνεμποδίστως
1263 1515 1556 1585 παρελθεῖν
1593 1533 1661 1585 με
1713 1518 1815 1580 τὰς

242 1605 414 1674 ἀρχὰς
458 1606 551 1656 καὶ
585 1605 682 1667 τὰς
729 1605 1011 1668 ἐξουσίας
1043 1606 1139 1658 καὶ
1190 1607 1316 1669 τοὺς
1365 1607 1598 1676 πικροὺς
1641 1606 1813 1658 τελῶ.

241 1714 357 1762 νας,
378 1697 474 1749 καὶ
497 1699 946 1767 κοσμοκράτορας
989 1696 1086 1750 τοῦ
1121 1698 1283 1766 ἀέρος
1308 1697 1522 1763 τούτου,
1552 1699 1643 1752 καὶ
1666 1698 1809 1767 φθά-

1920 716 2033 785 jam
2074 733 2172 773 eos
2217 721 2679 789 reprehensurus,
2737 727 2829 795 qui
2881 727 2937 782 in
2998 730 3160 787 nobis
3212 735 3494 804 segniores

1922 818 2072 863 sunt.
2092 808 2253 863 Prius
2277 825 2408 865 vero
2435 811 2504 867 de
2524 813 2614 883 his
2631 814 2939 895 loquamur,
2966 835 3032 874 ac
3059 836 3366 877 sermonem
3397 836 3493 879 or-

1924 896 2167 952 diamur.
2204 910 2207 911 '
2622 904 2623 907 “
2682 956 2711 977 χ

1990 984 2319 1043 Benedictus
2343 1005 2425 1057 es,
2459 991 2624 1056 Deus,
2655 994 2871 1062 quinos
2895 1011 2962 1050 ex
2999 998 3175 1053 nihilo
3208 1002 3264 1054 in
3308 1018 3492 1059 rerum

1920 1083 2174 1130 naturam
2215 1079 2521 1148 produxisti
2556 1099 2568 1134 :
2616 1084 2712 1152 qui
2760 1100 2792 1138 e
2837 1092 2983 1139 terra
3018 1086 3285 1155 formasti,
3327 1091 3495 1161 inque

1922 1174 2126 1220 terram
2162 1168 2402 1235 reducis,
2427 1186 2492 1226 ac
2518 1188 2709 1228 rursus
2730 1189 2797 1227 ex
2822 1189 2890 1229 ea
2912 1172 3242 1233 mirabiliter
3261 1180 3489 1235 excitus.

1917 1250 1979 1305 In
2028 1253 2222 1321 primis
2266 1270 2421 1326 rogo,
2469 1259 2721 1327 quisquis
2756 1276 2939 1315 meum
2979 1263 3050 1317 ab
3095 1264 3354 1321 humanis
3394 1282 3490 1321 ex-

1916 1359 2130 1399 cessum
2184 1358 2528 1419 mortemque
2579 1353 2836 1418 audierit,
2867 1363 2931 1409 ut
2960 1357 3339 1415 misericordia
3372 1378 3490 1417 mos

1918 1445 2134 1500 veatur,
2165 1439 2536 1511 precibusque
2563 1442 2632 1497 ad
2663 1444 2833 1499 Deum
2860 1456 3006 1517 agat,
3047 1460 3130 1512 ut,
3163 1452 3313 1505 omni
3367 1469 3490 1508 mos

1914 1526 2092 1591 lestia,
2140 1530 2410 1598 periculo,
2484 1533 2877 1603 impedimento
2916 1540 3167 1604 solutus,
3218 1552 3488 1599 transeam

1914 1618 2258 1687 principatus
2286 1636 2354 1676 ac
2385 1631 2720 1691 potestates;
2769 1628 3111 1699 acerbosque
3142 1633 3485 1702 publicanos,

1912 1722 1976 1760 ac
1997 1709 2185 1763 mundi
2217 1718 2462 1768 rectores
2499 1714 2643 1768 aeris
2671 1714 2855 1786 hujus,
2899 1717 3251 1791 liberumque
3290 1732 3486 1778 nactus

242 1802 329 1837 σαι
370 1802 436 1854 με
467 1786 557 1837 τὸν
605 1787 744 1856 ἀέρα
772 1787 872 1855 τῆς
899 1787 1235 1858 ἐλευθερίας,
1283 1788 1377 1841 καὶ
1405 1788 1626 1859 Χριστῷ
1674 1789 1799 1858 μετᾶ

1911 1797 2359 1862 aerem,Christo
2393 1815 2519 1856 cum
2542 1802 2743 1859 ﬁducia
2775 1805 2958 1870 sistar,
2998 1823 3065 1863 ac
3086 1786 3260 1879 partis
3294 1828 3488 1867 eorum

238 1879 553 1949 παρρησίας
585 1878 1025 1949 παραπαθῆναι,
1055 1880 1152 1931 καὶ
1183 1878 1284 1947 τῆς
1333 1878 1443 1932 τῶν
1491 1880 1799 1950 σωζομένωι

1914 1887 2010 1956 qui
2039 1888 2217 1944 salute
2239 1890 2482 1947 donandi
2507 1902 2636 1949 sunt
2656 1894 2797 1950 eﬂici
2826 1866 3061 1953 merear.

240 1968 455 2038 μερίδος
476 1966 795 2039 ἀξιωθῆναι.

305 2056 554 2127 Ἔπειτα,
591 2062 740 2116 πᾶσα
775 2062 979 2132 σπουδὴ
1015 2064 1111 2116 καὶ
1164 2064 1313 2117 πᾶσα
1343 2066 1569 2118 πάντων.
1591 2068 1813 2136 φροντὶς

235 2152 457 2220 γένηται
486 2154 582 2206 καὶ
616 2153 900 2218 πόνος,ἴνα
921 2154 1095 2207 αἰτοῦ
1133 2154 1269 2207 Θεοῦ
1288 2155 1608 2224 Ἐκκλησιαι
1633 2157 1813 2224 φυλα-

235 2244 436 2315 χθῶσιν
478 2243 740 2311 ἀσειστοι,
770 2244 870 2315 τὴν
897 2245 1065 2316 ὀρθὴν
1091 2246 1276 2299 πίστιν
1328 2246 1647 2317 ἀμολύντως
1680 2265 1811 2302 κατ-

237 2336 477 2407 έχουσαι,
502 2337 595 2389 καὶ
618 2337 745 2399 τοὺς
769 2334 979 2389 ἑαυτῶν
1009 2337 1273 2407 ποιμένας
1292 2337 1423 2406 θεόφ
1433 2355 1589 2407 ρονας
1611 2355 1811 2409 κεκτη-

240 2428 414 2498 μέναι.
450 2428 626 2480 Ὅπου
653 2427 759 2497 γάρ
784 2428 812 2480 δ
845 2431 1052 2498 ποιμὴν
1096 2428 1324 2496 ἀγαθὸς.
1363 2429 1485 2481 ἐκεῖ
1508 2429 1603 2481 καὶ
1625 2429 1658 2497 ἠ
1692 2429 1811 2482 ποί-

239 2534 341 2588 μνη
369 2519 681 2586 ἀγάλλεται.
704 2518 880 2571 Ὅπου
904 2519 1110 2591 ποιμὴν
1125 2521 1287 2583 ὅσιος,
1308 2519 1428 2573 ἐκεῖ
1455 2518 1718 2590 σκιρτῶσι
1742 2520 1810 2573 τά

234 2611 502 2679 πρόϐατα.
538 2611 712 2663 Ὅπου
750 2610 954 2681 ποιμὴν
1010 2610 1295 2682 ἔμπειρος,
1328 2611 1448 2664 ἐκεῖ
1504 2608 1657 2664 λύκοι
1708 2612 1809 2665 οὐκ

236 2702 530 2772 ἰσχύουσιν.
548 2703 723 2756 Ὅπου
749 2703 1004 2756 εὐσέϐεια
1029 2703 1203 2768 ἀνθεῖ,
1234 2704 1352 2756 ἐκεῖ
1374 2705 1401 2758 ὁ
1416 2703 1544 2768 λαὸς
1565 2703 1804 2758 εὐπλοεῖ.

233 2795 344 2848 Kal
385 2794 490 2865 γὰρ
542 2794 842 2864 οὐδαμόθεν
891 2793 1159 2866 ἑτέρωθεν
1188 2794 1647 2862 κλυδωνιζόμεθα,
1690 2795 1806 2848 ἀλλ’

231 2885 311 2939 ὅτι
338 2887 387 2939 οἱ
410 2886 510 2956 μὲν
532 2886 717 2940 πολλοὶ
739 2885 850 2940 τῶν
878 2886 1163 2951 ποιμένων
1217 2886 1315 2940 καὶ
1343 2882 1693 2957 κυϐερνητῶν
1729 2887 1810 2952 ἑξ-

232 2976 446 3030 έλιπον·
479 2976 573 3030 καὶ
589 2977 742 3032 αὐτοὶ
757 2977 874 3031 δὲοὶ
898 2977 1370 3046 καταλειφθέντες,
1395 2977 1457 3033 οὗ
1486 2978 1687 3051 πολλὴν
1706 2980 1806 3050 τὴν

230 3063 482 3134 φροντίδα
529 3064 868 3135 κατέχουσιν,
899 3066 961 3119 οὺ
1000 3064 1202 3137 πολλὴν
1224 3067 1323 3138 τὴν
1352 3066 1624 3136 σπουδήνξ
1670 3067 1806 3122 ἀλλά

1986 2080 2145 2145 Tum,
2175 2084 2356 2138 omnis
2383 2084 2687 2154 diligentia,
2730 2085 3023 2157 omnisque
3044 2089 3289 2144 omnium
3330 2104 3485 2156 cura;

1912 2186 1977 2225 ac
2000 2173 2157 2228 labor
2205 2176 2552 2239 adhibeatur,
2601 2187 2661 2232 ut
2697 2178 2794 2233 Dei
2842 2179 3107 2236 Ecclesia:
3146 2176 3493 2239 inconcussa!
3536 2216 3561 2233 τι

1911 2266 2315 2329 custodiantur,
2357 2280 2561 2325 rectam
2617 2272 2778 2328 tidem
2831 2270 3122 2344 impollute
3160 2276 3484 2340 retinentes,

1910 2366 1975 2407 ac
2026 2355 2315 2424 religiosos
2356 2366 2606 2427 pastores
2658 2374 2789 2415 suos
2838 2361 3126 2417 habentes.
3180 2361 3282 2417 Ubi
3337 2361 3486 2415 enim

1910 2442 2094 2499 bonus
2120 2457 2329 2515 pastor.
2364 2449 2478 2503 illic
2499 2465 2722 2520 quoque
2746 2451 2987 2506 exsultat
3032 2466 3182 2521 grex.
3213 2450 3318 2506 Ubi
3354 2466 3483 2505 sano

1911 2546 2035 2590 ctus
2058 2545 2264 2605 pastor,
2314 2537 2427 2594 illic
2452 2540 2698 2610 gestiunt
2722 2553 2872 2595 oves.
2906 2540 3011 2596 Ubi
3035 2541 3246 2610 peritus
3275 2550 3482 2610 pastor,

1909 2622 2025 2681 illic
2089 2628 2235 2698 lupis
2312 2630 2459 2684 vires
2542 2630 2830 2686 deﬁciunt.
2900 2632 3004 2688 Ubi
3039 2632 3215 2702 pietas
3281 2632 3479 2691 ﬂoret.

1908 2715 2037 2793 illic
2067 2733 2156 2774 res
2204 2719 2351 2790 plebi
2402 2735 2665 2791 prospere
2710 2720 2943 2778 cedunt.
2987 2724 3102 2779 Nec
3139 2725 3287 2778 enim
3332 2722 3480 2777 aliud

1907 2809 2209 2881 quidquam
2258 2813 2313 2868 in
2356 2824 2520 2869 causa
2558 2822 2664 2881 est,
2697 2824 2759 2869 ut
2812 2816 2894 2871 sic
2936 2815 3270 2871 ﬂuctuemus
3318 2823 3483 2886 atque

1901 2901 2195 2971 iactemur,
2222 2919 2386 2975 quam
2413 2906 2541 2976 quia
2568 2920 2762 2977 magna
2813 2914 3098 2977 pastorum
3131 2922 3259 2977 pars
3287 2922 3351 2962 ac
3380 2916 3482 2978 gu-

1906 2993 2261 3049 bernatorum
2328 2996 2689 3052 defecerunt:
2746 2997 2960 3067 ipsique
3019 2997 3156 3052 adeo
3213 2997 3483 3052 hactenus

1909 3084 2116 3140 residui
2144 3101 2255 3140 non
2291 3087 2448 3142 valde
2475 3097 2693 3152 curant,
2731 3097 2829 3143 aut
2873 3089 3210 3160 diligentiam
3250 3090 3480 3143 multam

230 3155 475 3222 φίλαυτοι
501 3157 807 3224 γεγονότες,
845 3158 946 3210 οὐκ
989 3158 1234 3230 εὐχερῶς
1276 3157 1664 3229 προαιροῦνται
1705 3161 1799 3229 τὴν

1907 3178 2204 3245 adhibent;
2235 3179 2351 3245 sed,
2382 3179 2510 3234 facti
2538 3178 2623 3234 sui
2656 3194 2941 3250 perperam
2965 3155 3262 3242 amatores,
3282 3179 3481 3233 nolunt

225 3246 403 3316 ψυχὴν
425 3247 564 3318 ὑπὲρ
584 3247 692 3301 τῶν
714 3247 1004 3317 προϐάτων
1030 3248 1276 3304 τίθεσθαι
1295 3264 1311 3281 ⁸
1335 3250 1530 3314 ἀλλους
1547 3249 1799 3319 φωτίζειν

1907 3269 2065 3325 facile
2097 3285 2200 3340 pro
2231 3270 2427 3326 ovibus
2453 3271 2690 3326 animam
2714 3285 2954 3342 ponere:
2996 3271 3132 3325 alios
3165 3270 3480 3325 illuminare

228 3336 650 3407 ἐπιχειροῦντες,
703 3339 860 3393 αὐτοὶ
911 3339 1208 3408 ἀφώτιστοι
1259 3340 1657 3410 τυγχάνοντεςθ
1705 3344 1804 3395 ’καὶ

227 3426 370 3498 ὑπὲρ
397 3428 570 3482 ἄλλων
591 3428 725 3482 Θεὸν
776 3428 1130 3494 ἱκετεύοντες,
1158 3432 1611 3501 ἀπαρρησίαστον
1642 3430 1796 3486 ῑνδον

225 3517 287 3570 τὸ
315 3517 553 3581 συνειδὸς
585 3519 960 3590 περιέχουσινο
1004 3520 1081 3584 ὡς
1109 3522 1191 3585 εἰς
1218 3522 1415 3586 αὐτοὺς
1458 3523 1795 3593 πληροῦσθαι

223 3607 288 3661 τὸ
332 3608 437 3662 ὑπὸ
471 3608 566 3661 τοῦ
601 3611 807 3680 Κυρίου
850 3610 1160 3683 εἰρημένον,
1188 3611 1393 3680 Ἰατρὲ,
1426 3612 1803 3682 θεράπευσον

224 3697 505 3750 σεαυτόν.
528 3697 657 3761 Καὶ,
691 3699 951 3754 Ἔκϐαλε
975 3698 1211 3767 πρῶτον
1233 3701 1349 3767 τὴν
1368 3700 1555 3756 δοκὸν
1578 3703 1801 3770 ὀφθαλ-

219 3785 342 3854 μοῦ
368 3800 506 3851 σου,
536 3786 643 3843 ειθ·
674 3790 862 3856 οὕτως
885 3790 1202 3860 ἐμϐλέπεις
1227 3794 1315 3858 εις
1345 3792 1413 3846 τὸ
1440 3793 1669 3861 κάρφος
1691 3793 1799 3847 τοῦ

220 3879 491 3948 ἀδελφοῦ
522 3895 661 3935 σου.

304 3968 717 4024 Ἀκουσάτωσαν
736 3973 785 4025 οἱ
819 3972 1002 4043 ἱερεῖς,
1020 3976 1069 4027 οἱ
1097 3973 1187 4027 τὸν
1204 3974 1332 4029 λαὸν
1351 3977 1596 4045 ἀγιάζειν
1609 3975 1796 4046 λέγον-

214 4077 311 4124 τες
331 4077 344 4091 ·
371 4062 421 4114 oi
440 4064 505 4132 τῇ
533 4066 733 4134 φρικτῇ
757 4065 849 4116 καὶ
872 4066 1079 4135 φοϐερᾷ
1105 4063 1350 4138 ’τραπέζῃ
1371 4068 1788 4137 παριστάμενοι·

214 4155 266 4205 οἱ
327 4152 434 4204 τῶν
482 4154 732 4223 Σεραφὶμ
776 4155 1086 4224 μειζότερον
1130 4155 1350 4225 ἀξίωμα
1400 4156 1790 4228 περικείμενοι.

230 4244 467 4306 Ἐκεῖνος
498 4244 599 4297 οὐκ
626 4245 922 4314 ἐτόλμησεν
947 4248 1012 4315 τῇ
1042 4247 1185 4315 χειρὶ
1219 4246 1313 4298 τοῦ
1334 4248 1604 4318 ἄνθρακος
1654 4248 1794 4318 ἅψα-

217 4335 366 4398 σθαι,
384 4333 498 4387 ἀλλ’
518 4335 577 4388 ὲν
596 4336 662 4405 τῇ
691 4333 867 4386 λαϐἱδι
886 4335 1059 4402 τούτῳ
1084 4335 1480 4405 προσέψαυσενο
1503 4338 1567 4390 σὺ
1593 4336 1650 4390 δέ
1673 4341 1793 4402 ταῖς

212 4425 403 4493 χερσίν
425 4441 514 4478 σου
537 4427 657 4487 ταῖς
683 4424 935 4495 πηλίναις
956 4424 1025 4477 τὰ
1051 4428 1164 4487 τοῖς
1185 4426 1435 4496 Σεραφὶμ
1457 4428 1660 4481 ἀθέατα
1677 4429 1792 4481 δια-

1905 3363 2177 3429 nituntur,
2236 3377 2363 3418 cum
2406 3363 2510 3433 ipsi
2564 3364 2688 3441 luce
2765 3370 3020 3419 careant:
3080 3363 3357 3432 supplices
3408 3363 3478 3416 ad

1902 3455 2076 3508 Deum
2113 3470 2307 3524 preces
2337 3470 2436 3524 pro
2466 3455 2589 3509 aliis
2634 3453 2898 3519 offerunt,
2938 3455 3032 3523 qui
3074 3454 3476 3508 conscientiam

1903 3547 2053 3601 nulla
2097 3546 2391 3616 pollentem
2423 3545 2640 3609 fiducia,
2666 3546 2836 3599 nullis
2864 3546 3058 3599 fultam
3085 3545 3300 3599 meritis
3329 3544 3478 3597 intus

1898 3637 2331 3691 circumferant:
2369 3643 2431 3690 ut
2462 3636 2516 3689 in
2540 3636 2647 3690 illis
2672 3636 2990 3704 impleatur.
3013 3635 3158 3705 quod
3184 3651 3211 3689 a
3246 3634 3478 3690 Domino

1902 3724 2111 3779 dictum
2142 3732 2247 3790 est,
2281 3722 2500 3791 Modice,
2522 3741 2652 3779 cura
2676 3732 2724 3777 te
2750 3726 2922 3794 ipsum
2949 3724 3014 3777 “.
3042 3725 3110 3778 Et
3133 3740 3145 3776 :
3191 3724 3336 3794 Ejice
3357 3726 3474 3793 pri-

1903 3834 2047 3871 mum
2080 3818 2278 3871 trabem
2309 3819 2372 3871 de
2407 3818 2557 3872 oculo
2588 3827 2696 3885 tuo,
2749 3825 2963 3888 tumque
2991 3817 3181 3872 videbis
3217 3818 3473 3888 festucam

1901 3908 2086 3977 fratris
2113 3910 2189 3962 tui
2222 3907 2288 3961 ³⁸.

1967 4000 2187 4066 Audite,
2220 4001 2553 4063 sacerdotes,
2580 4002 2674 4070 qui
2703 3998 3047 4065 sanctificare
3077 4000 3296 4069 plebem
3340 4014 3471 4068 pro-

1897 4091 2168 4146 fitemini:
2202 4091 2294 4161 qui
2338 4091 2636 4146 tremendae
2669 4106 2732 4146 ac
2759 4090 3095 4145 formidabili
3142 4104 3344 4144 mensae
3380 4105 3471 4144 as-

1895 4181 2123 4247 sistitis;
2186 4182 2279 4251 qui
2328 4197 2440 4250 prae
2490 4180 2780 4252 Seraphim
2821 4183 3085 4251 majorem
3145 4180 3470 4249 dignitatem

1894 4273 2173 4327 consecuti
2199 4274 2352 4328 estis.
2380 4273 2475 4327 Ille
2504 4288 2616 4327 non
2641 4287 2809 4327 ausus
2838 4281 2922 4326 est
2966 4271 3260 4326 carbonem
3296 4286 3464 4325 manu

1894 4364 2231 4434 contingere,
2260 4364 2356 4418 sed
2395 4379 2520 4418 cum
2569 4364 2780 4433 forcipe
2829 4363 3054 4417 strinxit
3073 4363 3161 4414 “:
3224 4371 3280 4417 tu
3334 4378 3469 4417 vero

1893 4456 2058 4510 luteis
2089 4456 2197 4510 tuis
2247 4455 2505 4511 manibus
2540 4455 2822 4527 inaspecta
2863 4454 3153 4523 Seraphim
3208 4452 3467 4525 mysteria

206 4515 324 4577 δεῖς
348 4513 557 4587 [διδοῖς]
576 4516 868 4586 μυστήρια.
882 4516 1019 4568 [lota
1036 4532 1130 4568 σου
1150 4516 1257 4586 ἀρα
1273 4517 1307 4585 ὴ
1327 4515 1474 4580 δεξιά
1494 4517 1674 4588 ἐκείνη
1698 4519 1793 4571 ὑπ-

1907 4547 2202 4602 listribuis.
2242 4546 2499 4614 Quaenam
2523 4562 2653 4618 ergo
2692 4557 2785 4601 tua
2821 4546 2913 4600 illa
2957 4545 3180 4601 dextera
3219 4561 3339 4600 esse
3370 4545 3468 4601 de-

210 4607 403 4678 ἀρχειν
428 4606 657 4677 ὤφειλεῐ
685 4609 865 4677 Πόσην
895 4607 1240 4677 καθαρότητα
1274 4609 1333 4659 ὲν
1361 4609 1528 4678 ἑαυτῇ
1566 4610 1786 4678 περιϐε-

206 4699 466 4767 ϐλῆσθαι,
494 4699 589 4752 τοῦ
608 4698 836 4768 οὐρανοῦ
861 4699 1216 4768 ὑψηλοτέραν,
1247 4699 1355 4753 τῶν
1371 4698 1620 4768 ἀγγέλων
1643 4700 1782 4769 λαμ-

205 4789 504 4862 προτέραν,
526 4789 633 4842 τῶν
650 4790 929 4861 Χερουϐὶμ
951 4786 1509 4860 ἁγιωτέρανεῐθε,κάν
1524 4791 1624 4860 τῆς
1641 4793 1781 4843 ita-

203 4880 438 4950 θαρσίας
449 4881 873 4952 ἀπηλλαγμένην
889 4883 900 4934 l
917 4882 989 4933 Οὐ
1011 4882 1324 4951 φριττομεν,
1338 4881 1459 4934 εἰπέ
1479 4898 1588 4951 μοι,
1607 4882 1785 4933 τοιαύ-

199 4986 308 5041 της
321 4969 477 5040 δόξης
494 4973 550 5023 ὲν
565 4973 683 5033 ταῖς
699 4971 884 5041 χερσὶν
900 4972 1286 5042 ἑφαπτὸμενοι,
1303 4973 1393 5024 καὶ
1412 4970 1650 5022 τοιοῦτον
1669 4971 1780 5039 πῦρ

199 5063 530 5132 κατέχοντες
562 5062 946 5132 ἀπερχόμεθα;
979 5063 1300 5133 Κλέπτομεν
1320 5065 1378 5116 ὲν
1408 5064 1529 5125 ταῖς
1566 5066 1775 5132 χερσὶν,

197 5155 519 5225 κρατοῦμεν
560 5154 918 5224 ἀκαθαρσίας,
979 5153 1318 5223 ψηλαφώμεν
1364 5153 1432 5204 τὰ
1478 5152 1554 5221 μὴ
1602 5168 1775 5222 προσ-

196 5247 429 5316 ήκοντα,
463 5244 781 5317 ἀρτιάζομεν
807 5244 1073 5306 εει-αὑταῖς
1102 5244 1170 5317 τὰ
1191 5242 1445 5312 ἀλλότρια
1464 5259 1479 5274 ⁸
1496 5245 1772 5312 τῦπτομεν

190 5337 252 5388 ὲν
283 5336 475 5398 αὐταῖς
496 5316 585 5388 τὸν
619 5335 870 5403 ἀδελφὸν,
920 5316 1220 5403 μολύνομεν
1252 5336 1346 5384 καὶ
1373 5332 1673 5401 πισσοῦμεν
1704 5335 1770 5387 δι’

192 5429 385 5481 αὐτῶν
428 5430 521 5483 καὶ
542 5429 640 5499 τὴν
656 5428 856 5498 ψυχὴν,
890 5426 983 5478 καὶ
1007 5427 1069 5477 τὸ
1099 5424 1349 5494 πνεῦμαο
1382 5425 1477 5476 καὶ
1516 5423 1773 5493 ἐχόμεθα,

191 5520 298 5571 καὶ
323 5522 389 5591 τῇ
424 5522 624 5589 φρικτῇ
673 5516 922 5589 τραπέζῃ
973 5517 1070 5570 καὶ
1103 5516 1309 5586 φοϐερᾷ
1365 5516 1772 5585 παριστάμεοα,

190 5616 296 5664 καὶ
323 5619 392 5666 τά
420 5612 557 5681 μέλη
585 5610 677 5664 τοῦ
710 5608 947 5679 Χριστοῦ
973 5607 1377 5679 διαμερίξομεν.

270 5809 319 5841 ’⁸
348 5808 484 5863 Luc.
515 5825 587 5871 tv,
610 5808 700 5863 25.
811 5810 855 5839 ¹¹¹
893 5807 1027 5864 Luc.
1057 5825 1129 5871 Vl,
1164 5807 1254 5861 42.
1366 5807 1410 5857 ἐ
1437 5805 1539 5862 lsa.
1566 5820 1638 5872 γι,
1672 5805 1724 5861 6.

438 5904 711 5963 ΡΑτιιοι..
746 5902 862 5962 Gn.
900 5901 1240 5961 LXXXVI.

1893 4637 2078 4693 beret!
2103 4638 2276 4704 Quam
2308 4648 2590 4709 oporteret
2621 4638 2881 4708 praeferre
2927 4637 3277 4702 munditiam,
3322 4639 3464 4693 cmlo

1890 4725 2293 4787 sublimiorem,
2363 4725 2795 4795 splendidiorem
2862 4724 3093 4794 angelis,
3157 4723 3461 4779 Cherubim

1890 4816 2259 4871 sanctiorem!
2287 4824 2454 4885 atque
2485 4816 2696 4871 utinam
2730 4816 2817 4871 vel
2873 4813 3235 4870 immunditiae
3268 4826 3464 4884 pecca-

1889 4909 2041 4978 tique
2070 4907 2402 4962 immunem!
2432 4908 2550 4963 Non
2580 4908 2896 4966 horremus.
2921 4905 3138 4969 amabo,
3174 4905 3270 4975 qui
3296 4906 3464 4960 clari-

1889 5010 2054 5056 tatem
2101 5000 2373 5071 ejusmodi
2422 5000 2679 5055 manibus
2721 5006 3151 5060 contrectantes,
3197 5013 3263 5052 ac
3297 4998 3461 5051 talem

1886 5101 2140 5147 tenentes
2186 5092 2389 5162 ignem,
2431 5090 2818 5146 discedamus?
2862 5090 3132 5145 Furamur
3179 5089 3456 5151 manibus.

1884 5180 2291 5236 immunditiam
2346 5189 2616 5245 tenemus,
2677 5195 2799 5249 quae
2858 5179 3012 5233 nefas
3072 5185 3454 5240 attrectamus,

1879 5272 2055 5326 aliena
2080 5274 2343 5342 rapimus,
2367 5272 2563 5326 fratres
2592 5272 2890 5335 caedimus;
2924 5271 3118 5325 barum
3139 5285 3308 5339 opera
3334 5270 3454 5323 auia

1881 5378 2030 5418 mum
2089 5364 2457 5433 spiritumque
2488 5363 2806 5434 polluimus,
2838 5363 3104 5432 velutque
3134 5363 3257 5431 pice
3293 5361 3457 5415 obuio

1872 5469 2136 5525 gramus;
2191 5469 2255 5509 ac
2283 5455 2579 5510 tremenda
2602 5455 3047 5524 formidabilique
3075 5466 3278 5509 mensae
3310 5450 3452 5507 aestu

1873 5541 2091 5607 stimus,
2123 5551 2287 5612 atque
2311 5540 2517 5615 Christi
2544 5542 2791 5599 membra
2820 5542 3139 5597 dividimus.

2922 5898 3028 5959 102
