4010 6288
548 396 703 463 3243

1830 394 2139 456 INCERTI
2183 393 2557 456 AUCTORIS

3643 399 3754 464 321i

629 509 771 578 Quid
794 507 941 563 enim
959 509 983 563 ?
1003 508 1062 563 lu
1088 511 1315 565 macello
1338 519 1504 573 astas,
1548 507 1715 562 homo
1737 506 1761 560 ’ί
1800 507 1910 562 Eos
1943 506 2124 563 saltem

2304 506 2371 560 Τί
2399 508 2535 578 γάρς
2571 509 2657 561 Ἐν
2689 508 2943 581 μακέλλῳ
3004 509 3353 582 παρίστασαι,
3381 511 3624 582 ἄνθρωπε
3645 533 3657 579 ;
3681 516 3757 570 Mi-

560 600 778 654 imitare
805 599 900 668 qui
944 598 1110 668 regiae
1158 613 1361 653 mensae
1412 598 1723 663 assistunt;
1778 596 2128 664 corruptibili

552 690 660 754 iHi,
686 704 749 745 ac
777 690 1031 744 sensibus
1086 690 1369 758 expositae.
1410 689 1551 744 Num
1578 689 1726 744 enim
1764 702 1988 757 prorsus
2043 686 2133 740 hic

551 791 840 838 terrenum
868 780 1000 851 quid
1032 781 1212 852 agitur
1238 781 1416 837 ?Num
1462 794 1692 850 prorsus
1735 779 1988 833 sublimis
2017 777 2133 833 elli-

558 872 740 928 ceris?
763 870 998 925 Omnino
1025 872 1080 925 in
1103 880 1269 937 terra,
1286 886 1395 925 non
1417 871 1470 924 in
1494 886 1619 925 aere
1645 868 1903 925 consistis
1923 870 1946 922 ί
1970 870 2131 937 quin-

556 964 670 1018 imo
695 963 748 1017 in
776 964 937 1027 etelo,
969 978 1071 1017 nec
1104 962 1159 1016 id
1194 963 1378 1028 modo,
1424 962 1519 1017 sed
1562 972 1821 1032 tanquam
1847 959 2130 1014 Dominico

554 1055 679 1124 ipso
725 1055 927 1107 throno
973 1053 1258 1118 assistens,
1278 1050 1357 1105 sic
1390 1059 1441 1106 te
1484 1054 1719 1107 horrore
1763 1068 1828 1107 ac
1889 1061 2127 1106 tremore

555 1143 694 1197 allici
723 1142 1034 1211 oportebat.
1060 1141 1130 1196 Et
1153 1142 1285 1211 quid
1325 1143 1472 1206 dico,
1507 1150 1768 1212 tanquam
1797 1141 1997 1195 throno
2019 1141 2127 1193 Do-

555 1234 802 1288 minico?
825 1232 949 1287 Scio
979 1233 1168 1302 plures
1192 1233 1444 1287 mordere
1474 1249 1594 1303 quae
1620 1233 1877 1296 dicimus,
1908 1231 2004 1286 sed
2021 1230 2129 1284 dici

554 1335 620 1374 ca
652 1333 878 1374 necesse
910 1328 996 1374 est
1025 1320 1095 1374 ob
1117 1334 1182 1374 ea
1205 1336 1326 1390 qua:
1357 1331 1647 1390 geruntur.
1675 1321 1770 1375 Est
1794 1320 1943 1375 enim
1981 1334 2130 1373 nunc

550 1412 720 1466 animi
748 1426 1125 1477 commonere,
1150 1412 1329 1482 deque
1366 1413 1551 1467 divina
1589 1414 1693 1468 hac
1742 1430 1806 1468 ac
1842 1414 2128 1468 incruenta

554 1505 733 1560 hostia
761 1505 1149 1570 disserentem,
1173 1505 1462 1559 horrorem
1492 1505 1758 1559 incutere.
1791 1506 1951 1560 Forte
1980 1505 2126 1559 enim

554 1594 881 1664 quibusdam
907 1608 938 1647 e
965 1608 1025 1648 re
1057 1601 1205 1648 esset
1240 1594 1311 1648 ab
1354 1610 1420 1649 ea
1473 1595 1662 1664 procul
1707 1595 1991 1650 absistere.
2040 1594 2126 1648 Si-

554 1684 775 1754 quidem
804 1685 951 1738 enim
985 1684 1052 1749 is,
1079 1684 1172 1753 qui
1204 1684 1422 1755 indigne
1448 1684 1816 1739 manducatet
1848 1684 1988 1740 bibit
2018 1684 2127 1739 Do-

549 1777 816 1833 minicum
846 1793 1066 1848 corpus,
1095 1777 1365 1848 judicium
1395 1779 1501 1833 sibi
1555 1779 1847 1833 manducat
1872 1786 1928 1833 et
1949 1779 2122 1845 bibit;

2237 614 2407 666 μησαι
2437 599 2540 651 κᾶν
2564 601 2690 663 τοὺς
2704 603 2762 652 ὲν
2784 602 3030 674 τραπέζῃ
3059 601 3309 675 βασιλικῇ
3340 607 3752 675 παρισταμένους,

2233 693 2299 761 τῇ
2336 692 2570 761 φθαρτῇ,
2596 694 2661 762 τῇ
2692 692 2944 764 αἰσθητῇ.
2983 695 3161 758 Ὃλως
3193 695 3304 765 γὰρ
3341 690 3445 749 ὧδε
3468 694 3689 763 ἐπίγειόν
3717 715 3753 749 τι

2232 783 2499 845 ποιεῖται;
2562 780 2780 852 [ἐννοῶν
2834 783 3142 855 όφείλειςς]
3201 786 3338 848 ὅλως
3396 786 3669 856 μετάρσιος
3709 787 3754 838 οὑ

2231 868 2354 942 γίνῃ
2380 885 2395 935 ;
2422 869 2558 931 ὅλως
2584 871 2676 922 ἐπὶ
2712 874 2835 942 γῆς,
2865 872 2957 923 καὶ
2984 873 3085 925 οὑκ
3113 875 3170 924 ὲν
3196 872 3274 939 τῷ
3309 873 3427 939 ἀέρι
3451 888 3467 937 ;
3523 872 3696 941 μᾶλλον
3714 872 3756 928 δὲ

2230 961 2287 1013 ὲν
2315 960 2392 1027 τῷ
2412 961 2626 1031 οὐρανῷ
2646 981 2658 994 ·
2682 965 2779 1015 καὶ
2812 963 2872 1015 οὺ
2939 964 3120 1032 μόιιον,
3144 963 3260 1018 ἀλλ’
3293 964 3369 1027 ὡς
3419 965 3570 1035 αὐτῷ
3599 965 3665 1033 τῷ
3688 969 3757 1017 Δε-

2232 1052 2474 1123 σποτικῷ
2513 1052 2684 1123 θρόνῳ
2729 1046 3158 1125 παριστάμενίκ,
3184 1055 3357 1118 οὕτως
3412 1057 3649 1126 φρίττειν
3689 1056 3759 1110 καὶ

2231 1144 2455 1213 τρέμειν
2505 1145 2687 1213 ἐχρῆν.
2721 1146 2833 1197 Καὶ
2873 1145 2926 1198 τί
2964 1147 3129 1214 λέγω,
3155 1146 3231 1208 ὡς
3275 1149 3334 1199 ὲν
3366 1148 3445 1216 τῷ
3493 1147 3653 1216 θρόνῳ
3687 1149 3760 1198 Δε-

2230 1231 2506 1302 σποτικῷς
2568 1229 2699 1286 Οἶδα
2750 1234 2836 1286 ὅτι
2887 1234 3116 1297 πολλοὺς
3181 1234 3366 1287 δάκνει
3403 1233 3474 1286 τά
3516 1234 3759 1304 λεγόμενα,

2229 1321 2347 1375 ἀλλ’
2397 1323 2607 1394 ἀνάγκη
2665 1312 2900 1395 ῥηθῆναι
2949 1325 3038 1378 διὰ
3091 1324 3161 1378 τά
3208 1325 3476 1396 λεγόμενα
3522 1324 3762 1396 [tanni-

2233 1410 2410 1482 μενα].
2437 1413 2707 1484 Βούλομαι
2738 1416 2846 1487 γὰρ
2870 1416 3175 1488 ὑπομνῆσαι
3204 1416 3321 1479 νῦν,
3356 1417 3455 1470 καὶ
3492 1416 3760 1483 δυσωπῆσαι

2230 1504 2358 1573 περὶ
2384 1504 2584 1575 ταύτης
2610 1506 2705 1576 τῆς
2731 1506 2883 1572 θείας
2917 1508 3014 1561 καὶ
3039 1509 3378 1578 ἁναιμάκτου
3413 1508 3616 1570 θυσίας.
3644 1508 3760 1574 Τάχα

2229 1592 2334 1663 γάρ
2373 1609 2481 1644 τισι
2527 1594 2822 1664 συνέφερεν
2871 1597 3088 1667 μακράν
3127 1597 3331 1668 ταύτης
3374 1597 3679 1666 ἀπέχεσθαι.
3714 1597 3761 1649 El

2229 1683 2336 1753 γὰρ
2363 1685 2390 1735 6
2421 1683 2653 1749 ἀναξίως
2683 1686 2876 1740 ἐσθίων
2903 1688 2997 1740 καὶ
3025 1688 3196 1743 πίνων
3233 1689 3296 1741 τὸ
3320 1689 3417 1742 τοῦ
3455 1689 3647 1760 Κυρίου
3683 1688 3763 1740 σῶ-

2233 1791 2330 1843 μα,
2353 1776 2525 1844 κρῖμα
2544 1776 2722 1847 ἐαυτῷ
2739 1778 2904 1832 ἐσθίει
2934 1780 3028 1834 καὶ
3048 1780 3214 1832 πίνεν
3240 1780 3295 1833 τί
3316 1780 3507 1835 λοιπὸν
3522 1783 3551 1833 6
3578 1778 3764 1844 ἀναξίως

553 1871 686 1941 quid
711 1873 823 1942 jam
858 1843 1073 1939 ille—qui
1095 1843 1324 1941 indigne
1353 1886 1480 1924 cum
1509 1871 1807 1936 ministrat,
1859 1879 1973 1924 tum
2006 1843 2124 1951 ‘su-V

2228 1843 2509 1929 διακονῶν,
2563 1867 2659 1919 καὶ
2694 1843 3126 1939 μεταλαμϐάνων
3150 1887 3167 1937 ;
3194 1872 3303 1924 Καὶ
3344 1872 3449 1924 οὐκ
3490 1843 3763 1938 αίδούμεθα,

552 1962 688 2016 mit?
719 1961 837 2015 Non
884 1960 1071 2029 pudet,
1106 1961 1198 2029 qui
1254 1961 1499 2014 exterius
1537 1967 1716 2015 vestes
1761 1974 2124 2025 assumamus,

552 2064 746 2105 manus
774 2050 1042 2113 lavemus,
1071 2047 1270 2102 calceis
1323 2062 1587 2102 ornemus
1616 2046 1803 2116 pedes,
1857 2045 2016 2100 faciei
2062 2059 2127 2098 ac

550 2142 718 2211 capiti
780 2140 1035 2193 decorem
1114 2140 1467 2203 asciseamus,
1539 2138 1747 2193 mundo
1816 2137 2126 2207 fulgeamus

555 2233 781 2296 amictu,
813 2229 1074 2297 intusque
1101 2227 1307 2283 diaboli
1336 2228 1466 2285 vitia
1496 2226 1668 2281 induti
1700 2226 1894 2291 simus,
1922 2233 2121 2281 totum-

550 2339 662 2393 que
691 2320 1147 2377 contenebratum
1175 2319 1442 2382 animum,
1481 2331 1546 2372 ac
1580 2325 1786 2372 vestem
1831 2317 1951 2386 ejus
1994 2330 2127 2370 con-

553 2420 867 2483 spurcatam
900 2411 1238 2475 habeamus;
1270 2410 1362 2478 qui
1397 2409 1660 2463 nimirqu
1685 2409 1794 2478 jam
1820 2407 2125 2476 incorpore

553 2518 619 2557 ac
656 2501 917 2557 exteriori
944 2515 1166 2570 pompa,
1189 2514 1303 2554 non
1325 2498 1380 2552 in
1402 2497 1606 2568 spiritu
1638 2512 1704 2552 ac
1737 2496 1969 2552 veritate
2010 2496 2125 2550 Do-

553 2593 705 2646 mino
729 2589 1078 2647 serviamus?

630 2683 804 2738 Vultis
816 2691 870 2738 et
888 2682 1046 2735 aliam
1075 2689 1390 2735 nostrorum
1402 2677 1747 2734 sacerdotum
1763 2675 2127 2731 miserabilio-

560 2787 676 2826 rem
709 2770 1073 2825 calamitatem
1124 2783 1420 2836 casumque
1448 2781 1833 2836 exsequamur,
1864 2765 2020 2835 cujus
2042 2763 2128 2817 vel

555 2860 671 2929 ipsa
700 2859 911 2915 auditio
943 2864 1151 2912 metum
1195 2872 1259 2911 ac
1295 2865 1562 2911 terrorem
1586 2854 1748 2909 facit?
1772 2853 2010 2911 Audiant
2032 2851 2126 2921 qui

546 2952 825 3015 laborant,
855 2965 916 3003 ac
943 2948 1327 3003 emendentur.
1363 2948 1590 3002 Praestat
1617 2946 1763 3000 enim
1795 2960 1824 2999 a
1854 2960 1909 2999 re
1945 2945 2128 2998 divina

549 3042 843 3103 absistere,
880 3054 1069 3108 quam,
1105 3053 1230 3092 cum
1255 3036 1331 3091 illi
1379 3036 1621 3100 intersis,
1647 3036 1837 3090 oculos
1869 3036 1920 3088 in
1961 3033 2129 3088 facies

2228 1955 2424 2022 ἔξωθεν
2458 1959 2557 2028 μὲν
2583 1959 2661 2031 τῷ
2688 1961 2899 2027 σώματι
2925 1960 3359 2027 ἐξαλλάττοντες,
3393 1963 3489 2015 καὶ
3509 1966 3680 2032 χεῖρας
3705 1961 3766 2013 νί-

2229 2064 2474 2115 πτοντες,
2527 2050 2622 2102 καὶ
2657 2051 2823 2115 πόδας
2846 2051 3164 2122 ὑποδήμασι
3213 2053 3567 2120 κοσμοῦντες,
3596 2053 3679 2106 καὶ
3714 2052 3766 2104 τὰ

2226 2140 2514 2209 πρόσωπα,
2549 2141 2645 2195 καὶ
2676 2141 2777 2211 τὴν
2826 2141 3070 2213 κεφαλὴν
3106 2142 3571 2207 καλλωπίζοντες·
3598 2142 3766 2195 ἔνδυσιν

2229 2228 2473 2299 καθαρὰν
2507 2231 2604 2284 καὶ
2632 2232 3051 2303 ἁστράπτουσαν
3095 2234 3337 2302 ἐχοντεςο
3393 2234 3596 2289 ἔσωθεν
3618 2233 3688 2296 δὲ,
3714 2234 3763 2301 τῇ

2225 2318 2368 2391 ψυΧῇ
2404 2320 2475 2374 τὰ
2511 2320 2658 2387 πάθη
2702 2322 2799 2376 τοῦ
2846 2323 3093 2377 διαϐόλου
3131 2326 3527 2395 ἠμφιεσμένοι,
3555 2325 3643 2379 καὶ
3667 2323 3765 2390 ὅλην

2226 2410 2324 2480 τὴν
2347 2410 2520 2480 ψυχὴν
2549 2414 2959 2482 ὲσκοτισμένην,
2994 2415 3089 2467 καὶ
3140 2415 3237 2485 τὴν
3268 2415 3477 2483 ἐσθῆτα
3505 2416 3666 2484 αὐτῆς
3693 2429 3765 2483 με·

2231 2500 2573 2571 μολυσμένην
2604 2500 2847 2571 ἔχοντας’
2890 2505 2948 2558 ἐν
2979 2506 3192 2576 σώματι
3236 2505 3425 2560 λοιπὸν
3457 2505 3553 2558 καὶ
3581 2506 3761 2575 θεωρίᾳ,

2226 2592 2324 2644 οὑκ
2348 2592 2404 2643 ὲν
2430 2592 2703 2661 πνεύματι
2738 2597 2836 2648 καὶ
2862 2595 3088 2668 ἀληθείᾳ
3111 2597 3189 2666 τῷ
3212 2596 3406 2667 Κυρίῳ
3427 2597 3759 2660 δουλεύοντξῆ

2302 2680 2566 2734 Βούλεσθε
2620 2684 2922 2752 γυμνώσω,
2955 2687 3046 2739 καὶ
3095 2686 3289 2758 ἑτέραν
3326 2687 3443 2740 τῶν
3492 2687 3609 2740 καθ’
3646 2686 3760 2754 ἡμᾶς

2227 2772 2353 2835 τοὺς
2381 2773 2542 2841 ἱερεῖς
2569 2772 2939 2845 ὲλεεινοτᾱτην
2962 2777 3265 2846 συμφορὰν,
3287 2778 3384 2830 καί
3400 2779 3433 2847 ἡ
3465 2779 3597 2845 ἀκοὴ
3614 2777 3761 2845 φὸΰος.

2224 2862 2324 2913 καὶ
2384 2863 2585 2932 τρόμος
2641 2864 2974 2934 καθέστηκες
3017 2866 3389 2919 ’Δκουέτωσαν
3412 2868 3466 2919 oi
3502 2865 3759 2923 νοσοῦντες.

2222 2953 2325 3005 καὶ
2352 2951 2802 3023 διορθοὺσθωσαν.
2845 2957 3101 3026 ’Ἄμεινον
3148 2959 3255 3025 γὰρ
3312 2960 3414 3027 τῆς
3466 2953 3762 3025 λειτουργίας

2226 3043 2586 3111 ἀφίστασθαι,
2608 3045 2642 3115 ἢ
2672 3048 2728 3098 ἐν
2758 3046 2896 3116 αὐτῇ
2935 3045 3065 3099 ὅντα
3082 3047 3210 3109 τοὺς
3229 3045 3546 3117 ὀφθαλμοὺς
3595 3047 3665 3106 είς
3687 3043 3761 3103 τὰς

555 3133 788 3188 decoras
836 3131 1226 3197 .forinososque
1279 3129 1466 3181 vultus
1502 3142 1668 3196 vagos
1708 3128 1934 3196 jactare.
1985 3125 2124 3179 Con-

2230 3133 2340 3187 τῶν
2370 3133 2674 3201 προσώπων
2721 3137 3027 3207 εὐμορφίας
3087 3138 3411 3208 ῥέμϐεσθαι.
3448 3139 3648 3209 Φρίξον,
3690 3134 3762 3187 ἄν·

556 3223 831 3283 tremisce,
875 3221 1038 3274 homo
1065 3237 1080 3283 ;
1108 3219 1162 3273 in
1189 3227 1345 3273 terrae
1383 3217 1759 3286 penetralibus
1792 3215 2014 3276 abdere.
2058 3230 2124 3269 ne

2232 3224 2417 3294 θρωπε
2438 3240 2452 3254 ο
2481 3226 2559 3287 είς
2579 3225 2683 3293 γῆν
2707 3227 3057 3297 καταδύθητι,
3083 3228 3159 3298 μὴ
3181 3229 3443 3284 κατελθὸν
3466 3230 3573 3300 πῦρ
3593 3226 3763 3281 ἀναλώ-

544 3315 698 3385 ignis
751 3311 1095 3367 descendens
1155 3316 1445 3364 consumat
1512 3316 1585 3362 te.
1638 3306 1919 3375 Siquidem
1979 3305 2125 3360 enim

551 3408 726 3462 Moses
769 3420 890 3458 cum
938 3402 1005 3455 ad
1049 3411 1332 3456 terrenum
1380 3398 1580 3453 rubum
1640 3398 1800 3452 vellet
1842 3396 2123 3462 accedere,

542 3499 819 3553 hactenus
844 3491 1384 3565 prohibetur,douec
1405 3490 1582 3545 solvat
1599 3489 2033 3544 calceamentum
2057 3488 2123 3554 ’7;

542 3588 751 3659 potiori
782 3601 882 3641 nos
927 3587 1088 3656 longe
1149 3582 1365 3637 ratione
1422 3581 1518 3651 qui
1570 3580 1779 3650 angelis
1824 3579 2127 3649 inaspecta-

545 3681 1050 3741 bilcmcernamus,
1074 3682 1502 3738 contrectemus,
1526 3686 1825 3735 sumamus,
1853 3669 2126 3724 solvamus

550 3784 773 3826 necesse
805 3780 888 3823 est
919 3775 1135 3822 mortua
1191 3766 1358 3818 animi
1391 3779 1555 3833 opera
1594 3778 1658 3817 ac
1690 3762 1904 3817 factoris
1939 3762 2119 3831 plena.

552 3861 746 3916 Rubus
777 3859 923 3912 enim
963 3855 1204 3927 mysticae
1236 3855 1403 3924 hujus
1451 3869 1654 3908 mensae
1685 3851 1852 3922 ﬁgura
1874 3869 1888 3905 :
1912 3852 2123 3906 calcea-

552 3968 738 4011 menta
773 3968 925 4016 vero,
952 3951 1120 4022 figura
1155 3957 1533 4020 peccatorum.
1573 3946 1936 4002 Tremendam
1982 3946 2125 4000 hanc

552 4061 668 4100 rem
701 4059 912 4099 sacram
953 4042 1227 4096 reveritus
1264 4039 1458 4103 David,
1490 4039 1702 4093 aiebat:
1742 4037 1950 4092 Lavabo
1985 4038 2124 4090 inter

549 4138 849 4190 innocentes
877 4147 1064 4185 manus
1098 4146 1261 4188 meas.
1306 4137 1354 4182 et
1392 4127 1721 4182 circumdabo
1760 4126 1933 4181 altare
1955 4135 2120 4192 tuum,

548 4225 774 4279 Domine
809 4223 875 4275 ".

622 4313 1036 4384 Exnergiscere,
1071 4311 1258 4364 homo.
1315 4309 1386 4364 Ut
1429 4307 1561 4377 quid
1593 4307 1678 4361 his
1729 4304 1820 4375 qui
1856 4304 2123 4360 accedunt

546 4407 671 4461 ais:
703 4403 906 4470 Corpus
941 4410 988 4453 et
1020 4401 1238 4468 sanguis
1258 4398 1397 4468 Agni
1429 4397 1540 4459 Dei.
1572 4399 1711 4467 quod
1742 4397 1834 4450 tibi
1865 4402 2026 4449 datur
2063 4398 2119 4449 in

2234 3331 2314 3368 σει
2350 3331 2428 3369 σε.
2450 3316 2521 3377 Ei
2562 3317 2672 3386 γὰρ
2692 3320 2754 3386 τῇ
2791 3318 3019 3387 ἐπιγείῳ
3046 3318 3193 3390 βάτῳ
3231 3320 3592 3390 προσεγγίσαι
3637 3316 3762 3384 θελὴο

2235 3420 2333 3467 σας
2358 3405 2596 3475 Μωὺσῆς
2617 3445 2631 3468 ,
2664 3406 2933 3460 κωλύεται
2962 3410 3119 3488 ἄχρις
3142 3403 3203 3463 οὗ
3231 3409 3387 3463 λύσει
3427 3411 3491 3463 τὸ
3525 3408 3757 3476 ὑπόδημα,

2231 3493 2381 3564 πόσῳ
2407 3510 2470 3563 γε
2495 3494 2692 3564 μᾶλλον
2713 3498 2873 3566 ἡμεῖς
2896 3499 2987 3552 τὸν
3004 3499 3257 3568 ἀγγέλοις
3291 3500 3527 3554 ἀθέατον
3545 3498 3758 3569 ὁρῶντες.

2229 3584 2324 3637 καὶ
2377 3583 2757 3654 ψηλαφῶντες,
2814 3589 2909 3640 καὶ
2941 3589 3478 3659 μεταλαμϐάνοντες,
3513 3588 3759 3659 ὀφείλομεν

2224 3671 2385 3728 λῦσαι
2420 3674 2489 3729 τὰ
2527 3676 2695 3747 νεκρὰ
2737 3679 2830 3730 καὶ
2850 3679 3064 3743 ὀζοδὶας
3091 3680 3328 3752 γέμοντα
3382 3680 3525 3750 ἔργα
3564 3678 3650 3747 τῆς
3680 3673 3759 3741 ψ’δ·

2221 3775 2344 3847 Χῆς·
2374 3775 2558 3839 Τύπος
2597 3775 2697 3846 τῆς
2736 3774 3015 3846 τραπέζης
3065 3774 3165 3845 τῆς
3220 3775 3505 3845 μυστικῆς
3532 3776 3565 3844 ἡ
3590 3768 3752 3843 βάτοςί

2221 3865 2388 3927 τύπος
2411 3864 2467 3916 δὲ
2497 3863 2606 3916 τῶν
2644 3864 3061 3935 ἁμαρτημάτων
3087 3864 3156 3916 τὰ
3197 3863 3546 3934 ὑποδὴματα.
3577 3859 3756 3925 Ταύτην

2222 3956 2321 4022 τὴν
2348 3953 2586 4025 φοϐερὰν
2614 3954 2954 4025 λειτουργίαν
3002 3954 3166 4009 Δαϐὶδ
3192 3955 3418 4025 τρέμων
3450 3955 3655 4022 ελεγενο
3678 3949 3759 4002 Νί-

2223 4048 2411 4115 ψομαι
2432 4047 2502 4099 ὲν
2529 4045 2744 4112 ἀθώοις
2775 4046 2884 4112 τὰς
2932 4045 3137 4114 χεῖράς
3160 4063 3302 4116 μου,
3350 4046 3470 4115 καὶ,
3507 4039 3760 4100 κυκλώσει

2223 4136 2292 4191 τὸ
2322 4137 2760 4209 θυσιαστήριόν
2789 4152 2930 4204 σου,
2969 4139 3167 4209 Κύριε.

2307 4307 2625 4379 Ἀνάνηψον,
2661 4308 2933 4378 ἄνθρωπε.
2968 4308 3033 4360 Τί
3063 4311 3174 4370 τοῖς
3223 4309 3670 4380 προσερχομένας
3687 4304 3753 4357 λέ-

2226 4416 2364 4469 γεις,
2379 4398 2550 4469 Σῶμα
2570 4400 2669 4453 καί
2690 4395 2833 4467 αἷμα
2854 4399 2960 4452 τοῦ
2974 4400 3181 4468 Ἀμνοῦ
3196 4399 3302 4452 τοῦ
3324 4399 3476 4454 Θεοῦ
3492 4395 3756 4467 διδόμενόν

542 4495 911 4551 remissionem
943 4490 1317 4562 peccatorum?
1339 4488 1480 4555 Quid
1517 4489 1700 4543 dicis?
1737 4489 1920 4542 Alium
1948 4503 2115 4543 cona-

2228 4506 2320 4544 σοι
2342 4491 2430 4552 εἰς
2455 4487 2676 4557 ἄφεσιν
2702 4486 3021 4555 ἀμαρτιών;
3053 4488 3116 4540 Τί
3149 4488 3329 4556 λέγεις
3356 4506 3370 4554 ;
3402 4489 3591 4541 ’Δλλον
3611 4481 3755 4539 καθαί-

543 4589 630 4641 ris
650 4581 974 4643 emundare,
997 4596 1100 4635 nec
1119 4580 1214 4635 tibi
1230 4594 1419 4633 curam
1444 4578 1627 4649 geris?
1652 4576 1715 4631 In
1740 4578 2118 4643 remissionem,

550 4678 710 4740 dicis,
752 4680 1112 4744 peccatorum;
1152 4680 1319 4735 actu,
1366 4669 1480 4739 ipsa
1508 4668 1890 4740 mysteriorum
1923 4669 2126 4737 imper-

542 4769 772 4829 .titione,
816 4765 917 4819 tibi
974 4764 1091 4832 ipse
1138 4769 1487 4832 peccatorum
1543 4762 1801 4831 ntajorem
1853 4762 2124 4815 sarcinam

548 4861 719 4916 facis?
747 4860 935 4928 Cogita
970 4856 1307 4913 tremendam
1353 4855 1498 4909 illam
1525 4870 1767 4911 mensam
1812 4870 1981 4909 coenae
2006 4869 2124 4924 my-

548 4953 718 5013 Sticse,
741 4950 1313 5018 inveniesquecuncta
1336 4946 1495 5001 nobis
1516 4947 1568 5000 in
1588 4962 1652 5000 ea
1677 4944 1887 5015 figurali
1911 4945 2120 4999 ratione

549 5042 810 5114 praedicta
829 5039 1344 5102 fuisscNideamus,
1370 5036 1623 5113 obsecro,
1637 5036 1856 5106 singuli,
1870 5050 1975 5104 qua
1994 5034 2120 5089 huic

548 5134 759 5189 ratione
788 5133 1125 5193 assistamus,
1157 5129 1387 5185 nevforte
1405 5145 1505 5183 nos
1526 5144 1745 5198 quoque
1779 5128 1930 5180 velut
1951 5125 2119 5182 .ludas

547 5227 823 5283 Christum
853 5223 1193 5293 spiritalibus
1219 5221 1421 5277 Judaeis
1456 5221 1772 5290 prodamus.
1806 5219 1942 5274 Cum
1976 5218 2122 5272 enim

547 5333 674 5375 cum
699 5334 766 5374 eo
796 5326 1073 5373 morantes
1106 5315 1249 5369 inter
1281 5314 1360 5369 rei
1405 5330 1575 5370 sacrze
1626 5312 1966 5368 tremendam
1997 5312 2122 5367 fun-

548 5422 788 5466 ctioncm
834 5407 1304 5477 sacrificiumque,
1362 5408 1542 5462 locum
1584 5405 1798 5461 Satame
1853 5405 1909 5458 in
1958 5405 2122 5461 corde

551 5510 740 5554 nostro
759 5496 1096 5562 dederimus,
1121 5496 1256 5551 nihil
1282 5495 1465 5550 minus
1485 5495 1588 5564 ipsi
1614 5492 1959 5548 tradidimus.
1980 5493 2123 5560 Quid

554 5602 680 5643 vero
725 5587 890 5643 etiam
938 5584 1113 5655 pelvis
1162 5585 1253 5641 ille
1303 5583 1669 5640 formidabilis
1718 5583 2003 5651 admonet,
2060 5600 2122 5640 ac

660 5767 703 5797 "
728 5763 901 5822 E\0d.
932 5778 1011 5833 ut,
1045 5758 1130 5821 3f
1213 5765 1259 5800 ³⁸
1295 5764 1449 5821 Psal.
1484 5778 1606 5830 xxv,
1639 5761 1690 5817 6.

2222 4596 2332 4651 ρειν
2350 4580 2667 4650 ἐπιχειρεῖς,
2693 4580 2786 4631 καὶ
2807 4578 2981 4649 ἑαυτῷ
3004 4579 3064 4630 οὑ
3087 4579 3388 4649 φροντίζεις
3413 4583 3551 4645 ςΕὶς
3578 4576 3755 4644 ἄρρεσιν

2218 4668 2518 4739 ἁμαρτιῶν
2541 4669 2736 4735 λέγεις,
2755 4671 2850 4722 καὶ
2872 4672 2935 4723 σὺ
2957 4668 3270 4740 προσθήκην
3295 4670 3576 4741 ἁμαρτιῶν
3619 4667 3694 4720 καὶ
3713 4664 3753 4712 ἐν

2222 4761 2360 4829 αὐτῇ
2381 4762 2448 4829 τῇ
2473 4760 2753 4829 μεταδόσει
2788 4758 3028 4831 ὲργάζῃ;
3069 4760 3349 4830 Ἐννόησον
3388 4761 3493 4830 τῆς
3525 4757 3752 4831 τραπέζης

2224 4853 2438 4922 ἐκείνης
2473 4852 2571 4921 τῆς
2601 4853 2837 4921 φοϐερᾶς
2868 4852 2960 4906 τοῦ
2988 4852 3205 4906 δείπνου
3244 4853 3339 4906 τοῦ
3374 4850 3625 4921 μυστικοῦ
3646 4844 3751 4920 [κατ’

2224 4943 2460 5014 ἔλλειψιν
2478 4942 2592 5007 τοῦ,
2609 4960 2675 4994 πε
2683 4941 2780 5013 pl],
2795 4944 2888 4996 καὶ
2898 4942 3150 5013 εὑρήσεις
3164 4944 3221 4995 ὲν
3239 4945 3329 4995 ὲκε
3338 4944 3430 5012 ίνῳ
3442 4943 3643 4997 ἅπαντα
3655 4935 3752 5003 ἡμῖν

2225 5036 2472 5096 τυπικῶς
2491 5032 3115 5104 προειρημένα.”1δωμεν
3130 5033 3365 5086 δυσωπῶ
3377 5035 3599 5094 ἕκαστος
3615 5025 3750 5098 ἡμῶν.

2228 5127 2344 5190 πῶς
2392 5128 2451 5179 ὲν
2498 5126 2669 5195 ταύτῃ
2720 5124 3118 5195 παριστάμεθα,
3158 5126 3353 5194 μήπως
3387 5126 3480 5179 καὶ
3528 5125 3668 5192 ἡμεῖς
3699 5115 3750 5175 ὡς

2242 5219 2440 5281 Ἰούδας
2466 5219 2556 5270 τὸν
2589 5216 2824 5286 Χριστὸν
2849 5219 2960 5279 τοῖς
2993 5220 3199 5286 νοητοῖς
3239 5217 3512 5280 Ἰουδαίοις
3537 5210 3751 5283 προδίδω-
3788 5242 3793 5251 ι

2232 5327 2350 5382 μεν.
2374 5312 2543 5363 Ὅταν
2575 5308 2685 5378 γὰρ
2708 5307 2804 5360 σὺν
2841 5306 2988 5376 αὐτῷ
3003 5307 3374 5377 ,διατρίϐοντες
3408 5309 3466 5376 εν
3494 5308 3557 5377 τῇ
3589 5296 3751 5370 φοϐερᾷ

2227 5400 2536 5471 λειτουργίᾳ
2563 5400 2655 5451 καὶ
2684 5399 2864 5468 θυσίᾳ,
2888 5397 3072 5467 χώραν
3098 5395 3175 5465 τῷ
3202 5398 3415 5467 Σατανᾷ
3452 5395 3684 5462 δὼσωμεν
3708 5387 3750 5438 δν

2228 5496 2294 5565 τῇ
2330 5493 2524 5563 καρδίᾳ
2564 5494 2629 5562 τῇ
2656 5491 2924 5560 ἡμετέρᾳ,
2947 5489 3096 5542 οὐδὲν
3133 5478 3296 5554 ἦττον
3326 5488 3419 5542 καὶ
3466 5489 3615 5559 ἡμεῖς
3641 5496 3746 5538 παρ’

2231 5583 2535 5654 εδώκαμεν.
2561 5582 2631 5645 Τί
2643 5581 2697 5634 δὲ
2726 5581 2819 5635 ita“.
2839 5583 2867 5634 6
2884 5578 3083 5650 νιπτὴρ
3108 5579 3136 5630 ὁ
3163 5579 3390 5649 φοϐερὸς
3420 5580 3563 5650 ἡμᾶς
3585 5574 3744 5629 ἐκεῖνυς
