4010 6288
557 405 696 470 3247
1698 416 1701 419 ‘
1807 398 2116 459 INCERTI

2245 397 2531 458 [CTORIS
3662 394 3783 457 '3238

561 532 648 582 qui
699 528 916 567 numera
964 509 1184 564 libenter
1242 509 1503 578 accipiant!
1559 507 1627 561 “.
1686 505 1863 560 Nolite
1914 513 2141 575 propter
2177 521 2405 561 munera
2455 505 2545 575 jus
2570 501 2830 568 vendere,
2854 516 2923 557 ne
2989 512 3244 575 tanquam
3281 504 3486 559 Christi
3529 503 3787 563 tendite":

558 604 766 675 judicio
804 603 1025 657 obnoxii
1058 602 1195 656 sitis.
3490 608 3493 611 '

632 694 692 748 lu
721 708 977 763 magnum
1012 706 1203 747 revera
1237 690 1473 747 stadium
1523 689 1767 759 provecti
1818 689 1973 754 estis,
2027 703 2138 759 quo

2313 685 2404 748 Είς
2437 682 2579 753 μέγα
2617 683 2835 754 ἀληθῶς
2896 685 3131 753 σκάμμα
3174 684 3512 754 προήχθητε,
3565 686 3779 757 ὀξυτέραν

557 783 866 853 promptior
895 783 1068 837 salute
1116 782 1383 845 interitio,
1442 781 1723 851 animique
1754 780 1987 835 exitium
2041 780 2133 835 sit.

2248 777 2370 847 ἕχον
2412 776 2515 845 τὴν
2546 775 2824 830 ἀπώλειαν
2872 776 3013 845 ὑπὲρ
3061 777 3161 845 τὴν
3217 777 3517 845 σωτηρίαν.
3552 779 3610 830 Ei
3633 781 3782 849 γὰρτό

557 872 613 926 Si
655 870 876 941 quidem
920 870 1065 924 enim
1108 871 1345 940 ingentis
1402 868 1631 939 periculi
1672 869 1755 923 sui
1804 867 1980 938 ipsius
2024 867 2139 937 pri-

2245 866 2439 919 ὲαυτοῦ
2468 869 2649 936 κρῖμα
2673 864 2858 919 δοῦναι
2883 865 3131 923 κίνδυνος
3167 864 3340 934 μέγας
3367 866 3684 936 γαθέστηκε,
3714 872 3782 921 πό-

557 969 861 1030 vatumque
911 959 1183 1031 judicium
1233 968 1340 1023 est,
1393 968 1599 1028 quanto
1660 959 1833 1028 magis
1886 968 1948 1012 ut
2011 957 2138 1028 quis

2247 973 2325 1025 σῳ
2357 973 2419 1024 γε
2454 955 2654 1025 μᾶλλον
2692 955 2783 1008 καὶ
2816 954 2910 1007 τοῦ
2936 953 3067 1008 λαοῦ
3092 972 3105 1018 ;
3130 954 3378 1024 Νήψατε.
3416 956 3504 1007 ὅτι
3534 956 3673 1023 ἔχετε
3718 962 3784 1011 καὶ

557 1053 722 1107 etiam
758 1048 950 1119 populi
1000 1050 1225 1104 nomine
1269 1049 1587 1120 judicetur?
1634 1049 1891 1119 Vigilate,
1920 1064 2046 1102 nam
2076 1056 2135 1102 et

2248 1048 2404 1116 ὑμεῖς
2427 1049 2485 1099 ὲν
2504 1047 2751 1113 οὐρανοῖς
2784 1042 3014 1098 Βασιλέα
3039 1044 3148 1096 ⁸ι’ῶν
3182 1043 3473 1112 βασιλέων,
3500 1048 3594 1098 καὶ
3625 1049 3787 1117 limi-1

559 1159 658 1198 vos
686 1159 906 1213 quoque
932 1143 1135 1213 Regem
1175 1155 1385 1210 regum,
1418 1140 1668 1194 Judicem
1714 1140 1987 1210 judicum,
2032 1140 2138 1194 Do-

561 1235 771 1288 minum
800 1235 1155 1289 dominorum
1184 1232 1241 1285 in
1266 1231 1422 1286 caelis
1439 1230 1656 1285 habetis
1683 1250 1695 1283 :
1724 1231 1789 1283 In
1819 1248 1922 1301 quo
1934 1230 2136 1301 judicio

556 1318 940 1385 judicaveritis,
957 1319 1335 1390 jadicabimini
1361 1335 1378 1372 :
1412 1328 1458 1371 et
1490 1320 1544 1371 in
1574 1334 1679 1388 qua
1704 1334 1947 1371 mensura
1972 1318 2137 1371 mensi

558 1409 786 1475 fueritis,
820 1410 1128 1461 remetietur
1160 1410 1300 1461 vobis
1339 1408 1406 1463 ³⁸.
1454 1407 1529 1462 De
1554 1407 1712 1461 vobis
1739 1408 2131 1463 admonemur:

560 1497 733 1551 Nolite
769 1498 1028 1566 conﬁdere
1054 1499 1109 1550 in
1144 1498 1486 1566 principibus,
1519 1498 1573 1550 in
1599 1496 1725 1565 ﬁliis
1753 1498 2044 1560 hominum,
2080 1498 2135 1549 in

562 1588 744 1658 quibus
776 1606 875 1641 non
912 1598 988 1641 est
1019 1587 1167 1641 satus
1192 1588 1256 1640 ³⁸.
1295 1588 1372 1641 Ac
1415 1588 1573 1656 plane
1614 1588 1832 1641 merito.
1876 1587 2007 1641 Nam
2041 1586 2136 1655 qui

562 1677 733 1731 salvat
765 1676 1024 1742 animam,
1078 1677 1192 1731 Deo
1239 1669 1518 1730 conditori
1565 1677 1761 1731 similis
1800 1693 1813 1729 :
1871 1692 2000 1745 ergo
2038 1675 2132 1745 qui

561 1768 796 1821 animam
822 1767 1025 1837 perdit,
1063 1769 1216 1823 velut
1260 1767 1514 1821 diabolus
1561 1767 1875 1821 destructor
1902 1766 2134 1820 exsistit.

561 1858 698 1913 Vide
729 1875 797 1913 ne
821 1875 896 1915 te.
943 1859 1037 1928 qui
1072 1875 1372 1929 purpuram
1422 1873 1486 1912 ac
1512 1858 1764 1912 diadema
1797 1859 2020 1913 indutus
2039 1858 2135 1922 sis,

562 1950 815 2004 diabolus
852 1952 906 2004 in
932 1950 1248 2020 superbiam
1277 1959 1421 2021 agat.
1474 1951 1597 2006 Noli
1635 1950 1781 2005 enim
1804 1965 1871 2004 eo
1915 1948 2139 2003 nomine

561 2041 782 2110 gloriari
807 2082 822 2106 ,
862 2040 957 2095 sed
987 2049 1160 2095 treme
1189 2057 1254 2096 ac
1285 2043 1436 2097 time.

634 2131 771 2185 Num
802 2131 1002 2185 audisti
1030 2135 1124 2201 qui
1153 2133 1262 2187 ait:
1307 2132 1553 2186 Potentes
1597 2140 1834 2203 potenter
1879 2139 2145 2186 tormenta

563 2226 831 2294 patientur
853 2221 938 2275 ‘7?
966 2223 1047 2277 Ad
1072 2222 1304 2278 salutem
1340 2239 1436 2277 vos
1458 2223 1645 2292 populi
1666 2222 1930 2277 Dominus
1955 2222 2147 2292 pmic-

563 2318 659 2384 eit,
688 2332 796 2371 non
824 2315 889 2369 ad
914 2314 1315 2384 perditionem;
1343 2322 1718 2383 utegenorum
1743 2314 2141 2379 misereamini,

564 2424 674 2461 non
700 2414 759 2461 ut
781 2420 974 2461 eorum
1012 2420 1102 2459 res
1146 2405 1390 2474 rapiatis.
1422 2404 1605 2460 Vitam
1652 2420 1682 2459 a
1729 2406 1978 2461 criminis
2021 2405 2147 2460 labe

565 2495 1094 2569 puram,pra3positi,
1120 2496 1404 2559 assumite,
1422 2511 1513 2562 ne,
1538 2511 1664 2549 cum
1689 2496 1826 2550 alios
1846 2495 2145 2551 admonere

566 2605 788 2645 necesse
835 2588 975 2651 erit,
1040 2586 1477 2642 eonfundamiui.
1525 2588 1811 2657 lncrepate
1848 2588 2144 2657 inquietos,

567 2679 815 2734 iulirmos
851 2676 1250 2740 misereamiui,
1282 2676 1350 2730 iis
1383 2676 1477 2745 qui
1526 2675 1815 2730 oﬂ‘endunt
1857 2675 2145 2745 ignoscite,

568 2774 622 2826 in
663 2787 760 2826 eos
784 2772 879 2842 qui
922 2786 1033 2825 non
1089 2769 1455 2823 emendantur
1500 2762 1951 2831 animadvertite,
1983 2783 2146 2838 pere-

566 2864 757 2932 grinos
820 2861 1123 2931 suscipite,
1198 2860 1415 2915 viribus
1476 2858 1754 2915 destitutis
1817 2859 2144 2914 ministrate.

569 2955 690 3008 Noli
719 2954 902 3007 dicere
932 2970 942 3003 :
988 2952 1101 3005 Rex
1129 2966 1270 3006 sum.
1305 2950 1385 3005 Ne
1419 2950 1653 3004 dixeris:
1703 2949 1834 3005 Sum
1871 2950 2144 3019 princeps,

570 3052 667 3099 aut
699 3052 882 3112 caput.
938 3040 1169 3106 Quando
1212 3056 1277 3095 ea
1327 3050 1380 3094 te
1428 3040 1698 3095 modestia
1752 3040 2008 3117 demittes
2040 3054 2147 3109 qua

570 3133 856 3195 Dominus,
888 3132 986 3201 qui
1020 3146 1122 3185 nec
1146 3146 1433 3185 servorum
1478 3130 1807 3201 dedignatus
1843 3139 1928 3184 est
1980 3129 2151 3200 pedes

569 3225 793 3279 lavare?

642 3317 821 3371 Vultis
849 3315 1134 3372 ostendam
1158 3316 1315 3371 vobis
1339 3331 1464 3372 cum
1494 3317 1637 3388 regis
1664 3332 1878 3382 vocem,
1906 3325 2018 3371 tum
2054 3332 2144 3386 pa-

2321 3323 2583 3377 Βούλεσθε
2627 3323 2755 3393 ὑμῖν
2785 3320 2944 3389 δείξω
2993 3319 3087 3374 καὶ
3122 3318 3386 3389 βασιλέως
3412 3318 3509 3373 καὶ
3560 3318 3780 3387 πατριάρ·

570 3406 868 3461 ιτίτιτοιιιεῗ
908 3407 1075 3462 David
1109 3407 1332 3477 quidem
1378 3379 1596 3463 aiebat“:
1640 3408 1750 3479 Ego
1786 3379 1903 3462 sum
1933 3379 2143 3471 vermis,

2250 3433 2345 3485 χου
2381 3414 2563 3483 φωνάς
2699 3414 2797 3484 μὲν
2828 3379 2992 3466 saeta
3023 3379 3228 3482 Elaver
3424 3414 3539 3483 ειμι
3560 3379 3780 3471 σκώληξ.

570 3503 619 3547 et
651 3510 752 3545 non
783 3494 977 3558 homo;
1014 3494 1351 3565 opprobrium
1383 3495 1655 3548 hominum
1695 3504 1743 3547 et
1769 3494 1992 3564 abjectio
2032 3493 2144 3564 ple-

2250 3506 2346 3560 καὶ
2377 3508 2486 3560 οὐκ
2513 3505 2844 3574 ἄνθρωπος’
2876 3505 3110 3572 ὄνειδος
3151 3504 3501 3574 ἀνθρώπων,
3533 3504 3621 3557 καί
3648 3499 3779 3564 ἐξου-

567 3585 646 3639 ὑὶε
680 3585 748 3638 ⁸⁸.
785 3586 1058 3639 Abraham
1106 3601 1269 3641 vero:
1307 3588 1417 3656 Ego
1462 3603 1579 3641 sum
1623 3593 1788 3651 terra,
1834 3595 1884 3639 et
1921 3587 2050 3639 cinis
2078 3586 2144 3642 ³⁹.

2248 3600 2475 3667 θένημα
2521 3598 2695 3653 λαοῦ.
2747 3598 2807 3650 '0
2856 3599 2913 3652 δὲ
2972 3599 3251 3670 Ἀϐραάμο
3280 3599 3431 3667 Ἐγώ
3469 3594 3662 3666 ειμιτῆ
3707 3590 3776 3644 καί

572 3676 844 3730 Similiter
869 3677 1036 3731 etiam
1062 3676 1302 3731 Joannes
1326 3677 1570 3747 Baptista
1618 3677 1800 3731 aiebat
1826 3696 1839 3731 :
1878 3676 1999 3732 Non
2030 3693 2144 3731 sum

2248 3689 2500 3754 σποδός.
2530 3689 2760 3759 Ὁμοίως
2789 3691 2882 3742 καὶ
2924 3691 2953 3743 ὁ
2985 3688 3296 3761 Βαπτιστὴς
3342 3689 3595 3756 Ἰωάννης
3617 3685 3775 3748 ἔλεγεν·

572 3764 760 3832 dignus
808 3773 862 3816 ut
895 3763 1099 3817 solvam
1130 3765 1415 3834 corrigiam
1459 3764 1808 3818 calceamenti
1832 3764 2044 3819 Christi
2070 3764 2141 3816 ‘°.

2252 3783 2374 3833 οὐκ
2405 3780 2522 3849 εἰμὶ
2558 3779 2726 3846 ἄξιος
2751 3781 2851 3833 ἵνα
2878 3779 2984 3833 τὸν
3016 3779 3229 3849 ἱμάντα
3261 3780 3437 3834 λύσω
3460 3776 3565 3833 τοῦ
3596 3769 3773 3831 exodi?-

570 3855 877 3908 Andiamus
926 3867 1241 3908 sanctorum
1304 3854 1651 3915 modeStiam,
1702 3865 1757 3908 et
1802 3855 2144 3908 aemulemur.

2245 3887 2432 3939 ματος
2459 3870 2719 3940 Χριστοῦ.
2773 3870 3122 3940 Ἀκούσωμεν
3170 3871 3270 3943 τὴν
3295 3869 3405 3923 τῶν
3440 3869 3604 3937 ἁγίων
3630 3858 3777 3915 rami.

572 3944 966 4009 Quamobrem,
1005 3944 1190 4008 homo,
1219 3943 1389 3997 altum
1422 3943 1612 4011 sapis?
1645 3942 1722 3996 Eo
1754 3942 1974 3996 nomine
1998 3941 2144 4011 quod

2248 3979 2434 4030 νωοιν,
2464 3963 2560 4016 καὶ
2595 3961 2945 4033 ζηλώσωμεν.
2973 3963 3068 4027 Εἰς
3098 3962 3152 4016 τί
3190 3941 3627 4032 μ-εγαλοφρονεῖς,
3651 3951 3687 4008 ὦ
3706 3955 3773 4006 ἄν·

570 4052 666 4089 rex
697 4035 793 4097 sis,
824 4034 970 4104 quod
1011 4036 1319 4098 thesauros,
1345 4033 1670 4096 exercitum,
1690 4047 1878 4087 servos
1906 4031 2144 4087 habeas?

2250 4050 2434 4121 θρωπε
2463 4039 2579 4115 ςείς
2614 4031 2860 4122 βασιλέα,
2900 4053 2932 4124 ἢ
2964 4056 3043 4118 είς
3083 4031 3409 4124 θησαυροὺς,
3432 4054 3467 4125 ἢ
3503 4054 3577 4114 είς
3601 4043 3773 4118 στρατά-

573 4127 718 4197 quod
749 4127 920 4180 forma
953 4136 1198 4195 pt'agstes,
1230 4125 1378 4195 quod
1408 4126 1487 4180 sis
1528 4124 1833 4180 substantia
1880 4125 2144 4194 locuples.

2249 4144 2409 4209 πεδα,
2433 4143 2465 4212 ἢ
2492 4144 2573 4206 είς
2600 4143 2876 4211 δουλείαν;
2908 4145 2988 4208 είς
3030 4145 3245 4208 κάλλος,
3279 4144 3310 4212 ἢ
3343 4145 3425 4205 είς
3452 4139 3690 4210 Euasit»;
3716 4133 3773 4190 εἷς

574 4218 718 4285 quod
744 4215 1009 4285 sapientia
1044 4217 1343 4285 ingenuus,
1383 4215 1530 4286 quod
1575 4215 1786 4285 pollens
1814 4214 2144 4283 prudentia?

2248 4233 2461 4303 σοφίαν,
2490 4234 2522 4303 ἢ
2545 4236 2621 4298 είς
2649 4235 2939 4306 φρόνησιν;
2957 4236 3066 4289 Καὶ
3090 4236 3172 4298 τίς
3200 4236 3229 4287 ὁ
3250 4233 3421 4286 ταῦτα
3439 4232 3637 4293 δὼσαςς
3659 4221 3772 4282 Τῐςό

2243 1139 2350 1191 τῶν
2368 1139 2571 1208 κριτῶν
2593 1153 2609 1168 ο
2636 1138 2905 1206 Δικαστὴν
2930 1136 3040 1188 τῶν
3067 1135 3360 1199 δικαστῶν,
3391 1140 3491 1189 καὶ
3511 1137 3697 1207 Κύριον
3710 1141 3786 1190 τῶν

2243 1228 2468 1297 κυρίων,
2512 1228 2615 1281 Ἐν
2643 1220 2691 1292 ᾧ
2738 1228 2972 1295 κρίματι
3019 1228 3272 1295 κρίνετε,
3305 1226 3685 1296 κριθήσεσθε
3717 1232 3785 1285 καί

2241 1319 2313 1372 ἐν
2358 1312 2407 1385 ᾧ
2442 1319 2637 1388 μέτρῳ
2660 1318 2926 1388 μετρεῖτε
2949 1359 2966 1383 ,
3013 1319 3454 1388 μετρηθήσεται
3501 1322 3655 1389 ὑμῖν.
3682 1324 3789 1389 Περὶ

2246 1409 2400 1477 ὑμῶν
2430 1411 2941 1481 παραγγελλόμεθα,
2981 1411 3078 1479 Μὴ
3102 1413 3449 1466 πεποιθέναι
3491 1414 3581 1465 ἐπ’
3624 1414 3789 1481 ἄρχον-

2242 1519 2368 1566 τας,
2395 1502 2493 1554 ἐπὶ
2527 1502 2695 1567 υἱοὺς
2737 1502 3068 1571 ἀνθρώπων
3094 1498 3184 1569 οἷς
3212 1506 3321 1557 οὐκ
3348 1505 3525 1557 ἔστιν
3553 1508 3786 1571 σωτηρία.

2242 1595 2354 1647 Καὶ
2405 1593 2549 1663 μάλα
2604 1594 2852 1657 είκότως,
2900 1595 2959 1647 '0
2992 1595 3092 1664 μὲν
3137 1596 3246 1665 γὰρ
3275 1596 3459 1665 ψυχήν
3508 1596 3700 1659 σώζων,
3737 1596 3789 1647 ibi

2243 1684 2376 1746 Θεὸς
2406 1686 2434 1735 ὁ
2471 1685 2692 1748 κτίζων·
2722 1684 2918 1737 οὐκοῦν
2943 1685 3170 1754 όψυχὴν
3206 1684 3545 1756 [ἀπολλύων]
3568 1687 3786 1739 uernam.

2242 1776 2318 1835 ti);
2345 1776 2586 1840 διάϐολος
2607 1778 2637 1829 ὁ
2663 1778 2967 1831 καταλύων.
3004 1779 3147 1848 Ὅρα
3177 1780 3251 1850 μή
3287 1796 3347 1832 σε
3385 1780 3480 1832 τὸν
3505 1782 3600 1849 τὴν
3626 1780 3789 1851 «opai:

2249 1888 2347 1940 ραν
2400 1872 2493 1926 καὶ
2542 1873 2604 1925 τὸ
2652 1873 2894 1943 διάδημα
2950 1873 3330 1943 περικείμενον
3413 1875 3729 1945 ὲξεπαιρέτω
3770 1878 3790 1925 ὁ

2243 1962 2504 2026 διάϐολος.
2550 1964 2641 2033 Μὴ
2688 1965 2796 2034 γὰρ
2843 1964 2930 2017 διὰ
2981 1964 3137 2016 τοῦτο
3173 1965 3617 2038 numam-6111:]:
3642 1966 3789 2033 90656,

2184 2044 2223 2096 Β
2254 2052 2350 2105 καὶ
2375 2052 2564 2122 τρέμε.

2318 2144 2433 2196 Οὐκ
2458 2144 2693 2214 ἤκουσας
2713 2141 2808 2195 τοῦ
2840 2142 3107 2210 λέγοντος,
3133 2144 3378 2196 Δυνατοί
3406 2142 3679 2208 δυνατῶς
3692 2145 3788 2196 ἐτο-

2246 2235 2733 2300 σθήσονται;Είς
2773 2232 3047 2302 σωτηρίαν
3068 2232 3163 2286 τοῦ
3205 2233 3336 2286 λαοῦ
3387 2237 3416 2288 ὁ
3456 2234 3653 2304 Κύριος
3678 2237 3786 2304 ἡμᾶς

2248 2324 2640 2396 προεστήσατο,
2665 2324 2767 2376 οὐκ
2800 2323 2885 2386 εἰς
2917 2323 3211 2377 ἀπώλειαν.
3240 2324 3344 2377 Τοῦ
3372 2325 3546 2377 ἐλεεῖν
3572 2326 3685 2387 τοὺς
3702 2325 3785 2376 δεο-

2251 2415 2465 2485 μένους,
2528 2416 2588 2467 οὐ
2633 2414 2815 2484 μέντοι
2874 2415 3222 2486 ἀφαρπάζειν
3248 2415 3317 2469 τὰ
3368 2416 3482 2468 τῶν
3533 2415 3781 2485 δεομένων.

2251 2506 2576 2574 Ἀμεμπτον
2605 2504 2718 2575 βίον
2774 2505 3092 2570 ἀναλάϐετε,
3128 2507 3178 2558 οἱ
3231 2506 3598 2574 προεστῶτες,
3631 2508 3704 2559 ἵνα
3730 2507 3784 2576 μὴ

2247 2597 2467 2666 ἑτέρους
2522 2596 2917 2659 νουθετοῦντες,
2976 2596 3332 2666 ὲντρέπεσθε.
3397 2597 3527 2660 Τοῖς
3576 2596 3782 2657 ἀτάκτοις

2248 2688 2537 2755 ἐπιτιμᾶτε
2560 2703 2573 2717 ’
2605 2687 2719 2749 τοῖς
2753 2686 3007 2738 ἀσθενέσι
3034 2683 3398 2756 συμπαθεῖτε’
3420 2689 3535 2754 τοῖς
3577 2687 3781 2739 πταίουσι

2250 2776 2653 2845 συγγινώσκετε
2678 2794 2691 2808 '
2708 2780 2819 2840 τοῖς
2843 2777 3193 2844 ἀδιορθὼτοις
3215 2777 3583 2848 ἐπεξέρχεσθε
3605 2795 3615 2807 ·
3640 2777 3780 2843 ξένους

2248 2866 2573 2938 είσδέχεσθεο
2592 2867 2873 2932 ἀδυνάτοις
2902 2867 3221 2923 διακονεῖτε.
3241 2867 3335 2938 Μὴ
3358 2871 3543 2940 εἴπῃς·
3569 2868 3781 2929 Βασιλεύς

2249 2963 2393 3029 είμι·
2430 2960 2504 3030 μὴ
2537 2959 2729 3032 εἶπῃςο
2752 2957 2970 3030 Ἄρχων
2991 2960 3024 3029 ἦ
3047 2960 3278 3030 κεφαλή.
3314 2961 3456 3013 Πότε
3480 2974 3781 3028 ταπεινοφρο-

2249 3048 2433 3117 νήσεις
2454 3044 2707 3101 τοσοῦτον
2733 3047 2858 3100 ὅσον
2878 3050 2906 3100 ὀ
2928 3046 3150 3120 Κύριος,
3173 3048 3232 3111 ὃς
3246 3048 3348 3101 οὐκ
3378 3047 3677 3117 ἀπηξίωσεν
3690 3047 3780 3099 δοῦ-

2249 3138 2356 3191 λων
2381 3139 2549 3203 πόδας
2580 3139 2731 3208 νίψαι
2759 3160 2773 3209 ;

579 4312 908 4378 Ῐεῖιξίιιι’5;131η
955 4309 1071 4363 inec
1130 4307 1322 4361 dedit?
1374 4306 1624 4376 quisnam
1671 4305 1898 4359 tribuit?
1957 4305 2150 4360 Nonne

576 4400 870 4455 Christus?
922 4398 1062 4453 Num
1111 4398 1203 4451 illa
1256 4397 1546 4452 nobiscum
1610 4398 1774 4451 nata?
1838 4397 1978 4451 Num
2043 4412 2149 4450 una

583 4491 866 4545 nobiscum
924 4487 1388 4558 proficiscentur?
1443 4487 1585 4542 Num
1632 4488 1721 4542 illa
1764 4487 2152 4543 condidimus?

576 4580 1037 4649 Haudquaquam.
1119 4577 1261 4643 Quin
1328 4578 1433 4633 etsi
1510 4578 1846 4649 accepimus,
1912 4592 2025 4633 non
2093 4578 2149 4632 in

575 4681 823 4725 nostrum
854 4669 1095 4738 ipsorum
1133 4683 1315 4731 usum,
1339 4670 1432 4724 sed
1455 4668 1523 4724 ad
1547 4669 1824 4739 egentium
1863 4669 2147 4725 solandam

577 4764 838 4832 inopiam.
902 4761 1013 4826 Nos
1071 4762 1200 4815 vero
1259 4762 1339 4816 sic
1409 4761 1676 4816 allicimur
1721 4761 1871 4816 velut
1916 4763 2148 4816 immor-

579 4853 715 4907 tales
746 4852 936 4913 simus,
972 4867 1037 4905 ac
1070 4851 1124 4904 in
1184 4860 1510 4921 perpetuum
1558 4851 1766 4907 divitiis
1803 4865 2028 4907 manere
2058 4866 2151 4905 va-

576 4942 807 4994 leamus.

650 5035 757 5089 Sed
786 5043 842 5090 et
894 5050 1066 5100 nunc,
1124 5034 1417 5090 universos
1469 5036 1720 5101 obsecro,
1772 5037 2035 5106 praesides
2087 5050 2151 5091 ac

2247 4325 2420 4379 ταῦτα
2452 4326 2850 4395 χαρισάμενοςς
2893 4326 3002 4392 Οὐχ
3040 4323 3356 4396 δΧριστός;
3392 4322 3470 4392 μὴ
3506 4317 3618 4389 μεθ’
3651 4312 3768 4383 ἡμῶν

2248 4413 2647 4484 ὲγεννήθησανς
2697 4412 2773 4484 μὴ
2836 4413 2956 4484 μεθ’
3007 4413 3164 4484 ἡμῶν
3229 4410 3674 4482 συμπορεύονταιε
3714 4398 3765 4467 μὴ

2248 4506 2410 4575 ἡμεῖς
2455 4505 2593 4557 αὐτὰ
2643 4504 3012 4575 ὲκτισάμεθα;
3048 4501 3335 4571 Οὐδαμῶς.
3368 4501 3430 4554 Ei
3470 4500 3526 4553 δὲ
3569 4495 3653 4549 καὶ
3673 4489 3765 4543 ἑλά-

2249 4595 2438 4666 6ομεν,
2505 4597 2566 4649 οὗ
2588 4596 2676 4650 διὰ
2704 4594 2804 4667 τὴν
2837 4594 3046 4649 ἑαυτῶν
3084 4593 3292 4663 χρείαν,
3319 4590 3457 4643 ἀλλὰ
3485 4587 3574 4642 καὶ
3600 4583 3674 4636 διὰ
3696 4577 3765 4643 τὴν

2249 4687 2358 4740 τῶν
2373 4687 2640 4759 δεομένω)
2663 4689 3002 4759 περίστασιν,
3034 4684 3225 4754 Ἡμεῖς
3241 4682 3299 4735 δὲ
3315 4681 3488 4742 οὕτως
3505 4669 3762 4759 διακείμεῷ

2247 4778 2437 4848 ὥσπερ
2464 4758 2747 4846 ἀθάνατα,
2775 4777 2869 4831 καὶ
2887 4777 2967 4839 είς
2996 4775 3168 4828 αίῶνα
3198 4775 3309 4835 τοῖς
3329 4772 3600 4841 χρήμασιν
3622 4758 3761 4830 διψέ-

2245 4887 2356 4924 νειν
2376 4869 2685 4940 δυνάμενοι.

2322 5034 2482 5089 ’Δλλὰ
2515 5033 2612 5088 καὶ
2669 5032 2764 5086 νῦν
2815 5031 3053 5085 δυσωπῶ
3097 5030 3364 5092 ἅπαντας,
3405 5030 3652 5100 ἄρχοντας
3694 5013 3760 5069 καἱ

577 5125 852 5192 subditos,
897 5141 1085 5181 servos
1118 5141 1183 5181 ac
1213 5125 1486 5191 dominos,
1543 5126 1812 5203 ingenuos
1869 5143 1933 5183 ac
1994 5128 2144 5198 igno-

2245 5128 2596 5198 ἀρχομένους,
2654 5122 2874 5184 δούλους
2940 5121 3035 5175 καὶ
3082 5120 3371 5185 δεσπότας,
3431 5117 3653 5187 εὐγενεξ

578 5210 757 5283 biles,’
775 5226 1186 5283 convertamur,
1221 5218 1264 5272 si
1297 5219 1452 5285 libet,
1483 5219 1552 5274 ab
1583 5202 1772 5274 errore
1806 5219 1908 5276 viae
1928 5228 2144 5293 nostrae,

2245 5219 2475 5287 ἀγενεῖς,
2519 5213 2960 5285 ἐπιστρέψωμεν,
2982 5213 3030 5265 εί
3057 5212 3224 5277 δοκεῖ,
3246 5213 3310 5264 ἐκ
3334 5212 3536 5280 πλάνης
3556 5201 3756 5293 vita“)?

577 5317 965 5365 convertamur
991 5323 1021 5361 a
1066 5308 1349 5377 prioribus
1400 5310 1667 5366 moribus.
1699 5310 1858 5366 Nunc
1882 5313 2051 5375 enim,
2087 5320 2147 5365 ut

577 5414 843 5472 unquam,
873 5398 1255 5454 conversionis
1286 5411 1521 5470 tempus.
1549 5401 1692 5458 Ecce
1734 5411 1949 5471 tempus
1970 5402 2148 5471 pinni-

582 5490 787 5556 tentias,
822 5490 1132 5561 ingruentis
1161 5505 1296 5561 ergo
1342 5491 1700 5561 captivitatis.
1748 5491 1891 5549 Ecce
1934 5501 2173 5563 tempus-

579 5579 947 5638 coufessionis
969 5579 1202 5637 fratrum
1225 5590 1545 5638 nostrorum
1566 5582 1942 5655 castigationis
1963 5597 2148 5639 causa.

650 5716 693 5747 ’δ
734 5717 847 5792 imo
870 5703 974 5774 JoB
1001 5718 1201 5792 xv,}}.
1278 5723 1322 5758 π
1352 5723 1540 5780 Matth.
1573 5741 1667 5792 vn,
1695 5725 1747 5779 ε.
1828 5725 1869 5757 εδ
1906 5724 2043 5778 Psal.
2074 5740 2135 5778 cx

2257 5723 2309 5777 Ξ.
2421 5723 2461 5753 ³⁷
2498 5720 2623 5790 Sap.
2663 5736 2738 5785 Vl,
2765 5717 2818 5769 '7.

578 5783 672 5840 27.
748 5786 792 5819 ‘°
821 5787 981 5843 Joan.
1017 5803 1056 5853 ι,
1085 5787 1174 5842 26.

2248 5285 2436 5380 ἡμῶν·
2496 5303 2916 5373 ἐπιστρέψωμεν
2984 5301 3092 5352 τῶν
3159 5301 3439 5371 προτέρων
3520 5285 3755 5380 συνηθειῶξδ

2250 5378 2425 5470 ἡμῶν·
2464 5394 2825 5465 Ἐπιστροφῆς
2883 5392 2990 5462 γὰρ
3035 5391 3247 5461 καιρὸς,
3278 5392 3353 5455 ὡς
3385 5392 3637 5444 οὐδέποτε.
3661 5378 3755 5435 Ἰδοὺ

2251 5490 2443 5560 καιρὸς
2468 5487 2776 5558 μετανοίας,
2794 5485 2884 5537 διὰ
2908 5484 3008 5553 τὴν
3039 5484 3394 5554 ἐπικειμένην
3423 5474 3752 5552 αἰχμαλωσίαν.

2204 5638 2213 5645 ,
2266 5582 2395 5636 Ἰδοὺ
2418 5580 2608 5650 καιρὸς
2632 5577 3095 5648 ὲξομολογήσεως,
3120 5575 3208 5629 διὰ
3235 5577 3363 5642 τοὺς
3398 5567 3754 5641 παιδευομένους

2898 5715 2941 5749 ³³
2983 5717 3123 5772 Psai.
3159 5733 3268 5783 xxv,
3305 5719 3359 5771 7.
3434 5712 3618 5771 "Cum.
3641 5714 3753 5766 min
