4010 6288
216 353 357 423 3249

1355 358 1445 420 DE
1486 359 1801 420 PERSICA
1837 359 2352 425 CAPTIVITATE.

2718 313 2732 321 .
2750 316 2860 356 ,δῆνῦ

3328 344 3476 426 325i)

212 468 471 539 ἀδελφοὺς
500 467 681 539 ἡμῶν.
724 465 856 522 ’ἰδοὺ
886 466 1080 539 καιρὸς
1096 466 1368 537 δεήσεως,
1397 469 1477 521 διὸ
1514 468 1796 538 προσέχω-

1925 472 2043 525 Scce
2076 480 2293 541 tempus
2321 471 2588 527 orationis
2615 486 2633 535 ;
2670 471 3026 540 quamobrem
3074 469 3366 540 diligenter
3390 472 3477 528 bis

217 577 315 627 μιν
345 559 480 629 μετὰ
513 559 798 630 ἀκριϐείας
842 560 954 622 τοῖς
984 558 1298 628 λεγομένοις
1320 574 1333 589 ’
1367 561 1462 612 καὶ
1513 559 1587 629 μὴ
1632 565 1791 629 μόνον

213 650 557 720 ἀκούσωμεν,
617 650 756 703 ἀλλὰ
830 651 925 703 καὶ
974 650 1314 720 ποιήσωμεν.
1375 649 1795 720 Ἐπιστήσωμεν

214 741 307 793 τὸν
335 742 480 805 νοῦν,
519 741 845 812 παρακαλῶ,
880 742 1001 793 ἐπεὶ
1035 742 1129 795 καὶ
1182 740 1467 811 βασιλικῆς
1507 741 1797 810 ἐπιστολῆς

217 832 837 903 ύπαναγινωσκομένης,
862 832 1064 893 πάντες
1088 831 1341 903 τρέχουσι
1360 846 1374 860 ·
1408 831 1606 894 πάντες
1630 848 1797 884 σπου-

217 922 436 987 δὰζουσι
455 940 470 955 ’
492 924 692 987 πάντες
716 923 905 993 μαθεῖν
924 921 1264 992 ἐπιζητοῦσι.
1300 923 1412 977 Καὶ
1441 922 1494 975 τί
1525 923 1670 990 λέγω
1698 923 1799 991 βα-

220 1016 427 1085 σιλικῆς
453 1014 754 1078 κελεύσεως
773 1013 1287 1095 ἁναγινωσκομένης
1309 1030 1324 1079 ;
1348 1012 1684 1083 κιθαριστῶν
1708 1015 1802 1066 καὶ

222 1102 464 1175 αὐλητῶν
481 1100 573 1152 καὶ
586 1103 769 1172 μίμων
804 1102 1118 1168 ἀκούοντες,
1150 1102 1290 1172 μετὰ
1307 1102 1506 1170 πολλῆς
1520 1103 1620 1170 τῆς
1643 1118 1803 1154 σπου-

222 1194 316 1261 δῆς
336 1192 738 1263 παριστᾶιμεθα,
780 1194 868 1248 ἵνα
926 1193 1150 1264 αἰσχρὸν
1184 1191 1397 1261 γέλωτα
1451 1192 1800 1261 θεασώμεθα,

226 1284 320 1336 κιὶ
344 1284 606 1352 ἀσχήμων
654 1283 998 1353 πραγμάτων
1035 1280 1261 1349 παίγνια
1295 1282 1696 1352 ἱστορήσωμεν.
1740 1280 1803 1332 Εἰ

225 1372 321 1425 οὖν
374 1373 431 1423 ἐν
466 1374 575 1434 τοῖς
604 1370 696 1423 τοῦ
729 1370 977 1424 διαϐόλου
1040 1372 1294 1440 θεάμασι,
1330 1370 1564 1424 τοιοῦτοι
1608 1368 1805 1441 θερμοὶ

231 1464 323 1513 καὶ
375 1456 648 1532 πρόθυμοι
699 1463 1060 1531 τυγχάνομεν,
1096 1462 1269 1530 πόσην
1330 1460 1553 1513 κόλασιν
1581 1459 1800 1530 ἕξομεν,

226 1553 309 1604 ὅτι
338 1552 398 1605 ἐν
434 1553 551 1615 ταῖς
579 1550 926 1621 ἐκκλησίαις.
952 1552 1095 1622 μετὰ
1134 1551 1391 1621 τοιαύτης
1430 1550 1687 1620 ἀμελείας
1712 1552 1808 1604 καὶ

232 1642 504 1712 ῥᾳθυμίας
549 1643 642 1695 καὶ
667 1642 881 1706 ἀτονίας
936 1642 1236 1713 ἰστάμεθαο
1292 1641 1483 1713 ὥσπερ
1510 1642 1576 1695 ἐκ
1610 1641 1803 1713 πυρὸς,

229 1732 401 1793 οὕτως
439 1733 537 1800 τῆς
574 1733 883 1803 προσευχῆς
920 1733 1198 1805 ἐξειλῆσαι
1225 1733 1581 1798 σπεύδοντες;
1612 1732 1709 1785 καὶ⁹
1744 1730 1807 1784 τὸ

230 1822 630 1894 χαλεπώτερον,
664 1823 744 1876 ὅτι
773 1827 867 1877 καὶ
887 1823 1259 1895 εἰσερχόμενοι
1284 1825 1342 1877 ἐν
1367 1825 1562 1884 αὐταῖς
1617 1824 1686 1877 δι’
1714 1822 1803 1887 ἐξα
1836 1806 1879 1862 Β

229 1911 445 1981 ἀλειψιν
480 1913 914 1983 ἁμαρτημάτων,
944 1912 1089 1965 ἐστιν
1151 1915 1244 1969 ὅτε
1289 1912 1605 1984 προσθήκην
1636 1912 1806 1982 θραυ-

233 2005 418 2074 μάτων
439 2003 747 2073 ποιούμενοι
769 2002 1126 2074 ἐξερχόμεθα.
1165 2004 1273 2058 Καὶ
1304 2002 1422 2066 πῶς
1443 2001 1555 2071 ἐγὼ
1572 2002 1635 2056 τὸ
1656 2004 1806 2074 εἰρη-

234 2097 397 2166 μένον
425 2096 637 2165 ποιήσω
666 2095 966 2165 κατάδηλον
990 2112 1005 2162 ;
1037 2095 1149 2165 Οὐχ
1185 2095 1258 2159 ὡς
1294 2095 1512 2167 ἐτέρους
1540 2095 1804 2166 κατακρίς

231 2206 357 2253 νων,
381 2187 520 2240 ἁλλὰ
550 2186 619 2240 τὰ
651 2185 847 2239 ἐαυτοῦ
880 2185 1248 2256 ἐλαττώματα
1268 2184 1638 2257 θριαμσεύων.

240 2332 249 2337 ,
304 2279 438 2332 Εἰπέ
468 2296 581 2351 μοι,
618 2280 674 2332 ἐν
725 2281 843 2342 ταῖς
885 2279 1203 2347 ἐκκλησίαις
1235 2278 1328 2332 καὶ
1358 2278 1669 2350 εύκτηρίοις
1693 2275 1807 2330 εἰσι

241 2371 547 2442 ερχόμενοι,
605 2371 750 2435 τίνος
784 2370 971 2424 ’ἑνεκεν
1002 2372 1118 2424 ἐκεῖ
1152 2370 1527 2441 πορευόμεθα;
1584 2372 1808 2435 Πάντως

234 2467 399 2536 ἐρεῖς,
427 2464 524 2518 Διὰ
552 2466 862 2534 προσευχήν
880 2481 894 2495 ·
926 2464 993 2517 δι’
1024 2464 1299 2533 ἐξάλειψιν
1324 2463 1805 2534 παραπτωμάτων.

236 2557 405 2625 Κάγώ
442 2574 523 2609 σοι
552 2556 681 2623 ἐρῶ,
715 2556 840 2617 Πῶς
867 2551 959 2610 οὖν
1000 2554 1067 2609 δι’
1122 2554 1285 2627 ’ἐτερα
1321 2553 1710 2623 εἰσερχόμενοι,
1740 2552 1809 2606 τὰ

233 2650 450 2703 ἐναντία
471 2646 962 2718 διαπράττομεν;’ῐ“ί
995 2649 1189 2711 ποιεῖς,
1211 2644 1461 2714 ἄνθρωπε
1481 2662 1496 2711 ;
1517 2644 1810 2715 Διὰοπροσ-

237 2738 400 2808 ευχὴν
443 2736 816 2806 εἰσελήλυθας,
868 2735 965 2788 καὶ
994 2738 1063 2789 τὰ
1093 2735 1385 2804 πρόσωπα,
1404 2735 1497 2787 καὶ
1532 2735 1594 2787 τὸ
1618 2733 1811 2796 κάλλος

235 2831 302 2883 τὸ
328 2832 402 2898 μὴ
425 2829 516 2881 σὸν
549 2826 887 2892 κανονίζειςς
939 2826 1007 2879 δι’
1056 2825 1334 2896 ἐξὰλειψιν
1381 2825 1687 2896 ἁμαρτιῶν,
1716 2824 1812 2878 καὶ

237 2921 448 2983 τούτοις
484 2918 806 2987 προστιθῶν,
827 2920 928 2973 οὐκ
954 2918 1185 2989 αἰσχύνῃ
1212 2917 1383 2971 ποιῶν
1419 2917 1511 2971 τὸν
1541 2913 1689 2970 οἷκον
1717 2916 1810 2970 τοῦ

235 3011 375 3066 Θεοῦ
393 3010 650 3079 πρόξενόν
667 3026 749 3063 σοι
771 3008 1082 3079 ἁμαρτίας;
1115 3009 1201 3061 ῖνα
1229 3006 1326 3062 τοῦ
1354 3008 1679 3077 ἐπουρανίου
1709 3007 1815 3061 Βα-

241 3103 433 3165 σιλέως
472 3101 748 3172 μυστήρια
768 3100 966 3172 θεάσῃ,
996 3099 1191 3154 καὶτὰ
1231 3098 1327 3153 τοῦ
1379 3098 1624 3153 διαϐόλου
1675 3098 1814 3168 πρὰ-

1904 578 2029 630 qua:
2070 563 2355 627 dicuntur,
2410 563 2652 617 animum
2709 562 3099 627 attemlamus;
3156 578 3255 617 nec
3296 563 3475 617 solum

1897 651 2208 718 audiamus,
2234 651 2329 706 sed
2357 660 2412 707 et
2435 650 2718 706 faciamus.
2743 650 3001 716 Mentem,
3027 650 3279 718 obsecro,
3310 650 3473 706 adhi-

1901 742 2130 797 beamus
2173 760 2186 795 :
2236 756 2363 796 nam
2417 752 2475 797 et
2520 743 2728 813 regium
2797 742 3038 813 diploma
3085 756 3209 796 cum
3255 743 3476 812 legitur,

1899 847 2095 886 omnes
2125 840 2445 897 accurrunt,
2477 847 2675 887 omnes
2702 832 2924 888 solliciti
2960 842 3111 897 sunt,
3164 846 3228 886 ac
3253 827 3475 889 favent;

1901 936 2094 978 omnes
2120 923 2341 981 discere
2365 931 2639 995 satagunt.
2668 924 2810 990 Quid
2856 939 2988 979 vero
3020 922 3167 988 dico,
3212 936 3338 977 cum
3391 921 3477 974 di-

1903 1013 2086 1083 ploma
2116 1013 2330 1085 regium
2361 1013 2610 1083 legitur?
2648 1014 2829 1068 Etiam
2869 1012 3229 1079 citliarmdos,
3261 1018 3319 1067 ct
3348 1009 3479 1064 tibi-

1902 1105 2086 1166 cines.
2116 1120 2181 1160 ac
2210 1105 2410 1159 mimos
2436 1104 2745 1168 audientes,
2782 1104 2951 1158 multa
3002 1100 3290 1175 diligentia
3335 1110 3482 1157 asta-

1905 1209 2046 1258 tnus,
2080 1202 2142 1249 ut
2164 1195 2309 1251 risus
2337 1195 2561 1250 obsceni
2595 1203 2938 1265 spectatores
2962 1193 3156 1260 simus,
3187 1208 3484 1263 rerumque

1904 1284 2320 1340 inbonestarum
2353 1284 2563 1339 ludicra
2607 1293 2989 1340 contueamur.
3030 1282 3167 1340 Cum
3220 1284 3383 1353 igitur
3430 1285 3485 1337 in

1906 1375 2111 1430 diaboli
2141 1376 2470 1445 spectaculis
2510 1375 2590 1430 sic
2632 1375 2907 1431 ferventes
2927 1384 3090 1445 atque
3109 1377 3319 1430 alacres
3344 1374 3487 1428 exsi-

1907 1465 2128 1528 stimus,
2162 1480 2428 1535 quasnam
2460 1460 2724 1520 dabimus
2756 1480 2966 1536 pmnas,
2994 1465 3088 1535 qui
3126 1465 3181 1519 in
3239 1464 3487 1519 ccclesiis

1908 1572 2032 1612 eum
2063 1564 2212 1611 tanta
2238 1546 2452 1611 incuria
2512 1570 2578 1610 ac
2605 1555 2880 1620 socordia,
2913 1554 3108 1624 sicque
3160 1554 3372 1608 remissi
3404 1568 3489 1607 as-

1907 1648 2204 1713 sistamus;
2239 1661 2303 1702 ac
2336 1647 2486 1701 velut
2515 1645 2585 1701 ab
2611 1646 2758 1716 igne,
2792 1645 2872 1700 sic
2902 1660 2934 1700 a
2964 1644 3224 1715 precibus
3276 1644 3488 1699 resilire

1909 1738 2201 1793 confestim
2249 1736 2615 1792 studeamus?
2657 1733 2925 1805 Quodque
2975 1735 3197 1806 gravius
3225 1742 3331 1797 est,
3363 1748 3486 1787 cum

1911 1828 2180 1885 ecclesias
2212 1827 2587 1901 ingrediamur
2610 1826 2678 1880 ad
2700 1826 2934 1881 delenda
2957 1836 3201 1896 peccata.
3231 1824 3455 1894 quando
3473 1851 3490 1863 -

1911 1936 2020 1991 que
2051 1919 2368 1976 accessione
2399 1916 2723 1973 vulneribus
2762 1918 2924 1981 facta,
2954 1916 3311 1986 egredimur?
3340 1914 3492 1980 Quo-

1910 2025 2040 2067 nam
2062 2025 2196 2066 vero
2229 2009 2417 2074 modo,
2443 2008 2591 2079 quod
2619 2007 2827 2080 dictum
2867 2014 2972 2071 est,
3005 2008 3227 2076 planum
3254 2002 3491 2060 faciam?

1911 2104 2137 2173 Utique,
2162 2118 2275 2159 non
2307 2110 2369 2157 ut
2395 2100 2764 2157 condemnem
2795 2098 2956 2162 alios,
2983 2097 3080 2153 sed
3112 2106 3172 2151 ut
3203 2111 3353 2151 meos
3378 2096 3493 2166 ipse

1912 2193 2165 2249 defectus
2196 2192 2501 2249 traducam.

1983 2284 2103 2352 Dic,
2150 2299 2360 2355 quaeso,
2413 2283 2470 2337 in
2529 2285 2793 2341 ecclesias
2842 2300 2907 2340 ac
2946 2283 3188 2339 oratoria
3239 2278 3493 2352 ingressi,

1913 2392 2022 2448 qua
2055 2377 2187 2432 illuc
2215 2392 2381 2433 causa
2419 2378 2714 2432 venimus?
2751 2379 2991 2434 Omnino
3034 2377 3225 2431 dices:
3269 2375 3341 2431 Ut
3368 2389 3494 2445 pre.-

1914 2484 2009 2525 ecs
2042 2467 2373 2533 fundamus;
2406 2478 2469 2524 ut
2493 2468 2691 2525 delicta
2721 2469 3064 2525 aboleamus.
3096 2468 3175 2521 Ad
3206 2482 3328 2537 qua:
3360 2480 3492 2535 ego:

1912 2555 2027 2612 Cur
2059 2556 2229 2627 igitur
2256 2555 2488 2611 aliorum
2515 2572 2679 2611 causa
2712 2558 2973 2628 ingressi,
3007 2555 3287 2611 contraria
3310 2563 3495 2624 patra-

1915 2648 2081 2703 mus?
2114 2647 2257 2715 Quid
2281 2647 2437 2714 facis,
2483 2648 2685 2703 homo?
2732 2648 3013 2719 Ingressus
3039 2663 3104 2703 es
3168 2655 3229 2701 ut
3282 2654 3335 2701 te
3385 2645 3498 2714 ipsc

1917 2738 1973 2793 in
2013 2754 2205 2809 preces
2266 2738 2428 2795 dares
2475 2758 2488 2794 :
2531 2740 2830 2810 vultusque
2900 2756 2965 2795 ac
3028 2737 3500 2810 pulchritudinem

1920 2847 2031 2888 non
2054 2839 2203 2888 tuam
2229 2832 2297 2887 ad
2328 2831 2591 2888 amussim
2619 2848 2825 2888 vocans
2853 2831 3068 2886 curiose
3096 2828 3399 2900 expendis?
3420 2826 3499 2881 Ad

1918 2925 2149 2981 delenda
2182 2931 2407 2996 peccata
2438 2941 2455 2980 :
2495 2925 2765 2995 pluraque
2799 2914 3085 2994 prioribus
3116 2922 3346 2989 addens,
3392 2936 3503 2973 non

1919 3017 2206 3072 erubescis
2238 3016 2462 3071 domum
2487 3016 2585 3071 Dei
2615 3015 2890 3071 ofﬁcinam
2949 3029 3018 3093 ac
3057 3013 3343 3068 tabernam
3389 3026 3505 3064 rne-

1925 3108 2176 3164 ritoriam
2238 3106 2423 3163 facere
2470 3106 2730 3178 peccati?
2781 3106 2853 3163 Ut
2900 3105 3144 3161 ctelestis
3183 3103 3330 3175 regis
3385 3118 3505 3171 my-

239 3210 279 3261 γ
286 3208 429 3262 ματα
448 3189 817 3263 περιεργάζῃ;
840 3190 926 3243 ἴνα
942 3191 1055 3253 τοῖς
1088 3188 1386 3259 ὀφθαλμοῖς
1399 3187 1695 3262 δακρύσῃς,
1729 3188 1819 3241 καὶ

1929 3184 2101 3255 steria
2155 3197 2587 3267 contempleris;
2646 3211 2845 3267 resque
2881 3195 3187 3252 diabolicas
3214 3193 3509 3265 diligenter

242 3282 466 3344 τούτους
514 3283 594 3344 εἰς
644 3280 914 3350 οὐρανοὺς
951 3278 1265 3353 ἁνυψὼσῃς,
1325 3280 1422 3333 καὶ
1456 3275 1819 3347 ταῦταὰφιῶν

1925 3289 2195 3345 attendis?
2226 3287 2298 3344 Ut
2326 3288 2508 3344 oculis
2530 3286 2730 3343 fundas
2764 3288 3055 3360 lacrymas,
3108 3301 3174 3341 ac
3226 3285 3281 3340 in
3331 3285 3503 3340 cadus

243 3375 363 3436 ταῖς
390 3372 636 3443 γυναιξὶν
666 3374 724 3426 ἐν
746 3372 937 3435 αὐταῖς
963 3370 1218 3443 διανεύῃ;
1250 3371 1337 3424 ἵνα
1365 3370 1460 3425 τοῦ
1491 3369 1819 3424 Δεσποτικοῦ

1925 3380 2189 3436 sublimes
2235 3395 2333 3436 eos
2375 3380 2564 3436 tollas:
2598 3379 2798 3449 hisque
2847 3376 3053 3443 missis,
3090 3375 3418 3431 mulieribus
3453 3376 3507 3428 in

244 3467 502 3538 σώματος
562 3467 621 3518 ἐν
665 3464 745 3536 τῷ
823 3462 1051 3533 στόματι
1099 3462 1445 3534 ἀπολαύσῃς,
1498 3461 1592 3517 καὶ
1652 3460 1819 3516 ταῦτα

1925 3470 2005 3527 eis
2023 3471 2223 3526 lascive
2244 3470 2484 3525 annuis?
2508 3470 2576 3527 Ut
2602 3468 2947 3525 Dominicum
2966 3481 3168 3537 corpus
3184 3481 3281 3521 ore
3302 3481 3506 3525 sumas.

244 3550 882 3635 ιταύταιςΙπροσομιλῶν,
893 3555 1052 3609 τοῦτο
1092 3554 1336 3634 μολύνεις
1350 3572 1367 3622 ;

1925 3579 1990 3620 ac
2006 3563 2282 3635 mysteriis
2302 3562 2533 3630 fruaris}:
2564 3561 2810 3632 illudque
2828 3561 2914 3615 his
2932 3560 3255 3629 colloquens
3275 3557 3474 3628 polluis
3487 3558 3512 3609 ?

328 3652 394 3704 Ὃ
425 3650 670 3720 πονηρᾶς
700 3647 1034 3717 ἐναλλαγῆςί
1064 3646 1111 3701 ὦ
1145 3648 1242 3717 τῆς
1287 3646 1666 3718 κατασχούσης
1712 3663 1819 3699 πω-

1995 3656 2041 3711 Ο
2062 3656 2257 3710 malam
2284 3654 2804 3709 commutationem!
2832 3667 2865 3707 ο
2894 3650 3401 3707 cordisduritiaml
3431 3649 3510 3704 Nc

251 3741 506 3815 ρώσεωςι
534 3741 669 3794 Οὐδὲ
700 3740 799 3810 τὴν
823 3738 972 3811 ὥραν
996 3739 1097 3809 τῆς
1141 3739 1447 3810 προσευχῆς
1466 3737 1545 3808 τῷ
1577 3736 1700 3807 Θεῷ
1732 3738 1819 3791 τὸν

1933 3744 2205 3800 orationis
2224 3743 2450 3813 quidem
2484 3752 2732 3813 tempore
2769 3740 3014 3797 animum
3037 3739 3106 3794 ad
3142 3740 3313 3795 Deum
3339 3738 3510 3808 erigi;

248 3836 376 3888 νοῦν
398 3833 819 3902 ἁναπέμπομεν,
843 3830 980 3885 ἀλλὰ
1017 3830 1115 3884 καὶ
1148 3828 1318 3898 αὐτὴν
1366 3830 1489 3890 ταῖς
1529 3828 1819 3897 ἡμετέραις

1929 3851 2054 3891 mus
2080 3853 2092 3888 :
2120 3834 2217 3891 sed
2243 3849 2312 3891 eo
2330 3850 2551 3905 quoque
2568 3833 2785 3889 delictis
2802 3830 3008 3888 nostris
3024 3843 3302 3885 vacamus.
3328 3829 3512 3882 Dicam

250 3916 1067 3995 πλημμελείαιςὰσχολούμεθα.
1102 3918 1257 3973 Εἴπω
1285 3918 1379 3972 καὶ
1433 3916 1622 3988 ἕτερον
1670 3916 1819 3986 χαλεε

1931 3936 1986 3982 et
2006 3927 2157 3982 aliud
2188 3926 2296 3994 isto
2316 3925 2626 3987 molestius.
2655 3924 2876 3980 Fratres
2898 3928 3122 3978 nostros
3141 3936 3252 3975 non
3271 3935 3397 3974 raro
3418 3935 3487 3989 po
3501 3948 3514 3960 -

251 4013 497 4085 πὼτερον
528 4012 742 4067 τούτου.
766 4012 906 4074 Τοὺς
932 4009 1194 4078 ἀδελφοὺς
1222 4009 1384 4080 ἡμῶν
1417 4008 1678 4071 πολλάκις
1699 4024 1819 4079 προ-

1934 4020 2045 4074 tius
2079 4017 2506 4089 praetendentes,
2533 4030 2702 4086 quam
2743 4023 2804 4069 ut
2823 4015 2935 4069 Deo
2966 4028 3161 4083 preces
3198 4028 3262 4067 ac
3302 4012 3514 4080 suppli-

255 4106 595 4174 κομίζοντες,
624 4104 660 4175 ἢ
682 4102 836 4165 λιτὰς
891 4101 987 4157 καὶ
1016 4101 1228 4165 ἱκεσίας
1255 4100 1334 4171 τῷ
1362 4098 1481 4171 Θεῷ
1508 4099 1649 4169 ὑπὲρ
1674 4098 1831 4151 ἁπειο

252 4199 365 4252 λῶν
417 4198 836 4268 προσφέροντες,
861 4195 957 4249 καὶ
999 4194 1182 4249 ἐκεῖσε
1231 4194 1348 4256 τοῖς
1409 4191 1834 4263 προειρημένοις

253 4287 711 4359 ἐνασχολούμεθα.
741 4287 851 4339 Καὶ
893 4284 1080 4348 ἁπλῶς
1124 4284 1306 4338 πᾶσαν
1361 4282 1520 4354 ήμῶν
1559 4283 1657 4354 τὴν
1687 4282 1833 4352 ζωὴν

255 4381 338 4451 τῷ
368 4380 596 4450 διαϐόλῳ
628 4376 1131 4446 κατεδουλώσαμεν.
1179 4375 1268 4429 Ἐν
1301 4374 1601 4444 ἁμαρτίαις
1629 4372 1837 4443 κοιμώ-

1937 4109 2190 4164 cationes
2217 4108 2291 4163 ob
2334 4107 2456 4178 ejus
2482 4106 2558 4161 in
2596 4120 2700 4160 nos
2737 4103 2949 4175 flagella
2988 4101 3307 4168 offeramus,
3348 4102 3513 4155 etiam

1934 4202 2049 4258 illic
2088 4202 2176 4256 bis
2214 4215 2339 4271 qua:
2364 4200 2627 4265 diximus,
2668 4207 2885 4268 tempus
2917 4197 3171 4253 terimus.
3201 4196 3403 4266 Atque,
3458 4207 3519 4249 ut

1937 4294 2110 4350 verbo
2144 4292 2345 4358 dicam,
2376 4291 2547 4346 vitam
2593 4298 2791 4345 totam'
2817 4288 3038 4345 diabolo
3078 4288 3419 4343 addiximus.
3459 4288 3517 4341 ln

1935 4386 2181 4459 peccatis
2204 4384 2528 4449 dormimus,
2560 4383 2616 4437 in
2647 4382 2893 4452 peccatis
2913 4395 2946 4435 e
2966 4395 3161 4435 somno
3184 4379 3510 4439 excitamur,

261 4474 428 4544 μεθα,
456 4475 513 4527 ἐν
536 4472 833 4542 ἁμαρτίαις
858 4468 1183 4539 ἐγειρόμεθα
1200 4485 1215 4501 ο
1238 4469 1296 4521 ἐν
1316 4468 1613 4539 ἁμαρτίαις
1640 4484 1819 4539 προερ·

1942 4481 1998 4535 in
2034 4477 2279 4550 peccatis
2305 4475 2681 4546 procedimus,
2710 4473 2765 4527 in
2810 4472 3049 4543 peccatis
3078 4471 3418 4537 recedimus;
3462 4470 3515 4524 in

260 4565 494 4636 χόμεθα,
526 4567 604 4627 εἰς
626 4562 904 4635 ἁμαρτίας
949 4560 1367 4632 ἀναχωροῦμεν’
1423 4561 1505 4624 εἰς
1535 4562 1832 4632 ἁμαρτίας,

263 4657 358 4710 καὶ
379 4657 437 4708 ἐν
460 4655 795 4725 ἐκκλησίαις,
818 4654 910 4707 καὶ
945 4655 1004 4708 ἐν
1020 4655 1131 4713 τοῖς
1154 4652 1345 4715 οἴκοις,
1373 4652 1468 4705 καὶ
1483 4655 1540 4705 ἐν
1557 4655 1676 4715 ταῖς
1705 4652 1837 4720 ἀγο-

264 4751 412 4819 ραῖς,
425 4750 517 4800 καὶ
532 4749 589 4799 ἐν
607 4749 716 4809 τοῖς
735 4747 982 4817 μνήμασι
998 4743 1357 4816 πορευόμεθα.
1377 4745 1484 4798 Καὶ
1495 4745 1555 4796 τὸ
1566 4745 1840 4813 ἀνοητότε-

264 4859 381 4912 ρον,
393 4841 475 4894 ὅτι
485 4838 655 4901 οὕτως
668 4838 744 4909 τῷ
759 4838 982 4905 διαϐόλῳ
997 4834 1360 4900 δουλεύοντες,
1373 4837 1468 4889 καὶ
1482 4837 1540 4888 ἐν
1552 4838 1715 4889 παντὶ
1728 4854 1840 4890 και-

265 4932 368 5004 ρῷ,
396 4933 490 4986 καὶ
513 4932 680 5001 τόπῳ,
699 4931 791 4984 καὶ
813 4928 1119 4999 πράγματι,
1137 4927 1227 4981 τὸν
1242 4926 1376 4979 Θεὸν
1396 4927 1839 4997 παροργίςοντες,

264 5024 516 5093 λὲγομεν,
572 5023 666 5075 καλ⁸
704 5019 1044 5090 ξενιζόμεθα,
1075 5019 1347 5088 λέγοντες·
1378 5019 1549 5072 Πόθεν
1577 5004 1837 5083 ἁπειλαίς

266 5114 433 5167 πόθεν
463 5115 519 5166 αἱ
547 5114 820 5178 παιδείας
849 5112 1014 5166 πόθεν
1044 5114 1076 5183 ή
1104 5110 1483 5182 αἰχμαλωσία;
1517 5110 1729 5181 πόθενή
1760 5128 1845 5163 το-

266 5205 439 5275 σαύτη
462 5206 599 5275 ὀργὴ
627 5205 710 5272 ἐφ’
743 5205 888 5272 ἡμᾶς
912 5220 929 5270 ;

345 5297 410 5348 ’Ὤ
447 5295 643 5363 πολλῆς
700 5296 793 5349 καὶ
831 5293 1113 5365 ἀμυθήτου
1156 5292 1503 5364 πωρώσεωςί
1541 5293 1669 5358 τοὺς
1695 5293 1845 5347 ἁδελ-

268 5387 405 5457 φους
462 5391 523 5441 ἐν
573 5387 822 5457 μνημείῳ
890 5386 1305 5450 κατατιθέντες,
1376 5387 1497 5441 οὐδὲ
1547 5387 1605 5453 ἐξ
1678 5388 1847 5456 αὐτῆς

266 5480 503 5547 θεωρίας
534 5483 612 5543 εἰς
639 5480 990 5548 συναίσθησιν
1015 5480 1305 5549 ἐρχόμεθα.
1342 5478 1673 5549 Ἐμὸλέψατε
1715 5479 1849 5547 προς

269 5574 363 5622 τον
392 5575 580 5635 τάφον,
624 5572 672 5625 οἰ
706 5572 957 5639 ἄφρονες,
994 5572 1089 5624 καὶ
1133 5570 1461 5639 ἀνανήψατε.
1515 5569 1849 5639 tantum

275 5659 414 5728 πρὸς
440 5663 538 5731 τὴν
568 5666 751 5732 σορὸν,
777 5666 826 5716 οἱ
859 5666 1281 5735 μεγαλόφρονες,
1332 5666 1425 5717 καὶ
1465 5664 1539 5733 μὴ
1583 5662 1848 5731 φυσᾶσθε.

258 5744 450 5820 Δ’Ἰδιειῖε
488 5750 554 5802 τὰ
592 5750 751 5816 ὀστᾶ,
784 5754 831 5805 οἱ
860 5754 1222 5821 σοφιζόμειοι,
1282 5754 1371 5807 καὶ
1424 5754 1496 5823 μὴ
1538 5751 1848 5823 ἐπαίρεσθε.

1940 4571 2185 4643 peccatis
2230 4569 2286 4623 in
2319 4566 2593 4631 ecclesiis,
2629 4566 2684 4620 in
2714 4565 2992 4630 domibus,
3028 4564 3083 4617 in
3136 4563 3277 4627 foro,
3326 4564 3382 4617 in
3432 4579 3518 4616 sc-

1944 4662 2155 4733 pulcris
2205 4658 2533 4714 incedimus.
2585 4656 2854 4725 Quodque
2902 4655 3221 4710 dementius
3246 4662 3353 4719 est,
3393 4670 3519 4707 cum

1943 4758 2025 4811 sic
2077 4753 2296 4808 diabolo
2350 4751 2680 4815 serviamus,
2737 4748 3001 4817 omnique
3050 4756 3317 4817 tempore,
3376 4747 3516 4807 locu,

1943 4847 2166 4917 negotio
2207 4845 2302 4901 Dei
2329 4844 2466 4899 iram
2509 4857 2899 4913 provocemus,
2936 4840 3176 4894 dicimus
3211 4851 3419 4903 tamen,
3454 4854 3518 4893 ac

1943 4954 2043 4995 ceu
2073 4953 2276 4993 novum
2300 4935 2825 4992 mirantes-dicimus
2849 4953 2863 4988 :
2893 4932 3175 4989 Undenam
3195 4932 3398 4989 ruinae?
3421 4948 3523 4985 un-

1944 5030 2140 5086 denam
2181 5028 2431 5099 ﬂagella?
2475 5029 2748 5084 undenam
2800 5025 3182 5096 captivitates?
3245 5023 3520 5077 undenam

1948 5130 2095 5176 tanta
2122 5121 2218 5175 Dei
2253 5122 2308 5176 in
2333 5136 2435 5175 nos
2457 5118 2582 5173 ira?

2019 5297 2063 5353 0
2095 5312 2366 5368 magnam,
2408 5312 2470 5351 ac
2515 5296 2778 5365 majorem
2823 5294 3086 5364 cogitatu,
3134 5291 3319 5345 cordis
3370 5288 3525 5343 duri-

1950 5390 2110 5443 tiem!
2140 5388 2277 5443 Cum
2303 5388 2497 5441 f‘ratrcs
2522 5387 2576 5439 in
2603 5388 2853 5455 sepulcro
2888 5400 3176 5454 ponamus,
3211 5399 3279 5438 ne
3313 5398 3377 5437 ex
3407 5383 3525 5450 ipso

1951 5479 2175 5548 quidem
2209 5490 2433 5546 aspectu
2479 5477 2532 5528 in
2584 5493 2804 5531 sensum
2854 5476 3128 5529 venimus.
3178 5473 3417 5543 Aspicite
3472 5472 3525 5523 in

1954 5572 2288 5639 sepulcrum,
2318 5568 2492 5632 stulti,
2526 5584 2588 5620 ae
2623 5568 2947 5636 resipiseite.
2989 5566 3232 5635 Aspicite
3265 5567 3317 5619 in
3377 5565 3526 5615 luctt-

1956 5663 2066 5715 Ium
2105 5677 2430 5728 urnamque,
2480 5660 2570 5726 qui
2606 5661 2776 5712 altum
2813 5660 3027 5727 sapit's‘,
3054 5668 3107 5712 et
3134 5659 3302 5711 nolite
3330 5655 3532 5709 animi:

1961 5764 2288 5808 tumescere.
2351 5752 2536 5807 Videte
2574 5767 2717 5814 ossa,
2751 5751 2949 5821 arguti,
2999 5765 3053 5806 et
3106 5750 3272 5806 nolite
3314 5745 3531 5803 efferri.

2190 5996 2206 6023 Ι
