3960 6284
209 261 331 331 325⁸1

1320 246 1417 312 DE
1453 247 1770 311 PERSICA
1810 244 2325 309 CAPTIVITATE.

3299 242 3444 308 3251

270 375 328 427 γε
358 367 462 443 γάρ
489 370 633 423 ἐστιν
681 368 910 424 ἰδέσθαι.
937 368 1117 421 πᾶσαν
1147 364 1245 434 τὴν
1283 364 1460 418 κτίσιν
1504 364 1793 432 ἐξαίφνης.

1935 361 2209 428 Quantum
2258 355 2404 415 enim
2436 364 2555 422 est,
2598 367 2659 411 ut
2706 365 2930 427 repente
2969 364 3221 412 creatura
3259 359 3445 411 Omnis

209 464 574 533 ἀνισταμένην,
609 462 703 515 καὶ
725 461 1118 530 συναγομένην,
1152 458 1246 514 καὶ
1279 456 1765 529 κατακρινομένην,

211 560 290 612 καὶ
319 557 563 611 διδοῦσαν
589 556 747 619 δίκας
800 555 938 623 ὑπὲρ
967 553 1167 620 λόγων,
1222 551 1360 619 ὑπὲρ
1389 548 1588 619 ἔργων,
1628 548 1766 618 ὑπὲρ

210 646 466 717 λογισμῶν
488 646 777 717 πονηρῶνς
810 643 998 713 Ἡμεῖς
1041 641 1099 697 δὲ
1153 642 1248 694 καὶ
1279 640 1417 710 ὑπὲρ
1448 638 1543 693 τοῦ
1575 637 1770 707 βαπτί-

213 756 418 809 σματος,
477 738 614 807 ὑπὲρ
660 735 758 798 τῆς
786 734 894 787 τῶν
937 732 1250 804 μυστηρίων
1279 729 1497 796 ἀναξίου
1535 727 1768 799 μεταλή-

209 830 361 897 ψεως,
395 829 535 897 ὑπὲρ
564 825 886 897 ἱερωσύνης,
919 824 1061 894 ὑπὲρ
1111 821 1452 892 λειτουργίας
1490 818 1771 890 ἠμελημέ-

209 933 314 987 νης,
339 916 477 986 ὑπὲρ
499 913 573 968 ὧν
590 918 646 969 ἐν
669 915 841 974 νυκτὶ,
868 913 1009 983 ὑπὲρ
1067 906 1142 966 ὧν
1172 914 1230 964 ὲν
1258 912 1453 983 σκοτίᾳ
1513 911 1605 963 τὸν
1634 910 1769 963 Θεὸν

212 1008 650 1078 παρωργίσαμεν.
687 1007 879 1073 Μέγας
919 1005 1104 1073 φόϐος,
1124 1004 1376 1072 ἀδελφοὶ,
1411 1003 1555 1057 τότεε
1601 1002 1773 1072 μέγας

211 1097 400 1166 τρόμος
419 1112 432 1125 ·
473 1095 684 1166 μεγάλη
710 1097 743 1165 ἠ
782 1096 964 1164 ἡμέρα
988 1111 1001 1123 ·
1042 1094 1253 1164 μεγάλη
1283 1096 1316 1163 ἡ
1347 1093 1559 1162 ἀνάγκη
1587 1094 1620 1162 ἡ
1651 1093 1773 1146 τότε

212 1185 457 1254 γινομένη
478 1228 491 1250 ,
529 1182 616 1238 οἵα
642 1183 766 1237 οὔτε
789 1185 1032 1252 γέγονεν,
1070 1182 1194 1236 οὒτε
1229 1184 1514 1254 γενήσεται
1544 1182 1648 1245 ἕως
1675 1181 1774 1249 τῆς

212 1276 406 1344 ἡμέρας
436 1276 670 1344 ἐκείνης,
700 1273 789 1327 ὅτε
820 1276 853 1343 ἠ
878 1275 972 1338 νὺξ
995 1272 1297 1346 καταλάϐῃ,
1328 1274 1417 1327 ὅτε
1444 1275 1476 1343 ἡ
1509 1271 1659 1341 φωνὴ
1680 1288 1775 1339 γε-

214 1369 442 1436 νήσεται·
492 1366 621 1420 Ἰδοὺ
665 1364 966 1437 δ’Κριτῆς,
1001 1363 1352 1438 ἁμαρτωλοί’
1399 1366 1622 1431 δίκαιοι,
1646 1365 1778 1419 ἀνά·-

215 1472 363 1526 στητε
412 1458 490 1520 είς
534 1456 634 1527 τὴν
668 1457 972 1525 ἀπάντησιν
1027 1455 1213 1511 αὑτοῦ.
1274 1457 1411 1510 Τότε
1458 1456 1509 1509 οί
1556 1455 1778 1524 ἄγγελοι

213 1546 620 1616 προτρέχοοσιν,
672 1546 726 1598 αἱ
759 1543 1056 1612 σάλπιγγες
1094 1543 1311 1614 βοῶσιν,
1370 1543 1438 1596 τὰ
1489 1544 1667 1613 ἄστρα
1691 1543 1781 1595 πί-

215 1651 450 1704 πτουσιν,
484 1638 512 1689 ὀ
547 1634 698 1707 ἥλιος
739 1631 1045 1696 σκοτίζεται
1071 1673 1085 1698 ,
1143 1634 1194 1686 oi
1224 1634 1444 1703 οὐρανοὶ
1471 1633 1547 1696 ὡς
1575 1632 1779 1703 βιϐλίον

1867 453 2097 508 excitari
2150 458 2431 513 cernatur,
2482 448 2550 502 in
2572 462 2741 502 unum
2775 447 2918 517 cogi,
2967 447 3344 512 condemnari,
3379 462 3445 503 ac

1868 556 2058 610 pinnas
2087 540 2238 603 dare,
2278 540 2348 594 ob
2375 538 2566 604 verba,
2603 552 2795 607 opera,
2818 552 3013 608 pravas
3063 538 3442 610 cogitationes.

1868 631 1981 686 Nos
2009 639 2197 685 autem
2222 630 2387 684 etiam
2409 629 2752 699 baptismatis
2785 628 3028 692 nomine,
3062 630 3446 700 mysteriorum

1870 721 2109 793 indignae
2137 722 2487 792 sumptionis,
2509 722 2827 787 sacerdotii,
2853 722 3113 792 neglectae
3152 722 3230 776 rei
3255 736 3447 784 sacrae,

1871 828 2061 869 eorum
2092 813 2400 869 facinorum
2433 813 2638 883 quibus
2678 814 2731 867 in
2765 820 2949 877 nocte,
2989 811 3189 881 quibus
3218 810 3452 865 faventi-

1871 902 2246 962 bustenebris
2269 904 2501 959 adiram
2534 905 2707 960 Deum
2745 904 3187 974 provocavimus.
3225 902 3451 973 Magnus

1875 1003 2033 1061 tunc,
2050 995 2271 1061 fratres,
2294 995 2495 1061 timor;
2536 1009 2767 1065 magnus
2793 1004 3034 1058 tremor;
3071 992 3190 1048 dies
3216 1006 3447 1062 magna;

1874 1102 2092 1157 magna,
2118 1102 2241 1157 quae
2264 1094 2397 1141 tunc
2415 1086 2546 1149 erit,
2562 1085 2861 1140 necessitas
2889 1103 2905 1138 :
2926 1084 3104 1154 qualis
3125 1098 3306 1153 neque
3325 1082 3449 1146 fuit,

1875 1194 2056 1248 neque
2089 1178 2198 1234 erit
2236 1193 2410 1248 usque
2450 1177 2519 1232 ad
2550 1177 2697 1232 diem
2749 1177 2918 1241 illam,
2964 1177 3185 1246 quando
3213 1191 3322 1230 nox
3352 1191 3452 1244 ap-

1876 1270 2222 1343 prehendet;
2254 1272 2478 1341 quando
2498 1280 2604 1324 Vox
2634 1269 2727 1323 fiet
2751 1287 2763 1323 :
2784 1269 2924 1323 Ecce
2961 1268 3168 1333 Judex,
3201 1276 3454 1338 peccato-

1878 1379 1996 1431 res;
2023 1366 2182 1437 justi,
2225 1366 2505 1436 exsurgite
2544 1365 2601 1418 in
2641 1379 2930 1420 occursum
2951 1366 3092 1433 ejus.
3127 1362 3284 1418 Tunc
3325 1378 3459 1433 prm-

1881 1462 2108 1509 current
2136 1454 2339 1526 angeli,
2397 1454 2543 1510 tubae
2570 1454 2860 1525 clangent,
2916 1453 3086 1508 stellae
3113 1452 3341 1516 cadent,
3374 1450 3458 1505 sol

1879 1544 2324 1607 obtenebrescet,
2354 1545 2481 1601 coeli
2508 1545 2662 1600 velut
2691 1543 2833 1599 liber
2860 1544 3278 1606 convolventur,
3327 1541 3460 1595 luna

1881 1636 2106 1706 peribit,
2143 1637 2313 1693 stellae
2353 1636 2612 1691 foliorum
2652 1650 2806 1691 more
2829 1634 3090 1690 deciderit
3111 1652 3135 1700 ς
3161 1642 3375 1689 montes
3400 1641 3463 1688 ut

216 1720 552 1789 εἱλίσσονται,
583 1729 616 1797 ἡ
659 1725 854 1796 σελήνη
884 1724 1203 1793 ἀπόλλυται,
1238 1727 1306 1780 τὰ
1348 1725 1522 1796 ἄστρα
1544 1724 1619 1787 ὡς
1644 1723 1782 1793 φύλ-

1898 1744 2010 1785 :era
2055 1727 2383 1798 liquescent,
2437 1728 2620 1784 fontes
2665 1736 2943 1793 arescent,
3011 1727 3270 1781 universa
3316 1734 3460 1779 terra

214 1818 277 1872 λα
302 1819 612 1882 πίπτουσιν,
642 1818 710 1870 τὰ
743 1817 843 1887 ὅρη
870 1815 944 1880 ὼς
975 1816 1145 1888 κηρὸς
1202 1819 1550 1887 τακήσονται,
1587 1817 1642 1868 at
1674 1833 1781 1887 πη-

214 1911 303 1978 γαὶ
358 1908 806 1979 ξηρανθήσονται,
843 1912 992 1965 πᾶσα
1032 1910 1066 1978 ἡ
1132 1908 1205 1978 γῆ
1257 1908 1670 1978 κλονηθήσεται,
1725 1908 1781 1961 αἱ

221 1999 438 2054 ἄϐυσσοι
462 2001 745 2072 τρέμουσι,
788 2002 856 2055 τὰ
893 2001 1221 2072 καταχθόνια
1255 2002 1510 2065 σείονται,
1543 1999 1613 2053 τὰ
1664 1999 1786 2053 ὲπίο

217 2107 357 2159 γεια,
387 2089 457 2144 τὰ
480 2088 726 2163 οὐράνια.
763 2091 844 2145 Τὰ
875 2092 985 2145 ἄνω
1009 2092 1105 2144 καὶ
1144 2090 1212 2143 τὰ
1248 2089 1399 2144 κάτω
1426 2089 1670 2158 ἀνάγκης
1694 2088 1787 2158 γέ-

222 2193 426 2254 μουσιν.
461 2182 812 2252 ᾹίΔυνάμεις
844 2182 936 2236 τοῦ
972 2181 1247 2246 Βασιλέως
1286 2183 1697 2253 προτρέχουσιν,
1718 2183 1789 2235 τὰ

224 2272 469 2341 Σεραφὶμ
502 2271 684 2342 βοῶσι,
705 2272 774 2326 τὰ
800 2271 1154 2345 ἔξαπτέρυγα
1182 2272 1439 2339 σείονται,
1467 2275 1535 2326 τὰ
1582 2273 1788 2342 Χερου-

221 2360 317 2432 σὶμ
346 2362 725 2428 εὐλαϐοῦνται,
754 2364 822 2417 τὰ
849 2364 1107 2434 μνήματα
1124 2362 1451 2432 ἀνοίγονται,
1476 2363 1543 2417 τὰ
1560 2360 1791 2432 σώματα

221 2456 550 2523 ἀνίστανται,
586 2459 641 2510 αί
667 2457 838 2528 ψυχαὶ
872 2456 1214 2529 ἁθροίζονται
1239 2474 1251 2488 ·
1284 2457 1339 2509 αἱ
1376 2456 1622 2519 κολάσεις
1652 2455 1794 2507 ἕτοι-

223 2562 330 2612 μοι,
366 2546 419 2597 αἱ
445 2545 772 2610 ἀπολαύσεις
823 2544 1129 2619 [ἐκποδὼν]
1154 2545 1463 2615 γεγόνασιν.

293 2635 495 2702 Μηδεὶς
527 2637 591 2706 τῇ
624 2636 919 2690 ἀναστάσει
964 2637 1285 2690 ἀπιστείτωο
1325 2636 1515 2706 μηδεὶς
1544 2633 1613 2688 τὰ
1634 2632 1793 2702 λεγό-

227 2742 359 2790 μενα
390 2724 758 2791 ἐξουθενείτω.
798 2725 1128 2797 Γενήσονται
1162 2725 1272 2796 γὰρ
1300 2725 1487 2791 ὅντως,
1531 2726 1626 2779 καὶ
1658 2724 1795 2795 ἅλη-

226 2815 332 2878 θῶς
365 2817 707 2884 γενήσονται.
751 2817 1100 2887 Ἀκούσωμεν
1158 2818 1252 2870 τοῦ
1280 2817 1484 2886 Κυρίου
1522 2817 1795 2885 λέγοντος,

225 2905 326 2969 ὅτι,
347 2907 454 2959 Kal
478 2907 538 2960 al
559 2906 846 2975 Δυνάμεις
867 2905 985 2959 τῶν
1002 2904 1274 2974 οὐρανῶν
1288 2921 1372 2960 σα
1385 2906 1794 2972 λευθήσονται·

1883 1820 2185 1890 quatietur,
2207 1820 2384 1891 abyssi
2422 1826 2697 1886 tremeat;
2726 1818 2973 1883 inferna,
3014 1818 3321 1881 terrestria,
3344 1832 3461 1871 cm-

1880 1909 2039 1965 lestia
2077 1909 2351 1964 nutabunt
2384 1928 2398 1964 :
2437 1925 2641 1981 supera
2682 1918 2847 1979 atque
2903 1909 3079 1964 infera
3132 1908 3464 1964 necessitate

1882 2002 2045 2072 plena
2072 2012 2256 2057 erunt.
2303 2001 2551 2057 Virtutes
2587 1999 2724 2070 Regi
2750 2006 3097 2070 praecurrunt
3130 2016 3145 2052 :
3177 1998 3466 2069 Seraphim

1887 2094 2146 2157 clamant,
2178 2092 2328 2148 senis
2345 2091 2449 2147 alis
2473 2091 2690 2162 praediti
2722 2090 3138 2155 concutiuntur,
3164 2088 3466 2145 Cberubim

1887 2182 2208 2246 formidant,
2235 2190 2593 2236 monumenta
2631 2181 2994 2251 aperiuntur,
3022 2194 3256 2249 corpora
3291 2193 3468 2233 resun-

1888 2279 2047 2342 gunt,
2079 2272 2279 2326 anima:
2296 2280 2729 2342 congregantur;
2763 2269 3019 2341 expedita
3050 2267 3342 2339 supplicia,
3375 2282 3471 2321 ro-

1889 2357 2130 2428 luptates
2158 2365 2468 2414 cesserunt.

1967 2622 2143 2677 Nemo
2196 2620 2361 2675 ﬁdem
2400 2620 2798 2676 resurrectioni
2862 2620 3072 2675 abnuat
3112 2635 3321 2676 :nemo
3348 2636 3473 2690 quae

1897 2711 2160 2768 dicuntur
2189 2710 2348 2765 nihili
2376 2710 2562 2777 faciat,
2598 2725 2663 2765 ac
2686 2718 2932 2780 spernat.
2953 2710 3114 2765 Fient
3137 2710 3308 2774 enim,
3343 2709 3476 2765 ﬁent

1900 2817 2113 2858 revera.
2169 2801 2476 2857 Audiamus
2530 2801 2824 2856 Dominum
2867 2800 3143 2855 dicentem
3195 2799 3473 2854 :Virtutes

1897 2894 2149 2949 caelorum
2182 2894 2643 2948 commovebuntur
2667 2900 2759 2947 :et
2786 2891 2964 2946 omnis
2991 2900 3135 2946 terra
3157 2906 3267 2945 non
3290 2890 3479 2945 turba-

226 2997 319 3047 καὶ
374 2995 523 3047 πᾶσα
551 2995 584 3064 ἡ
613 2995 685 3063 γῆ
723 2994 784 3046 οὐ
811 2994 1249 3065 ταραχθὴσεται;
1280 2994 1343 3046 Ai
1374 2994 1643 3064 Δυνάμεις
1686 2994 1793 3047 τῶν

1903 2986 2097 3041 bitur?
2153 2986 2402 3041 Virtutes
2443 2985 2711 3040 caelorum
2769 2983 3305 3046 commovebuntur,
3355 2997 3478 3052 qua

224 3086 465 3154 οὐρανῶν
500 3085 938 3154 σαλευθήσονται,
971 3086 1026 3138 αἱ
1075 3084 1343 3155 μηδέποτε
1384 3086 1793 3155 ἁμαρτήσασαι,

1904 3094 2185 3149 nunquam
2213 3086 2602 3148 peccaverunt,
2625 3092 2749 3147 quae
2772 3077 3050 3131 illustrant
3074 3075 3241 3131 corda
3271 3083 3478 3140 nostra,

227 3178 280 3229 αἱ
327 3177 425 3237 τὰς
482 3174 706 3245 καρδίας
735 3175 894 3244 ἡμῶν
928 3176 1278 3242 φωτίζονται,
1312 3176 1368 3228 αἱ
1405 3176 1494 3228 τὸν
1551 3176 1682 3228 Θεὸν
1715 3176 1803 3229 ἀεὶ

227 3264 656 3333 ὑμνολογοῦσαι·
697 3264 793 3316 καὶ
860 3262 976 3326 πῶς
1022 3264 1130 3333 ἄρα
1167 3264 1327 3333 ἡμεῖς
1386 3263 1651 3334 μέλλομεν
1680 3266 1802 3317 τότε

226 3357 603 3427 ὑφίστασθαις
664 3356 838 3419 Πολὺς
880 3358 908 3409 ὁ
947 3355 1129 3424 φόϐος,
1180 3356 1470 3426 ἀδιήγητος
1517 3358 1546 3409 ὁ
1579 3356 1800 3425 τρόμος,

225 3448 627 3517 ἀνερμήνευτος
652 3446 685 3514 ἠ
727 3444 962 3513 ἀνάγκη,
1000 3444 1306 3514 ἀμέτρητος
1336 3445 1369 3511 ἡ
1403 3444 1631 3515 αἰσχύνη
1683 3433 1802 3497 τύτε

226 3536 338 3595 τοῖς
372 3534 490 3586 κατ’
529 3533 629 3601 ἐμὲ
659 3533 936 3605 γινομένη,
966 3535 1092 3586 ὅταν
1121 3533 1300 3586 αὐτῶν
1343 3532 1801 3604 θριαμϐεύωντκι,

227 3623 459 3677 ἐνώπιον
480 3624 590 3676 τῶν
618 3624 883 3694 οὐρανίων
904 3626 996 3677 καὶ
1023 3625 1303 3693 ἐπιγείων,
1329 3625 1575 3695 ἀγγέλων
1601 3627 1695 3679 καὶ
1716 3626 1807 3678 ἀν-

226 3713 487 3785 θρώπων,
514 3711 607 3764 καὶ
636 3711 1050 3781 δημοσιεύονται
1077 3713 1130 3764 αἱ
1165 3714 1432 3785 πορνεῖαι,
1456 3712 1512 3763 αἱ
1549 3714 1804 3780 μοιχεῖαι,

225 3809 298 3859 τὰ
334 3805 526 3875 ψεύδη,
569 3807 623 3856 al
657 3806 951 3875 ἐπιορκίαι,
982 3803 1100 3867 πῶς
1122 3804 1242 3856 τότε
1273 3803 1656 3874 αἰσχύνονταις
1690 3801 1809 3865 πῶς

227 3897 526 3968 τήκονται;
560 3896 751 3963 Μέγας
804 3897 832 3948 ὁ
879 3895 1087 3965 χειμὼν
1138 3895 1343 3956 ἐκεῖνος
1405 3891 1545 3946 τότεο
1582 3892 1807 3963 μέγαςὸ

227 3989 460 4052 κλύδων,
481 3987 691 4059 χαλεπὴ
707 3990 740 4057 ἡ
764 3988 1104 4057 περίστασις,
1122 3984 1504 4054 ἀκατάληπτος
1526 3982 1807 4054 ἡάνάγκη,

225 4084 259 4137 ὁ
291 4080 590 4149 ὀλολυγμὸς
616 4081 929 4151 ἀδιήγητος.

308 4173 571 4227 Βούλεσθε
602 4172 671 4225 τὰ
710 4174 829 4225 κατ’
876 4173 1119 4242 ἐκείνην
1151 4172 1249 4241 τὴν
1309 4170 1545 4240 φοϐερὰν
1597 4171 1811 4241 ἡμέραν

227 4268 639 4340 ἆκριϐεστέρως
687 4265 1065 4336 ὲξετάσωμεν;
1121 4265 1395 4336 Συμφέρει
1441 4267 1549 4336 γὰρ
1596 4264 1812 4336 ἀληθῶς

1903 3187 2026 3241 quae
2078 3186 2299 3240 semper
2346 3171 2460 3225 Deo
2513 3170 2725 3225 cantica
2769 3184 2836 3225 ac
2874 3168 3068 3224 laudes
3110 3168 3477 3238 depromunt;

1906 3277 2144 3331 quonam
2202 3261 2370 3331 igitur
2412 3275 2563 3314 nunc
2617 3259 2781 3313 modo
2821 3274 2926 3314 nos
2951 3257 3353 3314 consistemus‘!
3392 3258 3482 3311 ln-

1905 3369 2042 3424 gens
2074 3353 2270 3416 timor,
2301 3350 2692 3406 inenarrabilis
2725 3359 2950 3414 tremor,
2966 3350 3269 3405 necessitas
3321 3349 3479 3404 inex-

1905 3442 2199 3511 plicabilis,
2230 3441 2532 3495 immensus
2560 3447 2690 3493 tunc
2729 3437 2908 3507 pudor
2936 3436 3046 3491 illis
3073 3437 3167 3506 qui
3197 3436 3305 3491 mei
3330 3435 3485 3490 simi-

1907 3539 1991 3593 les
2015 3539 2311 3593 exsistunt.
2339 3538 2478 3593 Cum
2499 3552 2692 3592 eorum
2731 3551 2917 3591 coram
2969 3535 3181 3607 angelis
3209 3543 3268 3591 et
3300 3535 3482 3590 homi-

1907 3630 2074 3684 nibus
2109 3629 2473 3682 traducentur
2500 3643 2565 3683 ac
2603 3627 2830 3698 publica
2855 3626 3203 3682 notabuntur
3233 3625 3482 3692 infamia,

1908 3717 2306 3773 fornicationes
2332 3758 2347 3783 ,
2394 3717 2694 3783 adulteria,
2719 3716 3028 3783 mendacia,
3058 3717 3321 3798 perjuria,
3372 3732 3485 3786 quo

1914 3817 2044 3863 tunc
2068 3808 2231 3864 modo
2251 3809 2701 3865 confundentur?
2730 3808 3013 3879 quomodo
3039 3808 3435 3863 contabescent
3461 3809 3486 3861 ’ὲ

1911 3901 2101 3972 Magna
2143 3910 2275 3957 tunc
2322 3909 2640 3972 tempestas,
2673 3900 2866 3972 ingens
2893 3900 3158 3973 procella,
3186 3902 3368 3970 gravis
3396 3915 3489 3955 ca-

1910 3991 2146 4058 lamitas,
2179 3993 2420 4065 cogitatu
2453 3994 2627 4066 major
2649 3993 2970 4071 necessitas,
2993 3990 3228 4063 ejulatus
3261 3990 3497 4047 inienarm

1914 4083 2122 4139 rabilis.
2865 4145 2873 4152 ,

1985 4176 2166 4231 Vultis
2194 4191 2316 4245 qum
2333 4174 2400 4229 ad
2429 4174 2833 4230 formidabilem
2871 4175 3027 4230 illum
3062 4173 3210 4230 diem
3240 4183 3491 4246 spectant

1915 4269 2233 4340 diligentius
2280 4266 2681 4336 exquiramus?
2717 4266 2961 4336 Expedit.
2996 4265 3145 4322 enim
3203 4282 3395 4322 revera
3431 4278 3492 4321 ut

227 4361 441 4429 ταύτης
467 4359 590 4412 καθ’
619 4356 769 4427 ὤραν
811 4356 1167 4427 μνημονεύειν
1203 4360 1260 4410 ἐν
1307 4359 1461 4410 νυκτὶ
1487 4358 1579 4410 καὶ
1606 4359 1787 4427 ἡμέρᾳ

1917 4358 2066 4415 onmi
2123 4359 2276 4421 bora,
2333 4365 2501 4412 noctu
2562 4356 2795 4426 diuque,
2858 4357 3495 4413 illiusmeminerimus.

231 4452 302 4506 Τί
333 4449 425 4506 οὖν
455 4466 617 4521 φησιν
647 4451 675 4502 ὁ
703 4447 939 4519 Δανιήλ;
967 4445 1292 4515 Ἐθεώρουν
1322 4447 1392 4501 ἐν
1427 4447 1670 4516 ὁράματι
1704 4445 1811 4512 τῆς

228 4544 481 4608 νυκτὸς.
531 4541 643 4607 ἕως
691 4536 763 4595 οὗ
803 4540 1001 4607 θρόνοι
1044 4538 1364 4605 ἐτέθησαν·
1412 4541 1508 4593 καὶ
1550 4539 1810 4602 Παλαιὸς

228 4634 476 4705 ἡμερῶν
503 4632 808 4687 ἐκάθισεν.
853 4633 913 4685 '0
948 4632 1156 4698 θρόνος
1193 4630 1380 4685 αὐτοῦ
1406 4630 1561 4694 φλὸξ
1590 4630 1808 4697 πυρός·

231 4731 290 4783 οἱ
321 4724 524 4795 τροχοὶ
553 4722 740 4778 αὑτοῦ
763 4722 883 4789 πῦρ
910 4726 1154 4793 φλὲγφνο
1185 4722 1448 4790 ποταμὸς
1485 4722 1673 4789 πυρὸς
1694 4714 1815 4775 εἷλ-

231 4820 356 4872 xer’
374 4818 716 4887 ἔμπροσθεν
742 4814 948 4869 αὑτοῦ.
985 4817 1180 4869 Χίλιαι
1227 4812 1492 4883 χιλιάδες
1516 4813 1815 4882 παρεστή-

1918 4451 2059 4518 Quid
2093 4467 2224 4519 ergo
2259 4449 2333 4503 ait
2361 4449 2592 4504 Daniel?
2628 4449 2881 4505 γίάεὺαιη
2897 4452 2949 4504 in
2974 4451 3169 4505 visione
3195 4452 3380 4516 noctis,
3401 4451 3499 4505 do—

1920 4560 2012 4598 nec
2056 4544 2232 4598 throni
2274 4543 2428 4613 positi
2463 4551 2633 4596 sunt:
2672 4548 2722 4595 et
2774 4540 3034 4612 Antiquus
3081 4543 3287 4597 dierum
3337 4544 3491 4597 sedit.

1921 4635 2155 4691 Thronus
2190 4635 2302 4705 ejus
2314 4636 2536 4705 ﬂamma
2558 4634 2694 4704 ignis
2715 4648 2739 4687 :.
2765 4642 2894 4688 rota:
2921 4635 3035 4705 ejus
3060 4636 3196 4705 ignis
3226 4637 3511 4706 ﬂagrans;

1922 4729 2113 4797 [lumen
2141 4727 2276 4797 ignis
2308 4724 2549 4778 trahebat
2585 4725 2641 4778 in
2667 4735 2939 4795 conspectu
2966 4725 3100 4794 ejus.
3142 4724 3288 4779 Mille
3324 4725 3497 4780 millia

1927 4815 2239 4869 assistebant
2293 4815 2359 4875 ei,
2390 4822 2439 4866 et
2468 4814 2608 4868 dena
2642 4812 2813 4867 millia
2856 4812 3047 4867 denum
3082 4814 3309 4869 millium
3338 4817 3496 4869 mini-

233 4925 426 4964 καθἰν
471 4907 650 4973 αὐτῷ,
687 4908 783 4962 καὶ
827 4909 1033 4977 μυρίαι
1078 4907 1362 4977 μιῳιάδες
1403 4906 1793 4975 blandum-om

1926 4907 2178 4960 strabant.
2192 4907 2257 4959 ei.
2284 4905 2550 4959 Judicium
2583 4905 2739 4970 sedit,
2770 4914 2820 4959 et
2860 4904 2979 4959 libri
3002 4907 3172 4977 aperti
3198 4918 3340 4961 sunt.
3385 4908 3511 4979 liga

232 4998 423 5065 αὐτῷ.
470 4999 783 5066 Κριτήριον
814 4997 1084 5061 ἐκάθισε,
1129 4996 1226 5051 καὶ
1263 4998 1468 5061 βίϐλοι
1523 4993 1823 5065 ἀνεῴχθη-

1929 4998 2124 5052 Daniel
2155 4999 2277 5061 vidi,
2307 5008 2355 5052 et
2384 5001 2588 5053 horruit
2617 4994 2832 5069 spiritus
2865 5014 3005 5052 meus
3041 5014 3059 5053 :
3089 5008 3135 5053 et
3159 5001 3286 5054 visio
3312 5003 3501 5070 capitis

234 5106 383 5145 σαν.
412 5090 561 5158 Ἐγὼ
610 5089 835 5155 Δανιὴλ
884 5088 1047 5151 war,
1099 5089 1196 5140 καὶ
1249 5087 1455 5157 ἔφριξε
1487 5088 1552 5141 τὸ
1586 5087 1793 5155 πνεῦμι

1930 5092 2031 5142 mei
2053 5088 2383 5142 conturbavit
2416 5103 2496 5141 me
2517 5088 2581 5140 ”.
2613 5087 2772 5156 Papae
2796 5087 2807 5140 ι
2847 5086 3121 5156 Propheta
3146 5087 3262 5141 visa
3289 5097 3498 5142 tantum

232 5198 384 5251 μου,
429 5184 523 5233 καὶ
567 5181 604 5247 ’ἡ
633 5180 843 5248 ὅρασις
878 5176 983 5244 τῆς
1015 5177 1284 5247 κεφαλῆς
1302 5195 1420 5246 μου
1447 5177 1822 5246 συνετάρασ-

1926 5183 2182 5252 supplicii
2210 5182 2394 5252 specie
2418 5181 2635 5235 horruit
2672 5198 2686 5234 :
2713 5182 2911 5251 ecquid
2936 5182 3096 5237 nobis
3125 5182 3372 5237 futurum
3395 5192 3498 5241 cst.

235 5272 363 5327 σέν
392 5289 487 5341 με.
524 5270 727 5324 Βαὸαίί
771 5269 798 5320 ὁ
822 5270 1105 5366 προὶρήτης
1136 5270 1316 5338 ὅραμα
1350 5267 1508 5338 μόνον
1536 5268 1633 5337 τῆς
1665 5267 1793 5321 κολά

1929 5287 2053 5326 cum
2092 5271 2145 5324 in
2182 5287 2269 5325 res
2295 5268 2442 5339 ipsas
2495 5279 2882 5340 tormentaque
2929 5273 3265 5336 venerimus,
3319 5282 3502 5327 astan-

240 5380 391 5426 σεως
430 5362 553 5415 ἰδὼν
587 5362 899 5432 ἔφριξε-καὶ
932 5355 1002 5411 ’τί
1026 5355 1133 5429 ἄρα
1171 5360 1329 5429 ἡμεῖς
1376 5357 1641 5428 μέλλομεν
1684 5359 1819 5411 ὑπο-

1931 5369 2011 5415 tcs
2041 5361 2195 5426 nudi,
2219 5377 2282 5416 ac
2313 5370 2662 5431 peccatorum
2689 5363 2808 5415 Solo
2837 5377 3008 5418 onere
3033 5359 3285 5434 gravati?

240 5454 456 5523 μένειν,
492 5454 618 5504 ὅταν
672 5454 750 5514 εἰς
793 5449 932 5505 αὐτὰ
972 5449 1038 5502 τὰ
1075 5450 1374 5519 πράγματα
1423 5447 1688 5516 ἔλθωμεν,
1739 5449 1832 5502 καὶ
1885 5448 2127 5519 βάσανα·
2171 5451 2565 5522 παριστάμενοι
2616 5453 2830 5524 γυμνοὶ,
2887 5454 2978 5507 καὶ
3026 5452 3086 5505 τὸ
3146 5447 3364 5522 φορτίον
3394 5450 3529 5504 τῶνν.

239 5546 666 5617 ἁμαρτημάτων
698 5545 857 5614 μ’όνον
890 5541 1328 5612 πεφορτωμένοη

326 5662 374 5691 ⁸³
402 5663 512 5715 Ben
575 5679 665 5726 \‘ll,
698 5661 727 5715 9
753 5676 845 5730 seq
870 5677 903 5727 ι.
