4010 6288
578 282 719 351 3235
1830 291 2135 352 INCERTI
2171 293 2549 357 AUCTORIS
3665 296 3767 362 3258

642 393 801 450 Tune
826 391 1275 461 blasphemorum
1307 392 1416 463 igni
1452 395 1723 451 torrenda:
1753 396 1952 468 linguae
1979 415 1992 451 :
2022 410 2153 453 tunc
2178 401 2225 460 Α

2178 401 2232 460 Α
2325 400 2459 452 Τότε
2490 399 2597 452 τῶν
2654 397 2993 469 β).ασ;,ςήμων
3043 399 3099 452 αἱ
3152 398 3392 468 γλῶσσαι
3445 402 3760 470 φλογίζοντιιι·

570 487 968 545 fornicatorum
1008 485 1292 541 exurenda
1343 502 1609 558 corpora;
1663 496 1793 544 tunc
1830 491 2149 545 convician-

2251 489 2372 541 τότε
2395 488 2465 541 τὰ
2491 487 2600 543 τῶν
2632 490 2846 557 πόρνων
2890 486 3117 558 σώματα
3149 491 3677 546 κατακαίονται.Τάτε
3693 496 3763 550 τῶν

575 581 716 635 tium
761 578 1107 634 conterenda
1153 594 1273 644 ora,
1322 596 1427 635 nec
1477 582 1586 635 erit
1650 582 1745 651 qui
1795 583 2147 638 misereatur.

2251 579 2508 650 λοιδὸρων
2528 580 2597 633 τὰ
2626 582 2870 649 στόματα
2926 581 3324 650 συντρίῖονται,
3377 580 3475 633 καὶ
3489 581 3584 634 οῦκ
3608 583 3767 638 ἔσταιὸ

558 668 733 727 .Tunc
776 667 1245 724 immisericordes
1296 668 1809 724 immisericorditer
1860 672 2141 740 puniendi.

2252 670 2578 727 ὲλεῶν.Τότε
2605 672 2653 724 οἱ
2679 671 3014 741 ᾶσπλαγχυοι
3047 671 3290 742 ἀνηλεῶς
3318 670 3648 734 κολάζονται.
3674 675 3765 729 Τὸτι

560 759 730 821 ,Τιηιο
770 759 1053 830 superﬂuo
1098 761 1253 816 cultu
1286 761 1642 831 gloriantium
1693 763 1880 817 vultus
1922 764 2143 832 fuligine

2252 760 2743 830 καλλωπιζομένων
2771 761 2840 813 τὰ
2871 760 3140 831 πρόσωπα
3169 761 3545 814 ἀσὸολοῦνται.
3565 762 3680 816 Τότε
3693 766 3767 817 stin

571 849 880 906 inﬁciendi.
914 850 1071 907 Tunc
1101 850 1378 921 impudice
1410 854 1772 909 annuentium
1812 856 1956 910 oculi
1991 854 2149 911 obte-

2250 853 2607 906 διανευόντων
2637 854 2687 906 οἱ
2728 850 3001 923 ὀφθαλμοὶ
3044 853 3402 917 σκοτίξονται.
3438 853 3534 916 Τίς
3561 855 3588 906 6
3611 855 3764 917 ὲλεῶν;

560 942 861 998 .nebrandi.
891 942 1027 1009 Quis
1061 942 1430 999 misereatur?
1452 944 1588 1011 Quis
1615 945 1845 1001 salutem
1891 950 2143 1016 praestet?

2248 945 2335 1007 τίς
2357 946 2384 997 6
2410 943 2600 1007 σώζων
2620 961 2635 1010 ;
2658 943 2767 997 Ποῦ
2800 943 2921 996 τότε
2947 945 3161 1010 γονεῖςς
3195 942 3298 996 ποῦ
3320 943 3574 1013 ἀδελφοε;
3598 945 3684 997 ποῦ
3703 963 3769 999 πα·

570 1030 677 1089 Ubi
719 1042 849 1090 tunc
869 1035 1171 1103 parentes?
1202 1034 1297 1089 ubi
1328 1035 1530 1091 fratres
1544 1037 1570 1089 ?
1584 1037 1677 1092 ubi
1699 1038 1892 1108 pater?
1913 1038 2007 1093 ubi
2037 1054 2151 1095 ma-

2249 1037 2392 1105 τήρς
2430 1034 2534 1088 ποῦ
2592 1038 2775 1105 μήτηρ
2799 1046 2815 1098 ;
2842 1033 2946 1086 ποῦ
3002 1034 3155 1098 φίλος
3184 1048 3199 1098 ;
3227 1034 3326 1087 ποῦ
3357 1037 3390 1103 ἡ
3427 1036 3537 1087 τῶν
3564 1035 3768 1103 βασιλέων

566 1125 691 1189 ,ιονῖ
703 1125 798 1181 ubi
814 1124 1027 1182 amicus
1040 1126 1063 1179 ?
1078 1126 1174 1181 ubi
1192 1142 1381 1197 regum
1399 1128 1803 1199 magniﬁcentia
1819 1129 1844 1184 ?
1858 1129 2001 1197 Quid
2017 1147 2149 1188 vero

2253 1125 2519 1195 φαντασία
2538 1143 2553 1193 ;
2581 1126 2691 1179 Καὶ
2706 1126 2757 1178 τί
2781 1126 2925 1194 λέγω
2950 1124 3134 1195 πατὴρ
3154 1126 3247 1177 καὶ
3277 1126 3498 1197 μήτηρ;
3521 1128 3640 1179 Οὐδὲ
3661 1130 3768 1180 αὐτοὶ

571 1216 700 1272 dico
728 1226 884 1286 pater
905 1232 970 1272 ac
1002 1228 1179 1296 mater
1199 1217 1222 1272 ?
1240 1218 1352 1274 Nec
1377 1214 1555 1291 angeli
1583 1220 1710 1291 ipsi,
1736 1237 1841 1278 nec
1862 1231 2146 1296 martyres,

2250 1220 2299 1271 oi
2333 1218 2574 1286 ἄγγελοι,
2606 1216 2727 1271 οὐδὲ
2758 1218 2808 1271 οἱ
2864 1218 3164 1289 μάρτυρες,
3198 1216 3321 1271 οὐδὲ
3375 1218 3667 1287 ἀπόστολοι,
3685 1219 3767 1273 τέπ

564 1320 675 1363 nec
694 1309 952 1378 apostoli,
988 1318 1121 1365 tunc
1138 1310 1489 1368 obsecrantes
1516 1312 1903 1369 exaudientur.

1537 1312 1848 1369 :xaudicntu
1858 1332 1903 1368 r.
2251 1309 2697 1382 παρακαλοῦντες
2728 1310 3120 1367 εἰσακούονται.

640 1399 837 1465 Nemo,
895 1400 1124 1465 fratres,
1179 1403 1421 1472 seipsum
1477 1414 1662 1460 mente
1724 1404 1985 1476 decipiat.
2047 1407 2149 1464 Ubi

2318 1405 2541 1474 Μηδεὶς,
2574 1405 2812 1473 ἀδελφοὶ,
2841 1404 3028 1457 ἑαυτὸν
3054 1403 3476 1475 φρεναπατάτω.
3509 1403 3666 1458 Ὅπου
3695 1403 3769 1471 γὰρ

566 1491 720 1546 enim
755 1492 905 1547 Deus
938 1493 1205 1550 adversus
1242 1494 1521 1550 hominem
1556 1498 1848 1564 clauserit,
1880 1500 2005 1568 quis
2037 1501 2148 1569 jam

2251 1495 2383 1559 Θεὸς
2412 1496 2601 1567 κλείσῃ
2660 1497 2800 1550 κατά
2842 1495 3155 1565 ἀνθρώπου,
3210 1495 3400 1552 λοιπὸν
3458 1498 3541 1561 τίς
3587 1494 3765 1558 ἀνοίξεις

566 1581 831 1651 aperiat?
862 1584 969 1640 Ubi
1011 1591 1153 1640 tunc
1187 1585 1524 1656 optimates?
1562 1586 1789 1646 Confusi
1841 1600 1988 1645 sunt.
2044 1590 2147 1648 Ubi

2252 1587 2360 1639 Ποῦ
2401 1587 2520 1639 τότε
2570 1585 2856 1656 ἇρχοντεςς
2895 1586 3290 1658 ᾘσχύνϐησαν.
3387 1588 3501 1641 Ποῦ
3545 1585 3767 1647 δικασταῖς

564 1676 830 1747 judices?
875 1677 1096 1734 Iudicio
1138 1677 1380 1734 damnati
1434 1688 1585 1734 sunt.
1652 1680 1758 1735 Ubi
1825 1691 1956 1737 tunc
2003 1684 2146 1738 servi

2252 1678 2883 1749 Κατεδεκάσθησαν.,ῐ]οῦ
2907 1678 3029 1732 τότε
3056 1680 3107 1731 οἱ
3160 1679 3336 1733 δοῦλοι
3361 1681 3413 1734 οἱ
3444 1681 3769 1751 μαστιζόμενυι

570 1768 711 1823 dure
736 1769 1057 1839 vapulantes
1075 1770 1101 1825 ?
1121 1770 1225 1826 Ubi
1256 1770 1468 1826 ancillae
1497 1771 1591 1826 hic
1618 1786 1651 1825 a
1674 1772 1838 1829 nobis
1859 1774 2148 1831 laboribus

2187 1759 2225 1813 Β
2254 1771 2516 1841 ἀφειδῶς;
2545 1770 2654 1823 Ποῦ
2677 1771 2733 1823 αἱ
2760 1769 3015 1836 δουλίδες,
3042 1771 3098 1825 αἱ
3133 1769 3601 1840 καταπονούμεναι
3626 1763 3707 1823 ὦδε
3731 1770 3770 1834 ἐξ

572 1861 893 1928 oppressae?
921 1860 1077 1915 Tune
1108 1861 1147 1916 ii
1176 1862 1231 1916 in
1263 1861 1424 1918 bonis
1475 1873 1675 1928 erunt;
1722 1864 1919 1918 borum
1968 1875 2151 1919 autem

2256 1861 2413 1932 ἡμῶν
2441 1880 2455 1923 ;
2486 1862 2621 1914 Τότε
2654 1861 2808 1915 αὐτοὶ
2829 1862 2887 1914 ὲν
2912 1858 3154 1927 ἀγαθοῖς,
3186 1861 3234 1913 οἱ
3254 1859 3309 1912 δὲ
3340 1859 3545 1914 τούτων
3569 1860 3771 1912 δεσπόται

568 1948 782 2002 ιΙυιιιίιιί
808 1948 862 2002 in
896 1947 1309 2004 cruciamentis.
1341 1950 1444 2006 Ubi
1471 1950 1786 2021 superﬂuus
1821 1952 2002 2005 cultus
2022 1968 2151 2005 eor-

2254 1956 2311 2005 ὲν
2342 1953 2488 2005 Θλιϐε
2500 1955 2609 2023 ροῖς
2631 1994 2643 2007 .
2679 1951 2789 2006 Ποῦ
2811 1951 2839 2002 6
2868 1950 3252 2020 καλλωπισμὸς
3278 1949 3372 2004 τοῦ
3406 1950 3671 2020 σώματοςς
3694 1947 3772 2002 Ποῦ

572 2040 770 2111 poris?
804 2040 905 2096 Ubi
933 2048 1116 2096 vestes
1142 2042 1441 2111 exquisitis
1474 2042 1757 2099 coloribus
1786 2044 2015 2100 tinctae?
2045 2044 2149 2101 Ubi

2254 2047 2308 2098 αἱ
2330 2046 2488 2114 χροαὶ
2516 2042 2623 2096 τῶν
2650 2044 2911 2112 ῐματίων;
2939 2040 3045 2096 Ποῦ
3074 2044 3107 2109 ἡ
3135 2041 3228 2095 τοῦ
3251 2043 3477 2113 χρυσίου
3499 2043 3771 2112 δοκιμασίσ;

572 2134 694 2187 auri
710 2133 999 2202 probatio?
1024 2133 1124 2189 Ubi
1142 2135 1353 2204 argenti
1372 2136 1577 2190 sonus?
1595 2136 1697 2192 Ubi
1725 2137 1990 2192 unionum
2014 2139 2155 2193 aesti-

2254 2136 2364 2189 Ποῦ
2399 2137 2426 2188 6
2455 2134 2662 2198 κτύπος
2683 2133 2777 2187 τοῦ
2811 2132 3203 2204 ἀργύρουςΠοῦ
3226 2136 3282 2186 αἱ
3331 2132 3445 2186 τῶν
3477 2131 3774 2203 μαργαριτῶν

575 2226 787 2280 matio?
812 2226 906 2281 ubi
929 2236 1161 2282 ornatus
1179 2228 1487 2282 manuum?
1521 2227 1623 2283 Ubi
1645 2228 1901 2284 deliciae?
1924 2229 2030 2285 Ubi
2063 2231 2151 2285 di-

2252 2226 2410 2293 τιμαί
2434 2243 2449 2297 ;
2477 2225 2586 2279 Ποῦ
2620 2228 2654 2296 ἡ
2684 2225 2952 2295 κόσμησις
2975 2223 3084 2277 τῶν
3111 2224 3310 2295 χειρῶν
3336 2244 3353 2291 ;
3381 2221 3494 2276 Ποῦ
3523 2225 3556 2293 ἡ
3600 2223 3771 2292 τρυφῆς

570 2331 738 2371 s'ersa
759 2316 928 2371 vina?
951 2315 1055 2374 Ubi
1085 2317 1262 2387 equi?
1298 2317 1402 2388 Ubi
1424 2317 1582 2373 frena
1627 2319 1834 2374 aurea?
1866 2318 1971 2376 Ubi
2009 2336 2040 2376 a
2074 2322 2150 2377 la-

2253 2315 2367 2371 Ποῦ
2387 2318 2416 2370 6
2440 2313 2583 2380 οἵνος
2610 2317 2637 2370 6
2670 2314 2957 2386 διάφορος;
2990 2314 3100 2369 Ποῦ
3126 2315 3177 2367 οἱ
3199 2314 3392 2380 instet;
3427 2312 3534 2367 Ποῦ
3553 2312 3600 2364 οε
3631 2313 3774 2382 χρυσοῖ

579 2417 695 2461 tere
727 2408 1060 2465 currentes?
1103 2408 1208 2465 Ubi
1262 2410 1480 2464 turbam
1528 2410 1921 2467 submoventes
1966 2412 2156 2468 servi?

2253 2407 2494 2479 χαλινοι;
2521 2406 2628 2460 Ποῦ
2647 2406 2696 2459 οἱ
2723 2406 3160 2476 παρατρέχοντες
3180 2421 3195 2471 ;
3216 2404 3326 2458 Ποῦ
3346 2406 3399 2457 οἱ
3424 2402 3772 2474 παρασύροντες

578 2499 679 2554 Ubi
715 2500 969 2569 superbae
1005 2499 1190 2555 aedes?
1231 2500 1332 2556 Ubi
1392 2500 1445 2554 in
1494 2501 1829 2556 formidabili
1870 2502 1960 2558 illa
2017 2503 2153 2559 hora

2252 2499 2430 2552 δοῦλοι
2458 2515 2473 2564 ;
2504 2496 2613 2552 Ποῦ
2641 2497 2699 2550 αἱ
2736 2496 2905 2550 οἰκίαι
2936 2496 3453 2566 κεκαλλωπισμέναι
3483 2513 3500 2561 ς
3533 2494 3633 2548 Ποῦ
3660 2496 3705 2545 ἐν
3725 2494 3771 2560 τῇ

577 2592 671 2660 qui
735 2590 1127 2645 resurrectioni
1179 2604 1244 2645 ac
1299 2589 1573 2659 supplicio
1627 2590 1927 2646 detrahunt
1956 2592 2151 2656 fidem,

2255 2591 2464 2661 φοϐερᾷ
2493 2588 2614 2660 ῶρᾳ
2640 2587 2825 2658 ἐκείνῃ
2870 2588 2919 2641 οἱ
2947 2590 3012 2658 τῇ
3038 2589 3333 2641 ἀναστάσει
3395 2589 3490 2640 καὶ
3518 2589 3580 2657 τῇ
3604 2585 3770 2638 κολάσει

574 2681 837 2751 velutque
890 2681 1232 2736 immortales
1275 2680 1356 2736 sic
1386 2695 1446 2737 se
1481 2681 1731 2736 habent?
1773 2682 1877 2739 Ubi
1910 2683 2003 2752 qui
2035 2683 2155 2739 the-

2259 2684 2333 2753 μὴ
2384 2680 2753 2745 πιστεύοντες,
2799 2681 2895 2735 καὶ
2932 2681 3009 2743 ὡς
3039 2679 3295 2734 ἀθάνατοι
3319 2675 3771 2749 διακείμενοῃιιοῦ

574 2786 771 2828 sauros
805 2779 1090 2842 aggerum,
1124 2785 1228 2826 nec
1242 2770 1477 2826 fratrum
1516 2770 1870 2826 miseratione
1918 2781 2152 2842 tangun-

2254 2774 2304 2827 οἱ
2332 2771 2774 2842 Θησαυρίζοντες,
2806 2771 2901 2824 καὶ
2936 2769 3062 2833 τοὺς
3106 2769 3369 2840 ἀδελφοὺς
3404 2769 3483 2840 μὴ
3511 2767 3767 2830 ὲλεοῦγτεςς

577 2860 710 2915 tur?
742 2858 849 2916 Ubi
880 2869 1062 2915 vestes
1091 2860 1282 2915 sericas
1306 2859 1330 2913 ?
1366 2857 1469 2915 Ubi
1498 2858 1742 2929 byssus?
1778 2859 1881 2917 Ubi
1910 2860 2152 2930 pretiosa

2256 2863 2365 2918 Ποῦ
2398 2862 2467 2917 τὰ
2499 2862 2703 2933 σηρικά
2731 2878 2746 2928 ;
2785 2859 2895 2914 Ποῦ
2924 2860 2994 2914 τὰ
3020 2860 3286 2931 βύσσινα;
3317 2861 3433 2914 Ποῦ
3464 2861 3532 2913 τὰ
3554 2859 3771 2926 πολύτιμα

576 2944 988 3009 calceamenta?
1014 2949 1118 3006 Ubi
1149 2951 1473 3021 unguenta?
1501 2950 1607 3006 Ubi
1649 2965 1806 3006 vana:
1829 2950 2156 3006 infumatio-

2256 2955 2620 3026 ὑποδήματα;
2650 2952 2761 3008 Ποῦ
2790 2954 2859 3007 τὰ
2896 2953 3077 3023 μύρα;
3110 2951 3220 3006 Ποῦ
3244 2952 3313 3006 τὰ
3353 2952 3685 3023 καπνισμιιτα
3723 2947 3771 3001 τὰ

576 3057 681 3099 nes
700 3083 715 3108 ,
749 3057 983 3113 quarum
1011 3049 1232 3111 sumptu
1260 3041 1560 3112 juvenibus
1581 3040 1750 3096 decor
1777 3041 2105 3096 conciliatur
2129 3040 2153 3095 ?

2199 3112 2218 3114 _
2259 3047 2486 3112 μάταια,
2518 3048 2585 3098 τὰ
2608 3045 2688 3108 εις
2713 3044 2774 3097 τὸ
2785 3043 2979 3106 κάλλος
2994 3042 3095 3113 τῆς
3118 3042 3368 3114 νεότητος
3383 3043 3771 3113 ἀναλισκόμεναὶ

578 3133 635 3190 id
661 3112 793 3189 vero
817 3147 940 3188 cum
966 3131 1237 3203 quosdam
1263 3131 1543 3186 videamus
1571 3131 1750 3187 frusto
1778 3131 1936 3201 panis
1963 3146 2147 3201 egere,

2188 3112 2223 3173 Β
2253 3135 2538 3190 καὶταῦτα
2563 3134 2798 3207 ὁρῶντες
2820 3154 2972 3199 τινας
2992 3112 3303 3204 κλάσματος
3329 3137 3498 3207 ἄρτου
3521 3134 3771 3206 δεομένους.

577 3226 805 3297 vinique
846 3225 1029 3297 ipsum
1061 3223 1290 3281 odorem
1316 3222 1657 3285 desiderare,
1697 3238 1802 3279 nec
1840 3223 1949 3279 illis
1979 3225 2150 3280 mise-

2244 3228 2341 3281 καὶ
2378 3227 2699 3301 ὀσφρήσεως
2736 3229 2880 3284 οῐνου
2939 3226 3364 3298 ἐπιθυμοῦντας,
3422 3228 3516 3283 καὶ
3553 3227 3620 3299 μὴ
3652 3225 3772 3291 ἐλεή-

576 3333 820 3375 reamur.

2254 3338 2464 3387 σαντες.

646 3421 789 3489 Quid
821 3430 955 3478 tunc
974 3421 1250 3492 juvabunt
1300 3421 1595 3477 ambitioso
1630 3437 1781 3477 nune
1802 3430 2001 3477 ornatu
2021 3420 2147 3477 lecti

2323 3412 2388 3465 Τί
2428 3429 2485 3467 σε
2521 3413 2643 3465 τότε
2665 3412 3041 3483 ὠφελήσουσιν
3077 3413 3131 3465 αἱ
3180 3410 3275 3465 νῦν
3302 3413 3657 3480 κοσμούμεναι
3681 3406 3767 3458 κλί-

576 3511 890 3584 Splendidi?
917 3513 1022 3570 Ubi
1050 3522 1194 3568 tunc
1223 3513 1316 3582 qui
1362 3513 1701 3584 pauperibus
1750 3512 2148 3583 improperant,

2250 3524 2371 3574 ναι;
2404 3504 2513 3561 Ποῦ
2542 3504 2661 3558 τότε
2682 3505 2731 3557 oi
2754 3506 2881 3568 τοὺς
2915 3505 3162 3573 πτωχοὺς
3202 3502 3546 3567 ὀνειδίζοντες
3569 3501 3647 3553 καὶ
3669 3503 3770 3552 ἀπο-

573 3617 780 3673 eosque
804 3604 1174 3660 aversantur?
1197 3601 1318 3669 Quo
1354 3613 1488 3659 tunc
1509 3603 1862 3665 amandandi,
1890 3605 1985 3674 qui
2022 3620 2152 3659 con-

2255 3597 2647 3672 στρεφόμενοι;
2670 3596 2777 3650 Ποῦ
2816 3598 2937 3651 τότε
2996 3596 3247 3667 μέλλουσι
3282 3589 3767 3665 παραπέμπεσθοιοι

574 3693 801 3749 stitutos
821 3693 878 3747 in
902 3693 1330 3749 necessitatibus
1350 3693 1702 3764 despiciunt?
1730 3694 1825 3749 ubi
1874 3695 2151 3764 sapientes

2252 3687 2691 3763 παροιδλέποντες
2721 3689 2848 3748 τοὺς
2897 3689 2955 3741 ἐν
2994 3687 3294 3754 ἀνάγκαις;
3345 3687 3458 3740 Ποῦ
3482 3689 3529 3739 οἱ
3559 3679 3769 3751 cogehat

575 3796 643 3837 ac
668 3783 956 3839 oratores?
993 3783 1089 3839 ubi
1124 3784 1182 3839 in
1214 3784 1488 3857 tympanis
1541 3791 1597 3839 et
1632 3784 1822 3842 choris
1852 3785 2042 3840 vinum
2067 3785 2151 3839 bi—

2254 3786 2514 3854 ρήτορεςς
2537 3781 2647 3835 Ποῦ
2668 3782 2718 3833 οἱ
2754 3780 2891 3849 μετὰ
2922 3781 3222 3850 τυμπάνων
3253 3778 3351 3831 καὶ
3376 3778 3554 3849 χορῶν
3577 3769 3772 3828 τδνοῖνον

573 3872 818 3929 bentes?
864 3872 982 3939 ubi,
1014 3889 1224 3945 quaeso,
1256 3884 1407 3940 tunc,
1442 3890 1506 3930 ac
1537 3875 1817 3945 quomodo
1860 3876 2039 3930 acturi
2068 3876 2152 3930 lu-

2253 3874 2537 3938 πίνοντεςς
2576 3871 2687 3925 Ποῦ
2726 3871 2835 3941 ἄρα
2864 3872 3008 3934 τότε,
3057 3869 3091 3940 ἢ
3143 3862 3547 3939 πᾶιςμέλλουσι
3582 3864 3765 3934 θρηνεῖν.

575 3971 750 4029 ctum,
775 3964 872 4035 qui
919 3966 1182 4021 continue
1216 3966 1353 4023 risui
1398 3966 1729 4038 indulgent?
1760 3966 1854 4021 ubi
1889 3967 1985 4037 qui
2021 3968 2153 4021 reli-

2250 3969 2301 4023 oi
2330 3968 2591 4039 διηνεκῶς
2626 3965 2920 4035 γελῶντεςς
2944 3963 3059 4035 Ποῦ
3088 3966 3137 4017 οἱ
3163 3966 3289 4027 τοὺς
3322 3963 3570 4025 εὐλαϐεῖς
3611 3972 3771 4030 μυκτη-

574 4056 760 4126 giosos
780 4057 1538 4114 hominessubsannanthbi
1556 4059 1649 4126 qui
1674 4059 1822 4114 nulla
1853 4069 2154 4129 tanguntur

2254 4060 2495 4131 ρεξοντες
2516 4058 2552 4125 ’;
2576 4057 2687 4112 Ποῦ
2722 4058 2772 4109 οἱ
2805 4054 3239 4126 ἀμεριμνῶντες,
3281 4054 3376 4107 καὶ
3416 4054 3664 4122 λέγοντες
3688 4044 3772 4105 Ni-

575 4163 709 4202 cura
763 4147 1068 4218 dicuntque
1106 4168 1119 4203 :
1154 4149 1393 4205 Edamus
1453 4160 1499 4204 et
1533 4150 1801 4215 bibamus;
1845 4166 1965 4204 cras
2014 4152 2153 4205 enim

2252 4166 2446 4220 τωμεν
2489 4153 2587 4202 καὶ
2634 4148 2879 4217 πίωμενο
2902 4144 3143 4216 ,αῠριον
3176 4145 3286 4216 γὰρ
3323 4143 3762 4211 ἀποθνήσκομεη

576 4239 868 4293 moriemur
888 4238 975 4293 “?
1000 4239 1105 4296 Ubi
1140 4239 1237 4294 Dei
1267 4239 1483 4294 timoris
1512 4248 1940 4309 contemptores,
1980 4239 2151 4293 nihil-

2255 4242 2365 4298 Ποῦ
2404 4242 2455 4293 οἱ
2486 4240 2578 4294 τοῦ
2607 4240 2774 4310 φόϐου
2808 4238 2904 4292 τοῦ
2935 4237 3071 4292 Θεοῦ
3093 4236 3578 4308 καταφρονοῦντες,
3603 4229 3768 4293 καὶτῆς,

575 4344 685 4400 que
715 4345 869 4386 suam
900 4346 1002 4400 pro
1028 4330 1125 4384 illo
1160 4330 1418 4386 tribunali
1464 4330 1838 4385 defensionem
1870 4341 2152 4396 curantes,

2256 4334 2462 4388 ἑαυτῶν
2500 4331 2798 4400 ἀπολογίας
2823 4329 3080 4405 φροντίδα
3115 4328 3190 4399 μὴ
3220 4328 3552 4395 ποιούμενοι,
3579 4323 3690 4393 ἀλλὰ
3710 4318 3761 4370 λέ·

573 4420 669 4475 sed
713 4420 961 4475 dicentes
993 4438 1007 4473 :
1040 4419 1518 4476 Clementissimus
1556 4420 1700 4475 Deus
1729 4430 1833 4484 est,
1879 4436 1943 4475 ac
1982 4419 2154 4490 gratis

2186 4455 2232 4514 ο
2257 4443 2447 4497 γοντες
2468 4442 2481 4456 ⁸
2506 4423 2892 4497 Φιλάνθρωπός
2938 4424 3085 4477 ἐστιν
3120 4424 3148 4475 6
3172 4421 3328 4488 Θεὸς,
3350 4422 3447 4474 καὶ
3499 4419 3648 4488 δῶρον
3666 4412 3764 4467 ἑλειὶ

574 4512 743 4567 nobis
763 4511 998 4565 salutem
1022 4505 1339 4565 concedet?
2186 4505 2224 4514 “’
2257 4521 2440 4591 ὴμᾶς;
3020 4564 3029 4570 ,
3088 4564 3093 4569 .

643 4601 787 4667 Heu,
819 4602 1038 4662 fratres.
1062 4602 1337 4672 quomodo
1361 4613 1493 4658 tunc
1526 4602 1908 4673 deplorabunt,
1937 4607 2064 4675 quia
2084 4623 2149 4662 ea

2329 4608 2511 4681 Οῐμοι,
2546 4607 2787 4675 ἀδελφοὶ,
2828 4599 2944 4669 πῶκς
2971 4606 3095 4661 τότε
3124 4606 3412 4677 μέλλουσιν
3442 4597 3755 4670 ἀποδύρεσθαι.

468 4695 473 4699 ’
575 4709 700 4765 qua:
728 4694 876 4750 dicta
906 4703 1058 4757 sunt,
1092 4702 1208 4749 tum
1230 4696 1568 4764 loquuntur,
1610 4704 1723 4749 tum
1751 4698 1958 4767 agunt?
1998 4697 2051 4764 Ql

2257 4703 2304 4754 οἱ
2332 4702 2399 4753 τὰ
2428 4696 2802 4768 προειρημένα
2832 4695 3099 4759 εἰπόντες,
3151 4697 3246 4750 καὶ
3304 4698 3619 4767 ποιήσαντες
3639 4706 3652 4753 ;
3675 4682 3764 4743 Πῶς.

575 4787 743 4842 modo
770 4798 902 4842 tunc
931 4787 1211 4857 plangent,
1248 4802 1351 4842 nec
1388 4788 1495 4841 erit
1524 4788 1618 4858 qui
1652 4803 1843 4843 eorum
1890 4790 2153 4845 miserea-

2257 4794 2379 4846 τότε
2407 4792 2682 4861 κόψονται,
2714 4789 2809 4841 καὶ
2839 4788 2940 4841 οὑκ
2966 4768 3117 4841 ἔσται
3144 4790 3173 4841 6
3202 4788 3368 4843 ἐλεῶν
3395 4786 3610 4855 αὐτούς;
3656 4778 3756 4832 [1653

576 4877 712 4932 tur?
754 4876 969 4943 Quanta
1019 4878 1238 4933 trahent
1285 4878 1521 4948 suspiria
1550 4920 1564 4942 ,
1621 4895 1725 4935 nec
1790 4882 1935 4935 ullus
1955 4881 2010 4935 in
2055 4897 2154 4937 eos

2262 4881 2628 4947 στενάξουσιν,
2664 4881 2756 4933 καὶ
2778 4880 2878 4932 οὒκ
2905 4879 3057 4932 ἐστιν
3093 4876 3422 4943 ὁοίκτειρων
3439 4876 3638 4936 αὐτοὺς,
3672 4862 3754 4922 οὐδὲ

578 4969 935 5024 miseratione
961 4979 1236 5041 tangetur,
1278 4978 1373 5023 aut
1411 4970 1570 5025 malis
1592 4972 1834 5040 eripiet?
1864 4972 2152 5039 Quomodo

2259 4977 2287 5027 6
2313 4973 2676 5044 λυτρούμενος
2700 4988 2714 5038 ;
2748 4971 2873 5033 Πῶς
2890 4971 3009 5024 τότε
3042 4969 3268 5032 ἑαυτοὺς
3288 4970 3686 5024 κατακόπτοντες
3702 4955 3754 5009 εἶ·

575 5074 634 5113 se
667 5067 797 5114 tunc
836 5060 1189 5131 deplangent,
1223 5061 1473 5117 dicentes
1504 5080 1515 5115 :
1544 5063 1634 5118 Vae
1658 5104 1672 5124 ,
1708 5080 1811 5127 vze,
1866 5064 1967 5133 ipsi
1992 5064 2152 5119 nobis

2261 5080 2456 5119 πωσιν·
2494 5064 2655 5128 Οὐαὶ,
2695 5064 2839 5127 οὐαὶ,
2877 5063 3102 5125 ἑαυτοὺς
3152 5061 3542 5131 ὲχλευάσαμεν;
3578 5046 3756 5118 ’Δληθῶς

577 5150 898 5207 illusimus?
936 5151 1075 5206 Vere
1106 5152 1206 5222 ipsi
1252 5168 1355 5207 nos
1375 5152 1718 5224 decepimus.
1743 5154 1912 5210 Plane
1939 5156 2153 5212 erravi~

2262 5156 2487 5220 ἑαυτοὺς
2525 5154 2900 5231 ηπατήσαμεν.
2934 5155 3141 5214 Ὄντως
3173 5151 3547 5221 ὲπλανήθημεν
3603 5138 3756 5201 πλάνην

580 5256 699 5295 unus
753 5256 946 5297 errore
1014 5243 1340 5313 gravissimo
1390 5260 1454 5299 ac
1500 5255 1727 5300 :eterno.
1784 5247 2149 5313 Docebamur,

2260 5248 2519 5320 χαλεπὴν,
2551 5248 2646 5300 καὶ
2674 5245 2911 5298 αἰώνιον.
2950 5242 3389 5313 Ἐδιδασκόμεθα,
3415 5236 3506 5294 καῖ
3538 5235 3594 5289 ού
3634 5238 3757 5320 προσ·

576 5350 679 5389 uec
743 5334 989 5413 animum
1043 5335 1485 5391 attendebamus.
1539 5337 2028 5403 Admonebantur,
2086 5355 2149 5392 ac

2257 5318 2494 5410 είκομεν.
2554 5335 3031 5406 Ἐνουοετούμεθα,
3094 5336 3187 5388 καὶ
3236 5318 3757 5413 ητεφροωῦιιεν;⁸⁸’

573 5428 991 5495 spcrucbamus.
1023 5428 1487 5483 Coutestabantur
1520 5431 1700 5495 nobis,
1735 5446 1836 5485 nec
1858 5429 2018 5485 ﬁdem
2049 5431 2147 5486 had

2257 5408 2637 5501 εμαρτύροντο
2665 5430 2815 5498 ἡμῖν,
2873 5428 2967 5481 καὶ
2996 5430 3096 5481 οὐκ
3122 5426 3494 5496 ἐπιστεύομεν.
3522 5417 3630 5473 Τῶν
3658 5408 3758 5501 FP?

574 5520 859 5571 luebamus.
900 5518 1214 5587 Scripturas
1256 5520 1548 5575 audientes
1574 5561 1587 5586 ,
1649 5522 1789 5576 male
1832 5524 2150 5592 exponeba-

2261 5522 2376 5589 φῶν
2431 5520 2718 5583 ἀκούοντες
2739 5562 2753 5582 ,
2802 5519 3005 5581 ταύτας
3036 5516 3507 5588 παρεξηγούμεοα,
3536 5498 3751 5592 Δικαίαῃὴ

577 5624 718 5663 ιιιιιδ.
751 5608 967 5663 iustum
994 5610 1089 5665 Dei
1115 5609 1405 5679 judicium.
1442 5611 1609 5681 Digne
1646 5628 1834 5668 revera
1867 5615 2148 5683 punimur.

2261 5614 2436 5683 κρίσις
2519 5612 2608 5666 τοῦ
2677 5610 2833 5667 Θεοῦ.
2937 5614 3140 5678 Ὄντως
3210 5609 3374 5675 ἀξίως
3458 5589 3754 5666 κολαξέμεθ⁵ι

650 5720 695 5755 ³⁵⁸
726 5721 896 5778 lCor.
931 5737 1020 5788 xv,
1049 5723 1137 5776 δὲ.
