4010 6288
629 227 767 296 3259

1899 224 2216 294 ‘INCERTI
2254 228 2634 298 AUCTORIS

3706 238 3803 308 3260

622 352 749 392 eum
798 344 1024 407 peccato
1066 337 1124 391 in
1166 344 1444 392 vetustum
1490 337 1811 393 abierlmus.
1857 340 2217 396 lmmutemus

2322 344 2596 413 νισθῶμεν
2626 343 2726 397 πά)
2741 362 2788 396 ιν
2813 342 2897 397 διὰ
2932 343 3246 414 μετανοίας,
3271 341 3460 413 ἐπειδὴ
3479 342 3801 419 tantum,”

623 432 813 492 Vitam,
838 430 1088 483 utDeum
1119 428 1441 498 placabilem
1466 430 1780 486 reddamus.
1817 431 2069 499 Quonam
2108 451 2206 489 au-

624 530 733 575 tem
764 522 927 576 modo
960 523 1107 576 istud
1154 522 1267 588 (iet,
1299 522 1552 577 dicturus
1584 524 1790 580 accedo
1830 543 1844 579 :

695 613 986 669 Scrutetur
1004 614 1384 684 unusquisque
1407 617 1823 681 conscientiam;
1854 633 1995 673 onus
2023 634 2205 684 suum,

623 711 691 757 'ae
734 704 878 758 mala
925 706 1165 775 plangat.
1204 704 1309 771 Qui
1358 705 1677 773 furabatur,
1714 707 2062 778 ingruentem
2111 710 2208 763 Dei

623 794 787 859 iram,
820 811 883 850 ac
911 798 1157 851 futurum
1187 799 1523 867 supplicium
1549 799 1817 870 cogitans,
1866 800 2039 854 furari
2065 801 2211 855 desi-

625 892 743 936 nat.
786 884 1108 939 Fornicator
1170 888 1555 955 pmnitentiam
1606 897 1751 956 agat,
1818 904 1883 943 ac
1935 905 2059 943 cum
2103 891 2213 944 Duo

628 973 939 1041 paciscatur
970 975 1088 1030 fore
1121 985 1235 1030 uta
1278 978 1472 1031 faetore
1511 978 1787 1048 ejusmodi
1819 995 1877 1033 se
1918 980 2213 1034 abstineat.

629 1066 952 1137 Quanquam
1005 1086 1138 1124 vero
1184 1072 1385 1125 iterum
1432 1074 1632 1139 cadat,
1683 1082 1935 1144 resurgat
1985 1074 2208 1134 iterum,

630 1170 982 1228 pugnamque
1032 1161 1305 1216 instauret
1349 1164 1614 1218 adversus
1651 1164 1956 1229 diabolum,
2001 1179 2104 1218 nec
2148 1163 2217 1217 ad

630 1258 865 1303 mortem
915 1268 1092 1321 usque
1139 1254 1217 1307 illi
1261 1256 1443 1311 cedat.
1495 1257 1761 1322 Mendax,
1816 1274 1925 1311 non
1984 1258 2220 1327 amplius

629 1341 870 1408 priorem
909 1359 1113 1398 morem
1139 1346 1393 1411 retineat,
1419 1349 1664 1417 cogitans
1685 1348 1830 1417 quod
1866 1348 2073 1402 dictum
2102 1356 2216 1403 est:

628 1433 828 1489 Perdes
864 1452 1043 1491 omnes
1083 1440 1172 1509 qui
1225 1438 1513 1509 loquuntur
1563 1441 1898 1493 mendacium
1926 1440 1995 1493 "".
2032 1440 2222 1493 110ιηί-

631 1524 753 1577 cida
787 1527 1167 1594 paenitentiam
1201 1539 1358 1599 agat:
1397 1530 1580 1583 Virum
1609 1531 1755 1583 cnim
1796 1532 2121 1600 sanguiuum
2176 1540 2227 1584 et

632 1612 874 1667 dolosam
918 1616 1316 1670 abominabitur
1348 1618 1604 1672 Dominus
1626 1619 1691 1670 "'.
1746 1619 2014 1673 Ebriosus
2073 1621 2226 1690 cogi-

2307 434 2373 487 δι’
2393 437 2688 506 ἁμαρτίας.
2724 432 3140 506 Ἐναλλάξωμεν
3198 436 3287 489 τὸν
3315 435 3456 506 βίον,
3487 434 3573 489 ἵνα
3621 437 3802 493 καταλλά-
3890 432 3891 497 ἶ

2310 527 2489 593 ξωμεν
2510 527 2573 580 τὸ
2599 527 2760 582 θεῖον.
2790 527 2913 590 ῐιῶς
2935 527 2992 579 δὲ
3025 527 3183 580 τοῦτο
3208 526 3293 580 ἵνα
3318 526 3575 598 γένηται,
3599 527 3687 596 ἐγὼ
3699 528 3801 598 λέγω·
3890 548 3891 555 ‘

2394 618 2772 688 Ἐρευνησάτω
2796 618 3025 682 ἕκαστος
3053 618 3115 671 τὸ
3147 618 3341 671 ἑαυτοῦ
3381 618 3641 681 συνειδὸς·
3668 619 3802 673 sua.

2310 710 2404 763 τοῦ
2454 710 2692 780 φορτίον,
2728 709 2822 763 καὶ
2870 710 2941 763 τὰ
2968 709 3162 766 ἑαυτοῦ
3206 709 3349 763 κακὰ
3380 709 3638 762 κοπτὲτω.
3672 710 3802 765 Ὀιλέ-

2317 819 2458 871 πτης
2514 800 2708 855 ὲννοῶν
2729 800 2826 871 τὴν
2860 802 3219 871 ἐπικειμένην
3237 800 3494 869 ἀπειλὴν.
3522 801 3609 852 καὶ
3628 800 3703 870 τήν
3727 802 3803 868 ps?-

2315 893 2515 947 λουσαν
2545 893 2787 956 κόλασιν,
2830 893 3129 946 παυσάσθω
3179 894 3274 945 τοῦ
3307 892 3592 944 κλέπτειν·
3628 894 3652 944 ὁ
3683 894 3804 961 πόριος

2318 986 2670 1047 κατανοείτω,
2708 986 2804 1037 καὶ
2839 986 3089 1054 στησάτω
3129 984 3264 1056 πρὸς
3316 983 3453 1036 Θεὸν
3501 982 3805 1052 conlingat:

2318 1077 2415 1144 τῆς
2452 1076 2708 1147 τοιαύτης
2729 1077 2994 1139 δυσωδίας
3029 1074 3281 1130 παύεται.
3308 1076 3428 1129 Κᾶν
3463 1076 3520 1128 δὲ
3545 1075 3682 1127 πάλιν
3701 1077 3803 1144 πέσε,
3890 1082 3891 1085 “

2321 1164 2483 1217 πάλιν
2515 1166 2826 1236 ἁναστήτω,
2868 1165 2963 1218 καὶ
3008 1165 3088 1234 τῷ
3141 1165 3373 1235 διαϐόλῳ
3412 1164 3722 1232 πολεμείτω·
3753 1166 3807 1216 ul

2320 1254 2424 1318 ἓως
2462 1254 2693 1309 οανάτου
2745 1255 2917 1322 τούτῳ
2979 1256 3055 1325 μὴ
3120 1256 3496 1325 συγχωρείτω.
3540 1256 3595 1306 ’0
3626 1254 3805 1324 ψεύστης,

2326 1346 2523 1415 μηκέτι
2567 1348 2635 1417 τῇ
2682 1346 2923 1417 προτέρᾳ
3000 1346 3259 1417 συνηθείᾳ
3314 1348 3618 1417 ὲμμενέτω,
3678 1347 3807 1398 ἐννοῶν

2322 1435 2414 1487 τοῦ
2439 1435 2706 1503 λέγοντοςο
2750 1437 3014 1504 Ἀπολεῖς
3039 1437 3269 1502 πάντας
3291 1438 3437 1504 τοὺς
3464 1437 3754 1505 λαλοῦντας
3772 1442 3809 1494 τὸ
3890 1468 3891 1477 ι

2326 1526 2570 1595 ψεῦδος.
2619 1528 2676 1581 '0
2703 1528 2989 1596 φονεύσας,
3021 1528 3347 1599 μετανοείτω
3366 1545 3381 1559 ⁸
3428 1529 3641 1597 Ἀνδρα
3664 1532 3743 1600 γὰρ
3761 1536 3812 1584 αῖ·

2322 1616 2529 1685 μάτων
2542 1618 2639 1670 καὶ
2655 1618 3282 1684 δόλιονβδελὺσσεται
3305 1621 3543 1687 Κύριος.
3562 1621 3614 1673 '0
3636 1620 3812 1690 μέθνεις,

632 1709 712 1756 tet
737 1704 1081 1772 captivorum
1101 1707 1364 1773 esuriem,
1403 1724 1466 1761 ac
1496 1708 1642 1777 quod
1685 1725 1751 1763 ex
1797 1709 1926 1762 vino
1971 1710 2219 1764 nascitur

2323 1709 2573 1762 ἐννοείτω
2589 1709 2687 1779 τὴν
2712 1709 2819 1762 τῶν
2844 1710 3205 1780 αἰχμαλώτων
3236 1712 3452 1771 πεῖναν,
3479 1712 3571 1764 καὶ
3592 1711 3676 1780 τὴν
3699 1713 3812 1764 limi

633 1789 923 1858 damnum,
949 1810 1120 1866 seque
1178 1798 1294 1867 ipse
1327 1801 1603 1854 emendet.
1636 1800 1865 1854 Adulter
1894 1817 2001 1854 non
2029 1802 2218 1871 despe-

632 1890 740 1948 ret,
787 1885 883 1940 sed
937 1898 1224 1956 peccatum
1292 1889 1613 1960 deplangat,
1648 1906 1712 1945 ac
1759 1890 1972 1944 veniam
2022 1907 2217 1948 conse-

633 1985 856 2044 quetur.

704 2080 835 2133 Heri
865 2081 1173 2150 proximum
1205 2084 1472 2139 conviciis
1516 2085 1869 2153 petebamus;
1898 2085 2062 2141 hodie
2095 2086 2217 2141 fau-

634 2170 736 2225 stis
769 2187 897 2225 eum
941 2174 1083 2227 votis
1130 2191 1550 2244 prosequamur.
1598 2176 1724 2231 lleri
1752 2178 2213 2247 detrahebanius,

632 2262 801 2317 ﬁnem
832 2264 997 2321 hodie
1027 2267 1352 2322 detrahendi
1387 2268 1673 2323 faciamus.
1709 2269 1838 2324 Heri
1871 2270 2058 2342 injurii
2088 2288 2213 2329 era-

632 2370 778 2418 mus,
820 2372 888 2410 eo
921 2358 1144 2413 nomine
1176 2358 1341 2414 hodie
1386 2361 1772 2430 poeniteamus.
1815 2362 1944 2417 Ileri
1986 2365 2216 2435 injuria-

633 2463 755 2501 rum
784 2464 1057 2504 memores
1097 2467 1389 2507 rancorem
1434 2453 1737 2518 alebamus,
1775 2454 1939 2509 bodie
1968 2456 2216 2526 ignosca-

633 2553 776 2593 mus.
812 2539 940 2595 Ileri
986 2542 1276 2598 thesauros
1319 2545 1763 2615 cumulabamus,
1809 2546 1976 2602 hodie
2004 2548 2219 2617 disper-

632 2647 846 2701 gamus.
884 2632 1014 2687 lleri
1060 2636 1284 2704 superbi
1324 2636 1708 2701 tumebamus,
1762 2637 1926 2693 hodie
1971 2639 2216 2694 modeste

633 2724 930 2791 sapiamus.
950 2724 1077 2779 Heri
1101 2726 1305 2797 injuste
1338 2726 1550 2783 femore
1567 2738 1836 2798 quaestum
1860 2730 2215 2798 faciebamus,

634 2808 800 2865 hodie
837 2828 924 2866 res
949 2822 1165 2870 nostras
1191 2816 1245 2869 in
1284 2831 1558 2885 pauperes
1589 2832 1901 2887 erogemus.
1935 2817 2039 2882 Ne,
2064 2834 2214 2890 rogo,

633 2902 783 2971 quod
815 2920 1028 2970 sumus,
1060 2923 1500 2975 perseveremus,
1518 2923 1589 2962 ne
1615 2916 1673 2963 et
1701 2909 1864 2964 minae
1892 2910 1945 2963 in
1969 2924 2070 2965 nos
2096 2926 2213 2964 ma-

635 3004 821 3048 neaut.
850 2994 1006 3061 Quod
1043 3012 1238 3053 smnus
1265 2999 1647 3063 immutemur,
1680 3009 1742 3053 ut
1767 3008 1948 3054 cesset
1986 3001 2087 3055 ira.

707 3083 786 3136 Ne
809 3084 960 3138 dicas
996 3101 1009 3137 :
1046 3085 1309 3140 Peccator
1337 3103 1481 3154 sum,
1514 3088 1819 3143 sceleratus
1843 3128 1859 3152 ,
1913 3086 2214 3155 homicida,
2247 3081 2289 3103 υ

635 3173 939 3239 veneﬁcus,
993 3175 1157 3238 latro.
1216 3193 1395 3247 neque
1445 3193 1530 3233 me
1566 3179 1851 3247 suscipiet.
1901 3180 2048 3234 Nihil
2090 3182 2216 3244 tale,

638 3263 824 3330 homo,
855 3264 1120 3335 loquaris.
1147 3267 1290 3334 Quid
1319 3269 1466 3325 enim
1490 3270 1514 3323 ?
1540 3270 1682 3324 Num
1705 3271 1851 3326 Deus
1880 3282 2109 3341 propter
2132 3275 2222 3343 ju-

636 3363 753 3410 stos
778 3358 971 3411 venit?
1013 3359 1262 3425 Minime,
1328 3361 1422 3416 sed
1465 3372 1694 3431 prOpter
1728 3377 1829 3417 nos
1882 3363 2217 3428 luxuriosos,

639 3442 944 3516 improbos,
975 3449 1345 3521 blasphemos,
1369 3452 1705 3519 immundos,
1741 3456 1947 3525 pigros,
1981 3454 2221 3510 lornica-

642 3544 814 3601 tores,
844 3539 1155 3597 mendaces.
1206 3543 1386 3599 Nostri
1437 3560 1600 3600 causa
1630 3561 1661 3601 e
1711 3548 1855 3602 caelo
1899 3546 2218 3615 descendit;

642 3627 814 3680 nostri
852 3629 1027 3698 gratia
1062 3630 1115 3685 in
1146 3640 1305 3687 utero
1338 3632 1630 3700 habitavit,
1665 3636 1844 3705 sputis
1873 3636 2081 3692 oblitus
2114 3648 2219 3703 est,

640 3715 813 3787 virgis
828 3732 1025 3783 caesus,
1046 3722 1196 3775 cruci
1220 3720 1431 3777 afﬁxus.
1451 3722 1799 3794 Quapropter
1811 3727 2220 3794 resipiscamus,

640 3823 853 3879 nosque
871 3811 1009 3866 adeo
1033 3812 1232 3868 horum
1263 3815 1512 3869 omnium
1538 3817 1759 3872 nomine
1794 3818 2219 3884 confessionem,

643 3914 709 3953 ac
736 3901 921 3956 cordis
948 3904 1367 3959 conversionem
1404 3906 1483 3959 illi
1512 3906 1835 3971 offeramus,
1851 3924 1921 3962 ne
1949 3907 2091 3964 forte
2120 3926 2221 3964 no-

643 3991 729 4047 bis
756 3992 902 4048 inter
923 3994 1281 4064 iudicandum
1314 3996 1634 4066 exprobret,
1683 3995 1874 4052 dicens
1916 3997 2004 4053 :0
2031 4013 2224 4067 pecca-

643 4089 814 4148 tores,
836 4099 901 4140 ac
929 4085 1140 4151 miseri,
1179 4088 1539 4156 quamobrem
1574 4103 1661 4143 me
1681 4087 2006 4157 Sprevistis?
2028 4089 2221 4143 Nonne

641 4180 882 4226 vestram
908 4171 963 4227 in
989 4176 1218 4244 gratiam
1242 4176 1409 4231 homo
1440 4176 1621 4232 factus
1651 4177 1818 4231 sum?
1844 4176 2038 4232 Nonne
2062 4177 2219 4232 dice-

640 4260 790 4327 bam,
810 4263 960 4333 quia,
983 4264 1101 4319 Non
1125 4267 1242 4320 veni
1272 4282 1461 4321 vocare
1477 4269 1674 4337 justas,
1706 4267 1799 4321 sed
1818 4275 2111 4337 peccatores
2125 4267 2169 4299 “
2204 4268 2226 4322 ?

2320 1797 2464 1851 οἴνου
2497 1798 2820 1869 τικτομένην
2846 1800 3068 1869 βλάϐην,
3095 1800 3188 1853 καὶ
3214 1800 3409 1854 ἑαυτὸν
3436 1798 3813 1869 σωφρονιζέτωὍ

2325 1888 2640 1959 μοιχεύσας,
2667 1890 2740 1960 μὴ
2759 1892 2950 1944 ἑαυτὸν
2972 1891 3419 1958 ἀπογινωσκέτω,
3442 1890 3577 1944 ἀλλὰ
3594 1891 3680 1960 τὴν
3697 1890 3816 1959 ἁμαρ-

2321 1983 2443 2034 τίαν
2467 1983 2865 2053 περικοπτέτω,
2893 1984 2990 2037 καὶ
3006 1984 3254 2051 τεύξεται
3288 1982 3637 2056 συγγνώμης.

2393 2070 2533 2132 Χθὲς
2560 2072 2935 2142 ἐλοιδοροῦμεν
2959 2075 3049 2125 τὸν
3071 2074 3294 2144 πλήσιον
3316 2092 3331 2106 ο
3359 2076 3598 2145 σήμερον
3617 2072 3746 2127 αὐτὸν
3768 2073 3818 2124 εὖ·

2322 2163 2662 2235 λογήσωμεν.
2700 2166 2843 2229 Χηὲς
2869 2167 3351 2237 κατελαλήσαμεν·
3388 2170 3623 2237 σήμερον
3666 2167 3816 2220 πανσώ·

2327 2257 2488 2327 μεοα.
2516 2258 2656 2320 Χοὲς
2689 2259 3049 2328 ὲνυϐρίσαμεν
3074 2275 3087 2288 ·
3127 2260 3367 2329 σήμερον
3396 2257 3591 2330 [αὐτῷ]
3629 2257 3816 2328 μετεπινὴ⁴

2327 2366 2528 2419 σωμεν.
2553 2349 2694 2412 Χθὲς
2736 2350 3264 2420 ἐμνησικακήσαμεν
3284 2366 3298 2380 ’
3331 2352 3572 2421 σήμερον
3606 2351 3816 2417 συγχωρή-

2327 2457 2529 2509 σωμεν.
2548 2440 2690 2503 Χοὲς
2713 2441 3173 2512 ἰθησαυρήσαμεν
3192 2457 3206 2470 °
3230 2442 3476 2512 σήμερον
3494 2440 3814 2510 σκορπίσωμεν.

2324 2529 2463 2595 Χοὲς
2492 2532 3017 2602 ὑπερηφανευόμεθα
3038 2550 3052 2562 ’
3104 2533 3347 2603 σήμερον
3380 2529 3815 2600 ταπεινοφρονὴσω-

2328 2639 2446 2693 μεν.
2484 2622 2623 2685 Χοὲς
2652 2622 2849 2686 ἀδίκως
2875 2624 3189 2693 ὲτοκίζομεν
3212 2641 3225 2653 ·
3260 2626 3508 2697 σήμερον
3551 2627 3637 2678 καὶ
3662 2624 3716 2676 τὰ
3736 2624 3816 2674 ln-

2322 2714 2432 2768 τῶν
2446 2714 2842 2785 μεταδώσωμεν
2859 2716 3102 2785 πένησιν.
3119 2717 3209 2786 Μὴ
3236 2718 3515 2788 μείνωμεν
3550 2717 3672 2785 ὅπερ
3686 2713 3817 2781 ἐσμὲν,

2323 2810 2579 2869 δυσωπῶ,
2613 2810 2700 2863 ἵνα
2732 2810 2806 2880 μὴ
2840 2811 2932 2863 καὶ
2963 2812 2994 2880 ἡ
3019 2811 3216 2881 ἀπειλὴ
3245 2812 3407 2883 μείνῃ
3434 2812 3517 2880 ἐφ’
3547 2808 3818 2881 ἡμᾶς’οῆ

2325 2900 2472 2953 ἐστὶν
2494 2898 2893 2970 ὲναλλάξωμεν,
2930 2902 3025 2953 καλ⁵
3053 2901 3244 2972 ήὸργη
3276 2901 3581 2953 πέπαυται.

2396 3082 2488 3152 Μὴ
2520 3081 2701 3154 εἴπῃς,
2733 3082 3087 3153 Ἀμαρτωλός
3147 3084 3282 3154 εἰμι,
3320 3083 3648 3154 παράνομος,
3668 3078 3821 3146 φονεὺς,

2322 3175 2632 3244 φαρμακὺς,
2681 3174 2906 3242 λῃστὴς,
2963 3174 3059 3227 καὶ
3092 3173 3153 3226 οὐ
3188 3174 3551 3244 προσδέχεταί
3593 3168 3820 3242 palla?“

2320 3266 2557 3319 τοιοῦτον
2579 3267 2761 3335 εἴπῃς,
2788 3266 3063 3335 ἄνορωπε.
3093 3266 3158 3317 Τί
3174 3267 3281 3336 γάρ
3301 3285 3315 3331 ;
3337 3267 3441 3320 Διὰ
3462 3264 3677 3326 δικαίους
3694 3260 3820 3318 όΘεὶς

2321 3348 2513 3422 ἦλθεν;
2544 3354 2812 3424 Οὐδαμῶς
2839 3371 2852 3384 °
2884 3354 3021 3408 ἀλλὰ
3056 3355 3123 3408 δι’
3152 3357 3296 3424 ἡμᾶς
3322 3357 3453 3418 τοὺς
3484 3357 3713 3416 ἀσώτους,
3736 3350 3820 3409 τοὺς

2322 3446 2574 3516 ἀνόμους,
2612 3448 2733 3508 τοὺς
2773 3446 3149 3516 βλασφήμους,
3204 3448 3332 3509 τοὺς
3358 3447 3699 3512 ἀκαθάρτους,
3733 3441 3819 3500 τοῦς

2324 3538 2620 3608 ῥᾳθύμους,
2644 3539 2769 3601 τοὺς
2813 3538 3066 3609 πόρνους,
3099 3540 3225 3603 τοὺς
3252 3538 3619 3607 ψεύσταςοκδϋ
3651 3535 3762 3604 ἡμᾶς

2321 3628 2552 3698 οὐρα.νοῦ
2602 3627 2866 3697 κατῆλθεν
2889 3644 2901 3659 ο
2943 3627 3011 3680 δι’
3044 3629 3190 3698 ἡμᾶς
3221 3630 3277 3680 ὲν
3335 3630 3522 3698 μήτρᾳ
3546 3619 3815 3697 ᾧκησεν*δι’

2324 3717 2468 3784 ἡμᾶς
2492 3716 2801 3787 ἀνεπτύσθη
2822 3734 2836 3748 ο
2854 3716 2919 3770 δι’
2943 3719 3090 3788 ἡμᾶς
3117 3717 3386 3787 ὲραπὶσθη
3410 3734 3424 3746 ο
3448 3718 3513 3770 δι’
3532 3716 3660 3786 ἡμᾶς
3684 3717 3819 3766 ἐστιν·

2324 3805 2493 3875 ρώοη.
2528 3806 2616 3859 Διὸ
2647 3806 2926 3876 νήφωμεν,
2977 3807 3072 3859 καὶ
3118 3808 3569 3875 προσενέγκωμεν
3618 3796 3818 3869 αὐτῷκαὶ

2323 3898 2485 3968 ἡμεῖς
2516 3898 2656 3969 ὑπὲρ
2690 3897 2895 3951 τούτων
2926 3898 3203 3962 ἁπάντων,
3236 3896 3614 3965 ἐξομολόγησιν
3640 3893 3715 3946 καὶ
3735 3892 3818 3941 ἐπει

2326 3987 2564 4058 στροφὴν
2594 3988 2841 4058 καρδίας,
2901 3988 3095 4057 μήπως
3133 3985 3368 4057 ὀνειδίσῃ
3444 3988 3582 4056 ἡμᾶς
3618 3985 3666 4034 ὲν

2325 4080 2576 4151 κρίσεως,
2610 4079 2783 4148 λέγων
2809 4095 2822 4110 ⁸
2853 4075 2924 4133 Ὦ
2977 4077 3291 4149 ἁμαρτωλοὶ
3324 4078 3418 4132 καὶ
3446 4069 3815 4144 ταλαὲπωρπβεά

2322 4172 2374 4226 τί
2407 4189 2506 4242 μου
2540 4172 2979 4243 κατεφρονήσατε
3009 4190 3024 4237 ;
3059 4171 3132 4224 Οὐ
3179 4171 3244 4224 δι’
3300 4173 3448 4241 ὑμᾶς
3474 4167 3811 4241 ὲνηνῡρώπησες

2323 4267 2436 4319 Οὐκ
2463 4263 2612 4318 εἷπον
2641 4266 2744 4328 ὅτι,
2779 4268 2900 4319 Οὺκ
2929 4260 3121 4335 ἦλθον
3146 4266 3404 4320 καλέσαι
3432 4252 3812 4341 δικαίους-,ἁνιθά

641 4353 821 4420 Quare
854 4370 961 4409 non
995 4356 1129 4411 estis
1178 4358 1466 4411 conversi?
1514 4357 1657 4424 Quid
1693 4358 1800 4413 mei
1852 4374 2018 4413 causa
2051 4359 2218 4414 susti~

2321 4358 2738 4427 ἁμαρτωλούς;
2758 4357 2856 4410 Διὰ
2880 4358 2931 4410 τι
2961 4357 3061 4410 οὑκ
3081 4357 3485 4430 ἐπεστρέψατε;
3508 4357 3566 4410 ΤΞ
3596 4354 3705 4419 ὑπὲρ
3727 4342 3809 4414 ἐμώ

642 4445 887 4501 nuistis?
920 4446 1064 4512 Quid
1089 4447 1243 4514 mihi,
1275 4457 1451 4503 utvos
1480 4449 1758 4518 recipiam,
1792 4449 2045 4505 alfertis?

713 4629 856 4696 Quid
885 4645 1039 4699 ergo,
1079 4630 1297 4696 fratres,
1334 4643 1466 4688 tunc
1509 4630 1757 4687 habituri
1809 4635 2047 4689 sumus?
2067 4633 2217 4705 jeju-

644 4719 834 4783 nium;
890 4720 1137 4789 vigilias;
1192 4722 1549 4792 martyrium;
1611 4722 1971 4789 castitatem;
2032 4725 2221 4779 mode-

644 4811 842 4875 stiam;
881 4811 1124 4865 animum
1180 4811 1316 4865 nihil
1367 4812 1615 4867 rancoris
1645 4812 2219 4881 habentcm;miseri-

645 4902 924 4966 cordiam;
988 4903 1372 4968 dilectionem;
1437 4904 1953 4974 longanimitatem?
2005 4907 2219 4960 Revera

649 4992 734 5047 nis
766 4993 1024 5047 omnibus
1079 4994 1329 5048 destituti
1385 5010 1597 5062 sumus,
1654 4998 1981 5051 necliorum
2035 4999 2220 5067 aliqua

644 5087 878 5157 egimus,
911 5096 969 5141 ut
1000 5087 1078 5141 illi
1116 5087 1434 5142 oﬂeramus.
1474 5087 1673 5143 Verum
1691 5089 1821 5158 quid
1856 5090 2017 5144 nobis
2035 5104 2221 5144 comes

646 5178 979 5234 abeuntibus
998 5180 1245 5247 exsistat,
1269 5182 1436 5236 vultis
1454 5180 1679 5236 dicant?
1718 5180 1795 5233 Ne
1832 5180 2019 5235 verbis
2048 5180 2221 5234 mole-

647 5276 767 5323 stus
798 5270 900 5325 sim
931 5288 943 5322 :
982 5287 1106 5325 nam
1136 5273 1425 5328 veritatem
1451 5274 1668 5343 loquar.
1695 5272 1896 5326 Videre
1942 5279 2029 5327 est
2076 5271 2219 5341 apud

647 5375 748 5416 nos
774 5362 863 5417 hic
895 5378 1038 5428 esse,
1064 5364 1305 5434 hincque
1341 5381 1441 5419 nos
1460 5364 1802 5429 comitantia,
1839 5379 1902 5419 ac
1933 5380 2056 5433 qua:
2095 5373 2226 5418 tunc

648 5452 1026 5518 traducantur,
1057 5455 1380 5527 iniuriarum
1430 5456 1603 5522 labes,
1648 5454 2002 5523 invidentias,
2029 5456 2228 5511 tumul-

729 5628 774 5657 ⁸⁸
811 5627 951 5683 Psal.
974 5646 1025 5696 v,
1055 5630 1105 5684 7.
1179 5630 1223 5661 "
1253 5628 1392 5685 ibid.
1474 5629 1516 5661 δ”
1551 5629 1739 5685 Matth.
1767 5644 1840 5695 ix,
1878 5629 1962 5683 15.

2332 4451 2703 4519 ὑπεμερξνατε;
2738 4449 2803 4502 Τί
2871 4467 2962 4520 μοι
3020 4450 3381 4521 προσφέρετε,
3422 4450 3510 4504 ἵνα
3560 4447 3680 4517 ὑμᾶς
3702 4437 3807 4501 δέξαι’

2331 4550 2462 4612 seu;

2397 4632 2462 4683 Τί
2492 4629 2585 4683 οὖν
2619 4631 2885 4702 μέλλομεν
2933 4630 3079 4702 ἔχειν
3123 4633 3266 4695 τότε,
3308 4630 3564 4701 ἁδελφοε;
3599 4629 3802 4695 νηστεῐινὶ

2325 4720 2665 4789 ἁγρυπνίαν;
2704 4721 3010 4791 μαρτυρίαν
3031 4720 3055 4786 ;“
3106 4720 3496 4790 σωφροσύνηνς
3542 4714 3802 4770 ταπείνωΰίνρ

2327 4808 2730 4878 ἁμνησικακίαν
2754 4827 2769 4875 ;
2792 4808 3160 4879 ἐλεημοσύνην
3181 4809 3427 4875 ςὰγάπην
3449 4825 3463 4872 ;
3488 4798 3803 4877 μακροθυμῐινξ

2328 4901 2494 4952 Οὐδὲν
2520 4901 2759 4955 τοιοῦτον
2788 4901 2986 4970 ἔχομεν
3040 4900 3277 4971 ἀληθῶς,
3312 4901 3431 4954 οὐδὲ
3472 4897 3733 4968 ἐπράξαμεν
3750 4889 3804 4938 ἶνα

2329 4992 2477 5063 αὐτῷ
2509 4992 2988 5062 προσενέγκωμεν.
3024 4991 3184 5044 Ἀλλὰ
3211 4991 3265 5043 τί
3284 4993 3391 5061 ἄρα,
3414 4990 3527 5060 μεθ’
3552 4977 3805 5056 ήμῶνέιπέρ·

2328 5102 2500 5156 χεται,
2522 5083 2775 5153 βούλεσθε
2800 5082 2975 5149 sine);
3009 5083 3085 5153 μὴ
3125 5083 3355 5153 λυπήσω
3401 5083 3565 5149 λέγων
3584 5094 3596 5107 ·
3624 5070 3803 5156 ἀ).ήοευῖ

2326 5154 2434 5249 iam
2458 5178 2588 5250 ἐρῶ.
2627 5174 2817 5231 Ἔστιν
2853 5177 2981 5230 ἰδεῖν
3006 5176 3135 5247 παρ’
3167 5175 3326 5246 ἡμῶν
3356 5172 3579 5228 ἐνταῦθα
3608 5168 3727 5223 ὄντα,
3747 5154 3805 5207 κλῖ

2325 5269 2382 5322 ὲν
2410 5249 2540 5339 ἡμῖν
2568 5269 2939 5339 ἁπερχόμενα,
2970 5269 3063 5321 καὶ
3115 5266 3236 5321 τότε
3295 5264 3709 5338 θριαμϐευόμενα,
3728 5249 3802 5304 ἅδε·

2331 5360 2471 5425 κίας,
2507 5359 2882 5430 μισαδελφίας,
2909 5360 3157 5429 φθόνους,
3178 5342 3801 5419 ἁκαταστασίας,πορνεί³ςο

2331 5451 2521 5521 μέθας,
2558 5452 2937 5526 φιλαργυρίας,
2979 5451 3279 5524 ὲτςιορκέας,
3332 5445 3650 5508 καταλαλιάς,
3687 5430 3798 5489 λοιδθ
