3960 6284
237 264 368 327 3261

1338 266 1434 325 DE
1472 264 1792 325 PERSICA
1833 259 2359 327 (ΣΛΡΤΙΥΙΤΛΤΕ.

3343 268 3495 334 3962

235 387 377 454 ρίοις.
404 381 676 448 διαϐολὰς,
720 382 1218 455 ψευδομαρτυρίας,
1268 383 1526 452 αἱρέσεις,
1553 383 1798 450 διχοστα-

1931 398 2020 443 ns,
2049 382 2463 445 fornicationes,-
2501 382 2869 447 temulentias,
2918 383 3196 447 avaritias,
3225 386 3484 455 periuria,

236 477 375 538 σίας.
419 475 605 530 Ταῦτα
631 475 787 547 ἡμῶν
835 475 904 529 τὰ
945 474 1091 528 κακὰ
1133 474 1338 542 ἐφόδια.
1385 471 1533 541 Αὕτη
1578 471 1732 539 ἡμῶν
1767 473 1800 541 ἡ

236 564 427 633 σιδηρᾶ
467 566 676 628 ἅλυσις.
697 564 789 618 Διὸ
841 565 1189 635 πονήσωμεν,
1217 560 1544 631 παρακαλῶ,
1579 553 1681 611 ὦδε
1717 576 1821 628 μι-,

235 659 383 727 κρδν,
428 657 513 711 ῑνα
559 654 633 728 μὴ
662 654 1019 722 κολασθῶμεν
1055 654 1173 705 ἐκεῖ
1201 651 1335 704 πολύ
1362 669 1379 684 σ
1407 648 1803 718 ἀγωνισώμεθα

235 749 371 816 πρὸς
387 749 599 818 καιρὸν,
624 746 713 798 ἵνα
745 743 819 815 μὴ
851 741 1260 813 βασανισθῶμεν
1291 739 1545 802 αἰωνίως.
1584 738 1644 790 '0
1675 737 1802 808 χρό-

236 854 324 900 νος
358 836 572 905 μικρὺς,
607 836 641 905 ἡ
673 835 731 889 δὲ
761 833 939 904 κρίσις
961 831 1166 901 μακρά.
1199 831 1274 882 Τὸ
1309 829 1462 891 τέλος
1494 828 1683 897 ἐγγὺς,
1708 828 1808 879 καὶ

234 927 264 979 ὁ
304 928 462 995 φόϐος
500 926 688 989 πολὺς,
720 926 811 977 καὶ
855 925 883 977 ὀ
913 922 1056 975 λύων
1111 921 1305 984 οὐδεὶς,
1335 919 1431 972 καὶ
1464 920 1492 972 ὁ
1569 914 1817 969 σπεύδων

236 1018 383 1073 νικᾶ.

310 1189 446 1244 οὐαὶ
480 1188 555 1258 τῷ
572 1185 935 1260 ῥᾳθυμοῦντι,
965 1185 1119 1255 ζητεῖ
1145 1183 1250 1255 γὰρ
1276 1182 1368 1237 τδν
1398 1180 1588 1252 καιρὸν
1626 1180 1685 1232 ὃν
1719 1199 1816 1235 κα-

235 1284 346 1347 κῶς
405 1282 763 1349 ἐδαπάνησεν,
822 1278 960 1330 Οὐαὶ
990 1276 1071 1345 τῷ
1122 1274 1437 1345 ἀμελοῦντι,
1470 1275 1552 1326 ὅτι
1580 1271 1814 1342 ζητήσει

237 1375 469 1442 σταγόνα
498 1372 689 1433 ὓδατος
717 1372 772 1422 ὲν
799 1370 876 1440 τῷ
907 1368 1062 1438 πυρί.
1098 1367 1236 1420 Οὐαὶ
1279 1364 1358 1434 τῷ
1384 1364 1712 1418 ἀπιστοῦντι
1747 1367 1812 1434 τῇ

236 1468 437 1538 κρίσει,
478 1467 559 1519 ὅτι
593 1465 682 1517 διὰ
700 1462 810 1516 τῶν
837 1461 1015 1531 ἔργων
1044 1460 1140 1512 καὶ
1166 1458 1274 1511 τῶν
1303 1457 1553 1527 βασάνων
1582 1456 1816 1524 πεισθὴ-

239 1576 412 1612 σεται.
444 1557 579 1610 Οὐαὶ
602 1554 680 1624 τῷ
718 1555 791 1623 μὴ
823 1550 1193 1623 μετανοοῦντι,
1238 1549 1320 1601 ὅτι
1354 1547 1491 1617 πρὸς
1534 1548 1814 1618 αὐστηρὸν

236 1650 431 1720 κριτὴν
448 1646 758 1717 πορεύεται.
797 1644 933 1696 Οὐαὶ
964 1641 1040 1711 τῷ
1068 1641 1142 1711 μὴ
1172 1639 1442 1711 τρέχοντι,
1468 1638 1550 1690 ὅτι
1579 1639 1645 1690 ἒν
1686 1639 1818 1708 ὲρη-

1913 473 2362 536 detractatioues,
2396 472 2669 536 convicia,
2708 474 3012 529 calumnias
3033 515 3048 539 ,
3083 475 3215 533 falsa
3246 477 3495 531 testimo~

1913 565 2022 623 nia.
2066 564 2320 628 haereses,
2346 563 2733 619 dissidia.H:ee
2759 565 2931 620 ποειτὶ
2956 565 3082 618 mali
3115 576 3489 621 commeatus:

1915 652 2030 708 hzec
2078 653 2256 706 ferrea
2298 662 2485 707 nostra
2516 661 2731 708 catena.
2766 653 2979 709 ldcirco
3025 654 3340 709 laboremus
3380 655 3490 722 hic,

1915 759 2069 811 rogo,
2106 743 2391 811 tantisper,
2415 757 2486 796 ne
2528 742 2621 797 diu
2647 743 2760 799 illic
2796 751 2988 812 pcenas
3015 743 3230 799 demus.
3252 745 3334 799 Ad
3358 753 3496 799 tem-

1913 850 2016 907 pus
2048 834 2399 888 deeertemus
2423 875 2437 900 ,
2479 849 2550 888 ne
2578 834 2827 889 cruciatu
2872 843 3077 889 aeterno
3115 839 3492 903 torqueamur.

1913 926 2154 995 Tempus
2186 925 2351 978 breve
2389 931 2494 987 est,
2531 923 2756 993 longum
2801 924 3070 993 judicium
3128 923 3254 979 ﬁnis
3293 923 3491 987 instat;

1913 1015 2106 1085 ingens
2137 1015 2319 1080 timor,
2349 1013 2445 1083 qui
2475 1013 2719 1068 decutiat
2751 1028 2913 1067 nemo
2960 1022 3087 1079 est,
3133 1014 3340 1080 vincet,
3398 1013 3493 1083 qui
3530 1008 3585 1063 -π’

1915 1105 2155 1160 festinat.

1983 1197 2075 1253 Va:
2104 1197 2282 1267 pigro,
2306 1207 2517 1267 qumret
2532 1197 2680 1252 enim
2700 1206 2914 1268 tempus
2939 1197 3083 1268 quod
3120 1198 3259 1252 male
3287 1196 3496 1252 insum-

1913 1289 2044 1359 psit.
2076 1289 2168 1342 ναξ
2199 1288 2493 1358 negligenti
2520 1330 2534 1354 ,
2566 1290 2698 1357 quia
2739 1298 2950 1359 guttam
2983 1304 3140 1357 aqua:
3182 1288 3237 1342 in
3263 1288 3495 1342 ﬂammis

1916 1380 2177 1449 requiret.
2209 1379 2303 1432 Va:
2362 1377 2527 1432 fidem
2578 1379 2793 1449 judicio
2847 1378 3198 1444 detrahenti,
3240 1393 3369 1432 nam
3400 1392 3497 1447 per

1915 1486 2004 1525 res
2058 1469 2203 1539 ipsas
2252 1483 2317 1522 ac
2362 1469 2734 1523 cruciamenta
2781 1469 2858 1522 illi
2906 1468 3040 1523 fides
3088 1469 3203 1524 ﬁet.
3239 1470 3332 1523 ναξ
3382 1483 3496 1531 non

1914 1560 2097 1631 agenti
2146 1558 2575 1628 paenitentiam,
2631 1559 2757 1626 quia
2805 1559 2873 1613 ad
2933 1567 3214 1613 austerum
3253 1559 3494 1629 judicent

1915 1652 2084 1706 vadit.
2123 1651 2214 1705 Va:
2250 1651 2479 1704 remisso
2503 1649 2572 1703 ad
2606 1664 2850 1715 cursum,
2875 1651 3016 1721 quia‘
3034 1650 3088 1704 in
3114 1651 3348 1706 desertis
3376 1666 3496 1704 ma-

240 1744 390 1813 μίαις
415 1738 819 1808 αὐλισοήσεται.
851 1733 990 1788 Οὐαὶ
1036 1733 1115 1803 τῷ
1146 1728 1520 1794 ἀπελπίζοντι,
1548 1729 1637 1781 ὅτι
1677 1728 1814 1797 πρὸς

1931 1743 2093 1797 nebit:
2119 1741 2211 1796 Vae
2242 1739 2531 1804 difﬁdenti,
2561 1741 2689 1809 quia
2720 1741 2784 1795 ad
2807 1714 2976 1796 duros
3004 1741 3352 1810 immitesque
3396 1756 3495 1793 an-

236 1833 546 1901 ἀποτόμους
579 1829 841 1897 ἀγγέλους
893 1827 1263 1898 παραδίδοται.
1293 1824 1507 1895 Χρυσὸν
1530 1824 1632 1893 μὲν
1654 1825 1764 1894 γὰρ
1789 1823 1819 1874 ὁ

239 1923 511 1986 ἀπόλλων,
540 1920 696 1973 ἄλλον
735 1918 956 1988 εὑρήσει
977 1932 993 1946 ·
1025 1916 1214 1987 χρόνον
1252 1915 1310 1967 δὲ
1348 1916 1378 1967 ὀ
1416 1914 1691 1977 ἀπόλλων,
1722 1913 1819 1980 οὐχ

237 2015 460 2085 εὑρήσει
486 2013 672 2080 ἓτερον
697 2010 831 2081 πρὸς
853 2008 1161 2077 μετάνοιαν.

310 2106 404 2175 Μὴ
444 2100 761 2172 φεισώμεθα
812 2099 1085 2168 σώματος,
1116 2097 1210 2175 καὶ
1229 2094 1406 2164 ψυχὴν
1435 2093 1816 2162 ἀπολέσωμεν,

235 2193 376 2248 ἀλλὰ
396 2174 815 2259 κατατρίψωμεν
840 2184 974 2238 αὑτό
994 2202 1007 2216 ο
1038 2174 1249 2252 ἐπειδὴ,
1273 2179 1567 2245 Μακάριοι
1596 2181 1649 2233 οἱ
1674 2187 1819 2230 πεν-

239 2285 507 2347 θοῦντες,
534 2284 589 2335 ot
609 2277 950 2342 πεινῶντες,
972 2277 1026 2328 οἱ
1048 2273 1362 2343 διψῶντες,
1382 2273 1439 2325 οι
1463 2270 1818 2335 πονοῦντες,

244 2379 327 2431 ὅτι
361 2375 647 2446 μέλλουσιν
703 2350 938 2424 αἰωνίων
971 2367 1155 2420 κόπων
1210 2365 1305 2417 καὶ
1336 2363 1614 2416 κολάσεων
1641 2361 1816 2446 ἀπαλ-

238 2445 551 2521 λάττεσθαι.
604 2458 678 2511 Τὸ
709 2457 888 2527 σῶμα,
948 2453 1117 2524 πηλός
1156 2454 1342 2505 ἐστιν’
1393 2448 1492 2502 καὶ
1539 2445 1820 2500 ὶλεύσεται

240 2559 379 2629 ὥρα,
405 2556 501 2608 καὶ
529 2551 707 2623 ἡμέρα
735 2547 940 2618 φοϐερὰ
963 2545 1058 2598 καὶ
1081 2541 1477 2629 απαραιτητος,
1496 2539 1593 2592 καὶ
1618 2540 1699 2602 εἰς
1717 2536 1822 2629 γῆν

240 2622 307 2718 η’
333 2645 404 2714 γῆ
453 2640 774 2712 πορεύεται’
817 2637 913 2692 καὶ
967 2636 1001 2706 ἡ
1048 2622 1195 2697 κόνις
1248 2633 1409 2686 πάλιν
1471 2630 1621 2694 κόνις
1681 2627 1824 2698 γίνε-

238 2755 357 2796 ται.

311 2828 616 2899 Νήψωμεν,
663 2821 936 2877 δυσωπῶν
984 2819 1450 2890 ὁδοιπορήσωμεν,
1479 2813 1823 2882 ὀξυποδήσω-

249 2935 350 2998 μεν
369 2940 383 2956 ⁸
406 2923 686 2977 ἐλεύσεται
701 2919 864 2983 ὅντως
885 2916 1004 2984 ὥρα
1021 2917 1244 2987 ὲσχάτη,
1257 2911 1534 2965 ἐλεύσεται
1565 2909 1781 2968 πάντως
1804 2922 1820 2937 ·

382 3014 609 3074 ἑαυτοὺς
657 3011 1051 3079 ἀπατήσωμεν.
1099 3005 1280 3058 Ἔστω
1337 3001 1447 3088 καὶ.
1492 2997 1819 3068 τρυφῶμεν.

1918 1835 2069 1905 gelos
2094 1832 2368 1886 transibit.
2390 1831 2526 1885 Nam
2565 1831 2662 1900 qui
2690 1832 2811 1885 auri
2839 1835 3110 1902 jacturam
3157 1832 3307 1897 facit,
3345 1831 3496 1885 aliud

1922 1923 2297 1993 recuperabit;
2324 1923 2419 1991 qui
2451 1936 2584 1975 vero
2616 1922 2869 1976 amiserit
2913 1932 3150 1992 tempus,
3192 1923 3341 1976 aliud
3374 1921 3499 1976 nul-

1918 2018 2033 2072 lum
2055 2014 2122 2070 ad
2145 2012 2527 2084 paenitentiam
2559 2012 2819 2081 deinceps
2845 2013 3139 2068 obtinebit.

1990 2106 2072 2161 Ne
2121 2119 2416 2176 parcamus
2478 2103 2723 2173 corpori,
2764 2118 2830 2158 ac
2880 2105 3118 2183 animam
3168 2104 3493 2173 perdamus;

1919 2199 2055 2269 quin
2077 2196 2210 2251 illud
2242 2208 2604 2257 maceremus,
2652 2193 2924 2262 siquidem
2962 2193 3265 2264 :Beatiqui
3299 2192 3496 2262 lugent,

1922 2290 2015 2359 qui
2047 2287 2306 2349 esuriant,
2329 2286 2537 2348 sitiunt,
2577 2283 2825 2338 laborant
2847 2284 2914 2349 ",
2937 2283 3086 2354 quod
3109 2284 3331 2338 mternis
3348 2282 3502 2337 labo-

1922 2379 2075 2433 ribus
2104 2393 2167 2432 ac
2202 2375 2545 2431 cruciatibus
2597 2374 2870 2429 liberandi
2897 2383 3045 2428 sunt.
3075 2373 3289 2443 Corpus
3320 2373 3499 2427 lutum

1921 2479 2008 2524 est
2037 2485 2051 2521 :
2093 2467 2390 2534 venietque
2429 2464 2587 2528 hora,
2621 2478 2687 2517 ac
2732 2463 3016 2518 tremenda
3046 2463 3185 2528 dies,
3221 2476 3500 2532 quamque

1922 2575 2087 2616 nemo
2109 2557 2356 2628 eﬂ'ugiat,
2390 2572 2515 2611 cum
2539 2563 2688 2610 terra
2719 2555 2773 2609 in
2805 2564 3011 2610 terram
3054 2564 3387 2621 revertetur,
3435 2567 3502 2610 ac

1922 2651 2067 2708 cinis
2092 2651 2295 2706 iterum
2319 2648 2458 2704 cinis
2491 2646 2603 2702 lict.

2005 2826 2063 2881 Vi
2070 2826 2324 2899 gilemus,
2345 2840 2478 2896 rogo
2502 2836 2516 2878 ξ
2540 2825 2645 2879 iter
2665 2822 3085 2889 contendamus,
3105 2823 3500 2879 acceleremus.

1928 2921 2125 2977 Veniet
2173 2934 2366 2973 revera
2403 2932 2664 2986 suprema
2709 2917 2850 2972 dies.
2900 2917 3099 2971 Veniet
3146 2916 3395 2979 omnino,
3432 2930 3505 2968 ne

1927 3029 2033 3069 nos
2064 3012 2416 3067 seducamus;
2448 3009 2582 3063 Esto
2614 3008 2782 3063 etiam
2813 3007 3031 3062 deliciis
3066 3008 3353 3071 fruamur;
3381 3012 3502 3060 esto

247 3109 389 3164 ἔστω
412 3107 506 3161 καὶ
540 3103 860 3172 πλουτῶμεν
886 3099 1244 3167 πεντήκοντα,
1292 3094 1326 3166 ἢ
1360 3082 1452 3146 καῖ
1480 3092 1675 3145 ἑκατὸν
1705 3089 1820 3158 ἔτη.

1931 3115 1988 3161 ct
2028 3103 2232 3158 divites
2280 3101 2485 3167 simus,
2525 3114 2701 3154 annos
2735 3098 3160 3169 quinquaginta,
3197 3114 3294 3153 seu
3335 3100 3505 3152 etiam

247 3195 404 3260 Εἶτα,
438 3195 532 3247 καὶ
561 3192 698 3263 μετὰ
723 3188 901 3251 τοῦτο,
926 3186 978 3239 τι
1001 3204 1015 3251 ;
1048 3184 1240 3246 Νόσος.
1264 3182 1374 3236 Καὶ
1394 3182 1459 3234 ἐκ
1482 3179 1705 3249 ταύτης,
1729 3178 1784 3229 τί
1805 3192 1821 3243 ;

258 3287 576 3356 Ἀδυναμία.
611 3284 721 3336 Καὶ
746 3270 831 3334 ἔχ’
865 3278 1091 3347 ταύτης,
1140 3276 1231 3339 τίς
1275 3276 1339 3327 Ἠ
1393 3271 1597 3344 φρικτὴ
1639 3267 1824 3339 ἐκείνη

246 3383 389 3452 ὥρα,
412 3380 446 3443 ἠ
480 3377 631 3446 παρὰ
664 3374 880 3426 πάντων
905 3366 1333 3440 προσδοκωμένη
1358 3366 1454 3417 καὶ
1485 3361 1820 3435 φριττομένη

247 3473 345 3528 καλ⁵
386 3466 755 3540 ἀμελουμένη.
792 3464 1003 3531 Μέγας,
1043 3458 1261 3528 ἀδελφοί
1293 3475 1413 3528 μου,
1443 3457 1472 3509 ὁ
1512 3454 1675 3523 φόϐος
1702 3452 1826 3505 τότε

248 3569 478 3636 γίνεται.
508 3560 663 3629 Μέγα
705 3556 907 3611 ἰδέσθαι
957 3552 1136 3624 ψυχὴν
1164 3551 1270 3604 ὑπὸ
1299 3548 1546 3618 ἀγγέλων
1599 3546 1827 3616 χωριζο-

254 3657 422 3728 μένην
441 3650 536 3706 τοῦ
568 3646 818 3719 σώματος
839 3644 1000 3715 κενήν
1022 3659 1036 3675 ο
1079 3641 1184 3695 ὑπὸ
1204 3639 1472 3709 δαιμόνων
1504 3636 1825 3704 λογοθετου-

255 3726 445 3820 μένην.
495 3740 723 3809 Μεγάλη
771 3739 806 3808 ἡ
832 3734 952 3805 ὥρα
994 3734 1093 3802 τῆς
1121 3733 1382 3820 ἀνάγκης
1413 3728 1509 3820 καὶ
1536 3726 1824 3820 τοῦ-χωριρ

252 3817 395 3911 σμοῦ
459 3833 687 3893 ἐκείνου,
725 3830 854 3884 ὃταν
892 3828 942 3880 οἱ
984 3817 1828 3911 ὀφθαλμοὶήμῶνάλλοιωθήσον-

252 3906 379 3982 ται·
416 3926 544 3979 ὅταν
575 3923 609 3991 ἡ
635 3920 787 3990 φωνὴ
845 3917 950 3969 ὑπὸ
990 3915 1089 3990 τῆς
1123 3913 1350 3981 συνοχῆς
1384 3906 1825 3978 κρατηθήσεταιο

251 4021 382 4073 ὅταν
414 4017 449 4086 ἡ
468 4013 688 4082 γλῶσσα
714 4008 807 4061 τὸν
834 4005 992 4074 λόγον
1021 4002 1083 4056 ού
1102 3999 1335 4056 δίδωσιν.
1365 3994 1498 4050 Εἶτα
1525 3995 1829 4064 στρέφομεν

250 4110 380 4169 τοὺς
408 4104 719 4175 ὀφθαλμοὺς
740 4094 842 4153 ὦδε
881 4095 1086 4167 συχνάο
1117 4093 1178 4146 τὸ
1219 4090 1438 4160 πνεῦμα
1467 4091 1825 4159 ταράττεται·

259 4171 466 4267 ἰλιγγιᾷ
490 4197 524 4266 ἡ
577 4171 753 4263 ψυχή’
783 4187 1078 4258 συστρέφει
1116 4184 1207 4236 τὸν
1251 4181 1377 4234 νοῦν
1408 4179 1535 4249 τῇδε
1565 4178 1791 4230 κάκεῖσε
1811 4191 1825 4207 ο

255 4290 409 4360 ζητεί
441 4288 536 4340 τὸν
569 4284 861 4356 ῥυόμενον·
893 4279 1034 4348 τάχα
1064 4275 1122 4330 δὲ
1171 4276 1266 4327 καὶ
1297 4274 1409 4325 τῶν
1460 4268 1831 4340 παρεστώτων

254 4382 436 4435 δέεται
456 4396 472 4412 ο
500 4378 631 4439 ἴσως
657 4374 714 4428 δὲ
737 4373 831 4426 καὶ
849 4372 948 4442 τῆς
971 4368 1155 4436 κλίνης
1180 4366 1404 4434 φεύγειν
1434 4362 1828 4432 δοκιμάζομεν.

253 4466 397 4538 Τοὺς
431 4467 784 4542 παρεστῶτας
805 4467 936 4536 ἡμῖν
964 4462 1171 4532 φίλους,
1203 4460 1237 4529 ἢ
1266 4457 1548 4526 ἀδελφοὺς,
1574 4456 1607 4523 ἢ
1631 4454 1824 4521 γονεῖς,

215 4631 219 4635 ,
254 4568 320 4624 οὐ
347 4563 684 4637 γνωρίζομεν
704 4576 718 4591 ⁸
744 4559 887 4629 τάχα
907 4552 968 4610 δὲ
993 4548 1614 4624 γνωρίζοντες,λαλῆσαι
1648 4545 1828 4608 αὐτοῖς

140 4714 157 4723 ,
188 4640 221 4719 δ
256 4662 360 4717 οὐκ
393 4658 669 4729 ἰσχύομεν.

333 4752 454 4804 Τῶν
480 4744 819 4819 θρηνούντων
845 4739 993 4811 ἡμᾶς
1022 4735 1291 4805 ἀκούομεν
1322 4732 1416 4785 καὶ
1470 4729 1696 4791 τούτους
1726 4746 1831 4782 πα-

262 4839 685 4922 ραμυθήσασθαι
729 4836 792 4888 οὐ
832 4831 1127 4901 δυνάμεθα.
1162 4829 1244 4881 Τὰ
1298 4827 1465 4922 τέκνα
1522 4822 1834 4922 ὀδυνῶμενα

261 4917 358 4994 καὶ
389 4934 693 5005 δακρύοντα
728 4928 1017 4998 βλέπομεν,
1069 4923 1165 4977 καὶ
1199 4922 1288 4974 τὸν
1319 4920 1477 4999 πόνον
1523 4917 1622 4984 τῆς
1659 4917 1831 4986 ὀρφα-

262 5031 382 5093 νίας
410 5025 587 5081 αὐτῶν
613 5024 847 5093 ἔχοντες,
871 5016 1234 5096 πορευόμεθα.
1265 5012 1373 5067 Καὶ
1395 5012 1449 5063 τί
1467 5011 1609 5077 λέγω
1633 5010 1792 5061 τέκνα
1818 5024 1832 5071 ;

277 5121 437 5190 Ἐμοὶ
470 5119 616 5171 δοκεῖ
644 5116 727 5168 ὅτι
753 5111 968 5180 ἐκείνης
991 5109 1091 5177 τῆς
1119 5106 1265 5176 ὥρας
1296 5101 1729 5167 καταλαϐούσης,
1748 5100 1833 5150 οὐ·

263 5189 377 5275 δεὶς
399 5206 657 5279 μεριμνᾷ,
686 5204 749 5256 οὐ
777 5202 1004 5260 τέκνων,
1030 5199 1091 5251 οὐ
1114 5196 1304 5263 φίλων,
1333 5196 1432 5247 οὐκ
1482 5191 1747 5257 ἀδελφῶν,
1779 5189 1840 5241 οὐ

267 5278 702 5370 γυναικό;ὀύδὲ
735 5290 871 5360 ἄλλη
912 5285 1131 5358 φροντίς
1176 5302 1258 5348 τις
1316 5285 1409 5337 καὶ
1443 5278 1589 5349 λύπη
1628 5279 1842 5348 συνέχει

270 5391 453 5452 αὐτὸν,
481 5389 529 5439 εἰ
563 5386 637 5455 μὴ
661 5385 695 5454 ἡ
715 5382 823 5435 τῶν
857 5378 1052 5433 ἑαυτοῦ
1079 5372 1560 5447 παραπτωμέιτων,
1604 5375 1695 5424 καὶ
1729 5370 1844 5432 ταῖς

272 5481 580 5551 ἀπαντήσει
608 5469 686 5547 τῷ
717 5477 897 5545 κριτῇ,
934 5474 1027 5525 καὶ
1049 5470 1102 5523 τί
1123 5467 1518 5537 ἀπολογήσεται
1540 5481 1553 5495 ο
1590 5464 1683 5518 καί
1707 5464 1842 5534 ποίᾳ

352 5661 395 5695 δ’
422 5660 611 5733 διυιιιι.
642 5657 693 5725 5,
723 5661 755 5715 5
785 5676 937 5730 seqq.

1922 3205 2169 3252 centum.
2201 3194 2341 3247 Tum
2387 3207 2566 3262 eoque
2611 3191 2832 3260 expleto
2881 3201 3150 3260 tempore,
3205 3189 3507 3259 quidnam?

1925 3287 2238 3358 mgritudo.
2273 3285 2349 3339 Ex
2376 3299 2440 3339 ea
2471 3299 2628 3347 vero,
2674 3283 2850 3353 quid?
2887 3283 3099 3337 Virium
3133 3282 3391 3338 defectio.
3426 3282 3508 3336 Ex

1922 3395 1991 3434 ea
2016 3379 2170 3440 item,
2203 3374 2375 3445 quid?
2400 3373 2710 3429 Tremenda
2766 3372 2858 3427 illa
2896 3373 3055 3436 hora,
3095 3372 3355 3427 omnibus
3398 3386 3501 3425 cx-

1927 3478 2173 3538 spectala
2199 3509 2213 3530 ,
2256 3468 2546 3520 horrorem
2583 3464 2814 3530 faciens,
2849 3480 2915 3520 ac
2930 3465 3201 3534 neglecta.
3245 3464 3505 3534 Magnus,

1927 3560 2125 3613 frtres
2151 3557 2285 3619 mei,
2319 3564 2453 3610 tunc
2482 3555 2648 3610 timor
2695 3556 2938 3625 ingruet.
2989 3556 3242 3626 Magnum
3270 3540 3507 3611 animam

1925 3650 2137 3711 videre,
2176 3658 2341 3718 quam
2384 3648 2567 3717 angeli
2613 3662 2850 3717 corpore
2898 3648 3199 3703 extrudant
3233 3663 3499 3708 vacuam;

1926 3737 2206 3795 daemones
2236 3738 2305 3793 ad
2340 3738 2586 3794 rationes
2615 3738 2938 3807 deposcant.
2973 3738 3168 3808 Magna
3218 3738 3352 3792 liora
3408 3752 3509 3792 ne-

1928 3831 2241 3895 cessitatis,
2289 3846 2354 3886 ac
2391 3829 2614 3885 divortii
2672 3829 2840 3892 illius,
2880 3845 3008 3884 eum
3068 3827 3510 3883 immutabuntur

1929 3922 2107 3987 oculi;
2137 3938 2266 3976 cum
2312 3937 2378 3976 ex
2417 3920 2799 3975 imbecillitate
2833 3935 2941 3974 vox
2988 3919 3344 3989 impedietur,
3379 3933 3507 3973 cum

1928 4014 2111 4083 lingua
2131 4013 2352 4083 negabit
2371 4027 2709 4067 sermonem.
2743 4013 2991 4080 Tumque
3012 4011 3209 4065 crebro
3231 4009 3340 4063 huc
3357 4008 3506 4069 illuc.

1932 4114 2188 4175 torquet.
2229 4104 2428 4173 quatrit
2477 4104 2570 4173 qui
2629 4103 2878 4158 liberet:
2916 4103 3065 4157 forte
3106 4111 3292 4159 autem
3340 4101 3509 4157 etiam

1932 4204 2175 4250 astantes
2208 4205 2366 4265 rogat
2407 4212 2421 4248 :
2463 4194 2701 4249 forsitan
2736 4194 2904 4249 etiam
2937 4195 3084 4250 lecto
3112 4194 3380 4249 enitimur
3418 4192 3509 4247 fu-

1932 4303 2082 4359 gere.
2143 4288 2403 4343 Astantes
2447 4287 2610 4342 nobis
2660 4287 2899 4352 amicos,
2949 4287 3168 4352 fratres,
3230 4294 3507 4356 parentes,

1936 4396 2044 4433 non
2108 4378 2533 4449 cognoscimus,
2577 4378 2722 4434 forte
2769 4388 2952 4433 autem
2987 4378 3191 4447 alloqui
3232 4392 3340 4431 non
3377 4360 3509 4445 pos-

1933 4485 2146 4524 sumus.

2009 4725 2290 4796 Lugentes
2321 4741 2422 4781 nos
2453 4726 2736 4790 audimus,
2778 4742 2883 4782 nec
2925 4727 3029 4782 hos
3056 4726 3330 4781 consolari
3359 4724 3514 4784 valc-

1942 4837 2084 4874 mus.
2124 4819 2387 4873 Dolentes
2454 4819 2595 4874 lilios
2629 4835 2694 4874 ac
2730 4819 2927 4874 ﬂentes
2972 4818 3286 4881 cernimus;
3333 4831 3514 4885 eoque

1940 4912 2164 4966 nomine
2194 4926 2340 4981 a-gre
2366 4910 2657 4971 habentes,
2691 4911 2838 4980 quod
2881 4909 3121 4979 pupillos
3172 4909 3296 4962 illos
3349 4908 3515 4962 relin-

1940 5018 2195 5075 quamus,
2229 5002 2590 5057 discedimus.
2630 5000 2845 5070 Ecquid
2875 5001 3001 5055 dico
3046 4999 3219 5053 lilios?
3249 4999 3517 5053 Existimo

1941 5113 2005 5152 ea
2054 5093 2502 5165 apprehendentc
2541 5093 2701 5156 bora,
2757 5092 3035 5146 neminem
3070 5089 3365 5144 sollicitum
3394 5102 3517 5141 esse

1945 5188 2206 5250 filiorum,
2279 5186 2607 5249 amicorum,
2680 5185 2946 5245 fratrum,
3005 5183 3223 5246 uxoris;
3284 5180 3519 5234 aliamve

1942 5295 2132 5334 curam
2173 5279 2362 5340 ullam,
2390 5292 2455 5331 ac
2489 5277 2768 5331 tristitiam
2805 5275 3169 5330 decedentem
3214 5273 3515 5329 incessere.

1942 5388 2106 5442 quam
2158 5386 2384 5426 suorum
2435 5369 2797 5436 delictorum,
2845 5385 2909 5425 ac
2957 5379 3196 5439 quonam
3242 5366 3407 5420 modo
3445 5370 3520 5417 sit

1944 5479 2280 5519 occursurus
2310 5462 2506 5533 iudici,
2540 5462 2745 5531 quidve
2788 5473 3157 5531 responsurus
3182 5475 3195 5510 :
3223 5472 3333 5526 qua
3381 5462 3520 5511 hora
