3960 6284
157 422 292 490 Βίύῆ

1267 416 1366 477 DE
1388 413 1724 476 "PERSICA
1767 416 2289 482 CAPTIVITATE.

3282 422 3445 496 3268’

161 535 282 602 τῇς·
321 530 406 585 ναί
431 530 684 591 δυσωπῶ,
743 526 817 599 μὴ
847 524 1025 578 αὐτῶν
1066 524 1139 587 ὡς
1174 521 1511 590 ἄσπλαγχνοι
1543 523 1737 574 ἐπιλα-

1846 542 1950 579 non
2002 528 2405 596 peccabis.-lta
2475 527 2710 583 obsecro
2761 544 2832 585 ne
2893 530 3114 596 eorum,
3164 544 3425 606 tanquam

161 622 407 694 θωμεθαο
444 621 559 675 ἀλλ’
605 625 661 674 ὲν
693 620 857 672 παντὶ
885 615 1064 687 καιρῷ
1095 615 1188 667 καὶ
1237 613 1387 684 τόπῳ
1428 615 1737 684 μνημονεύ-

163 733 369 787 σωμεν·
396 713 585 784 ὥσπερ
616 714 715 781 τὴν
748 712 967 781 μνήμην
996 707 1092 761 τοῦ
1137 708 1394 773 θανάτου,
1417 707 1594 769 οὕτως
1644 709 1740 764 καὶ

160 810 250 880 τὴν
283 808 508 860 ἐκείνων
543 808 599 858 ὲν
629 806 810 867 αὐτοῖς
840 802 1249 872 περιφέροντες.
1286 802 1416 864 Ἐὰν
1454 803 1513 853 έν
1542 798 1741 870 ε’ύκτημ

162 903 293 972 ρίιις
327 900 629 968 διάγωμεν.
661 898 778 949 ἐκεῖ
816 892 997 946 αὐτῶν
1053 892 1289 962 μάλιστα
1322 892 1459 962 μετά
1487 891 1739 962 δακρύων

163 990 636 1063 μνημονεύσωμεν.
686 986 802 1038 Κᾶν
827 983 990 1037 πάλιν
1019 986 1076 1037 ὲν
1107 980 1355 1055 τραπέζῃ
1382 982 1737 1051 ἀνακείμενοι

159 1085 508 1154 ὑπάρχωμεν,
549 1081 643 1132 καὶ
672 1081 729 1131 ἐν
764 1078 901 1147 αὐτῇ
930 1075 1030 1147 τὴν
1081 1074 1467 1158 αἰχμαλωσίαν
1520 1090 1731 1144 μνημο-

158 1176 450 1245 νεύσωμεν,
489 1172 742 1239 λέγοντες
765 1188 777 1202 ο
812 1170 933 1230 Πῶς
960 1169 1010 1220 oi
1038 1167 1258 1235 ἀδελφοὶ
1301 1165 1459 1235 ἡμῶν
1509 1166 1632 1236 ἄρτι
1660 1167 1756 1236 τῷ

159 1266 296 1336 λιμῷ
319 1263 671 1334 δαμάζονται.
725 1262 883 1331 ἡμεῖς
907 1259 964 1312 δὲ
992 1258 1246 1327 ἐσθίομεν
1298 1258 1394 1309 καὶ
1446 1256 1738 1326 εὐφραινό-

164 1359 327 1429 μεθας
366 1357 483 1410 Κᾶν
513 1357 568 1407 ἐν
600 1356 665 1423 τῇ
689 1353 844 1423 κλίνη
885 1349 1241 1412 καθεύδοντες
1297 1350 1393 1402 σὺν
1425 1349 1489 1418 τῇ
1524 1347 1738 1417 συμϐίῳ

163 1449 433 1520 ἐσώμεθα,
480 1447 706 1499 ἐκείνων
737 1445 835 1513 τὴν
869 1442 1079 1496 ἔννοιαν
1110 1440 1471 1510 ἀναλάϐωμεν
1500 1440 1736 1509 ἐκπλητ-

126 1544 129 1548 ’
158 1542 392 1609 τόιςενοι,
415 1542 507 1592 καὶ
532 1538 803 1605 λέγοντες
835 1534 1017 1597 [Ιῶςοί
1039 1533 1417 1603 εὐγενέστερτι.
1449 1533 1607 1603 ἡμῶν
1642 1534 1737 1586 σὺν

157 1633 263 1692 τοῖς
297 1629 508 1702 Θηρίοις
558 1629 614 1679 ἐν
670 1629 733 1696 τῇ
766 1624 888 1695 ὥρᾳ
929 1623 1103 1697 ταύτῃ
1128 1624 1186 1676 ὲν
1228 1625 1456 1695 ἐρήμοις
1501 1625 1596 1677 ἐπὶ
1646 1624 1747 1676 τοῦ

160 1724 387 1791 ἐδάφους
410 1718 786 1783 καθεύδουσιν;
1018 1728 1021 1731 ’
1218 1712 1223 1713 ⁷

227 1815 339 1867 Οὐκ
385 1811 777 1881 αἰσχυνόμεθα,
836 1808 1078 1877 ἀδελιροὶ,
1113 1806 1236 1860 οὐδὲ
1288 1807 1388 1875 τὴν
1435 1807 1737 1877 μέλλουςαν

158 1905 336 1975 κρίσιν
367 1903 666 1973 φρίττομεν
686 1916 700 1931 °
730 1901 812 1953 ὅτι
838 1918 943 1970 περ
991 1902 1151 1970 ἡμεῖς
1188 1901 1390 1970 σηρικά
1421 1900 1516 1952 καὶ
1551 1899 1736 1968 βύσσι-

158 2015 221 2048 να
256 1995 589 2063 ἐνδεδυμένοι
610 1995 666 2046 έν
694 1996 765 2062 τῇ
793 1990 1060 2061 ἐκκλησία
1084 1990 1380 2060 ἐρχόμεθα,
1413 1990 1540 2053 τοὺς
1579 1990 1732 2042 ἁδελ-

159 2092 287 2152 (pob;
316 2087 472 2158 ἡμῶν
504 2086 610 2158 πρὸ
657 2084 767 2137 τῶν
810 2084 991 2137 π·,.ιλῶν
1025 2083 1124 2152 τῆς
1168 2083 1464 2153 ἐκκλησίας
1496 2085 1737 2151 γυμνοὺς

148 2180 251 2239 ,καὶ
305 2180 667 2251 ἐρριμμένους
693 2178 787 2230 καί
828 2174 1204 2243 ταλαιπώρους
1254 2174 1735 2242 παραϐλέποντες;

162 2273 529 2326 Ἀκουέτωσαν
549 2270 607 2324 αἱ
621 2267 990 2339 κοσμούμεναι
1012 2266 1105 2319 καὶ
1123 2264 1618 2336 καλλωπιζόμεναι,
1643 2266 1737 2319 καὶ

160 2362 579 2417 παυσάσθωσαν.

227 2453 289 2504 Τί
302 2453 476 2514 ποιεῖς
490 2450 533 2509 ὦ
570 2450 753 2519 γύναι,
767 2449 845 2521 τῷ
857 2450 1032 2521 καιρῷ
1048 2451 1107 2503 ού
1124 2450 1400 2520 πρέποντα
1413 2449 1736 2520 πράγματα;

156 2537 304 2613 Ἀρά
341 2558 400 2593 σε
428 2542 488 2594 οὐ
532 2543 783 2612 μαστίζει
832 2542 1085 2612 χαλεπῶς
1132 2543 1193 2594 τὸ
1218 2541 1481 2604 συνειδὸς,
1516 2542 1596 2594 ὅτι
1632 2557 1738 2610 περ
1775 2586 1782 2591 .

159 2631 214 2682 ἐν
231 2629 457 2701 τοιαύτῃ
486 2631 684 2702 ἀπειλῇ
721 2630 907 2702 χρυσῷ
933 2631 1031 2684 καὶ
1084 2631 1451 2701 μαργαρίταις
1498 2646 1737 2683 κατακο-

160 2741 233 2793 σμ
243 2726 366 2793 ἧσαι
396 2740 489 2776 σου
506 2723 594 2776 τὸν
614 2725 902 2793 τράχηλον,
929 2724 1024 2787 τὰς
1042 2725 1252 2792 χεῖρας,
1276 2724 1401 2785 τοὺς
1419 2721 1609 2784 πέδας,
1637 2724 1737 2789 τὴν

162 2816 356 2885 ζώνην,
390 2815 656 2884 βλέπουσα
702 2815 828 2878 τοὺς
863 2816 988 2876 σοὺς
1044 2814 1330 2883 ἀδελφοὺς,
1394 2813 1524 2874 ἴσως
1555 2812 1611 2863 δὲ
1647 2812 1739 2863 και

162 2908 596 2978 εὐγενεστέρους,
618 2906 878 2978 σιδήροις,
902 2905 997 2959 καὶ
1027 2904 1351 2972 κλοιοῖς,καὶ
1382 2903 1554 2968 ξύλοις
1574 2919 1740 2955 πεπε-

159 2998 221 3068 δη
231 2999 443 3069 μένους,
467 3000 559 3052 καὶ
580 2999 1055 3069 πεφορτωμένους,
1076 2997 1169 3050 καὶ
1184 2996 1496 3067 κατασαρου
1505 2997 1698 3067 μένους
1719 3010 1735 3059 ;

161 3090 273 3143 Οὐκ
297 3090 593 3160 αἰδούμεθα
614 3108 628 3154 ;
652 3092 725 3143 Οὔ
762 3088 1162 3161 συστελλόμεθα
1183 3089 1292 3144 τῶν
1311 3090 1566 3144 τοιούτων
1598 3104 1737 3159 πρα-

160 3184 385 3254 γμάτων
404 3200 418 3248 ;

242 3272 402 3325 Ἀλλὰ
418 3270 470 3323 τί
495 3270 695 3333 εὐθέως
717 3269 825 3323 τῶν
853 3269 1107 3327 τοιούτων
1127 3270 1376 3340 ἀφρόνων
1396 3270 1465 3320 τὰ
1489 3270 1738 3339 papam;

161 3362 258 3416 Διά
289 3361 467 3428 τοῦτο,
495 3361 680 3431 φησὶν,
712 3361 946 3415 δέδωκέν
965 3379 1055 3432 μοι
1077 3365 1105 3415 ὀ
1133 3362 1265 3425 Θεὸς
1297 3362 1382 3415 ἵνα
1410 3364 1588 3415 αὐτῶν
1607 3365 1742 3416 ἀπο·

159 3454 362 3519 λαύσω,
394 3456 489 3508 καὶ
507 3456 566 3508 ὲν
585 3457 769 3518 αὐτοῖς
798 3454 1200 3525 εύφραίνωμαι.
1234 3455 1370 3508 Πεπ)
1384 3456 1604 3527 ἀνησαι,
1635 3456 1738 3510 ἄν·

162 3546 369 3619 θρωπε.
412 3544 785 3618 Ἐλυτρώσατό
813 3563 871 3599 σε
898 3547 1165 3617 Χριστός·
1205 3545 1432 3601 πλοῦτόν
1468 3564 1550 3600 σοι.
1578 3546 1740 3600 δέδω-

162 3657 281 3705 κεν,
313 3640 400 3694 ἵνα
447 3641 574 3703 τοὺς
604 3641 728 3702 σοὺς
756 3639 1017 3707 ἀδελφοὺς
1049 3638 1367 3711 λυτρώσῃς·
1404 3640 1491 3692 ἵνα
1552 3642 1737 3701 αὐτοῖς

159 3733 544 3804 συμπαθήσῃς,
579 3734 671 3791 καὶ
692 3731 779 3783 διά
803 3732 902 3800 τῆς
941 3731 1306 3800 συμπαθείας,
1344 3729 1536 3809 ἐαυτόν
1571 3729 1739 3790 ὄντως

157 3832 364 3895 σώσῃς.
390 3824 658 3877 Ἴίῖκδυσαι
684 3821 965 3890 συντόμως
1006 3822 1074 3871 τὰ
1110 3819 1338 3890 περιττὰ
1357 3819 1450 3871 καὶ
1472 3819 1735 3888 ἀνόνηταο

160 3918 362 3989 μᾶλλον
388 3915 445 3969 δὲ
488 3916 557 3968 τὰ
587 3914 828 3987 βλαϐερά
867 3913 961 3966 καὶ
992 3912 1233 3982 ὀλέθρια.
1264 3912 1526 3964 Πείνασον
1547 3910 1735 3975 ὀξέως.

154 4008 500 4078 Διάθρυψον
529 4004 779 4060 πεινῶσι
814 4005 922 4058 τὸν
949 4003 1151 4072 ἄρτον.
1183 4004 1365 4056 Σῶσον
1388 4002 1734 4072 κηδεύοντας.

157 4098 258 4154 Ἂν
305 4101 512 4170 γυμνὸν
537 4098 677 4170 ἴδῃς,
708 4091 896 4149 τοῦτον
926 4095 1165 4159 ἔνδυσον,
1206 4095 1402 4149 ἐννοῶν
1421 4097 1506 4152 ὅτι
1532 4094 1735 4164 γυμνὸς

153 4189 294 4262 πρὸς
315 4189 403 4242 τὸν
424 4187 617 4259 κριτὴν
637 4186 938 4258 ἀπελεύσῃ.
957 4187 1083 4239 Ἐὰν
1106 4186 1254 4251 ξένον
1274 4187 1462 4259 θεάσῃ,
1485 4187 1735 4251 ὑπόδεξαι

151 4280 222 4335 δι’
243 4280 413 4334 αὐτοῦ
444 4280 710 4351 Χριστὸν,
741 4277 834 4331 τὸν
856 4278 945 4331 διὰ
972 4279 1031 4331 σὲ
1059 4280 1153 4330 ἐπὶ
1180 4277 1285 4348 γῆς
1329 4276 1730 4342 ξενιτεύσαντα.

157 4373 258 4425 Ἂν
271 4369 676 4439 χρεωφειλέτην
693 4368 865 4439 λάϐῃς
886 4369 1264 4441 ἀπορήσαντα,
1297 4369 1730 4437 γονυπετοῦντα,

151 4461 532 4525 δυσωποῦντα,
557 4461 752 4531 ἄφεσιν
774 4462 1217 4533 παρακαλοῦντα,
1234 4460 1574 4530 κατανύγηθι
1590 4477 1603 4492 ·
1628 4462 1734 4513 πᾶ-

1844 615 2305 672 itnmiserieordia
2330 618 2645 688 compositi,
2682 619 3115 692 obliviscamur;
3150 628 3247 681 sed
3271 644 3421 684 omni

1844 720 2091 778 tempore
2137 727 2203 765 ac
2238 713 2359 766 loco
2392 728 2586 767 eorum
2620 714 3040 771 meminerimus
3067 734 3081 770 :
3104 728 3168 771 ut
3205 735 3420 785 eorum,

1841 801 1986 855 haud
2025 817 2187 857 secus
2213 818 2277 857 ac
2315 805 2531 868 mortis,
2571 805 2760 875 jugem
2793 804 2849 859 in
2885 806 3069 862 nobis
3100 808 3421 868 memoriam

1841 895 2318 953 circumferamus.
2362 896 2501 953 Cum
2547 898 2820 954 fuerimus
2881 899 2938 953 in
2986 893 3251 970 oratorio,
3310 907 3423 961 illic

1841 988 2074 1042 maxime
2105 1004 2297 1043 eorum
2333 1004 2456 1044 cum
2484 986 2741 1060 lacrymis
2769 991 2944 1047 simus
2974 1008 3270 1050 memores.
3296 996 3448 1050 Sive-

1842 1078 2040 1132 iterum
2077 1081 2131 1132 in
2170 1094 2361 1134 mensa
2403 1080 2823 1151 rc-cymbamus,
2856 1081 2913 1136 in
2961 1098 3026 1137 ea
3060 1099 3283 1153 quoque
3329 1103 3426 1139 ca-

1840 1172 2020 1239 ptivos
2062 1174 2391 1239 recolatnus,
2423 1167 3046 1242 dicentes-rQnomodo
3073 1179 3183 1247 jam
3226 1179 3427 1233 fratres

1841 1265 2013 1318 nostri
2052 1264 2193 1319 fame
2223 1276 2592 1330 macerantur,
2620 1282 2721 1321 nos
2748 1283 2883 1321 vero
2916 1270 3318 1325 manducamus
3367 1281 3426 1323 et

1840 1357 2170 1425 epulamur?
2197 1358 2325 1412 Sive
2364 1359 2421 1412 in
2468 1359 2612 1413 lecto
2642 1368 2785 1414 cum
2834 1374 3007 1415 uxore
3058 1361 3422 1428 dormiamus,

1841 1448 2059 1501 illorum
2112 1463 2456 1503 resumamus
2503 1449 2850 1515 memoriam,
2886 1451 3275 1508 vehementius
3319 1457 3424 1508 mi-

1843 1546 2047 1601 rantes,
2081 1554 2145 1593 ac
2189 1539 2480 1594 dicentes:
2514 1538 2803 1606 Quomodo
2831 1543 2927 1611 qui
2963 1542 3132 1600 nobis
3166 1552 3296 1598 sunt
3328 1562 3427 1598 no-

1842 1629 2094 1693 biliores,
2127 1633 2243 1700 ipsa
2274 1632 2378 1688 hac
2414 1628 2549 1687 hura
2576 1646 2703 1688 cum
2732 1634 2926 1690 bestiis
2956 1635 3011 1690 in
3032 1635 3256 1691 deserto
3276 1639 3424 1693 nuda

1842 1720 2011 1774 humo
2051 1723 2300 1777 cultant?

1912 1812 2030 1866 Non
2065 1828 2165 1868 nos
2190 1815 2382 1884 pudet,
2418 1816 2638 1882 fratres,
2673 1833 2856 1888 neque
2885 1818 3423 1892 futurumjudicium

1844 1905 2164 1972 horremus;
2223 1910 2370 1976 quod
2407 1911 2603 1965 sericis
2635 1911 2910 1983 byssoque
2942 1915 3120 1970 induti
3158 1918 3213 1970 in
3247 1920 3425 1972 eccle-

1841 1996 1976 2051 siam
2032 1998 2353 2065 veniamus,
2392 1988 2698 2072 fratresque
2747 2015 2971 2060 nostros
3031 2020 3130 2075 pro
3178 2008 3427 2063 ecclesia:

1840 2089 2057 2145 foribus
2085 2091 2285 2155 nudos,
2314 2094 2614 2165 projectos,
2643 2095 2990 2152 miserabiles
3015 2100 3428 2168 despicianms?

1845 2182 2086 2237 Audiant
2111 2200 2234 2253 quae
2272 2186 2611 2254 superﬂuum
2650 2188 2922 2243 mundum
2954 2190 3239 2248 luxuriose
3263 2194 3443 2249 adhE-'

1842 2274 1997 2336 bent,
2026 2290 2207 2344 eoque
2233 2275 2569 2332 abstineant.

1911 2451 2076 2517 Quid,
2102 2453 2325 2516 mulier,
2352 2462 2603 2524 praestas,
2630 2471 2751 2525 quae
2784 2464 2914 2511 sunt
2942 2459 3175 2526 tempo‘ri
3207 2460 3425 2514 dissen-

1843 2542 2039 2596 tanea?
2064 2542 2206 2597 Num
2236 2552 2289 2599 te
2316 2546 2659 2600 conscientia
2689 2548 2936 2618 graviter
2962 2549 3242 2614 verberat,
3274 2552 3424 2615 quod

1841 2631 1898 2686 in
1944 2641 2096 2687 tanta
2134 2634 2540 2690 comminantis
2587 2636 2687 2691 Dei
2735 2636 3125 2704 districtione,
3181 2655 3318 2694 auro
3362 2648 3435 2695 ae‘

1841 2725 2157 2794 margaritis
2180 2727 2408 2790 collum,
2439 2743 2658 2790 manus,
2699 2729 2890 2798 pedes,
2918 2745 3111 2785 zonam
3140 2746 3423 2801 perornes,

1839 2830 1975 2869 cum
2000 2814 2201 2871 fratres
2230 2816 2418 2870 videas
2444 2825 2588 2880 tuos,
2635 2818 2775 2872 forte
2810 2834 2942 2873 vero
2970 2820 3137 2874 etiam
3164 2821 3422 2876 nobiliori

1841 2916 1993 2962 ortos
2017 2917 2339 2975 stemmate,
2392 2924 2458 2963 ac
2499 2911 2837 2980 ingenuita'e
2866 2922 3213 2981 praestantes,
3253 2915 3423 2976 ferro,

1838 2997 2316 3068 eippis.vinctos,
2370 3009 2621 3061 onustos,
2698 3002 2994 3070 gravatos?
3064 3003 3205 3057 Num
3263 3020 3422 3058 vere—

1843 3087 2044 3142 cundia
2070 3088 2401 3142 movemur?
2424 3088 2564 3143 Num
2595 3089 2665 3144 ab
2687 3091 2958 3161 ejusmodi
2987 3092 3149 3149 factis
3176 3103 3427 3149 actutum

1767 3197 1809 3254 (ς
1845 3176 2220 3232 retrahimur?

1914 3282 1984 3338 At
2009 3283 2139 3353 quid
2170 3284 2378 3363 statim;
2414 3300 2476 3340 ea
2500 3284 2778 3343 dementia
2829 3286 3152 3345 laborantes
3183 3288 3423 3363 loquun-

1844 3372 1980 3427 tur?
2008 3326 2243 3439 lidcireo,
2266 3326 2470 3444 ἱηρίιίι,
2493 3376 2651 3431 dedit
2680 3378 2817 3432 mihi
2843 3379 3011 3445 Deus,
3038 3391 3100 3436 ut
3134 3383 3221 3437 his
3246 3326 3420 3447 l‘Iruar,

1842 3465 2009 3535 inque
2042 3465 2152 3520 illis
2189 3465 2439 3521 delieier.
2475 3466 2662 3532 Erras,
2685 3467 2871 3522 homo.
2902 3466 3160 3527 Redemit
3190 3480 3243 3528 te
3265 3472 3425 3529 Chri-

1840 3564 1990 3619 stus;
2040 3554 2194 3609 dedit
2244 3555 2469 3610 divitias
2510 3563 2570 3610 ttt
2602 3556 2843 3611 redimas
2886 3558 3084 3614 fratres
3123 3570 3247 3616 tuos
3282 3603 3296 3627 ,
3362 3576 3423 3620 ιιι

1839 3632 2034 3700 eorum
2066 3647 2401 3708 miserearis,
2447 3662 2511 3702 ac
2559 3648 2945 3721 misericordia
2974 3651 3030 3704 in
3073 3667 3171 3707 eos
3204 3655 3421 3725 impen-

1840 3739 1972 3799 sior,
2002 3737 2236 3791 salutem
2262 3739 2645 3807 consequaris.
2681 3740 2935 3810 Spoliare
2965 3743 3077 3799 cito
3107 3748 3418 3816 superﬂua,

1838 3845 1903 3885 ac
1919 3845 2041 3895 quas
2062 3828 2299 3884 utilitate
2320 3840 2540 3898 carent;
2575 3831 2687 3887 imo
2711 3849 2836 3902 qua:
2855 3847 3078 3900 nocent,
3103 3854 3169 3892 ae
3189 3842 3419 3897 exitium

1839 3919 2081 3990 pariunt.
2133 3919 2385 3974 Esuriem
2446 3931 2737 3991 promptus
2790 3923 3170 3992 amplectere:
3213 3927 3422 4001 Frange

1838 4009 2093 4062 esurienti
2115 4024 2311 4079 panem
2335 4009 2403 4061 5‘.
2435 4008 2605 4065 Serva
2635 4011 2804 4065 animi
2831 4012 3042 4069 anxios.
3096 4016 3153 4069 Si
3217 4019 3422 4075 videris

1838 4100 2074 4165 nudum,
2123 4109 2306 4155 vestes
2364 4100 2570 4169 praebe,
2623 4104 2873 4174 cogitans
2927 4105 3043 4161 fore
3116 4117 3176 4163 ut
3234 4127 3420 4167 coram

1834 4190 2021 4263 judice
2056 4190 2242 4245 nudus
2290 4190 2529 4246 sistaris.
2587 4191 2645 4247 Si
2700 4178 3028 4263 peregrinus
3086 4201 3419 4267 occurrerit,

1839 4283 2060 4353 suscipe
2096 4283 2154 4337 in
2201 4299 2270 4338 eo
2310 4282 2616 4350 Christum,
2647 4286 2743 4355 qui
2783 4287 2859 4341 ttti
2915 4304 3077 4344 causa
3135 4290 3336 4361 hospes
3367 4295 3421 4348 in

1841 4384 1988 4431 terra
2020 4375 2144 4431 fuit.
2179 4375 2236 4430 Si
2266 4375 2579 4433 debitorem
2632 4393 2743 4433 non
2771 4380 3038 4435 solvendo
3065 4385 3421 4441 exsist’cntem

1811 4467 2246 4537 'deprehendas,
2306 4468 2463 4539 isque
2511 4469 2785 4539 procidat,
2838 4471 3168 4538 obtestetur,
3217 4475 3421 4532 dimitti

151 4571 255 4607 σαν
271 4550 494 4621 ὀφειλὴν
509 4552 753 4622 εὔλογον,
782 4554 816 4625 ἢ
876 4553 1070 4621 ἄλογον
1100 4553 1411 4628 διάῤῥηξον.
1442 4553 1541 4605 Ἂν
1576 4553 1738 4606 ἀσθε-

1846 4558 2121 4631 eﬂlagitet,
2158 4559 2345 4615 animo
2375 4575 2780 4631 compungcre;
2835 4564 3149 4619 cautionem
3178 4581 3420 4632 omnem,

148 4646 352 4700 νοῦντα
377 4644 520 4715 ὄψει,
544 4644 712 4712 ὀξέως
744 4663 810 4699 πε
822 4645 1103 4715 ριποίησαι
1122 4660 1137 4676 ο
1168 4646 1267 4719 τὴν
1286 4644 1384 4716 σὴν
1396 4642 1582 4712 ὑγείαν
1604 4642 1746 4696 αἰδέέ

149 4736 340 4807 σθητι.
368 4736 466 4789 Ἂν
512 4736 857 4806 αἰχμάλωτον
913 4734 1082 4807 θεάσῃ
1136 4734 1464 4806 δακρύοντα,
1502 4732 1743 4805 προσπίο

148 4844 383 4894 πτοντα,
406 4828 878 4899 ταλαιπωροῦντα,
922 4824 1338 4899 χειμαζόμενον,
1370 4827 1534 4881 τόπον
1563 4827 1626 4878 ὲκ
1655 4824 1744 4877 τό-

149 4938 260 4974 που
295 4921 433 4993 πρὸς
462 4921 710 4975 εὐποιίαν
739 4920 1159 4992 μετερχόμενον,
1180 4918 1576 4989 μαστιζόμενον
1599 4916 1741 4987 ὑπὲρ

147 5013 420 5083 Χριστοῦ,
459 5013 958 5083 καταπονούμενον,
994 5015 1090 5067 καὶ
1108 5013 1182 5075 ὡς
1205 5011 1400 5082 κτῆνος
1421 5010 1736 5081 πιπρασκό-

150 5104 321 5176 psi/0v
346 5120 361 5136 ·
389 5104 466 5175 μὴ
493 5103 651 5175 μόνον
676 5105 934 5174 χρήματα
953 5143 969 5167 ,
992 5103 1106 5156 ἀλλ’
1123 5102 1430 5167 είδυνατὸν,
1448 5104 1515 5156 τὰ
1530 5104 1741 5159 ἑαυτῶν

148 5198 390 5268 σώματα
424 5195 843 5267 μεταδώσωμεν.
876 5195 1057 5249 Καλὸν
1087 5195 1196 5265 γὰρ
1212 5196 1481 5268 ἀγορῆσαι
1504 5197 1739 5268 Χριστὸν

147 5286 631 5358 πιπρασκόμενον.
656 5286 767 5357 Τὴν
805 5282 914 5355 γὰρ
945 5284 1129 5355 κρίσιν
1170 5286 1349 5337 πᾶσαν
1380 5286 1542 5349 αὐτὸς
1574 5288 1740 5341 πεπί-

147 5393 413 5433 στευται·
445 5376 541 5430 καὶ
594 5378 781 5449 μέλλει
836 5378 992 5447 ἡμῖν,
1025 5375 1102 5441 ὡς
1148 5375 1301 5440 Θεὸς,
1333 5376 1431 5445 τὴν
1464 5375 1743 5445 βασιλείαν

144 5469 504 5542 χαρίζεσθαι.

222 5652 342 5703 Οὐκ
364 5648 637 5719 ἀκούομεν
661 5652 713 5706 τί
734 5653 761 5705 ὀ
781 5651 1033 5732 πλούσιος
1050 5654 1255 5718 ἐκεῖνος
1272 5652 1472 5709 ἔπαθεν
1488 5671 1505 5723 ;
1523 5652 1739 5727 Ἐπειδὴ

230 5834 278 5866 ἰ
329 5842 438 5886 tsa.
481 5847 632 5900 tvm,
665 5833 720 5887 7.

1841 4668 1948 4722 qua
1998 4653 2047 4707 is
2088 4654 2211 4723 jure
2241 4654 2327 4708 vel
2375 4654 2578 4724 injuria
2612 4655 3322 4730 obstringatur,-dirumpe.
3365 4660 3423 4717 Si

1840 4742 2090 4797 inﬁrmos
2135 4743 2346 4808 videas,
2396 4759 2585 4799 curam
2646 4747 2832 4801 statim
2874 4747 3106 4813 adhibe;
3167 4767 3423 4808 reverere

1839 4832 1986 4901 quod
2022 4848 2192 4888 sanus
2218 4832 2336 4904 ipse
2372 4835 2628 4890 exsistas.
2669 4835 2765 4891 Sin
2794 4837 3050 4907 captivus
3108 4839 3163 4893 in
3231 4843 3428 4897 oculos

1842 4924 2113 4988 incurrat,
2136 4924 2295 4989 ﬂens,
2326 4927 2642 4996 procidens,
2668 4913 2927 4991 aﬂlictus,
2952 4930 3213 5001 jactalus,
3234 4933 3427 4989 locum

1826 5032 1907 5084 ex
1949 5016 2175 5072 loco'ad
2228 5017 2631 5073 beneﬁcienlize
2679 5019 2988 5075 subsidium
3024 5023 3249 5092 aliquod
3309 5042 3432 5080 mu-

1845 5118 1988 5173 tans,
2014 5109 2110 5179 qui
2135 5108 2342 5165 Christi
2362 5125 2529 5166 causa
2551 5111 2798 5181 vapulet,
2824 5113 3110 5169 laboribus
3130 5125 3425 5183 atteratur,

1843 5201 1899 5254 in
1948 5202 2203 5273 jmnenti'
2234 5217 2448 5257 morem
2487 5213 2731 5272 vaeneat;
2765 5204 2971 5259 nedum
3004 5209 3289 5275 pecunias,
3327 5209 3425 5264 sed

1844 5304 1901 5348 et
1930 5303 2139 5357 nostra,
2175 5295 2221 5348 si
2258 5293 2377 5350 ﬁeri
2406 5296 2618 5365 possit,
2639 5312 2874 5368 corpora
2906 5297 2994 5354 his
3022 5299 3420 5369 impendamus.

1845 5383 2060 5438 Bonum
2092 5383 2241 5439 enim
2276 5383 2562 5441 Christum
2589 5403 2776 5443 emere
2820 5403 3039 5443 vaenum
3071 5391 3383 5458 expositum
3410 5408 3427 5456 ;

1846 5473 2051 5544 quippe
2086 5473 2165 5529 illi
2196 5476 2584 5533 concreditum
2630 5495 2795 5536 omne
2830 5481 3138 5552 judicium;
3174 5496 3240 5535 ac
3266 5482 3432 5538 nobis

1848 5564 1988 5635 ipse,
2019 5568 2174 5624 velut
2203 5568 2372 5635 Deus,
2408 5586 2639 5640 regnum
2674 5572 2980 5644 largiturus
3014 5581 3120 5626 est.

1918 5658 2041 5714 Non
2081 5660 2341 5717 audimUS
2402 5663 2535 5731 quid
2587 5664 2742 5719 diviti
2804 5664 2882 5718 illi
2934 5659 3255 5720 acciderit?
3311 5663 3427 5719 Una
