4010 6288
213 457 358 522 2269
1687 457 2014 521 NOTITIA.
3256 548 3265 553 ν
3309 448 3446 514 3270

1511 796 1813 858 NOTITIA
1847 797 2164 858 ALTERA.

1287 957 1569 1028 (Lectum.
1601 955 1692 1012 Or.
1727 956 1921 1012 Christ.
1953 967 1990 1010 ι.
2019 957 2107 1020 Ill,
2135 974 2187 1026 p.
2220 955 2372 1025 2.38.)

286 1251 1072 1324 Zachariallierosolymitano
1097 1249 1412 1321 patriarcha
1450 1249 1692 1305 abducto
1727 1248 1784 1303 in
1807 1247 2086 1303 Persidem
2131 1264 2276 1307 anno
2306 1247 2510 1302 Christi
2564 1247 2688 1308 614,
2725 1245 2873 1301 circa
2914 1261 3158 1301 mensem
3203 1245 3450 1308 Junium,

221 1351 285 1397 ut
311 1357 476 1412 supra
525 1341 735 1396 dictum
759 1349 866 1401 est,
899 1355 970 1394 ne
1000 1337 1238 1408 pastoris
1267 1335 1532 1406 regimine
1577 1336 1695 1389 haec
1727 1336 1967 1392 ecclesia
2015 1343 2252 1399 careret,
2287 1335 2408 1404 ejus
2438 1335 2972 1389 administrationem
2999 1333 3233 1402 sumpsit
3272 1332 3360 1400 (ad
3397 1333 3453 1387 id

223 1429 542 1499 designatus
565 1427 756 1498 procul
781 1426 954 1481 dubio
983 1426 1053 1480 ab
1081 1425 1202 1495 ipso
1229 1423 1496 1478 Zacharia
1519 1438 1656 1477 suus
1685 1439 1786 1492 per
1820 1423 2124 1480 absentiam
2145 1421 2408 1488 vicarius,
2440 1437 2504 1476 ac
2531 1421 2598 1475 de
2617 1436 2890 1476 consensu
2912 1421 3293 1490 episcoporum
3323 1435 3453 1489 pro-

221 1515 418 1570 vincia:
451 1515 547 1583 qui
575 1513 952 1583 captivitatem
977 1510 1306 1582 eﬁ‘ugerant)
1336 1509 1638 1572 Modestus,
1675 1511 1742 1563 de
1773 1525 1883 1579 quo
1914 1509 2248 1564 Antiochum
2293 1509 2349 1563 in
2395 1509 2630 1578 epistola
2673 1509 2784 1578 jam
2834 1507 3004 1562 citata
3035 1507 3282 1560 locutum
3313 1507 3456 1560 vidi-

223 1617 366 1656 mus.
396 1600 449 1655 ls
471 1600 796 1670 praepositus
815 1607 934 1654 erat
967 1597 1286 1652 monasterii
1321 1597 1494 1651 sancti
1527 1594 1824 1650 Theodosii
1847 1597 1900 1651 in
1926 1596 2232 1662 Palaestina,
2263 1611 2330 1654 ex
2353 1595 2692 1664 Papebroch.
2731 1604 2857 1648 tom.
2895 1593 2952 1648 ll
2984 1593 3173 1656 Mam,
3204 1595 3276 1648 ad
3315 1594 3455 1647 diem

225 1688 313 1752 11,
341 1704 393 1741 n.
437 1686 526 1750 24,
558 1703 680 1755 pag.
715 1686 807 1747 68,
835 1685 934 1738 col.
961 1685 1014 1738 2.
1041 1683 1273 1751 Quando
1301 1683 1418 1738 haec
1465 1681 1615 1736 sedis
1661 1681 2170 1752 llierosolymitanae
2207 1696 2338 1736 cura
2367 1681 2418 1736 ei
2447 1683 2739 1735 commissa
2794 1689 2897 1743 est,
2954 1679 3276 1748 insignitum
3325 1695 3457 1748 pro-

218 1782 411 1845 pterea
436 1771 734 1840 episcOpali
763 1778 1062 1832 earactere.
1090 1769 1222 1824 licet
1253 1782 1513 1838 expresse
1551 1783 1662 1826 non
1700 1767 1920 1825 tradant
1953 1775 2230 1832 auctores,
2261 1766 2414 1820 illum
2443 1767 2534 1820 vix
2581 1766 2792 1821 inﬁcias
2824 1765 3006 1829 iverit,
3039 1765 3132 1834 qui
3175 1765 3454 1830 eumdem,

223 1860 443 1917 vivente
468 1857 650 1913 adhuc
676 1857 964 1922 Zacharia,
987 1856 1496 1926 Hierosolymorum
1520 1855 1810 1926 praesulem
1842 1855 2118 1909 interdum
2143 1853 2418 1914 nominari
2441 1853 2762 1906 adverterit.
2791 1852 2866 1906 Ea
2891 1852 3076 1920 itaque
3103 1851 3456 1906 administra-

223 1943 372 2001 tione
396 1951 621 2007 .auctus,
649 1943 932 1996 nominato
963 1942 1016 1996 in
1046 1941 1296 2012 praadicti
1322 1940 1645 1996 monasterii
1669 1941 1921 2000 abbatem
1959 1939 2216 2010 Georgio.
2248 1954 2445 2008 magno
2474 1938 2695 2003 ardore,
2721 1953 2830 1990 non
2865 1937 2932 1992 iis
2977 1946 3186 1991 tantum
3225 1952 3347 2006 qua:
3387 1936 3456 1990 ad

213 2021 569 2102 'spiritualem
595 2029 904 2082 animarum
933 2029 1268 2098 profectum,
1308 2037 1366 2082 et
1395 2028 1788 2084 monachorum
1817 2026 2090 2096 imprimis
2114 2026 2363 2096 requiem
2394 2025 2704 2082 attinebant
2738 2025 3038 2094 prospexit,
3085 2024 3178 2078 sed
3229 2025 3458 2092 insuper

225 2117 380 2186 quasi
413 2116 554 2170 alter
576 2115 914 2180 Zorobabel,
945 2116 999 2168 in
1037 2114 1415 2171 restaurandis
1436 2113 1683 2169 aediﬁciis
1712 2129 1776 2170 ac
1825 2113 2043 2182 templis
2072 2130 2194 2184 quae
2243 2113 2366 2183 igne
2401 2121 2726 2182 consumpta
2761 2111 2999 2174 fuerant,
3037 2109 3459 2166 adversantibus

219 2205 355 2260 licet
393 2212 504 2257 tota
529 2203 734 2257 virtute
763 2201 988 2266 ludatis,
1021 2202 1314 2272 Persisque
1345 2203 1683 2272 tyrannicam
1705 2211 1828 2256 actu
1867 2203 2260 2259 exercentibus
2288 2200 2342 2254 in
2372 2201 2661 2257 Palaestina
2691 2199 3145 2262 dominationem,
3179 2198 3327 2268 quod
3357 2197 3460 2252 im-

222 2290 486 2360 possibile
515 2289 830 2354 videbatur,
863 2300 1144 2345 strenuam
1177 2287 1542 2345 nihilominus
1571 2287 1815 2343 admovit
1850 2305 2096 2362 operam.
2147 2284 2540 2348 Monacborum
2587 2289 2682 2358 qui
2715 2303 2746 2342 a
2802 2286 3092 2341 Saracenis
3145 2285 3459 2340 immaniter

223 2376 482 2431 trucidati
525 2375 744 2430 fuerant
776 2374 1068 2444 exsequias
1108 2374 1420 2430 celebrasse
1446 2373 1560 2444 jam
1594 2373 2034 2440 observavimus,
2093 2383 2352 2430 narrante
2381 2374 2674 2438 Antiocho,
2725 2374 2818 2442 qui
2873 2373 2952 2427 sic
2995 2371 3349 2441 prosequitur
3401 2373 3459 2428 in

224 2462 416 2518 eadem
450 2461 680 2533 epistola
711 2479 801 2532 pp.
841 2461 996 2526 1023,
1030 2460 1191 2526 102i,
1227 2468 1283 2514 et
1315 2459 1460 2530 apud
1495 2458 1694 2518 Baron.
1721 2459 1786 2514 ad
1817 2478 1946 2516 ann.
1977 2462 2080 2516 (506
2130 2478 2228 2516 un.
2269 2461 2302 2516 5
2342 2447 2480 2516 et'6.
2508 2460 2612 2516 Nos
2643 2459 2864 2530 proinde
2901 2457 3125 2512 humiles
3159 2466 3209 2510 et
3245 2459 3456 2528 abjecti,

227 2550 400 2618 gratia
431 2551 660 2619 primum
680 2547 796 2611 Dei,
822 2548 1008 2601 deinde
1033 2549 1171 2600 seria
1205 2546 1489 2600 admodum
1517 2554 1568 2599 et
1589 2555 1842 2601 accurata
1865 2547 2141 2619 diligentia
2177 2549 2568 2618 prwmemorati
2602 2546 2922 2601 sanctissimi
2953 2545 3191 2608 Modesti,
3217 2545 3454 2605 sedenta-

222 2637 364 2693 riam
391 2636 525 2689 hanc
560 2636 816 2706 exigimus
836 2635 999 2688 vitam
1027 2635 1083 2687 in
1111 2633 1352 2689 liberiore
1393 2643 1442 2686 et
1485 2633 1859 2704 tranquilliore
1881 2635 2005 2688 otio.
2048 2635 2114 2688 Et
2141 2649 2336 2690 rursus
2372 2651 2385 2686 :
2425 2631 2612 2688 Gratia
2656 2633 2780 2686 item
2812 2631 3026 2695 Christi,
3071 2631 3164 2683 sed
3201 2639 3252 2684 et
3275 2629 3460 2684 solerti

227 2721 516 2775 sedulitate
531 2722 651 2792 jam
683 2721 810 2774 dicti
839 2721 1126 2776 venerandi
1154 2720 1392 2792 apprime
1421 2719 1602 2774 Patris
1629 2722 1798 2775 nostri
1837 2721 2076 2788 Modesti,
2123 2731 2308 2776 cuncta
2364 2723 2418 2776 id
2461 2722 2709 2791 temporis
2743 2719 3046 2774 incoluntur
3107 2721 3268 2790 effusa
3308 2721 3460 2780 istius

229 2809 390 2861 eremi
418 2809 761 2864 monasteria.
785 2807 857 2864 Et
880 2807 1043 2877 paulo
1067 2815 1233 2878 post:
1263 2804 1559 2876 Supersunt
1584 2807 1770 2861 nuntia
1795 2807 1995 2879 aliquot
2017 2825 2146 2863 sane
2172 2825 2332 2886 quam
2370 2808 2514 2873 lazta,
2547 2824 2766 2878 quorum
2796 2805 2944 2876 ﬁdeli
2974 2805 3166 2870 relatu,
3197 2815 3246 2860 et
3264 2815 3458 2868 vestra,

231 2904 280 2950 et
319 2897 486 2949 onmis
514 2896 788 2950 sinceriter
820 2895 1110 2953 Christiani
1133 2896 1315 2949 anima
1341 2902 1527 2948 merito
1559 2895 1720 2966 possit
1754 2896 2152 2956 exhilarescere.
2177 2898 2303 2953 Hart:
2329 2899 2490 2970 igitur
2515 2914 2580 2956 ex
2630 2907 2875 2968 promptu
2899 2907 2947 2950 et
2980 2897 3160 2950 alacer
3203 2898 3462 2956 annuntio

229 2983 406 3037 vobis:
442 2983 702 3038 Modestus
721 2983 1022 3038 sanctitatis
1053 2982 1260 3037 eximiae
1287 2983 1368 3036 vir
1399 2982 1483 3052 (de
1509 2998 1610 3052 quo
1637 2999 1739 3036 non
1771 2981 1931 3039 semel
1979 2984 2220 3051 dict-um),
2255 3001 2356 3038 non
2378 3001 2556 3044 eorum
2596 2983 2747 3036 modo
2781 2983 3051 3054 providam
3103 2985 3232 3054 gerit
3277 3000 3461 3046 curam

237 3070 516 3132 sollicitus,
549 3087 666 3140 qua:
698 3087 793 3142 per
823 3071 960 3125 hanc
983 3079 1192 3125 vastam
1221 3085 1452 3122 eremum
1486 3071 1714 3138 sparsim
1743 3071 1960 3144 disjecta
1991 3080 2116 3126 sunt
2141 3073 2600 3134 monasteriorum,
2623 3070 2712 3124 sed
2751 3079 2800 3123 et
2825 3069 3160 3124 moderanda:
3186 3071 3304 3124 huic
3333 3073 3462 3124 civi-

231 3158 348 3223 tati,
381 3174 444 3211 ac
465 3159 721 3212 universes
755 3157 1194 3226 circum/innima:
1243 3158 1445 3226 regioni
1481 3157 1701 3215 solerter
1735 3159 2008 3230 prospicit,
2047 3156 2156 3212 Deo
2183 3159 2348 3216 eidem
2367 3167 2676 3227 coeperante
2703 3159 2764 3215 in
2817 3157 3191 3210 omnibus.llic
3233 3157 3370 3210 enim
3393 3155 3464 3218 ad

231 3245 402 3297 vivum
437 3243 579 3296 nobis
605 3243 851 3313 exprimit
879 3244 1164 3314 imaginem
1188 3243 1306 3296 novi
1328 3242 1628 3313 cujuspiam
1652 3242 1949 3309 Beseleelis,
1981 3253 2074 3298 aut
2098 3254 2238 3303 certe
2254 3243 2612 3305 Zorobabctis.
2641 3243 2826 3298 Gratia
2865 3243 3003 3297 enim
3022 3241 3208 3312 plenus
3237 3241 3462 3312 Spiritus

227 3329 424 3394 sancti,
454 3328 649 3400 templa
679 3328 973 3384 Saluatoris
1005 3331 1172 3384 nostri
1197 3328 1323 3384 Iesu
1353 3328 1568 3394 Christi,
1588 3346 1704 3400 qua:
1755 3331 1962 3404 quidem
2011 3330 2290 3386 barbarico
2331 3333 2451 3402 igne
2487 3333 2912 3402 conﬂagrarunt,
2963 3331 3017 3384 in
3063 3331 3284 3384 sublime
3313 3331 3462 3400 erigit

229 3417 376 3470 omni
401 3431 618 3486 prorsus
640 3417 802 3486 digna
837 3419 1186 3480 veneratione,
1217 3425 1345 3486 pata
1396 3417 1534 3470 cedes
1563 3426 1762 3471 sancta:
1795 3415 2078 3484 Calvaritc,
2131 3434 2194 3476 ac
2243 3427 2444 3471 sancta'
2492 3416 2928 3480 Resurrcctionis,
2987 3416 3198 3474 domum
3248 3416 3466 3486 insuper

232 3503 446 3572 dignam
468 3504 611 3556 omni
637 3504 832 3557 honore
850 3503 1164 3557 venerandae
1189 3501 1390 3568 Crucis,
1419 3518 1538 3572 quia
1563 3503 1736 3559 Mater
1757 3503 2117 3564 Ecclesiarum
2147 3514 2258 3570 est;
2292 3505 2384 3558 sed
2403 3513 2452 3558 et
2471 3513 2670 3558 sancta:
2687 3505 3070 3573 Assumptionis
3089 3503 3252 3562 tndem
3281 3521 3312 3556 a
3343 3504 3467 3572 [un-.-

217 3587 491 3644 'damentis
529 3589 822 3657 exwdiﬁcat
855 3605 874 3642 :
899 3591 1028 3642 adeo
1054 3598 1112 3642 ut
1141 3605 1234 3659 per
1259 3589 1369 3645 lucc
1407 3589 1530 3643 lazta
1563 3590 1740 3656 initia,
1773 3589 1836 3644 de
1873 3590 2064 3660 futuris
2099 3607 2304 3662 quoque
2347 3607 2464 3660 spes
2507 3591 2864 3660 amplissimas
2906 3591 3283 3660 concipiamus,
3313 3591 3468 3661 idque

231 3675 314 3730 vel
335 3677 395 3730 ob
425 3691 508 3729 eos
535 3677 763 3730 maxime
781 3676 872 3746 qui
909 3676 1007 3728 huc
1039 3685 1325 3746 sperantur
1353 3677 1558 3730 venturi
1589 3675 1653 3729 ab
1683 3679 1910 3734 externis
1937 3678 2445 3747 regionibussancta
2473 3678 2582 3729 haec
2613 3675 2727 3730 loca
2761 3686 2814 3728 ut
2853 3675 3094 3738 adorent,
3125 3686 3181 3732 ut
3213 3693 3388 3730 omnes
3410 3678 3468 3730 in

234 3777 506 3816 commune
533 3761 885 3832 gloriﬁcenms
918 3761 1106 3820 Deum,
1155 3763 1280 3816 "(ec
1307 3763 1630 3817 Antiochus.
1673 3761 2088 3832 Papebrochitts
2137 3778 2272 3817 vero
2315 3771 2468 3832 tract.
2503 3762 2795 3832 pra'limin.
2827 3763 2888 3824 in
2917 3770 3043 3816 tom.
3071 3763 3159 3816 III
3189 3765 3464 3820 Actorum.

235 3849 426 3902 mensis
454 3847 604 3912 Maii,
629 3865 680 3916 p.
715 3848 804 3910 5|,
832 3865 886 3900 η.
921 3847 1040 3910 156,
1075 3848 1174 3905 col,
1212 3849 1260 3914 l,
1292 3859 1579 3919 postquam
1617 3849 1806 3902 retulit
1850 3848 2023 3909 verba
2053 3848 2302 3918 quaedam
2338 3849 2584 3918 epistola:
2616 3847 2896 3910 Zachariae
2926 3847 2982 3902 in
3010 3848 3234 3904 Perside
3265 3850 3464 3918 captivi

235 3933 304 3989 ad
334 3935 598 4008 populum
641 3933 1226 4008 Hierosolymitanum,
1268 3950 1390 4004 qua:
1432 3951 1535 3988 nos
1583 3951 1748 4006 supra
1777 3934 1845 3989 de
1866 3934 2130 3994 Zacharia
2157 3943 2384 4006 agentes
2416 3951 2484 3989 ex
2507 3935 2626 4008 ipso
2662 3934 3014 3998 adduximus,
3052 3934 3280 3990 subdit:
3318 3935 3468 3990 lianc

229 4006 542 4091 epistulam,
571 4020 862 4091 prolixiori
895 4006 1026 4084 alia,
1065 4021 1336 4090 planeque
1370 4020 1438 4075 ad
1468 4021 1790 4080 movendam
1821 4023 2304 4090 compunctionem
2342 4006 2570 4085 efﬁcaci,
2625 4019 2694 4074 ad
2735 4035 2928 4075 omnes
2967 4021 3160 4076 ﬁdeles
3205 4021 3466 4076 ealtorta,

237 4107 386 4162 tione
412 4107 768 4176 prosequitur
794 4106 1072 4162 Modestus
1101 4107 1379 4166 Zachariae
1413 4107 1682 4166 vicarius:
1713 4117 1769 4161 et
1825 4118 2084 4180 tanquam
2111 4123 2273 4162 suum
2327 4117 2716 4162 testamentum
2751 4107 3018 4172 condens,
3069 4109 3250 4164 on'mis
3273 4110 3468 4173 condi-

233 4193 424 4256 tionis,
455 4193 632 4250 :etatis
653 4209 716 4248 ac
750 4209 914 4252 sexus
945 4193 1140 4248 ﬁdeles
1165 4192 1330 4250 oﬂicii
1353 4195 1441 4248 sui
1469 4193 1752 4260 admonet,
1775 4195 2051 4264 incipiens
2079 4193 2146 4248 ab
2165 4194 2424 4253 tristibus
2467 4194 2535 4248 iis
2573 4210 2697 4268 qua:
2739 4194 2946 4248 residui
2989 4195 3046 4249 in
3089 4195 3224 4257 urbe
3283 4204 3469 4258 sancta

227 4277 449 4344 ﬁdeles,
485 4287 608 4348 post
633 4293 881 4343 crucem,
910 4279 1278 4348 patriarcham
1305 4289 1361 4334 ct
1387 4289 1618 4334 caeteros
1651 4281 1942 4345 abductos,
1973 4280 2254 4336 viderunt.
2280 4281 2494 4340 Laudat
2518 4279 2572 4333 in
2602 4279 2794 4349 primis
2837 4279 3196 4344 Nicodemum
3242 4296 3306 4334 ac
3338 4297 3470 4335 con-

227 4367 417 4438 jugem
439 4365 838 4436 Magdalenam,
873 4368 962 4442 qui
984 4376 1266 4440 postquam
1296 4369 1466 4423 hostes
1497 4368 1738 4422 exiissem
1768 4374 1926 4438 atque
1953 4367 2006 4420 in
2029 4365 2300 4434 Persidem
2335 4367 2628 4431 rediissent,
2657 4375 2820 4420 totam
2857 4367 3056 4419 circum
3089 4366 3268 4428 urbem
3294 4383 3356 4422 ac
3391 4369 3470 4420 ri-

235 4470 322 4508 cos
345 4454 656 4520 lustrantes,
692 4455 1024 4525 fratrumque
1055 4455 1307 4529 reliquias
1348 4455 1637 4522 insepultus
1659 4455 1843 4529 jacere
1897 4453 2286 4524 conspicientes,
2331 4453 2562 4524 projecta
2605 4454 2834 4527 sparsim
2902 4457 3159 4506 cadavera
3195 4469 3467 4506 coaccrra,

235 4551 361 4596 runt
384 4543 439 4595 in
474 4559 708 4613 specum,
734 4558 851 4612 qua:
874 4524 949 4596 est
975 4524 1106 4596 ante
1131 4550 1372 4617 portam,
1409 4543 1479 4596 ad
1495 4524 1772 4612 sexaginta
1801 4541 2028 4610 quinque
2046 4540 2238 4594 millia.
2271 4539 2339 4592 Ει
2369 4539 2436 4594 ab
2455 4541 2524 4594 iis
2550 4524 2764 4609 exquiri
2793 4540 2970 4611 jubet,
2998 4555 3101 4610 qua
3126 4539 3297 4610 forma
3315 4549 3472 4617 atque

235 4629 418 4683 habitu
444 4630 844 4684 inveniebantur
873 4628 984 4683 solo
997 4631 1153 4684 strati
1175 4629 1312 4684 beati
1338 4629 1418 4682 illi
1441 4629 1528 4700 qui
1550 4631 1642 4684 sub
1672 4631 1726 4682 id
1752 4640 1952 4701 tempus
1973 4637 2278 4686 meruerunt
2305 4629 2682 4704 Hierosolymis
2713 4628 2895 4686 occidi.
2926 4627 3041 4692 Quo
3063 4628 3216 4682 modo
3239 4627 3467 4704 scilicet.

237 4715 380 4770 alter
405 4733 438 4770 a
469 4717 638 4787 capite
664 4717 734 4770 ad
759 4733 848 4771 cor
879 4732 1040 4788 usque
1063 4715 1255 4770 vulnus
1285 4724 1577 4783 acceperat,
1625 4716 1763 4770 alter
1791 4717 1855 4772 ab
1892 4719 2123 4771 humeris
2155 4718 2226 4771 ad
2257 4733 2420 4788 usque
2472 4702 2728 4781 ventrem,
2753 4715 2890 4770 alius
2911 4716 3140 4788 quinque
3182 4703 3262 4769 vel
3288 4702 3468 4768 decem

237 4802 369 4856 ictus
396 4803 453 4856 in
475 4803 735 4856 intestinis
757 4802 1000 4865 habebat,
1027 4801 1166 4855 alius
1197 4801 1446 4856 dissectus
1468 4803 1667 4856 medius
1698 4804 1855 4876 ingue
1883 4805 1987 4856 duo
2018 4804 2213 4858 divisus
2239 4813 2377 4867 erat,
2417 4803 2513 4857 alii
2553 4811 2733 4862 ventre
2781 4818 2902 4860 ense
2939 4804 3176 4875 perfosso
3217 4802 3470 4856 intestina

242 4890 419 4944 omnia
449 4890 609 4960 eﬂ'usa
629 4891 884 4960 ﬂuebant,
910 4889 1098 4954 alium,
1135 4890 1244 4942 ovis
1279 4890 1455 4943 instar
1478 4891 1533 4942 in
1563 4889 1807 4953 macello,
1837 4891 1942 4945 diri
1969 4889 2244 4963 carnifices
2271 4892 2325 4946 in
2357 4891 2528 4959 frusta
2582 4889 2740 4960 plura
2767 4888 3126 4950 conciderant,
3153 4895 3250 4944 etc.
3278 4885 3322 4941 A
3357 4887 3471 4942 Mo-

239 4973 398 5028 desto
427 4973 482 5028 S.
516 4974 840 5028 Anastasius
866 4977 1050 5038 Persa,
1081 4975 1175 5044 qui
1205 4991 1398 5030 recens
1433 4975 1593 5030 ﬁdem
1615 4975 1815 5031 Christi
1855 4977 2138 5046 atuplexus
2172 4977 2372 5042 fuerat,
2412 4976 2744 5046 baptismum
2789 4973 3030 5044 suscepit
3057 4973 3466 5045 Hierosolymis,

235 5071 302 5116 ut
327 5061 500 5116 refert
525 5060 691 5130 hujus
717 5061 980 5136 temporis
1005 5063 1242 5136 scriptor
1274 5063 1329 5116 in
1363 5064 1514 5118 Actis
1545 5063 1686 5132 ejus,
1708 5079 1830 5135 qua:
1865 5063 1920 5116 in
1949 5065 2189 5125 secunda
2239 5065 2450 5136 synodo
2487 5065 2704 5126 Nicaeus
2733 5063 3009 5140 proposita
3039 5071 3187 5116 sunt.
3241 5061 3471 5116 Exstant

229 5147 384 5216 ‘apud
413 5147 706 5202 Baronium
737 5149 802 5200 ad
837 5163 1040 5201 annuat
1065 5149 1169 5202 614
1193 5164 1266 5201 nn
1315 5149 1383 5202 55
1405 5157 1644 5228 etseqq.
1682 5165 1747 5204 ex
1769 5149 2134 5228 Metaphraste
2168 5161 2384 5221 sumpta
2410 5169 2425 5218 ;
2455 5152 2550 5206 sed
2573 5167 2691 5220 quae
2713 5151 2828 5219 ipse
2849 5148 3083 5224 sumpsit
3102 5163 3168 5202 ex
3190 5149 3340 5203 Actis
3361 5149 3470 5204 illis

239 5233 644 5288 vetustioribus
661 5233 723 5286 in
753 5233 964 5304 synodo
999 5233 1222 5292 Nicena
1242 5227 1486 5291 secunda
1513 5235 1714 5300 allatis,
1739 5245 1797 5292 et
1841 5252 1870 5290 τι
1899 5227 2035 5298 Bell.
2064 5239 2353 5294 recensitis
2405 5239 2474 5292 ad
2521 5239 2666 5292 diem
2687 5237 2758 5290 22
2783 5235 3006 5290 Januar.
3035 5233 3158 5289 Haec
3186 5245 3368 5288 autem
3402 5252 3471 5290 ex

233 5319 474 5375 Baronio
500 5320 807 5375 transcribo
839 5337 854 5374 :
884 5319 1014 5376 Cant
1039 5337 1240 5391 magna
1268 5323 1457 5376 civitas
1491 5322 1974 5394 Hierosolymorum
2001 5337 2154 5404 capta
2180 5329 2359 5397 fuisset
2395 5344 2428 5379 a
2460 5342 2580 5402 rege
2604 5324 2910 5388 Persarum,
2945 5333 2994 5376 et
3022 5323 3165 5392 facta
3194 5321 3290 5376 illa
3323 5321 3466 5383 loca,

161 5439 193 5456 ρ
237 5423 360 5478 quia
388 5409 490 5462 mei
513 5407 712 5463 Christi
731 5408 976 5462 viderant
1008 5411 1458 5466 conversationem
1496 5419 1547 5464 et
1571 5413 1714 5466 cruci
1738 5412 2040 5482 afﬁxionem
2069 5421 2118 5466 et
2143 5412 2602 5475 resurrectionem,
2635 5409 2908 5467 Medorum
2939 5408 3135 5463 lanccce
3163 5415 3216 5465 et
3243 5409 3374 5478 igni,
3405 5410 3470 5462 iis

240 5510 370 5560 quos
396 5496 512 5565 ipse
539 5497 680 5549 novit
708 5495 897 5560 modis,
922 5503 1093 5548 essent
1124 5497 1326 5550 tradita
1361 5512 1380 5550 :
1419 5505 1469 5549 et
1499 5495 1667 5552 multa
1700 5498 1812 5553 alia
1839 5508 1993 5570 capta
2037 5509 2300 5558 suntcum
2327 5499 2567 5558 civitate;
2600 5505 2658 5550 ut
2699 5495 2892 5570 salutis
2911 5510 3115 5564 quoque
3143 5504 3337 5548 nostra'
3359 5503 3470 5546 tro--

233 5591 434 5653 parum,
466 5583 648 5636 mortis
697 5581 910 5644 solutio,
939 5583 1137 5652 peccati
1162 5583 1468 5648 internecio,
1507 5583 1730 5656 lignum,
1773 5587 2013 5656 inquam,
2045 5585 2263 5653 vivi/ica:
2298 5585 2470 5638 crucis
2510 5583 2661 5637 illinc
2701 5581 3023 5636 translatum
3074 5589 3151 5634 est
3189 5583 3244 5634 in
3296 5581 3475 5634 Persi-

241 5669 378 5730 dem,
403 5677 500 5721 etc.
529 5669 664 5737 (haec
687 5677 876 5723 sancta
912 5668 1104 5737 Crux),
1129 5668 1401 5728 Persidem
1431 5673 1636 5735 evertit,
1659 5681 1707 5726 et
1733 5673 1926 5744 spoliat
1945 5671 2139 5740 falsam
2167 5670 2496 5740 religionem,
2525 5676 2572 5721 et
2608 5684 2724 5739 qua:
2760 5684 2816 5722 se
2855 5667 3029 5737 digna:
3053 5674 3204 5749 erant
3235 5668 3472 5734 captivas

241 5756 456 5808 abducit
491 5756 700 5808 animas
729 5769 848 5808 vere
881 5753 1138 5810 laudabili
1161 5765 1209 5808 et
1231 5755 1384 5826 longe
1409 5757 1763 5828 pulcherrima
1794 5759 2100 5828 captivitate
2126 5774 2138 5810 :
2182 5765 2294 5821 aut,
2339 5765 2398 5810 ut
2432 5757 2601 5828 magis
2625 5756 2836 5827 proprie
2865 5754 3060 5817 dicant,
3103 5771 3136 5807 a
3168 5755 3474 5822 captivitate

239 5850 416 5908 vocat,
453 5851 500 5896 et
520 5841 592 5896 eis
627 5857 835 5896 rursum
867 5842 1147 5910 pristinam
1182 5845 1409 5899 restituit
1437 5843 1746 5900 libertatem.
1779 5843 1953 5902 Simul
1997 5862 2058 5900 ac
2095 5845 2234 5899 enim
2279 5844 2577 5916 ingreditur
2615 5843 2905 5911 Persidem,
2937 5858 3052 5898 eam
3091 5843 3270 5898 statim
3305 5834 3471 5898 totam
