3960 6284
571 375 706 436 3;.71
1534 371 1938 432 MODESTUS
1978 368 2466 447 PATRIARCHA
2508 369 2912 431 HIEROSOL.
3749 364 3842 432 3373

569 487 851 541 illustrans
869 487 1033 539 radiis
1053 500 1164 537 sua!
1189 484 1398 554 gratim,
1415 481 1531 552 [erit
1550 481 1759 550 quidem
1782 481 1992 534 animas
2010 476 2329 544 infidelium,
2346 493 2448 530 non
2465 492 2614 530 secus
2633 477 2914 547 aesol,qui
2933 477 3302 531 laborantem
3333 491 3440 528 ocu
3451 471 3571 526 lum
3600 469 3840 544 ingrediar:

567 572 752 639 ﬁdeles
780 580 980 633 autent,
1021 587 1124 623 non
1158 587 1306 623 secus
1351 588 1412 622 ac
1444 567 1620 639 fulgur
1645 567 1862 638 quidam
1892 580 2157 635 apparens
2189 565 2243 616 in
2277 565 2525 628 tenebris,
2548 574 2774 617 revocat.
2803 563 2884 617 Ex
2905 565 3098 635 quibus
3123 563 3240 633 fuit
3271 579 3542 616 τηθίσι...
3571 562 3839 621 Anastasius.

569 661 665 712 etsi
689 658 923 712 nondum
941 659 1149 724 quidem
1170 657 1314 711 cultu
1341 657 1582 726 (ﬁdelist,
1597 655 1687 708 sed
1695 654 1816 724 jam
1843 653 2072 706 moribus
2098 658 2146 703 et
2172 651 2413 704 instituto
2435 667 2453 704 :
2471 651 2560 716 qui
2584 653 2833 719 processit
2855 666 2882 702 e
2901 651 3012 702 vico
3035 653 3134 720 qui
3158 649 3500 704 vocabatur
3517 647 3840 704 Rasnuui...in

572 745 809 798 Perside.
843 744 976 798 Erat
1016 753 1196 798 autem
1221 760 1412 797 nomen
1453 744 1635 812 ejus...
1664 740 2025 810 Magundat...
2067 737 2184 792 Bau
2219 737 2363 805 ﬁlius
2392 735 2539 806 (fuit)
2579 739 2669 806 qui
2709 745 2826 789 erat
2859 738 2912 790 in
2961 752 3020 789 re
3056 738 3288 806 magica
3332 737 3840 804 prastantissiruurt

569 833 972 885 eruditissimus.
989 832 1122 901 (Ban
1153 830 1358 898 autem)
1379 847 1497 883 cum
1521 839 1764 900 prmesset
1781 829 2050 882 communi
2081 825 2202 879 ludo
2226 825 2511 887 litterario,
2529 832 2577 876 et
2609 823 2798 877 multos
2821 824 3035 877 haberet
3063 825 3474 878 adolescentes
3500 824 3580 876 ad
3599 839 3712 876 eum
3726 829 3841 878 serti-

570 929 762 980 tantes,
778 926 965 988 captus
995 934 1176 972 amore
1200 918 1464 988 pra'stigia
1475 933 1612 980 rum,
1639 931 1758 968 cum
1777 916 1833 968 in
1850 916 1944 967 hoc
1961 913 2132 968 solum
2157 927 2310 966 omne
2331 927 2483 982 suum
2502 912 2738 966 studium
2765 919 3046 982 poneret...
3062 928 3182 965 rem
3211 912 3527 981 magicam
3558 909 3840 979 (ﬁlinmﬂea

567 1005 848 1075 diligenter
871 1007 1038 1066 docet.
1061 1008 1195 1059 utin
1215 1007 1328 1076 ejus
1349 1005 1646 1075 cognitione
1676 1004 1818 1072 patri
1837 1000 1970 1056 nihil
1993 1009 2124 1054 esset
2154 999 2434 1068 reliquum,
2459 998 2598 1066 quod
2623 1013 2729 1050 non
2757 1007 3182 1069 notumoquoque
3202 1009 3360 1053 esset
3391 999 3550 1066 ﬁlio.
3573 997 3704 1053 Cum
3718 1010 3840 1050 asta

568 1093 937 1147 adolescentiae
951 1101 1162 1147 (etatem
1176 1093 1295 1161 jam
1317 1093 1622 1162 attingeret,
1636 1099 1683 1144 et
1707 1107 1798 1143 res;
1818 1089 2071 1145 Chosroes
2092 1101 2283 1162 novum
2300 1086 2582 1138 exercitum
2597 1085 2654 1137 in
2675 1083 2888 1137 Perside
2901 1085 3197 1156 colligeret,
3217 1087 3345 1156 ipse
3363 1103 3608 1158 quoque
3629 1103 3741 1139 cum
3764 1091 3840 1140 nisi

570 1181 800 1248 refertur
839 1181 893 1232 in
916 1157 1196 1232 numerum
1227 1157 1480 1232 tironum:
1511 1177 1779 1242 Quoniam
1807 1191 1926 1231 vero
1955 1157 2266 1230 veneranda.
2281 1186 2412 1224 crux
2463 1169 2685 1237 Domini
2724 1179 2890 1224 totam
2929 1172 3174 1241 agitabat
3209 1181 3265 1226 et
3296 1157 3696 1242 perturbabat
3719 1174 3842 1226 Persi-

569 1267 733 1329 dem,-
767 1265 1070 1332 inﬁdelibus
1095 1266 1310 1335 quidem
1348 1266 1626 1318 horrorem
1659 1273 1708 1318 et
1744 1272 2000 1318 terrorem
2035 1262 2313 1321 incutiens,
2344 1257 2586 1325 ﬁdelibus
2614 1265 2792 1310 autem
2817 1260 3050 1312 suaviter
3076 1260 3390 1314 admodum
3439 1269 3499 1314 et
3531 1259 3744 1330 placide
3761 1261 3842 1314 ills-

569 1367 771 1404 cescens
799 1366 816 1403 :
852 1351 916 1402 de
933 1367 992 1406 ea
1023 1351 1235 1420 quidem
1257 1353 1402 1418 {arua
1431 1351 1674 1419 quendam
1697 1368 1791 1417 per
1814 1367 1994 1404 omnes
2025 1346 2361 1415 pervadebat,
2394 1345 2562 1413 fatua,
2597 1346 2842 1414 inquam,
2881 1361 2998 1415 qua:
3027 1346 3193 1416 paulo
3217 1348 3490 1400 crassius
3531 1355 3594 1400 et
3633 1348 3842 1400 indoctis:

569 1439 914 1507 prwdicabat,
940 1438 1364 1493 Christianorum
1393 1439 1559 1492 Deum
1591 1440 1772 1493 adesse
1801 1439 2002 1494 Persis.
2039 1437 2119 1491 Ad
2139 1451 2300 1506 quam
2329 1435 2412 1487 hic
2465 1431 2770 1485 adolescens
2807 1442 3020 1502 repente
3057 1433 3158 1502 fuit
3188 1450 3478 1488 accensus
3507 1435 3703 1488 animo
3728 1438 3842 1504 :jsu

567 1527 708 1579 enim
735 1525 935 1578 occulte
960 1543 1080 1578 eum
1119 1527 1368 1595 tangebat
1400 1527 1490 1580 ille
1523 1527 1661 1594 ignis
1694 1542 1848 1596 quem
1867 1525 2105 1580 Christus
2137 1523 2276 1575 venit
2299 1523 2486 1591 jacere
2509 1537 2670 1590 super
2697 1531 2916 1583 terram,
2944 1523 3036 1592 qui
3060 1523 3280 1590 quidem
3319 1540 3446 1576 non
3481 1524 3714 1579 sinebat
3731 1529 3842 1596 quie-

567 1629 712 1666 scere
737 1612 1015 1682 pulchram
1046 1613 1191 1666 illius
1223 1614 1656 1676 adol-scentiam,
1683 1614 1773 1665 sed
1799 1613 1984 1665 statim
2017 1625 2194 1664 omnes
2224 1609 2396 1662 obibat
2433 1618 2632 1678 partes,
2667 1609 2729 1661 de
2769 1624 2827 1663 eo
2849 1610 3152 1673 sciscitans,
3187 1627 3364 1680 quam
3406 1614 3844 1668 vehementissim:

569 1707 795 1770 poterat,
835 1709 883 1752 et
913 1699 1337 1768 diligentissime.
1365 1701 1495 1756 Cum
1531 1701 1738 1754 audiret
1763 1708 1941 1754 autem
1963 1698 2028 1752 ab
2059 1697 2299 1750 omnibus
2325 1711 2440 1748 eam
2477 1711 2587 1748 esse
2612 1711 2818 1750 crucem
2851 1697 3046 1770 in_qua
3071 1695 3320 1752 Christus
3346 1697 3466 1752 Dei
3501 1698 3709 1765 Filius,
3728 1704 3802 1771 qui
3825 1722 3846 1756 ε

566 1784 882 1841 Christianis
904 1787 1186 1852 adoratur,
1212 1788 1312 1857 {uit
1340 1787 1623 1857 cruci/idus
1647 1804 1663 1842 :
1695 1786 1857 1840 veluti
1885 1787 2060 1856 ignem
2082 1785 2193 1854 igni
2219 1784 2432 1853 adjecit,
2466 1791 2514 1834 et
2543 1784 2824 1852 quaestioni
2862 1785 3134 1854 conjunxit
3169 1785 3583 1854 quastionem,
3620 1796 3676 1840 et
3698 1805 3757 1842 es
3786 1807 3844 1841 re-

565 1874 848 1936 sponsione
889 1875 1086 1942 accepit
1115 1875 1442 1927 occasionem
1496 1875 1718 1928 alterius
1759 1871 2231 1942 interrogationis;
2278 1879 2326 1924 et
2360 1869 2524 1923 multo
2567 1871 2733 1940 magis
2789 1871 2996 1924 sitiebat
3042 1872 3263 1937 discere,
3300 1875 3845 1942 quemadmodunes

567 1959 699 2012 emlo
729 1960 1074 2023 descenderit,
1106 1977 1224 2013 cum
1255 1961 1322 2014 sit
1348 1960 1486 2012 Deus
1534 1971 1582 2013 et
1602 1960 2045 2030 quemadmodum
2081 1958 2241 2010 etiam
2266 1957 2436 2025 {actus
2468 1957 2534 2010 sit
2556 1961 2730 2020 homo,
2763 1968 2812 2010 et
2833 1975 2928 2011 cur
2960 1961 3124 2013 etiam
3152 1961 3220 2013 sit
3247 1960 3324 2014 ad
3351 1961 3602 2016 crucem
3637 1966 3846 2018 conden-

568 2055 747 2110 natus,
780 2055 828 2100 et
863 2066 894 2101 a
922 2049 1128 2118 quibus.
1151 2058 1201 2101 et
1235 2066 1303 2100 an
1327 2049 1392 2100 sit
1415 2049 1484 2100 ad
1526 2047 1712 2100 certum
1744 2063 1982 2100 reversus
2020 2045 2154 2098 unde
2184 2045 2543 2096 descenderat.
2583 2041 2715 2097 Cum
2734 2053 2912 2098 autem
2941 2063 2973 2098 a
2999 2046 3174 2116 (viris)
3196 2048 3300 2114 piis
3331 2049 3388 2102 ei
3416 2055 3836 2106 annuntiaretsr

578 2136 756 2186 carnis
790 2143 1058 2204 suscepta:
1095 2177 1106 2188 .
1137 2136 1467 2205 mysterium,
1507 2151 1663 2187 aures
1692 2134 1906 2205 quidem
1935 2133 2150 2205 pietatis
2173 2131 2374 2184 semina
2412 2129 2632 2182 libenter
2685 2131 3058 2202 suscipiebant,
3119 2150 3302 2188 annua
3354 2152 3502 2190 vero
3547 2143 3842 2208 prodirem:

569 2221 763 2272 sensim
789 2224 989 2290 spicam
1033 2219 1180 2288 ﬁdei,
1213 2231 1258 2274 et
1294 2223 1338 2274 ei
1367 2221 1685 2274 desiderium
1716 2219 1979 2289 paulatim
2024 2218 2423 2282 innascebatur,
2449 2217 2758 2287 subibatque
2789 2217 3062 2272 eemulatio
3095 2221 3209 2290 ejus
3246 2229 3696 2294 perpessionunr
3716 2247 3734 2284 :
3755 2247 3839 2301 qus

566 2321 684 2358 cum
709 2308 760 2358 in
787 2305 899 2374 ejus
927 2307 1108 2358 anima
1150 2315 1306 2359 aucta
1335 2316 1383 2359 et
1410 2305 1742 2374 ampliﬁcata
1765 2314 1957 2369 essent,
1980 2322 2100 2359 eum
2136 2306 2426 2376 informant
2452 2313 2500 2357 et
2533 2306 2816 2358 instituunt
2845 2306 2915 2360 ad
2938 2309 3193 2376 optimum
3228 2312 3354 2365 vita!
3384 2331 3608 2383 genus,
3637 2317 3838 2372 εισηε.

565 2408 665 2461 que
688 2401 738 2446 et
762 2395 1045 2461 insignem,
1081 2403 1284 2454 testem,
1315 2403 1601 2464 martyrem
1630 2397 1872 2463 inquam,
1911 2393 2166 2463 efﬁciunt,
2197 2401 2254 2446 ut
2277 2393 2394 2462 jam
2422 2393 2708 2462 procedens
2737 2391 3034 2447 declarabit
3076 2397 3261 2449 oratio.
3295 2397 3440 2452 "asc
3475 2413 3624 2471 post
3651 2403 3838 2460 Suria.

567 2479 858 2544 Baronius,
885 2480 980 2550 qui
1010 2480 1165 2534 addit
1214 2481 1414 2535 deinde
1449 2481 1728 2552 quomodo
1772 2481 1866 2536 ille
1895 2480 2242 2536 Anastasius.
2288 2492 2477 2532 amore
2511 2478 2848 2548 suscipiendi
2898 2478 3268 2550 baptismatis,
3305 2485 3531 2542 relicto
3569 2489 3838 2547 Persarum

567 2567 840 2626 exercitu,
870 2581 929 2620 se
957 2567 1258 2621 contulerit
1281 2566 1348 2620 ad
1388 2567 1765 2621 Romanorum
1798 2566 2008 2635 copias,
2038 2573 2093 2620 et
2129 2563 2460 2633 Hierapolim
2512 2566 2842 2632 perrexerit,
2880 2565 2977 2618 ubi
3022 2565 3167 2636 apud
3211 2572 3631 2639 argentarium
3667 2575 3840 2648 degens

565 2668 766 2722 genere
793 2655 1032 2710 Persam.
1053 2654 1148 2708 sed
1179 2654 1442 2726 religione
1465 2654 1866 2718 Christianum,
1896 2653 2062 2707 latius
2094 2652 2352 2722 mysteria
2371 2650 2688 2705 Christiana
2715 2652 2996 2718 didicerit,
3023 2652 3286 2710 incensus
3315 2672 3572 2728 quoque
3597 2661 3762 2718 [uer-ir
3785 2665 3839 2719 ,ἀ

564 2741 916 2797 subeundum
944 2741 1268 2813 martyrium
1297 2759 1362 2796 ex
1410 2751 1712 2813 martyrum
1741 2739 2140 2796 certaminibus
2161 2753 2282 2808 qua:
2300 2737 2602 2806 parietibus
2624 2739 2952 2807 templorum
2983 2739 3304 2796 intuebatur
3325 2742 3618 2814 depicta;
3645 2749 3838 2805 demum

567 2827 998 2898 Hierosolymam
1025 2828 1303 2893 prolectus
1327 2827 1510 2882 fuerit.
1533 2829 1678 2892 Παῖς,
1694 2828 1937 2898 inquam,
1962 2827 2316 2882 sicnarratcx
2337 2824 2542 2879 eisdem
2575 2825 2746 2890 Actis,
2761 2825 2826 2880 ad
2849 2841 2979 2880 ann.
3003 2827 3128 2894 621,
3147 2829 3295 2892 [1.40
3319 2839 3377 2886 et
3403 2847 3562 2906 seqq
3581 2853 3599 2890 :
3621 2836 3840 2894 Ρήιηιι

565 2916 776 2984 quidem
819 2916 958 2983 (posl
991 2914 1170 2985 fugam
1200 2915 1266 2969 ad
1301 2916 1604 2983 Romanos)
1639 2933 1758 2970 cum
1783 2919 2006 2970 venisset
2039 2911 2392 2983 Hierapolim,
2421 2912 2630 2966 diuertit
2659 2913 2729 2966 ad
2757 2915 3039 2984 quemdam
3060 2915 3283 2972 Persam
3305 2917 3840 2991 Christianismum

564 3004 773 3071 argenti
797 3004 1160 3072 conﬂalorem,
1184 3011 1233 3055 et
1263 3019 1381 3055 cum
1400 3012 1570 3056 artem
1589 3003 1856 3074 conﬂandi
1881 3003 2090 3072 argenti
2116 2999 2452 3063 exercuisset,
2479 3017 2668 3054 manus
2687 3001 2895 3071 quidem
2915 3002 3136 3056 habebat
3163 3004 3404 3060 intentas
3435 3013 3624 3080 aperi,
3649 3015 3838 3068 cuius;

565 3098 744 3140 autem
771 3104 978 3156 semper
1011 3096 1061 3141 et
1083 3090 1330 3158 cogitatio
1361 3090 1414 3142 in
1445 3088 1541 3142 Dei
1573 3105 1752 3142 amore
1777 3089 2155 3143 versabatur...
2187 3103 2408 3157 eumque
2435 3087 2534 3142 sibi
2579 3088 2750 3142 adhuc
2776 3090 2945 3159 magis
2967 3091 3304 3157 accendebat,
3332 3104 3384 3147 et
3419 3099 3493 3150 ab
3518 3101 3643 3171 ipso
3673 3119 3836 3157 ι-ιιηιι

563 3173 1000 3244 inﬂammabatur
1013 3176 1382 3228 vehementius.
1403 3174 1749 3238 Quamobrem
1763 3175 1928 3228 Deum
1940 3175 2184 3245 rogabat.
2196 3215 2231 3228 ..
2243 3183 2302 3228 ut
2319 3175 2554 3228 divinum
2569 3176 2888 3246 baptismum
2902 3182 3330 3248 consequeretur,
3344 3191 3400 3236 et
3410 3189 3650 3242 omnino
3665 3192 3839 3260 a'prio-

564 3260 710 3314 ribus
727 3261 966 3314 sordibus
990 3269 1398 3350 expurgantur.
1423 3271 1470 3313 et
1489 3260 1669 3350 abilla
1689 3261 1806 3314 labe
1820 3263 2212 3350 prmstigirtwm
2229 3280 2248 3328 ;
2266 3273 2323 3317 ut
2348 3281 2452 3318 non
2467 3265 2638 3320 solum
2657 3263 2928 3320 voluntate
2949 3275 2998 3320 et
3015 3265 3286 3332 electione,
3303 3272 3400 3325 sed
3429 3278 3634 3331 anima
3651 3297 3836 3350 quoque

563 3357 616 3401 et
634 3363 852 3418 corpore
875 3355 1004 3400 esset
1018 3356 1320 3418 purgatus..
1349 3347 1481 3402 Cum
1503 3348 1596 3402 ille
1621 3357 1797 3402 autem
1825 3365 1886 3402 ea:
1907 3348 2076 3402 Persis
2095 3351 2300 3404 timeret
2325 3353 2635 3420 periculum,
2653 3361 2702 3403 et
2719 3351 2834 3405 ideo
2861 3354 3121 3408 morando
3145 3371 3258 3409 rem
3285 3357 3614 3429 diﬂ'erret...
3640 3347 3835 3420 inter};

563 3435 634 3488 ad
663 3435 840 3489 divina
865 3433 1066 3505 templa
1092 3436 1273 3489 adiens
1303 3453 1457 3490 suum
1480 3436 1756 3490 solabatur
1781 3437 2120 3500 desiderium,
2140 3437 2259 3490 visis
2289 3453 2408 3490 vero
2434 3436 2707 3490 miraculis
2733 3446 2782 3490 et
2807 3441 3186 3495 certaminibus
3219 3455 3549 3502 sanctorum
3575 3452 3833 3523 descriptis

561 3519 618 3576 in
641 3521 978 3592 templorum,
1016 3539 1134 3592 qua:
1163 3540 1278 3577 cum
1301 3525 1440 3576 socio
1467 3540 1562 3578 suo
1591 3524 1798 3595 argenti
1819 3526 2106 3596 conﬂatore
2131 3524 2429 3592 frequenter
2453 3523 2719 3585 visitabat,
2755 3525 3045 3592 parietibus
3063 3568 3078 3594 ,
3101 3528 3166 3581 de
3187 3529 3256 3582 iis
3273 3529 3440 3585 illum
3466 3519 3831 3606 diligenterir-

564 3609 888 3678 terrogabat.
918 3608 1052 3663 Cum
1081 3609 1260 3678 itaque
1289 3611 1592 3674 audivisset,
1617 3611 1791 3682 qualis
1816 3612 1888 3665 eis
1905 3613 2010 3664 vita
2037 3609 2274 3678 (fuisset,
2303 3610 2419 3680 qui)
2445 3625 2636 3674 mores,
2659 3611 2820 3679 (quae)
2845 3612 3035 3676 virtus,
3054 3622 3102 3666 et
3125 3613 3315 3683 qualia
3337 3629 3572 3688 prapter
3585 3622 3827 3680 Christ“

563 3695 916 3782 (subiissent)
935 3699 1310 3782 certamina...
1347 3714 1452 3751 non
1483 3706 1688 3782 poterat
1718 3698 1947 3769 amplius
1973 3699 2238 3782 continere
2275 3697 2330 3749 id
2367 3697 2506 3766 quod
2543 3713 2668 3749 suus
2714 3698 2929 3752 uicimus
2954 3701 3326 3768 parturiebal.
3378 3706 3481 3760 sed
3508 3714 3700 3766 statuit
3725 3730 3828 3782 per-

559 3796 682 3848 gere
702 3779 1146 3851 ﬂierosolgmam,
1171 3791 1226 3834 ut
1249 3781 1703 3850 baptismum-illic
1727 3790 2147 3851 consequeretur.
2185 3781 2332 3836 Venit
2356 3801 2480 3853 ergo
2521 3787 2576 3837 in
2639 3793 2883 3840 sanctam
2925 3788 3190 3842 civitatem
3211 3830 3227 3852 ,
3279 3800 3332 3845 et
3360 3794 3438 3847 ad
3478 3779 3759 3867 quemdam
3781 3818 3828 3854 δε

560 3867 754 3936 recepit
775 3870 982 3937 argenti
1005 3885 1211 3938 quoque
1251 3870 1521 3940 conﬂandi
1542 3870 1791 3940 peritum.
1833 3869 1898 3923 Ei
1927 3871 2096 3939 aperit
2131 3887 2349 3923 causam
2369 3873 2452 3923 sui
2489 3872 2763 3936 adventus,
2789 3888 2976 3944 nempe
3020 3875 3162 3944 quod
3198 3877 3366 3931 vellet
3415 3883 3497 3936 ad
3537 3902 3717 3940 ama.
3744 3888 3823 3941 με

559 3954 758 4044 cultum
783 3970 876 4024 per
902 3955 1218 4044 baptismum
1242 3956 1470 4044 initiari.
1497 3955 1598 4044 Ille
1623 3964 1800 4010 autent
1831 3973 1950 4009 eum
1973 3957 2120 4044 ducit
2151 3955 2220 4009 ad
2237 3955 2436 4044 Eliam,
2463 3968 2666 4044 sancta
2685 3957 3101 4041 Resurrectionis
3117 3963 3438 4032 piissimum
3457 3974 3818 4044 presbyter-ll,

560 4041 651 4110 qui
675 4041 1022 4130 eiumsupinis
1053 4044 1135 4112 (ut
1159 4041 1386 4130 dicitur)
1415 4043 1658 4096 manibus
1684 4045 1928 4130 suscepit,
1961 4053 2010 4096 et
2039 4043 2100 4095 de
2130 4059 2188 4095 eo
2216 4042 2394 4096 retulit
2423 4043 2494 4097 ad
2512 4043 2826 4108 Modestum,
2858 4047 2948 4115 qui
2973 4036 3096 4100 huic
3118 4051 3234 4104 sedi
3270 4036 3518 4124 prmerat
3541 4036 3820 4130 apostolica

561 4128 864 4196 [Zachariae
896 4129 1106 4184 scilicet
1137 4129 1338 4198 captivi
1361 4131 1534 4184 vicem
1561 4145 1778 4200 gerens,
1803 4131 1856 4183 in
1883 4129 2074 4185 Gra'co
2098 4132 2125 4182 ὁ
2151 4133 2546 4204 τοποτηρητής,
2574 4130 2986 4196 locum-tenens,
3011 4135 3194 4204 inquit
3223 4128 3657 4210 Papebrocbius
3679 4165 3816 4218 sup':

559 4216 805 4284 citatus).
839 4225 886 4268 et
918 4218 992 4270 sic
1019 4218 1257 4270 divinant
1287 4218 1608 4288 baptismum
1637 4219 1964 4287 assequitur,
1994 4218 2304 4272 veneranda:
2327 4219 2497 4272 crucis
2527 4235 2646 4272 vere
2681 4219 2898 4288 pulcher
2926 4222 3130 4290 fructus
3154 4225 3404 4295 effectus,
3433 4241 3487 4284 et
3527 4216 3813 4288 Anastasius

558 4303 886 4374 appellatus,
923 4313 1134 4370 sumpta
1171 4305 1598 4357 denominatione
1623 4323 1655 4358 a
1683 4305 2009 4357 revocatione
2029 4313 2078 4356 et
2117 4303 2186 4356 ad
2237 4304 2458 4358 meliora
2497 4308 2790 4360 mnta:ione
2826 4325 2858 4360 a
2887 4310 3056 4377 priori
3090 4310 3426 4378 inﬁdelitate
3457 4329 3511 4372 et
3540 4323 3810 4391 praestigiis.

559 4388 704 4460 (qua:
747 4389 912 4442 fuerit
945 4391 1100 4456 quasi
1133 4391 1467 4442 resurrectio
1492 4405 1520 4442 a
1548 4399 1722 4444 morte
1751 4391 1816 4443 ad
1851 4390 2062 4458 vitam).
2099 4389 2214 4444 Una
2239 4392 2399 4445 etiam
2424 4409 2542 4446 cum
2577 4409 2636 4446 eo
2665 4393 2964 4463 baptizatus
3006 4408 3082 4450 est
3107 4401 3337 4468 quidam
3367 4407 3612 4475 ejusdem
3649 4388 3809 4481 panis

557 4487 606 4532 et
634 4477 885 4548 regionis,
911 4478 1005 4546 qui
1027 4476 1126 4545 [uit
1151 4477 1266 4546 ejus
1293 4493 1499 4546 quoque
1530 4479 1583 4530 in
1626 4479 1870 4548 passione
1891 4495 1988 4547 pro
2033 4476 2238 4532 Christo
2273 4481 2464 4542 socius,
2491 4481 2699 4534 easdem
2739 4497 2855 4534 cum
2891 4498 2954 4535 eo
2985 4482 3202 4540 Edessa.-
3233 4505 3560 4548 consecutus
3595 4476 3807 4550 coronas.

556 4569 718 4620 Anno
745 4565 1012 4634 siquidem
1035 4563 1238 4620 Christi
1257 4565 1360 4620 628
1375 4563 1464 4631 die
1479 4565 1548 4620 ἓξ
1568 4566 1835 4631 Januarii,
1854 4567 2099 4636 quinque
2119 4565 2388 4620 duntaxat
2408 4566 2845 4622 hebdomadibus
2864 4578 2922 4623 et
2941 4569 3162 4626 duobus
3187 4573 3398 4632 diebus
3427 4592 3558 4639 ante
3577 4583 3808 4638 Chosrnis

555 4653 792 4716 obitum,
831 4651 1078 4722 ejusdem
1113 4653 1291 4723 jussu,
1319 4652 1411 4708 hic
1449 4653 1794 4718 Anastasius,
1829 4653 1924 4724 qui
1975 4654 2183 4723 pluries
2211 4653 2321 4724 jam
2361 4668 2506 4707 anno
2531 4655 2802 4722 superiori
2847 4654 3054 4711 Christi
3094 4661 3277 4716 fuerat
3309 4668 3614 4727 confessus
3649 4673 3805 4728 ﬁdem.

493 4755 506 4764 '
555 4740 804 4797 Caesarea
832 4739 1153 4804 Palaestinae,
1178 4741 1248 4794 ad
1273 4741 1526 4796 eumdem
1547 4740 1830 4797 Chosroen
1863 4741 2085 4805 missus,
2113 4757 2306 4813 magna
2332 4741 2500 4796 animi
2534 4742 2839 4806 alacritate,
2868 4742 2989 4798 dira
3020 4761 3328 4816 perpessus
3362 4762 3668 4823 tormenta,
3691 4775 3806 4813 mar.

558 4829 759 4902 tyrium
793 4829 1010 4884 tandem
1068 4829 1306 4882 cervicis
1356 4829 1696 4884 abscissione
1729 4831 2136 4885 consummavit
2173 4849 2186 4882 :
2241 4829 2309 4884 de
2342 4844 2452 4898 quo
2497 4829 2765 4898 legendus
2815 4829 3088 4887 Baronius
3117 4835 3188 4888 ad
3223 4853 3448 4896 annum
3497 4843 3602 4900 627
3633 4847 3805 4900 αἴτει

557 4915 842 5003 scqq._ubi
868 4932 924 4968 n.
961 4916 1010 4982 l,
1046 4916 1178 5003 Acta
1203 4915 1450 5003 ejusdem
1480 4917 1755 4970 Anastasii
1788 4916 2012 4986 conjicit
2035 4917 2240 4986 scripta
2264 4916 2454 4980 fuisse,
2483 4916 2569 4970 vel
2600 4916 2668 4970 ab
2696 4917 2972 4973 Antiocho
3003 4925 3306 4998 monacho,
3338 4907 3434 4984 vel
3460 4947 3494 4984 a
3515 4932 3808 5003 Sopbmnio

557 5003 654 5072 qui
689 5001 934 5056 Modesto
957 5003 1012 5055 in
1036 5002 1166 5056 sede
1196 5002 1688 5072 llierosolymitana
1715 5004 2002 5056 successit.
2045 5003 2342 5058 Bollandus
2384 5013 2566 5057 tamen
2603 5011 2734 5057 tom.
2768 5003 2814 5058 ll
2846 5003 3104 5060 Actorum
3128 5020 3455 5069 sanctorum
3483 5001 3681 5074 mensis
3727 5019 3805 5071 Js-

559 5089 761 5152 uuarii,
791 5089 858 5143 ad
882 5088 1029 5144 diem
1051 5089 1140 5152 22,
1171 5103 1226 5158 p.
1254 5087 1376 5152 ΕΞ,
1413 5105 1467 5142 n.
1501 5091 1556 5152 4,
1585 5088 1688 5143 sibi
1740 5089 1916 5143 videri
1967 5089 2046 5144 ait
2077 5097 2357 5145 auctorem
2405 5088 2537 5144 Vitae
2578 5089 2745 5160 hujus
2784 5093 3044 5160 martyris
3117 5095 3298 5153 fuisse
3349 5102 3598 5172 aliquem
3645 5122 3809 5160 tuon:-

560 5177 727 5232 chum
757 5176 996 5231 ρωποι)ὶί
1030 5175 1084 5229 in
1108 5174 1253 5245 quod
1280 5177 1396 5246 ipse
1423 5184 1544 5244 post
1573 5175 1906 5244 baptismum
1931 5192 2052 5230 sese
2084 5185 2389 5246 receperat,
2419 5186 2476 5231 et
2509 5177 2678 5230 vitam
2715 5179 3074 5234 monasticam
3099 5184 3399 5252 amplexus
3445 5205 3592 5246 anno
3622 5190 3807 5247 Christi

556 5264 686 5328 620,
718 5279 892 5318 anxios
917 5271 1126 5332 septem
1157 5272 1533 5317 commoratus
1553 5271 1641 5316 est
1679 5279 1692 5316 :
1740 5262 1887 5332 quod
1918 5263 2088 5318 infert
2111 5278 2178 5318 ex
2210 5263 2298 5318 his
2334 5262 2501 5332 hujus
2528 5263 2774 5318 auctoris
2797 5266 2984 5321 verbis
3022 5283 3082 5322 n.
3117 5270 3205 5335 l5,
3228 5273 3486 5342 ejusdem
3523 5278 3684 5333 Vita.
3723 5278 3808 5332 Hoc

557 5361 737 5407 autem
767 5353 960 5404 scimus
987 5367 1080 5404 nos
1103 5367 1221 5406 eam
1259 5351 1544 5404 mirantem
1579 5359 1627 5404 et
1661 5351 2107 5421 obstupescentem
2143 5350 2498 5404 constantiam
2514 5359 2842 5414 sanctorum,
2866 5353 3002 5406 nihil
3027 5355 3142 5424 fere
3166 5357 3324 5413 aliud
3371 5360 3547 5433 legere
3577 5367 3806 5423 roluissr.

560 5440 664 5494 nisi
692 5437 832 5508 quod
857 5437 1011 5490 illum
1039 5438 1210 5490 sancti
1237 5437 1486 5492 desiderii
1512 5438 1761 5491 ardorem
1790 5439 2036 5492 nutriret.
2064 5438 2342 5492 Zachariae
2390 5447 2612 5492 mortuo
2638 5452 2784 5491 anno
2816 5437 3027 5495 Christi
3070 5443 3166 5497 151
3206 5447 3298 5501 vel
3345 5450 3468 5513 1'55,
3495 5452 3805 5506 substitutus

556 5537 643 5604 est
669 5525 969 5590 Modestus,
1006 5527 1100 5594 qui
1125 5534 1273 5578 tanta
1300 5541 1424 5578 cum
1451 5526 1614 5580 laude
1647 5526 1787 5580 hanc
1821 5525 2121 5580 Ecclesium
2155 5541 2253 5595 per
2278 5525 2699 5594 quatuordecim
2721 5523 3066 5592 lere-annos,
3099 5529 3237 5587 dum
3273 5534 3573 5594 Zacharias
3592 5539 3804 5610 patriar.

557 5613 661 5668 Cha
697 5613 1040 5667 detineretur
1059 5612 1310 5681 captiws
1333 5613 1386 5666 in
1412 5613 1659 5676 Perside,
1693 5613 2199 5677 administraverat;
2227 5627 2348 5666 eam
2382 5627 2512 5666 vero
2539 5612 2862 5682 dignitatem
2890 5613 2946 5667 in
2979 5615 3216 5686 plenum
3248 5625 3482 5681 sortitus
3504 5629 3659 5683 brevi
3686 5637 3797 5681 rem-

561 5699 924 5786 pm-eﬁsedisse
949 5699 1290 5766 perhibetur.
1328 5700 1740 5786 Papebroehius
1771 5701 1918 5755 enim
1943 5701 1994 5754 in
2020 5700 2192 5754 Tract.
2229 5699 2456 5771 pra’lim.
2483 5701 2552 5754 ad
2581 5710 2710 5754 tom.
2746 5699 2836 5754 III
2879 5700 3016 5757 Maii
3042 5709 3245 5778 διερίυε
3268 5716 3547 5781 recensita,
3575 5733 3698 5786 ρας,
3719 5716 3789 5772 3|,

561 5801 616 5840 ιι.
655 5785 775 5848 158,
805 5784 905 5836 col.
935 5786 989 5850 2,
1019 5786 1269 5839 observat
1297 5801 1327 5839 a
1354 5785 1688 5855 Nieephoro,
1708 5789 1796 5843 cui
1831 5789 2150 5843 membrana
2180 5787 2436 5843 Rulzeana
2461 5790 2760 5855 consentit,
2787 5790 3001 5845 annum
3024 5808 3210 5851 unum
3235 5801 3525 5874 regiminis
3553 5784 3748 5874 tutique
3766 5819 3789 5851 δ
