4010 6288
256 370 399 452 3:273
1184 388 1264 449 IN
1308 370 1723 448 UNGUENTA
1762 370 2589 446 FERENTESMULIERES.
3363 377 3502 441 327i

261 502 437 546 morte
468 490 763 555 Zachariae,
800 477 888 545 cui
919 506 985 544 ex
1018 491 1245 546 Perside
1279 506 1503 546 reverso
1527 490 2062 547 administrationem
2094 493 2200 548 sibi
2235 492 2538 563 delegatam
2573 488 2910 551 restituerat,
2943 489 3028 543 i'el
3056 490 3218 558 quam
3252 488 3503 545 fortassis

264 581 368 635 sub
400 580 606 645 illo,ex
632 579 808 649 ipsius
853 593 1151 644 consensu,
1181 593 1443 634 exercere
1487 580 1832 648 perrexerat)
1883 580 2187 650 assignari;
2239 581 2379 635 duos
2422 595 2555 634 vero
2584 592 2759 632 annos
2795 576 2864 630 ab
2906 586 3132 630 auctore
3187 577 3499 631 tabularum

263 667 587 738 Theophani
643 669 975 722 insertarum
1012 680 1027 719 ‘:
1069 666 1164 721 sed
1206 666 1314 720 nisi
1359 667 1616 722 decessor
1648 669 1769 737 ejus
1797 667 2115 732 Zacharias,
2155 669 2355 738 inquit,
2387 668 2677 737 plusquam
2713 664 2783 718 22
2811 679 2987 719 atinos
3016 671 3139 729 post
3173 678 3326 717 suam
3354 664 3503 717 ordi-

264 756 544 811 nationem
577 754 796 819 vixerit,
824 770 928 810 nec
955 755 1013 809 hi
1041 754 1354 821 suﬂiciunt;
1390 772 1514 810 cum
1538 765 1694 811 certo
1716 763 1934 812 constet
1959 766 2338 811 successorem
2370 755 2492 826 ejus
2519 752 2891 823 Sophronium
2912 750 3119 805 mensis
3153 750 3277 804 Maii
3306 758 3502 819 quarta

261 843 374 905 die.
412 843 607 899 indict.
639 851 813 909 sexta,
845 842 898 897 id
929 853 1014 896 est
1048 858 1195 897 anno
1227 844 1350 907 653,
1378 843 1697 900 interfuisse
1731 842 1943 917 synodo
1976 842 2357 897 Alexandrinae
2399 841 2580 896 adhuc
2604 840 2878 910 privatum
2907 837 3262 901 monachum,
3304 837 3495 907 ibique

261 945 518 985 exorsum
551 946 646 986 sua
671 944 864 985 contra
889 927 1380 985 monothelismum
1410 943 1728 987 nascentem
1759 931 2084 995 certamina,
2117 928 2319 985 deinde
2350 934 2478 985 cum
2510 926 2713 983 litteris
2740 927 2866 998 Cyri
2902 925 3231 996 patriarcha:
3263 924 3507 979 Alexan-

261 1017 409 1071 drini
440 1019 606 1073 ivisse
633 1017 1167 1087 Constantinopolim
1189 1059 1201 1078 .
1230 1018 1298 1072 ad
1327 1020 1480 1073 urbis
1501 1020 1981 1089 archiepisc0pum
2009 1017 2293 1089 Sergium;
2320 1016 2457 1070 adeo
2484 1024 2541 1069 ut
2561 1012 2792 1068 multum
2812 1012 2907 1077 sit,
2938 1013 2982 1068 si
3017 1021 3145 1067 ante
3175 1020 3503 1066 autumnum

266 1105 465 1158 reverti
502 1104 744 1174 potuerit
805 1104 858 1158 in
890 1104 1261 1159 Palaestinam.
1308 1106 1434 1161 Haec
1466 1105 1825 1162 considerans
1869 1107 2092 1177 aliquis,
2125 1106 2480 1177 prosequitur
2510 1102 2941 1173 Papebrochius,
2978 1109 3033 1154 et
3070 1098 3350 1170 quomodo
3391 1099 3506 1169 jam

264 1192 390 1246 inde
417 1209 444 1243 a
476 1202 635 1260 capta
662 1191 768 1245 sub
802 1191 1050 1248 Chosroe
1080 1191 1454 1264 Hierosolyma
1479 1184 1805 1264 patriarchae
1837 1196 1989 1250 vices
2025 1195 2258 1264 gesserit
2300 1192 2600 1254 Modestus,
2643 1189 2895 1243 fortassis
2927 1188 3074 1242 volet
3103 1184 3317 1256 opinari
3358 1184 3506 1255 quod

265 1279 480 1345 primus
507 1280 670 1333 istius
694 1279 924 1348 catalogi
949 1281 1263 1349 auetor'qui
1289 1281 1342 1335 in
1375 1281 1691 1351 Sephr‘onio
1723 1284 2054 1340 terminatur
2084 1282 2335 1337 null’os'ei
2366 1296 2541 1335 annos
2563 1279 2851 1341 deﬁniens,
2881 1276 3121 1330 voluerit
3165 1274 3339 1328 totum
3368 1283 3508 1327 tem-

260 1361 365 1430 pus
389 1377 500 1431 quo
526 1360 966 1431 patriarchatum
998 1363 1406 1418 administravit
1442 1365 1740 1429 Modestus,
1766 1367 1945 1423 eidem
1989 1372 2050 1424 ut
2075 1386 2206 1424 vero
2240 1369 2566 1439 patriarchae
2613 1366 2913 1428 ascribere,
2948 1363 3155 1416 notatis
3183 1359 3370 1416 Grazce
3398 1374 3501 1412 an-

262 1449 352 1501 nis
377 1454 483 1509 κα’,
514 1449 566 1501 id
602 1456 706 1512 est,
738 1447 828 1510 2|,
850 1449 994 1516 quod
1026 1450 1116 1503 alii
1148 1464 1257 1503 non
1288 1451 1685 1521 intelligentes,
1712 1453 2055 1523 nimiumque
2088 1468 2211 1508 esse
2241 1452 2491 1506 videntes
2524 1449 2823 1519 (siquidem
2845 1455 2969 1517 post
2995 1444 3319 1499 Zachariam
3346 1440 3500 1495 brevi

270 1535 403 1587 satis
439 1542 687 1603 tempore
717 1534 808 1588 ille
838 1535 1118 1590 Modestus
1140 1537 1298 1608 vixit)
1335 1538 1542 1592 omisso
1574 1544 1645 1602 κ’,
1670 1539 1999 1594 retinuerint
2042 1539 2111 1602 α’,
2145 1540 2302 1595 facile
2326 1553 2502 1593 annos
2546 1538 2607 1590 2|
2654 1534 2951 1605 repertori,
2985 1533 3029 1586 si
3060 1544 3354 1585 numerare
3384 1528 3506 1583 illos

267 1621 574 1673 voluissent
598 1621 666 1673 ab
699 1614 936 1675 exeunte
959 1622 1100 1676 Maio
1138 1622 1242 1694 (vel
1275 1624 1436 1679 initio
1479 1624 1653 1696 Junii)
1682 1625 1814 1680 anni
1846 1626 1952 1681 6M
1984 1627 2116 1695 (quo
2153 1635 2310 1696 capta
2345 1635 2429 1680 est
2456 1641 2485 1679 a
2531 1624 2715 1679 Persis
2744 1619 3239 1689 Hierosolymitana
3284 1614 3502 1684 civitas)

258 1707 328 1760 ’ad
372 1722 620 1762 mensem
650 1708 1009 1763 Decembrem
1042 1712 1169 1764 anni
1205 1712 1329 1766 654.
1373 1712 1478 1767 Sed
1509 1713 1649 1766 nihil
1680 1729 1906 1768 necesse
1941 1714 2047 1767 erit
2073 1714 2184 1768 huc
2214 1729 2524 1776 recurrere,
2557 1710 2602 1767 si
2648 1708 2927 1764 Zachariae.
2955 1706 3189 1760 ‘vel‘imus
3218 1717 3392 1758 annos
3435 1703 3507 1758 24

264 1795 605 1864 relinquere.
644 1793 801 1850 Tune
829 1796 979 1850 enim
1014 1813 1043 1851 a
1076 1798 1272 1853 Martio
1302 1817 1447 1855 anno
1480 1802 1603 1862 65⁸5,
1639 1817 1809 1870 usque
1842 1801 1911 1855 ab
1942 1803 2298 1856 Decembrem
2330 1801 2456 1854 anni
2479 1798 2781 1869 sequentis,
2807 1796 2913 1850 dici
2937 1800 3119 1864 potest
3160 1789 3367 1845 sedisse
3395 1790 3507 1844 Mo-

260 1882 468 1937 destus.
504 1882 656 1948 Dico,
690 1899 864 1951 usque
891 1885 957 1938 ad
984 1887 1361 1943 Decembrem.
1386 1889 1514 1956 quia
1536 1890 1626 1944 tali
1659 1905 1846 1943 mense
1870 1890 1960 1942 die
1991 1889 2051 1943 l6
2073 1889 2262 1941 colunt
2290 1888 2467 1956 ipsum
2490 1885 2665 1941 Graeci
2685 1899 2867 1937 annua
2892 1877 3417 1936 commemoratione
3449 1877 3506 1931 in

259 1969 502 2024 Menaeis.
535 1969 611 2025 Ita
637 1970 1054 2040 Papebrochius
1077 1974 1300 2028 citatus.
1338 1974 1643 2046 Eutychius
1681 1975 2088 2029 Alexandrinus
2117 1974 2313 2029 s’cribit
2351 1973 2656 2027 Modestum
2699 1971 2910 2025 sedisse
2939 1982 3137 2022 novem
3175 1978 3415 2028 menses,
3448 1976 3507 2019 et

258 2064 384 2124 post
411 2056 535 2125 ejus
570 2069 805 2111 mortem
851 2060 1121 2114 mansisse
1171 2060 1488 2114 cathedram
1552 2062 1625 2117 Ili
1651 2062 2096 2132 rosolyminmam
2143 2079 2235 2117 sex
2270 2063 2430 2116 annis
2467 2061 2586 2115 sine
2626 2057 2962 2129 patriarcha.
3002 2055 3125 2108 Haec
3155 2052 3379 2123 quidem
3409 2067 3505 2105 sex

260 2158 537 2196 annorum
573 2145 826 2199 vacantia
869 2159 1002 2200 vera
1038 2162 1148 2200 non
1193 2148 1412 2201 videtur
1444 2168 1457 2201 :
1491 2165 1613 2201 nam
1649 2150 1718 2202 ab
1756 2154 1902 2203 anno
1927 2152 2051 2211 654,
2100 2166 2213 2220 quo
2245 2150 2539 2203 Zacharias
2572 2145 2878 2209 descendit,
2913 2157 3091 2211 usque
3120 2140 3189 2194 ad
3233 2139 3358 2202 654,
3393 2154 3504 2207 quo

255 2224 605 2299 Sophronius
646 2232 936 2286 ordinatus
978 2244 1062 2288 est
1103 2234 1607 2307 Hierosolymorum
1663 2239 1976 2308 episcopus,
2017 2253 2111 2292 sex
2158 2239 2408 2307 profecto
2447 2235 2574 2289 anni
2624 2249 2731 2286 non
2765 2236 3089 2291 occurrunt,
3122 2225 3224 2280 sub
3267 2239 3504 2295 quorum

259 2318 428 2371 etiam
455 2317 751 2372 duratione
787 2319 1017 2374 Modesti
1051 2323 1462 2391 patriarchatus
1488 2324 1647 2379 ﬂuxit
1678 2325 1841 2379 unius
1870 2325 1998 2377 anni
2053 2325 2139 2378 vel
2169 2325 2427 2377 dnorum.
2470 2323 2539 2376 At
2588 2320 2824 2388 aliquam
2880 2313 3264 2369 intercessisse
3299 2325 3501 2365 vacan-

260 2404 415 2467 tiam,
456 2420 486 2458 a
516 2404 751 2483 Modesti
776 2408 929 2460 obitu
954 2420 1132 2478 usque
1165 2410 1231 2463 ad
1259 2410 1557 2477 Sophronii
1583 2409 2074 2482 inaugurationem,
2112 2410 2344 2463 suadent
2372 2408 2621 2477 quaedam
2656 2394 2916 2459 Martini!
2955 2399 3188 2457 Romani
3228 2395 3506 2468 pontiﬁcis

262 2491 428 2544 verba
460 2491 695 2545 inferius
730 2493 1042 2559 referenda,
1080 2511 1202 2564 qua:
1224 2496 1489 2566 leguntur
1521 2496 1573 2549 in
1601 2497 1851 2565 epistolis
1871 2497 1993 2566 ejus
2016 2501 2083 2549 ad
2107 2496 2371 2551 Joannem
2399 2492 2791 2561 Philadelphia:
2811 2490 3156 2560 episcopum.
3182 2494 3236 2540 et
3265 2484 3331 2538 ad
3360 2483 3501 2537 Pan-

259 2581 532 2634 taleonem
558 2597 573 2645 ;
604 2582 818 2637 scilicet
842 2584 993 2638 viros
1020 2585 1235 2654 aliquos
1259 2594 1383 2639 ante
1417 2583 1697 2654 Soplironii
1719 2585 2120 2655 patriarch’iam,
2153 2584 2283 2636 item
2332 2590 2446 2652 post
2482 2581 2596 2651 ejus
2638 2582 2935 2642 decessum,
2969 2591 3077 2629 non
3111 2571 3504 2628 convenienter

265 2665 435 2721 fuisse
465 2667 674 2723 electos
701 2669 755 2722 in
790 2670 1102 2741 episcopos,
1129 2672 1212 2726 vel
1253 2671 1623 2742 presbyteros,
1643 2680 1750 2726 etc.
1783 2672 1984 2726 Praeter
2008 2670 2234 2725 Modesti
2270 2668 2558 2737 epistolam
2591 2666 2659 2721 de
2712 2682 2817 2734 qua
2845 2679 3031 2733 supra,
3072 2669 3258 2714 monet
3305 2656 3504 2727 Pagina

261 2762 395 2808 tom.
428 2752 471 2807 ll
498 2756 616 2808 crit.
648 2756 834 2811 annal.
868 2757 1090 2812 Barom’i
1123 2759 1189 2814 ad
1235 2773 1439 2813 annum
1489 2759 1613 2817 655.
1641 2776 1698 2813 n.
1731 2760 1763 2813 6
1791 2774 1913 2829 pag.
1952 2760 2075 2823 SOI,
2106 2759 2213 2813 col.
2239 2759 2289 2820 l,
2320 2756 2505 2811 adhuc
2544 2762 2838 2825 superesse
2863 2751 3002 2806 duas
3037 2749 3159 2819 ejus
3180 2755 3499 2801 orationes;

262 2859 453 2910 unam,
487 2846 543 2899 in
572 2845 818 2902 mulieres
846 2851 1282 2921 unguentiferas;
1311 2851 1559 2914 alteram,
1583 2852 1637 2904 in
1663 2865 1938 2904 occursum
1964 2864 1981 2902 :
2010 2863 2132 2916 quae
2161 2846 2466 2900 recitantur
2492 2859 2520 2898 a
2555 2843 2753 2899 Photio
2778 2842 2834 2895 in
2858 2839 3124 2895 Biblioth.
3149 2834 3342 2891 codice
3370 2833 3496 2888 275.

262 2929 380 2986 Alia
407 2948 626 3002 quoque
651 2934 835 2988 oratio
878 2946 1095 2991 exstare
1136 2937 1364 3001 dicitur,
1401 2938 1506 2991 sub
1527 2937 1775 3008 ejusdem
1820 2936 2050 2990 Modesti
2096 2933 2344 2997 nomine,
2376 2931 2433 2985 in
2471 2930 2661 2985 codice
2705 2929 2812 2984 2'14
2854 2924 3393 2994 Goisliiiiauo,part.
3439 2935 3499 2989 ιι,

259 3028 384 3088 pag.
418 3017 544 3084 289,
571 3018 635 3071 de
656 3021 970 3076 dormitione
994 3022 1239 3095 Deipara:
1272 3023 1512 3095 Virginis.

260 3198 3476 3234 MM

1475 3362 2300 3488 ΜΟΔΕΣΤΟΥ

1310 3576 1871 3636 ΑΡΧΙΕΠΙΣΚΟΠΟΥ
1922 3576 2410 3633 ΙΕΡΟΣΟΛΥΜΩΝ

1245 3747 1418 3833 ΕΙΣ
1490 3727 1696 3832 ΤΑΣ
1769 3730 2541 3863 ΜΥΡΟΦΟΡΟΥΣ»

1854 3924 1924 3948 ⁸-

1514 4136 1521 4144 ·
1579 4083 2203 4206 MODESTI

1223 4322 1803 4386 ARCHIEPISCOPI
1842 4316 2550 4384 HIEROSOLYMITANI

694 4488 816 4581 IN
930 4487 1578 4580 UNGUENTA
1688 4486 2300 4578 FERENTES
2412 4484 3061 4578 MULIERES.

1410 4677 1685 4750 (Plio-nus,
1725 4676 1993 4743 Biblioth.,
2031 4679 2156 4732 cod.
2200 4678 2348 4752 275-.)

1850 4840 1924 4853 .—

319 4951 426 5022 Ὺὸν
452 4964 681 5035 ἕϐδομον
731 4963 964 5037 ἀριθμὸν
991 4965 1088 5018 καὶ
1130 4967 1226 5018 ἐπὶ
1254 4966 1352 5037 τῆς
1384 4965 1581 5035 ἀρετῆς
1612 4966 1704 5018 καὶ
1730 4963 1825 5035 ἐπεὶ

1992 4966 2300 5037 Septimum
2339 4981 2653 5034 numerum,
2675 4974 2736 5022 et
2764 4966 2836 5023 de
2864 4965 3071 5021 virtute
3092 4964 3243 5021 etde
3271 4976 3494 5037 peccato

247 5055 348 5127 τῆς
382 5056 581 5119 κακίας
607 5055 935 5127 εὑρίσκομεν
968 5058 1066 5125 τὴν
1101 5054 1324 5124 Γραφὴν
1371 5055 1828 5128 παραλαμωνου-

1922 5059 1977 5114 in
2028 5056 2315 5128 Scriptura
2362 5067 2648 5128 acceptum
2700 5057 3030 5114 invenimus.
3083 5055 3280 5114 Merito
3326 5057 3492 5128 igitur

250 5162 371 5200 σαν.
402 5146 647 5208 Εἰκότως
678 5140 772 5198 οὖν
794 5145 892 5214 τὴν
921 5145 1141 5216 Μαρίαν
1167 5146 1449 5215 ἐκλέγεται
1478 5146 1576 5217 τὴν
1602 5145 1826 5214 Μαγδα-

1921 5148 2086 5218 elegit
2116 5147 2340 5202 Mariam
2376 5147 2746 5219 Magdalenam
2789 5147 3059 5210 Salvator,
3090 5162 3121 5201 e
3147 5162 3253 5217 qua
3285 5157 3491 5219 septem

246 5231 414 5305 ληνὴν
447 5237 475 5289 ὁ
509 5234 723 5306 Σωτὴρ,
763 5235 859 5303 ἀφ’
888 5231 955 5306 ἧς
987 5235 1307 5305 ὲκὸεό).ήκει
1342 5236 1595 5304 δαιμόνια
1634 5236 1777 5289 ἑπτά
1799 5251 1815 5266 ⁶

1925 5239 2194 5294 daemonia
2222 5239 2441 5309 'ejecit,
2471 5248 2533 5293 ut
2554 5239 2855 5308 principem
2891 5238 3100 5309 peccati
3128 5253 3226 5308 per
3255 5238 3399 5292 illam
3422 5238 3493 5291 ab

246 5326 337 5379 ἵνα
368 5326 461 5380 τὸν
489 5327 727 5397 ἄρχοντα
762 5326 862 5396 τῆς
908 5327 1105 5393 κακίας
1136 5326 1207 5379 δι’
1233 5326 1402 5396 αὐτῆς
1431 5326 1680 5400 ἀπελάσῃ
1717 5327 1814 5396 τῆς

1921 5330 2243 5385 hominibus
2262 5331 2580 5401 expelleret.
2608 5329 2859 5385 Historiae
2881 5331 3103 5385 tradunt
3124 5328 3490 5399 Magdalenam

252 5420 599 5493 depumivrj;
658 5420 894 5491 φύσεως.
939 5421 1081 5487 Ὅτι,
1127 5421 1315 5491 φησὶν,
1356 5423 1413 5475 αἱ
1455 5420 1683 5492 ἱστορίαι
1716 5422 1815 5491 τὴν

1923 5421 2067 5475 hanc
2106 5420 2370 5491 virginem
2414 5419 2606 5485 fuisse,
2640 5428 2697 5474 et
2724 5422 3045 5491 martyrium
3080 5421 3244 5491 hujus
3284 5435 3492 5475 mem-.1-

245 5512 613 5583 Μαγδαληνὴν
653 5514 858 5581 ταύτην
898 5514 986 5567 διὰ
1031 5515 1149 5584 βίου
1189 5515 1455 5585 παρθένον
1485 5514 1811 5568 διδάσκουσι.

1924 5520 2076 5566 ratur
2107 5527 2124 5567 :
2157 5512 2246 5568 ubi
2275 5511 2501 5576 dicitur,
2532 5520 2758 5582 propter
2788 5526 3058 5567 summam
3094 5514 3246 5568 illius
3270 5512 3493 5582 virgini-

248 5602 358 5655 Καὶ
389 5605 685 5675 μαρτύριον
721 5604 779 5657 δὲ
822 5605 990 5675 αὐτῆς
1032 5606 1280 5673 φέρεται,
1314 5607 1369 5658 ὲν
1396 5598 1441 5673 ᾧ
1480 5605 1694 5673 λέγεται
1726 5604 1815 5658 διὰ

1924 5614 2112 5661 tatem.
2144 5612 2201 5659 et
2235 5602 2550 5668 puritatem,
2583 5602 2730 5659 illam
2760 5614 3021 5674 tanquam
3058 5604 3261 5659 vitrum
3293 5616 3490 5675 purum

319 5758 333 5788 ¹
371 5755 507 5811 Luc.
534 5772 651 5821 vin,
677 5755 733 5809 2.

527 5847 794 5909 Parnm"
841 5849 956 5907 Gn.
992 5847 1334 5911 LXXXVI.
1921 5939 1969 5946 η
2003 5932 2020 5947 δ
2122 5860 2151 5944 _‘
3141 5855 3253 5914 ωδ
3307 5923 3310 5926 ,
