3960 6284
506 370 649 443 3275

1474 376 1804 440 MODESTI
1848 376 2360 438 ΡΑΤιιιΑιιαιιίιξ
2401 376 2811 442 HlEROSOL.

3677 365 3788 435 32⁸16

507 488 809 545 tortoribus
841 489 1011 544 visam
1043 504 1184 545 esse.
1212 489 1341 544 Post
1365 489 1829 545 obdormitionem
1859 489 2088 543 sanctis-

2192 488 2290 561 τὴν
2349 491 2525 561 ἄκραν
2586 492 2763 559 αὐτῆς
2804 489 3102 562 παρθενίαν
3162 490 3262 544 καὶ
3311 487 3695 559 καθαρότητα,
3730 488 3789 551 ὡς

504 581 654 635 sima:
675 579 920 635 Dominae
948 591 1148 635 nostra:
1165 580 1410 651 Deipara:
1431 580 1674 650 profecta
1702 589 1786 635 est
1810 579 2091 649 Ephesum

503 671 571 725 ad
615 671 879 726 dilectum
914 672 1248 742 discipulum
1288 689 1303 725 :
1336 672 1429 727 ubi
1473 687 1696 726 cursum
1726 671 2089 741 apostolicum

504 779 603 832 per
635 763 960 835 martyrium
996 763 1386 835 unguentil‘era
1416 763 1586 818 Maria
1616 762 1867 833 perfecit,
1895 763 2090 818 nolens

503 856 572 911 ad
597 866 905 913 extremum
940 874 1113 929 usque
1142 856 1398 930 spiritum
1424 875 1454 913 a
1480 858 1641 915 beato
1675 857 1885 913 Joanne
1917 862 2088 913 cVan-

504 950 720 1020 gelistn,
743 960 801 1005 et
826 950 1038 1021 virgine
1065 950 1330 1021 separari.
1359 950 1856 1017 Quemadmodum,
1885 949 2089 1020 inquit,

504 1041 764 1111 princeps
805 1039 1096 1113 [primitia]
1143 1042 1518 1111 apostolorum
1560 1042 1628 1096 ab
1674 1040 1944 1096 immobili
1983 1039 2090 1097 {ide

501 1146 665 1198 quam
704 1130 897 1185 habuit
936 1130 992 1184 in
1027 1141 1238 1200 petram
1276 1130 1581 1192 Christum,
1611 1131 1810 1186 Petrus
1851 1131 2091 1201 appella-

505 1234 594 1277 tus
634 1230 718 1278 cst
748 1240 760 1275 :
788 1222 869 1277 sic
893 1232 949 1278 et
981 1222 1074 1277 illa
1109 1221 1365 1292 princeps
1402 1222 1798 1292 discipularum
1829 1224 1899 1278 ob
1932 1223 2088 1293 puri-

506 1323 671 1368 tatem
701 1322 758 1368 et
802 1329 1073 1380 amorem,
1109 1330 1219 1384 quo
1250 1313 1529 1369 Christum
1573 1315 1854 1386 complexa
1883 1324 1987 1379 est,
2017 1314 2088 1369 ab

503 1406 622 1472 ipso
655 1405 937 1461 nominata
971 1413 1075 1472 est,
1112 1406 1203 1461 cui
1234 1404 1377 1460 idem
1415 1404 1520 1460 fuit
1561 1422 1785 1469 nomen,
1813 1405 1961 1476 quod
1990 1405 2088 1461 Dei

501 1498 686 1553 matri.
709 1496 1185 1563 Quemadmodum
1213 1497 1505 1552 Dominum
1534 1496 1934 1566 discipulorum
1958 1496 2090 1551 cho-

501 1606 596 1644 rus
624 1596 851 1644 secutus
895 1599 1002 1654 cst,
1045 1590 1127 1644 sic
1174 1589 1460 1644 Dominam
1493 1596 1553 1644 et
1596 1589 1822 1643 Matrem
1865 1587 2083 1643 Domini

499 1682 708 1737 chorus
736 1682 1154 1754 discipularum.
1188 1684 1370 1739 Mirati
1400 1684 1546 1741 enim
1590 1682 1889 1752 aliquando
1917 1681 2085 1738 disci-

2197 580 2359 636 ὕαλον
2402 584 2575 653 αὐτὴν
2626 582 2866 652 καθαρὸν
2917 584 3030 646 τοῖς
3071 580 3455 651 βασανισταῖς
3505 577 3786 647 φαίνεσθαι.

2198 671 2344 741 Ὅτι,
2388 675 2543 745 φησὶ,
2577 674 2715 744 μετὰ
2743 674 2842 743 τὴν
2869 673 3131 743 κοίμησιν
3164 672 3275 742 τῆς
3310 669 3637 739 Δεσποίνης
3660 668 3790 741 ἡμῶν

2196 764 2461 817 θεοτόκου
2490 765 2819 836 πορευθεῖσα
2843 765 2923 828 είς
2952 766 3191 833 Ἔφεσον
3210 764 3364 834 πρὸς
3386 761 3489 814 τὸν
3519 762 3791 830 ἠγαπημὲο

2193 872 2283 910 νον
2310 857 2581 929 μαθητὴν,
2614 859 2793 910 ἐκεῖσε
2822 857 2914 911 τὸν
2939 857 3140 928 δρόμον
3185 857 3287 909 τὸν
3315 852 3697 909 ἅποστολικδν
3720 852 3793 905 διὰ

2190 949 2287 1004 τοῦ
2329 950 2633 1023 μαρτυρίου
2665 952 2699 1022 ἠ
2727 949 3035 1022 μυροφόρος
3076 948 3273 1019 Μαρία
3310 946 3617 1001 ἐτελείωσε
3649 957 3699 1010 ι,
3734 946 3793 1013 μὴ

2188 1040 2467 1112 θελήσασα
2501 1042 2665 1112 μέχρι
2700 1041 2799 1110 τῆς
2827 1039 3084 1110 τελευτῆς
3130 1035 3493 1112 χωρισθῆναι
3546 1033 3643 1087 τοῦ
3670 1051 3793 1103 παρ-
3835 1086 3848 1105 ,

2190 1130 2340 1187 θένου
2372 1132 2466 1185 καὶ
2496 1130 2886 1199 εὐαγγελιστοῦ
2931 1130 3203 1183 Ἰωάννου.
3247 1130 3497 1198 Ὠσπερ,
3555 1126 3794 1195 φησὶν,ἡ

2190 1223 2415 1296 ἀπαρχὴ
2456 1223 2565 1278 τῶν
2606 1223 2925 1277 ἀποστόλων
2967 1222 3175 1293 Πέτρος
3222 1216 3545 1289 ὠνομάσθη
3597 1214 3795 1281 διὰτῆν

2187 1315 2484 1372 ἀσάλευτον
2515 1317 2717 1381 πίστιν,
2748 1316 2815 1387 ἣν
2836 1310 2982 1386 εῖχεν
3036 1314 3130 1367 ἐπὶ
3161 1310 3407 1383 Χριστόν
3436 1309 3547 1381 τὴν
3573 1306 3793 1378 πέτραν

2187 1405 2333 1461 οὕτω
2392 1407 2487 1462 καὶ
2534 1406 2674 1479 αὐτὴ
2707 1407 2951 1479 ἀρχηγὸς
2985 1404 3096 1459 τῶν
3137 1400 3794 1477 μαθητριῶντενομένη,

2196 1496 2286 1552 διὰ
2324 1496 2423 1569 τὴν
2474 1497 2826 1570 καθαρότητα
2868 1498 3060 1564 αὐτῆς,
3092 1493 3310 1550 καὶτὸν
3351 1492 3529 1546 πόθον
3559 1491 3627 1545 ὃν
3657 1485 3790 1559 εἶχεν

2188 1592 2268 1654 είς
2296 1590 2484 1656 αὑτὸν,
2512 1591 2703 1663 Μαρία
2733 1590 3041 1662 ὁμωνύμως
3068 1592 3134 1661 τῇ
3160 1588 3336 1660 μητρὶ
3367 1587 3531 1658 παρὰ
3556 1585 3663 1638 τοῦ
3690 1585 3795 1637 Σω-

2188 1681 2356 1753 τῆρος
2397 1684 2858 1755 προσηγόρευται.
2899 1682 3114 1752 Ὥσπερ
3165 1680 3246 1751 τῷ
3272 1679 3535 1752 Δεσπότῃ
3556 1676 3675 1730 τῶν
3706 1694 3800 1746 μα-

498 1774 615 1844 puli
660 1785 850 1840 erant,
896 1776 1045 1847 quod
1097 1792 1221 1832 cum
1269 1776 1477 1832 femina
1516 1777 1883 1845 loqueretur'
1916 1774 2088 1831 :biuc

2192 1771 2370 1842 θητῶν
2402 1772 2685 1843 ἠκολούθει
2707 1775 2737 1828 ὸ
2763 1774 2919 1847 χορός
2936 1790 2953 1805 ο
2977 1771 3122 1826 οὕτω
3148 1775 3213 1844 τῇ
3245 1771 3523 1843 Δεσποίνῃ
3557 1770 3661 1823 καὶ
3683 1769 3799 1838 Μη-

500 1871 650 1930 patet
692 1865 989 1921 Dominum
1045 1884 1170 1923 eum
1214 1868 1542 1923 mulieribus
1586 1866 1928 1922 consortium
1973 1883 2087 1923 non

500 1955 781 2012 habuisse.
817 1958 926 2013 Sed
963 1969 1139 2015 matre
1170 1960 1386 2015 Domini
1431 1959 1813 2029 evangelicum
1862 1975 2089 2016 cursum

502 2063 609 2102 una
641 2065 767 2103 cum
802 2050 1023 2106 Filioet
1055 2061 1304 2107 creatore
1333 2052 1669 2122 complente,
1703 2059 1760 2105 et
1784 2050 1915 2121 ipsa:
1939 2052 2089 2107 illam

499 2149 724 2202 secutae,
758 2142 1036 2196 communi
1085 2143 1317 2197 Domino
1346 2152 1401 2199 et
1438 2141 1730 2213 discipulis
1758 2141 1826 2197 de
1857 2142 2092 2198 faculta-

502 2228 651 2284 tibus
682 2231 801 2285 suis
828 2234 890 2286 in
908 2232 1088 2288 ‘rebus
1115 2235 1443 2290 necessariis
1468 2234 1876 2290 ministrabant.

2190 1867 2286 1937 τρὶ
2335 1866 2430 1921 τοῦ
2490 1867 2718 1939 Κυρίου,
2771 1868 2882 1923 τῶν
2935 1865 3397 1938 μαθητευομένων
3444 1861 3743 1933 γυναικῶν
3773 1861 3801 1912 ὁ

2191 1964 2372 2035 χορός.
2417 1963 2760 2034 Ἐθαύμαζον
2799 1964 2929 2036 γὰρ,
2969 1966 3122 2033 φησι,
3160 1961 3292 2014 ποτὲ
3321 1959 3374 2012 οί
3406 1956 3696 2028 μαθηταὶ,
3721 1954 3800 2008 ὅτι

2196 2058 2335 2129 μετὰ
2366 2059 2625 2126 γυναικὸς
2659 2059 2840 2114 ἐλάλει
2858 2074 2873 2087 °
2917 2058 3074 2127 δῆλον
3098 2057 3175 2111 ὡς
3199 2056 3300 2108 οὐκ
3325 2052 3499 2122 οὔσης
3530 2048 3798 2116 cautim};

2196 2151 2487 2223 συνηθείας
2518 2151 2599 2222 τῷ
2622 2153 2830 2222 Κυρίῳ.
2873 2152 3036 2205 Ἀλλά
3060 2151 3153 2203 τὸν
3193 2145 3564 2215 εὐαγγελικον
3592 2142 3797 2213 δρόμον

2192 2244 2292 2313 τῆς
2319 2244 2524 2316 μητρὸς
2551 2243 2642 2297 τοῦ
2674 2244 2947 2297 Δεσπότου
2977 2238 3409 2308 συνεξανυούσης
3440 2234 3525 2304 τῷ
3557 2233 3687 2303 Υἱῷ
3710 2233 3799 2287 καὶ

500 2324 849 2396 Δημιουργῷ,
887 2326 982 2379 καὶ
1027 2320 1187 2381 αὗται
1240 2326 1731 2382 συνακολουθοῦσαι
1782 2327 1920 2398 αὐτῇ
1980 2329 2060 2400 τῷ
2112 2335 2275 2407 κοινῷ
2305 2339 2551 2411 Δεσπότῃ
2608 2339 2673 2391 ἐκ
2728 2337 2836 2391 τῶν
2863 2337 3215 2406 ὑπαρχόντων
3242 2334 3301 2386 ὲν
3322 2331 3438 2394 τοῖς
3458 2327 3797 2394 ἀναγκαίοις

504 2421 594 2473 καὶ
622 2420 730 2482 τοῖς
767 2419 1039 2492 μαθηταῖς
1064 2421 1369 2495 διηκόνουν.

476 2594 495 2615 ι
568 2560 590 2590 ¹
621 2558 781 2615 Joan.
820 2575 896 2625 ιν,
923 2560 1015 2616 27.

1760 2630 1992 2689 VARUE
2042 2626 2329 2689 LECTION
2338 2632 2441 2688 ES.

577 2728 600 2758 ι
630 2719 950 2793 ἐτελεύτησε
985 2722 1059 2778 Μ.
1096 2723 1171 2779 Μ.

1702 2920 3764 2957 ww“

1493 3080 1666 3168 ΕΙΣ
1739 3084 1969 3168 ΤΗΝ
2042 3081 2778 3167 ΥΠΑΠΑΝΤΗΝ.

1664 3381 1793 3470 ΙΝ
1896 3376 2571 3471 OCCURSUM.

570 3690 728 3743 Anna
754 3703 879 3744 cum
904 3688 1023 3743 viro
1051 3695 1263 3759 septem
1291 3702 1488 3755 annos,
1514 3687 1813 3744 Sabbatum
1836 3687 2021 3743 colens
2047 3686 2084 3750 ’,
2115 3696 2157 3754 c
2262 3689 2374 3744 Καὶ
2402 3691 2435 3760 ἡ
2469 3688 2559 3744 τὸν
2592 3690 2966 3765 ἑϐδομήκοντα
2996 3696 3192 3768 χρόνον
3232 3697 3625 3755 σαϐϐατίσασα
3657 3702 3791 3772 μετὰ

496 3781 754 3853 precibus
781 3789 839 3837 et
875 3781 1103 3854 jejuniis
1146 3780 1456 3847 adhaerens,
1516 3782 1794 3851 octoginta
1846 3790 2083 3850 quatuor

496 3887 674 3929 annos
711 3887 835 3927 cum
876 3873 1166 3943 exegisset,
1200 3888 1422 3928 carnem
1456 3888 1487 3928 e
1525 3886 1760 3943 quatuor
1793 3871 2083 3927 elementis

495 3964 856 4035 compositam
887 3964 1136 4029 vincens,
1169 3972 1225 4019 et
1245 3974 1484 4020 mentem
1507 3964 1780 4019 mandans
1806 3962 1874 4018 ad
1905 3960 2079 4018 sancti

494 4058 735 4130 Spiritus
766 4057 1163 4128 receptionem,
1197 4065 1255 4112 et
1297 4057 1645 4128 generalibus
1678 4056 1865 4129 [vulgo
1897 4053 2080 4112 cardi-

494 4150 715 4205 nalibus
745 4148 935 4221 dictis]
980 4148 1219 4219 seipsam
1262 4150 1569 4205 virtutibus
1599 4163 1892 4214 exornans,
1921 4155 2077 4202 octo-

493 4241 764 4312 gesimum
796 4254 1001 4294 annum
1032 4248 1322 4310 postquam
1368 4240 1627 4307 excessit,
1660 4240 1714 4294 in
1753 4239 1956 4309 templo
1992 4237 2079 4292 in-

492 4333 647 4388 venit
675 4331 847 4386 futuri
876 4330 1142 4400 temporis
1164 4330 1526 4397 Salvatorem,
1590 4331 1737 4386 ulnis
1784 4338 2078 4401 gestatum.

493 4425 690 4481 Merito
740 4423 828 4477 lcx
869 4430 930 4477 ut
972 4437 1193 4479 causam
1246 4425 1525 4493 peccantis
1570 4423 1890 4494 voluptatis,
1940 4420 2081 4476 ﬁlias

492 4517 642 4581 Evae,
670 4513 836 4586 jussit
865 4512 1063 4569 aﬂ'erre
1091 4528 1195 4583 pro
1233 4513 1618 4583 purilicatione
1648 4529 1746 4585 par
1774 4520 2077 4574 turturum.

494 4607 581 4663 vel
603 4605 744 4660 duos
766 4604 946 4676 pullos
965 4603 1350 4658 columbarum
1377 4603 1444 4658 ad
1467 4601 1886 4659 sacriﬁcandum
1900 4604 2095 4677 ‘.Lege

495 4699 709 4756 scilicet
754 4695 1118 4769 signiﬁcante,
1176 4711 1304 4751 cum
1349 4696 1445 4766 qui
1492 4696 1560 4751 ad
1610 4696 1784 4750 Deum
1830 4692 2076 4760 accedat,

494 4792 699 4847 debere
732 4798 791 4846 et
821 4789 1068 4845 animum
1092 4797 1150 4844 et
1184 4803 1386 4858 corpus
1413 4788 1481 4843 ab
1506 4786 1655 4842 omni
1685 4795 1911 4857 peccato
1936 4784 2077 4839 libe-

494 4899 619 4940 rum
648 4883 882 4938 habere.

561 5059 818 5118 Christus
850 5061 1026 5133 legem
1048 5050 1645 5130 implet‘mondebitor
1673 5067 1758 5111 est
1776 5056 1933 5128 legis,
1969 5077 1987 5109 ι
2024 5058 2076 5112 in
2110 5059 2158 5119 D

494 5155 711 5209 ruinam
729 5155 1261 5210 etresurrectioncm
1282 5151 1580 5206 multorum
1599 5149 1811 5220 positus
1828 5161 1913 5204 est
1928 5148 1969 5203 ⁸.
1984 5169 2002 5203 ι
2021 5151 2082 5205 In

496 5248 715 5303 ruinam
750 5248 986 5318 peccati,
1024 5248 1081 5302 in
1129 5243 1592 5301 resurrectionem
1634 5241 1882 5313 iustitiae,
1927 5252 1983 5297 et
2026 5245 2082 5298 in

494 5341 730 5411 signum,
751 5338 840 5394 cui
859 5337 1058 5405 Judaei,
1079 5336 1174 5407 qui
1190 5335 1475 5391 Christum
1494 5333 1836 5401 occiderunt,
1857 5345 2077 5390 contra-

493 5433 756 5486 dixerunt
817 5449 830 5485 :
862 5450 881 5483 ι
914 5431 971 5487 Si
989 5440 1048 5486 tu
1071 5445 1132 5486 es
1150 5428 1323 5485 Filius
1341 5427 1462 5493 Dei,
1488 5426 1765 5483 descende
1793 5426 1861 5483 de
1890 5443 2078 5491 cruce,

2188 3782 2382 3851 ἀνδρὸς
2419 3783 2611 3847 Ἀννα,
2639 3789 2967 3856 προσευχαῖς
3000 3788 3096 3841 καὶ
3127 3791 3413 3859 νηστείαις
3444 3808 3791 3863 προσκείμε-

2156 3922 2168 3933 ,
2192 3870 2385 3941 ροῦσα,
2420 3871 2749 3943 ὀγδοήκοντα
2793 3877 2890 3930 καὶ
2933 3878 3223 3948 τεσσάρων
3251 3880 3394 3934 ἐτῶν
3435 3881 3785 3955 ὑπάρχουσα,

2187 3960 2286 4033 τὴν
2319 3963 2382 4017 ὲκ
2434 3963 2544 4018 τῶν
2598 3966 2881 4037 τεσσάρων
2934 3971 3221 4040 στοιχείων
3258 3974 3542 4044 νικήσασα
3587 3978 3787 4046 σάρκα,

2188 4054 2282 4108 καὶ
2321 4055 2413 4110 τὸν
2461 4055 2586 4137 νοῦν
2630 4057 2921 4132 καθάρασα
2971 4062 3113 4133 πρὸς
3147 4064 3423 4137 ὑποδοχὴν
3466 4069 3787 4140 Πνεῦμα-τος

2186 4145 2345 4214 ἁγίου
2369 4188 2385 4213 ,
2443 4147 2538 4201 καὶ
2583 4152 2702 4215 ταῖς
2734 4154 2984 4219 γενικαῖς
3015 4154 3221 4227 ἑαυτὴν
3263 4157 3500 4228 ἀρεταῖς
3552 4177 3787 4215 κατακο-

2187 4240 2469 4325 σμήσασα,
2500 4240 2591 4294 τὸν
2622 4242 2723 4314 τῆς
2748 4243 3173 4317 ὀγδοηκοντάδος
3200 4250 3536 4323 παρέδραμε
3571 4254 3781 4325 καιρὸν.

2187 4331 2282 4385 καὶ
2306 4324 2462 4401 εὗρεν
2485 4333 2545 4385 ὲν
2577 4333 2658 4403 τῷ
2687 4334 2801 4406 ναῷ
2827 4335 2920 4392 τὸν
2949 4338 3181 4411 Σωτῆρα
3208 4342 3306 4395 τοῦ
3344 4344 3642 4412 μέλλοντος
3661 4324 3784 4399 αἰῶ-

2187 4435 2275 4483 νος
2322 4421 2382 4474 ἐν
2426 4421 2696 4490 ἀγκάλαις
2730 4424 3155 4497 βασταζόμενον.
3200 4431 3453 4503 Εἰκότως
3498 4434 3579 4500 ὡς
3607 4437 3783 4499 αἰτίας

2185 4512 2286 4582 τῆς
2326 4513 2708 4587 ὲναμαρτήτου
2730 4518 2757 4558 δ
2794 4518 2985 4590 ἡδονῆς
3026 4520 3124 4584 τὰς
3154 4520 3476 4596 θυγατέρας
3508 4528 3615 4598 τῆς
3646 4526 3784 4591 Εὔας

2185 4604 2519 4676 προσφέρειν
2543 4610 2573 4660 ὁ
2595 4609 2756 4678 νόμος
2779 4610 3114 4680 προσέταξεν
3136 4612 3286 4685 ὑπὲρ
3307 4614 3407 4669 τοῦ
3433 4617 3781 4689 καθαρισμοῦ

2185 4695 2365 4751 αὐτῶν
2397 4695 2495 4767 τὴν
2521 4695 2718 4753 θυσίαν
2743 4700 2851 4753 τῶν
2880 4701 2974 4754 δύο
3002 4704 3311 4774 τρυγόνων,
3343 4706 3380 4778 ῆ
3408 4707 3506 4761 δύο
3533 4710 3780 4769 νεοσσοὺς

2185 4787 2527 4859 περιστερῶν
2553 4805 2567 4820 ο
2602 4789 2887 4861 δηλοῦντος
2925 4792 3021 4847 τοῦ
3053 4794 3252 4865 νόμου,
3278 4800 3364 4853 ὅτι
3388 4800 3472 4854 δεῖ
3493 4802 3587 4856 τὸν
3623 4819 3784 4872 προσ-

2185 4877 2480 4950 ερχόμενον
2537 4880 2659 4952 Θεῷ
2712 4881 3042 4955 καθαρεύειν
3083 4889 3180 4940 καὶ
3215 4890 3370 4963 ψυχῇ
3415 4894 3515 4947 καὶ
3554 4893 3784 4966 σώματι,

2184 4969 2280 5024 καὶ
2302 4970 2536 5035 ἀκακίας
2566 4971 2811 5043 ἐχεσθαιζ

2266 5063 2325 5115 '0
2355 5063 2592 5134 Χριστὸς
2627 5064 2922 5139 πληρωτὴς
2944 5069 3117 5137 ἐστιν,
3146 5073 3255 5127 οὐκ
3282 5076 3577 5150 ὀφειλέτης
3598 5080 3788 5150 νόμω.

2187 5175 2205 5208 ι
2232 5155 2332 5221 Είς
2362 5155 2574 5211 πτῶσιν
2593 5158 2650 5211 δὲ
2681 5163 2775 5213 καὶ⁵
2810 5160 3113 5216 ἀνάστασιν
3136 5169 3327 5222 κεῖται
3349 5185 3368 5201 ·
3398 5189 3418 5222 ι
3451 5173 3668 5226 πτῶσιν
3698 5173 3793 5243 μὲν

2178 5246 2276 5316 τῆς
2301 5247 2602 5319 ἁμαρτίας,
2631 5249 2920 5321 ἀνέγερσιν
2943 5250 3000 5304 δὲ
3032 5252 3132 5322 τῆς
3162 5254 3553 5332 δικαιοσύνης,
3590 5265 3694 5316 καὶ
3717 5263 3794 5321 εἰς

2184 5341 2413 5408 σημεῖον
2440 5338 2859 5411 ἀντιλεγόμενον
2902 5345 3019 5405 τοῖς
3051 5351 3451 5417 κυριοκτόνοις
3490 5353 3795 5415 Ἰουδαίοις,

2187 5432 2300 5491 τοῖς
2337 5429 2616 5499 λέγουσιν·
2646 5449 2671 5485 ε
2708 5433 2769 5485 El
2794 5433 2920 5497 Υἱὸς
2954 5429 3010 5487 εἷ
3039 5436 3141 5490 τοῦ
3170 5438 3348 5509 Θεοῦ,
3376 5441 3654 5515 κατάϐηθι
3692 5446 3801 5497 ἀπό

554 5538 575 5594 ’⁵
604 5563 740 5651 Luc.
772 5578 835 5627 ιι,
882 5563 936 5628 6,
963 5576 1121 5634 seqq.
1199 5562 1219 5594 ⁸
1246 5561 1423 5642 Levii.
1455 5579 1551 5631 xu,
1584 5562 1647 5620 8.
1717 5562 1737 5592 ⁸
1762 5560 1957 5618 Matth.
1992 5579 2049 5630 ν,
2081 5563 2167 5618 l7.
2246 5566 2266 5595 ‘
2294 5563 2428 5618 Luc.
2458 5578 2517 5630 ιι,
2548 5565 2634 5620 54.

1793 5695 2027 5752 νΑΒΙᾹΞ
2052 5696 2463 5760 LECTIONES.

567 5794 597 5838 δ
626 5796 705 5847 al.
741 5789 1061 5858 εναμάρτου.
