  <div class='ocr_page' id='page_1' title='image "/cluster/home/n/w/nwhite01/storage/ocr_20150623/86 pt.2/mdp.39015008855424/778.png"; bbox 0 0 3960 6284; ppageno 0'>
   <div class='ocr_carea' id='block_1_1' title="bbox 194 367 329 440">
    <p class='ocr_par' dir='ltr' id='par_1_1' title="bbox 194 367 329 440">
     <span class='ocr_line' id='line_1_1' title="bbox 194 367 329 440; baseline 0.015 -2"><span class='ocrx_word' id='word_1_1' title='bbox 194 367 329 440; x_wconf 76' lang='lat' dir='ltr'><strong>330i</strong></span> 
     </span>
    </p>
   </div>
   <div class='ocr_carea' id='block_1_2' title="bbox 1291 382 2364 454">
    <p class='ocr_par' dir='ltr' id='par_1_2' title="bbox 1291 382 2364 454">
     <span class='ocr_line' id='line_1_2' title="bbox 1291 382 2364 454; baseline 0.006 -10"><span class='ocrx_word' id='word_1_2' title='bbox 1291 382 1695 445; x_wconf 84' lang='lat' dir='ltr'><strong>ENCOMIUM</strong></span> <span class='ocrx_word' id='word_1_3' title='bbox 1738 382 1817 442; x_wconf 90' lang='lat' dir='ltr'><strong>IN</strong></span> <span class='ocrx_word' id='word_1_4' title='bbox 1859 385 1924 445; x_wconf 88' lang='grc' dir='ltr'>Β.</span> <span class='ocrx_word' id='word_1_5' title='bbox 1961 387 2364 454; x_wconf 85' lang='lat' dir='ltr'><strong>VIRGINEM.</strong></span> 
     </span>
    </p>
   </div>
   <div class='ocr_carea' id='block_1_3' title="bbox 3314 387 3453 452">
    <p class='ocr_par' dir='ltr' id='par_1_3' title="bbox 3314 387 3453 452">
     <span class='ocr_line' id='line_1_3' title="bbox 3314 387 3453 452; baseline 0 -3"><span class='ocrx_word' id='word_1_6' title='bbox 3314 387 3453 452; x_wconf 71' lang='lat'><strong>330?.</strong></span> 
     </span>
    </p>
   </div>
   <div class='ocr_carea' id='block_1_4' title="bbox 2825 444 2862 474">
    <p class='ocr_par' dir='ltr' id='par_1_4' title="bbox 2825 444 2862 474">
     <span class='ocr_line' id='line_1_4' title="bbox 2825 444 2862 474; baseline 0 0"><span class='ocrx_word' id='word_1_7' title='bbox 2825 444 2862 474; x_wconf 60' lang='grc' dir='ltr'>θ</span> 
     </span>
    </p>
   </div>
   <div class='ocr_carea' id='block_1_5' title="bbox 194 489 1767 569">
    <p class='ocr_par' dir='ltr' id='par_1_5' title="bbox 194 489 1767 566">
     <span class='ocr_line' id='line_1_5' title="bbox 194 489 1767 566; baseline 0.004 -22"><span class='ocrx_word' id='word_1_8' title='bbox 194 495 253 545; x_wconf 83' lang='grc' dir='ltr'>ὲν</span> <span class='ocrx_word' id='word_1_9' title='bbox 276 489 435 556; x_wconf 86' lang='grc' dir='ltr'>Σιὼν,</span> <span class='ocrx_word' id='word_1_10' title='bbox 479 493 570 545; x_wconf 71' lang='grc' dir='ltr'>καὶ</span> <span class='ocrx_word' id='word_1_11' title='bbox 598 490 732 563; x_wconf 75' lang='grc' dir='ltr'>οὖσῃ</span> <span class='ocrx_word' id='word_1_12' title='bbox 787 493 1101 566; x_wconf 82' lang='grc' dir='ltr'>ὲνθειοτάτῃ</span> <span class='ocrx_word' id='word_1_13' title='bbox 1140 494 1445 564; x_wconf 76' lang='grc' dir='ltr'><strong>προγνώσει</strong></span> <span class='ocrx_word' id='word_1_14' title='bbox 1472 497 1568 566; x_wconf 74' lang='grc' dir='ltr'>τῆς</span> <span class='ocrx_word' id='word_1_15' title='bbox 1605 498 1767 566; x_wconf 78' lang='grc' dir='ltr'>αὐτῆς</span> 
     </span>
    </p>
   </div>
   <div class='ocr_carea' id='block_1_6' title="bbox 1872 489 3454 569">
    <p class='ocr_par' dir='ltr' id='par_1_6' title="bbox 1880 496 3454 569">
     <span class='ocr_line' id='line_1_6' title="bbox 1880 496 3454 569; baseline 0.003 -17"><span class='ocrx_word' id='word_1_16' title='bbox 1880 502 2088 569; x_wconf 83' lang='lat' dir='ltr'><strong>sagium</strong></span> <span class='ocrx_word' id='word_1_17' title='bbox 2123 501 2413 566; x_wconf 85' lang='lat' dir='ltr'><strong>incolatus,</strong></span> <span class='ocrx_word' id='word_1_18' title='bbox 2442 505 2497 553; x_wconf 89' lang='lat' dir='ltr'><strong>ct</strong></span> <span class='ocrx_word' id='word_1_19' title='bbox 2529 497 2874 565; x_wconf 81' lang='lat' dir='ltr'><strong>operationis</strong></span> <span class='ocrx_word' id='word_1_20' title='bbox 2902 496 3104 554; x_wconf 76' lang='lat' dir='ltr'><strong>viviﬁci</strong></span> <span class='ocrx_word' id='word_1_21' title='bbox 3141 506 3197 552; x_wconf 81' lang='lat' dir='ltr'><strong>ct</strong></span> <span class='ocrx_word' id='word_1_22' title='bbox 3224 502 3454 556; x_wconf 84' lang='lat' dir='ltr'><strong>sanctis-</strong></span> 
     </span>
    </p>
   </div>
   <div class='ocr_carea' id='block_1_7' title="bbox 196 582 1772 654">
    <p class='ocr_par' dir='ltr' id='par_1_7' title="bbox 196 582 1772 654">
     <span class='ocr_line' id='line_1_7' title="bbox 196 582 1772 654; baseline 0.005 -22"><span class='ocrx_word' id='word_1_23' title='bbox 196 582 589 652; x_wconf 79' lang='grc' dir='ltr'>μετοικήσεως,</span> <span class='ocrx_word' id='word_1_24' title='bbox 632 583 727 635; x_wconf 83' lang='grc' dir='ltr'>καὶ</span> <span class='ocrx_word' id='word_1_25' title='bbox 778 582 839 647; x_wconf 78' lang='grc' dir='ltr'><strong>ἐξ</strong></span> <span class='ocrx_word' id='word_1_26' title='bbox 874 585 1155 654; x_wconf 77' lang='grc' dir='ltr'><strong>ἐνεργείας</strong></span> <span class='ocrx_word' id='word_1_27' title='bbox 1194 584 1307 654; x_wconf 84' lang='grc'>(57)</span> <span class='ocrx_word' id='word_1_28' title='bbox 1355 584 1623 648; x_wconf 75' lang='grc' dir='ltr'>ζωοποιοῦ</span> <span class='ocrx_word' id='word_1_29' title='bbox 1677 588 1772 641; x_wconf 79' lang='grc' dir='ltr'>καὶ</span> 
     </span>
    </p>
   </div>
   <div class='ocr_carea' id='block_1_8' title="bbox 194 673 1773 746">
    <p class='ocr_par' dir='ltr' id='par_1_8' title="bbox 194 673 1773 746">
     <span class='ocr_line' id='line_1_8' title="bbox 194 673 1773 746; baseline 0.004 -21"><span class='ocrx_word' id='word_1_30' title='bbox 194 673 462 742; x_wconf 70' lang='grc' dir='ltr'><strong>παναιτίου</strong></span> <span class='ocrx_word' id='word_1_31' title='bbox 503 674 816 743; x_wconf 87' lang='grc' dir='ltr'>Πνεύματος</span> <span class='ocrx_word' id='word_1_32' title='bbox 869 675 1241 745; x_wconf 85' lang='grc' dir='ltr'>προοραθεῖσα</span> <span class='ocrx_word' id='word_1_33' title='bbox 1295 680 1390 731; x_wconf 74' lang='grc' dir='ltr'><strong>καὶ</strong></span> <span class='ocrx_word' id='word_1_34' title='bbox 1440 679 1773 746; x_wconf 81' lang='grc' dir='ltr'>ἐκφανθεῖσα</span> 
     </span>
    </p>
   </div>
   <div class='ocr_carea' id='block_1_9' title="bbox 193 760 1771 840">
    <p class='ocr_par' dir='ltr' id='par_1_9' title="bbox 193 760 1771 840">
     <span class='ocr_line' id='line_1_9' title="bbox 193 760 1771 840; baseline 0.004 -24"><span class='ocrx_word' id='word_1_35' title='bbox 193 763 570 835; x_wconf 70' lang='grc' dir='ltr'>ὑποφητικῶς,</span> <span class='ocrx_word' id='word_1_36' title='bbox 621 768 680 818; x_wconf 83' lang='grc' dir='ltr'>ὲν</span> <span class='ocrx_word' id='word_1_37' title='bbox 708 760 743 839; x_wconf 80' lang='grc' dir='ltr'>ᾗ</span> <span class='ocrx_word' id='word_1_38' title='bbox 780 764 973 834; x_wconf 80' lang='grc' dir='ltr'>ψεῦδος</span> <span class='ocrx_word' id='word_1_39' title='bbox 1005 767 1069 819; x_wconf 83' lang='grc' dir='ltr'><strong>οὐ</strong></span> <span class='ocrx_word' id='word_1_40' title='bbox 1098 768 1531 837; x_wconf 82' lang='grc' dir='ltr'>προσεπέλασεν,</span> <span class='ocrx_word' id='word_1_41' title='bbox 1591 770 1706 822; x_wconf 82' lang='grc' dir='ltr'>ἀλλ’</span> <span class='ocrx_word' id='word_1_42' title='bbox 1738 771 1771 840; x_wconf 82' lang='grc' dir='ltr'>ἡ</span> 
     </span>
    </p>
   </div>
   <div class='ocr_carea' id='block_1_10' title="bbox 193 852 1771 924">
    <p class='ocr_par' dir='ltr' id='par_1_10' title="bbox 193 852 1771 924">
     <span class='ocr_line' id='line_1_10' title="bbox 193 852 1771 924; baseline 0.005 -19"><span class='ocrx_word' id='word_1_43' title='bbox 193 852 330 923; x_wconf 86' lang='grc' dir='ltr'>μόνη</span> <span class='ocrx_word' id='word_1_44' title='bbox 361 854 701 924; x_wconf 84' lang='grc' dir='ltr'>παναληθινὴ</span> <span class='ocrx_word' id='word_1_45' title='bbox 728 855 992 919; x_wconf 80' lang='grc' dir='ltr'>ζωοποιὸς</span> <span class='ocrx_word' id='word_1_46' title='bbox 1040 856 1156 920; x_wconf 74' lang='grc' dir='ltr'>όδδς</span> <span class='ocrx_word' id='word_1_47' title='bbox 1198 856 1398 911; x_wconf 83' lang='grc' dir='ltr'>ὥδευσε</span> <span class='ocrx_word' id='word_1_48' title='bbox 1429 860 1524 911; x_wconf 74' lang='grc' dir='ltr'>καὶ</span> <span class='ocrx_word' id='word_1_49' title='bbox 1583 861 1642 912; x_wconf 80' lang='grc' dir='ltr'>ἐν</span> <span class='ocrx_word' id='word_1_50' title='bbox 1670 861 1771 914; x_wconf 79' lang='grc' dir='ltr'><strong>αὺ-</strong></span> 
     </span>
    </p>
   </div>
   <div class='ocr_carea' id='block_1_11' title="bbox 191 940 1771 1021">
    <p class='ocr_par' dir='ltr' id='par_1_11' title="bbox 191 940 1771 1021">
     <span class='ocr_line' id='line_1_11' title="bbox 191 940 1771 1021; baseline 0.006 -26"><span class='ocrx_word' id='word_1_51' title='bbox 191 945 254 1013; x_wconf 77' lang='grc' dir='ltr'>τῇ</span> <span class='ocrx_word' id='word_1_52' title='bbox 291 940 425 1013; x_wconf 76' lang='grc' dir='ltr'>ἦρεν</span> <span class='ocrx_word' id='word_1_53' title='bbox 464 945 611 1014; x_wconf 79' lang='grc' dir='ltr'>ἡμᾶς</span> <span class='ocrx_word' id='word_1_54' title='bbox 669 946 805 1015; x_wconf 85' lang='grc' dir='ltr'>πρὸς</span> <span class='ocrx_word' id='word_1_55' title='bbox 839 945 931 1000; x_wconf 81' lang='grc' dir='ltr'><strong>τὸν</strong></span> <span class='ocrx_word' id='word_1_56' title='bbox 985 947 1208 1017; x_wconf 82' lang='grc' dir='ltr'>Πατέρα</span> <span class='ocrx_word' id='word_1_57' title='bbox 1259 948 1426 1002; x_wconf 80' lang='grc' dir='ltr'>αὐτοῦ</span> <span class='ocrx_word' id='word_1_58' title='bbox 1480 951 1508 1002; x_wconf 99' lang='lat'><strong>6</strong></span> <span class='ocrx_word' id='word_1_59' title='bbox 1568 950 1771 1021; x_wconf 85' lang='grc' dir='ltr'>Κύριος</span> 
     </span>
    </p>
   </div>
   <div class='ocr_carea' id='block_1_12' title="bbox 192 1036 1770 1112">
    <p class='ocr_par' dir='ltr' id='par_1_12' title="bbox 192 1036 1770 1112">
     <span class='ocr_line' id='line_1_12' title="bbox 192 1036 1770 1112; baseline 0.006 -26"><span class='ocrx_word' id='word_1_60' title='bbox 192 1036 348 1104; x_wconf 79' lang='grc' dir='ltr'>ἡμῶν</span> <span class='ocrx_word' id='word_1_61' title='bbox 369 1036 463 1089; x_wconf 77' lang='grc' dir='ltr'><strong>καὶ</strong></span> <span class='ocrx_word' id='word_1_62' title='bbox 489 1036 643 1100; x_wconf 83' lang='grc' dir='ltr'>Θεὸς,</span> <span class='ocrx_word' id='word_1_63' title='bbox 666 1038 891 1106; x_wconf 80' lang='grc' dir='ltr'>φάσκων</span> <span class='ocrx_word' id='word_1_64' title='bbox 922 1039 980 1092; x_wconf 81' lang='grc' dir='ltr'>ἐν</span> <span class='ocrx_word' id='word_1_65' title='bbox 998 1041 1353 1110; x_wconf 83' lang='grc' dir='ltr'>Εύαγγελίοις</span> <span class='ocrx_word' id='word_1_66' title='bbox 1373 1057 1387 1071; x_wconf 89' lang='grc'><strong>·</strong></span> <span class='ocrx_word' id='word_1_67' title='bbox 1427 1060 1446 1093; x_wconf 77' lang='grc' dir='ltr'><strong>ι</strong></span> <span class='ocrx_word' id='word_1_68' title='bbox 1494 1043 1636 1111; x_wconf 83' lang='grc' dir='ltr'><strong>Ἐγὼ</strong></span> <span class='ocrx_word' id='word_1_69' title='bbox 1652 1045 1770 1112; x_wconf 84' lang='grc' dir='ltr'>εἰμι</span> 
     </span>
    </p>
   </div>
   <div class='ocr_carea' id='block_1_13' title="bbox 190 1126 1771 1204">
    <p class='ocr_par' dir='ltr' id='par_1_13' title="bbox 190 1126 1771 1204">
     <span class='ocr_line' id='line_1_13' title="bbox 190 1126 1771 1204; baseline 0.005 -27"><span class='ocrx_word' id='word_1_70' title='bbox 190 1128 223 1194; x_wconf 83' lang='grc' dir='ltr'><strong>η</strong></span> <span class='ocrx_word' id='word_1_71' title='bbox 252 1126 367 1189; x_wconf 73' lang='grc' dir='ltr'>ὁδ’,ς</span> <span class='ocrx_word' id='word_1_72' title='bbox 400 1129 493 1179; x_wconf 73' lang='grc' dir='ltr'>καὶ</span> <span class='ocrx_word' id='word_1_73' title='bbox 516 1129 549 1198; x_wconf 78' lang='grc' dir='ltr'><strong>ὴ</strong></span> <span class='ocrx_word' id='word_1_74' title='bbox 581 1128 810 1198; x_wconf 78' lang='grc' dir='ltr'>ἀλήθεια</span> <span class='ocrx_word' id='word_1_75' title='bbox 831 1130 925 1182; x_wconf 75' lang='grc' dir='ltr'><strong>καὶ</strong></span> <span class='ocrx_word' id='word_1_76' title='bbox 953 1132 985 1201; x_wconf 78' lang='grc' dir='ltr'>ἡ</span> <span class='ocrx_word' id='word_1_77' title='bbox 1019 1129 1155 1201; x_wconf 78' lang='grc' dir='ltr'>ζωή.</span> <span class='ocrx_word' id='word_1_78' title='bbox 1182 1132 1370 1195; x_wconf 78' lang='grc' dir='ltr'>Οὐδεὶς</span> <span class='ocrx_word' id='word_1_79' title='bbox 1394 1132 1771 1204; x_wconf 75' lang='grc' dir='ltr'>ἐρχεταιπρὸς</span> 
     </span>
    </p>
   </div>
   <div class='ocr_carea' id='block_1_14' title="bbox 188 1216 1769 1295">
    <p class='ocr_par' dir='ltr' id='par_1_14' title="bbox 188 1216 1769 1295">
     <span class='ocr_line' id='line_1_14' title="bbox 188 1216 1769 1295; baseline 0.006 -27"><span class='ocrx_word' id='word_1_80' title='bbox 188 1216 277 1268; x_wconf 71' lang='grc' dir='ltr'>τὸν</span> <span class='ocrx_word' id='word_1_81' title='bbox 308 1218 525 1289; x_wconf 79' lang='grc' dir='ltr'><strong>Πατέρα</strong></span> <span class='ocrx_word' id='word_1_82' title='bbox 547 1220 596 1271; x_wconf 89' lang='grc' dir='ltr'><strong>εἰ</strong></span> <span class='ocrx_word' id='word_1_83' title='bbox 619 1220 695 1289; x_wconf 87' lang='grc' dir='ltr'>μὴ</span> <span class='ocrx_word' id='word_1_84' title='bbox 710 1220 778 1272; x_wconf 89' lang='grc' dir='ltr'>δι’</span> <span class='ocrx_word' id='word_1_85' title='bbox 804 1221 961 1292; x_wconf 77' lang='grc' dir='ltr'>ἐμοῦ.</span> <span class='ocrx_word' id='word_1_86' title='bbox 1000 1241 1019 1273; x_wconf 83' lang='grc'><strong>›</strong></span> <span class='ocrx_word' id='word_1_87' title='bbox 1074 1223 1217 1293; x_wconf 84' lang='grc' dir='ltr'>Πρὸς</span> <span class='ocrx_word' id='word_1_88' title='bbox 1243 1224 1311 1294; x_wconf 83' lang='grc' dir='ltr'>ἣν</span> <span class='ocrx_word' id='word_1_89' title='bbox 1340 1225 1433 1277; x_wconf 79' lang='grc' dir='ltr'><strong>καὶ</strong></span> <span class='ocrx_word' id='word_1_90' title='bbox 1463 1228 1769 1295; x_wconf 81' lang='grc' dir='ltr'>παραγενὸ-</span> 
     </span>
    </p>
   </div>
   <div class='ocr_carea' id='block_1_15' title="bbox 189 1309 1770 1387">
    <p class='ocr_par' dir='ltr' id='par_1_15' title="bbox 189 1309 1770 1387">
     <span class='ocr_line' id='line_1_15' title="bbox 189 1309 1770 1387; baseline 0.006 -28"><span class='ocrx_word' id='word_1_91' title='bbox 189 1325 343 1377; x_wconf 88' lang='grc' dir='ltr'>μενοι</span> <span class='ocrx_word' id='word_1_92' title='bbox 403 1309 825 1378; x_wconf 84' lang='grc' dir='ltr'>ἀρχαγγελικῶς</span> <span class='ocrx_word' id='word_1_93' title='bbox 871 1313 1211 1384; x_wconf 76' lang='grc' dir='ltr'>ὲχαιρέτιζον</span> <span class='ocrx_word' id='word_1_94' title='bbox 1265 1314 1365 1385; x_wconf 79' lang='grc' dir='ltr'>τὴν</span> <span class='ocrx_word' id='word_1_95' title='bbox 1421 1316 1770 1387; x_wconf 82' lang='grc' dir='ltr'>πανύμνητον</span> 
     </span>
    </p>
   </div>
   <div class='ocr_carea' id='block_1_16' title="bbox 187 1397 1770 1476">
    <p class='ocr_par' dir='ltr' id='par_1_16' title="bbox 187 1397 1770 1476">
     <span class='ocr_line' id='line_1_16' title="bbox 187 1397 1770 1476; baseline 0.006 -25"><span class='ocrx_word' id='word_1_96' title='bbox 187 1397 531 1471; x_wconf 82' lang='grc' dir='ltr'>Θεομήτορα,</span> <span class='ocrx_word' id='word_1_97' title='bbox 558 1402 653 1455; x_wconf 72' lang='grc' dir='ltr'>καὶ</span> <span class='ocrx_word' id='word_1_98' title='bbox 689 1401 763 1464; x_wconf 88' lang='grc' dir='ltr'>ὡς</span> <span class='ocrx_word' id='word_1_99' title='bbox 796 1402 1082 1472; x_wconf 74' lang='grc' dir='ltr'><strong>μέλλοντες</strong></span> <span class='ocrx_word' id='word_1_100' title='bbox 1119 1405 1447 1476; x_wconf 60' lang='grc' dir='ltr'>προπέμψαι</span> <span class='ocrx_word' id='word_1_101' title='bbox 1478 1407 1615 1475; x_wconf 84' lang='grc' dir='ltr'>πρὸς</span> <span class='ocrx_word' id='word_1_102' title='bbox 1654 1406 1770 1459; x_wconf 81' lang='grc' dir='ltr'><strong>Κύ-</strong></span> 
     </span>
    </p>
   </div>
   <div class='ocr_carea' id='block_1_17' title="bbox 189 1488 1770 1564">
    <p class='ocr_par' dir='ltr' id='par_1_17' title="bbox 189 1488 1770 1564">
     <span class='ocr_line' id='line_1_17' title="bbox 189 1488 1770 1564; baseline 0.006 -24"><span class='ocrx_word' id='word_1_103' title='bbox 189 1506 305 1558; x_wconf 89' lang='grc' dir='ltr'>ριον</span> <span class='ocrx_word' id='word_1_104' title='bbox 335 1488 426 1541; x_wconf 81' lang='grc' dir='ltr'><strong>τὸν</strong></span> <span class='ocrx_word' id='word_1_105' title='bbox 455 1492 552 1543; x_wconf 77' lang='grc' dir='ltr'><strong>σὺν</strong></span> <span class='ocrx_word' id='word_1_106' title='bbox 582 1492 721 1563; x_wconf 74' lang='grc' dir='ltr'>αὐτῇ</span> <span class='ocrx_word' id='word_1_107' title='bbox 748 1493 1180 1564; x_wconf 79' lang='grc' dir='ltr'><strong>προπεμφθέντα</strong></span> <span class='ocrx_word' id='word_1_108' title='bbox 1209 1495 1303 1547; x_wconf 81' lang='grc' dir='ltr'>ὑπ’</span> <span class='ocrx_word' id='word_1_109' title='bbox 1331 1496 1513 1549; x_wconf 81' lang='grc' dir='ltr'>αὐτῶν</span> <span class='ocrx_word' id='word_1_110' title='bbox 1556 1500 1637 1561; x_wconf 84' lang='grc' dir='ltr'><strong>εἰς</strong></span> <span class='ocrx_word' id='word_1_111' title='bbox 1679 1499 1770 1550; x_wconf 77' lang='lat'><strong>06-</strong></span> 
     </span>
    </p>
   </div>
   <div class='ocr_carea' id='block_1_18' title="bbox 188 1582 1769 1658">
    <p class='ocr_par' dir='ltr' id='par_1_18' title="bbox 188 1582 1769 1658">
     <span class='ocr_line' id='line_1_18' title="bbox 188 1582 1769 1658; baseline 0.003 -23"><span class='ocrx_word' id='word_1_112' title='bbox 188 1583 405 1652; x_wconf 73' lang='grc' dir='ltr'>ρανοὺς,</span> <span class='ocrx_word' id='word_1_113' title='bbox 434 1582 561 1646; x_wconf 82' lang='grc' dir='ltr'>τοὺς</span> <span class='ocrx_word' id='word_1_114' title='bbox 592 1586 653 1636; x_wconf 81' lang='grc' dir='ltr'>ὲκ</span> <span class='ocrx_word' id='word_1_115' title='bbox 692 1584 843 1649; x_wconf 80' lang='grc' dir='ltr'>θείας</span> <span class='ocrx_word' id='word_1_116' title='bbox 870 1586 1092 1656; x_wconf 82' lang='grc' dir='ltr'>χάριτος</span> <span class='ocrx_word' id='word_1_117' title='bbox 1132 1588 1515 1657; x_wconf 84' lang='grc' dir='ltr'>προπομπίους</span> <span class='ocrx_word' id='word_1_118' title='bbox 1565 1587 1769 1658; x_wconf 76' lang='grc' dir='ltr'>ὕμνους</span> 
     </span>
    </p>
   </div>
   <div class='ocr_carea' id='block_1_19' title="bbox 188 1675 1766 1747">
    <p class='ocr_par' dir='ltr' id='par_1_19' title="bbox 188 1675 1766 1747">
     <span class='ocr_line' id='line_1_19' title="bbox 188 1675 1766 1747; baseline 0.003 -20"><span class='ocrx_word' id='word_1_119' title='bbox 188 1675 665 1746; x_wconf 77' lang='grc' dir='ltr'>εὐαγγελιζόμενοι</span> <span class='ocrx_word' id='word_1_120' title='bbox 681 1677 838 1746; x_wconf 75' lang='grc' dir='ltr'>αὐτῇ,</span> <span class='ocrx_word' id='word_1_121' title='bbox 870 1676 1153 1740; x_wconf 86' lang='grc' dir='ltr'>οἰονείπως</span> <span class='ocrx_word' id='word_1_122' title='bbox 1169 1676 1416 1743; x_wconf 77' lang='grc' dir='ltr'>εἰκότως,</span> <span class='ocrx_word' id='word_1_123' title='bbox 1446 1677 1766 1747; x_wconf 72' lang='grc' dir='ltr'>φάσκοντεςο</span> 
     </span>
    </p>
   </div>
   <div class='ocr_carea' id='block_1_20' title="bbox 1875 591 3454 667">
    <p class='ocr_par' dir='ltr' id='par_1_20' title="bbox 1875 591 3454 667">
     <span class='ocr_line' id='line_1_20' title="bbox 1875 591 3454 667; baseline 0.001 -22"><span class='ocrx_word' id='word_1_124' title='bbox 1875 591 1997 645; x_wconf 77' lang='lat' dir='ltr'><strong>sEmi</strong></span> <span class='ocrx_word' id='word_1_125' title='bbox 2038 591 2319 661; x_wconf 78' lang='lat' dir='ltr'><strong>Spiritus;</strong></span> <span class='ocrx_word' id='word_1_126' title='bbox 2384 597 2452 652; x_wconf 86' lang='lat' dir='ltr'><strong>ad</strong></span> <span class='ocrx_word' id='word_1_127' title='bbox 2494 609 2655 667; x_wconf 88' lang='lat' dir='ltr'><strong>quam</strong></span> <span class='ocrx_word' id='word_1_128' title='bbox 2694 598 2911 658; x_wconf 86' lang='lat' dir='ltr'><strong>portam</strong></span> <span class='ocrx_word' id='word_1_129' title='bbox 2960 591 3173 643; x_wconf 87' lang='lat' dir='ltr'><strong>nullum</strong></span> <span class='ocrx_word' id='word_1_130' title='bbox 3216 593 3454 646; x_wconf 84' lang='lat' dir='ltr'><strong>accessit</strong></span> 
     </span>
    </p>
   </div>
   <div class='ocr_carea' id='block_1_21' title="bbox 1874 680 3454 747">
    <p class='ocr_par' dir='ltr' id='par_1_21' title="bbox 1874 680 3454 747">
     <span class='ocr_line' id='line_1_21' title="bbox 1874 680 3454 747; baseline 0.002 -14"><span class='ocrx_word' id='word_1_131' title='bbox 1874 682 2249 747; x_wconf 79' lang='lat' dir='ltr'><strong>mendacium,</strong></span> <span class='ocrx_word' id='word_1_132' title='bbox 2279 683 2376 737; x_wconf 90' lang='lat' dir='ltr'><strong>sed</strong></span> <span class='ocrx_word' id='word_1_133' title='bbox 2429 682 2543 735; x_wconf 89' lang='lat' dir='ltr'><strong>sola</strong></span> <span class='ocrx_word' id='word_1_134' title='bbox 2575 690 2630 735; x_wconf 86' lang='lat' dir='ltr'><strong>et</strong></span> <span class='ocrx_word' id='word_1_135' title='bbox 2662 681 2948 735; x_wconf 84' lang='lat' dir='ltr'><strong>verissima</strong></span> <span class='ocrx_word' id='word_1_136' title='bbox 2999 680 3322 734; x_wconf 80' lang='lat' dir='ltr'><strong>viviﬁcatrix</strong></span> <span class='ocrx_word' id='word_1_137' title='bbox 3365 684 3454 736; x_wconf 82' lang='lat' dir='ltr'><strong>via</strong></span> 
     </span>
    </p>
   </div>
   <div class='ocr_carea' id='block_1_22' title="bbox 1873 769 3451 842">
    <p class='ocr_par' dir='ltr' id='par_1_22' title="bbox 1873 769 3451 842">
     <span class='ocr_line' id='line_1_22' title="bbox 1873 769 3451 842; baseline -0.001 -17"><span class='ocrx_word' id='word_1_138' title='bbox 1873 787 1975 840; x_wconf 90' lang='lat' dir='ltr'><strong>per</strong></span> <span class='ocrx_word' id='word_1_139' title='bbox 2019 787 2141 825; x_wconf 87' lang='lat' dir='ltr'><strong>eam</strong></span> <span class='ocrx_word' id='word_1_140' title='bbox 2180 772 2468 842; x_wconf 76' lang='lat' dir='ltr'><strong>processit,</strong></span> <span class='ocrx_word' id='word_1_141' title='bbox 2500 781 2556 825; x_wconf 89' lang='lat' dir='ltr'><strong>et</strong></span> <span class='ocrx_word' id='word_1_142' title='bbox 2600 787 2700 841; x_wconf 89' lang='lat' dir='ltr'><strong>per</strong></span> <span class='ocrx_word' id='word_1_143' title='bbox 2732 769 2907 840; x_wconf 87' lang='lat' dir='ltr'><strong>ipsam</strong></span> <span class='ocrx_word' id='word_1_144' title='bbox 2966 784 3070 824; x_wconf 90' lang='lat' dir='ltr'><strong>nos</strong></span> <span class='ocrx_word' id='word_1_145' title='bbox 3132 770 3199 824; x_wconf 89' lang='lat' dir='ltr'><strong>ad</strong></span> <span class='ocrx_word' id='word_1_146' title='bbox 3233 771 3451 825; x_wconf 85' lang='lat' dir='ltr'><strong>Patrem</strong></span> 
     </span>
    </p>
   </div>
   <div class='ocr_carea' id='block_1_23' title="bbox 1873 860 3454 929">
    <p class='ocr_par' dir='ltr' id='par_1_23' title="bbox 1873 860 3454 929">
     <span class='ocr_line' id='line_1_23' title="bbox 1873 860 3454 929; baseline -0.001 -14"><span class='ocrx_word' id='word_1_147' title='bbox 1873 877 2034 916; x_wconf 90' lang='lat' dir='ltr'><strong>suum</strong></span> <span class='ocrx_word' id='word_1_148' title='bbox 2068 862 2299 917; x_wconf 76' lang='lat' dir='ltr'><strong>adduxit</strong></span> <span class='ocrx_word' id='word_1_149' title='bbox 2339 863 2612 917; x_wconf 88' lang='lat' dir='ltr'><strong>Dominus</strong></span> <span class='ocrx_word' id='word_1_150' title='bbox 2659 868 2852 915; x_wconf 86' lang='lat' dir='ltr'><strong>noster</strong></span> <span class='ocrx_word' id='word_1_151' title='bbox 2879 870 2935 915; x_wconf 90' lang='lat' dir='ltr'><strong>et</strong></span> <span class='ocrx_word' id='word_1_152' title='bbox 2965 861 3146 924; x_wconf 83' lang='lat' dir='ltr'><strong>Deus,</strong></span> <span class='ocrx_word' id='word_1_153' title='bbox 3177 861 3271 929; x_wconf 92' lang='lat' dir='ltr'><strong>qui</strong></span> <span class='ocrx_word' id='word_1_154' title='bbox 3316 860 3454 915; x_wconf 82' lang='lat' dir='ltr'><strong>dicit</strong></span> 
     </span>
    </p>
   </div>
   <div class='ocr_carea' id='block_1_24' title="bbox 1874 952 3454 1025">
    <p class='ocr_par' dir='ltr' id='par_1_24' title="bbox 1874 952 3454 1025">
     <span class='ocr_line' id='line_1_24' title="bbox 1874 952 3454 1025; baseline 0.001 -19"><span class='ocrx_word' id='word_1_155' title='bbox 1874 953 1929 1006; x_wconf 92' lang='lat' dir='ltr'><strong>in</strong></span> <span class='ocrx_word' id='word_1_156' title='bbox 1954 954 2253 1025; x_wconf 78' lang='lat' dir='ltr'><strong>Evangelia</strong></span> <span class='ocrx_word' id='word_1_157' title='bbox 2277 972 2294 1011; x_wconf 91' lang='lat'><strong>:</strong></span> <span class='ocrx_word' id='word_1_158' title='bbox 2321 976 2339 1007; x_wconf 81' lang='grc' dir='ltr'><strong>ι</strong></span> <span class='ocrx_word' id='word_1_159' title='bbox 2385 956 2498 1025; x_wconf 86' lang='lat' dir='ltr'><strong>Ego</strong></span> <span class='ocrx_word' id='word_1_160' title='bbox 2530 969 2651 1008; x_wconf 91' lang='lat' dir='ltr'><strong>sum</strong></span> <span class='ocrx_word' id='word_1_161' title='bbox 2674 954 2763 1008; x_wconf 88' lang='lat' dir='ltr'><strong>via</strong></span> <span class='ocrx_word' id='word_1_162' title='bbox 2784 994 2798 1017; x_wconf 96' lang='lat'><strong>,</strong></span> <span class='ocrx_word' id='word_1_163' title='bbox 2835 955 3063 1017; x_wconf 78' lang='lat' dir='ltr'><strong>veritas,</strong></span> <span class='ocrx_word' id='word_1_164' title='bbox 3092 962 3148 1007; x_wconf 91' lang='lat' dir='ltr'><strong>et</strong></span> <span class='ocrx_word' id='word_1_165' title='bbox 3184 952 3331 1016; x_wconf 89' lang='lat' dir='ltr'><strong>vita;</strong></span> <span class='ocrx_word' id='word_1_166' title='bbox 3357 968 3454 1009; x_wconf 87' lang='lat' dir='ltr'><strong>ne-</strong></span> 
     </span>
    </p>
   </div>
   <div class='ocr_carea' id='block_1_25' title="bbox 1872 1042 3453 1115">
    <p class='ocr_par' dir='ltr' id='par_1_25' title="bbox 1872 1042 3453 1115">
     <span class='ocr_line' id='line_1_25' title="bbox 1872 1042 3453 1115; baseline -0.003 -15"><span class='ocrx_word' id='word_1_167' title='bbox 1872 1062 1962 1100; x_wconf 90' lang='lat' dir='ltr'><strong>mo</strong></span> <span class='ocrx_word' id='word_1_168' title='bbox 2008 1046 2116 1100; x_wconf 88' lang='lat' dir='ltr'><strong>nisi</strong></span> <span class='ocrx_word' id='word_1_169' title='bbox 2154 1063 2253 1115; x_wconf 90' lang='lat' dir='ltr'><strong>per</strong></span> <span class='ocrx_word' id='word_1_170' title='bbox 2297 1062 2385 1101; x_wconf 90' lang='lat' dir='ltr'><strong>me</strong></span> <span class='ocrx_word' id='word_1_171' title='bbox 2420 1047 2575 1100; x_wconf 80' lang='lat' dir='ltr'><strong>venit</strong></span> <span class='ocrx_word' id='word_1_172' title='bbox 2617 1045 2686 1099; x_wconf 88' lang='lat' dir='ltr'><strong>ad</strong></span> <span class='ocrx_word' id='word_1_173' title='bbox 2715 1045 2934 1098; x_wconf 84' lang='lat' dir='ltr'><strong>Patrem</strong></span> <span class='ocrx_word' id='word_1_174' title='bbox 2969 1043 3037 1096; x_wconf 76' lang='lat'><strong>“.</strong></span> <span class='ocrx_word' id='word_1_175' title='bbox 3076 1062 3094 1095; x_wconf 80' lang='grc' dir='ltr'><strong>ι</strong></span> <span class='ocrx_word' id='word_1_176' title='bbox 3145 1042 3227 1096; x_wconf 89' lang='lat' dir='ltr'><strong>Ad</strong></span> <span class='ocrx_word' id='word_1_177' title='bbox 3281 1057 3453 1111; x_wconf 85' lang='lat' dir='ltr'><strong>quam</strong></span> 
     </span>
    </p>
   </div>
   <div class='ocr_carea' id='block_1_26' title="bbox 1871 1130 3456 1203">
    <p class='ocr_par' dir='ltr' id='par_1_26' title="bbox 1871 1130 3456 1203">
     <span class='ocr_line' id='line_1_26' title="bbox 1871 1130 3456 1203; baseline -0.003 -14"><span class='ocrx_word' id='word_1_178' title='bbox 1871 1150 1997 1189; x_wconf 91' lang='lat' dir='ltr'><strong>cum</strong></span> <span class='ocrx_word' id='word_1_179' title='bbox 2024 1136 2412 1203; x_wconf 85' lang='lat' dir='ltr'><strong>pervenissent</strong></span> <span class='ocrx_word' id='word_1_180' title='bbox 2456 1132 2913 1202; x_wconf 88' lang='lat' dir='ltr'><strong>archangelorum</strong></span> <span class='ocrx_word' id='word_1_181' title='bbox 2968 1130 3135 1185; x_wconf 89' lang='lat' dir='ltr'><strong>modo</strong></span> <span class='ocrx_word' id='word_1_182' title='bbox 3192 1130 3456 1185; x_wconf 84' lang='lat' dir='ltr'><strong>omnibus</strong></span> 
     </span>
    </p>
   </div>
   <div class='ocr_carea' id='block_1_27' title="bbox 1871 1221 3453 1295">
    <p class='ocr_par' dir='ltr' id='par_1_27' title="bbox 1871 1221 3453 1295">
     <span class='ocr_line' id='line_1_27' title="bbox 1871 1221 3453 1295; baseline -0.003 -18"><span class='ocrx_word' id='word_1_183' title='bbox 1871 1224 2206 1278; x_wconf 87' lang='lat' dir='ltr'><strong>celebratam</strong></span> <span class='ocrx_word' id='word_1_184' title='bbox 2252 1224 2472 1295; x_wconf 79' lang='lat' dir='ltr'><strong>hymnis</strong></span> <span class='ocrx_word' id='word_1_185' title='bbox 2514 1223 2808 1291; x_wconf 86' lang='lat' dir='ltr'><strong>Deiparam</strong></span> <span class='ocrx_word' id='word_1_186' title='bbox 2854 1221 3187 1283; x_wconf 86' lang='lat' dir='ltr'><strong>salutarunt,</strong></span> <span class='ocrx_word' id='word_1_187' title='bbox 3224 1227 3280 1273; x_wconf 89' lang='lat' dir='ltr'><strong>et</strong></span> <span class='ocrx_word' id='word_1_188' title='bbox 3323 1235 3453 1274; x_wconf 90' lang='lat' dir='ltr'><strong>cum</strong></span> 
     </span>
    </p>
   </div>
   <div class='ocr_carea' id='block_1_28' title="bbox 1872 1310 3447 1379">
    <p class='ocr_par' dir='ltr' id='par_1_28' title="bbox 1872 1310 3447 1379">
     <span class='ocr_line' id='line_1_28' title="bbox 1872 1310 3447 1379; baseline -0.004 -11"><span class='ocrx_word' id='word_1_189' title='bbox 1872 1314 1927 1367; x_wconf 91' lang='lat' dir='ltr'><strong>in</strong></span> <span class='ocrx_word' id='word_1_190' title='bbox 1957 1329 2026 1368; x_wconf 93' lang='lat' dir='ltr'><strong>eo</strong></span> <span class='ocrx_word' id='word_1_191' title='bbox 2073 1323 2279 1379; x_wconf 85' lang='lat' dir='ltr'><strong>essent,</strong></span> <span class='ocrx_word' id='word_1_192' title='bbox 2312 1323 2374 1368; x_wconf 87' lang='lat' dir='ltr'><strong>u-t</strong></span> <span class='ocrx_word' id='word_1_193' title='bbox 2428 1314 2574 1367; x_wconf 87' lang='lat' dir='ltr'><strong>illam</strong></span> <span class='ocrx_word' id='word_1_194' title='bbox 2628 1312 2970 1367; x_wconf 89' lang='lat' dir='ltr'><strong>deducerent</strong></span> <span class='ocrx_word' id='word_1_195' title='bbox 3009 1310 3075 1364; x_wconf 91' lang='lat' dir='ltr'><strong>ad</strong></span> <span class='ocrx_word' id='word_1_196' title='bbox 3127 1310 3447 1372; x_wconf 90' lang='lat' dir='ltr'><strong>Dominum,</strong></span> 
     </span>
    </p>
   </div>
   <div class='ocr_carea' id='block_1_29' title="bbox 1869 1401 3450 1475">
    <p class='ocr_par' dir='ltr' id='par_1_29' title="bbox 1869 1401 3450 1475">
     <span class='ocr_line' id='line_1_29' title="bbox 1869 1401 3450 1475; baseline -0.003 -16"><span class='ocrx_word' id='word_1_197' title='bbox 1869 1420 2035 1475; x_wconf 89' lang='lat' dir='ltr'><strong>quem</strong></span> <span class='ocrx_word' id='word_1_198' title='bbox 2068 1414 2228 1460; x_wconf 86' lang='lat' dir='ltr'><strong>antea</strong></span> <span class='ocrx_word' id='word_1_199' title='bbox 2292 1414 2515 1461; x_wconf 88' lang='lat' dir='ltr'><strong>euntem</strong></span> <span class='ocrx_word' id='word_1_200' title='bbox 2578 1405 2632 1458; x_wconf 90' lang='lat' dir='ltr'><strong>in</strong></span> <span class='ocrx_word' id='word_1_201' title='bbox 2670 1403 2874 1458; x_wconf 68' lang='lat' dir='ltr'><strong>caelum</strong></span> <span class='ocrx_word' id='word_1_202' title='bbox 2926 1417 3052 1455; x_wconf 89' lang='lat' dir='ltr'><strong>cum</strong></span> <span class='ocrx_word' id='word_1_203' title='bbox 3100 1416 3165 1455; x_wconf 89' lang='lat' dir='ltr'><strong>ea</strong></span> <span class='ocrx_word' id='word_1_204' title='bbox 3202 1401 3450 1455; x_wconf 85' lang='lat' dir='ltr'><strong>comitati</strong></span> 
     </span>
    </p>
   </div>
   <div class='ocr_carea' id='block_1_30' title="bbox 1869 1490 3450 1565">
    <p class='ocr_par' dir='ltr' id='par_1_30' title="bbox 1869 1490 3450 1565">
     <span class='ocr_line' id='line_1_30' title="bbox 1869 1490 3450 1565; baseline -0.003 -17"><span class='ocrx_word' id='word_1_205' title='bbox 1869 1495 2110 1559; x_wconf 78' lang='lat' dir='ltr'><strong>fuerant,</strong></span> <span class='ocrx_word' id='word_1_206' title='bbox 2174 1495 2409 1565; x_wconf 86' lang='lat' dir='ltr'><strong>hymnos</strong></span> <span class='ocrx_word' id='word_1_207' title='bbox 2473 1492 2659 1547; x_wconf 89' lang='lat' dir='ltr'><strong>divina</strong></span> <span class='ocrx_word' id='word_1_208' title='bbox 2703 1492 2880 1562; x_wconf 87' lang='lat' dir='ltr'><strong>gratia</strong></span> <span class='ocrx_word' id='word_1_209' title='bbox 2937 1499 3240 1560; x_wconf 84' lang='lat' dir='ltr'><strong>conceptos</strong></span> <span class='ocrx_word' id='word_1_210' title='bbox 3304 1490 3450 1543; x_wconf 86' lang='lat' dir='ltr'><strong>inter</strong></span> 
     </span>
    </p>
   </div>
   <div class='ocr_carea' id='block_1_31' title="bbox 1871 1581 3449 1655">
    <p class='ocr_par' dir='ltr' id='par_1_31' title="bbox 1871 1581 3449 1655">
     <span class='ocr_line' id='line_1_31' title="bbox 1871 1581 3449 1655; baseline -0.004 -17"><span class='ocrx_word' id='word_1_211' title='bbox 1871 1585 2233 1655; x_wconf 64' lang='lat' dir='ltr'><strong>praeeundum</strong></span> <span class='ocrx_word' id='word_1_212' title='bbox 2277 1583 2645 1646; x_wconf 89' lang='lat' dir='ltr'><strong>concinendo,</strong></span> <span class='ocrx_word' id='word_1_213' title='bbox 2694 1583 2816 1637; x_wconf 68' lang='lat' dir='ltr'><strong>laeta</strong></span> <span class='ocrx_word' id='word_1_214' title='bbox 2849 1582 3137 1650; x_wconf 78' lang='lat' dir='ltr'><strong>faustaque</strong></span> <span class='ocrx_word' id='word_1_215' title='bbox 3188 1581 3449 1636; x_wconf 87' lang='lat' dir='ltr'><strong>nuntian-</strong></span> 
     </span>
    </p>
   </div>
   <div class='ocr_carea' id='block_1_32' title="bbox 1868 1671 3450 1740">
    <p class='ocr_par' dir='ltr' id='par_1_32' title="bbox 1868 1671 3450 1740">
     <span class='ocr_line' id='line_1_32' title="bbox 1868 1671 3450 1740; baseline -0.003 -9"><span class='ocrx_word' id='word_1_216' title='bbox 1868 1684 1973 1740; x_wconf 83' lang='lat' dir='ltr'><strong>tes,</strong></span> <span class='ocrx_word' id='word_1_217' title='bbox 2012 1688 2072 1733; x_wconf 90' lang='lat' dir='ltr'><strong>ut</strong></span> <span class='ocrx_word' id='word_1_218' title='bbox 2091 1687 2532 1732; x_wconf 89' lang='lat' dir='ltr'><strong>consentaneum</strong></span> <span class='ocrx_word' id='word_1_219' title='bbox 2555 1674 2679 1739; x_wconf 81' lang='lat' dir='ltr'><strong>fuit,</strong></span> <span class='ocrx_word' id='word_1_220' title='bbox 2705 1673 2761 1727; x_wconf 93' lang='lat' dir='ltr'><strong>in</strong></span> <span class='ocrx_word' id='word_1_221' title='bbox 2792 1674 2941 1728; x_wconf 89' lang='lat' dir='ltr'><strong>hunc</strong></span> <span class='ocrx_word' id='word_1_222' title='bbox 2969 1672 3086 1727; x_wconf 80' lang='lat' dir='ltr'><strong>fere</strong></span> <span class='ocrx_word' id='word_1_223' title='bbox 3117 1672 3342 1726; x_wconf 85' lang='lat' dir='ltr'><strong>modum</strong></span> <span class='ocrx_word' id='word_1_224' title='bbox 3363 1671 3450 1726; x_wconf 89' lang='lat' dir='ltr'><strong>di-</strong></span> 
     </span>
    </p>
   </div>
   <div class='ocr_carea' id='block_1_33' title="bbox 1869 1766 2107 1821">
    <p class='ocr_par' dir='ltr' id='par_1_33' title="bbox 1869 1766 2107 1821">
     <span class='ocr_line' id='line_1_33' title="bbox 1869 1766 2107 1821; baseline -0.004 0"><span class='ocrx_word' id='word_1_225' title='bbox 1869 1766 2107 1821; x_wconf 90' lang='lat' dir='ltr'><strong>cebant:</strong></span> 
     </span>
    </p>
   </div>
   <div class='ocr_carea' id='block_1_34' title="bbox 260 1824 1767 1927">
    <p class='ocr_par' dir='ltr' id='par_1_34' title="bbox 260 1824 1764 1927">
     <span class='ocr_line' id='line_1_34' title="bbox 260 1824 1764 1927; baseline 0.003 -24"><span class='ocrx_word' id='word_1_226' title='bbox 260 1851 313 1906; x_wconf 90' lang='lat' dir='ltr'><strong>l&#39;.</strong></span> <span class='ocrx_word' id='word_1_227' title='bbox 352 1824 604 1923; x_wconf 22' lang='lat' dir='ltr'><strong>Kal-pou,</strong></span> <span class='ocrx_word' id='word_1_228' title='bbox 642 1851 981 1924; x_wconf 75' lang='grc' dir='ltr'>περιπόθητε</span> <span class='ocrx_word' id='word_1_229' title='bbox 1005 1852 1145 1923; x_wconf 80' lang='grc' dir='ltr'>Θεῷ,</span> <span class='ocrx_word' id='word_1_230' title='bbox 1183 1852 1391 1925; x_wconf 77' lang='grc' dir='ltr'>ἔμψυχε</span> <span class='ocrx_word' id='word_1_231' title='bbox 1417 1853 1528 1927; x_wconf 78' lang='lat'><strong>(58)</strong></span> <span class='ocrx_word' id='word_1_232' title='bbox 1557 1854 1650 1908; x_wconf 87' lang='grc' dir='ltr'>ναὲ</span> <span class='ocrx_word' id='word_1_233' title='bbox 1670 1853 1764 1908; x_wconf 80' lang='grc' dir='ltr'>τοῦ</span> 
     </span>
    </p>
   </div>
   <div class='ocr_carea' id='block_1_35' title="bbox 1872 1824 3448 1927">
    <p class='ocr_par' dir='ltr' id='par_1_35' title="bbox 1940 1848 3448 1912">
     <span class='ocr_line' id='line_1_35' title="bbox 1940 1848 3448 1912; baseline -0.006 -2"><span class='ocrx_word' id='word_1_234' title='bbox 1940 1855 2008 1910; x_wconf 77' lang='grc' dir='ltr'>Χ.</span> <span class='ocrx_word' id='word_1_235' title='bbox 2054 1857 2167 1911; x_wconf 85' lang='lat' dir='ltr'><strong>Ave</strong></span> <span class='ocrx_word' id='word_1_236' title='bbox 2210 1857 2442 1911; x_wconf 90' lang='lat' dir='ltr'><strong>multum</strong></span> <span class='ocrx_word' id='word_1_237' title='bbox 2499 1855 2612 1908; x_wconf 91' lang='lat' dir='ltr'><strong>Deo</strong></span> <span class='ocrx_word' id='word_1_238' title='bbox 2659 1850 3066 1912; x_wconf 77' lang='lat' dir='ltr'><strong>desiderabilis.</strong></span> <span class='ocrx_word' id='word_1_239' title='bbox 3116 1849 3303 1903; x_wconf 85' lang='lat' dir='ltr'><strong>vivum</strong></span> <span class='ocrx_word' id='word_1_240' title='bbox 3362 1848 3448 1902; x_wconf 84' lang='lat' dir='ltr'><strong>in-</strong></span> 
     </span>
    </p>
   </div>
   <div class='ocr_carea' id='block_1_36' title="bbox 187 1938 1764 2014">
    <p class='ocr_par' dir='ltr' id='par_1_36' title="bbox 187 1938 1764 2014">
     <span class='ocr_line' id='line_1_36' title="bbox 187 1938 1764 2014; baseline 0.003 -18"><span class='ocrx_word' id='word_1_241' title='bbox 187 1943 473 2013; x_wconf 78' lang='grc' dir='ltr'>ἀχωρήτου</span> <span class='ocrx_word' id='word_1_242' title='bbox 512 1942 792 2012; x_wconf 80' lang='grc' dir='ltr'><strong>Ὑψίστου,</strong></span> <span class='ocrx_word' id='word_1_243' title='bbox 844 1945 902 1998; x_wconf 76' lang='grc' dir='ltr'>ὲν</span> <span class='ocrx_word' id='word_1_244' title='bbox 943 1938 987 2012; x_wconf 81' lang='grc' dir='ltr'>ᾧ</span> <span class='ocrx_word' id='word_1_245' title='bbox 1038 1946 1072 2014; x_wconf 79' lang='grc' dir='ltr'>ἡ</span> <span class='ocrx_word' id='word_1_246' title='bbox 1106 1945 1362 2009; x_wconf 79' lang='grc' dir='ltr'>ἀκτιστος</span> <span class='ocrx_word' id='word_1_247' title='bbox 1399 1947 1764 2011; x_wconf 78' lang='grc' dir='ltr'>ὲνυπόστατος</span> 
     </span>
    </p>
   </div>
   <div class='ocr_carea' id='block_1_37' title="bbox 190 2034 1766 2110">
    <p class='ocr_par' dir='ltr' id='par_1_37' title="bbox 190 2034 1766 2110">
     <span class='ocr_line' id='line_1_37' title="bbox 190 2034 1766 2110; baseline 0.003 -22"><span class='ocrx_word' id='word_1_248' title='bbox 190 2035 353 2103; x_wconf 82' lang='grc' dir='ltr'>σοφία</span> <span class='ocrx_word' id='word_1_249' title='bbox 386 2034 520 2088; x_wconf 85' lang='grc' dir='ltr'><strong>Θεοῦ</strong></span> <span class='ocrx_word' id='word_1_250' title='bbox 552 2035 764 2107; x_wconf 81' lang='grc' dir='ltr'>Πατρδς</span> <span class='ocrx_word' id='word_1_251' title='bbox 793 2037 1147 2107; x_wconf 80' lang='grc' dir='ltr'>ὲνοικήσασα,</span> <span class='ocrx_word' id='word_1_252' title='bbox 1179 2037 1498 2110; x_wconf 78' lang='grc' dir='ltr'>ᾠκοδόμησε</span> <span class='ocrx_word' id='word_1_253' title='bbox 1527 2040 1617 2092; x_wconf 81' lang='grc' dir='ltr'>τὸν</span> <span class='ocrx_word' id='word_1_254' title='bbox 1638 2039 1766 2092; x_wconf 84' lang='grc' dir='ltr'>ναὸν</span> 
     </span>
    </p>
   </div>
   <div class='ocr_carea' id='block_1_38' title="bbox 186 2127 1763 2200">
    <p class='ocr_par' dir='ltr' id='par_1_38' title="bbox 186 2127 1763 2200">
     <span class='ocr_line' id='line_1_38' title="bbox 186 2127 1763 2200; baseline 0.002 -21"><span class='ocrx_word' id='word_1_255' title='bbox 186 2129 281 2180; x_wconf 82' lang='grc' dir='ltr'>τοῦ</span> <span class='ocrx_word' id='word_1_256' title='bbox 314 2127 565 2197; x_wconf 84' lang='grc' dir='ltr'>σώματος</span> <span class='ocrx_word' id='word_1_257' title='bbox 610 2127 774 2180; x_wconf 78' lang='grc' dir='ltr'>αὐτοῦ</span> <span class='ocrx_word' id='word_1_258' title='bbox 821 2128 1056 2199; x_wconf 82' lang='grc' dir='ltr'>Χριστὸς</span> <span class='ocrx_word' id='word_1_259' title='bbox 1108 2131 1137 2184; x_wconf 85' lang='grc' dir='ltr'>ὁ</span> <span class='ocrx_word' id='word_1_260' title='bbox 1167 2128 1322 2195; x_wconf 81' lang='grc' dir='ltr'>Θεὸς,</span> <span class='ocrx_word' id='word_1_261' title='bbox 1352 2131 1381 2183; x_wconf 93' lang='lat'><strong>6</strong></span> <span class='ocrx_word' id='word_1_262' title='bbox 1410 2130 1510 2200; x_wconf 82' lang='grc' dir='ltr'>τὴν</span> <span class='ocrx_word' id='word_1_263' title='bbox 1548 2129 1763 2183; x_wconf 76' lang='grc' dir='ltr'><strong>¹ἑαυτοῦ</strong></span> 
     </span>
    </p>
   </div>
   <div class='ocr_carea' id='block_1_39' title="bbox 188 2216 1761 2290">
    <p class='ocr_par' dir='ltr' id='par_1_39' title="bbox 188 2216 1761 2290">
     <span class='ocr_line' id='line_1_39' title="bbox 188 2216 1761 2290; baseline 0.001 -20"><span class='ocrx_word' id='word_1_264' title='bbox 188 2216 493 2271; x_wconf 79' lang='grc' dir='ltr'>ἀνάπαυσιν</span> <span class='ocrx_word' id='word_1_265' title='bbox 520 2216 697 2287; x_wconf 83' lang='grc' dir='ltr'>εὑρὼν</span> <span class='ocrx_word' id='word_1_266' title='bbox 751 2218 808 2271; x_wconf 70' lang='grc' dir='ltr'><strong>ἐν</strong></span> <span class='ocrx_word' id='word_1_267' title='bbox 841 2218 925 2270; x_wconf 79' lang='grc' dir='ltr'>σοὶ</span> <span class='ocrx_word' id='word_1_268' title='bbox 962 2220 1043 2280; x_wconf 88' lang='grc' dir='ltr'><strong>εἰς</strong></span> <span class='ocrx_word' id='word_1_269' title='bbox 1070 2220 1417 2290; x_wconf 87' lang='grc' dir='ltr'>παγκόσμιον</span> <span class='ocrx_word' id='word_1_270' title='bbox 1446 2219 1722 2289; x_wconf 79' lang='grc' dir='ltr'><strong>σωτηρίαν</strong></span> <span class='ocrx_word' id='word_1_271' title='bbox 1743 2259 1761 2285; x_wconf 94' lang='grc'><strong>,</strong></span> 
     </span>
    </p>
   </div>
   <div class='ocr_carea' id='block_1_40' title="bbox 191 2307 1764 2379">
    <p class='ocr_par' dir='ltr' id='par_1_40' title="bbox 191 2307 1764 2379">
     <span class='ocr_line' id='line_1_40' title="bbox 191 2307 1764 2379; baseline 0.003 -20"><span class='ocrx_word' id='word_1_272' title='bbox 191 2308 284 2359; x_wconf 70' lang='grc' dir='ltr'>καὶ</span> <span class='ocrx_word' id='word_1_273' title='bbox 313 2307 637 2377; x_wconf 73' lang='grc' dir='ltr'>προσλαϐεῖν</span> <span class='ocrx_word' id='word_1_274' title='bbox 668 2322 726 2359; x_wconf 84' lang='grc' dir='ltr'><strong>σε</strong></span> <span class='ocrx_word' id='word_1_275' title='bbox 755 2307 1054 2377; x_wconf 83' lang='grc' dir='ltr'>εὐδοκήσας</span> <span class='ocrx_word' id='word_1_276' title='bbox 1087 2310 1168 2372; x_wconf 89' lang='grc' dir='ltr'><strong>εἰς</strong></span> <span class='ocrx_word' id='word_1_277' title='bbox 1226 2309 1325 2379; x_wconf 80' lang='grc' dir='ltr'>τὴν</span> <span class='ocrx_word' id='word_1_278' title='bbox 1370 2309 1597 2363; x_wconf 81' lang='grc' dir='ltr'><strong>αἰωνίαν</strong></span> <span class='ocrx_word' id='word_1_279' title='bbox 1625 2327 1764 2363; x_wconf 82' lang='grc' dir='ltr'>παν-</span> 
     </span>
    </p>
   </div>
   <div class='ocr_carea' id='block_1_41' title="bbox 190 2396 1766 2471">
    <p class='ocr_par' dir='ltr' id='par_1_41' title="bbox 190 2396 1766 2471">
     <span class='ocr_line' id='line_1_41' title="bbox 190 2396 1766 2471; baseline 0.004 -22"><span class='ocrx_word' id='word_1_280' title='bbox 190 2396 399 2461; x_wconf 79' lang='grc' dir='ltr'>ένδοξον</span> <span class='ocrx_word' id='word_1_281' title='bbox 455 2397 621 2450; x_wconf 79' lang='grc' dir='ltr'>αὐτοῦ</span> <span class='ocrx_word' id='word_1_282' title='bbox 680 2398 1010 2454; x_wconf 79' lang='grc' dir='ltr'>ἀνάπαυσιν.</span> <span class='ocrx_word' id='word_1_283' title='bbox 1056 2400 1306 2471; x_wconf 85' lang='grc' dir='ltr'>Χαίροις,</span> <span class='ocrx_word' id='word_1_284' title='bbox 1366 2401 1608 2470; x_wconf 87' lang='grc' dir='ltr'>παναγία</span> <span class='ocrx_word' id='word_1_285' title='bbox 1631 2401 1766 2455; x_wconf 85' lang='grc' dir='ltr'>Θεο-</span> 
     </span>
    </p>
   </div>
   <div class='ocr_carea' id='block_1_42' title="bbox 189 2488 1766 2563">
    <p class='ocr_par' dir='ltr' id='par_1_42' title="bbox 189 2488 1766 2563">
     <span class='ocr_line' id='line_1_42' title="bbox 189 2488 1766 2563; baseline 0.003 -22"><span class='ocrx_word' id='word_1_286' title='bbox 189 2490 339 2555; x_wconf 88' lang='grc' dir='ltr'>τόκε,</span> <span class='ocrx_word' id='word_1_287' title='bbox 398 2490 480 2542; x_wconf 86' lang='grc' dir='ltr'>ὅτι</span> <span class='ocrx_word' id='word_1_288' title='bbox 510 2490 539 2542; x_wconf 91' lang='lat'><strong>6</strong></span> <span class='ocrx_word' id='word_1_289' title='bbox 570 2488 824 2559; x_wconf 80' lang='grc' dir='ltr'>βασιλεὺς</span> <span class='ocrx_word' id='word_1_290' title='bbox 864 2492 964 2562; x_wconf 80' lang='grc' dir='ltr'>τῆς</span> <span class='ocrx_word' id='word_1_291' title='bbox 996 2491 1177 2562; x_wconf 83' lang='grc' dir='ltr'>δόξης,</span> <span class='ocrx_word' id='word_1_292' title='bbox 1233 2491 1437 2563; x_wconf 83' lang='grc' dir='ltr'>Κύριος</span> <span class='ocrx_word' id='word_1_293' title='bbox 1473 2491 1702 2563; x_wconf 75' lang='grc' dir='ltr'>Ἰησοῦς,</span> <span class='ocrx_word' id='word_1_294' title='bbox 1736 2493 1766 2545; x_wconf 91' lang='lat'><strong>6</strong></span> 
     </span>
    </p>
   </div>
   <div class='ocr_carea' id='block_1_43' title="bbox 192 2579 1766 2655">
    <p class='ocr_par' dir='ltr' id='par_1_43' title="bbox 192 2579 1766 2655">
     <span class='ocr_line' id='line_1_43' title="bbox 192 2579 1766 2655; baseline 0.001 -18"><span class='ocrx_word' id='word_1_295' title='bbox 192 2579 617 2651; x_wconf 75' lang='grc' dir='ltr'>αἰρετισάμενός</span> <span class='ocrx_word' id='word_1_296' title='bbox 661 2598 720 2635; x_wconf 91' lang='grc' dir='ltr'><strong>σε</strong></span> <span class='ocrx_word' id='word_1_297' title='bbox 743 2582 1000 2649; x_wconf 82' lang='grc' dir='ltr'>γενέσθαι</span> <span class='ocrx_word' id='word_1_298' title='bbox 1032 2582 1201 2638; x_wconf 80' lang='grc' dir='ltr'>αὐτοῦ</span> <span class='ocrx_word' id='word_1_299' title='bbox 1255 2585 1450 2655; x_wconf 83' lang='grc' dir='ltr'>νοεράν</span> <span class='ocrx_word' id='word_1_300' title='bbox 1490 2584 1766 2655; x_wconf 81' lang='grc' dir='ltr'>βασιλείαν</span> 
     </span>
    </p>
   </div>
   <div class='ocr_carea' id='block_1_44' title="bbox 191 2672 1769 2747">
    <p class='ocr_par' dir='ltr' id='par_1_44' title="bbox 191 2672 1769 2747">
     <span class='ocr_line' id='line_1_44' title="bbox 191 2672 1769 2747; baseline 0.003 -22"><span class='ocrx_word' id='word_1_301' title='bbox 191 2672 287 2726; x_wconf 73' lang='grc' dir='ltr'><strong>ἐπὶ</strong></span> <span class='ocrx_word' id='word_1_302' title='bbox 314 2672 441 2743; x_wconf 74' lang='grc' dir='ltr'>γῆς,</span> <span class='ocrx_word' id='word_1_303' title='bbox 474 2674 568 2726; x_wconf 77' lang='grc' dir='ltr'><strong>καὶ</strong></span> <span class='ocrx_word' id='word_1_304' title='bbox 596 2673 687 2727; x_wconf 91' lang='grc' dir='ltr'><strong>διά</strong></span> <span class='ocrx_word' id='word_1_305' title='bbox 724 2672 817 2728; x_wconf 82' lang='grc' dir='ltr'>σοῦ</span> <span class='ocrx_word' id='word_1_306' title='bbox 838 2674 1223 2746; x_wconf 85' lang='grc' dir='ltr'>δωρησάμενος</span> <span class='ocrx_word' id='word_1_307' title='bbox 1252 2677 1382 2746; x_wconf 73' lang='grc' dir='ltr'>ἡμῖν</span> <span class='ocrx_word' id='word_1_308' title='bbox 1406 2676 1505 2745; x_wconf 81' lang='grc' dir='ltr'>τὴν</span> <span class='ocrx_word' id='word_1_309' title='bbox 1533 2678 1769 2747; x_wconf 64' lang='grc' dir='ltr'>ἐπουρά-</span> 
     </span>
    </p>
   </div>
   <div class='ocr_carea' id='block_1_45' title="bbox 192 2759 1767 2834">
    <p class='ocr_par' dir='ltr' id='par_1_45' title="bbox 192 2759 1767 2834">
     <span class='ocr_line' id='line_1_45' title="bbox 192 2759 1767 2834; baseline 0.003 -23"><span class='ocrx_word' id='word_1_310' title='bbox 192 2777 303 2813; x_wconf 90' lang='grc' dir='ltr'>νιον</span> <span class='ocrx_word' id='word_1_311' title='bbox 327 2759 493 2812; x_wconf 81' lang='grc' dir='ltr'>αὐτοῦ</span> <span class='ocrx_word' id='word_1_312' title='bbox 522 2759 820 2830; x_wconf 81' lang='grc' dir='ltr'>βασιλείαν,</span> <span class='ocrx_word' id='word_1_313' title='bbox 847 2763 905 2814; x_wconf 72' lang='grc' dir='ltr'><strong>ἐν</strong></span> <span class='ocrx_word' id='word_1_314' title='bbox 926 2761 1103 2834; x_wconf 81' lang='grc' dir='ltr'>ταύτῃ</span> <span class='ocrx_word' id='word_1_315' title='bbox 1128 2780 1187 2815; x_wconf 90' lang='grc' dir='ltr'><strong>σε</strong></span> <span class='ocrx_word' id='word_1_316' title='bbox 1231 2759 1372 2816; x_wconf 85' lang='grc' dir='ltr'>εἰναι</span> <span class='ocrx_word' id='word_1_317' title='bbox 1397 2763 1680 2833; x_wconf 90' lang='grc' dir='ltr'>σύσσωμον</span> <span class='ocrx_word' id='word_1_318' title='bbox 1708 2764 1767 2816; x_wconf 84' lang='grc' dir='ltr'>ὲν</span> 
     </span>
    </p>
   </div>
   <div class='ocr_carea' id='block_1_46' title="bbox 193 2852 1764 2926">
    <p class='ocr_par' dir='ltr' id='par_1_46' title="bbox 193 2852 1764 2926">
     <span class='ocr_line' id='line_1_46' title="bbox 193 2852 1764 2926; baseline 0.001 -21"><span class='ocrx_word' id='word_1_319' title='bbox 193 2852 472 2923; x_wconf 72' lang='grc' dir='ltr'><strong>ἀφθαρσίᾳ</strong></span> <span class='ocrx_word' id='word_1_320' title='bbox 504 2854 642 2923; x_wconf 84' lang='grc'>(59),</span> <span class='ocrx_word' id='word_1_321' title='bbox 671 2854 764 2906; x_wconf 83' lang='grc' dir='ltr'>καὶ</span> <span class='ocrx_word' id='word_1_322' title='bbox 795 2854 1013 2908; x_wconf 78' lang='grc' dir='ltr'>πάντων</span> <span class='ocrx_word' id='word_1_323' title='bbox 1042 2854 1390 2925; x_wconf 76' lang='grc' dir='ltr'>ἐνδοξοτέραν</span> <span class='ocrx_word' id='word_1_324' title='bbox 1411 2856 1764 2926; x_wconf 79' lang='grc' dir='ltr'>προσέταξεν,</span> 
     </span>
    </p>
   </div>
   <div class='ocr_carea' id='block_1_47' title="bbox 193 2941 1763 3015">
    <p class='ocr_par' dir='ltr' id='par_1_47' title="bbox 193 2941 1763 3015">
     <span class='ocr_line' id='line_1_47' title="bbox 193 2941 1763 3015; baseline 0.001 -19"><span class='ocrx_word' id='word_1_325' title='bbox 193 2946 271 3006; x_wconf 89' lang='grc' dir='ltr'><strong>εἰς</strong></span> <span class='ocrx_word' id='word_1_326' title='bbox 321 2941 478 3008; x_wconf 80' lang='grc' dir='ltr'>δόξαν</span> <span class='ocrx_word' id='word_1_327' title='bbox 510 2944 602 2997; x_wconf 82' lang='grc' dir='ltr'>τοῦ</span> <span class='ocrx_word' id='word_1_328' title='bbox 667 2944 881 3015; x_wconf 81' lang='grc' dir='ltr'>Πατρὸς</span> <span class='ocrx_word' id='word_1_329' title='bbox 929 2942 1096 2997; x_wconf 78' lang='grc' dir='ltr'>αὑτοῦ</span> <span class='ocrx_word' id='word_1_330' title='bbox 1147 2944 1375 2998; x_wconf 79' lang='grc' dir='ltr'>καὶτοῦ</span> <span class='ocrx_word' id='word_1_331' title='bbox 1429 2944 1763 3014; x_wconf 85' lang='grc' dir='ltr'>Πνεύματος.</span> 
     </span>
    </p>
   </div>
   <div class='ocr_carea' id='block_1_48' title="bbox 194 3035 1765 3107">
    <p class='ocr_par' dir='ltr' id='par_1_48' title="bbox 194 3035 1765 3107">
     <span class='ocr_line' id='line_1_48' title="bbox 194 3035 1765 3107; baseline 0 -19"><span class='ocrx_word' id='word_1_332' title='bbox 194 3036 439 3107; x_wconf 85' lang='grc' dir='ltr'>Χαίροις,</span> <span class='ocrx_word' id='word_1_333' title='bbox 464 3037 496 3105; x_wconf 84' lang='grc' dir='ltr'><strong>ή</strong></span> <span class='ocrx_word' id='word_1_334' title='bbox 524 3035 807 3105; x_wconf 77' lang='grc' dir='ltr'>ἀντίληψις</span> <span class='ocrx_word' id='word_1_335' title='bbox 839 3037 872 3107; x_wconf 75' lang='grc' dir='ltr'><strong>ἡ</strong></span> <span class='ocrx_word' id='word_1_336' title='bbox 915 3035 1094 3099; x_wconf 79' lang='grc' dir='ltr'>ἔνθεος</span> <span class='ocrx_word' id='word_1_337' title='bbox 1114 3037 1204 3090; x_wconf 77' lang='grc' dir='ltr'><strong>ἀεὶ</strong></span> <span class='ocrx_word' id='word_1_338' title='bbox 1241 3036 1347 3089; x_wconf 82' lang='grc' dir='ltr'>τῶν</span> <span class='ocrx_word' id='word_1_339' title='bbox 1378 3036 1765 3100; x_wconf 76' lang='grc' dir='ltr'>εὐσεϐούντων,</span> 
     </span>
    </p>
   </div>
   <div class='ocr_carea' id='block_1_49' title="bbox 192 3123 1769 3199">
    <p class='ocr_par' dir='ltr' id='par_1_49' title="bbox 192 3123 1769 3199">
     <span class='ocr_line' id='line_1_49' title="bbox 192 3123 1769 3199; baseline -0.002 -16"><span class='ocrx_word' id='word_1_340' title='bbox 192 3130 251 3195; x_wconf 73' lang='grc' dir='ltr'><strong>ἐξ</strong></span> <span class='ocrx_word' id='word_1_341' title='bbox 302 3123 370 3199; x_wconf 86' lang='grc' dir='ltr'>ἦς</span> <span class='ocrx_word' id='word_1_342' title='bbox 398 3126 631 3197; x_wconf 74' lang='grc' dir='ltr'>Χριστὸς</span> <span class='ocrx_word' id='word_1_343' title='bbox 675 3127 999 3182; x_wconf 77' lang='grc' dir='ltr'>ἀντελάϐετο</span> <span class='ocrx_word' id='word_1_344' title='bbox 1039 3128 1194 3199; x_wconf 85' lang='grc' dir='ltr'>ήμῶν</span> <span class='ocrx_word' id='word_1_345' title='bbox 1232 3128 1491 3197; x_wconf 78' lang='grc' dir='ltr'>τὸγένος,</span> <span class='ocrx_word' id='word_1_346' title='bbox 1539 3146 1557 3178; x_wconf 84' lang='grc' dir='ltr'><strong>ι</strong></span> <span class='ocrx_word' id='word_1_347' title='bbox 1585 3130 1679 3182; x_wconf 77' lang='grc' dir='ltr'>καὶ</span> <span class='ocrx_word' id='word_1_348' title='bbox 1710 3128 1769 3180; x_wconf 75' lang='grc' dir='ltr'><strong>ὖ·</strong></span> 
     </span>
    </p>
   </div>
   <div class='ocr_carea' id='block_1_50' title="bbox 190 3219 1771 3293">
    <p class='ocr_par' dir='ltr' id='par_1_50' title="bbox 190 3219 1771 3293">
     <span class='ocr_line' id='line_1_50' title="bbox 190 3219 1771 3293; baseline 0.001 -21"><span class='ocrx_word' id='word_1_349' title='bbox 190 3220 339 3289; x_wconf 82' lang='grc' dir='ltr'>ψωοε</span> <span class='ocrx_word' id='word_1_350' title='bbox 362 3220 529 3288; x_wconf 81' lang='grc' dir='ltr'>κέρας</span> <span class='ocrx_word' id='word_1_351' title='bbox 546 3219 819 3290; x_wconf 78' lang='grc' dir='ltr'>σωτηρίας</span> <span class='ocrx_word' id='word_1_352' title='bbox 834 3222 984 3291; x_wconf 83' lang='grc' dir='ltr'>ἡμῖν,</span> <span class='ocrx_word' id='word_1_353' title='bbox 998 3238 1020 3271; x_wconf 68' lang='grc' dir='ltr'><strong>ι</strong></span> <span class='ocrx_word' id='word_1_354' title='bbox 1043 3220 1495 3290; x_wconf 82' lang='grc' dir='ltr'>εὐαγγελίσασθαι</span> <span class='ocrx_word' id='word_1_355' title='bbox 1517 3222 1660 3293; x_wconf 78' lang='grc' dir='ltr'>ἡμᾶς</span> <span class='ocrx_word' id='word_1_356' title='bbox 1679 3220 1771 3274; x_wconf 78' lang='grc' dir='ltr'>τὸν</span> 
     </span>
    </p>
   </div>
   <div class='ocr_carea' id='block_1_51' title="bbox 192 3308 1775 3380">
    <p class='ocr_par' dir='ltr' id='par_1_51' title="bbox 192 3308 1775 3380">
     <span class='ocr_line' id='line_1_51' title="bbox 192 3308 1775 3380; baseline 0.001 -18"><span class='ocrx_word' id='word_1_357' title='bbox 192 3309 349 3377; x_wconf 81' lang='grc' dir='ltr'>λόγον</span> <span class='ocrx_word' id='word_1_358' title='bbox 375 3310 474 3380; x_wconf 81' lang='grc' dir='ltr'>τῆς</span> <span class='ocrx_word' id='word_1_359' title='bbox 502 3308 759 3380; x_wconf 82' lang='grc' dir='ltr'>ἀληθείας</span> <span class='ocrx_word' id='word_1_360' title='bbox 799 3310 961 3362; x_wconf 80' lang='grc' dir='ltr'>αὑτοῦ</span> <span class='ocrx_word' id='word_1_361' title='bbox 1015 3312 1073 3362; x_wconf 80' lang='grc' dir='ltr'>ὲν</span> <span class='ocrx_word' id='word_1_362' title='bbox 1109 3311 1244 3364; x_wconf 82' lang='grc' dir='ltr'>πᾶσι</span> <span class='ocrx_word' id='word_1_363' title='bbox 1276 3313 1389 3375; x_wconf 86' lang='grc' dir='ltr'>τοῖς</span> <span class='ocrx_word' id='word_1_364' title='bbox 1431 3310 1629 3364; x_wconf 79' lang='grc' dir='ltr'>ἔθνεσι.</span> <span class='ocrx_word' id='word_1_365' title='bbox 1662 3309 1775 3363; x_wconf 80' lang='grc' dir='ltr'><strong>Σῶ-</strong></span> 
     </span>
    </p>
   </div>
   <div class='ocr_carea' id='block_1_52' title="bbox 194 3400 1765 3472">
    <p class='ocr_par' dir='ltr' id='par_1_52' title="bbox 194 3400 1765 3472">
     <span class='ocr_line' id='line_1_52' title="bbox 194 3400 1765 3472; baseline -0.001 -16"><span class='ocrx_word' id='word_1_366' title='bbox 194 3402 277 3467; x_wconf 77' lang='grc' dir='ltr'>ζει</span> <span class='ocrx_word' id='word_1_367' title='bbox 304 3400 417 3472; x_wconf 88' lang='grc'><strong>(60)</strong></span> <span class='ocrx_word' id='word_1_368' title='bbox 447 3400 553 3470; x_wconf 81' lang='grc' dir='ltr'>γὰρ</span> <span class='ocrx_word' id='word_1_369' title='bbox 577 3400 794 3470; x_wconf 83' lang='grc' dir='ltr'>ἀληθῶς</span> <span class='ocrx_word' id='word_1_370' title='bbox 819 3402 886 3454; x_wconf 80' lang='grc' dir='ltr'><strong>ἐκ</strong></span> <span class='ocrx_word' id='word_1_371' title='bbox 916 3401 1097 3472; x_wconf 81' lang='grc' dir='ltr'>πάσης</span> <span class='ocrx_word' id='word_1_372' title='bbox 1129 3401 1357 3472; x_wconf 75' lang='grc' dir='ltr'>θλίψεως</span> <span class='ocrx_word' id='word_1_373' title='bbox 1390 3402 1518 3465; x_wconf 81' lang='grc' dir='ltr'>τοὺς</span> <span class='ocrx_word' id='word_1_374' title='bbox 1570 3401 1765 3471; x_wconf 81' lang='grc' dir='ltr'>ὁμολο-</span> 
     </span>
    </p>
   </div>
   <div class='ocr_carea' id='block_1_53' title="bbox 194 3489 1776 3562">
    <p class='ocr_par' dir='ltr' id='par_1_53' title="bbox 194 3489 1776 3562">
     <span class='ocr_line' id='line_1_53' title="bbox 194 3489 1776 3562; baseline 0 -18"><span class='ocrx_word' id='word_1_375' title='bbox 194 3491 424 3559; x_wconf 77' lang='grc' dir='ltr'>γοῦντάς</span> <span class='ocrx_word' id='word_1_376' title='bbox 452 3507 512 3544; x_wconf 89' lang='grc' dir='ltr'><strong>σε</strong></span> <span class='ocrx_word' id='word_1_377' title='bbox 541 3490 823 3553; x_wconf 83' lang='grc' dir='ltr'>Θεοτόκον,</span> <span class='ocrx_word' id='word_1_378' title='bbox 855 3493 884 3545; x_wconf 93' lang='lat'><strong>6</strong></span> <span class='ocrx_word' id='word_1_379' title='bbox 915 3492 1354 3562; x_wconf 86' lang='grc' dir='ltr'>μυσταγωγήσας</span> <span class='ocrx_word' id='word_1_380' title='bbox 1376 3508 1435 3545; x_wconf 86' lang='grc' dir='ltr'><strong>σε</strong></span> <span class='ocrx_word' id='word_1_381' title='bbox 1464 3491 1599 3555; x_wconf 78' lang='grc' dir='ltr'>Θεὸς</span> <span class='ocrx_word' id='word_1_382' title='bbox 1626 3489 1776 3560; x_wconf 79' lang='grc' dir='ltr'>γενέ-</span> 
     </span>
    </p>
   </div>
   <div class='ocr_carea' id='block_1_54' title="bbox 196 3579 1769 3654">
    <p class='ocr_par' dir='ltr' id='par_1_54' title="bbox 196 3579 1769 3654">
     <span class='ocr_line' id='line_1_54' title="bbox 196 3579 1769 3654; baseline -0.002 -19"><span class='ocrx_word' id='word_1_383' title='bbox 196 3582 322 3636; x_wconf 88' lang='grc' dir='ltr'>σθαι</span> <span class='ocrx_word' id='word_1_384' title='bbox 354 3581 492 3652; x_wconf 78' lang='grc' dir='ltr'>πρὸς</span> <span class='ocrx_word' id='word_1_385' title='bbox 525 3581 710 3647; x_wconf 79' lang='grc' dir='ltr'>αὑτὸν,</span> <span class='ocrx_word' id='word_1_386' title='bbox 746 3580 839 3635; x_wconf 81' lang='grc' dir='ltr'>τοῦ</span> <span class='ocrx_word' id='word_1_387' title='bbox 872 3582 1199 3654; x_wconf 78' lang='grc' dir='ltr'>πρεσϐεύειν</span> <span class='ocrx_word' id='word_1_388' title='bbox 1229 3583 1372 3654; x_wconf 77' lang='grc' dir='ltr'>ὑπὲρ</span> <span class='ocrx_word' id='word_1_389' title='bbox 1397 3582 1578 3653; x_wconf 77' lang='grc' dir='ltr'>ἡμῶν.</span> <span class='ocrx_word' id='word_1_390' title='bbox 1631 3579 1769 3635; x_wconf 82' lang='grc' dir='ltr'>Χαί-</span> 
     </span>
    </p>
   </div>
   <div class='ocr_carea' id='block_1_55' title="bbox 198 3672 1766 3746">
    <p class='ocr_par' dir='ltr' id='par_1_55' title="bbox 198 3672 1766 3746">
     <span class='ocr_line' id='line_1_55' title="bbox 198 3672 1766 3746; baseline 0.001 -21"><span class='ocrx_word' id='word_1_391' title='bbox 198 3673 608 3746; x_wconf 79' lang='grc' dir='ltr'>ροις,⁹ιωακεὶμ</span> <span class='ocrx_word' id='word_1_392' title='bbox 636 3672 898 3745; x_wconf 84' lang='grc' dir='ltr'>θύγατερ,</span> <span class='ocrx_word' id='word_1_393' title='bbox 929 3674 1022 3727; x_wconf 78' lang='grc' dir='ltr'>καὶ</span> <span class='ocrx_word' id='word_1_394' title='bbox 1079 3675 1253 3745; x_wconf 81' lang='grc' dir='ltr'>μῆτερ</span> <span class='ocrx_word' id='word_1_395' title='bbox 1280 3673 1374 3727; x_wconf 81' lang='grc' dir='ltr'>τοῦ</span> <span class='ocrx_word' id='word_1_396' title='bbox 1423 3672 1766 3745; x_wconf 86' lang='grc' dir='ltr'>δημιουργή-</span> 
     </span>
    </p>
   </div>
   <div class='ocr_carea' id='block_1_56' title="bbox 199 3765 1768 3837">
    <p class='ocr_par' dir='ltr' id='par_1_56' title="bbox 199 3765 1768 3837">
     <span class='ocr_line' id='line_1_56' title="bbox 199 3765 1768 3837; baseline -0.001 -18"><span class='ocrx_word' id='word_1_397' title='bbox 199 3782 388 3830; x_wconf 88' lang='grc' dir='ltr'>σαντος</span> <span class='ocrx_word' id='word_1_398' title='bbox 412 3766 547 3820; x_wconf 86' lang='grc' dir='ltr'><strong>Θεοῦ</strong></span> <span class='ocrx_word' id='word_1_399' title='bbox 581 3767 649 3819; x_wconf 83' lang='grc' dir='ltr'>τὰ</span> <span class='ocrx_word' id='word_1_400' title='bbox 674 3766 989 3836; x_wconf 87' lang='grc' dir='ltr'>σύμπαντα,</span> <span class='ocrx_word' id='word_1_401' title='bbox 1026 3767 1168 3837; x_wconf 78' lang='grc' dir='ltr'>ἡύπ⁹</span> <span class='ocrx_word' id='word_1_402' title='bbox 1200 3766 1363 3821; x_wconf 82' lang='grc' dir='ltr'>αὐτοῦ</span> <span class='ocrx_word' id='word_1_403' title='bbox 1394 3765 1768 3837; x_wconf 61' lang='grc' dir='ltr'>προκληθεὶοα</span> 
     </span>
    </p>
   </div>
   <div class='ocr_carea' id='block_1_57' title="bbox 194 3855 1765 3929">
    <p class='ocr_par' dir='ltr' id='par_1_57' title="bbox 194 3855 1765 3929">
     <span class='ocr_line' id='line_1_57' title="bbox 194 3855 1765 3929; baseline -0.003 -18"><span class='ocrx_word' id='word_1_404' title='bbox 194 3859 275 3923; x_wconf 81' lang='grc' dir='ltr'><strong>εἰς</strong></span> <span class='ocrx_word' id='word_1_405' title='bbox 302 3859 456 3928; x_wconf 82' lang='grc' dir='ltr'>λῆξιν</span> <span class='ocrx_word' id='word_1_406' title='bbox 489 3857 913 3928; x_wconf 78' lang='grc' dir='ltr'>μακαριότητος,</span> <span class='ocrx_word' id='word_1_407' title='bbox 960 3858 1058 3928; x_wconf 78' lang='grc' dir='ltr'>τῆς</span> <span class='ocrx_word' id='word_1_408' title='bbox 1101 3857 1281 3929; x_wconf 87' lang='grc' dir='ltr'>πάσης</span> <span class='ocrx_word' id='word_1_409' title='bbox 1318 3855 1626 3927; x_wconf 72' lang='grc' dir='ltr'>ὑπερτέρας</span> <span class='ocrx_word' id='word_1_410' title='bbox 1656 3855 1765 3908; x_wconf 79' lang='grc' dir='ltr'>τῶν</span> 
     </span>
    </p>
   </div>
   <div class='ocr_carea' id='block_1_58' title="bbox 193 3947 1766 4019">
    <p class='ocr_par' dir='ltr' id='par_1_58' title="bbox 193 3947 1766 4019">
     <span class='ocr_line' id='line_1_58' title="bbox 193 3947 1766 4019; baseline -0.001 -16"><span class='ocrx_word' id='word_1_411' title='bbox 193 3950 288 4003; x_wconf 64' lang='grc' dir='ltr'>ἐπὶ</span> <span class='ocrx_word' id='word_1_412' title='bbox 315 3948 421 4018; x_wconf 83' lang='grc' dir='ltr'>γῆς</span> <span class='ocrx_word' id='word_1_413' title='bbox 441 3949 537 4002; x_wconf 77' lang='grc' dir='ltr'>καὶ</span> <span class='ocrx_word' id='word_1_414' title='bbox 563 3948 623 4002; x_wconf 81' lang='grc' dir='ltr'>ὲν</span> <span class='ocrx_word' id='word_1_415' title='bbox 645 3948 861 4019; x_wconf 84' lang='grc' dir='ltr'>οὐρανῷ</span> <span class='ocrx_word' id='word_1_416' title='bbox 880 3947 1334 4019; x_wconf 78' lang='grc' dir='ltr'>μακαριζομένων</span> <span class='ocrx_word' id='word_1_417' title='bbox 1355 3948 1526 4017; x_wconf 83' lang='grc' dir='ltr'>ἁγίων</span> <span class='ocrx_word' id='word_1_418' title='bbox 1551 3947 1766 4017; x_wconf 74' lang='grc' dir='ltr'>ταγμά-</span> 
     </span>
    </p>
   </div>
   <div class='ocr_carea' id='block_1_59' title="bbox 190 4027 1765 4112">
    <p class='ocr_par' dir='ltr' id='par_1_59' title="bbox 190 4027 1765 4112">
     <span class='ocr_line' id='line_1_59' title="bbox 190 4027 1765 4112; baseline -0.002 -16"><span class='ocrx_word' id='word_1_419' title='bbox 190 4058 319 4096; x_wconf 84' lang='grc' dir='ltr'>των.</span> <span class='ocrx_word' id='word_1_420' title='bbox 341 4041 589 4112; x_wconf 86' lang='grc' dir='ltr'>Χαίροις,</span> <span class='ocrx_word' id='word_1_421' title='bbox 613 4041 855 4111; x_wconf 75' lang='grc' dir='ltr'>ἰαμάτων</span> <span class='ocrx_word' id='word_1_422' title='bbox 877 4027 1049 4111; x_wconf 84' lang='grc' dir='ltr'>πηγῆ,</span> <span class='ocrx_word' id='word_1_423' title='bbox 1065 4041 1100 4110; x_wconf 78' lang='grc' dir='ltr'>ἡ</span> <span class='ocrx_word' id='word_1_424' title='bbox 1121 4040 1412 4110; x_wconf 73' lang='grc' dir='ltr'><strong>¹ιιήγὸισασα</strong></span> <span class='ocrx_word' id='word_1_425' title='bbox 1431 4041 1521 4095; x_wconf 84' lang='grc' dir='ltr'>τὸν</span> <span class='ocrx_word' id='word_1_426' title='bbox 1540 4039 1765 4109; x_wconf 83' lang='grc' dir='ltr'>ἰώμενον</span> 
     </span>
    </p>
   </div>
   <div class='ocr_carea' id='block_1_60' title="bbox 192 4132 1766 4205">
    <p class='ocr_par' dir='ltr' id='par_1_60' title="bbox 192 4132 1766 4205">
     <span class='ocr_line' id='line_1_60' title="bbox 192 4132 1766 4205; baseline -0.001 -18"><span class='ocrx_word' id='word_1_427' title='bbox 192 4134 543 4189; x_wconf 71' lang='grc' dir='ltr'>πᾶσαννόσον</span> <span class='ocrx_word' id='word_1_428' title='bbox 572 4133 831 4204; x_wconf 82' lang='grc' dir='ltr'>Χριστὸν,</span> <span class='ocrx_word' id='word_1_429' title='bbox 853 4132 1085 4203; x_wconf 81' lang='grc' dir='ltr'>βρύοντα</span> <span class='ocrx_word' id='word_1_430' title='bbox 1109 4132 1388 4205; x_wconf 85' lang='grc' dir='ltr'>μυστικῶς</span> <span class='ocrx_word' id='word_1_431' title='bbox 1415 4133 1515 4204; x_wconf 81' lang='grc' dir='ltr'>τῆς</span> <span class='ocrx_word' id='word_1_432' title='bbox 1544 4132 1766 4203; x_wconf 82' lang='grc' dir='ltr'>χάριτος</span> 
     </span>
    </p>
   </div>
   <div class='ocr_carea' id='block_1_61' title="bbox 190 4224 1767 4296">
    <p class='ocr_par' dir='ltr' id='par_1_61' title="bbox 190 4224 1767 4296">
     <span class='ocr_line' id='line_1_61' title="bbox 190 4224 1767 4296; baseline -0.002 -17"><span class='ocrx_word' id='word_1_433' title='bbox 190 4227 286 4281; x_wconf 78' lang='grc' dir='ltr'>τοῦ</span> <span class='ocrx_word' id='word_1_434' title='bbox 344 4224 614 4289; x_wconf 73' lang='grc' dir='ltr'>ζωοποιοῦ</span> <span class='ocrx_word' id='word_1_435' title='bbox 672 4225 769 4280; x_wconf 73' lang='grc' dir='ltr'><strong>καὶ</strong></span> <span class='ocrx_word' id='word_1_436' title='bbox 805 4225 1073 4295; x_wconf 82' lang='grc' dir='ltr'>παναγίου</span> <span class='ocrx_word' id='word_1_437' title='bbox 1130 4225 1297 4280; x_wconf 83' lang='grc' dir='ltr'>αὑτοῦ</span> <span class='ocrx_word' id='word_1_438' title='bbox 1332 4225 1650 4296; x_wconf 84' lang='grc' dir='ltr'>Πνεύματος</span> <span class='ocrx_word' id='word_1_439' title='bbox 1698 4224 1767 4277; x_wconf 82' lang='grc' dir='ltr'>τὰ</span> 
     </span>
    </p>
   </div>
   <div class='ocr_carea' id='block_1_62' title="bbox 257 4349 1189 4424">
    <p class='ocr_par' dir='ltr' id='par_1_62' title="bbox 257 4349 1189 4424">
     <span class='ocr_line' id='line_1_62' title="bbox 257 4349 1189 4424; baseline 0.02 -22"><span class='ocrx_word' id='word_1_440' title='bbox 257 4349 303 4380; x_wconf 72' lang='grc'>“</span> <span class='ocrx_word' id='word_1_441' title='bbox 325 4350 482 4407; x_wconf 85' lang='lat' dir='ltr'><strong>Joan.</strong></span> <span class='ocrx_word' id='word_1_442' title='bbox 521 4371 629 4424; x_wconf 80' lang='lat' dir='ltr'><strong>xw,</strong></span> <span class='ocrx_word' id='word_1_443' title='bbox 654 4358 706 4416; x_wconf 86' lang='lat'><em>6.</em></span> <span class='ocrx_word' id='word_1_444' title='bbox 785 4361 833 4393; x_wconf 76' lang='lat'><strong>&quot;</strong></span> <span class='ocrx_word' id='word_1_445' title='bbox 866 4361 1001 4420; x_wconf 89' lang='lat' dir='ltr'><strong>Luc.</strong></span> <span class='ocrx_word' id='word_1_446' title='bbox 1032 4381 1068 4422; x_wconf 89' lang='lat' dir='ltr'><strong>t.</strong></span> <span class='ocrx_word' id='word_1_447' title='bbox 1102 4366 1189 4423; x_wconf 86' lang='lat'><strong>69.</strong></span> 
     </span>
    </p>
   </div>
   <div class='ocr_carea' id='block_1_63' title="bbox 193 4479 1758 4551">
    <p class='ocr_par' dir='ltr' id='par_1_63' title="bbox 193 4479 1758 4551">
     <span class='ocr_line' id='line_1_63' title="bbox 193 4479 1758 4551; baseline 0.001 -18"><span class='ocrx_word' id='word_1_448' title='bbox 193 4491 326 4551; x_wconf 79' lang='lat' dir='ltr'><strong>tam,</strong></span> <span class='ocrx_word' id='word_1_449' title='bbox 367 4488 415 4532; x_wconf 88' lang='lat' dir='ltr'><strong>et</strong></span> <span class='ocrx_word' id='word_1_450' title='bbox 438 4479 493 4531; x_wconf 88' lang='lat' dir='ltr'><strong>in</strong></span> <span class='ocrx_word' id='word_1_451' title='bbox 516 4486 696 4549; x_wconf 86' lang='lat' dir='ltr'><strong>partu,</strong></span> <span class='ocrx_word' id='word_1_452' title='bbox 727 4490 777 4533; x_wconf 91' lang='lat' dir='ltr'><strong>et</strong></span> <span class='ocrx_word' id='word_1_453' title='bbox 809 4490 923 4551; x_wconf 70' lang='lat' dir='ltr'><strong>post</strong></span> <span class='ocrx_word' id='word_1_454' title='bbox 952 4487 1166 4551; x_wconf 85' lang='lat' dir='ltr'><strong>partum</strong></span> <span class='ocrx_word' id='word_1_455' title='bbox 1190 4482 1362 4551; x_wconf 10' lang='lat' dir='ltr'><strong>Virgo!</strong></span> <span class='ocrx_word' id='word_1_456' title='bbox 1399 4481 1758 4549; x_wconf 80' lang='lat' dir='ltr'><strong>permansisti.</strong></span> 
     </span>
    </p>
   </div>
   <div class='ocr_carea' id='block_1_64' title="bbox 193 4549 1761 4619">
    <p class='ocr_par' dir='ltr' id='par_1_64' title="bbox 193 4549 1761 4619">
     <span class='ocr_line' id='line_1_64' title="bbox 193 4549 1761 4619; baseline -0.001 -15"><span class='ocrx_word' id='word_1_457' title='bbox 193 4549 376 4614; x_wconf 85' lang='lat' dir='ltr'><strong>Salve,</strong></span> <span class='ocrx_word' id='word_1_458' title='bbox 403 4557 557 4619; x_wconf 84' lang='lat' dir='ltr'><strong>porta</strong></span> <span class='ocrx_word' id='word_1_459' title='bbox 586 4564 613 4603; x_wconf 88' lang='lat' dir='ltr'><strong>e</strong></span> <span class='ocrx_word' id='word_1_460' title='bbox 637 4549 936 4619; x_wconf 24' lang='lat' dir='ltr'><strong>portis’sola</strong></span> <span class='ocrx_word' id='word_1_461' title='bbox 954 4549 1176 4614; x_wconf 69' lang='lat' dir='ltr'><strong>clausa,</strong></span> <span class='ocrx_word' id='word_1_462' title='bbox 1206 4560 1254 4604; x_wconf 85' lang='lat' dir='ltr'><strong>et</strong></span> <span class='ocrx_word' id='word_1_463' title='bbox 1282 4549 1396 4604; x_wconf 65' lang='lat' dir='ltr'><strong>sola</strong></span> <span class='ocrx_word' id='word_1_464' title='bbox 1424 4551 1761 4604; x_wconf 79' lang='lat' dir='ltr'><strong>ecim’tatibus</strong></span> 
     </span>
    </p>
   </div>
   <div class='ocr_carea' id='block_1_65' title="bbox 1868 1937 3449 2013">
    <p class='ocr_par' dir='ltr' id='par_1_65' title="bbox 1868 1937 3449 2013">
     <span class='ocr_line' id='line_1_65' title="bbox 1868 1937 3449 2013; baseline -0.005 -15"><span class='ocrx_word' id='word_1_465' title='bbox 1868 1943 2392 2013; x_wconf 88' lang='lat' dir='ltr'><strong>comprehensibilis</strong></span> <span class='ocrx_word' id='word_1_466' title='bbox 2441 1941 2708 1997; x_wconf 89' lang='lat' dir='ltr'><strong>Altissimi</strong></span> <span class='ocrx_word' id='word_1_467' title='bbox 2761 1941 3063 2009; x_wconf 78' lang='lat' dir='ltr'><strong>templum;</strong></span> <span class='ocrx_word' id='word_1_468' title='bbox 3126 1938 3180 1991; x_wconf 89' lang='lat' dir='ltr'><strong>in</strong></span> <span class='ocrx_word' id='word_1_469' title='bbox 3212 1952 3324 2006; x_wconf 88' lang='lat' dir='ltr'><strong>quo</strong></span> <span class='ocrx_word' id='word_1_470' title='bbox 3365 1937 3449 1991; x_wconf 88' lang='lat' dir='ltr'><strong>in-</strong></span> 
     </span>
    </p>
   </div>
   <div class='ocr_carea' id='block_1_66' title="bbox 1867 2028 3444 2103">
    <p class='ocr_par' dir='ltr' id='par_1_66' title="bbox 1867 2028 3444 2103">
     <span class='ocr_line' id='line_1_66' title="bbox 1867 2028 3444 2103; baseline -0.004 -14"><span class='ocrx_word' id='word_1_471' title='bbox 1867 2045 2051 2090; x_wconf 87' lang='lat' dir='ltr'><strong>creata</strong></span> <span class='ocrx_word' id='word_1_472' title='bbox 2070 2044 2125 2089; x_wconf 91' lang='lat' dir='ltr'><strong>et</strong></span> <span class='ocrx_word' id='word_1_473' title='bbox 2148 2035 2463 2089; x_wconf 82' lang='lat' dir='ltr'><strong>subsistens</strong></span> <span class='ocrx_word' id='word_1_474' title='bbox 2484 2032 2764 2103; x_wconf 86' lang='lat' dir='ltr'><strong>Sapientia</strong></span> <span class='ocrx_word' id='word_1_475' title='bbox 2780 2032 2877 2085; x_wconf 90' lang='lat' dir='ltr'><strong>Dei</strong></span> <span class='ocrx_word' id='word_1_476' title='bbox 2900 2030 3076 2085; x_wconf 89' lang='lat' dir='ltr'><strong>Patris</strong></span> <span class='ocrx_word' id='word_1_477' title='bbox 3094 2028 3444 2091; x_wconf 87' lang='lat' dir='ltr'><strong>inbabitavit,</strong></span> 
     </span>
    </p>
   </div>
   <div class='ocr_carea' id='block_1_67' title="bbox 1869 2119 3448 2196">
    <p class='ocr_par' dir='ltr' id='par_1_67' title="bbox 1869 2119 3448 2196">
     <span class='ocr_line' id='line_1_67' title="bbox 1869 2119 3448 2196; baseline -0.006 -15"><span class='ocrx_word' id='word_1_478' title='bbox 1869 2127 2073 2196; x_wconf 86' lang='lat' dir='ltr'><strong>suique</strong></span> <span class='ocrx_word' id='word_1_479' title='bbox 2103 2126 2359 2196; x_wconf 90' lang='lat' dir='ltr'><strong>corporis</strong></span> <span class='ocrx_word' id='word_1_480' title='bbox 2393 2125 2656 2194; x_wconf 87' lang='lat' dir='ltr'><strong>templum</strong></span> <span class='ocrx_word' id='word_1_481' title='bbox 2676 2123 2936 2178; x_wconf 89' lang='lat' dir='ltr'><strong>Christus</strong></span> <span class='ocrx_word' id='word_1_482' title='bbox 2961 2123 3108 2176; x_wconf 86' lang='lat' dir='ltr'><strong>Deus</strong></span> <span class='ocrx_word' id='word_1_483' title='bbox 3133 2119 3448 2184; x_wconf 70' lang='lat' dir='ltr'><strong>aediﬁcavit;</strong></span> 
     </span>
    </p>
   </div>
   <div class='ocr_carea' id='block_1_68' title="bbox 1866 2211 3444 2288">
    <p class='ocr_par' dir='ltr' id='par_1_68' title="bbox 1866 2211 3444 2288">
     <span class='ocr_line' id='line_1_68' title="bbox 1866 2211 3444 2288; baseline -0.004 -16"><span class='ocrx_word' id='word_1_484' title='bbox 1866 2219 1964 2288; x_wconf 88' lang='lat' dir='ltr'><strong>qui</strong></span> <span class='ocrx_word' id='word_1_485' title='bbox 1988 2235 2143 2274; x_wconf 88' lang='lat' dir='ltr'><strong>suam</strong></span> <span class='ocrx_word' id='word_1_486' title='bbox 2180 2219 2236 2272; x_wconf 92' lang='lat' dir='ltr'><strong>in</strong></span> <span class='ocrx_word' id='word_1_487' title='bbox 2271 2226 2324 2273; x_wconf 93' lang='lat' dir='ltr'><strong>te</strong></span> <span class='ocrx_word' id='word_1_488' title='bbox 2349 2218 2597 2288; x_wconf 87' lang='lat' dir='ltr'><strong>requiem</strong></span> <span class='ocrx_word' id='word_1_489' title='bbox 2625 2216 2693 2270; x_wconf 88' lang='lat' dir='ltr'><strong>ad</strong></span> <span class='ocrx_word' id='word_1_490' title='bbox 2743 2214 2990 2269; x_wconf 89' lang='lat' dir='ltr'><strong>universi</strong></span> <span class='ocrx_word' id='word_1_491' title='bbox 3024 2213 3258 2269; x_wconf 84' lang='lat' dir='ltr'><strong>salutem</strong></span> <span class='ocrx_word' id='word_1_492' title='bbox 3286 2211 3444 2265; x_wconf 87' lang='lat' dir='ltr'><strong>inve—</strong></span> 
     </span>
    </p>
   </div>
   <div class='ocr_carea' id='block_1_69' title="bbox 1867 2303 3444 2380">
    <p class='ocr_par' dir='ltr' id='par_1_69' title="bbox 1867 2303 3444 2380">
     <span class='ocr_line' id='line_1_69' title="bbox 1867 2303 3444 2380; baseline -0.004 -16"><span class='ocrx_word' id='word_1_493' title='bbox 1867 2311 1983 2375; x_wconf 91' lang='lat' dir='ltr'><strong>nit;</strong></span> <span class='ocrx_word' id='word_1_494' title='bbox 2018 2320 2181 2380; x_wconf 88' lang='lat' dir='ltr'><strong>teque</strong></span> <span class='ocrx_word' id='word_1_495' title='bbox 2232 2309 2341 2365; x_wconf 87' lang='lat' dir='ltr'><strong>sibi</strong></span> <span class='ocrx_word' id='word_1_496' title='bbox 2385 2308 2721 2379; x_wconf 87' lang='lat' dir='ltr'><strong>complacuit</strong></span> <span class='ocrx_word' id='word_1_497' title='bbox 2766 2307 2834 2361; x_wconf 90' lang='lat' dir='ltr'><strong>ad</strong></span> <span class='ocrx_word' id='word_1_498' title='bbox 2865 2316 3127 2361; x_wconf 71' lang='lat' dir='ltr'><strong>aeternam</strong></span> <span class='ocrx_word' id='word_1_499' title='bbox 3151 2312 3210 2359; x_wconf 91' lang='lat' dir='ltr'><strong>et</strong></span> <span class='ocrx_word' id='word_1_500' title='bbox 3237 2303 3444 2373; x_wconf 88' lang='lat' dir='ltr'><strong>glorio-</strong></span> 
     </span>
    </p>
   </div>
   <div class='ocr_carea' id='block_1_70' title="bbox 1867 2394 3447 2469">
    <p class='ocr_par' dir='ltr' id='par_1_70' title="bbox 1867 2394 3447 2469">
     <span class='ocr_line' id='line_1_70' title="bbox 1867 2394 3447 2469; baseline -0.005 -14"><span class='ocrx_word' id='word_1_501' title='bbox 1867 2398 2142 2455; x_wconf 84' lang='lat' dir='ltr'><strong>sissimam</strong></span> <span class='ocrx_word' id='word_1_502' title='bbox 2199 2399 2286 2455; x_wconf 89' lang='lat' dir='ltr'><strong>sui</strong></span> <span class='ocrx_word' id='word_1_503' title='bbox 2315 2399 2564 2469; x_wconf 87' lang='lat' dir='ltr'><strong>requiem</strong></span> <span class='ocrx_word' id='word_1_504' title='bbox 2600 2412 2906 2452; x_wconf 86' lang='lat' dir='ltr'><strong>assumere.</strong></span> <span class='ocrx_word' id='word_1_505' title='bbox 2938 2396 3075 2461; x_wconf 88' lang='lat' dir='ltr'><strong>Ave,</strong></span> <span class='ocrx_word' id='word_1_506' title='bbox 3098 2394 3447 2449; x_wconf 81' lang='lat' dir='ltr'><strong>sanctissima</strong></span> 
     </span>
    </p>
   </div>
   <div class='ocr_carea' id='block_1_71' title="bbox 1866 2486 3449 2560">
    <p class='ocr_par' dir='ltr' id='par_1_71' title="bbox 1866 2486 3449 2560">
     <span class='ocr_line' id='line_1_71' title="bbox 1866 2486 3449 2560; baseline -0.004 -15"><span class='ocrx_word' id='word_1_507' title='bbox 1866 2490 2120 2560; x_wconf 85' lang='lat' dir='ltr'><strong>Deipara,</strong></span> <span class='ocrx_word' id='word_1_508' title='bbox 2154 2489 2304 2558; x_wconf 88' lang='lat' dir='ltr'><strong>quod</strong></span> <span class='ocrx_word' id='word_1_509' title='bbox 2360 2505 2454 2544; x_wconf 79' lang='lat' dir='ltr'><strong>rex</strong></span> <span class='ocrx_word' id='word_1_510' title='bbox 2489 2489 2676 2559; x_wconf 65' lang='lat' dir='ltr'><strong>glorias</strong></span> <span class='ocrx_word' id='word_1_511' title='bbox 2711 2487 2978 2542; x_wconf 87' lang='lat' dir='ltr'><strong>Dominus</strong></span> <span class='ocrx_word' id='word_1_512' title='bbox 3022 2486 3200 2552; x_wconf 88' lang='lat' dir='ltr'><strong>Jesus,</strong></span> <span class='ocrx_word' id='word_1_513' title='bbox 3231 2500 3357 2540; x_wconf 90' lang='lat' dir='ltr'><strong>cum</strong></span> <span class='ocrx_word' id='word_1_514' title='bbox 3390 2493 3449 2539; x_wconf 78' lang='lat' dir='ltr'><strong>te</strong></span> 
     </span>
    </p>
   </div>
   <div class='ocr_carea' id='block_1_72' title="bbox 1865 2578 3445 2654">
    <p class='ocr_par' dir='ltr' id='par_1_72' title="bbox 1865 2578 3445 2654">
     <span class='ocr_line' id='line_1_72' title="bbox 1865 2578 3445 2654; baseline -0.005 -16"><span class='ocrx_word' id='word_1_515' title='bbox 1865 2583 2145 2654; x_wconf 78' lang='lat' dir='ltr'><strong>elegisset,</strong></span> <span class='ocrx_word' id='word_1_516' title='bbox 2188 2592 2247 2636; x_wconf 93' lang='lat' dir='ltr'><strong>ut</strong></span> <span class='ocrx_word' id='word_1_517' title='bbox 2268 2582 2434 2652; x_wconf 89' lang='lat' dir='ltr'><strong>supra</strong></span> <span class='ocrx_word' id='word_1_518' title='bbox 2471 2591 2675 2636; x_wconf 80' lang='lat' dir='ltr'><strong>terram</strong></span> <span class='ocrx_word' id='word_1_519' title='bbox 2708 2594 2861 2634; x_wconf 88' lang='lat' dir='ltr'><strong>esses</strong></span> <span class='ocrx_word' id='word_1_520' title='bbox 2892 2578 3180 2648; x_wconf 85' lang='lat' dir='ltr'><strong>spirituale</strong></span> <span class='ocrx_word' id='word_1_521' title='bbox 3207 2578 3330 2649; x_wconf 79' lang='lat' dir='ltr'><strong>ejus</strong></span> <span class='ocrx_word' id='word_1_522' title='bbox 3353 2592 3445 2631; x_wconf 85' lang='lat' dir='ltr'><strong>re-</strong></span> 
     </span>
    </p>
   </div>
   <div class='ocr_carea' id='block_1_73' title="bbox 1866 2665 3448 2743">
    <p class='ocr_par' dir='ltr' id='par_1_73' title="bbox 1866 2665 3448 2743">
     <span class='ocr_line' id='line_1_73' title="bbox 1866 2665 3448 2743; baseline -0.004 -17"><span class='ocrx_word' id='word_1_523' title='bbox 1866 2688 2058 2743; x_wconf 85' lang='lat' dir='ltr'><strong>gnum,</strong></span> <span class='ocrx_word' id='word_1_524' title='bbox 2090 2687 2155 2727; x_wconf 89' lang='lat' dir='ltr'><strong>ac</strong></span> <span class='ocrx_word' id='word_1_525' title='bbox 2184 2686 2283 2740; x_wconf 88' lang='lat' dir='ltr'><strong>per</strong></span> <span class='ocrx_word' id='word_1_526' title='bbox 2334 2679 2387 2725; x_wconf 90' lang='lat' dir='ltr'><strong>te</strong></span> <span class='ocrx_word' id='word_1_527' title='bbox 2420 2670 2646 2725; x_wconf 70' lang='lat' dir='ltr'><strong>caeleste</strong></span> <span class='ocrx_word' id='word_1_528' title='bbox 2681 2683 2843 2723; x_wconf 90' lang='lat' dir='ltr'><strong>suum</strong></span> <span class='ocrx_word' id='word_1_529' title='bbox 2872 2681 3101 2737; x_wconf 83' lang='lat' dir='ltr'><strong>regnum</strong></span> <span class='ocrx_word' id='word_1_530' title='bbox 3145 2665 3311 2721; x_wconf 90' lang='lat' dir='ltr'><strong>nobis</strong></span> <span class='ocrx_word' id='word_1_531' title='bbox 3346 2665 3448 2720; x_wconf 83' lang='lat' dir='ltr'><strong>do-</strong></span> 
     </span>
    </p>
   </div>
   <div class='ocr_carea' id='block_1_74' title="bbox 1867 2754 3447 2833">
    <p class='ocr_par' dir='ltr' id='par_1_74' title="bbox 1867 2754 3447 2833">
     <span class='ocr_line' id='line_1_74' title="bbox 1867 2754 3447 2833; baseline -0.006 -16"><span class='ocrx_word' id='word_1_532' title='bbox 1867 2772 2078 2827; x_wconf 90' lang='lat' dir='ltr'><strong>nasset,</strong></span> <span class='ocrx_word' id='word_1_533' title='bbox 2107 2763 2163 2817; x_wconf 89' lang='lat' dir='ltr'><strong>in</strong></span> <span class='ocrx_word' id='word_1_534' title='bbox 2198 2777 2267 2816; x_wconf 86' lang='lat' dir='ltr'><strong>eo</strong></span> <span class='ocrx_word' id='word_1_535' title='bbox 2288 2761 2455 2833; x_wconf 88' lang='lat' dir='ltr'><strong>jussit</strong></span> <span class='ocrx_word' id='word_1_536' title='bbox 2482 2769 2535 2815; x_wconf 90' lang='lat' dir='ltr'><strong>te</strong></span> <span class='ocrx_word' id='word_1_537' title='bbox 2562 2760 2617 2813; x_wconf 92' lang='lat' dir='ltr'><strong>in</strong></span> <span class='ocrx_word' id='word_1_538' title='bbox 2648 2757 3173 2827; x_wconf 87' lang='lat' dir='ltr'><strong>incorruptibilitate</strong></span> <span class='ocrx_word' id='word_1_539' title='bbox 3195 2754 3447 2826; x_wconf 88' lang='lat' dir='ltr'><strong>corporis</strong></span> 
     </span>
    </p>
   </div>
   <div class='ocr_carea' id='block_1_75' title="bbox 1868 2849 3445 2920">
    <p class='ocr_par' dir='ltr' id='par_1_75' title="bbox 1868 2849 3445 2920">
     <span class='ocr_line' id='line_1_75' title="bbox 1868 2849 3445 2920; baseline -0.006 -10"><span class='ocrx_word' id='word_1_540' title='bbox 1868 2870 2057 2910; x_wconf 83' lang='lat' dir='ltr'><strong>secum</strong></span> <span class='ocrx_word' id='word_1_541' title='bbox 2087 2869 2210 2909; x_wconf 88' lang='lat' dir='ltr'><strong>esse</strong></span> <span class='ocrx_word' id='word_1_542' title='bbox 2263 2860 2605 2915; x_wconf 83' lang='lat' dir='ltr'><strong>consortem,</strong></span> <span class='ocrx_word' id='word_1_543' title='bbox 2661 2861 2719 2905; x_wconf 91' lang='lat' dir='ltr'><strong>et</strong></span> <span class='ocrx_word' id='word_1_544' title='bbox 2752 2865 2951 2904; x_wconf 88' lang='lat' dir='ltr'><strong>omnes</strong></span> <span class='ocrx_word' id='word_1_545' title='bbox 2977 2849 3151 2920; x_wconf 84' lang='lat' dir='ltr'><strong>gloria</strong></span> <span class='ocrx_word' id='word_1_546' title='bbox 3186 2860 3445 2920; x_wconf 86' lang='lat' dir='ltr'><strong>superare</strong></span> 
     </span>
    </p>
   </div>
   <div class='ocr_carea' id='block_1_76' title="bbox 1870 2940 3447 3013">
    <p class='ocr_par' dir='ltr' id='par_1_76' title="bbox 1870 2940 3447 3013">
     <span class='ocr_line' id='line_1_76' title="bbox 1870 2940 3447 3013; baseline -0.005 -14"><span class='ocrx_word' id='word_1_547' title='bbox 1870 2945 1936 2999; x_wconf 87' lang='lat' dir='ltr'><strong>ad</strong></span> <span class='ocrx_word' id='word_1_548' title='bbox 1968 2944 2057 2999; x_wconf 90' lang='lat' dir='ltr'><strong>sui</strong></span> <span class='ocrx_word' id='word_1_549' title='bbox 2094 2944 2273 2999; x_wconf 87' lang='lat' dir='ltr'><strong>Patris</strong></span> <span class='ocrx_word' id='word_1_550' title='bbox 2296 2952 2356 2998; x_wconf 92' lang='lat' dir='ltr'><strong>et</strong></span> <span class='ocrx_word' id='word_1_551' title='bbox 2394 2942 2636 3013; x_wconf 82' lang='lat' dir='ltr'><strong>Spiritus</strong></span> <span class='ocrx_word' id='word_1_552' title='bbox 2666 2941 2840 2997; x_wconf 88' lang='lat' dir='ltr'><strong>sancti</strong></span> <span class='ocrx_word' id='word_1_553' title='bbox 2880 2940 3132 3009; x_wconf 82' lang='lat' dir='ltr'><strong>gloriam.</strong></span> <span class='ocrx_word' id='word_1_554' title='bbox 3162 2942 3297 3009; x_wconf 85' lang='lat' dir='ltr'><strong>Ave,</strong></span> <span class='ocrx_word' id='word_1_555' title='bbox 3316 2953 3447 3007; x_wconf 86' lang='lat' dir='ltr'><strong>per-</strong></span> 
     </span>
    </p>
   </div>
   <div class='ocr_carea' id='block_1_77' title="bbox 1869 3031 3448 3108">
    <p class='ocr_par' dir='ltr' id='par_1_77' title="bbox 1869 3031 3448 3108">
     <span class='ocr_line' id='line_1_77' title="bbox 1869 3031 3448 3108; baseline -0.006 -16"><span class='ocrx_word' id='word_1_556' title='bbox 1869 3046 2099 3108; x_wconf 87' lang='lat' dir='ltr'><strong>petuum</strong></span> <span class='ocrx_word' id='word_1_557' title='bbox 2127 3047 2186 3093; x_wconf 89' lang='lat' dir='ltr'><strong>et</strong></span> <span class='ocrx_word' id='word_1_558' title='bbox 2224 3037 2476 3091; x_wconf 85' lang='lat' dir='ltr'><strong>divinum</strong></span> <span class='ocrx_word' id='word_1_559' title='bbox 2496 3051 2691 3090; x_wconf 85' lang='lat' dir='ltr'><strong>eorum</strong></span> <span class='ocrx_word' id='word_1_560' title='bbox 2720 3033 3008 3093; x_wconf 80' lang='lat' dir='ltr'><strong>auxilium,</strong></span> <span class='ocrx_word' id='word_1_561' title='bbox 3040 3032 3138 3100; x_wconf 69' lang='lat' dir='ltr'><strong>(lui</strong></span> <span class='ocrx_word' id='word_1_562' title='bbox 3159 3032 3246 3100; x_wconf 87' lang='lat' dir='ltr'><strong>pie</strong></span> <span class='ocrx_word' id='word_1_563' title='bbox 3273 3031 3448 3084; x_wconf 89' lang='lat' dir='ltr'><strong>Deum</strong></span> 
     </span>
    </p>
   </div>
   <div class='ocr_carea' id='block_1_78' title="bbox 1873 3125 3447 3199">
    <p class='ocr_par' dir='ltr' id='par_1_78' title="bbox 1873 3125 3447 3199">
     <span class='ocr_line' id='line_1_78' title="bbox 1873 3125 3447 3199; baseline -0.004 -14"><span class='ocrx_word' id='word_1_564' title='bbox 1873 3131 2098 3196; x_wconf 89' lang='lat' dir='ltr'><strong>colunt,</strong></span> <span class='ocrx_word' id='word_1_565' title='bbox 2128 3145 2196 3185; x_wconf 81' lang='lat' dir='ltr'><strong>ex</strong></span> <span class='ocrx_word' id='word_1_566' title='bbox 2226 3145 2335 3199; x_wconf 90' lang='lat' dir='ltr'><strong>qua</strong></span> <span class='ocrx_word' id='word_1_567' title='bbox 2374 3129 2635 3185; x_wconf 87' lang='lat' dir='ltr'><strong>Christus</strong></span> <span class='ocrx_word' id='word_1_568' title='bbox 2664 3139 2857 3183; x_wconf 87' lang='lat' dir='ltr'><strong>nostro</strong></span> <span class='ocrx_word' id='word_1_569' title='bbox 2881 3126 3071 3195; x_wconf 87' lang='lat' dir='ltr'><strong>generi</strong></span> <span class='ocrx_word' id='word_1_570' title='bbox 3105 3141 3264 3195; x_wconf 87' lang='lat' dir='ltr'><strong>opem</strong></span> <span class='ocrx_word' id='word_1_571' title='bbox 3300 3125 3447 3189; x_wconf 75' lang='lat' dir='ltr'><strong>tulit,</strong></span> 
     </span>
    </p>
   </div>
   <div class='ocr_carea' id='block_1_79' title="bbox 1881 3216 3449 3284">
    <p class='ocr_par' dir='ltr' id='par_1_79' title="bbox 1881 3216 3449 3284">
     <span class='ocr_line' id='line_1_79' title="bbox 1881 3216 3449 3284; baseline -0.003 -10"><span class='ocrx_word' id='word_1_572' title='bbox 1881 3242 1899 3274; x_wconf 85' lang='grc' dir='ltr'><strong>ι</strong></span> <span class='ocrx_word' id='word_1_573' title='bbox 1934 3223 2006 3277; x_wconf 84' lang='lat' dir='ltr'><strong>Et</strong></span> <span class='ocrx_word' id='word_1_574' title='bbox 2034 3222 2213 3277; x_wconf 72' lang='lat' dir='ltr'><strong>erexit</strong></span> <span class='ocrx_word' id='word_1_575' title='bbox 2262 3236 2436 3275; x_wconf 89' lang='lat' dir='ltr'><strong>cornu</strong></span> <span class='ocrx_word' id='word_1_576' title='bbox 2490 3220 2682 3275; x_wconf 90' lang='lat' dir='ltr'><strong>salutis</strong></span> <span class='ocrx_word' id='word_1_577' title='bbox 2728 3219 2892 3273; x_wconf 90' lang='lat' dir='ltr'><strong>nobis</strong></span> <span class='ocrx_word' id='word_1_578' title='bbox 2920 3218 2991 3284; x_wconf 72' lang='grc'><strong>⁸⁷,</strong></span> <span class='ocrx_word' id='word_1_579' title='bbox 3032 3237 3051 3268; x_wconf 77' lang='grc' dir='ltr'><strong>ι</strong></span> <span class='ocrx_word' id='word_1_580' title='bbox 3092 3225 3152 3271; x_wconf 93' lang='lat' dir='ltr'><strong>ut</strong></span> <span class='ocrx_word' id='word_1_581' title='bbox 3196 3216 3449 3272; x_wconf 81' lang='lat' dir='ltr'><strong>veritatis</strong></span> 
     </span>
    </p>
   </div>
   <div class='ocr_carea' id='block_1_80' title="bbox 1870 3307 3447 3381">
    <p class='ocr_par' dir='ltr' id='par_1_80' title="bbox 1870 3307 3447 3381">
     <span class='ocr_line' id='line_1_80' title="bbox 1870 3307 3447 3381; baseline -0.006 -12"><span class='ocrx_word' id='word_1_582' title='bbox 1870 3329 1986 3369; x_wconf 87' lang='lat' dir='ltr'><strong>suae</strong></span> <span class='ocrx_word' id='word_1_583' title='bbox 2047 3312 2284 3368; x_wconf 87' lang='lat' dir='ltr'><strong>verbum</strong></span> <span class='ocrx_word' id='word_1_584' title='bbox 2339 3312 2600 3366; x_wconf 84' lang='lat' dir='ltr'><strong>omnibus</strong></span> <span class='ocrx_word' id='word_1_585' title='bbox 2655 3310 2912 3381; x_wconf 84' lang='lat' dir='ltr'><strong>gentibus</strong></span> <span class='ocrx_word' id='word_1_586' title='bbox 2976 3307 3447 3364; x_wconf 87' lang='lat' dir='ltr'><strong>annuntiaremus.</strong></span> 
     </span>
    </p>
   </div>
   <div class='ocr_carea' id='block_1_81' title="bbox 1867 3400 3454 3475">
    <p class='ocr_par' dir='ltr' id='par_1_81' title="bbox 1867 3400 3454 3475">
     <span class='ocr_line' id='line_1_81' title="bbox 1867 3400 3454 3475; baseline -0.004 -16"><span class='ocrx_word' id='word_1_587' title='bbox 1867 3405 2150 3475; x_wconf 85' lang='lat' dir='ltr'><strong>Quotquot</strong></span> <span class='ocrx_word' id='word_1_588' title='bbox 2177 3405 2326 3460; x_wconf 90' lang='lat' dir='ltr'><strong>enim</strong></span> <span class='ocrx_word' id='word_1_589' title='bbox 2351 3414 2402 3459; x_wconf 89' lang='lat' dir='ltr'><strong>te</strong></span> <span class='ocrx_word' id='word_1_590' title='bbox 2448 3404 2544 3457; x_wconf 90' lang='lat' dir='ltr'><strong>Dei</strong></span> <span class='ocrx_word' id='word_1_591' title='bbox 2586 3402 2922 3459; x_wconf 86' lang='lat' dir='ltr'><strong>Genitricem</strong></span> <span class='ocrx_word' id='word_1_592' title='bbox 2963 3400 3323 3465; x_wconf 81' lang='lat' dir='ltr'><strong>conﬁtentur,</strong></span> <span class='ocrx_word' id='word_1_593' title='bbox 3351 3413 3454 3453; x_wconf 83' lang='lat' dir='ltr'><strong>eos</strong></span> 
     </span>
    </p>
   </div>
   <div class='ocr_carea' id='block_1_82' title="bbox 1869 3489 3452 3560">
    <p class='ocr_par' dir='ltr' id='par_1_82' title="bbox 1869 3489 3452 3560">
     <span class='ocr_line' id='line_1_82' title="bbox 1869 3489 3452 3560; baseline -0.005 -9"><span class='ocrx_word' id='word_1_594' title='bbox 1869 3513 2062 3552; x_wconf 86' lang='lat' dir='ltr'><strong>revera</strong></span> <span class='ocrx_word' id='word_1_595' title='bbox 2083 3498 2152 3551; x_wconf 89' lang='lat' dir='ltr'><strong>ab</strong></span> <span class='ocrx_word' id='word_1_596' title='bbox 2184 3496 2336 3550; x_wconf 88' lang='lat' dir='ltr'><strong>omni</strong></span> <span class='ocrx_word' id='word_1_597' title='bbox 2371 3495 2664 3550; x_wconf 80' lang='lat' dir='ltr'><strong>amictioue</strong></span> <span class='ocrx_word' id='word_1_598' title='bbox 2687 3502 2875 3549; x_wconf 87' lang='lat' dir='ltr'><strong>servat</strong></span> <span class='ocrx_word' id='word_1_599' title='bbox 2896 3492 3072 3557; x_wconf 87' lang='lat' dir='ltr'><strong>Deus;</strong></span> <span class='ocrx_word' id='word_1_600' title='bbox 3108 3491 3202 3560; x_wconf 89' lang='lat' dir='ltr'><strong>qui</strong></span> <span class='ocrx_word' id='word_1_601' title='bbox 3227 3497 3278 3544; x_wconf 87' lang='lat' dir='ltr'><strong>te</strong></span> <span class='ocrx_word' id='word_1_602' title='bbox 3302 3489 3369 3543; x_wconf 87' lang='lat' dir='ltr'><strong>ad</strong></span> <span class='ocrx_word' id='word_1_603' title='bbox 3391 3503 3452 3544; x_wconf 83' lang='lat' dir='ltr'><strong>se</strong></span> 
     </span>
    </p>
   </div>
   <div class='ocr_carea' id='block_1_83' title="bbox 1873 3583 3450 3656">
    <p class='ocr_par' dir='ltr' id='par_1_83' title="bbox 1873 3583 3450 3656">
     <span class='ocr_line' id='line_1_83' title="bbox 1873 3583 3450 3656; baseline -0.005 -13"><span class='ocrx_word' id='word_1_604' title='bbox 1873 3589 2124 3653; x_wconf 79' lang='lat' dir='ltr'><strong>adduxit,</strong></span> <span class='ocrx_word' id='word_1_605' title='bbox 2156 3598 2220 3642; x_wconf 91' lang='lat' dir='ltr'><strong>ut</strong></span> <span class='ocrx_word' id='word_1_606' title='bbox 2248 3588 2392 3656; x_wconf 84' lang='lat' dir='ltr'><strong>apud</strong></span> <span class='ocrx_word' id='word_1_607' title='bbox 2422 3602 2482 3642; x_wconf 90' lang='lat' dir='ltr'><strong>se</strong></span> <span class='ocrx_word' id='word_1_608' title='bbox 2515 3601 2668 3640; x_wconf 90' lang='lat' dir='ltr'><strong>esses</strong></span> <span class='ocrx_word' id='word_1_609' title='bbox 2706 3583 3087 3640; x_wconf 85' lang='lat' dir='ltr'><strong>intercedendi</strong></span> <span class='ocrx_word' id='word_1_610' title='bbox 3143 3597 3311 3638; x_wconf 88' lang='lat' dir='ltr'><strong>causa</strong></span> <span class='ocrx_word' id='word_1_611' title='bbox 3345 3598 3450 3652; x_wconf 86' lang='lat' dir='ltr'><strong>pro</strong></span> 
     </span>
    </p>
   </div>
   <div class='ocr_carea' id='block_1_84' title="bbox 1873 3670 3449 3740">
    <p class='ocr_par' dir='ltr' id='par_1_84' title="bbox 1873 3670 3449 3740">
     <span class='ocr_line' id='line_1_84' title="bbox 1873 3670 3449 3740; baseline -0.006 -7"><span class='ocrx_word' id='word_1_612' title='bbox 1873 3678 2056 3733; x_wconf 85' lang='lat' dir='ltr'><strong>nobis.</strong></span> <span class='ocrx_word' id='word_1_613' title='bbox 2089 3677 2206 3731; x_wconf 85' lang='lat' dir='ltr'><strong>Ave</strong></span> <span class='ocrx_word' id='word_1_614' title='bbox 2243 3676 2496 3732; x_wconf 80' lang='lat' dir='ltr'><strong>Joacbim</strong></span> <span class='ocrx_word' id='word_1_615' title='bbox 2533 3675 2646 3728; x_wconf 82' lang='lat' dir='ltr'><strong>ﬁlia</strong></span> <span class='ocrx_word' id='word_1_616' title='bbox 2680 3682 2737 3728; x_wconf 92' lang='lat' dir='ltr'><strong>et</strong></span> <span class='ocrx_word' id='word_1_617' title='bbox 2762 3673 2932 3727; x_wconf 80' lang='lat' dir='ltr'><strong>Mater</strong></span> <span class='ocrx_word' id='word_1_618' title='bbox 2959 3673 3090 3738; x_wconf 89' lang='lat' dir='ltr'><strong>Dei,</strong></span> <span class='ocrx_word' id='word_1_619' title='bbox 3129 3670 3226 3740; x_wconf 91' lang='lat' dir='ltr'><strong>qui</strong></span> <span class='ocrx_word' id='word_1_620' title='bbox 3249 3670 3449 3724; x_wconf 83' lang='lat' dir='ltr'><strong>condi-</strong></span> 
     </span>
    </p>
   </div>
   <div class='ocr_carea' id='block_1_85' title="bbox 1872 3759 3455 3835">
    <p class='ocr_par' dir='ltr' id='par_1_85' title="bbox 1872 3759 3455 3835">
     <span class='ocr_line' id='line_1_85' title="bbox 1872 3759 3455 3835; baseline -0.006 -12"><span class='ocrx_word' id='word_1_621' title='bbox 1872 3769 1956 3823; x_wconf 89' lang='lat' dir='ltr'><strong>dit</strong></span> <span class='ocrx_word' id='word_1_622' title='bbox 1982 3766 2195 3831; x_wconf 81' lang='lat' dir='ltr'><strong>omnia;</strong></span> <span class='ocrx_word' id='word_1_623' title='bbox 2227 3782 2348 3835; x_wconf 75' lang='lat' dir='ltr'><strong>qua:</strong></span> <span class='ocrx_word' id='word_1_624' title='bbox 2399 3765 2470 3820; x_wconf 88' lang='lat' dir='ltr'><strong>ab</strong></span> <span class='ocrx_word' id='word_1_625' title='bbox 2514 3778 2582 3819; x_wconf 88' lang='lat' dir='ltr'><strong>eo</strong></span> <span class='ocrx_word' id='word_1_626' title='bbox 2638 3771 2833 3817; x_wconf 87' lang='lat' dir='ltr'><strong>vocata</strong></span> <span class='ocrx_word' id='word_1_627' title='bbox 2860 3777 2923 3818; x_wconf 87' lang='lat' dir='ltr'><strong>es</strong></span> <span class='ocrx_word' id='word_1_628' title='bbox 2962 3761 3030 3816; x_wconf 88' lang='lat' dir='ltr'><strong>ad</strong></span> <span class='ocrx_word' id='word_1_629' title='bbox 3085 3759 3455 3815; x_wconf 86' lang='lat' dir='ltr'><strong>beatitudinis</strong></span> 
     </span>
    </p>
   </div>
   <div class='ocr_carea' id='block_1_86' title="bbox 1871 3851 3453 3928">
    <p class='ocr_par' dir='ltr' id='par_1_86' title="bbox 1871 3851 3453 3928">
     <span class='ocr_line' id='line_1_86' title="bbox 1871 3851 3453 3928; baseline -0.007 -13"><span class='ocrx_word' id='word_1_630' title='bbox 1871 3859 2082 3922; x_wconf 88' lang='lat' dir='ltr'><strong>sedem,</strong></span> <span class='ocrx_word' id='word_1_631' title='bbox 2112 3872 2236 3928; x_wconf 71' lang='lat' dir='ltr'><strong>quae</strong></span> <span class='ocrx_word' id='word_1_632' title='bbox 2277 3871 2497 3911; x_wconf 88' lang='lat' dir='ltr'><strong>omnem</strong></span> <span class='ocrx_word' id='word_1_633' title='bbox 2544 3862 2772 3925; x_wconf 85' lang='lat' dir='ltr'><strong>superat</strong></span> <span class='ocrx_word' id='word_1_634' title='bbox 2830 3863 3147 3909; x_wconf 83' lang='lat' dir='ltr'><strong>sanctorum</strong></span> <span class='ocrx_word' id='word_1_635' title='bbox 3190 3851 3453 3906; x_wconf 84' lang='lat' dir='ltr'><strong>ordinum</strong></span> 
     </span>
    </p>
   </div>
   <div class='ocr_carea' id='block_1_87' title="bbox 1872 3942 3451 4016">
    <p class='ocr_par' dir='ltr' id='par_1_87' title="bbox 1872 3942 3451 4016">
     <span class='ocr_line' id='line_1_87' title="bbox 1872 3942 3451 4016; baseline -0.006 -11"><span class='ocrx_word' id='word_1_636' title='bbox 1872 3948 2298 4013; x_wconf 83' lang='lat' dir='ltr'><strong>beatitudinem,</strong></span> <span class='ocrx_word' id='word_1_637' title='bbox 2326 3948 2422 4016; x_wconf 91' lang='lat' dir='ltr'><strong>qui</strong></span> <span class='ocrx_word' id='word_1_638' title='bbox 2454 3955 2570 4001; x_wconf 87' lang='lat' dir='ltr'><strong>tum</strong></span> <span class='ocrx_word' id='word_1_639' title='bbox 2601 3946 2657 4000; x_wconf 92' lang='lat' dir='ltr'><strong>in</strong></span> <span class='ocrx_word' id='word_1_640' title='bbox 2681 3945 2847 4010; x_wconf 74' lang='lat' dir='ltr'><strong>ctelo,</strong></span> <span class='ocrx_word' id='word_1_641' title='bbox 2880 3953 2996 3998; x_wconf 91' lang='lat' dir='ltr'><strong>tum</strong></span> <span class='ocrx_word' id='word_1_642' title='bbox 3021 3943 3078 3998; x_wconf 91' lang='lat' dir='ltr'><strong>in</strong></span> <span class='ocrx_word' id='word_1_643' title='bbox 3106 3943 3271 3999; x_wconf 87' lang='lat' dir='ltr'><strong>terris</strong></span> <span class='ocrx_word' id='word_1_644' title='bbox 3298 3942 3451 3997; x_wconf 86' lang='lat' dir='ltr'><strong>beati</strong></span> 
     </span>
    </p>
   </div>
   <div class='ocr_carea' id='block_1_88' title="bbox 1872 4033 3452 4111">
    <p class='ocr_par' dir='ltr' id='par_1_88' title="bbox 1872 4033 3452 4111">
     <span class='ocr_line' id='line_1_88' title="bbox 1872 4033 3452 4111; baseline -0.006 -15"><span class='ocrx_word' id='word_1_645' title='bbox 1872 4041 2265 4111; x_wconf 75' lang='lat' dir='ltr'><strong>praedicantur.</strong></span> <span class='ocrx_word' id='word_1_646' title='bbox 2290 4038 2403 4093; x_wconf 87' lang='lat' dir='ltr'><strong>Ave</strong></span> <span class='ocrx_word' id='word_1_647' title='bbox 2424 4037 2547 4093; x_wconf 80' lang='lat' dir='ltr'><strong>fons</strong></span> <span class='ocrx_word' id='word_1_648' title='bbox 2583 4035 3133 4104; x_wconf 75' lang='lat' dir='ltr'><strong>remediorum;qua:</strong></span> <span class='ocrx_word' id='word_1_649' title='bbox 3163 4033 3452 4089; x_wconf 84' lang='lat' dir='ltr'><strong>Christum</strong></span> 
     </span>
    </p>
   </div>
   <div class='ocr_carea' id='block_1_89' title="bbox 1872 4124 3449 4200">
    <p class='ocr_par' dir='ltr' id='par_1_89' title="bbox 1872 4124 3449 4200">
     <span class='ocr_line' id='line_1_89' title="bbox 1872 4124 3449 4200; baseline -0.004 -14"><span class='ocrx_word' id='word_1_650' title='bbox 1872 4130 2136 4197; x_wconf 79' lang='lat' dir='ltr'><strong>eﬂ&#39;undis,</strong></span> <span class='ocrx_word' id='word_1_651' title='bbox 2164 4130 2260 4200; x_wconf 90' lang='lat' dir='ltr'><strong>qui</strong></span> <span class='ocrx_word' id='word_1_652' title='bbox 2281 4138 2439 4184; x_wconf 90' lang='lat' dir='ltr'><strong>sanat</strong></span> <span class='ocrx_word' id='word_1_653' title='bbox 2461 4143 2656 4184; x_wconf 89' lang='lat' dir='ltr'><strong>omnes</strong></span> <span class='ocrx_word' id='word_1_654' title='bbox 2686 4126 2938 4193; x_wconf 87' lang='lat' dir='ltr'><strong>morbos;</strong></span> <span class='ocrx_word' id='word_1_655' title='bbox 2971 4126 3067 4195; x_wconf 91' lang='lat' dir='ltr'><strong>qui</strong></span> <span class='ocrx_word' id='word_1_656' title='bbox 3093 4124 3295 4180; x_wconf 82' lang='lat' dir='ltr'><strong>viviﬁci</strong></span> <span class='ocrx_word' id='word_1_657' title='bbox 3315 4140 3449 4180; x_wconf 84' lang='lat' dir='ltr'><strong>san-</strong></span> 
     </span>
    </p>
   </div>
   <div class='ocr_carea' id='block_1_90' title="bbox 1875 4218 3444 4293">
    <p class='ocr_par' dir='ltr' id='par_1_90' title="bbox 1875 4218 3444 4293">
     <span class='ocr_line' id='line_1_90' title="bbox 1875 4218 3444 4293; baseline -0.003 -16"><span class='ocrx_word' id='word_1_658' title='bbox 1875 4222 2225 4293; x_wconf 87' lang='lat' dir='ltr'><strong>etissimique</strong></span> <span class='ocrx_word' id='word_1_659' title='bbox 2258 4221 2502 4293; x_wconf 89' lang='lat' dir='ltr'><strong>Spiritus</strong></span> <span class='ocrx_word' id='word_1_660' title='bbox 2529 4220 2614 4276; x_wconf 87' lang='lat' dir='ltr'><strong>sui</strong></span> <span class='ocrx_word' id='word_1_661' title='bbox 2633 4221 2812 4292; x_wconf 87' lang='lat' dir='ltr'><strong>gratia</strong></span> <span class='ocrx_word' id='word_1_662' title='bbox 2840 4218 3086 4275; x_wconf 84' lang='lat' dir='ltr'><strong>ﬂuminis</strong></span> <span class='ocrx_word' id='word_1_663' title='bbox 3107 4218 3272 4274; x_wconf 86' lang='lat' dir='ltr'><strong>modo</strong></span> <span class='ocrx_word' id='word_1_664' title='bbox 3324 4233 3444 4291; x_wconf 85' lang='lat' dir='ltr'><strong>my-</strong></span> 
     </span>
    </p>
   </div>
   <div class='ocr_carea' id='block_1_91' title="bbox 1866 4474 3446 4551">
    <p class='ocr_par' dir='ltr' id='par_1_91' title="bbox 1866 4474 3446 4551">
     <span class='ocr_line' id='line_1_91' title="bbox 1866 4474 3446 4551; baseline -0.001 -16"><span class='ocrx_word' id='word_1_665' title='bbox 1866 4498 2000 4548; x_wconf 90' lang='grc' dir='ltr'>γων,</span> <span class='ocrx_word' id='word_1_666' title='bbox 2025 4478 2212 4548; x_wconf 74' lang='grc' dir='ltr'>’Ἄγιος</span> <span class='ocrx_word' id='word_1_667' title='bbox 2234 4480 2359 4551; x_wconf 82' lang='grc' dir='ltr'>ναός</span> <span class='ocrx_word' id='word_1_668' title='bbox 2378 4496 2495 4544; x_wconf 93' lang='grc' dir='ltr'>σου,</span> <span class='ocrx_word' id='word_1_669' title='bbox 2512 4478 2823 4551; x_wconf 77' lang='grc' dir='ltr'>θαυμαστὸς</span> <span class='ocrx_word' id='word_1_670' title='bbox 2837 4479 2897 4531; x_wconf 83' lang='grc' dir='ltr'><strong>ὲν</strong></span> <span class='ocrx_word' id='word_1_671' title='bbox 2910 4477 3243 4551; x_wconf 82' lang='grc' dir='ltr'>δικαιοσύνῃ.</span> <span class='ocrx_word' id='word_1_672' title='bbox 3264 4474 3446 4546; x_wconf 79' lang='lat' dir='ltr'><strong>Salve,</strong></span> 
     </span>
    </p>
   </div>
   <div class='ocr_carea' id='block_1_92' title="bbox 1866 4547 3444 4618">
    <p class='ocr_par' dir='ltr' id='par_1_92' title="bbox 1866 4547 3444 4618">
     <span class='ocr_line' id='line_1_92' title="bbox 1866 4547 3444 4618; baseline 0 -14"><span class='ocrx_word' id='word_1_673' title='bbox 1866 4547 2063 4615; x_wconf 80' lang='lat' dir='ltr'><strong>Maria,</strong></span> <span class='ocrx_word' id='word_1_674' title='bbox 2094 4547 2353 4618; x_wconf 77' lang='lat' dir='ltr'><strong>templum</strong></span> <span class='ocrx_word' id='word_1_675' title='bbox 2396 4547 2782 4610; x_wconf 76' lang='lat' dir='ltr'><strong>indissolubile,</strong></span> <span class='ocrx_word' id='word_1_676' title='bbox 2808 4564 2903 4618; x_wconf 76' lang='lat' dir='ltr'><strong>seu</strong></span> <span class='ocrx_word' id='word_1_677' title='bbox 2959 4551 3130 4618; x_wconf 80' lang='lat' dir='ltr'><strong>potius</strong></span> <span class='ocrx_word' id='word_1_678' title='bbox 3176 4547 3444 4618; x_wconf 63' lang='lat' dir='ltr'><strong>sanctum,</strong></span> 
     </span>
    </p>
   </div>
   <div class='ocr_carea' id='block_1_93' title="bbox 192 4601 3450 4690">
    <p class='ocr_par' dir='ltr' id='par_1_93' title="bbox 192 4601 3450 4690">
     <span class='ocr_line' id='line_1_93' title="bbox 192 4601 3450 4690; baseline 0.001 -18"><span class='ocrx_word' id='word_1_679' title='bbox 192 4601 870 4690; x_wconf 55' lang='lat' dir='ltr'><strong>.;.&#39;;.&#39;.&#39;.a&#39;afmm.fauia;</strong></span> <span class='ocrx_word' id='word_1_680' title='bbox 898 4601 1756 4689; x_wconf 43' lang='lat' dir='ltr'><strong>vaa:a&#39;isge&#39;adarnaanarg</strong></span> <span class='ocrx_word' id='word_1_681' title='bbox 1792 4601 1837 4657; x_wconf 81' lang='lat' dir='ltr'><strong>D</strong></span> <span class='ocrx_word' id='word_1_682' title='bbox 1864 4601 2555 4690; x_wconf 45' lang='lat' dir='ltr'><strong>aestumatum;</strong></span> <span class='ocrx_word' id='word_1_683' title='bbox 2571 4601 3039 4690; x_wconf 45' lang='lat' dir='ltr'><strong>mactabam</strong></span> <span class='ocrx_word' id='word_1_684' title='bbox 3055 4601 3450 4674; x_wconf 35' lang='lat' dir='ltr'><strong>auehi-sa;</strong></span> 
     </span>
    </p>
   </div>
   <div class='ocr_carea' id='block_1_94' title="bbox 192 4689 449 4753">
    <p class='ocr_par' dir='ltr' id='par_1_94' title="bbox 192 4689 449 4753">
     <span class='ocr_line' id='line_1_94' title="bbox 192 4689 449 4753; baseline -0.012 -8"><span class='ocrx_word' id='word_1_685' title='bbox 192 4705 361 4745; x_wconf 88' lang='lat' dir='ltr'><strong>serm.</strong></span> <span class='ocrx_word' id='word_1_686' title='bbox 395 4689 449 4753; x_wconf 80' lang='lat'><strong>5,</strong></span> 
     </span>
    </p>
   </div>
   <div class='ocr_carea' id='block_1_95' title="bbox 194 4758 1763 4882">
    <p class='ocr_par' dir='ltr' id='par_1_95' title="bbox 194 4758 1763 4882">
     <span class='ocr_line' id='line_1_95' title="bbox 267 4758 1763 4833; baseline -0.001 -18"><span class='ocrx_word' id='word_1_687' title='bbox 267 4758 379 4830; x_wconf 85' lang='lat'><strong>(57)</strong></span> <span class='ocrx_word' id='word_1_688' title='bbox 424 4758 485 4823; x_wconf 75' lang='grc' dir='ltr'><strong>ἐξ</strong></span> <span class='ocrx_word' id='word_1_689' title='bbox 522 4758 822 4829; x_wconf 74' lang='grc' dir='ltr'>ἐνεργείας.</span> <span class='ocrx_word' id='word_1_690' title='bbox 866 4759 1182 4830; x_wconf 86' lang='lat' dir='ltr'><strong>Legendum</strong></span> <span class='ocrx_word' id='word_1_691' title='bbox 1234 4770 1372 4833; x_wconf 85' lang='lat' dir='ltr'><strong>puto</strong></span> <span class='ocrx_word' id='word_1_692' title='bbox 1414 4762 1578 4817; x_wconf 89' lang='lat' dir='ltr'><strong>unica</strong></span> <span class='ocrx_word' id='word_1_693' title='bbox 1624 4774 1763 4815; x_wconf 86' lang='lat' dir='ltr'><strong>voce</strong></span> 
     </span>
     <span class='ocr_line' id='line_1_96' title="bbox 194 4828 527 4882; baseline 0 0"><span class='ocrx_word' id='word_1_694' title='bbox 194 4828 527 4882; x_wconf 79' lang='grc' dir='ltr'>ἐξενεογίας.</span> 
     </span>
    </p>
   </div>
   <div class='ocr_carea' id='block_1_96' title="bbox 256 4846 474 4882">
    <p class='ocr_par' dir='ltr' id='par_1_96' title="bbox 256 4846 474 4882">
     <span class='ocr_line' id='line_1_97' title="bbox 256 4846 474 4882; baseline -0.009 0"><span class='ocrx_word' id='word_1_695' title='bbox 256 4846 340 4882; x_wconf 87' lang='grc' dir='ltr'><strong>ενε</strong></span> <span class='ocrx_word' id='word_1_696' title='bbox 347 4846 416 4882; x_wconf 80' lang='grc' dir='ltr'><strong>ογ</strong></span> <span class='ocrx_word' id='word_1_697' title='bbox 422 4846 474 4882; x_wconf 91' lang='grc' dir='ltr'><strong>ια</strong></span> 
     </span>
    </p>
   </div>
   <div class='ocr_carea' id='block_1_97' title="bbox 225 4828 1766 4975">
    <p class='ocr_par' dir='ltr' id='par_1_97' title="bbox 225 4828 1766 4975">
     <span class='ocr_line' id='line_1_98' title="bbox 225 4828 1254 4899; baseline -0.001 -17"><span class='ocrx_word' id='word_1_698' title='bbox 225 4828 340 4896; x_wconf 79' lang='grc' dir='ltr'>ξενε</span> <span class='ocrx_word' id='word_1_699' title='bbox 360 4828 527 4899; x_wconf 53' lang='grc' dir='ltr'>⁷γίας,</span> <span class='ocrx_word' id='word_1_700' title='bbox 624 4828 627 4829; x_wconf 52' lang='grc'><strong><em>⁷</em></strong></span> <span class='ocrx_word' id='word_1_701' title='bbox 662 4828 667 4829; x_wconf 50' lang='grc'><strong><em>⁷</em></strong></span> <span class='ocrx_word' id='word_1_702' title='bbox 951 4828 967 4830; x_wconf 67' lang='grc'><strong><em>“</em></strong></span> <span class='ocrx_word' id='word_1_703' title='bbox 1235 4828 1254 4833; x_wconf 76' lang='grc'><strong><em>“</em></strong></span> 
     </span>
     <span class='ocr_line' id='line_1_99' title="bbox 225 4845 1766 4975; baseline -0.001 -21"><span class='ocrx_word' id='word_1_704' title='bbox 225 4970 233 4975; x_wconf 95' lang='lat'><strong>_</strong></span> <span class='ocrx_word' id='word_1_705' title='bbox 272 4845 385 4975; x_wconf 53' lang='grc' dir='ltr'>(δέ)</span> <span class='ocrx_word' id='word_1_706' title='bbox 411 4899 477 4975; x_wconf 82' lang='lat' dir='ltr'><strong>_S.</strong></span> <span class='ocrx_word' id='word_1_707' title='bbox 509 4898 1019 4975; x_wconf 70' lang='lat' dir='ltr'><strong>Basil._Seleucien.</strong></span> <span class='ocrx_word' id='word_1_708' title='bbox 1052 4902 1184 4975; x_wconf 70' lang='lat' dir='ltr'><strong>inS.</strong></span> <span class='ocrx_word' id='word_1_709' title='bbox 1213 4903 1431 4975; x_wconf 84' lang='lat' dir='ltr'><strong>Deipar.</strong></span> <span class='ocrx_word' id='word_1_710' title='bbox 1458 4903 1517 4975; x_wconf 86' lang='lat' dir='ltr'><strong>in</strong></span> <span class='ocrx_word' id='word_1_711' title='bbox 1537 4902 1766 4958; x_wconf 87' lang='lat' dir='ltr'><strong>Auctar.</strong></span> 
     </span>
    </p>
   </div>
   <div class='ocr_carea' id='block_1_98' title="bbox 192 4967 1767 5059">
    <p class='ocr_par' dir='ltr' id='par_1_98' title="bbox 192 4967 1767 5059">
     <span class='ocr_line' id='line_1_100' title="bbox 192 4967 1767 5059; baseline 0 0"><span class='ocrx_word' id='word_1_712' title='bbox 192 4967 490 5059; x_wconf 55' lang='grc' dir='ltr'><strong>ςίὶίῑξιὶείὶεέ</strong></span> <span class='ocrx_word' id='word_1_713' title='bbox 516 4978 659 5059; x_wconf 55' lang='lat'><strong>3299:</strong></span> <span class='ocrx_word' id='word_1_714' title='bbox 686 4971 903 5059; x_wconf 61' lang='lat'><strong>13,939:</strong></span> <span class='ocrx_word' id='word_1_715' title='bbox 923 4972 1028 5059; x_wconf 60' lang='lat'><strong>59.2</strong></span> <span class='ocrx_word' id='word_1_716' title='bbox 1056 4991 1070 5027; x_wconf 83' lang='lat'><strong>=</strong></span> <span class='ocrx_word' id='word_1_717' title='bbox 1113 4967 1330 5059; x_wconf 63' lang='grc' dir='ltr'>ἷεπξιδῆ</span> <span class='ocrx_word' id='word_1_718' title='bbox 1349 4975 1472 5036; x_wconf 80' lang='grc' dir='ltr'><strong>ναδς</strong></span> <span class='ocrx_word' id='word_1_719' title='bbox 1498 4973 1767 5059; x_wconf 45' lang='lat' dir='ltr'><strong>“sese</strong></span> 
     </span>
    </p>
   </div>
   <div class='ocr_carea' id='block_1_99' title="bbox 193 5037 1768 5116">
    <p class='ocr_par' dir='ltr' id='par_1_99' title="bbox 193 5037 1768 5116">
     <span class='ocr_line' id='line_1_101' title="bbox 193 5037 1768 5116; baseline 0.001 -25"><span class='ocrx_word' id='word_1_720' title='bbox 193 5039 363 5116; x_wconf 61' lang='grc' dir='ltr'>δντως</span> <span class='ocrx_word' id='word_1_721' title='bbox 417 5037 661 5116; x_wconf 74' lang='grc' dir='ltr'>ἀξιόθεος</span> <span class='ocrx_word' id='word_1_722' title='bbox 703 5037 816 5116; x_wconf 75' lang='grc' dir='ltr'>τοῖς</span> <span class='ocrx_word' id='word_1_723' title='bbox 840 5037 944 5116; x_wconf 65' lang='grc' dir='ltr'>τῆς</span> <span class='ocrx_word' id='word_1_724' title='bbox 969 5037 1512 5116; x_wconf 18' lang='grc' dir='ltr'>ἀγνείαςᾼάρὼμασιν</span> <span class='ocrx_word' id='word_1_725' title='bbox 1541 5037 1768 5116; x_wconf 66' lang='grc' dir='ltr'>εὐωδιατ</span> 
     </span>
    </p>
   </div>
   <div class='ocr_carea' id='block_1_100' title="bbox 197 5109 1768 5182">
    <p class='ocr_par' dir='ltr' id='par_1_100' title="bbox 197 5109 1768 5182">
     <span class='ocr_line' id='line_1_102' title="bbox 197 5109 1768 5182; baseline 0 -22"><span class='ocrx_word' id='word_1_726' title='bbox 197 5109 446 5182; x_wconf 67' lang='grc' dir='ltr'>ξάμενος,</span> <span class='ocrx_word' id='word_1_727' title='bbox 484 5111 512 5162; x_wconf 85' lang='lat'><strong>6</strong></span> <span class='ocrx_word' id='word_1_728' title='bbox 565 5112 835 5182; x_wconf 49' lang='grc' dir='ltr'>μέγας-ὲν</span> <span class='ocrx_word' id='word_1_729' title='bbox 863 5109 1318 5182; x_wconf 28' lang='grc' dir='ltr'>σοὶ-,κατοικήσει</span> <span class='ocrx_word' id='word_1_730' title='bbox 1347 5109 1660 5182; x_wconf 75' lang='grc' dir='ltr'>’ἀρχιερεὺς</span> <span class='ocrx_word' id='word_1_731' title='bbox 1692 5149 1707 5171; x_wconf 84' lang='grc'><strong>,</strong></span> <span class='ocrx_word' id='word_1_732' title='bbox 1740 5111 1768 5160; x_wconf 90' lang='grc' dir='ltr'><strong>ὁ</strong></span> 
     </span>
    </p>
   </div>
   <div class='ocr_carea' id='block_1_101' title="bbox 197 5177 1767 5250">
    <p class='ocr_par' dir='ltr' id='par_1_101' title="bbox 197 5177 1767 5250">
     <span class='ocr_line' id='line_1_103' title="bbox 197 5177 1767 5250; baseline 0.001 -19"><span class='ocrx_word' id='word_1_733' title='bbox 197 5177 341 5250; x_wconf 78' lang='grc' dir='ltr'><strong>κατά</strong></span> <span class='ocrx_word' id='word_1_734' title='bbox 384 5178 482 5247; x_wconf 87' lang='grc' dir='ltr'>τὴν</span> <span class='ocrx_word' id='word_1_735' title='bbox 526 5179 679 5250; x_wconf 75' lang='grc' dir='ltr'>τάξιν</span> <span class='ocrx_word' id='word_1_736' title='bbox 710 5178 1069 5250; x_wconf 62' lang='grc' dir='ltr'>Μελχισεδὲκ,</span> <span class='ocrx_word' id='word_1_737' title='bbox 1100 5177 1333 5250; x_wconf 72' lang='grc' dir='ltr'>ἀμήτωρ</span> <span class='ocrx_word' id='word_1_738' title='bbox 1366 5177 1475 5234; x_wconf 71' lang='grc' dir='ltr'><strong>κὰῖ</strong></span> <span class='ocrx_word' id='word_1_739' title='bbox 1490 5177 1724 5247; x_wconf 77' lang='grc' dir='ltr'>ἀπάτωρ</span> <span class='ocrx_word' id='word_1_740' title='bbox 1748 5192 1767 5208; x_wconf 73' lang='grc'><strong>⁸</strong></span> 
     </span>
    </p>
   </div>
   <div class='ocr_carea' id='block_1_102' title="bbox 198 5248 1771 5319">
    <p class='ocr_par' dir='ltr' id='par_1_102' title="bbox 198 5248 1771 5319">
     <span class='ocr_line' id='line_1_104' title="bbox 198 5248 1771 5319; baseline 0 -19"><span class='ocrx_word' id='word_1_741' title='bbox 198 5248 429 5319; x_wconf 78' lang='grc' dir='ltr'>ἀμήτωρ</span> <span class='ocrx_word' id='word_1_742' title='bbox 461 5250 525 5300; x_wconf 82' lang='grc' dir='ltr'>ἐκ</span> <span class='ocrx_word' id='word_1_743' title='bbox 554 5249 650 5301; x_wconf 82' lang='grc' dir='ltr'><strong>τοῦ</strong></span> <span class='ocrx_word' id='word_1_744' title='bbox 696 5248 831 5319; x_wconf 73' lang='grc' dir='ltr'>Θεοῦ</span> <span class='ocrx_word' id='word_1_745' title='bbox 879 5248 1087 5317; x_wconf 81' lang='grc' dir='ltr'>Πατρός</span> <span class='ocrx_word' id='word_1_746' title='bbox 1102 5265 1129 5319; x_wconf 13' lang='grc' dir='ltr'>,ξ</span> <span class='ocrx_word' id='word_1_747' title='bbox 1162 5248 1392 5319; x_wconf 81' lang='grc' dir='ltr'>ἀπάτωρ</span> <span class='ocrx_word' id='word_1_748' title='bbox 1438 5252 1501 5302; x_wconf 82' lang='grc' dir='ltr'>ὲκ</span> <span class='ocrx_word' id='word_1_749' title='bbox 1530 5251 1626 5317; x_wconf 80' lang='grc' dir='ltr'>τῆς</span> <span class='ocrx_word' id='word_1_750' title='bbox 1664 5264 1771 5316; x_wconf 84' lang='grc' dir='ltr'>μη-</span> 
     </span>
    </p>
   </div>
   <div class='ocr_carea' id='block_1_103' title="bbox 198 5316 1772 5387">
    <p class='ocr_par' dir='ltr' id='par_1_103' title="bbox 198 5316 1772 5387">
     <span class='ocr_line' id='line_1_105' title="bbox 198 5316 1772 5387; baseline 0 -18"><span class='ocrx_word' id='word_1_751' title='bbox 198 5316 345 5387; x_wconf 80' lang='grc' dir='ltr'>τρός.</span> <span class='ocrx_word' id='word_1_752' title='bbox 375 5317 511 5382; x_wconf 78' lang='lat' dir='ltr'><strong>Quia</strong></span> <span class='ocrx_word' id='word_1_753' title='bbox 552 5316 807 5386; x_wconf 82' lang='lat' dir='ltr'><strong>templum</strong></span> <span class='ocrx_word' id='word_1_754' title='bbox 860 5316 1063 5372; x_wconf 71' lang='lat' dir='ltr'><strong>exsistis</strong></span> <span class='ocrx_word' id='word_1_755' title='bbox 1092 5318 1198 5371; x_wconf 90' lang='lat' dir='ltr'><strong>Deo</strong></span> <span class='ocrx_word' id='word_1_756' title='bbox 1248 5316 1370 5371; x_wconf 78' lang='lat' dir='ltr'><strong>vere</strong></span> <span class='ocrx_word' id='word_1_757' title='bbox 1410 5316 1649 5386; x_wconf 83' lang='lat' dir='ltr'><strong>dignum,</strong></span> <span class='ocrx_word' id='word_1_758' title='bbox 1681 5334 1772 5369; x_wconf 90' lang='lat' dir='ltr'><strong>ca-</strong></span> 
     </span>
    </p>
   </div>
   <div class='ocr_carea' id='block_1_104' title="bbox 199 5387 1773 5458">
    <p class='ocr_par' dir='ltr' id='par_1_104' title="bbox 199 5387 1773 5458">
     <span class='ocr_line' id='line_1_106' title="bbox 199 5387 1773 5458; baseline -0.001 -17"><span class='ocrx_word' id='word_1_759' title='bbox 199 5387 396 5458; x_wconf 77' lang='lat' dir='ltr'><strong>stitatis</strong></span> <span class='ocrx_word' id='word_1_760' title='bbox 448 5388 772 5458; x_wconf 67' lang='lat' dir='ltr'><strong>aromatibus</strong></span> <span class='ocrx_word' id='word_1_761' title='bbox 822 5387 950 5458; x_wconf 74' lang='lat' dir='ltr'><strong>bene</strong></span> <span class='ocrx_word' id='word_1_762' title='bbox 1007 5388 1322 5453; x_wconf 85' lang='lat' dir='ltr'><strong>odoratum,</strong></span> <span class='ocrx_word' id='word_1_763' title='bbox 1363 5388 1681 5458; x_wconf 10' lang='lat' dir='ltr'><strong>magnasiin</strong></span> <span class='ocrx_word' id='word_1_764' title='bbox 1720 5394 1773 5440; x_wconf 83' lang='lat' dir='ltr'><strong>te</strong></span> 
     </span>
    </p>
   </div>
   <div class='ocr_carea' id='block_1_105' title="bbox 199 5455 1768 5527">
    <p class='ocr_par' dir='ltr' id='par_1_105' title="bbox 199 5455 1768 5527">
     <span class='ocr_line' id='line_1_107' title="bbox 199 5455 1768 5527; baseline -0.001 -16"><span class='ocrx_word' id='word_1_765' title='bbox 199 5455 511 5527; x_wconf 76' lang='lat' dir='ltr'><strong>inhabitabit</strong></span> <span class='ocrx_word' id='word_1_766' title='bbox 534 5456 795 5526; x_wconf 71' lang='lat' dir='ltr'><strong>Pontifex,</strong></span> <span class='ocrx_word' id='word_1_767' title='bbox 821 5456 912 5527; x_wconf 86' lang='lat' dir='ltr'><strong>qui</strong></span> <span class='ocrx_word' id='word_1_768' title='bbox 934 5460 1218 5510; x_wconf 75' lang='lat' dir='ltr'><strong>secundum</strong></span> <span class='ocrx_word' id='word_1_769' title='bbox 1242 5455 1479 5511; x_wconf 82' lang='lat' dir='ltr'><strong>ordinem</strong></span> <span class='ocrx_word' id='word_1_770' title='bbox 1503 5456 1768 5511; x_wconf 79' lang='lat' dir='ltr'><strong>Melchise-</strong></span> 
     </span>
    </p>
   </div>
   <div class='ocr_carea' id='block_1_106' title="bbox 200 5526 1770 5597">
    <p class='ocr_par' dir='ltr' id='par_1_106' title="bbox 200 5526 1770 5597">
     <span class='ocr_line' id='line_1_108' title="bbox 200 5526 1770 5597; baseline 0.001 -19"><span class='ocrx_word' id='word_1_771' title='bbox 200 5526 294 5578; x_wconf 81' lang='lat' dir='ltr'><strong>dec</strong></span> <span class='ocrx_word' id='word_1_772' title='bbox 340 5526 454 5578; x_wconf 77' lang='lat' dir='ltr'><strong>sine</strong></span> <span class='ocrx_word' id='word_1_773' title='bbox 515 5534 687 5579; x_wconf 87' lang='lat' dir='ltr'><strong>matre</strong></span> <span class='ocrx_word' id='word_1_774' title='bbox 718 5526 912 5588; x_wconf 59' lang='lat' dir='ltr'><strong>est,“</strong></span> <span class='ocrx_word' id='word_1_775' title='bbox 959 5529 1072 5580; x_wconf 80' lang='lat' dir='ltr'><strong>sine</strong></span> <span class='ocrx_word' id='word_1_776' title='bbox 1102 5535 1256 5597; x_wconf 86' lang='lat' dir='ltr'><strong>patre</strong></span> <span class='ocrx_word' id='word_1_777' title='bbox 1285 5545 1302 5580; x_wconf 90' lang='lat'><em>:</em></span> <span class='ocrx_word' id='word_1_778' title='bbox 1335 5528 1416 5581; x_wconf 81' lang='lat' dir='ltr'><strong>Ea:</strong></span> <span class='ocrx_word' id='word_1_779' title='bbox 1455 5527 1562 5597; x_wconf 86' lang='lat' dir='ltr'><strong>Deo</strong></span> <span class='ocrx_word' id='word_1_780' title='bbox 1606 5527 1770 5580; x_wconf 84' lang='lat' dir='ltr'><strong>Patre</strong></span> 
     </span>
    </p>
   </div>
   <div class='ocr_carea' id='block_1_107' title="bbox 197 5596 1763 5667">
    <p class='ocr_par' dir='ltr' id='par_1_107' title="bbox 197 5596 1763 5667">
     <span class='ocr_line' id='line_1_109' title="bbox 197 5596 1763 5667; baseline 0 -17"><span class='ocrx_word' id='word_1_781' title='bbox 197 5597 315 5667; x_wconf 72' lang='lat' dir='ltr'><strong>sine</strong></span> <span class='ocrx_word' id='word_1_782' title='bbox 363 5604 576 5667; x_wconf 80' lang='lat' dir='ltr'><strong>matre;</strong></span> <span class='ocrx_word' id='word_1_783' title='bbox 638 5606 811 5667; x_wconf 30' lang='lat' dir='ltr'><strong>exdte</strong></span> <span class='ocrx_word' id='word_1_784' title='bbox 859 5606 1029 5650; x_wconf 86' lang='lat' dir='ltr'><strong>matre</strong></span> <span class='ocrx_word' id='word_1_785' title='bbox 1091 5596 1205 5650; x_wconf 78' lang='lat' dir='ltr'><strong>sine</strong></span> <span class='ocrx_word' id='word_1_786' title='bbox 1261 5607 1430 5666; x_wconf 88' lang='lat' dir='ltr'><strong>patre.</strong></span> <span class='ocrx_word' id='word_1_787' title='bbox 1465 5596 1763 5667; x_wconf 12' lang='lat' dir='ltr'><strong>S.7Cyrill.</strong></span> 
     </span>
    </p>
   </div>
   <div class='ocr_carea' id='block_1_108' title="bbox 200 5663 1767 5735">
    <p class='ocr_par' dir='ltr' id='par_1_108' title="bbox 200 5663 1767 5735">
     <span class='ocr_line' id='line_1_110' title="bbox 200 5663 1767 5735; baseline 0.002 -19"><span class='ocrx_word' id='word_1_788' title='bbox 200 5663 496 5735; x_wconf 75' lang='lat' dir='ltr'><strong>Alexandr.</strong></span> <span class='ocrx_word' id='word_1_789' title='bbox 532 5672 670 5735; x_wconf 70' lang='lat' dir='ltr'><strong>tuin.</strong></span> <span class='ocrx_word' id='word_1_790' title='bbox 695 5665 759 5721; x_wconf 76' lang='grc' dir='ltr'>γ.</span> <span class='ocrx_word' id='word_1_791' title='bbox 782 5674 924 5735; x_wconf 87' lang='lat' dir='ltr'><strong>part.</strong></span> <span class='ocrx_word' id='word_1_792' title='bbox 957 5682 1014 5732; x_wconf 85' lang='grc' dir='ltr'><strong>ιι,</strong></span> <span class='ocrx_word' id='word_1_793' title='bbox 1060 5663 1289 5720; x_wconf 84' lang='lat' dir='ltr'><strong>Encom.</strong></span> <span class='ocrx_word' id='word_1_794' title='bbox 1351 5668 1404 5720; x_wconf 90' lang='lat' dir='ltr'><strong>in</strong></span> <span class='ocrx_word' id='word_1_795' title='bbox 1454 5666 1513 5721; x_wconf 91' lang='lat' dir='ltr'><strong>S.</strong></span> <span class='ocrx_word' id='word_1_796' title='bbox 1543 5663 1767 5720; x_wconf 60' lang='lat' dir='ltr'><strong>Mai-iatn</strong></span> 
     </span>
    </p>
   </div>
   <div class='ocr_carea' id='block_1_109' title="bbox 207 5733 1767 5806">
    <p class='ocr_par' dir='ltr' id='par_1_109' title="bbox 207 5733 1767 5806">
     <span class='ocr_line' id='line_1_111' title="bbox 207 5733 1767 5806; baseline 0 -22"><span class='ocrx_word' id='word_1_797' title='bbox 207 5733 423 5799; x_wconf 47' lang='lat' dir='ltr'><strong>i‘lt‘ipm&#39;.</strong></span> <span class='ocrx_word' id='word_1_798' title='bbox 450 5749 576 5806; x_wconf 66' lang='lat' dir='ltr'><strong>pag.</strong></span> <span class='ocrx_word' id='word_1_799' title='bbox 594 5734 716 5787; x_wconf 81' lang='grc'>580.</span> <span class='ocrx_word' id='word_1_800' title='bbox 742 5733 989 5806; x_wconf 67' lang='grc' dir='ltr'>Χαίρω-ς,</span> <span class='ocrx_word' id='word_1_801' title='bbox 1021 5736 1227 5806; x_wconf 82' lang='grc' dir='ltr'>Μαρία,</span> <span class='ocrx_word' id='word_1_802' title='bbox 1254 5738 1281 5787; x_wconf 86' lang='lat'><strong>6</strong></span> <span class='ocrx_word' id='word_1_803' title='bbox 1307 5737 1767 5806; x_wconf 62' lang='grc' dir='ltr'>κατάλυτοςναῇς,</span> 
     </span>
    </p>
   </div>
   <div class='ocr_carea' id='block_1_110' title="bbox 212 5804 1770 5875">
    <p class='ocr_par' dir='ltr' id='par_1_110' title="bbox 212 5804 1770 5875">
     <span class='ocr_line' id='line_1_112' title="bbox 212 5804 1770 5875; baseline 0.003 -22"><span class='ocrx_word' id='word_1_804' title='bbox 212 5808 410 5871; x_wconf 59' lang='grc' dir='ltr'>μαλλον</span> <span class='ocrx_word' id='word_1_805' title='bbox 443 5804 499 5856; x_wconf 76' lang='grc' dir='ltr'>δὲ</span> <span class='ocrx_word' id='word_1_806' title='bbox 533 5805 707 5871; x_wconf 68' lang='grc' dir='ltr'>ἅγιος,</span> <span class='ocrx_word' id='word_1_807' title='bbox 748 5804 924 5868; x_wconf 65' lang='grc' dir='ltr'>καθὼς</span> <span class='ocrx_word' id='word_1_808' title='bbox 960 5806 1053 5875; x_wconf 61' lang='grc' dir='ltr'>βοᾷ</span> <span class='ocrx_word' id='word_1_809' title='bbox 1085 5804 1124 5857; x_wconf 48' lang='grc' dir='ltr'><strong>ὁ⁷</strong></span> <span class='ocrx_word' id='word_1_810' title='bbox 1153 5807 1434 5875; x_wconf 68' lang='grc' dir='ltr'>προφήτης</span> <span class='ocrx_word' id='word_1_811' title='bbox 1481 5805 1644 5858; x_wconf 74' lang='grc' dir='ltr'><strong>Δαϐὶδ</strong></span> <span class='ocrx_word' id='word_1_812' title='bbox 1688 5804 1770 5857; x_wconf 77' lang='grc' dir='ltr'><strong>λέ-</strong></span> 
     </span>
    </p>
   </div>
   <div class='ocr_carea' id='block_1_111' title="bbox 481 4688 719 4760">
    <p class='ocr_par' dir='ltr' id='par_1_111' title="bbox 481 4688 719 4760">
     <span class='ocr_line' id='line_1_113' title="bbox 481 4688 719 4760; baseline 0.008 -17"><span class='ocrx_word' id='word_1_813' title='bbox 481 4704 604 4760; x_wconf 87' lang='lat' dir='ltr'><strong>pag.</strong></span> <span class='ocrx_word' id='word_1_814' title='bbox 630 4688 719 4745; x_wconf 77' lang='lat'><strong>27.</strong></span> 
     </span>
    </p>
   </div>
   <div class='ocr_carea' id='block_1_112' title="bbox 1866 4687 3447 4759">
    <p class='ocr_par' dir='ltr' id='par_1_112' title="bbox 1866 4687 3447 4759">
     <span class='ocr_line' id='line_1_114' title="bbox 1866 4687 3447 4759; baseline 0.001 -16"><span class='ocrx_word' id='word_1_815' title='bbox 1866 4687 2008 4743; x_wconf 70' lang='lat' dir='ltr'><strong>etum</strong></span> <span class='ocrx_word' id='word_1_816' title='bbox 2046 4698 2123 4743; x_wconf 73' lang='lat' dir='ltr'><strong>est</strong></span> <span class='ocrx_word' id='word_1_817' title='bbox 2175 4689 2430 4759; x_wconf 86' lang='lat' dir='ltr'><strong>templum</strong></span> <span class='ocrx_word' id='word_1_818' title='bbox 2482 4687 2941 4759; x_wconf 57' lang='lat' dir='ltr'><strong>mammia-abite</strong></span> <span class='ocrx_word' id='word_1_819' title='bbox 2967 4690 3338 4759; x_wconf 19' lang='lat' dir='ltr'><strong>iniwquitate;</strong></span> <span class='ocrx_word' id='word_1_820' title='bbox 3366 4690 3447 4745; x_wconf 86' lang='lat' dir='ltr'><strong>le-</strong></span> 
     </span>
    </p>
   </div>
   <div class='ocr_carea' id='block_1_113' title="bbox 1866 4758 3444 4832">
    <p class='ocr_par' dir='ltr' id='par_1_113' title="bbox 1866 4758 3444 4832">
     <span class='ocr_line' id='line_1_115' title="bbox 1866 4758 3444 4832; baseline -0.001 -18"><span class='ocrx_word' id='word_1_821' title='bbox 1866 4759 2106 4832; x_wconf 88' lang='lat' dir='ltr'><strong>gendum</strong></span> <span class='ocrx_word' id='word_1_822' title='bbox 2128 4758 2661 4832; x_wconf 56' lang='grc' dir='ltr'>ειιὶηιάκατάλυτοί</span> <span class='ocrx_word' id='word_1_823' title='bbox 2674 4759 2822 4832; x_wconf 70' lang='grc' dir='ltr'>ναός.</span> <span class='ocrx_word' id='word_1_824' title='bbox 2853 4758 2987 4832; x_wconf 87' lang='lat' dir='ltr'><strong>V_ide</strong></span> <span class='ocrx_word' id='word_1_825' title='bbox 3015 4758 3444 4832; x_wconf 73' lang='lat' dir='ltr'><strong>Pseudo-Tbau-</strong></span> 
     </span>
    </p>
   </div>
   <div class='ocr_carea' id='block_1_114' title="bbox 1868 4828 3446 4900">
    <p class='ocr_par' dir='ltr' id='par_1_114' title="bbox 1868 4828 3446 4900">
     <span class='ocr_line' id='line_1_116' title="bbox 1868 4828 3446 4900; baseline 0.001 -17"><span class='ocrx_word' id='word_1_826' title='bbox 1868 4828 2109 4898; x_wconf 77' lang='lat' dir='ltr'><strong>inaturg.</strong></span> <span class='ocrx_word' id='word_1_827' title='bbox 2162 4844 2283 4900; x_wconf 80' lang='lat' dir='ltr'><strong>pag.</strong></span> <span class='ocrx_word' id='word_1_828' title='bbox 2333 4828 2491 4900; x_wconf 74' lang='lat'><strong>27.,</strong></span> <span class='ocrx_word' id='word_1_829' title='bbox 2530 4836 2587 4882; x_wconf 88' lang='lat' dir='ltr'><strong>et</strong></span> <span class='ocrx_word' id='word_1_830' title='bbox 2630 4828 3264 4900; x_wconf 80' lang='lat' dir='ltr'><strong>Pseudo-Epipbanium,</strong></span> <span class='ocrx_word' id='word_1_831' title='bbox 3317 4845 3446 4900; x_wconf 86' lang='lat' dir='ltr'><strong>pag.</strong></span> 
     </span>
    </p>
   </div>
   <div class='ocr_carea' id='block_1_115' title="bbox 1867 4845 3451 4981">
    <p class='ocr_par' dir='ltr' id='par_1_115' title="bbox 1867 4845 3451 4981">
     <span class='ocr_line' id='line_1_117' title="bbox 1868 4845 3446 4952; baseline 0.001 -69"><span class='ocrx_word' id='word_1_832' title='bbox 1868 4845 2109 4910; x_wconf 75' lang='lat' dir='ltr'><strong>maturg.</strong></span> <span class='ocrx_word' id='word_1_833' title='bbox 2162 4845 2283 4952; x_wconf 59' lang='lat' dir='ltr'><strong>pag.</strong></span> <span class='ocrx_word' id='word_1_834' title='bbox 2333 4845 2465 4893; x_wconf 71' lang='lat'><strong>21.,</strong></span> <span class='ocrx_word' id='word_1_835' title='bbox 2530 4845 2587 4882; x_wconf 86' lang='lat' dir='ltr'><strong>et</strong></span> <span class='ocrx_word' id='word_1_836' title='bbox 2630 4845 3264 4909; x_wconf 57' lang='lat' dir='ltr'><strong>rseuuo-nptpnamum,</strong></span> <span class='ocrx_word' id='word_1_837' title='bbox 3317 4845 3446 4900; x_wconf 85' lang='lat' dir='ltr'><strong>pag.</strong></span> 
     </span>
     <span class='ocr_line' id='line_1_118' title="bbox 1867 4898 3451 4981; baseline 0 -27"><span class='ocrx_word' id='word_1_838' title='bbox 1867 4900 1993 4965; x_wconf 71' lang='grc'><strong>297,</strong></span> <span class='ocrx_word' id='word_1_839' title='bbox 2026 4916 2079 4981; x_wconf 58' lang='lat' dir='ltr'><strong>in</strong></span> <span class='ocrx_word' id='word_1_840' title='bbox 2134 4914 2229 4969; x_wconf 79' lang='lat' dir='ltr'><strong>qui</strong></span> <span class='ocrx_word' id='word_1_841' title='bbox 2274 4913 2339 4953; x_wconf 91' lang='lat' dir='ltr'><strong>us</strong></span> <span class='ocrx_word' id='word_1_842' title='bbox 2392 4899 2657 4969; x_wconf 84' lang='grc' dir='ltr'>ἀμίαντον</span> <span class='ocrx_word' id='word_1_843' title='bbox 2695 4900 2821 4951; x_wconf 77' lang='grc' dir='ltr'>ναὸν</span> <span class='ocrx_word' id='word_1_844' title='bbox 2848 4913 2966 4953; x_wconf 78' lang='lat' dir='ltr'><strong>sive</strong></span> <span class='ocrx_word' id='word_1_845' title='bbox 3002 4898 3280 4967; x_wconf 70' lang='grc' dir='ltr'>ἄφθαρτον</span> <span class='ocrx_word' id='word_1_846' title='bbox 3316 4904 3451 4954; x_wconf 75' lang='grc' dir='ltr'>ναὸν</span> 
     </span>
    </p>
   </div>
   <div class='ocr_carea' id='block_1_116' title="bbox 1868 4985 2136 5025">
    <p class='ocr_par' dir='ltr' id='par_1_116' title="bbox 1868 4985 2136 5025">
     <span class='ocr_line' id='line_1_119' title="bbox 1868 4985 2136 5025; baseline -0.011 0"><span class='ocrx_word' id='word_1_847' title='bbox 1868 4985 2136 5025; x_wconf 78' lang='lat' dir='ltr'><strong>reperies.</strong></span> 
     </span>
    </p>
   </div>
   <div class='ocr_carea' id='block_1_117' title="bbox 1932 4987 3459 5110">
    <p class='ocr_par' dir='ltr' id='par_1_117' title="bbox 1932 4987 3459 5110">
     <span class='ocr_line' id='line_1_120' title="bbox 1932 4987 3459 5110; baseline -0.001 -16"><span class='ocrx_word' id='word_1_848' title='bbox 1932 4987 2452 5110; x_wconf 50' lang='grc' dir='ltr'>ἳὲὗῖθῧοῑίοηῑθηυε</span> <span class='ocrx_word' id='word_1_849' title='bbox 2501 5038 2780 5110; x_wconf 87' lang='lat' dir='ltr'><strong>Chrysost.</strong></span> <span class='ocrx_word' id='word_1_850' title='bbox 2807 5039 2925 5110; x_wconf 84' lang='lat' dir='ltr'><strong>Pat.</strong></span> <span class='ocrx_word' id='word_1_851' title='bbox 2960 5054 3016 5103; x_wconf 76' lang='grc' dir='ltr'><strong>ν,</strong></span> <span class='ocrx_word' id='word_1_852' title='bbox 3038 5038 3201 5094; x_wconf 75' lang='lat'><strong>2579.</strong></span> <span class='ocrx_word' id='word_1_853' title='bbox 3220 5040 3294 5091; x_wconf 80' lang='grc' dir='ltr'><strong>Σὺ</strong></span> <span class='ocrx_word' id='word_1_854' title='bbox 3320 5040 3459 5110; x_wconf 72' lang='grc' dir='ltr'>μὲν</span> 
     </span>
    </p>
   </div>
   <div class='ocr_carea' id='block_1_118' title="bbox 1871 5108 3440 5180">
    <p class='ocr_par' dir='ltr' id='par_1_118' title="bbox 1871 5108 3440 5180">
     <span class='ocr_line' id='line_1_121' title="bbox 1871 5108 3440 5180; baseline -0.003 -16"><span class='ocrx_word' id='word_1_855' title='bbox 1871 5108 2139 5180; x_wconf 78' lang='grc' dir='ltr'>μακάριον</span> <span class='ocrx_word' id='word_1_856' title='bbox 2166 5109 2395 5180; x_wconf 62' lang='grc' dir='ltr'>δάπεδον</span> <span class='ocrx_word' id='word_1_857' title='bbox 2434 5110 2581 5180; x_wconf 81' lang='grc' dir='ltr'>νάεις</span> <span class='ocrx_word' id='word_1_858' title='bbox 2615 5108 2803 5174; x_wconf 82' lang='grc' dir='ltr'>πόλου,</span> <span class='ocrx_word' id='word_1_859' title='bbox 2833 5109 3016 5180; x_wconf 56' lang='grc' dir='ltr'><strong>⁶ξΑπαν</strong></span> <span class='ocrx_word' id='word_1_860' title='bbox 3075 5110 3267 5180; x_wconf 11' lang='grc' dir='ltr'>πάχος,</span> <span class='ocrx_word' id='word_1_861' title='bbox 3310 5108 3440 5179; x_wconf 85' lang='grc' dir='ltr'>βρό-</span> 
     </span>
    </p>
   </div>
   <div class='ocr_carea' id='block_1_119' title="bbox 1878 5178 3444 5248">
    <p class='ocr_par' dir='ltr' id='par_1_119' title="bbox 1878 5178 3444 5248">
     <span class='ocr_line' id='line_1_122' title="bbox 1878 5178 3444 5248; baseline 0 -18"><span class='ocrx_word' id='word_1_862' title='bbox 1878 5178 2412 5248; x_wconf 10' lang='grc' dir='ltr'>ταονήάλλαξαμένη,</span> <span class='ocrx_word' id='word_1_863' title='bbox 2458 5178 2792 5246; x_wconf 80' lang='grc' dir='ltr'>Ἀφθαρσίας</span> <span class='ocrx_word' id='word_1_864' title='bbox 2814 5178 2861 5230; x_wconf 84' lang='grc' dir='ltr'>τ’</span> <span class='ocrx_word' id='word_1_865' title='bbox 2889 5179 3094 5248; x_wconf 81' lang='grc' dir='ltr'>ἀμφιον</span> <span class='ocrx_word' id='word_1_866' title='bbox 3130 5178 3444 5247; x_wconf 74' lang='grc' dir='ltr'>ἐστολισμέο</span> 
     </span>
    </p>
   </div>
   <div class='ocr_carea' id='block_1_120' title="bbox 1869 5247 3455 5319">
    <p class='ocr_par' dir='ltr' id='par_1_120' title="bbox 1869 5247 3455 5319">
     <span class='ocr_line' id='line_1_123' title="bbox 1869 5247 3455 5319; baseline 0.003 -20"><span class='ocrx_word' id='word_1_867' title='bbox 1869 5265 1959 5319; x_wconf 84' lang='grc' dir='ltr'><strong>νη,</strong></span> <span class='ocrx_word' id='word_1_868' title='bbox 1997 5249 2107 5319; x_wconf 75' lang='grc' dir='ltr'>Ἀεὶ</span> <span class='ocrx_word' id='word_1_869' title='bbox 2154 5247 2202 5300; x_wconf 88' lang='grc' dir='ltr'>τ’</span> <span class='ocrx_word' id='word_1_870' title='bbox 2229 5250 2450 5319; x_wconf 82' lang='grc' dir='ltr'>ἀγήρως</span> <span class='ocrx_word' id='word_1_871' title='bbox 2479 5249 2551 5308; x_wconf 66' lang='grc' dir='ltr'>ὡς</span> <span class='ocrx_word' id='word_1_872' title='bbox 2581 5249 2711 5310; x_wconf 77' lang='grc' dir='ltr'>Θεὸς</span> <span class='ocrx_word' id='word_1_873' title='bbox 2757 5248 2800 5300; x_wconf 86' lang='grc' dir='ltr'>δ’</span> <span class='ocrx_word' id='word_1_874' title='bbox 2838 5247 3177 5318; x_wconf 81' lang='grc' dir='ltr'>ἐγνωσμένη,</span> <span class='ocrx_word' id='word_1_875' title='bbox 3217 5248 3291 5302; x_wconf 88' lang='lat' dir='ltr'><strong>Tu</strong></span> <span class='ocrx_word' id='word_1_876' title='bbox 3325 5251 3455 5319; x_wconf 81' lang='lat' dir='ltr'><strong>qui-</strong></span> 
     </span>
    </p>
   </div>
   <div class='ocr_carea' id='block_1_121' title="bbox 1869 5318 3457 5388">
    <p class='ocr_par' dir='ltr' id='par_1_121' title="bbox 1869 5318 3457 5388">
     <span class='ocr_line' id='line_1_124' title="bbox 1869 5318 3457 5388; baseline 0.002 -19"><span class='ocrx_word' id='word_1_877' title='bbox 1869 5318 1986 5372; x_wconf 84' lang='lat' dir='ltr'><strong>dem</strong></span> <span class='ocrx_word' id='word_1_878' title='bbox 2015 5318 2302 5371; x_wconf 83' lang='lat' dir='ltr'><strong>Beatorum</strong></span> <span class='ocrx_word' id='word_1_879' title='bbox 2337 5318 2450 5371; x_wconf 69' lang='lat' dir='ltr'><strong>caeli</strong></span> <span class='ocrx_word' id='word_1_880' title='bbox 2485 5319 2840 5388; x_wconf 81' lang='lat' dir='ltr'><strong>pavimentum</strong></span> <span class='ocrx_word' id='word_1_881' title='bbox 2868 5328 3033 5383; x_wconf 75' lang='lat' dir='ltr'><strong>tenes,</strong></span> <span class='ocrx_word' id='word_1_882' title='bbox 3066 5319 3131 5372; x_wconf 87' lang='lat' dir='ltr'><strong>ab</strong></span> <span class='ocrx_word' id='word_1_883' title='bbox 3152 5320 3298 5372; x_wconf 88' lang='lat' dir='ltr'><strong>omni</strong></span> <span class='ocrx_word' id='word_1_884' title='bbox 3325 5318 3457 5373; x_wconf 82' lang='lat' dir='ltr'><strong>ean-</strong></span> 
     </span>
    </p>
   </div>
   <div class='ocr_carea' id='block_1_122' title="bbox 1870 5388 3448 5459">
    <p class='ocr_par' dir='ltr' id='par_1_122' title="bbox 1870 5388 3448 5459">
     <span class='ocr_line' id='line_1_125' title="bbox 1870 5388 3448 5459; baseline 0.003 -20"><span class='ocrx_word' id='word_1_885' title='bbox 1870 5390 2101 5441; x_wconf 84' lang='lat' dir='ltr'><strong>cretione</strong></span> <span class='ocrx_word' id='word_1_886' title='bbox 2132 5388 2347 5459; x_wconf 79' lang='lat' dir='ltr'><strong>mortali</strong></span> <span class='ocrx_word' id='word_1_887' title='bbox 2378 5388 2564 5459; x_wconf 61' lang='lat' dir='ltr'><strong>libera,</strong></span> <span class='ocrx_word' id='word_1_888' title='bbox 2588 5389 3000 5456; x_wconf 79' lang='lat' dir='ltr'><strong>incorruptionis</strong></span> <span class='ocrx_word' id='word_1_889' title='bbox 3031 5388 3196 5459; x_wconf 85' lang='lat' dir='ltr'><strong>pallio</strong></span> <span class='ocrx_word' id='word_1_890' title='bbox 3219 5389 3408 5443; x_wconf 81' lang='lat' dir='ltr'><strong>induta</strong></span> <span class='ocrx_word' id='word_1_891' title='bbox 3431 5429 3448 5453; x_wconf 89' lang='lat'><strong>,</strong></span> 
     </span>
    </p>
   </div>
   <div class='ocr_carea' id='block_1_123' title="bbox 1868 5457 3104 5529">
    <p class='ocr_par' dir='ltr' id='par_1_123' title="bbox 1868 5457 3104 5529">
     <span class='ocr_line' id='line_1_126' title="bbox 1868 5457 3104 5529; baseline 0.002 -20"><span class='ocrx_word' id='word_1_892' title='bbox 1868 5473 2075 5528; x_wconf 73' lang='lat' dir='ltr'><strong>semper</strong></span> <span class='ocrx_word' id='word_1_893' title='bbox 2099 5458 2286 5529; x_wconf 30' lang='lat' dir='ltr'><strong>Ahabita</strong></span> <span class='ocrx_word' id='word_1_894' title='bbox 2318 5464 2375 5510; x_wconf 87' lang='lat' dir='ltr'><strong>ut</strong></span> <span class='ocrx_word' id='word_1_895' title='bbox 2407 5457 2566 5529; x_wconf 84' lang='lat' dir='ltr'><strong>Deus,</strong></span> <span class='ocrx_word' id='word_1_896' title='bbox 2594 5461 2877 5529; x_wconf 69' lang='lat' dir='ltr'><strong>senectutis</strong></span> <span class='ocrx_word' id='word_1_897' title='bbox 2897 5457 3104 5529; x_wconf 71' lang='lat' dir='ltr'><strong>expers.</strong></span> 
     </span>
    </p>
   </div>
   <div class='ocr_carea' id='block_1_124' title="bbox 1941 5526 3452 5598">
    <p class='ocr_par' dir='ltr' id='par_1_124' title="bbox 1941 5526 3452 5598">
     <span class='ocr_line' id='line_1_127' title="bbox 1941 5526 3452 5598; baseline 0.001 -19"><span class='ocrx_word' id='word_1_898' title='bbox 1941 5526 2052 5595; x_wconf 77' lang='lat'><strong>(60)</strong></span> <span class='ocrx_word' id='word_1_899' title='bbox 2085 5526 2290 5581; x_wconf 86' lang='lat' dir='ltr'><strong>Contra</strong></span> <span class='ocrx_word' id='word_1_900' title='bbox 2320 5530 2371 5579; x_wconf 78' lang='grc' dir='ltr'><strong>εἰ</strong></span> <span class='ocrx_word' id='word_1_901' title='bbox 2392 5544 2474 5589; x_wconf 86' lang='grc' dir='ltr'><strong>τις</strong></span> <span class='ocrx_word' id='word_1_902' title='bbox 2502 5528 2563 5580; x_wconf 79' lang='grc' dir='ltr'><strong>οὐ</strong></span> <span class='ocrx_word' id='word_1_903' title='bbox 2608 5527 2869 5580; x_wconf 84' lang='grc' dir='ltr'>Θεοτόκον</span> <span class='ocrx_word' id='word_1_904' title='bbox 2897 5526 2997 5598; x_wconf 80' lang='grc' dir='ltr'><strong>τὴν</strong></span> <span class='ocrx_word' id='word_1_905' title='bbox 3042 5526 3261 5598; x_wconf 78' lang='grc' dir='ltr'>Μαρίαν</span> <span class='ocrx_word' id='word_1_906' title='bbox 3319 5528 3452 5598; x_wconf 61' lang='lat' dir='ltr'><strong>timo</strong></span> 
     </span>
    </p>
   </div>
   <div class='ocr_carea' id='block_1_125' title="bbox 1870 5596 3452 5666">
    <p class='ocr_par' dir='ltr' id='par_1_125' title="bbox 1870 5596 3452 5666">
     <span class='ocr_line' id='line_1_128' title="bbox 1870 5596 3452 5666; baseline 0.001 -19"><span class='ocrx_word' id='word_1_907' title='bbox 1870 5596 2158 5665; x_wconf 69' lang='grc' dir='ltr'>λαμϐάνει,</span> <span class='ocrx_word' id='word_1_908' title='bbox 2187 5597 2352 5666; x_wconf 86' lang='grc' dir='ltr'>χωρίς</span> <span class='ocrx_word' id='word_1_909' title='bbox 2386 5598 2501 5648; x_wconf 76' lang='grc' dir='ltr'>ἐστι</span> <span class='ocrx_word' id='word_1_910' title='bbox 2539 5597 2635 5664; x_wconf 82' lang='grc' dir='ltr'><strong>τῆς</strong></span> <span class='ocrx_word' id='word_1_911' title='bbox 2660 5597 2933 5665; x_wconf 75' lang='grc' dir='ltr'>θεότητος.</span> <span class='ocrx_word' id='word_1_912' title='bbox 2953 5596 3152 5666; x_wconf 74' lang='lat' dir='ltr'><strong>Siquis</strong></span> <span class='ocrx_word' id='word_1_913' title='bbox 3179 5596 3452 5666; x_wconf 65' lang='lat' dir='ltr'><strong>existimat</strong></span> 
     </span>
    </p>
   </div>
   <div class='ocr_carea' id='block_1_126' title="bbox 1870 5665 3455 5732">
    <p class='ocr_par' dir='ltr' id='par_1_126' title="bbox 1870 5665 3455 5732">
     <span class='ocr_line' id='line_1_129' title="bbox 1870 5665 3455 5732; baseline -0.001 -12"><span class='ocrx_word' id='word_1_914' title='bbox 1870 5668 2096 5720; x_wconf 82' lang='lat' dir='ltr'><strong>Mariam</strong></span> <span class='ocrx_word' id='word_1_915' title='bbox 2151 5665 2412 5721; x_wconf 31' lang='lat' dir='ltr'><strong>non’ease</strong></span> <span class='ocrx_word' id='word_1_916' title='bbox 2478 5666 2797 5722; x_wconf 78' lang='lat' dir='ltr'><strong>Genitricem</strong></span> <span class='ocrx_word' id='word_1_917' title='bbox 2849 5667 2967 5732; x_wconf 81' lang='lat' dir='ltr'><strong>Dei,</strong></span> <span class='ocrx_word' id='word_1_918' title='bbox 2997 5665 3351 5720; x_wconf 30' lang='lat' dir='ltr'><strong>a&#39;Divinitate</strong></span> <span class='ocrx_word' id='word_1_919' title='bbox 3372 5674 3455 5718; x_wconf 65' lang='lat' dir='ltr'><strong>est</strong></span> 
     </span>
    </p>
   </div>
   <div class='ocr_carea' id='block_1_127' title="bbox 1868 5732 3452 5862">
    <p class='ocr_par' dir='ltr' id='par_1_127' title="bbox 1868 5732 3452 5862">
     <span class='ocr_line' id='line_1_130' title="bbox 1868 5732 3452 5862; baseline -0.001 -72"><span class='ocrx_word' id='word_1_920' title='bbox 1868 5746 2172 5862; x_wconf 57' lang='lat' dir='ltr'><strong>sepgrgttg,</strong></span> <span class='ocrx_word' id='word_1_921' title='bbox 2194 5745 2254 5789; x_wconf 90' lang='lat' dir='ltr'><strong>ut</strong></span> <span class='ocrx_word' id='word_1_922' title='bbox 2278 5736 2352 5791; x_wconf 82' lang='lat' dir='ltr'><strong>ait</strong></span> <span class='ocrx_word' id='word_1_923' title='bbox 2379 5737 2758 5795; x_wconf 78' lang='lat' dir='ltr'><strong>Nazianzenus</strong></span> <span class='ocrx_word' id='word_1_924' title='bbox 2780 5737 2943 5807; x_wconf 83' lang='lat' dir='ltr'><strong>epist.</strong></span> <span class='ocrx_word' id='word_1_925' title='bbox 2968 5737 3017 5801; x_wconf 84' lang='lat' dir='ltr'><strong>l,</strong></span> <span class='ocrx_word' id='word_1_926' title='bbox 3034 5735 3099 5789; x_wconf 88' lang='lat' dir='ltr'><strong>ad</strong></span> <span class='ocrx_word' id='word_1_927' title='bbox 3120 5732 3452 5789; x_wconf 79' lang='lat' dir='ltr'><strong>Cledoniutn</strong></span> 
     </span>
     <span class='ocr_line' id='line_1_131' title="bbox 1874 5824 2175 5862; baseline -0.007 0"><span class='ocrx_word' id='word_1_928' title='bbox 1874 5824 1931 5862; x_wconf 87' lang='grc' dir='ltr'><strong>ῐ).</strong></span> <span class='ocrx_word' id='word_1_929' title='bbox 1972 5825 2030 5860; x_wconf 71' lang='grc' dir='ltr'><strong>ιο</strong></span> <span class='ocrx_word' id='word_1_930' title='bbox 2156 5843 2175 5860; x_wconf 76' lang='grc' dir='ltr'><strong>ο</strong></span> 
     </span>
    </p>
   </div>
   <div class='ocr_carea' id='block_1_128' title="bbox 1874 5808 2175 5872">
    <p class='ocr_par' dir='ltr' id='par_1_128' title="bbox 1874 5808 2175 5872">
     <span class='ocr_line' id='line_1_132' title="bbox 1874 5808 2175 5872; baseline 0 -13"><span class='ocrx_word' id='word_1_931' title='bbox 1874 5824 1931 5872; x_wconf 91' lang='lat' dir='ltr'><strong>p.</strong></span> <span class='ocrx_word' id='word_1_932' title='bbox 1963 5808 2066 5862; x_wconf 73' lang='lat'><strong>758</strong></span> <span class='ocrx_word' id='word_1_933' title='bbox 2110 5808 2175 5860; x_wconf 87' lang='lat' dir='ltr'><strong>D.</strong></span> 
     </span>
    </p>
   </div>
  </div>
