4010 6288
140 5675 149 5683 '
237 5659 497 5718 Gloriosa
515 5658 654 5711 dicta
688 5663 811 5709 sunt
845 5655 908 5708 de
937 5663 1005 5718 te,
1033 5652 1212 5706 civitas

264 342 411 407 3305

1366 342 1773 405 ENCOMIUM
1812 340 1892 402 ΙΝ
1932 343 2001 406 Β.
2041 342 2444 408 VIRGlNEM.

3369 342 3511 405 3306

264 455 528 526 γράπτως
557 452 720 515 αὐτὸς
749 450 1052 521 κατηξίωσέ
1084 468 1144 503 σε
1192 450 1301 506 ἀπὸ
1324 449 1525 520 ταύτης
1553 451 1653 520 τῆς
1679 467 1838 521 προσ-

1948 451 2226 507 cmlestem
2254 451 2486 521 patriam
2516 449 2951 520 proﬁciscerem,
2982 464 3146 520 quam
3170 463 3269 520 per
3298 457 3352 504 te
3383 464 3512 506 san-

166 599 170 602 .
264 545 456 615 καίρου
496 543 736 611 ἐπιγείου
786 542 1044 613 πατρίδος
1074 539 1481 612 παραγενέσθαι
1536 543 1617 600 είς
1664 542 1848 607 κρείτ-

266 653 394 691 τονα
422 634 744 705 ἐπουράνιον
778 632 1031 702 πατρίδα,
1061 631 1129 702 ἢν
1152 632 1248 686 καὶ
1274 632 1363 685 διὰ
1407 630 1502 684 σοῦ
1532 630 1847 701 ἐδωρήσατο

266 731 380 791 τοῖς
414 728 588 796 ἁγίοις
635 726 710 789 ὡς
741 723 1035 794 ἐφιεμένην
1069 723 1273 786 αὐτοῖς.
1324 724 1572 793 Χαίροις,
1631 722 1847 792 ἱλαστήο

266 836 382 891 ριον
407 818 516 889 (68)
546 817 607 872 τὸ
656 816 929 870 θειότατον
966 813 1062 867 καὶ
1109 813 1437 882 θεοῖδρυτον,
1487 813 1556 866 δι’
1601 805 1664 866 οὗ
1692 815 1720 865 6
1748 811 1844 865 τοῦ

266 908 582 977 σύμπαντος
631 906 836 974 κόσμου
901 903 1172 974 προῆλθεν
1230 902 1457 971 ίλασμὸς
1508 900 1603 954 καὶ
1647 901 1842 971 Σωτὴρ

265 996 497 1065 Χριστὸς
523 999 553 1049 6
594 996 748 1058 Θεός.
778 995 877 1048 Ἐκ
906 992 1001 1047 σοῦ
1045 993 1176 1065 γὰρ,
1203 993 1449 1061 παναγία
1484 992 1735 1057 Θεοτόκε,
1763 994 1847 1045 ὲν-

264 1088 559 1157 δυσάμενος
587 1086 648 1140 τδ
676 1089 741 1139 ἐκ
764 1084 1083 1155 Πνεύματος
1112 1085 1270 1152 ἁγίου
1300 1085 1399 1155 τῆς
1430 1083 1632 1154 σαρκὸς
1682 1083 1846 1136 αὐτοῦ

265 1178 696 1248 παραπέτασμα,
729 1177 1004 1249 προῆλθεν
1038 1195 1057 1228 ι
1094 1177 1382 1247 ἀρχιερεὺς
1428 1176 1508 1238 είς
1532 1176 1622 1229 τὸν
1653 1175 1845 1240 αἰῶνα,

265 1269 403 1320 κατὰ
443 1270 540 1334 τὴν
573 1266 726 1329 τάξιν
796 1266 1171 1336 Μελχισεδὲκ,
1231 1286 1250 1318 ι
1302 1267 1377 1329 ὼς
1427 1265 1774 1336 γέγραπταιο
1819 1266 1847 1318 6

264 1357 591 1427 προσλαϐεῖν
651 1374 710 1409 σε
770 1357 1139 1425 χρηματίσας,
1185 1355 1530 1427 δωρούμενος
1587 1356 1696 1419 ἀεὶ,
1751 1356 1846 1407 καὶ

262 1446 680 1515 δυσωπούμενος
723 1447 814 1501 διὰ
842 1447 937 1500 σοῦ
985 1447 1215 1516 ἱλασμὸν
1257 1450 1323 1516 τῇ
1352 1445 1670 1516 οίκουμένῃ.
1713 1445 1848 1498 Χαί-

267 1555 399 1608 ροις,
439 1539 648 1608 Μαρία,
678 1542 706 1592 ὁ
758 1538 946 1609 νοητὸς
979 1537 1074 1591 καὶ
1122 1536 1627 1608 ὑπεραγλαέστατος
1661 1535 1844 1606 παρά-

262 1630 461 1693 δεισος,
514 1633 589 1694 ὼς
618 1634 681 1683 ὲκ
708 1630 1022 1700 Πνεύματος
1063 1629 1220 1698 ἁγίου
1252 1628 1725 1699 καρποφορήσασα
1753 1627 1846 1682 τίαν

263 1724 328 1777 ὲκ
355 1724 490 1776 Θεοῦ
526 1724 742 1795 Πατρὸς
771 1723 943 1793 φύντα
971 1723 1183 1793 καρπὸν
1226 1722 1325 1792 τῆς
1348 1722 1493 1792 ζωῆς
1525 1722 1619 1775 καὶ
1645 1720 1847 1774 ἀθανα-

268 1812 412 1874 σίας,
442 1812 675 1881 Χριστδν
701 1806 795 1864 τὸν
822 1810 1153 1880 Θεὸχήμῶν.
1183 1802 1259 1863 Οὗ
1289 1808 1646 1879 μετασχόντες
1670 1809 1733 1878 τῇ
1764 1809 1846 1870 εἰς

262 1902 426 1956 αὑτὸν
454 1901 588 1973 ὀρθῇ
626 1901 807 1955 πίστει
839 1900 1310 1971 ἐζωοποιήθημεν,
1358 1899 1449 1952 τὸν
1515 1898 1594 1968 τῷ
1632 1896 1845 1967 σώματι

260 1992 525 2063 ἀφθάρτῳ
566 1991 1014 2061 κατασκηνοῦντά
1068 2008 1127 2044 σε
1174 1991 1233 2042 ὲν
1285 1989 1599 2060 παραδείσῳ
1628 1988 1720 2042 καὶ
1758 1988 1847 2041 διὰ

261 2081 358 2135 σοῦ
386 2082 669 2147 ἀνοίξαντα
705 2084 834 2152 ἡμῖν
886 2081 984 2151 τὴν
1041 2082 1122 2144 είς
1157 2081 1320 2134 αὑτὸν
1353 2078 1581 2134 εἴσοδον.
1610 2079 1839 2147 Χαίροις

262 2174 522 2244 μερόπων
568 2172 824 2225 δέσποινα
864 2170 1011 2241 (69),
1056 2169 1301 2238 παναγία
1337 2167 1586 2234 Θεοτόκε,
1619 2158 1678 2230 ὲξ
1716 2161 1783 2236 ἧς
1818 2166 1847 2217 ό

257 2262 358 2318 τοῦ
405 2262 606 2325 παντὸς
644 2262 908 2332 ὐπέρθεος
962 2260 1094 2323 Θεὸς
1141 2260 1233 2313 καὶ
1287 2258 1639 2327 ὑπεράγαθος
1688 2257 1842 2327 ἡμῶν

257 2354 562 2422 Δεσπότης,
595 2354 929 2424 κοινωνήσας
956 2352 1056 2422 τῆς
1082 2351 1192 2404 τῶν
1223 2350 1430 2421 βροτῶν
1452 2349 1612 2420 ἡμῶν
1631 2348 1845 2419 φύσεως

257 2444 408 2498 κατὰ
446 2444 624 2498 πάντα
673 2444 843 2516 χωρὶς
893 2443 1189 2514 ἁμαρτίας,
1235 2440 1507 2513 προῆλθεν
1535 2441 1594 2494 ὲν
1633 2440 1842 2509 κόσμῳ,

256 2532 612 2598 καταξιώσας
643 2534 736 2587 καὶ
759 2535 908 2604 ἡμᾶς
934 2550 954 2585 ι
984 2532 1274 2594 κοινωνοὺς
1291 2530 1545 2600 γενέσθαι
1570 2531 1667 2599 τῆς
1695 2529 1845 2591 θείας

255 2624 433 2677 αὑτοῦ
465 2624 702 2694 φύσεως,
736 2643 753 2674 ι
781 2626 808 2675 6
837 2622 1148 2694 χαριτώσας
1183 2638 1243 2675 σε
1282 2618 1422 2674 εἶναι
1448 2620 1644 2690 νοητὴν
1675 2619 1840 2673 αὑτοῦ

256 2718 423 2770 πόλιν
451 2715 586 2786 (70),
622 2717 714 2768 καὶ
759 2712 1269 2784 προσκαλεσάμενός
1316 2728 1379 2763 σε
1428 2730 1447 2762 ι
1502 2710 1704 2780 Κύριος
1735 2709 1844 2762 τῶν

255 2807 550 2875 δυνάμεων
583 2809 640 2859 ἐν
667 2808 730 2875 τῇ
767 2804 923 2857 πόλει
962 2800 1145 2855 αὐτοῦ.
1179 2819 1197 2852 ι
1249 2801 1499 2871 Χαίροις,
1532 2800 1699 2870 λιμὴν
1731 2800 1839 2868 (71)

256 2895 582 2963 παγκόσμιε
617 2894 710 2946 καὶ
755 2890 1191 2961 ὑπερφαέστατε,
1245 2886 1689 2959 ὴὰναδειχθείσα
1732 2887 1838 2938 ὑπὸ

250 2982 402 3037 Θεοῦ
456 2982 663 3052 ἀληθὴς
708 2981 989 3043 Θεοτόκος.
1035 2979 1123 3031 Ἐν
1150 2977 1286 3048 ,γὰρ
1309 2976 1388 3047 τῷ
1423 2976 1647 3043 πελάγει
1688 2976 1842 3028 τοῦδε

247 3071 361 3126 τοῦ
395 3071 511 3143 βίου
569 3068 938 3141 χειμαζομένη
977 3071 1009 3137 ἡ
1050 3067 1404 3137 ἀνθρωπότης
1454 3067 1720 3119 σέσωσται
1771 3069 1828 3119 ὲν

1947 542 2054 598 etis
2073 557 2192 598 eam
2234 540 2682 619 exspectantibus
2711 540 2955 595 donavit.
3007 539 3140 605 Ave,
3187 541 3512 611 pr0pitiat0-

1951 632 2094 685 rium
2133 629 2527 686 divinissimum
2551 640 2609 686 ct
2640 630 2697 684 in
2742 630 2854 685 Deo
2899 629 3206 695 fundatum,
3238 647 3336 700 per
3360 632 3510 701 quod

1949 722 2220 790 processit
2244 720 2562 791 propitiatio
2588 720 2783 775 mundi
2804 720 3068 785 universi,
3099 722 3336 776 salvator
3353 721 3514 776 Chri-

1948 823 2067 867 stus
2100 812 2263 867 Deus.
2289 813 2369 866 Ex
2394 820 2445 866 te
2464 811 2634 878 enim,
2652 811 2994 865 sanctissima
3012 811 3265 880 Deipara,
3288 812 3513 867 indutus

1948 920 2015 961 ex
2047 904 2259 974 Spiritu
2299 912 2490 959 sancto
2531 903 2713 958 carnis
2742 918 2854 957 suae
2890 904 3012 958 velo
3057 903 3326 973 processit
3354 921 3373 953 ι
3417 903 3514 959 Sa-

1948 994 2164 1058 cerdos,
2193 1002 2254 1049 ut
2275 995 2539 1063 scriptum
2584 1003 2689 1058 est,
2738 992 3045 1049 secundum
3097 992 3346 1048 ordinem
3380 994 3514 1049 Mel-

1948 1085 2204 1140 chisedec
2234 1085 2312 1150 “;
2347 1103 2365 1135 ι
2398 1084 2497 1154 qui
2527 1084 2669 1154 apud
2703 1099 2762 1139 se
2804 1086 2996 1139 statuit
3040 1093 3095 1139 te
3123 1100 3427 1151 assumere,
3453 1093 3514 1139 ut

1948 1190 1981 1229 a
2004 1183 2058 1228 te
2088 1182 2351 1253 exoratus
2380 1189 2598 1244 semper
2620 1173 2742 1227 orbi
2767 1182 2926 1228 terra:
2951 1173 3156 1228 tribuat
3170 1174 3513 1244 propitiatio-

1947 1279 2096 1319 nem.
2116 1263 2231 1323 Ave
2252 1263 2441 1326 Maria,
2469 1263 2773 1333 spiritualis
2789 1262 3168 1318 lucidissimus
3191 1263 3508 1333 paradisus:

1950 1355 2124 1409 tulisti
2149 1356 2296 1409 enim
2322 1371 2389 1410 ex
2414 1355 2624 1425 Spiritu
2649 1363 2838 1411 sancto
2857 1358 2983 1410 vitae
2998 1364 3054 1410 et
3087 1355 3513 1411 immortalitatis

1949 1445 2211 1512 fructum,
2263 1461 2330 1501 ex
2358 1447 2471 1501 Deo
2523 1445 2685 1500 Patre
2732 1447 3008 1517 genitum,
3026 1445 3304 1501 Christum
3338 1446 3512 1501 Deum

1948 1547 2235 1605 nostrum;
2281 1539 2442 1608 cujus
2474 1522 2573 1606 per
2602 1546 2807 1593 rectam
2847 1538 2904 1592 in
2933 1553 3058 1592 eum
3087 1538 3249 1608 ﬁdem
3293 1538 3516 1607 partici-

1949 1607 2591 1692 pes,viviticatisumus;
2624 1625 2719 1695 qui
2747 1626 2845 1680 tibi
2869 1627 2924 1680 in
2961 1607 3367 1696 incorruptibili
3394 1642 3517 1681 cor-

1948 1726 2081 1782 pore
2114 1713 2530 1768 tabernaculum
2586 1715 2644 1768 in
2677 1715 2936 1784 paradiso
2961 1716 3183 1777 locavit,
3228 1724 3281 1769 et
3331 1732 3428 1785 per
3459 1724 3513 1769 te

1873 1777 1921 1835 Β
1949 1777 2116 1858 nobis
2148 1804 2279 1859 illuc
2312 1806 2532 1875 aperuit
2557 1777 2887 1877 ingressum.
2911 1805 3042 1870 Ave,
3076 1777 3386 1860 mortalium
3410 1807 3516 1860 Do-

1946 1895 2115 1960 mina,
2150 1897 2495 1952 sanctissima
2527 1898 2762 1967 Deipara
2783 1939 2798 1964 ,
2840 1912 2907 1953 ex
2929 1913 3057 1967 qua,
3083 1897 3177 1967 qui
3210 1912 3375 1967 super
3395 1913 3516 1951 om-

1946 1984 2038 2038 nia
2067 1992 2152 2039 est
2178 1985 2324 2039 Deus
2382 1995 2440 2040 et
2482 1987 2947 2043 clementissimus
2994 1988 3258 2043 Dominus
3306 1995 3511 2051 noster,

1948 2074 2231 2146 particeps
2260 2076 2454 2142 totius,
2490 2085 2718 2147 excepto
2752 2085 3004 2147 peccato,
3032 2078 3281 2132 mortalis
3302 2086 3515 2132 natura:

1949 2174 2173 2229 nostrae,
2198 2165 2471 2234 processit
2493 2165 2551 2219 in
2575 2166 2865 2231 mundum,
2897 2182 3108 2237 nosque
3140 2164 3334 2237 dignos
3363 2166 3514 2232 fecit,

1947 2256 2039 2326 qui
2075 2270 2322 2311 essemus
2375 2275 2393 2304 ι
2423 2256 2623 2311 divinae
2657 2258 2777 2328 ejus
2817 2265 3030 2313 naturae
3067 2267 3352 2314 consortes
3374 2259 3456 2326 ³⁸;
3490 2278 3509 2310 ι

1947 2345 2041 2415 qui
2070 2360 2135 2400 ea
2151 2351 2207 2401 te
2237 2346 2467 2401 donavit
2505 2349 2702 2417 gratia,
2733 2358 2795 2403 ut
2814 2364 2912 2404 sua
2944 2364 3094 2404 esses
3120 2350 3317 2404 civitas
3354 2349 3517 2405 intel-

1947 2436 2196 2506 ligibilis,
2225 2445 2390 2509 teque
2429 2439 2649 2492 vocavit
2690 2457 2709 2490 ι
2742 2439 3009 2495 Dominus
3032 2439 3300 2495 virtutum
3344 2439 3403 2494 in
3440 2439 3518 2494 ci-

1946 2527 2178 2582 vitatem
2203 2542 2355 2582 suam
2379 2529 2447 2584 ⁸⁶.
2486 2547 2504 2580 ι
2541 2529 2678 2596 Ave,
2704 2530 3055 2586 ornatissime
3081 2540 3139 2586 et
3176 2530 3516 2587 lucidissime

1948 2628 2159 2689 portus.
2187 2636 2308 2691 qua:
2331 2638 2361 2675 a
2389 2622 2503 2678 Deo
2530 2622 2676 2678 facta
2711 2637 2772 2678 es
2805 2638 2936 2678 vera
2966 2624 3064 2679 Dei
3085 2623 3320 2694 genitrix
3353 2640 3366 2676 :
3393 2624 3515 2695 jac-

1949 2717 2123 2763 tatum
2157 2711 2306 2763 enim
2347 2710 2405 2765 in
2431 2711 2598 2783 hujus
2628 2713 2755 2767 vita:
2787 2713 2982 2782 pelago
3009 2726 3185 2783 genus
3214 2712 3517 2767 humanum

1949 2800 2007 2854 in
2033 2807 2084 2855 te
2123 2813 2400 2857 servatum
2444 2813 2530 2857 est
2553 2844 2567 2867 ,
2608 2819 2670 2858 ac
2698 2820 2797 2873 per
2820 2811 2872 2858 te
2905 2804 3049 2859 dona
3093 2811 3150 2859 et
3177 2804 3517 2874 sempiterna

1948 2889 2093 2944 bona
2135 2899 2221 2944 est
2261 2891 2522 2961 adeptum
2552 2893 2621 2947 ab
2650 2909 2737 2957 eo,
2784 2894 2878 2964 qui
2908 2904 2960 2949 te
2995 2895 3052 2948 in
3095 2896 3355 2965 praesenti
3381 2904 3519 2950 tem-

1949 2994 2085 3050 pore
2134 2981 2359 3036 maximi
2400 2981 2554 3050 fecit,
2588 2991 2644 3038 et
2690 2984 2746 3038 in
2793 2985 3054 3040 sazculum
3085 2986 3272 3041 saeculi
3310 2985 3518 3057 gloriﬁ-

1953 3071 2114 3125 cavit.

251 3165 373 3225 σοι,
405 3162 497 3214 καὶ
524 3161 611 3214 διὰ
633 3161 725 3213 σοῦ
776 3158 1145 3227 ἀντεκτήσατο
1184 3156 1499 3227 χαρίσματα
1526 3156 1621 3209 καὶ
1680 3154 1875 3208 αἰώνια
1901 3159 2083 3227 ἀγαθά
2112 3161 2216 3215 ὑπὸ
2256 3162 2352 3216 τοῦ
2401 3164 2782 3234 θαυμάσαντός
2811 3181 2869 3218 σε
2918 3166 2973 3218 ἐν
2998 3167 3077 3238 τῷ
3102 3166 3197 3221 νῦν
3218 3166 3403 3240 καιρῷ
3421 3170 3515 3223 καὶ

249 3251 733 3323 ὑπερδοξάσαντός
769 3264 827 3300 σε
862 3248 940 3310 είς
973 3246 1144 3299 αἰῶνα
1178 3245 1394 3307 αἰῶνος.

330 3288 1090 3409 ἷὲΐῖαἴοίυπρολεχθέντες
1116 3288 1433 3405 ἐσταλμένοι
1467 3333 1648 3388 θεόθεν
1696 3333 1843 3402 ἅγιοι
1868 3288 1911 3307 υ

256 3432 505 3501 ἄγγελοι,
534 3428 853 3490 ἐπιστάντες
898 3430 962 3497 τῇ
1000 3426 1323 3495 Θεομήτορι,
1386 3424 1481 3478 ἆτε
1536 3425 1711 3494 νοεροὶ
1743 3425 1840 3476 καὶ

256 3523 486 3588 ἀόρατοι
514 3519 663 3581 ὄντες
684 3559 700 3583 ,
738 3517 1059 3586 θεασάμενοι
1100 3514 1162 3568 τὸ
1191 3512 1543 3585 ὑπερένδοξον
1572 3514 1669 3582 τῆς
1706 3531 1838 3566 συν-

252 3609 429 3678 ούσης
475 3608 612 3675 αὐτῇ
659 3606 807 3666 θείας
852 3604 1071 3673 χάριτος
1107 3600 1533 3670 καὶδυνάμεως,
1565 3599 1839 3665 ἐξίσταντο

254 3697 694 3766 ἐκπληττόμενοι
718 3698 798 3758 είς
834 3695 895 3747 τὸ
918 3694 1050 3764 περὶ
1072 3693 1244 3761 αὐτῆς
1279 3692 1421 3745 θεῖον
1452 3692 1835 3762 ἀκατάληπτον

257 3790 586 3862 μυστήριον.
621 3786 733 3839 Καῖ
760 3788 809 3839 οἱ
848 3784 946 3854 μὲν
984 3780 1128 3836 οῦτοι
1156 3782 1373 3853 ἔχαιρον
1422 3782 1515 3834 καὶ
1541 3782 1835 3851 ἠγάλλοντο

161 3879 167 3885 ⁷
252 3878 591 3953 προσλαϐεῖν
615 3877 783 3946 αὐτὴν
812 3876 889 3938 ὡς
920 3874 1130 3945 μητέρα
1159 3872 1252 3926 τοῦ
1292 3873 1561 3924 Δεσπότου
1607 3872 1787 3925 αὐτῶν
1812 3889 1826 3901 ο

249 3975 302 4028 oi
336 3971 400 4025 δέ
435 3985 499 4038 γε
552 3967 835 4022 ἀπόστολοι
890 3962 1364 4034 ἀωρφανισθῆναι
1394 3962 1835 4033 σωματικῶςτῆς

249 4059 606 4132 Θεομήτορος
641 4054 954 4121 ἐλυποῦντο,
991 4054 1089 4123 οὐχ
1111 4047 1273 4123 ἧττον
1302 4053 1396 4122 τῆς
1442 4053 1593 4123 ίερᾶς
1620 4053 1832 4122 ἐκείνης

249 4151 474 4215 νυκτὸς,
505 4147 628 4201 καθ’
676 4147 742 4216 ἢν
777 4142 1294 4217 μυσταγωγούμενοι
1329 4144 1397 4196 τὰ
1438 4142 1681 4212 σύμὸολα
1734 4145 1834 4214 τῆς

245 4239 348 4293 τοῦ
388 4237 594 4299 παντὸς
620 4236 828 4308 κόσμου
858 4233 1156 4304 σωτηρίας,
1184 4232 1380 4301 ἢκουον
1412 4234 1564 4302 παρὰ
1590 4232 1685 4285 τοῦ
1711 4233 1826 4286 Σω-

246 4330 424 4401 τῆρος
474 4327 737 4401 Χριστοῦ,
769 4330 851 4383 ὅτι
910 4344 929 4377 ι
977 4324 1041 4377 Ἦ
1097 4323 1240 4393 λύπη
1284 4322 1646 4394 πεπλήρωκεν
1673 4322 1829 4393 ὑμῶν

2019 3332 2110 3387 XI.
2132 3332 2201 3386 Et
2219 3332 2467 3402 praedicti
2489 3332 2715 3402 quidem
2740 3334 2915 3389 sancti
2945 3333 3121 3405 angeli
3139 3350 3169 3389 a
3193 3336 3306 3391 Deo
3333 3337 3510 3402 missi,

1948 3423 2268 3477 assistentes
2296 3421 2396 3476 Dei
2420 3419 2709 3488 Genitrici,
2741 3429 2804 3476 ut
2827 3421 2922 3491 qui
2955 3431 3084 3476 sunt
3109 3422 3514 3479 intellectuales

1944 3521 2003 3566 et
2034 3512 2356 3575 invisibiles,
2379 3521 2441 3566 ut
2462 3514 2755 3567 maximam
2777 3513 3153 3583 perspicerent
3177 3513 3405 3583 gloriam
3428 3513 3512 3569 di-

1944 3599 2087 3653 vinae
2120 3601 2310 3669 gratiae
2330 3608 2387 3654 et
2423 3601 2666 3667 virtutis,
2692 3618 2814 3671 qum
2833 3612 3099 3657 eratcum
3127 3602 3238 3668 illa,
3266 3603 3511 3673 perculsi

1945 3697 2074 3742 sunt
2096 3701 2322 3758 stupore
2346 3691 2593 3746 etextasi
2618 3692 2685 3746 ad
2722 3692 2969 3746 divinum
3002 3700 3059 3747 et
3089 3691 3511 3762 incomprehen-

1941 3780 2101 3834 sibilc
2133 3780 2200 3835 de
2241 3796 2303 3834 ea
2341 3783 2684 3853 mysterium.
2718 3787 2899 3853 Atque
2932 3784 3010 3839 illi
3034 3784 3256 3854 quidem
3297 3783 3506 3855 gaude-

1940 3868 2076 3923 bant
2112 3878 2167 3924 et
2190 3871 2558 3939 exsultabant,
2593 3873 2739 3943 quod
2766 3873 2939 3942 ipsam
2965 3875 3276 3944 suscepturi
3318 3885 3506 3930 essent

1941 3961 2169 4017 Matrem
2197 3962 2415 4017 Domini
2442 3965 2549 4018 sui.
2578 3965 2826 4034 Apostoli
2860 3980 3011 4030 vero,
3037 3966 3186 4035 quod
3215 3967 3328 4031 illa,
3354 3967 3503 4036 quod

1942 4052 2010 4107 ad
2055 4066 2254 4122 corpus
2306 4053 2521 4119 attinet,
2572 4054 2924 4121 orbarentur,
2961 4071 3070 4110 non
3123 4057 3308 4112 minus
3333 4073 3504 4127 ange-

1938 4143 2143 4197 bantur
2172 4142 2379 4208 animo,
2425 4158 2589 4212 quam
2620 4159 2773 4199 sacra
2808 4144 2901 4200 illa
2929 4156 3114 4211 nocte,
3140 4162 3265 4203 cum
3297 4148 3502 4205 initiati

1937 4232 2202 4304 symbolis
2231 4233 2424 4289 salutis
2452 4234 2695 4290 universi
2731 4222 2943 4303 mundi,
2978 4239 3277 4294 audierunt
3310 4256 3341 4294 a
3380 4239 3502 4295 Sal-

1934 4332 2123 4379 vatore
2145 4321 2389 4388 Christo,
2415 4342 2434 4375 ι
2467 4323 2713 4379 Tristitia
2737 4326 2986 4397 implevit
3006 4343 3102 4384 cor
3125 4337 3369 4385 vestrum
3393 4330 3491 4385 ⁵⁷.»

313 4509 363 4542 ⁸⁸
400 4506 548 4562 Psal.
570 4519 677 4569 CIX,
704 4505 773 4571 4;
805 4502 974 4558 Hebr.
1014 4519 1067 4569 v,
1094 4501 1146 4556 6.
1224 4501 1270 4532 ⁸⁸
1292 4500 1337 4554 11
1357 4501 1506 4556 Pctr.
1529 4519 1566 4566 ι,
1593 4500 1645 4554 4.
1721 4501 1768 4533 ³⁸
1796 4500 1838 4555 Ρ

1972 4516 2134 4566 XLVII,
2158 4499 2211 4555 9.
2286 4500 2333 4533 "
2356 4501 2514 4557 Joan.
2542 4517 2651 4565 τινι,
2678 4502 2731 4557 6.

329 4689 447 4761 (68)
488 4689 544 4745 S.
572 4688 824 4761 prraam
857 4684 1055 4761 itidem‘
1070 4683 1132 4736 Β.
1162 4681 1387 4761 Mariam
1417 4690 1551 4736 tom.
1577 4683 1667 4745 Ill,
1692 4697 1813 4761 pag.

245 4752 384 4826 5‘23,
417 4752 578 4814 vocat
604 4752 666 4810 τὸ
692 4754 960 4828 ἡμέτερον
1019 4752 1351 4872 ἱλαστήριον,
1378 4760 1617 4805 nostrum
1649 4752 1825 4820 ρνορξ-

248 4829 552 4872 n'ntnn'nm-
610 4826 842 4872 Sanctus
898 4836 1030 4872 vero
1085 4820 1210 4872 Cvr]
1233 4820 1270 4872 1.
1319 4820 1546 4872 Alexan.
1595 4820 1820 4872 Eucom.

247 4820 552 4886 tiatorium.
610 4820 842 4881 Sanctus
869 4820 1030 4891 ‘vero
1085 4820 1270 4891 Cyrill.
1319 4820 1546 4891 Alexan.
1595 4820 1820 4875 Encom.

245 4901 315 4955 B.
343 4898 419 4953 M.
447 4897 694 4963 Deiparze
716 4907 834 5015 pag.
856 4890 954 4946 581
980 4889 1273 4945 rotundius
1299 4889 1409 4973 ait;
1434 4889 1678 4974 Xaipotg,
1706 4892 1823 4942 Μα-

250 4972 350 5015 nia.
382 4964 635 5015 Θεοτόκε.
668 4964 718 5015 δι
785 4978 824 5015 ..τ
848 4962 998 5014 πᾶσα
1028 4961 1161 5015 πνοὴ
1214 4975 1543 5011 πιστεύουσα
1575 4958 1822 5015 σωζεται,

292 4972 350 5022 Ea.
382 4958 635 5028 Θεοτόκε,
668 4958 734 5032 δι³
758 4958 824 5032 ἧς
848 4962 998 5014 πᾶσα
1028 4961 1162 5029 πνοὴ
1214 4958 1822 5032 πιστεύουσασώζεται,

292 4988 350 5022 ια.
382 4988 635 5028 υεστοκε,
668 4988 718 5015 υι
758 4988 822 5032 ης
848 4988 998 5014 παφα
1028 4988 1162 5029 ’ίινυη
1214 4988 1543 5011 ὀ-ιυΊιιυυυυυι
1575 4988 1819 5023 υωξενιαι,

242 4988 438 5102 gulae,
464 5033 640 5090 Maria
667 5031 922 5101 Deipara,
954 5046 1045 5099 per
1066 5044 1225 5100 quam
1242 5029 1410 5082 omnis
1423 5027 1664 5082 salvatur
1688 5027 1819 5095 ﬁde-

244 5108 315 5163 lis
338 5125 365 5162 ε
408 5108 578 5160 iritus.

330 5122 1110 5247 (6’9)_Nazian;_enus__Christ.
1172 5167 1290 5247 Pat.
1323 5183 1378 5246 γ,
1403 5165 1524 5221 655.
1554 5166 1821 5247 Δέσποινα

244 5236 617 5313 παῆκόίρανε,
646 5242 843 5313 Μῆτερ
870 5238 1155 5308 Κοιράνου,
1196 5236 1424 5289 Domina
1455 5250 1574 5304 quae
1622 5237 1818 5287 cunctis

242 5309 509 5381 imperas,
527 5309 869 5381 Imperat_o_ris
899 5316 1087 5362 mater.

349 5380 444 5449 '70)
492 5373 1028 5449 Pseudo-Thaumat.
1087 5388 1253 5449 scrin.
1277 5376 1335 5449 5,
1384 5389 1438 5443 p.
1471 5374 1560 5449 27.
1584 5373 1818 5449 Ἀπελθε

241 5438 1010 5525 πρδς-ίτῂν-ἔμψυχονπόλ-ιν,
1050 5446 1178 5525 περι
1204 5438 1277 5522 ἦς
1375 5438 1819 5525 πφφήτηςλέλε.

284 5512 768 5589 ἐν”Δεδοξασμένα
791 5514 1026 5589 ἐλαλήθη
1045 5512 1299 5589 περίσοῦ,
1320 5512 1353 5582 ἡ
1379 5512 1532 5589 πόλις
1545 5512 1638 5566 τοῦ
1658 5512 1815 5589 θεοῦ·

286 5591 396 5645 ade
427 5588 497 5642 ad
527 5582 818 5642 animatum
840 5582 1127 5653 civitatem,
1148 5582 1211 5635 dc
1241 5598 1345 5653 qua
1374 5582 1504 5653 dixit
1524 5583 1777 5653 propheta
1800 5600 1819 5637 :

1291 5652 1358 5707 ei.
1380 5652 1450 5708 Et
1477 5651 1535 5710 S.
1566 5651 1816 5723 Ephrarm

540 5747 815 5808 PA‘I'ROL.
856 5745 974 5808 Ga.
1015 5741 1330 5807 LXXXVI.

1934 4690 1971 4735 t.
1998 4684 2087 4757 l_ll,
2123 4700 2244 4757 pag.
2270 4686 2373 4757 529
2406 4703 2420 4739 :
2452 4684 2612 4749 Πόλις
2637 4682 2963 4757 _106_830_6,
2995 4686 3123 4756 περὶ
3138 4681 3230 4757 -ἦς
3273 4686 3494 4754 δεδοξα-

1936 4752 2137 4827 σμένα
2165 4752 2483 4827 λελάληνται
2529 4754 2660 4827 περὶ
2708 4752 2825 4807 σοῦ’
2880 4752 3082 4809 Civitas
3124 4752 3239 4821 Dei,
3268 4757 3330 4808 de
3390 4752 3495 4827 qua

1933 4820 2162 4890 gloriosa
2188 4824 2328 4878 dicta
2348 4820 2476 4878 sunt
2503 4824 2568 4876 de
2589 4820 2657 4877 te.
2683 4827 2696 4836 '

2009 4889 2203 4974 (3t)_§.
2237 4892 2490 4974 prraem
2528 4906 2705 4974 serm.
2738 4892 2917 4974 Latin.
2946 4908 3068 4974 pag.
3092 4892 3372 4974 576,tom.
3402 4895 3495 4974 111,

1933 4958 1999 5014 G.
2018 4958 2112 5013 'L.’
2132 4961 2206 5015 Tu
2244 4958 2381 5016 enim
2421 4972 2598 5016 noster
2620 4978 2673 5016 es
2696 4971 2898 5032 portus,
2930 4958 2961 5015 ὁ
2980 4958 3495 5032 Yirgointemerata,

1933 5038 1983 5082 et
2005 5046 2234 5099 praesens
2254 5033 2341 5100 pia
2363 5032 2677 5087 auxiliatrim
2691 5049 2710 5095 ;
2730 5040 2785 5086 et
2807 5031 2945 5085 infra
2975 5031 3048 5085 ib.
3074 5031 3183 5085 col.
3204 5032 3259 5096 2,
3281 5033 3342 5085 Β.
3366 5033 3494 5099 Aw,

1921 5111 2100 5167 portus
2117 5101 2571 5172 tranquillissime,
2592 5114 2641 5154 et
2662 5119 2694 5154 a
2706 5101 2958 5172 ﬂuctibus
2964 5100 3305 5172 procellisque
3317 5104 3463 5171 agita
3479 5133 3495 5145 ο

1922 5177 2093 5240 torum
2136 5169 2406 5240 lib_eratriaz
2437 5169 2899 5225 desideratissima.
2919 5169 2986 5224 Et
3000 5185 3124 5240 pag.
3143 5169 3497 5240 55Ᾱ.Χα“ίροις

1919 5238 2016 5328 6.1:
2024 5238 2258 5328 PhV‘TGJV
2272 5240 2673 5328 πλεόντωνίζξιαὶ
2693 5238 3036 5328 οκέτιτέιλᾼικξξι
3047 5238 3496 5328 Portus‘nauigan-
3563 5287 3577 5304 ,

1921 5308 2052 5361 tium
2099 5316 2156 5379 ret
2210 5311 2479 5379 protectio.
2532 5309 2601 5379 Et
2646 5322 2770 5378 pag.
2822 5309 2944 5363 546.
2992 5309 3114 5364 Τῶν
3180 5308 3498 5379 ἀϐοηθήτων

1920 5377 2335 5445 χειμαζομένων
2366 5380 2430 5431 σὺ
2457 5377 2878 5449 λιμήνάαὸιαιίε
2912 5380 3077 5448 ﬂuctu
3106 5381 3219 5434 sine
3247 5377 3498 5449 ulla‘ope

1920 5456 1975 5498 tu
1999 5462 2059 5519 εδ
2095 5455 2311 5519 portus;
2344 5462 2465 5519 pag.
2498 5447 2704 5519 547E.
2741 5447 2932 5519 Χαῖρε,
2972 5449 3033 5501 τὸ
3056 5452 3233 5519 τεῖχος
3260 5449 3377 5519 τῶν
3405 5447 3499 5502 πι-

1923 5516 2082 5579 στῶν,
2129 5516 2292 5586 λιμὴν
2350 5517 2786 5586 κινδυνευόντων,

1923 5516 2082 5579 στῶν,
2129 5516 2292 5586 λιμὴν
2350 5517 2786 5586 κινδυνευόντων,
2818 5516 2995 5585 Salve,
3026 5516 3207 5587 murus
3236 5518 3495 5589 ﬁdelium,

1920 5594 2104 5655 portus
2137 5586 2572 5656 periclitantium.

3064 5746 3176 5808 104
