4010 6288
287 329 426 399 8317

1536 337 1633 395 DE
1676 333 1844 392 INCA
1857 324 2268 389 RNATION’E.

3383 305 3521 368 3:118

287 440 385 495 καὶ
402 438 482 492 ἔτι
509 437 734 510 μυρίους
758 439 1000 510 ἱδρώτων
1029 437 1250 506 μισθοὺς
1275 439 1848 510 όφειλόμενοι,’Έσται

1980 434 2038 488 lis
2088 431 2331 487 debitam
2382 422 2786 496 praastatiorcm
2839 425 3152 491 sperantes,
3189 415 3304 470 Erit
3352 413 3519 480 enim,

284 531 416 602 γὰρ,
437 535 621 600 φησιν,
647 533 680 584 ὀ
691 530 908 598 μισθός
927 531 1094 599 ὑμῶν
1113 531 1305 596 πολὺς
1329 531 1399 604 ἐξ·
1417 533 1540 600 τοῖς
1553 534 1851 602 οὐρανοῖς,

286 624 335 674 εί
366 622 461 675 καὶ
493 622 711 690 μικροῖς
738 619 1026 672 ὑπέκειντο
1058 619 1530 690 πλημμελήμασιν
1554 663 1568 688 ,
1603 614 1859 690 ἀγαπῶσί

287 707 424 762 πολύ
447 723 460 738 ο
514 709 577 761 τὸ
619 709 674 761 δὲ
721 707 829 763 τῶν
860 706 1199 778 ἁμαρτωλῶν
1225 707 1380 778 ἡμῶν
1411 708 1614 778 πλῆθος
1645 711 1857 780 μυρίοις

289 799 544 869 βρύοντες
572 798 756 851 ἕλκεσι
777 839 793 862 ,
839 799 933 851 καὶ
960 797 1036 860 ώς
1065 798 1214 862 εἰκὸς
1243 799 1417 852 πολλά
1443 801 1538 854 καὶ
1562 801 1640 872 τῷ
1664 799 1858 870 βαπτί-

287 907 454 960 σματι
473 931 488 952 ,
541 889 635 942 καὶ
665 890 740 952 ὡς
769 889 943 951 ἄλλως
969 889 1302 960 χρηστότητι
1331 889 1452 960 θείᾳ
1479 891 1858 960 συγχωρηθέν-

285 995 374 1035 τες
406 979 498 1031 καὶ
527 978 648 1032 καθ’
679 978 891 1048 ἡμέραν
921 977 1256 1040 ἀδικοῦντες,
1289 978 1387 1032 καὶ
1415 981 1522 1032 τῶν
1552 979 1702 1050 παρά
1725 979 1859 1034 Θεοῦ

286 1073 505 1126 πάντων
551 1073 771 1142 ἀγαθῶν
828 1072 973 1142 ὑπὲρ
1015 1073 1141 1134 τοὺς
1187 1071 1429 1138 ἀγαθοὺς
1479 1071 1861 1134 ἀπολαύοντες,

292 1165 464 1233 μικρὰ
517 1165 616 1232 τῆς
671 1163 1046 1232 ἀνεχομένης,
1109 1163 1204 1214 καὶ¹
1255 1160 1467 1232 μεγάλα
1515 1161 1864 1230 δωρουμένης

288 1255 438 1316 θείας
463 1255 678 1322 ἀγάπης
703 1251 1080 1322 φροντίζομεν.
1101 1251 1158 1304 ’0
1182 1251 1280 1321 μὲν
1302 1251 1411 1320 γὰρ
1436 1251 1555 1304 Ἰὼϐ
1581 1252 1866 1320 ἄμεμπτος

287 1345 364 1397 ὣν
390 1386 405 1410 ,
455 1345 531 1406 ὡς
579 1345 677 1398 καὶ
716 1344 866 1398 ἀλλοι
899 1341 1022 1395 κατ’
1051 1344 1256 1395 ἐκεῖνον
1294 1341 1498 1411 μυρίοι,
1537 1343 1866 1412 ὑπερηγάπα

293 1437 382 1490 τὸν
423 1435 590 1498 Θεὸν,
647 1432 723 1502 μὴ
759 1431 992 1502 μετρῶν
1041 1431 1176 1501 πρὸς
1215 1431 1284 1484 τὰ
1320 1431 1469 1500 αὑτῷ
1503 1434 1868 1500 πεπραγμένα

291 1527 380 1578 τὸν
432 1525 645 1596 ἔρωτα·
707 1521 908 1586 Ἰούδας
953 1521 1292 1594 δὲ,κλέπτης
1323 1519 1420 1586 ὢν,
1459 1522 1551 1573 καὶ
1589 1526 1868 1591 μιαιφόνος

291 1619 385 1669 τὴν
413 1616 616 1686 τρόπον
637 1657 652 1680 ,
699 1616 794 1667 καὶ
827 1615 888 1667 οὑ
923 1615 1084 1684 μόνον
1115 1611 1177 1664 τὸ
1200 1613 1309 1666 πᾶν
1336 1613 1583 1682 ἀφεθεὶς,
1615 1613 1748 1666 ἀλλὰ
1777 1616 1868 1667 καὶ

293 1710 406 1768 τοῖς
453 1705 630 1768 ἄλλοις
679 1705 898 1774 ἀφιέναι
943 1703 1192 1769 ἐξουσίαν
1229 1703 1506 1774 εί).ηφὼς,
1554 1704 1748 1774 φονεὺς
1775 1704 1866 1757 τοῦ

295 1797 584 1866 εὐεργέτου
620 1795 714 1848 καὶ
742 1793 1010 1863 προδότης
1037 1779 1274 1861 ἐγένετο·
1312 1794 1406 1847 καὶ
1435 1797 1484 1847 oi
1513 1795 1610 1864 μὲν
1627 1795 1868 1847 Ἰουδαῖοι

293 1886 411 1939 λίαν
457 1885 814 1956 ἀγαπώμενοι
863 1884 956 1938 καὶ
997 1883 1284 1948 ἀκιύοντες
1332 1884 1425 1938 τοῦ
1470 1885 1570 1950 τὰς
1604 1885 1874 1956 ἁμαρτίας

293 1977 473 2031 αὑτῶν
518 1977 734 2047 ἀφιέναι
780 1975 1129 2046 βουληθέντος
1161 2017 1175 2041 ,
1225 1976 1473 2045 λέγοντος
1505 1993 1518 2006 ·
1583 1979 1704 2030 Οὐκ
1761 1973 1872 2046 ἦλ-

296 2070 406 2123 θον
436 2071 490 2122 ει
527 2066 612 2136 μὴ
664 2069 750 2133 είς
789 2067 862 2120 τὰ
903 2067 1166 2134 πρόϐατα
1203 2070 1274 2120 τὰ
1315 2067 1668 2121 ἀπολωλότα
1704 2069 1872 2121 οἴκου

305 2159 590 2229 Ἰσραὴλ,
633 2159 855 2214 ἐδίωκον
893 2160 986 2212 κα)⁸
1025 2159 1446 2228 ἀπεστρέφοντο,
1485 2161 1534 2212 οἱ
1579 2159 1635 2212 δὲ
1674 2159 1872 2212 ἐθνικοὶ

293 2251 589 2314 ἀκούοντες
633 2251 693 2304 τὸ
713 2291 729 2317 ,
793 2251 914 2304 Οὐκ
940 2250 1070 2304 ἔστι
1101 2249 1292 2303 καλὸν
1327 2249 1536 2303 λαϐεῖν
1565 2251 1672 2304 τὸν
1695 2248 1876 2320 ἄρτον

290 2342 414 2394 τῶν
444 2340 700 2406 τέκνων,
739 2341 838 2394 καὶ
873 2340 1082 2395 δοῦναι
1113 2341 1440 2409 κυναρίοις,
1471 2341 1837 2412 προσέτρεχον
1856 2358 1870 2372 ⁶

295 2434 396 2486 καὶ
441 2432 720 2503 συντόμως
753 2433 800 2485 οἱ
827 2432 1026 2486 δίκαιοι
1057 2433 1154 2503 τὴν
1181 2433 1370 2502 στενὴν
1399 2431 1488 2485 καὶ
1512 2431 1876 2503 τεθλιμμένην

290 2523 608 2589 ὁδεύοντες,
656 2523 748 2576 καὶ
792 2525 925 2594 πυρὶ
973 2523 1067 2577 καὶ
1111 2524 1314 2594 σιδήρῳ
1362 2523 1831 2595 παραϐαλλόμενοι
1857 2565 1872 2590 ,

291 2617 446 2684 ὅμως
479 2615 818 2686 παρέμειναν
839 2655 855 2681 ,
896 2615 1060 2669 πλέον
1089 2617 1182 2669 καὶ
1212 2617 1372 2670 πλέον
1400 2619 1499 2685 τῆς
1527 2618 1747 2689 ἀγάπης
1776 2619 1873 2673 τοῦ

289 2706 434 2758 Θεοῦ
475 2706 758 2776 ἐχόμενοι⁹
809 2707 859 2758 oi
903 2705 958 2758 δὲ
995 2705 1332 2778 ἁμαρτωλοὶ,
1368 2707 1464 2760 καὶ
1499 2706 1873 2776 εὑθηνοῦντες,

291 2797 392 2850 καὶ
445 2798 524 2859 είς
573 2795 664 2851 τὸν
709 2797 883 2851 αἰῶνα
952 2797 1092 2851 κατὰ
1140 2797 1239 2868 τὴν
1285 2799 1508 2868 Γραφὴν
1554 2799 1876 2870 κατέχοντες

297 2886 535 2940 πλούτου
556 2928 572 2955 ,
619 2887 700 2956 τῷ
743 2887 1124 2958 εὑεργετοῦντι
1149 2887 1268 2958 Θεῷ
1295 2889 1394 2942 οὑκ
1417 2891 1872 2960 εὐγνωμονοῦσιν.

297 2979 361 3030 Et
388 2977 484 3032 οῦν
513 2979 588 3050 μὴ
612 2980 750 3033 κατά
773 2979 865 3032 τὸν
889 2977 1150 3048 λεχθέντα
1177 2981 1378 3034 σκοπὸν
1403 2979 1562 3034 τοῦτο
1590 2983 1874 3053 νοήσομεν,

1954 525 2088 580 dicit
2113 521 2412 590 Scriptura,
2445 529 2631 569 merces
2656 519 2828 564 vestra
2857 507 3024 562 multa
3053 509 3108 560 in
3135 506 3319 569 certe",
3340 522 3530 575 quam-

1953 613 2038 668 vis
2073 613 2288 668 levibus
2325 605 2692 679 subjiciantur
2738 600 2985 665 offensis,
3021 601 3254 654 multum
3293 599 3529 668 diligunt

1955 719 2190 772 nosque,
2229 707 2582 772 peccatorum
2616 693 2796 758 turba,
2835 691 2984 746 mille
3020 695 3299 745 scatentes
3333 688 3445 740 vult
3467 703 3531 742 e-

1959 795 2132 858 ribus,
2156 801 2232 859 et,
2259 799 2318 845 ut
2343 785 2802 848 videturmultis,
2832 781 3180 852 baptismate,
3208 788 3265 833 et
3281 779 3414 832 alias
3439 777 3532 830 bo-

1961 885 2136 940 nitate
2167 884 2266 938 Dei
2299 879 2570 943 mundati,
2603 884 2660 932 et
2699 876 2754 930 in
2785 874 2906 929 dies
2931 879 3243 944 peccantes,
3268 878 3326 925 et
3353 871 3533 924 omni-

1961 975 2064 1030 bus
2093 989 2215 1044 quae
2268 988 2336 1027 ex
2385 973 2496 1026 Deo
2550 967 2784 1024 veniunt
2827 963 2988 1020 bonis
3022 962 3193 1032 magis
3231 976 3394 1030 quam
3433 960 3534 1030 ipsi

1963 1065 2092 1119 boni
2141 1064 2407 1128 fruentes,
2459 1057 2612 1130 parvi
2670 1071 2774 1111 nos
2831 1053 3191 1109 sustinentem
3233 1059 3290 1106 et
3349 1049 3538 1104 multis

1964 1153 2124 1206 donis
2145 1151 2513 1218 cumulantcm
2546 1147 2642 1202 Dei
2693 1143 3016 1200 eltaritatem
3047 1141 3404 1195 aestimamus.
3434 1137 3538 1194 Job

1963 1243 2108 1297 enim
2145 1257 2254 1294 non
2288 1253 2547 1310 querens,
2593 1245 2652 1290 ut
2680 1233 2830 1290 mille
2863 1232 3008 1288 circa
3041 1231 3194 1284 illum
3222 1229 3337 1292 alii,
3367 1229 3536 1283 Deum

1966 1329 2373 1402 praediligebat,
2433 1341 2536 1380 nec
2589 1323 2942 1379 dilectionem
2999 1321 3064 1374 ad
3113 1335 3202 1374 res
3257 1334 3379 1388 quae
3432 1317 3537 1371 sibi
3573 1362 3588 1376 .

1966 1419 2358 1489 contingebant
2382 1417 2738 1472 metiebatur.
2769 1413 2938 1470 Judas
2968 1423 3149 1466 autem
3176 1411 3316 1464 latro
3343 1408 3537 1468 factus,

1966 1522 2022 1566 et
2048 1510 2322 1566 homicida
2347 1509 2454 1564 hoc
2479 1508 2666 1572 modo,
2697 1520 2823 1561 cum
2848 1519 2957 1558 non
2985 1503 3164 1558 solum
3186 1499 3264 1554 illi
3293 1498 3541 1553 omnium

1968 1605 2257 1672 culparum
2283 1601 2468 1667 venia,
2501 1600 2596 1655 sed
2642 1599 2810 1654 etiam
2848 1597 2970 1651 aliis
2990 1595 3208 1650 veniam
3243 1591 3408 1646 dandi
3447 1607 3542 1660 po-

1973 1702 2140 1748 testas
2183 1689 2325 1746 l‘acta
2373 1697 2540 1755 esset,
2588 1681 2960 1742 benefactoris
3009 1683 3094 1739 sui
3142 1681 3460 1738 interfector
3489 1689 3539 1733 et

1974 1782 2205 1838 traditor
2226 1782 2484 1836 inventus
2505 1788 2609 1836 est.
2641 1777 2815 1834 Judaei
2847 1775 3069 1847 quidem
3099 1773 3331 1829 multum
3355 1771 3541 1826 dilecti

1973 1881 2028 1926 et
2058 1871 2346 1925 audientes
2393 1869 2571 1936 illum,
2619 1867 2714 1938 qui
2760 1875 2981 1938 peccata
3028 1879 3219 1920 eorum
3268 1863 3544 1918 dimittere

1974 1963 2214 2028 volebat,
2266 1961 2540 2016 dicentem
2572 1977 2584 2013 :
2624 1957 2742 2013 Non
2775 1959 2892 2012 veni
2925 1957 3024 2010 nisi
3056 1955 3125 2008 ad
3157 1971 3273 2008 oves
3315 1953 3546 2023 perditus

1974 2053 2160 2108 domus
2194 2052 2443 2118 Israel“,
2484 2051 2794 2122 rejecerunt
2821 2055 2878 2103 et
2902 2047 3026 2102 odio
3053 2044 3396 2108 habuerunt;
3429 2043 3550 2096 eti:-

1977 2146 2083 2200 nici
2108 2155 2292 2202 autem
2325 2145 2612 2200 audientes
2636 2156 2746 2196 non
2769 2155 2891 2196 esse
2920 2139 3112 2194 bonum
3133 2149 3337 2190 sumere
3359 2149 3546 2204 partem

1973 2237 2206 2307 ﬁliorum
2230 2245 2278 2292 et
2296 2238 2503 2290 mittere
2535 2232 3237 2298 canibus“,accurrerunt.
3271 2225 3390 2280 Uno
3422 2240 3549 2278 ver-

1975 2329 2068 2393 bo,
2099 2329 2232 2400 justi
2273 2337 2559 2398 angustam
2605 2335 2660 2380 et
2689 2330 2894 2379 arctam
2926 2321 3072 2375 viam
3101 2317 3298 2380 secuti,
3345 2317 3468 2387 igne
3495 2325 3551 2369 et

1975 2420 2123 2476 ferro
2155 2420 2393 2490 probati,
2427 2417 2787 2472 nihilominus
2817 2418 3261 2485 permanserunt,
3291 2409 3462 2480 magis
3489 2423 3552 2462 ac

1977 2511 2150 2582 magis
2196 2511 2250 2566 in
2285 2511 2456 2566 Deum
2503 2507 2799 2564 dilectione
2853 2511 3200 2560 crescentes:
3232 2507 3552 2572 peccatores

1976 2625 2181 2684 autem,
2211 2618 2268 2672 in
2301 2617 2472 2672 rebus
2500 2616 2781 2688 prosperis
2806 2614 3114 2676 constituti,
3143 2620 3198 2667 et
3220 2609 3286 2666 ad
3317 2619 3550 2680 tempus,

1977 2719 2039 2765 ut
2061 2709 2198 2787 dicit
2219 2708 2521 2779 Scriptura,
2547 2707 2767 2763 divitias
2790 2707 3156 2778 possidentes,
3185 2701 3551 2757 bcnefacienti

1977 2801 2089 2856 Deo
2137 2815 2247 2856 non
2291 2809 2474 2869 gratos
2509 2815 2567 2854 se
2610 2799 2876 2868 praebent.
2928 2797 2980 2852 Si
3018 2799 3200 2871 igitur
3249 2795 3550 2850 secundum

1977 2904 2186 2960 dictum
2222 2902 2568 2973 propositum
2595 2901 2727 2957 illud
2770 2907 3226 2972 repntaverimus,
3259 2901 3390 2970 quid
3425 2913 3554 2969 age—

1979 3010 2102 3049 mus
2132 2995 2188 3048 in
2213 2993 2473 3064 parabola
2499 2992 2776 3048 contraria
2819 2991 3083 3046 dicente?
3108 2993 3167 3046 In
3204 3007 3311 3060 qua
3343 2989 3432 3043 ille
3466 2989 3554 3042 cui

295 3069 352 3124 τί
387 3071 684 3140 ποιήσομεν
717 3074 781 3140 τῇ
813 3069 1074 3141 τάναντία
1114 3069 1348 3142 λεγούσῃ
1393 3073 1707 3144 παραϐολῇ,
1751 3076 1810 3127 έν

1980 3084 2160 3140 decies
2187 3083 2356 3140 millia
2385 3085 2586 3138 talenta
2615 3083 2842 3138 remissa
2863 3090 3011 3148 sunt,
3047 3083 3196 3152 parvi
3227 3080 3557 3135 remittentis

298 3162 328 3212 ὁ
381 3161 452 3213 τὰ
499 3161 670 3232 μυρία
715 3162 956 3216 τάλαντα
1002 3163 1412 3234 συγχωρηθεὶς,
1467 3164 1640 3235 μικρά
1664 3166 1764 3236 τῆς
1789 3164 1883 3219 τοῦ

215 3330 224 3336 _
299 3253 755 3324 συγχωρήσαντος
781 3253 999 3321 ἀγάπης
1023 3253 1338 3324 φροντίσας,
1379 3254 1520 3308 κατά
1547 3255 1641 3308 τοῦ
1668 3256 1886 3310 συνδού-

298 3344 397 3397 λου
431 3343 608 3413 ἐμάνη
632 3359 646 3374 ⁶
695 3345 764 3398 δι’
793 3339 854 3398 οὗ
889 3344 1056 3415 μέσου
1089 3345 1182 3397 καὶ
1212 3345 1302 3397 τὸν
1333 3347 1609 3416 Δεσπῦτην
1639 3347 1882 3419 ὕϐρισεν,

301 3435 356 3488 εἴ
382 3451 450 3503 γε
483 3435 580 3503 τῆς
612 3435 779 3488 αὑτοῦ
813 3434 1227 3506 φιλανθρωπίας
1259 3434 1320 3488 τὸ
1351 3435 1419 3488 τὰ
1445 3435 1552 3489 τῶν
1575 3437 1778 3492 δούλων
1806 3443 1886 3504 εἰς

300 3525 500 3577 ἑαυτὸν
555 3525 950 3594 ἀναδέχεσθαι,
1009 3525 1156 3594 παρ’
1195 3518 1257 3579 οὗ
1307 3527 1404 3579 καὶ
1443 3527 1533 3594 τὸ,
1585 3529 1709 3598 Ἐφ’
1736 3529 1889 3584 ὅσον

297 3613 632 3677 ἐποιήσατε
652 3613 742 3666 ἑνὶ
764 3615 990 3668 τούτων
1014 3612 1131 3667 τῶν
1150 3616 1513 3684 ἐλαχίστων,
1545 3618 1675 3686 ἐμοὶ
1693 3619 1888 3686 ἐποιή-

299 3718 478 3756 σατε.
516 3702 588 3754 Τὸ
616 3701 745 3756 αὑτό
771 3705 990 3772 νοητέον
1035 3705 1126 3757 καὶ
1165 3707 1293 3774 περὶ
1325 3707 1423 3774 τῆς
1449 3707 1764 3778 παραϐολῆς
1793 3709 1886 3762 τοῦ

299 3790 524 3846 ἀσώτου
557 3792 651 3844 καὶ
679 3791 772 3845 τοῦ
801 3791 1079 3861 σώφρονος
1108 3792 1215 3844 τῶν
1243 3794 1337 3846 δύο
1361 3795 1606 3866 ἀδελφῶν
1630 3813 1644 3828 ο
1681 3799 1781 3866 οὑχ
1811 3799 1886 3863 ὡς

296 3883 498 3936 τούτου
531 3883 746 3946 πάντως
775 3883 920 3937 οὕτω
945 3884 1302 3956 προελθόντος
1326 3923 1342 3950 ,
1393 3887 1510 3938 ἀλλ’
1545 3887 1620 3950 ὡς
1651 3889 1752 3957 τῆς
1779 3890 1888 3943 τῶν

297 3973 658 4043 πραγμάτων
721 3973 1044 4038 ἀκολουθίας
1091 3973 1234 4028 οὕτω
1275 3975 1448 4028 ταῦτα
1481 3979 1604 4032 καθ’
1633 3980 1886 4034 ὑπόθεσιν

293 4062 650 4134 ἀπαιτούσης
673 4103 689 4128 ,
730 4065 826 4116 καὶ
861 4058 1149 4135 μονονουχὶ
1190 4066 1290 4136 τῆς
1325 4067 1544 4137 Γραφῆς
1571 4071 1632 4122 τὸ
1657 4071 1888 4141 μέγεθος

292 4159 390 4227 τῆς
423 4160 517 4220 είς
543 4157 691 4226 ἡμᾶς
719 4155 1034 4226 φιλοτιμίας
1061 4157 1154 4210 τοῦ
1181 4156 1317 4210 Θεοῦ
1344 4157 1431 4210 διὰ
1456 4159 1660 4214 τούτων
1686 4163 1889 4217 ἐπιδει-

298 4248 582 4316 κνυούσης
607 4285 622 4311 ,
678 4247 775 4300 καὶ
818 4248 967 4318 ἡμᾶς
1016 4247 1407 4320 ὲντρεπούσης,
1444 4248 1500 4301 εί
1523 4266 1586 4318 γε
1619 4252 1758 4318 δέον,
1795 4255 1886 4308 τοῦ

299 4339 520 4393 ἀσώτου
551 4338 632 4408 τῷ
659 4339 828 4409 πατρὶ
863 4337 1304 4408 προδραμόντας,
1339 4342 1432 4393 καὶ
1460 4341 1888 4414 ἐξομολογουμέ-

299 4446 427 4493 νους
475 4428 626 4482 οὑτω
677 4428 746 4480 τὰ
793 4427 932 4496 πρὸς
974 4426 1248 4496 σωτηρίαν
1293 4431 1577 4499 αἰτήματα
1603 4430 1888 4502 λήψεσθαι.

300 4521 377 4574 Τὸ
407 4517 655 4591 ἔμπαλιν
697 4517 728 4570 ό
761 4517 894 4582 Θεὸς
931 4519 1068 4588 μηδὲ
1100 4519 1540 4589 εὑγνωμονηοεὶς
1564 4561 1578 4586 ,
1636 4523 1771 4594 μηδὲ
1803 4528 1892 4578 αἱ-

301 4612 494 4681 τηθεὶς
527 4609 932 4678 φιλοτιμεῖται·
969 4612 1002 4680 ἠ
1032 4609 1125 4662 οὖν
1155 4613 1254 4680 τῆς
1277 4611 1618 4682 παραϐολῆς,
1655 4615 1750 4668 καὶ
1779 4618 1890 4672 τῶν

1987 3173 2314 3230 charitatem
2356 3173 2634 3228 aestimans
2662 3187 2764 3227 suo
2794 3187 3059 3227 conservo
3095 3172 3267 3226 iratus
3299 3181 3412 3236 est;
3457 3171 3558 3223 ita-

1985 3279 2094 3334 que
2141 3265 2436 3320 Dominum
2479 3265 2680 3334 injuria
2731 3262 2936 3328 aﬂ'ecil,
2989 3263 3083 3333 qui
3128 3278 3226 3332 per
3272 3261 3557 3316 hominum

1987 3369 2234 3409 amorem
2285 3353 2342 3408 in
2394 3369 2453 3408 se
2501 3368 2788 3408 servorum
2819 3368 3042 3406 suorum
3079 3351 3308 3420 injurias
3333 3350 3556 3419 recipit:

1986 3447 2122 3502 dicit
2153 3447 2300 3501 enim
2327 3463 2341 3500 :
2375 3445 2523 3510 Quod
2553 3445 2775 3514 feceritis
2804 3445 2896 3497 uni
2945 3459 3008 3496 ex
3039 3443 3116 3496 Itis
3161 3443 3410 3506 minimis,
3435 3442 3558 3495 mihi

1987 3539 2258 3608 fecistis".
2288 3537 2434 3591 Idem
2459 3535 2795 3591 censendum
2823 3550 2908 3589 εει
2931 3536 3000 3589 de
3031 3533 3284 3603 parabola
3323 3533 3558 3586 duorum

1987 3627 2242 3694 fratrum,
2279 3625 2500 3696 prodigi
2535 3633 2594 3679 et
2623 3623 2918 3696 sapientis;
2956 3639 3066 3677 non
3094 3622 3248 3693 quasi
3276 3623 3420 3678 idem
3443 3637 3561 3675 om-

1987 3718 2118 3772 nino
2147 3718 2487 3788 prapositum
2518 3716 2610 3781 sit,
2645 3715 2742 3771 sed
2779 3729 2964 3770 rerum
3002 3714 3345 3770 connexionc
3369 3713 3559 3768 eadem

1987 3807 2288 3862 secundum
2318 3806 2665 3878 hypothesim
2697 3805 3030 3876 postulante,
3073 3813 3130 3858 et
3165 3803 3240 3858 ita
3278 3802 3562 3871 Scriptura

1987 3899 2422 3970 magnitudinem
2469 3897 2566 3952 Dei
2613 3895 2966 3952 liberalitatis
3001 3910 3129 3965 erga
3157 3909 3257 3948 nos
3281 3893 3366 3948 bis
3399 3893 3565 3946 rebus

1987 3986 2332 4054 ostendente,
2366 3997 2422 4043 et
2446 4003 2550 4042 nos
2575 3986 2896 4050 inducente,
2929 3983 2974 4039 si
3005 3999 3144 4054 opus
3171 3983 3262 4047 sit,
3288 3991 3348 4036 ut
3368 3997 3558 4036 curra-

1987 4094 2110 4135 mus
2147 4079 2214 4133 ad
2245 4087 2454 4149 patrem
2488 4077 2722 4147 prodigi,
2749 4073 3185 4131 ctconﬁteamur
3229 4075 3302 4128 ita
3337 4072 3561 4142 petitio-

1988 4187 2088 4226 nes
2113 4171 2167 4225 in
2200 4171 2430 4226 salutem
2463 4169 2668 4238 accipi;
2702 4167 2942 4222 vicissim
2991 4182 3210 4237 quoque
3236 4167 3430 4230 Deum,
3461 4166 3561 4218 (νιδὶ

1990 4277 2099 4315 non
2133 4260 2271 4330 grati
2296 4259 2585 4324 fuerimus,
2617 4267 2714 4312 aut
2745 4273 2857 4312 non
2899 4257 3293 4327 rogaverimus,
3327 4254 3566 4308 liheraii-

1997 4361 2106 4406 late
2145 4351 2244 4406 uti.
2287 4351 2412 4406 Haec
2457 4349 2627 4420 igitur
2655 4349 2934 4420 parabole,
2985 4357 3042 4401 et
3080 4345 3292 4417 prodigi
3325 4345 3566 4398 necessi-

2003 4445 2130 4499 tatis
2175 4444 2438 4507 narratio,
2486 4451 2688 4514 nostrae
2726 4441 3078 4512 malignitatis
3115 4437 3566 4508 magnitudinem,

1999 4545 2055 4589 ct
2093 4535 2424 4590 ineffabilem
2454 4534 2551 4588 Dei
2587 4549 2716 4604 erga
2745 4532 2997 4588 homines
3025 4545 3275 4586 amorem
3297 4527 3493 4598 probat
3515 4535 3568 4580 ct

1997 4625 2050 4678 in
2085 4625 2404 4679 memoriam
2444 4632 2684 4678 revocat.

301 4707 539 4759 δεόντων
561 4705 834 4774 διήγησις.
862 4701 958 4756 τοῦ
989 4705 1224 4774 πλήθους
1249 4705 1348 4774 τῆς
1373 4705 1532 4776 ἡμῶν
1557 4707 1772 4776 κακίας,
1795 4712 1885 4765 καὶ
1917 4715 2018 4786 τῆς
2065 4720 2272 4787 ἀφάτου
2325 4715 2419 4770 τοῦ
2461 4715 2598 4769 Θεοῦ
2640 4713 3054 4786 φιλανθρωπίας
3135 4709 3354 4779 ἔλεγχός
3429 4709 3564 4786 ἐστι,

303 4797 400 4850 καὶ
433 4797 767 4866 ὑπόμνησις.

376 4889 459 4940 Δι’.
495 4885 579 4958 ίρ.
609 4884 762 4956 ML]
797 4887 872 4940 Οὑ
903 4887 1013 4958 γὰρ
1046 4887 1187 4942 κατὰ
1217 4886 1317 4956 τὴν
1344 4884 1529 4958 κοινὴν
1563 4889 1657 4942 καὶ
1684 4891 1888 4964 συνήθη

303 4981 415 5036 τῶν
445 4981 588 5034 ὅλων
615 4978 1007 5049 δημιουργίαν,
1045 4981 1202 5050 Λόγῳ
1235 4981 1328 5034 καὶ
1355 4981 1454 5050 τὴν
1479 4981 1756 5050 ἡμετέραν
1784 4985 1888 5052 φύ-

310 5089 397 5126 σιν
448 5068 758 5124 ἀνέπλασεν
782 5084 798 5100 ο
854 5069 980 5123 ἀλλ’
1027 5071 1166 5140 ὅπερ
1211 5071 1298 5122 ἐπ’
1327 5070 1539 5133 οὑδενδς
1579 5072 1686 5124 τῶν
1716 5073 1888 5128 ἄλλων

307 5163 608 5234 ἠνέσχετο,
631 5161 730 5213 οὑκ
757 5161 843 5212 ἐπ’
867 5159 1114 5229 ἀγγέλων
1131 5201 1144 5220 ,
1181 5159 1283 5213 οὑκ
1312 5161 1396 5213 ἐπ’
1424 5160 1590 5232 ἄλλης
1617 5163 1760 5226 τινὸς
1785 5164 1888 5232 φύ.

311 5271 453 5316 eam;
471 5294 486 5315 ,
520 5251 680 5305 τοῦτο
711 5252 805 5304 ἐπὶ⁸
832 5255 899 5323 τῇ
930 5252 1037 5304 τῶν
1059 5251 1362 5323 ἀνθρώπων
1389 5251 1596 5323 ὑπέστη
1621 5256 1887 5326 σωτηρίᾳ.

313 5347 465 5397 Ἀντὶ
487 5343 749 5396 δεσπότου
779 5341 888 5414 γὰρ
916 5343 1100 5406 δοῦλος
1139 5341 1507 5414 χρηματίσας,
1537 5343 1763 5407 εἰκότως
1792 5346 1888 5400 καὶ

313 5433 637 5488 καταλιπεῖν
663 5432 734 5486 τὰ
757 5432 1110 5500 ἐννενήκοντα
1136 5432 1289 5486 ὲννέα
1313 5431 1461 5501 λέγει
1487 5433 1756 5502 πρόϐατα,
1787 5433 1886 5504 τὴν

314 5527 398 5588 εἰς
446 5525 577 5578 ἄλλο
626 5525 1053 5594 παραδοξότερον
1111 5526 1205 5578 καὶ
1257 5524 1704 5598 θαυμασιώτερον
1749 5521 1886 5589 εἶδος

389 5705 411 5736 ’
447 5700 636 5759 Matth.
677 5718 730 5768 γ,
769 5702 854 5756 12.
933 5701 974 5732 ¹⁰
1009 5701 1198 5758 Matth.
1235 5705 1434 5772 xv,2i.
1516 5704 1552 5734 ¹¹
1598 5703 1728 5758 ibid.
1771 5701 1860 5757 ⁸2ῖῖ.

2065 4897 2154 4952 ιν.
2186 4895 2305 4951 Νοη
2332 4895 2481 4951 enim
2513 4910 2610 4964 per
2631 4907 2977 4950 communem
3009 4900 3064 4946 ct
3087 4889 3344 4944 omnibus
3378 4905 3568 4943 assue—

1995 4997 2105 5042 tam
2145 4985 2546 5055 operationem,
2577 4985 2758 5040 Verbo
2788 4991 3032 5038 nostram
3076 4989 3326 5034 natumut
3369 4979 3570 5032 formas

1991 5076 2107 5138 vit;
2155 5073 2248 5128 sed
2297 5073 2444 5144 quod
2493 5073 2546 5126 in
2601 5072 2780 5127 nullos
2814 5071 2952 5125 alios
2981 5069 3242 5132 ostendit,
3287 5083 3463 5136 neque
3515 5069 3569 5121 in

1992 5163 2234 5230 angelos,
2284 5176 2464 5231 neque
2509 5161 2743 5230 alicujus
2784 5165 2995 5212 natura:
3039 5164 3339 5222 creaturas,
3373 5155 3567 5210 hocin

1992 5251 2278 5304 hominum
2327 5251 2558 5305 salutem
2597 5246 2888 5317 disposuit.
2925 5245 3137 5300 Etenim
3165 5261 3269 5316 pro
3298 5245 3438 5300 hero
3467 5259 3570 5300 suo

1992 5356 2183 5397 servus
2204 5341 2454 5411 loquens,
2481 5339 2680 5394 merito
2703 5337 2954 5407 linquere
2977 5353 3171 5391 novent
3193 5345 3250 5392 et
3270 5336 3570 5407 nonaginta

1993 5448 2122 5486 oves
2153 5432 2307 5495 dicit,
2343 5447 2468 5486 euut
2511 5429 2568 5484 in
2598 5430 2758 5485 aliam
2793 5427 3186 5482 mirabiliorem
3225 5436 3281 5483 ct
3309 5436 3568 5498 praestan-

1997 5525 2194 5578 tiorem
2244 5521 2438 5577 faciem
2502 5521 2878 5594 operationem
2941 5521 3284 5576 immutatam
3329 5534 3451 5576 esse
3507 5529 3566 5577 et

1943 5702 1981 5732 "
2017 5699 2209 5756 Matth.
2245 5713 2368 5768 xxv,
2412 5700 2523 5755 40."
