4010 6288
611 345 754 414 3319

1580 346 1775 407 JOBII
1801 346 2142 408 MONACHI
2172 346 2271 405 DE
2306 340 2893 403 INCARNATIONE.
3661 339 3758 403 33m

612 457 1065 515 consuetudinem
1114 456 1425 511 innovatam
1472 457 1731 525 parabela
1780 457 2075 528 signiticet;
2122 472 2152 512 e

2277 451 2637 523 δημιουργίας
2666 445 3015 518 ἁναχὼρησίν
3043 462 3102 498 τε
3137 444 3231 498 καὶ
3262 444 3567 515 μετάθεσιν,
3601 448 3676 500 καὶ
3695 449 3759 519 τὴν

606 561 714 601 non
765 544 1228 614 quemadmodum
1268 545 1450 599 omnia
1492 560 1521 600 a
1566 546 1838 615 principio
1878 546 2168 616 disposuit,

603 636 699 689 sed
751 651 892 690 nova
942 645 999 690 et
1046 637 1278 690 meliore
1326 635 1520 700 forma,
1567 643 1625 691 et
1674 652 1895 691 omnem
1927 646 2170 692 nostram

607 727 877 781 rationem
907 732 1262 795 superantem
1288 725 1699 781 innovationem
1731 727 2000 782 adhibuit.

691 901 758 954 V.
813 899 1148 969 Adoptionis
1202 899 1354 970 signa
1416 908 1710 969 recuperat
1767 899 1911 969 apud
1960 901 2168 954 bonum

601 991 775 1044 Deum
820 1000 876 1045 et
922 992 1173 1055 Patrem,
1232 991 1397 1044 homo
1441 992 1545 1045 hac
1596 992 1914 1053 destitutus,
1971 994 2168 1046 stolam

604 1080 969 1150 magniﬁcam,
1018 1088 1075 1135 et
1123 1081 1177 1134 in
1226 1082 1398 1151 digito
1431 1083 1716 1146 annulum,
1765 1091 1821 1136 et
1855 1084 2168 1152 saginatum

602 1167 838 1221 vitulum
880 1168 1252 1233 immolatum;
1286 1183 1407 1238 qua:
1435 1170 1621 1223 omnia
1646 1178 1775 1223 sunt
1804 1179 2005 1227 nostrae
2033 1172 2168 1226 ado-

598 1257 806 1327 ptionis
834 1258 1060 1313 indicia.
1087 1259 1229 1325 Quid
1260 1269 1405 1315 esset
1434 1261 1583 1315 enim
1613 1263 1766 1333 digiti
1798 1264 2034 1319 annulus
2059 1264 2165 1319 nisi

600 1348 837 1417 Spiritus
859 1350 1024 1414 dona,
1058 1358 1113 1404 et
1134 1351 1332 1421 gratia,
1361 1360 1417 1405 et
1446 1353 1501 1405 in
1529 1353 1884 1421 adoptionem
1906 1354 2167 1408 vocatio?

595 1438 731 1492 Nam
781 1439 941 1510 digiti
988 1442 1229 1495 annulus
1271 1451 1361 1512 est
1391 1453 1801 1508 ornamentum,
1837 1454 1893 1499 et
1931 1445 2165 1514 digitum

596 1527 708 1581 dici
739 1526 1005 1597 Spiritum
1035 1529 1361 1584 testiﬁcatur
1393 1530 1526 1585 illud
1554 1548 1566 1584 ε
1598 1531 1655 1585 Si
1681 1548 1772 1602 ego
1799 1533 1854 1586 in
1884 1534 2045 1602 digito
2068 1534 2166 1588 Dei

597 1619 746 1686 ι’ρἱἰο
775 1617 1034 1674 άωηιοηεα
1058 1620 1122 1672 ³³.

869 1893 1006 1965 Aug.
1043 1894 1146 1949 MAI
1196 1894 1439 1967 Spicileg.
1476 1898 1626 1953 Rom.
1657 1915 1698 1956 ι,
1740 1900 1809 1967 Χ,
1836 1917 1892 1972 p.
1920 1905 2041 1971 I52,
2072 1906 2172 1961 Lat

1010 2006 1082 2060 Et
1107 2023 1198 2077 ego
1220 2007 1399 2062 Jobius
1424 2011 1714 2079 epist‘Opus.

655 2094 938 2151 Conﬁteor
987 2096 1281 2151 Dominum
1320 2099 1508 2153 Jcsum
1558 2102 1836 2158 Christum
1882 2123 1913 2161 a
1960 2111 2161 2165 saeculo

588 2186 816 2255 quidem
845 2186 1018 2241 Deum
1054 2185 1295 2241 Verbum
1337 2191 1455 2244 sine
1494 2206 1679 2257 carne,
1712 2197 2029 2255 novissimis
2057 2217 2158 2255 sae-

589 2277 731 2331 culis
774 2292 996 2332 carnem
1020 2292 1086 2332 ex
1116 2289 1303 2333 sancta
1334 2281 1555 2350 Virgine
1585 2284 1768 2338 unisse
1799 2287 1925 2353 sibi,
1953 2298 2158 2345 etesse

590 2385 760 2424 unum
808 2378 864 2423 ct
902 2369 1157 2424 eumdem
1206 2372 1374 2425 Deum
1443 2382 1499 2427 ct
1528 2375 1830 2443 hominem,
1868 2395 2031 2433 unam
2060 2382 2159 2453 hy-

588 2459 849 2528 postasim
876 2461 1262 2528 compositam,
1294 2471 1351 2515 et
1384 2478 1546 2516 unam
1578 2480 1869 2533 personam
1902 2469 2154 2525 indivisi-

583 2552 771 2615 bilem,
804 2552 1039 2607 mediam
1069 2554 1214 2607 inter
1242 2556 1414 2608 Deum
1446 2564 1502 2609 et
1543 2556 1816 2625 homines,
1845 2573 1903 2616 et
1926 2566 2156 2633 conjun-

582 2651 798 2712 gcntcm
847 2652 1132 2698 creaturas
1175 2644 1380 2700 divisas
1413 2661 1536 2701 cum
1571 2647 1856 2717 Creatore,
1907 2656 2154 2710 consub-

580 2734 892 2789 stantialem
936 2723 1052 2789 Deo
1100 2736 1403 2790 secundum
1449 2738 1797 2795 divinitatem
1827 2759 1893 2797 ex
1924 2755 2152 2814 paterna

577 2826 888 2881 substantia
941 2827 1324 2893 exsistentem,
1374 2837 1430 2883 et
1475 2831 2003 2890 consubstantialem
2054 2837 2155 2891 ho-

577 2914 821 2970 minibus
846 2918 1150 2973 secundum
1192 2935 1413 2975 carnem
1454 2938 1520 2976 ex
1554 2932 1748 2979 natura
1776 2925 2016 2982 humana
2048 2929 2150 2998 ipsi

575 3006 816 3072 nnitam,
847 3014 903 3061 et
932 3008 1220 3063 adoratum
1247 3019 1303 3063 et
1328 3012 1691 3081 gloriﬁcatum
1740 3030 1867 3070 cum
1920 3019 2149 3088 propria

574 3113 761 3162 carne,
802 3100 1063 3168 quoniam
1100 3115 1200 3169 per
1238 3101 1413 3171 ipsam
1456 3103 1595 3159 facta
1628 3112 1711 3160 est
1741 3108 1903 3162 nobis
1934 3109 2154 3164 redem-

570 3191 688 3260 ptio
710 3205 740 3244 a
759 3199 957 3254 morte,
982 3206 1038 3246 et
1060 3193 1375 3247 communio
1389 3209 1515 3248 cum
1530 3196 1987 3260 immortalizcaro
1999 3203 2143 3256 enim

2271 544 2370 610 τῆς
2412 541 2704 611 συνηθείας
2740 536 3094 606 καινοτομίιιν
3124 536 3221 607 τῆς
3246 534 3549 606 παραϐολῆς
3571 537 3759 606 αἰνιγμα-

2269 632 2548 699 τιζούσηςο
2588 630 2685 683 καὶ
2716 629 2793 690 ὡς
2821 627 2882 680 οὐ
2913 626 3036 679 καθ’
3062 625 3120 678 ὃν
3145 625 3343 694 τρόπον
3369 625 3431 675 τὸ
3455 625 3555 677 πᾶν
3576 624 3626 689 ἐξ
3643 625 3759 693 ipp};

2273 722 2642 790 συνεστήσατο
2666 758 2681 782 ,
2727 717 2868 771 ἀλλὰ
2899 715 3241 784 καινοπρεπῆ
3267 730 3325 765 τε
3357 713 3453 767 καὶ
3486 713 3611 781 ὑπὲρ
3644 717 3760 766 πάντα

2270 812 2428 877 λόγον
2462 810 2551 863 τὸν
2584 810 2854 879 ἡμέτερον
2880 805 3277 874 ἁνακαινισμὸν
3308 804 3654 873 ἐξειργάσατο.

2458 900 2547 971 [ιτ.
2580 898 2746 970 422.]
2784 898 2867 951 Τὰ
2906 896 3152 967 σύμϐολα
3192 895 3289 964 τῆς
3316 895 3553 964 υίὸτητος
3592 896 3762 948 ἀνακτᾶ-

2268 1010 2357 1045 ται
2387 993 2546 1045 πάλιν
2580 991 2733 1062 παρὰ
2763 989 2859 1041 τοῦ
2884 985 3094 1056 ἀγαθοῦ
3118 985 3253 1039 θεοῦ
3281 988 3374 1039 καὶ
3399 984 3614 1055 Πατρὸς,
3640 985 3767 1037 ὁταύ.

2268 1100 2365 1152 της
2400 1068 2970 1150 ὲκπεσὼνᾞνθρωπος
2993 1118 3010 1144 ,
3070 1075 3263 1146 στολὴν
3310 1074 3579 1147 λαμπρὰν,
3606 1073 3682 1127 καὶ
3701 1075 3764 1144 τὴν

2269 1176 2325 1224 ἐν
2358 1170 2432 1241 τῷ
2459 1170 2726 1239 δακτυλίῳ
2757 1167 3030 1239 σφραγίδα
3055 1206 3071 1230 ,
3124 1167 3220 1220 καὶ
3254 1165 3345 1218 τὸν
3392 1165 3605 1217 τυθέντα
3626 1166 3764 1234 μόσχον

2270 1260 2533 1313 σιτευτόν’
2574 1258 2720 1327 ἅπερ
2752 1257 2972 1309 ἅπαντα
2994 1255 3094 1324 τῆς
3118 1252 3241 1306 καθ’
3270 1253 3418 1321 ἡμᾶς
3444 1249 3681 1310 υἱοθεσίας
3696 1251 3764 1301 εἰσὶ

2267 1349 2694 1420 προμηνύματα.
2738 1347 2805 1419 Τί
2835 1346 2943 1416 γὰρ
2980 1346 3046 1399 ἂν
3076 1345 3161 1412 εῐη
3204 1344 3437 1412 σφραγὶς
3470 1341 3503 1412 ἢ
3535 1341 3762 1402 δακτύλιος.

2267 1442 2382 1493 ἀλλ’
2415 1440 2447 1505 ἢ
2482 1438 2579 1492 τοῦ
2610 1438 2930 1508 Πνεύματος
2963 1438 3032 1489 τὰ
3062 1434 3243 1505 δῶρα,
3285 1434 3381 1487 καὶ
3414 1435 3593 1503 χάρις,
3622 1433 3694 1485 καὶ
3714 1435 3765 1490 si;

2267 1528 2542 1581 υἱοθεσίαν
2583 1527 2923 1596 ἀνάκλησις;
2977 1525 3137 1594 είπερ
3175 1523 3268 1575 τοῦ
3299 1522 3556 1575 δακτύλου
3582 1522 3763 1577 681m}-

2265 1619 2375 1680 λιος
2411 1618 2625 1689 φόρεμα
2651 1632 2666 1649 ο
2702 1617 2962 1670 δάκτυλον
2990 1615 3049 1668 δὲ
3077 1613 3333 1682 λέγεσθαι
3360 1613 3420 1665 τὸ
3447 1612 3648 1680 Πνεῦμα
3672 1628 3766 1679 μερ-

2265 1712 2418 1778 τυρεῖ
2444 1710 2520 1781 (2)
2546 1709 2627 1774 τὸ,
2662 1710 2733 1761 El
2761 1706 2830 1761 δὲ
2855 1707 2974 1777 ἐγὼ
3001 1705 3073 1759 ἐν
3098 1706 3377 1769 δακτύλῳ
3401 1704 3545 1757 Θεοῦ
3564 1703 3769 1757 ἐκϐάλλω

2193 1798 2235 1851 Β
2263 1801 2335 1853 τὰ
2363 1800 2658 1868 δαιμόνια.

2180 1950 2193 1964 .
2223 1910 2490 1965 Cauno.
2528 1911 2773 1965 Bib'lioth.
2805 1910 3030 1965 Patrum
3069 1919 3108 1964 t.
3143 1910 3284 1975 XIII,
3320 1926 3375 1978 p.
3418 1911 3534 1963 782.

2624 2020 2732 2072 Καὶ
2765 2018 2879 2086 ἐγὼ
2904 2019 3109 2082 Ἰόόιος
3135 2018 3488 2082 ἐπίσκοπος.

2344 2109 2620 2177 Ὁμολογῶ
2657 2112 2748 2160 τὸν
2780 2108 2985 2177 Κύριον
3020 2107 3227 2177 Ἰησοῦν
3253 2108 3520 2177 Χριστὸν,
3555 2107 3607 2171 ἐξ
3630 2106 3770 2167 αἰῶνος

2264 2199 2361 2268 μὲν
2409 2200 2651 2267 ἄσαρκον
2697 2200 2827 2251 Θεὸν
2874 2200 3049 2266 Λόγον
3075 2238 3088 2261 ,
3126 2199 3213 2250 ἐπ’
3244 2200 3490 2267 ἐσχάτων
3516 2198 3569 2250 δὲ
3596 2196 3768 2261 αίὼνων,

2264 2291 2443 2358 σάρκα
2466 2291 2525 2355 ἐξ
2550 2292 2708 2358 ἁγίας
2734 2292 3006 2362 Παρθένου
3029 2292 3306 2343 ὲνώσαντα
3329 2291 3525 2360 ἐαυτῷ,
3549 2287 3664 2342 εἷναι
3680 2288 3769 2340 Θεὸν

2258 2381 2353 2433 καὶ
2398 2380 2680 2451 ἄνθρωπον
2701 2423 2716 2445 ,
2760 2380 2855 2434 ἕνα
2889 2382 2982 2433 καὶ
3019 2381 3108 2433 τὸν
3141 2380 3300 2432 αὑτὸν
3324 2422 3338 2444 ,
3377 2380 3651 2433 ὑπόστασιν
3683 2378 3770 2449 μίαν

2257 2471 2546 2535 σύνθετον,
2603 2475 2695 2524 καὶ
2745 2472 3033 2543 πρόσωπον
3074 2471 3132 2523 ἒν
3180 2472 3512 2540 ἀδιαίρετον,
3555 2469 3771 2539 μεσιτεῦθν

2256 2558 2373 2630 Θεῷ
2428 2561 2520 2613 καὶ
2562 2561 2904 2630 ἀνθρώποις,
2959 2560 3053 2612 xui.
3106 2560 3382 2611 συνάπτον
3428 2560 3498 2612 τὰ
3532 2557 3770 2629 διῃρημένα

2259 2656 2539 2723 ποιήματα
2584 2653 2661 2724 τῷ
2702 2654 3057 2721 πεποιηκότι,
3099 2652 3388 2722 ὁμοούσιον
3416 2652 3533 2723 Θεῷ
3566 2653 3682 2704 κατὰ
3705 2651 3771 2717 τὴν

2255 2744 2317 2793 ἐκ
2353 2742 2455 2811 τῆς
2480 2743 2760 2813 Πατρικῆς
2788 2741 2971 2802 οὐσίας
3004 2741 3360 2809 ὑπάρχουσαν
3399 2738 3546 2809 αὐτῷ
3577 2737 3767 2803 056nm,

2253 2833 2348 2885 καὶ
2376 2832 2662 2903 ὀμοούσιον
2688 2830 2990 2901 ἀνθρώποις
3016 2830 3158 2883 κατὰ
3184 2834 3284 2895 τὴν
3318 2833 3387 2883 ἐκ
3430 2830 3529 2899 τῆς
3550 2826 3764 2896 ἀνθρωπί-

2254 2940 2352 2993 νης
2378 2921 2593 2991 φύσεως
2625 2921 2913 2990 ἡνωμένην
2944 2919 3092 2988 αὐτῷ
3124 2919 3323 2989 σάρκα,
3360 2916 3768 2990 προσκυνούμενα

2251 3008 2308 3060 δὲ
2343 3008 2437 3061 καὶ
2469 3006 2830 3075 δοξαζόμενον
2875 3007 3015 3077 μετὰ
3058 3006 3158 3076 τῆς
3197 3006 3338 3069 ίδίας
3372 3006 3604 3077 σαρκός·
3635 3005 3701 3057 δτι
3722 3001 3771 3053 δι’

2252 3097 2422 3167 αὐτῆς
2456 3101 2589 3167 ἡμῖν
2619 3098 2843 3166 γέγονεν
2868 3097 3142 3168 λύτρωσις
3175 3100 3238 3151 ὲκ
3268 3098 3506 3152 θανάτου
3530 3138 3544 3163 ,
3581 3097 3660 3149 καὶ
3685 3110 3768 3145 κοι-

2229 3190 2416 3242 ,νωνία
2440 3190 2693 3260 πρὸςαδν
2716 3188 3004 3243 ἀθάνατον·
3032 3190 3215 3257 ἄκρως
3232 3190 3347 3261 γὰρ
3367 3192 3610 3260 ἡνωμένη
3629 3188 3656 3257 ἡ
3673 3182 3768 3253 σὰρξ

572 3291 782 3331 summe
813 3277 968 3331 unita
993 3278 1194 3343 Verbo,
1226 3287 1281 3334 et
1310 3296 1588 3351 nunquam
1620 3294 1893 3354 separata,
1922 3304 2032 3343 non
2065 3300 2147 3345 est

2251 3280 2329 3351 τῷ
2364 3281 2561 3349 Λόγῳ,
2614 3281 2707 3332 καὶ
2757 3280 3027 3349 μηδέποτε
3076 3280 3238 3333 αὐτοῦ
3287 3279 3656 3351 χωριζομένη,
3700 3276 3768 3327 οὐκ

569 3364 830 3430 hominis,
849 3381 960 3420 non
982 3368 1153 3432 servi,
1185 3384 1292 3422 non
1326 3380 1528 3426 creata:
1554 3388 1822 3441 personat,
1850 3377 1947 3431 sed
1972 3377 2145 3448 ipsius

568 3455 667 3508 Dei
709 3455 897 3520 Verbi,
936 3458 1224 3523 creatoris,
1257 3460 1752 3518 consubstantialis
1784 3465 1915 3529 Deo,
1954 3466 2006 3521 id
2038 3477 2142 3534 est,

569 3548 911 3618 ineorporeae
936 3551 1263 3606 substantiae
1309 3552 1609 3611 ineﬂ'abilis
1637 3556 1839 3613 Patris.
1871 3559 1981 3613 Eos
2011 3575 2143 3614 vero

568 3641 662 3707 qui
699 3639 911 3707 dicunt,
947 3649 1044 3696 aut
1075 3641 1278 3698 docent
1305 3659 1528 3701 carnem
1560 3647 1745 3704 Verbo
1769 3665 1982 3705 summe
2015 3651 2143 3705 uni-

571 3741 679 3801 tam
713 3740 769 3786 et
795 3749 1075 3803 nunquam
1110 3744 1414 3804 separatam
1450 3751 1571 3792 esse
1608 3739 2133 3797 consubstantialem

565 3820 702 3887 Deo,
735 3821 789 3876 id
818 3831 922 3885 est,
956 3824 1282 3881 substantiae
1317 3825 1677 3896 incorporeas,
1723 3829 1826 3885 hos
1874 3839 2134 3902 tanquam

565 3911 960 3980 dissensiones,
1002 3924 1059 3970 et
1087 3915 1342 3970 scandala
1376 3913 1578 3987 praeter
1605 3920 1909 3975 doctrinam
1943 3922 2135 3978 Eccle-

565 4003 680 4067 sim,
716 4020 881 4073 quam
915 4022 945 4060 a
978 4007 1248 4078 principio
1279 4008 1598 4077 didicimus,
1631 4011 1898 4067 facientes
1942 4013 1996 4067 in
2036 4015 2138 4068 Ec-

566 4094 752 4148 clesiis
795 4095 1154 4163 declinamus,
1202 4099 1504 4155 secundum
1539 4102 1898 4170 apostolicam
1941 4103 2137 4173 praedi-

563 4185 872 4251 cationem,
925 4196 982 4244 et
1029 4190 1238 4245 alienos
1267 4192 1681 4260 existimamus,
1729 4195 1856 4264 quia
1896 4195 2137 4265 antiqua:

548 4278 850 4334 traditioni
882 4288 938 4335 et
967 4281 1365 4337 ecclesiasticae
1389 4283 1506 4352 paci
1536 4284 1922 4340 adversantur.

634 4542 679 4574 ³³
708 4540 846 4595 Luc.
872 4555 948 4605 χι,
982 4540 1074 4595 20.

630 4689 705 4762 (2)
722 4686 1176 4759 RcspicitJobius
1195 4689 1264 4744 ad
1288 4698 1538 4746 sanctum
1561 4688 1850 4761 Cyrillum.

2251 3370 2400 3423 ἔστιν
2448 3370 2735 3441 ἀνθρώπου
2760 3411 2772 3435 ,
2816 3371 2877 3422 οὐ
2913 3369 3120 3433 δούλου,
3165 3371 3224 3423 οὐ
3261 3370 3487 3423 κτιστοῦ
3517 3367 3765 3439 προσώπου,

2250 3459 2375 3512 ἀλλ’
2424 3460 2590 3512 αὑτοῦ
2642 3460 2737 3512 τοῦ
2785 3459 2924 3513 Θεοῦ
2964 3460 3159 3528 Λόγου,
3197 3459 3291 3513 τοῦ
3329 3458 3674 3530 Δημιουργοῦ,
3700 3453 3767 3507 τοῦ

2247 3550 2535 3620 ὁμοουσίου
2567 3549 2647 3620 τῷ
2680 3549 2830 3620 Θεῷ,
2878 3551 2974 3603 καὶ
3009 3552 3107 3621 οὐχ
3139 3554 3431 3621 ὁμοουσέου
3465 3555 3528 3622 τῇ
3553 3548 3766 3618 ἀσωμάτῳ

2247 3642 2405 3713 οὐσίᾳ
2434 3640 2530 3694 τοῦ
2559 3641 2804 3713 ἀρρήτου
2829 3642 3062 3713 Πατρός.
3100 3642 3241 3704 Τοὺς
3263 3642 3325 3694 δὲ
3359 3644 3459 3713 τὴν
3483 3643 3648 3711 ἄκρως
3666 3641 3767 3707 igno-

2251 3735 2419 3802 μένην
2452 3733 2633 3804 σάρκα
2662 3732 2741 3802 τῷ
2770 3732 2929 3801 Λόγῳ
2949 3773 2965 3799 ,
3014 3732 3111 3787 καὶ
3159 3735 3441 3803 μηδέποτε
3469 3732 3620 3788 αὐτοῦ
3643 3745 3765 3801 χωρι-

2242 3823 2479 3897 ζομένην
2504 3863 2518 3889 ,
2555 3822 2813 3891 λέγοντας
2840 3821 2874 3892 ἢ
2897 3821 3250 3888 διδάσκοντας
3280 3826 3565 3894 ὁμοούσιον
3585 3821 3651 3891 τῷ
3664 3815 3765 3883 Θεῷν

2245 3914 2525 3966 τουτέστιν
2548 3915 2613 3984 τῇ
2633 3914 2910 3983 ἀσωμάτῳ
2932 3913 3113 3984 οὐσίᾳ,
3132 3913 3363 3978 τούτους
3386 3915 3464 3978 ὡς
3485 3906 3763 3983 διχοστασίας

2242 4006 2339 4058 καὶ
2385 4004 2651 4057 σκάνδαλα
2672 4044 2687 4068 ,
2742 4003 2894 4074 παρὰ
2924 4004 3023 4073 τὴν
3046 4004 3267 4076 διδαχὴν
3294 4005 3371 4071 ῆν
3394 4005 3453 4069 eg
3487 4005 3643 4074 ἀρχῆς
3674 3995 3768 4063 ἐμά-

2244 4098 2431 4163 Θομεν,
2473 4094 2761 4159 ποιοῦντας
2781 4098 2903 4159 ταῖς
2937 4095 3308 4163 Ἐκκλησίαις,
3334 4097 3637 4165 ἑκκλίνομεν
3662 4086 3762 4143 κατᾶ

2244 4189 2344 4256 τὴν
2377 4186 2744 4257 ἀποστολικὴν
2774 4187 3176 4257 παραγγελίαν,
3205 4188 3301 4240 καὶ
3328 4188 3629 4258 ἀλλοτρίους
3643 4179 3763 4253 ἡγού-

2248 4283 2407 4350 μεοαο
2443 4280 2531 4335 διὰ
2560 4280 2620 4334 τὸ
2646 4280 3021 4334 ἐναντιοῦσθαι
3053 4284 3118 4353 τῇ
3148 4282 3358 4354 ἀρχαίᾳ
3397 4281 3666 4354 παραδόσει
3698 4271 3762 4324 καὶ

2244 4378 2308 4447 τῇ
2338 4374 2764 4445 ὲκκλησιαστικῇ
2800 4375 3013 4446 εἰρήνῃ.

560 4844 755 4909 Plura
786 4844 859 4908 de
879 4844 1054 4908 Jobt't'
1108 4846 1397 4909 monachi
1445 4850 1716 4935 Scriptis
1749 4847 2065 4935 .hab_esin_
2089 4848 2478 4935 Bibliotheca
2506 4852 2737 4935 Photii,
2788 4855 2927 4917 cod.
2980 4850 3121 4928 222,
3159 4872 3349 4935 quam
3386 4858 3457 4918 in
3506 4849 3758 4922 tomoCIII

1648 4927 1833 5009 hujus
1862 4927 2232 5006 Patrologitn
2260 4945 2470 4989 sumus
2499 4932 2756 4997 edituri.

3906 1368 3910 1579 ι
