3960 6284
276 366 3495 447 Ἥ

1188 572 2563 758 ERECHTHIUS

776 872 1480 969 ANTIOCHIAE
1563 883 1688 970 IN
1775 862 2231 974 PISlDIA
2302 830 2978 987 Episcopus.

1391 1174 2348 1348 FRAGMENTUM.

1312 1445 1453 1517 Aug.
1477 1446 1578 1502 ΜΑι
1604 1446 1800 1516 Script.
1834 1446 1943 1501 νει.
1970 1456 2009 1505 t.
2032 1447 2145 1512 γη,
2168 1461 2223 1517 p.
2258 1446 2381 1503 165.

263 1751 399 1834 Τοῦ.
412 1755 711 1838 μα-ίιαρίοχ
750 1757 1049 1838 Ἑρεχρίου
1088 1760 1447 1838 ᾆξτισθοόπου.
1468 1760 1826 1838 Ἀντιοχείας
1850 1789 1864 1816 λ

1993 1760 2152 1838 ﬂenti
2180 1763 2448 1838 Erechthii
2469 1769 2695 1838 episcopi
2716 1768 3008 1824 Antiochia:
3038 1770 3093 1824 in
3114 1768 3314 1826 Pisidia
3333 1788 3399 1826 ea:
3422 1773 3508 1827 lio-

322 1826 434 1896 τῆς
479 1826 819 1894 Πεισιδίας,
870 1826 938 1894 ἐξ
976 1831 1213 1896 ὁμιλίας
1241 1831 1566 1895 λεχθείσης
1601 1826 1827 1893 ἐντοῖς

324 1848 434 1889 της
479 1848 819 1894 ιιεισιοιας,
870 1848 934 1894 ες
976 1848 1007 1883 ο
1055 1848 1213 1896 ιλιας
1241 1848 1566 1895 λεχθείσης
1601 1848 1671 1883 εν
1701 1848 1827 1893 τοις

324 1891 516 1968 ᾀγιοις
564 1898 943 1964 Θεοφανείοις
992 1848 1062 1953 £-
1100 1900 1176 1968 τῇ
1215 1898 1465 1967 Μεγάλῃ
1526 1898 1829 1965 ἐκκλησίᾳ

326 1965 1017 2039 Κωνςσταντινοσπόλεως
1041 2010 1057 2032 ,
1113 1965 1509 2039 καθεζομένου
1563 1968 1670 2023 τοῦ
1718 1982 1830 2035 μα’

322 2031 535 2098 κηρίον
562 2033 899 2091 ἐπισκόπου
924 2031 1222 2106 Πρόκλου.

325 2123 485 2193 Παρὰ
521 2123 747 2179 Ἡσαΐου
793 2127 888 2181 τοῦ
932 2130 1169 2198 μεγάλου
1203 2132 1479 2202 προφήτου
1515 2128 1829 2199 ἠκούσαμεν

255 2210 387 2264 Θεοῦ
415 2214 845 2283 κηρυττομένου·
885 2217 1133 2271 Παιδίον
1159 2221 1290 2286 γὰρ,
1319 2220 1505 2288 φησιν,
1537 2219 1829 2288 ἐγεννήθη

254 2300 427 2369 ἡμῖν,
485 2302 586 2355 καὶ
639 2303 772 2368 Υἱὸς
792 2304 980 2374 ’ἐδόθη
1012 2307 1191 2376 ἡμῖν,
1229 2304 1299 2364 οὗ
1330 2311 1369 2377 ἡ
1398 2309 1551 2377 ἁρχὴ
1578 2308 1829 2378 ἐγενήθη

253 2392 347 2445 ἐπὶ
377 2393 485 2447 τοῦ
507 2393 669 2462 ὤμου
691 2396 898 2451 αὐτοῦ’
930 2398 1027 2449 καὶ
1051 2398 1317 2452 καλεῖται
1340 2399 1406 2451 τὸ
1429 2399 1616 2466 ὄνομα
1636 2399 1830 2454 αὑτοῦ

251 2482 519 2551 μεγάλης
571 2484 816 2553 βουλῆς
880 2486 1179 2556 ἅγγελος,
1240 2490 1620 2557 θαυμαστὸς,
1670 2491 1827 2557 σύμ-

253 2575 467 2640 ϐουλος
503 2612 518 2638 ,
592 2574 736 2641 Θεὸς
793 2578 1077 2646 ισχιιρὸς.
1136 2579 1575 2647 ἐξουσιαστὴς,
1630 2580 1829 2648 ἅρχων

253 2662 495 2731 εΙρήνης
513 2704 529 2729 ,
560 2665 757 2735 πατὴρ
783 2668 889 2721 τοῦ
910 2668 1246 2736 μέλλοντος
1272 2668 1505 2734 αἰῶνος.
1533 2669 1712 2739 Μήτις
1732 2665 1828 2724 οὖν

240 2752 392 2841 χὺμᾶς
427 2755 713 2820 ἰουδαῖκὸς
767 2757 1160 2828 ἐξαπατήσειεν
1213 2759 1407 2822 κλάδος
1437 2776 1449 2788 ·
1520 2759 1663 2813 οὕτω
1716 2761 1827 2828 γὰρ

254 2844 441 2898 καλεῖν
490 2847 618 2909 τοὺς
666 2848 1041 2918 αἱρετίζοντας
1089 2850 1278 2914 ἄξιον,
1334 2852 1409 2913 ὡς
1456 2849 1585 2904 ἄλλο
1626 2850 1726 2920 μὲν
1771 2850 1831 2902 τὸ

253 2932 473 3003 τεχθὲν,
509 2933 639 2988 ἄλλο
667 2935 726 2989 δὲ
756 2936 785 2987 ὁ
812 2937 870 2989 ὲν
896 2937 1044 3005 αὐτῷ
1074 2938 1404 3008 κατοικήσας
1432 2937 1564 3000 Θεὸς
1582 2980 1596 3002 ,
1634 2938 1832 3001 mhi);

251 3024 341 3078 δύο
372 3026 466 3079 τοῦ
495 3026 847 3100 γεννηθέντος
880 3031 935 3082 αἱ
960 3028 1172 3096 φύσειςο
1212 3030 1276 3083 ἂν
1306 3032 1418 3100 γάρ
1449 3048 1533 3094 τις
1560 3028 1718 3083 τοῦτο
1740 3030 1828 3084 λέ-

249 3132 368 3187 γειν
399 3089 749 3188 τολμήσείεν,
800 3089 891 3173 τὸν
925 3089 1267 3191 ’έμμανουὴλ
1486 3089 1645 3191 μόνον
1676 3120 1826 3175 ἀντί-
1863 3089 1904 3144 Β

250 3207 373 3272 Θες,
429 3209 528 3262 καὶ
573 3211 793 3280 χαλινὸν
837 3213 1051 3283 σιωπῆς
1083 3212 1182 3283 τὴν
1212 3213 1307 3266 τοῦ
1337 3214 1602 3283 ὀνόματος
1634 3212 1826 3266 ὑποδὲ-

250 3298 399 3364 ξεται
433 3302 676 3371 μνήμην.
712 3302 785 3355 Οὐ
812 3303 924 3374 γὰρ
948 3302 1041 3358 δύο
1066 3304 1282 3374 φύσεις,
1310 3304 1447 3358 ἀλλὰ
1475 3323 1539 3357 σα
1551 3303 1827 3375 ρκωθέντα

249 3389 381 3443 Θεὸν
435 3392 470 3461 ἡ
508 3392 784 3462 Παρθένος
840 3394 1115 3465 μυστικῶς
1149 3395 1505 3464 ἀπεκύησεν,
1557 3393 1824 3465 δεξαμένη

248 3479 346 3548 τὴν
364 3479 459 3533 τοῦ
482 3482 800 3548 Πνεύματος
822 3485 1184 3556 ἐπιφοίτησιν.
1212 3485 1275 3538 Εἰ
1302 3485 1400 3556 μὲν
1422 3484 1530 3555 γὰρ
1550 3482 1825 3552 ἀνθρωπι-

252 3587 347 3641 νης
380 3572 591 3642 σπορᾶς
625 3572 825 3644 βλάστη
836 3591 914 3642 μα
937 3570 1005 3646 ἦν
1029 3578 1057 3627 ὁ
1080 3576 1337 3647 Χριστὸς,
1365 3574 1714 3644 συνετίθεμεν
1734 3574 1823 3636 ἂν,

250 3660 340 3714 τὸν
389 3662 601 3732 καρπὸν
654 3664 796 3718 κατὰ
842 3664 941 3736 τὴν
984 3665 1149 3734 φύσιν
1188 3664 1476 3737 μιμεῖσθαι
1502 3664 1600 3735 τὴν
1628 3665 1783 3733 ῥίζαν
1809 3682 1823 3695 ο

251 3752 298 3807 I2!
327 3752 384 3807 δὲ
420 3754 485 3808 ὲκ
506 3755 826 3827 μνεύματός
856 3759 1002 3810 ἐστιν
1032 3759 1217 3827 ἁγίου,
1262 3758 1401 3810 κατὰ
1428 3757 1526 3827 τὴν
1555 3756 1648 3810 τοῦ
1680 3757 1824 3826 ἀρχ-

251 3843 478 3912 αγγέλου
516 3843 721 3916 “‹ρωνὴν
746 3886 760 3910 ,
816 3847 949 3911 Θεὸς
994 3851 1022 3900 ὁ
1059 3849 1290 3919 τεχθεὶς,
1327 3847 1514 3920 ἐπειδὴ
1573 3848 1666 3901 καὶ
1699 3846 1829 3910 Θεὸς

250 3935 279 3989 ὸ
307 3936 406 4008 τῆς
437 3940 743 4009 γεννήσεως
772 3938 1052 4010 πρόξενος.

317 4091 336 4123 ¹
370 4088 479 4149 Isa.
512 4108 593 4157 ιχ,
625 4093 680 4148 6.

1931 1832 2079 1909 milia
2116 1835 2341 1909 recitata
2363 1838 2418 1909 ia
2449 1832 3041 1909 sancta'Epiphaniain
3062 1840 3265 1909 Magna
3291 1842 3510 1896 ecclesia

1929 1900 2109 1958 Const.
2139 1904 2351 1959 sedente
2378 1906 2531 1960 beato
2553 1900 2789 1978 episcopo
2811 1908 3022 1963 Proclo.

2002 2122 2084 2178 Ex
2123 2138 2324 2195 magno
2369 2126 2641 2195 prepheta
2686 2127 2827 2182 Isaia
2860 2129 3195 2195 audivimus,
3226 2144 3354 2185 cum
3398 2130 3506 2185 ait:

1929 2212 2073 2267 Puer
2116 2224 2271 2269 natus
2300 2221 2375 2270 est
2421 2218 2588 2282 nobis,
2626 2226 2676 2270 et
2694 2217 2838 2284 ﬁlius
2865 2218 3023 2273 datus
3058 2229 3131 2273 est
3162 2219 3330 2283 nobis,
3361 2220 3510 2287 cuius

1931 2304 2259 2374 principatus
2285 2321 2445 2376 super
2485 2308 2763 2361 humerum
2805 2308 2953 2378 ejus;
2988 2318 3036 2362 et
3073 2319 3290 2363 vocatur
3321 2326 3511 2362 nomen

1932 2396 2046 2465 ejus
2071 2398 2253 2466 magni
2281 2397 2487 2452 consilii
2507 2398 2747 2469 angelus,
2768 2400 3118 2463 admirabilis,
3147 2399 3506 2464 consiliarius,

1930 2484 2072 2538 Deus
2094 2484 2268 2553 fortis,
2286 2487 2734 2557 potens,princeps
2748 2489 2913 2558 pacis,
2931 2498 3082 2560 pater
3098 2488 3261 2555 futuri
3278 2488 3506 2545 swculi‘.

1929 2575 2009 2629 Ne
2026 2575 2193 2645 igitur
2216 2576 2415 2646 aliquis
2442 2576 2705 2634 Judaieus
2724 2579 2978 2635 surculus
2998 2594 3096 2634 vos
3121 2578 3391 2648 decipiat;
3428 2577 3511 2634 sic

1930 2664 2077 2719 enim
2102 2666 2413 2735 appellandi
2433 2677 2583 2733 sunt,
2604 2669 2701 2738 qui
2719 2669 3011 2725 haereticos
3030 2676 3334 2734 sectantur,
3352 2668 3510 2738 quasi

1932 2756 2076 2811 alius
2098 2757 2190 2822 sit,
2216 2758 2311 2827 qui
2334 2766 2496 2813 natus
2513 2766 2622 2824 est,
2652 2769 2706 2815 et
2738 2761 2900 2824 alius,
2926 2761 3021 2830 qui
3060 2760 3117 2814 in
3151 2775 3219 2816 eo
3240 2760 3512 2815 habitavit

1931 2851 2097 2917 Deus,
2116 2861 2172 2906 et
2192 2851 2349 2920 quasi
2366 2851 2488 2907 duae
2502 2852 2612 2906 sint
2626 2853 2764 2923 ejus,
2784 2854 2877 2922 qui
2898 2861 3059 2908 natus
3079 2861 3182 2916 est,
3200 2859 3433 2908 naturae.
3451 2851 3510 2907 Si
3564 2906 3583 2917 ,

1931 2943 2057 3013 quis
2089 2943 2238 2997 enim
2270 2943 2377 2997 hoc
2406 2942 2475 2998 de
2507 2943 2862 3000 Emmanucle
2897 2945 3085 3000 dicere
3128 2959 3296 3000 ausus
3319 2944 3508 3009 fuerit,

1931 3048 2147 3102 oppone
2165 3032 2215 3087 ei
2234 3032 2341 3087 hoc
2354 3033 2530 3087 solum
2545 3043 2769 3097 nomen,
2792 3043 2850 3088 et
2867 3033 3131 3087 memoria
3152 3033 3319 3103 hujus
3335 3031 3514 3085 nomi-

1933 3125 2021 3179 nis
2039 3124 2209 3178 eritei
2228 3123 2442 3179 frenum
2459 3124 2688 3178 silentii.
2701 3123 2819 3178 Non
2837 3123 2985 3178 enim
3002 3123 3137 3178 duas
3152 3131 3400 3186 naturas,
3413 3118 3510 3176 sed

1932 3217 2107 3271 Deum
2162 3214 2509 3267 incarnatum
2591 3211 2757 3281 Virgo
2818 3211 3047 3282 mystice
3101 3208 3335 3279 peperit,
3384 3221 3512 3262 cum

1936 3305 2177 3375 Spiritus
2207 3310 2432 3360 sanctus
2475 3302 2531 3356 iu
2579 3317 2701 3357 eam
2737 3300 3166 3371 supervenisset.
3205 3298 3419 3354 Etenim
3463 3297 3512 3352 si

1933 3395 2189 3451 Christus
2233 3402 2382 3448 esset
2430 3392 2576 3449 fetus
2614 3391 2844 3446 seminis
2870 3390 3121 3456 humani,
3150 3387 3510 3444 concederem

1936 3490 2178 3545 fructum
2234 3486 2540 3543 secundum
2572 3492 2825 3541 naturam
2859 3481 3062 3538 imitari
3096 3482 3362 3536 radicem.
3412 3479 3512 3535 Sin

1933 3594 2065 3634 vero
2097 3585 2184 3632 est
2229 3592 2296 3630 ex
2345 3575 2560 3644 Spiritu
2602 3582 2815 3637 sancto,
2861 3570 3167 3626 secundum
3203 3583 3391 3623 vocem
3420 3582 3511 3622 ar-

1933 3669 2371 3741 changeli,Deus
2423 3676 2508 3722 est
2552 3666 2644 3737 qui
2708 3674 2870 3720 natus
2917 3673 3022 3729 est,
3071 3662 3198 3733 quia
3249 3662 3393 3749 Deus
3427 3666 3512 3716 est

1935 3778 2034 3817 cau
2046 3776 2106 3816 sa
2140 3768 2296 3815 οτιιιε
2306 3799 2324 3817 ο

255 4286 3495 4340 W

865 4476 1851 4663 SANCTUS
2040 4376 2893 4661 PETBUS

1132 4791 1923 4894 LAODICENSIS
1995 4790 2682 4887 EPISCOPUS.

628 5062 722 5124 DE
752 5061 992 5123 PETRI
1022 5060 1506 5139 LAODICENSIS
1540 5053 2090 5120 COMMENTARIO
2117 5053 2198 5114 IN
2237 5053 2608 5126 QUATUOR
2646 5052 3097 5116 EVANGELIA.

1296 5199 1435 5270 Aug.
1470 5198 1576 5252 ΜΑι
1605 5196 1857 5251 Biblioth.
1893 5213 2014 5251 nov.
2046 5206 2088 5251 t.
2126 5196 2213 5264 Vl,
2252 5212 2311 5267 p.
2350 5195 2473 5251 545.

319 5304 468 5362 Petri
509 5303 755 5375 episcopi
802 5303 1099 5360 Laudiceni
1134 5306 1458 5376 permodica
1488 5320 1554 5361 ac
1594 5320 1766 5375 prope
1811 5303 1964 5358 nulla
2011 5304 2217 5375 legitur
2243 5304 2441 5360 notitia
2484 5302 2629 5373 apud
2664 5300 3102 5374 bibliographos.
3151 5300 3344 5357 Exstat
3392 5300 3513 5370 ejus

242 5396 436 5451 brevis
492 5392 848 5463 paraphrasis
898 5395 1167 5449 orationis
1219 5394 1518 5449 Dominiea:
1548 5395 1603 5449 in
1639 5408 1787 5450 tomo
1825 5393 2007 5463 primo
2037 5392 2311 5463 Origenis,
2353 5389 2614 5445 editionis
2651 5389 2934 5454 Maurinae,
2981 5388 3088 5444 col.
3128 5388 3253 5452 909,
3299 5385 3509 5450 Graece,

239 5495 372 5534 cum
406 5477 860 5548 interpretatione
888 5478 1084 5534 Latina
1116 5494 1184 5534 ex
1208 5478 1528 5534 Bibliotheca
1563 5479 1733 5551 Lugd.
1766 5479 1877 5535 PP.
1909 5490 1951 5535 t.
1983 5479 2103 5545 ΧΠ,
2138 5496 2194 5550 p.
2230 5479 2355 5535 522.
2392 5478 2747 5549 Paraphrasis
2775 5493 2994 5549 quoque
3020 5477 3142 5547 ejus
3168 5474 3512 5531 canticorum

237 5565 306 5619 B.
347 5565 554 5630 Mariae,
603 5563 905 5631 Zachariae,
946 5580 1011 5620 ac
1060 5564 1337 5622 Simeonis
1386 5566 1532 5621 edita
1575 5566 1677 5621 fuit
1702 5583 1732 5622 a
1765 5566 2013 5631 Morello,
2060 5582 2224 5636 quam
2260 5581 2371 5620 non
2405 5565 2539 5619 vidi.
2581 5565 2831 5635 Denique
2867 5566 2923 5619 in
2961 5561 3177 5619 Possini
3217 5568 3411 5616 eatena
3439 5560 3510 5614 ad

239 5649 438 5706 Matth.
492 5666 603 5715 nx,
656 5651 745 5717 Η,
785 5650 939 5707 locus
980 5651 1248 5706 recitatur
1283 5667 1349 5707 ex
1390 5652 1587 5707 eodem
1641 5654 1805 5709 Petro
1859 5653 2189 5707 Laodiceae.
2243 5650 2361 5706 Jam
2407 5666 2536 5707 vero
2588 5651 2786 5721 plenus
2820 5651 2889 5707 ad
2922 5657 3161 5721 quatuor
3207 5645 3503 5716 Evangelia

238 5741 705 5810 Commentarius,
737 5757 864 5798 cum
923 5742 1071 5800 Petri
1097 5742 1408 5813 Laodiceni,
1472 5746 1676 5818 Πέτρον
1717 5747 1864 5800 Λαςδη

1955 5746 1968 5761 ο

1935 5764 2057 5809 ιςας,

2112 5747 2165 5801 in
2224 5745 2509 5802 codicibus
2568 5745 2845 5810 Vaticanis
2882 5743 3014 5803 mihi
3050 5741 3287 5798 feliciter
3338 5754 3495 5797 com-
