4010 6288
565 328 713 394 3‘323
1800 326 1861 386 S.
1897 325 2125 384 PETRI
2165 321 2571 383 LAODICEN’I
3650 315 3746 380 332i

573 475 757 534 pertus
784 468 867 515 est
927 475 1088 530 quem
1117 475 1239 514 cum
1266 457 1529 529 praedicta
1555 455 1821 511 orationis
1851 456 2151 509 Dominieae
2178 456 2496 524 paraphrasi
2530 453 2696 514 edita,
2732 469 2833 507 nec
2863 470 2971 508 non
3003 469 3126 509 eum
3155 452 3480 508 Possiniano
3506 452 3751 522 fragmento

573 551 882 618 conferens,
919 550 1147 622 cognovi
1190 551 1417 605 omnino
1465 559 1629 618 atque
1673 549 1960 603 evidenter
1997 563 2081 601 me
2116 548 2262 600 Petri
2296 545 2588 600 Laudiceni
2619 561 2759 616 opus
2796 547 2850 600 in
2887 547 3141 601 manibus
3168 545 3393 609 habere,
3423 546 3547 615 quia
3577 557 3751 614 uterqu

575 640 664 694 ille
711 639 912 693 citatus
945 638 1123 703 locus,
1156 638 1212 691 in
1244 652 1412 707 opere
1446 636 1740 692 Laodiceni
1776 636 1997 705 legitur.
2034 635 2159 687 llaec
2194 633 2269 687 de
2306 649 2492 702 opere.
2528 632 2647 687 Jam
2688 632 2756 687 de
2790 633 3027 688 auctoris
3066 641 3225 687 aetate
3265 632 3398 704 quid
3434 632 3641 685 dicam?
3684 633 3754 686 nisi

576 729 721 799 quod
757 739 868 783 tum
900 732 955 784 in
982 732 1148 785 citato
1175 730 1545 783 Maurinorum
1577 729 1719 791 loco.
1751 737 1863 781 tum
1888 726 2048 780 etiam
2076 725 2130 778 in
2160 725 2339 779 indice
2367 724 2701 778 Bibliothecw
2735 723 2842 778 PP.
2875 736 2915 778 ι.
2945 725 2988 787 l,
3016 725 3213 779 Petrus
3241 725 3329 779 hic
3350 726 3583 793 septimo
3603 724 3754 777 saeculo

579 816 1035 885 conjecturalitcr
1069 816 1365 875 addicitur,
1402 823 1461 866 ut
1494 813 1693 867 Coccio
1723 814 1954 882 aliisque
1988 812 2228 881 placuit:
2260 814 2408 882 quod
2437 814 2483 868 si
2516 829 2645 868 vere
2684 814 3003 877 affirmatur,
3032 813 3299 868 habemus
3319 823 3597 867 auctorem
3620 812 3756 865 hercle

578 914 820 960 ve'erem
856 890 912 961 et
938 908 1336 962 testimabilem.
1376 910 1565 963 Trium
1605 916 1787 962 autem
1821 906 1966 961 Petri
2006 907 2258 961 codicum
2289 907 2408 961 Vat.
2456 908 2768 976 praecipuus
2797 907 3032 974 scriptus
3064 904 3165 957 fuit
3192 904 3243 957 in
3276 903 3535 957 Armenia
3558 901 3755 956 Theodo-

587 998 785 1066 siopoli
821 1000 989 1063 (nunc.
1018 999 1338 1064 Erzerum);
1390 994 1747 1066 quamobrem
1793 1011 1985 1050 versus
2026 1010 2245 1063 quoque
2292 995 2618 1049 Armeniaca
2654 996 2839 1063 lingua
2886 994 3191 1062 litterisque
3222 994 3519 1061 conscripti
3550 993 3599 1043 in
3628 990 3758 1043 fronte

583 1083 790 1137 codicis
820 1093 967 1136 sunt.
1018 1083 1208 1139 Obiter
1254 1093 1436 1137 autem
1480 1085 1588 1145 aio,
1634 1083 1774 1136 duos
1816 1082 2009 1135 Petros
2048 1081 2550 1149 TheodosiOpoleos
2590 1082 2876 1150 episcopos
2903 1081 3193 1133 memorari
3230 1080 3281 1132 in
3324 1078 3572 1148 Lequinii
3602 1076 3759 1132 Oriente

585 1168 711 1223 Chr.
747 1176 785 1221 t.
818 1168 858 1230 Ι,
888 1169 992 1223 col.
1021 1168 1147 1230 457,
1182 1168 1305 1221 458.
1342 1170 1729 1222 Verumtamen
1760 1175 1947 1218 noster
1977 1165 2261 1220 Laodicea:
2290 1174 2609 1221 constanter
2631 1167 2942 1236 appellatur
2968 1165 3279 1234 episc0pus.
3306 1165 3367 1219 In
3402 1165 3549 1218 calce
3583 1163 3761 1229 denique

588 1254 823 1324 scriptor
856 1256 1063 1309 codicis
1098 1255 1182 1308 vel
1210 1254 1465 1308 dominus
1496 1254 1570 1307 ita
1615 1253 1683 1307 de
1724 1268 1781 1306 se
1811 1252 2055 1321 loquitur
2079 1254 2276 1321 partim
2311 1252 2586 1308 distinctis
2610 1253 2829 1318 litteris,
2861 1252 3058 1321 partim
3087 1251 3522 1321 monocondylis,
3565 1249 3763 1303 mendose

590 1355 766 1407 tamen
793 1348 1123 1416 quandoque
1157 1355 1211 1400 et
1241 1347 1438 1399 soloece
1465 1359 1478 1395 :
1512 1343 1764 1412 Ἰωάννης
1802 1343 2174 1411 πρωτοσπαθά

2270 1360 2294 1405 ς
2317 1344 2395 1414 τῷ
2425 1343 2715 1412 ἀξιώματι.
2742 1343 2876 1397 Item
2903 1360 2915 1394 :
2942 1341 2999 1396 Ὀ
3029 1338 3763 1410 πρωτοσπαθὰριοςίωᾶννιςςὺ

589 1439 716 1510 ῦχῆς
747 1438 866 1507 (sic)
892 1436 1176 1504 ἐπιδίδωμι
1209 1434 1271 1487 τὸ
1293 1432 1784 1506 Τετραευατγέλιον
1834 1433 1994 1485 τοῦτο
2040 1433 2304 1503 Γερμανῷ
2336 1435 2497 1503 χάριν
2542 1435 2762 1503 μνήμης
2807 1430 2902 1487 τοῦ
2940 1433 3146 1503 πατρός
3182 1449 3282 1501 μου
3308 1431 3407 1484 τοῦ
3436 1428 3765 1500 πρωτοσπιιθιι-

591 1532 707 1597 ρίου
749 1527 1013 1581 Ἰωάννου.
1048 1526 1187 1581 Tum
1211 1524 1478 1595 prolixius
1505 1541 1518 1576 :
1567 1522 1791 1595 Ἰωάννῃ
1814 1522 1891 1593 τῷ
1914 1525 2332 1595 παναμαρτωλῷ
2365 1525 2460 1577 καὶ
2491 1524 2967 1594 πρωτοσπαθαρίῳ
2987 1526 3033 1577 οἱ
3056 1522 3529 1590 ἀναγινώσκοντες
3561 1520 3645 1573 καὶ
3668 1520 3768 1586 ὠτε-

588 1619 802 1680 λοῦντες
831 1618 939 1685 (dic
968 1616 1360 1684 ὠφεληθέντες)
1392 1616 1454 1666 ἐκ
1476 1612 1570 1665 τοῦ
1597 1614 2102 1682 τετραευαγγελεου,
2137 1614 2361 1683 εὖχεσθέ
2392 1632 2481 1685 μοι
2497 1615 2584 1667 διὰ
2611 1615 2701 1668 τὸν
2727 1615 2949 1685 Κύριονο
2980 1614 3199 1683 καὶγὰρ
3235 1612 3395 1679 κάγὼ
3422 1614 3481 1664 ὲν
3506 1612 3770 1680 ἀμετρήτοις

588 1708 885 1773 ἁμαρτίαις
916 1707 1194 1774 ὑπάρχων,
1230 1706 1320 1756 καὶ
1353 1702 1453 1755 οὐκ
1475 1701 1602 1755 ἄλλο
1630 1718 1683 1753 τι
1714 1701 1915 1766 ἀγαθὸν
1940 1703 1998 1755 ὲν
2028 1703 2164 1772 τῷδε
2190 1703 2268 1773 τῷ
2300 1702 2400 1774 βίῳ
2424 1703 2636 1774 πράξας
2667 1706 2695 1756 ὁ
2716 1702 3083 1770 ταλαίπωρος,
3113 1703 3264 1770 ὅμως
3293 1698 3433 1752 Θεοῦ
3460 1696 3770 1760 εὐδοκοῦντος,

589 1788 786 1856 πεῖραν
834 1785 927 1838 καὶ
960 1783 1124 1836 πόθον
1152 1783 1261 1837 τῶν
1281 1783 1444 1838 θείων
1474 1784 1826 1855 γραμμάτων
1856 1784 2129 1854 ἀράμενος
2150 1827 2164 1850 ,
2196 1785 2292 1839 καὶ
2324 1786 2381 1838 ὲν
2417 1788 2483 1855 τῇ
2516 1784 3085 1839 Θεοδοσιουπὸλειτάδε
3112 1788 3179 1845 τὰ
3201 1787 3335 1854 ἅγια
3357 1786 3771 1857 διερμηνευομὲνῳ

589 1876 895 1945 Εὐαγγέλια
924 1876 1182 1946 ἐντυχὼν,
1212 1877 1336 1930 ὅθεν
1367 1877 1460 1931 καὶ
1480 1877 1832 1948 ὠνησάμενος
1859 1879 1964 1933 ὑπὸ
1986 1879 2094 1932 τῶν
2122 1879 2347 1932 δικαίων
2397 1878 2548 1947 ἐμῶν
2589 1880 2853 1949 καμάτων
2883 1881 3044 1944 εὐθὺς
3082 1885 3175 1939 καὶ
3200 1881 3561 1941 ἀνακαινίσας
3589 1882 3670 1934 καὶ
3706 1898 3770 1932 κο-

590 1971 824 2036 σμήσας,
864 1972 998 2040 μετὰ
1032 1971 1127 2023 καὶ
1157 1968 1438 2023 κοτζάκων
1468 1968 1761 2036 ἀσημένων
1782 1968 2093 2035 (ornatibus
2117 1983 2174 2020 ar

2270 1969 2394 2024 Iteis
2414 1970 2457 2035 ?)
2486 1970 2566 2024 si:
2599 1972 2941 2039 μνημόσυνον
2966 1972 3142 2040 κάμοῦ
3169 1972 3263 2024 καὶ
3293 1971 3407 2025 τῶν
3430 1971 3575 2041 ἐμῶν
3604 1972 3771 2041 γονέων·

589 2061 671 2117 διδ
698 2059 993 2122 παρακαλῶ
1018 2060 1185 2127 ὑμᾶς,
1222 2052 1265 2110 ὧ
1297 2058 1651 2126 φιλόχριστοι,
1684 2050 1766 2118 οἷς
1790 2056 1835 2109 δ’
1858 2055 1924 2109 ἂν
1951 2056 2088 2125 μετὰ
2126 2057 2187 2109 τὸ
2208 2058 2529 2128 τελευτῆσαί
2558 2075 2625 2129 με
2657 2060 2807 2130 τύχοι
2831 2062 2862 2131 ἡ
2898 2061 3028 2130 ἁγία
3051 2062 3190 2132 αὕτη
3219 2063 3403 2127 δέλτος
3434 2066 3532 2118 οὐκ
3560 2066 3775 2134 ἀμνήμων

591 2150 892 2219 γενήσομαι
928 2151 1022 2219 ἀφ’
1052 2151 1175 2220 (sic)
1212 2151 1386 2218 ὑμᾶς’
1428 2150 1563 2220 ὅπερ
1620 2149 1974 2219 συγχωρήσαι
2026 2149 2054 2201 ὁ
2083 2149 2234 2212 Θεός.
2312 2151 2564 2220 Ἰωάννης
2604 2153 2993 2222 γραμματικὸς
3044 2154 3368 2224 σπαθάριος.
3420 2155 3609 2219 Ἐθους
3634 2157 3773 2224 ,ςψιεικ

591 2240 732 2296 6719
774 2242 996 2311 (Christi
1023 2242 1210 2312 12H).
1251 2241 1361 2296 Nos
1394 2242 1578 2310 itaque
1607 2241 1811 2296 edituri
1870 2240 1925 2294 in
1958 2242 2320 2311 sequentibus
2354 2243 2624 2313 tomis,(l)
2656 2244 2760 2320 hoc
2796 2244 2939 2299 Petri
2969 2261 3131 2315 opus,
3161 2261 3332 2314 pauca
3371 2264 3521 2303 nunc
3547 2249 3774 2303 tlellorabi-

592 2348 733 2396 mus,
766 2334 856 2387 illa
885 2334 1163 2398 videlicet,
1199 2351 1318 2405 quae
1351 2336 1403 2390 in
1445 2347 1681 2404 quatuor
1706 2333 2018 2404 Evangeliis
2067 2337 2132 2387 ad
2175 2332 2277 2390 SS.
2320 2336 2678 2392 Eucharistia:
2712 2340 3029 2410 mysteriqu
3061 2341 3373 2408 pertinent;
3416 2344 3619 2398 scilicet
3645 2343 3776 2398 utdo-

590 2425 769 2481 ctrina
798 2426 1069 2482 catholica
1102 2429 1367 2483 adversus
1393 2429 1729 2483 contrariam
1766 2430 2016 2484 haeresim
2045 2430 2411 2501 undecunque
2441 2433 2818 2487 conﬁrmetur.

632 2594 824 2651 Matth.
853 2612 975 2669 cap.
1012 2622 1048 2664 ι,
1079 2615 1132 2675 ζ.
1159 2600 1211 2653 5.
1237 2598 1406 2675 Iudas
1419 2609 1623 2675 _qutem
1643 2604 1824 2671 genuit
1842 2603 2045 2659 Phares
2082 2613 2131 2658 et

2283 2605 2517 2671 Ἰούδας
2538 2605 2606 2659 δὲ
2633 2605 2921 2675 ἐγέννησε
2957 2607 3065 2660 τὸν
3095 2606 3278 2675 Φαρὲς
3318 2605 3423 2659 καὶ
3459 2605 3561 2659 τὸν⁴
3586 2603 3714 2671 Ζαρὰ
3735 2604 3780 2657 ἐι

1079 2668 1279 2723 Zaram
1324 2670 1387 2723 de
1416 2668 1665 2726 Thamar.

2493 2668 2506 2671 ⁷
2676 2668 2686 2675 ’
2831 2668 2841 2673 ’
2910 2675 3021 2745 τῆς
3061 2668 3281 2746 Θάμγαρῗ.

2345 2789 2570 2856 Πέτρου
2598 2789 2951 2854 Λαοδικέως.
3003 2790 3080 2842 Τὸ
3108 2792 3229 2852 ταῖς
3253 2788 3361 2841 τῶν
3406 2789 3665 2857 προγόνων
3691 2783 3781 2837 κιλ-

2272 2878 2602 2944 λωπίζεσθαι
2630 2883 2867 2948 ἀρεταῖς,
2898 2883 2987 2932 καὶ
3029 2881 3103 2949 μὴ
3148 2882 3268 2943 ταῖς
3303 2880 3536 2943 οἰκείαις
3592 2876 3783 2945 σεμνύνε-

2278 2970 2420 3034 σθαι,
2479 2972 2757 3034 παντελῶς
2810 2973 2926 3022 ἐστι
2990 2968 3444 3041 μοχθηρώτατον,
3513 2969 3599 3023 καὶ
3640 2965 3783 3037 ἀρετῆς

2275 3060 2640 3129 ἀναιρετικὸν,
2672 3058 2769 3113 Διά
2789 3077 2873 3112 τοι
2894 3060 3053 3113 τοῦτο
3079 3062 3106 3112 ὁ
3127 3060 3221 3112 τοῦ
3244 3060 3520 3130 ἡμετέρου
3545 3058 3702 3127 γένους
3718 3069 3781 3120 κη·

2275 3149 2456 3218 δεμὼν
2512 3151 2743 3221 Χριστὸς
2774 3153 2800 3203 ὁ
2827 3150 2957 3213 Θεὸς
2987 3151 3170 3220 ἡμῶν,
3209 3152 3269 3204 οὐ
3319 3151 3484 3220 μόνον
3528 3148 3781 3208 ὲντολαίςτε

2277 3243 2372 3294 καὶ
2426 3242 2784 3311 παραινέσεσι
2834 3240 2931 3311 τὴν
2991 3238 3249 3310 τοιαύτην
3300 3241 3538 3311 ἀναιρῶν
3598 3238 3781 3306 φαίνεται

2279 3333 2566 3401 ὑπόληψιν,
2606 3332 2741 3385 ἀλλὰ
2765 3333 2861 3386 καὶ
2892 3334 2955 3387 ὲκ
2988 3331 3246 3386 τοιούτων
3301 3332 3578 3402 προγόνων
3598 3323 3782 3394 γενέσθαι

2278 3424 2628 3488 κατεδέξατο,
2665 3418 2865 3492 ἀφ’ὦν
2903 3425 3001 3477 οὐκ
3037 3422 3152 3475 ἔστι
3176 3421 3538 3486 δοξάζεσθαι·
3586 3418 3781 3471 διδάσκων

2278 3516 2425 3584 ἡμᾶς
2444 3517 2568 3578 τοὺς
2587 3517 2665 3578 εἰς
2685 3516 2844 3568 αὐτὸν
2866 3498 3302 3577 πεπιστευκότας
3329 3514 3433 3576 τὰς
3454 3515 3555 3566 τῶν
3574 3507 3783 3579 apath

2282 3606 2480 3675 ἀρετάς
2509 3623 2566 3659 τε
2591 3607 2686 3658 καὶ
2716 3607 2915 3668 κακίας
2942 3608 3020 3667 εἰς
3045 3605 3200 3657 οὐδὲν
3225 3603 3619 3671 λογιζομένους,
3637 3600 3779 3662 ἐπιμε-

2280 3696 2489 3748 λεῖσθαι
2540 3696 2770 3758 ἑαυτῶν,
2818 3696 2912 3749 καὶ
2944 3697 3204 3765 πράττειν
3246 3695 3316 3747 τὰ
3347 3694 3564 3747 δέοντα·
3592 3681 3781 3757 ἀφ’ὧνῆ

2282 3785 2388 3838 τῶν
2416 3785 2604 3855 ψυχῶν
2638 3786 2796 3855 ἡμῶν
2838 3785 3083 3855 σωτηρία
3107 3786 3236 3854 ἡμῖν
3255 3784 3669 3853 προσγενήσεται,

665 2774 809 2831 Petri
857 2776 1160 2841 Laodiceni.
1196 2780 1432 2836 Gloriari
1482 2782 1782 2837 virtutibus
1835 2797 2187 2855 proavorum,

595 2881 801 2935 neque,
850 2883 909 2922 se
934 2883 999 2922 ex
1027 2871 1261 2940 pr0priis
1288 2873 1562 2926 aestimare
1589 2873 1749 2927 bonis
1778 2873 1937 2943 longe
1977 2873 2169 2927 absur-

597 2956 882 3011 dissimum
906 2969 1011 3022 est,
1031 2968 1088 3013 et
1108 2960 1298 3015 virtuti
1318 2977 1448 3017 sane
1469 2963 1722 3031 capitale.
1749 2964 1891 3033 Ergo
1911 2973 2165 3034 propter-

593 3060 659 3099 ea
709 3056 934 3101 curator
984 3049 1158 3102 nostri
1200 3047 1423 3119 generis
1470 3051 1724 3107 Christus
1772 3055 1917 3109 Deus
1954 3066 2166 3118 noster,

592 3152 705 3189 non
731 3138 906 3191 solum
931 3137 998 3191 ad
1026 3154 1246 3207 pravam
1272 3132 1427 3195 istam
1458 3141 1842 3196 inductionem
1865 3145 2171 3213 exstirpan-

595 3226 719 3290 dam
744 3228 866 3281 lucc
894 3229 1071 3298 palam
1095 3231 1383 3300 praeceptis
1403 3241 1460 3286 et
1495 3232 1982 3289 adhortationibus
2016 3235 2175 3289 incu-

594 3318 736 3382 buit,
764 3334 952 3373 verum
979 3320 1144 3375 etiam
1167 3322 1322 3376 exiis
1345 3322 1566 3391 proavis
1597 3323 1749 3377 nasci
1782 3324 2046 3377 sustinuit
2076 3326 2171 3393 qui

596 3410 699 3463 sibi
714 3411 1025 3481 gloriw‘non
1037 3419 1244 3477 essent,
1268 3412 1475 3468 docens
1492 3429 1592 3469 nos
1609 3415 1703 3484 qui
1723 3415 1777 3468 in
1796 3416 1973 3484 ipsum
1990 3416 2173 3470 credi-

596 3502 798 3564 dimus,
853 3501 1121 3572 majorum
1153 3503 1390 3558 virtutes
1434 3512 1530 3557 aut
1554 3504 1686 3557 vitia
1712 3504 1847 3557 nihil
1877 3504 2172 3558 admodum

598 3600 783 3648 nostra
836 3591 1046 3646 referre
1108 3602 1450 3663 reputantes,
1495 3611 1684 3650 curam
1739 3596 1917 3651 nostri
1958 3612 2170 3667 gerere,

596 3682 865 3750 nobisque
906 3683 1213 3749 attendere,
1264 3686 1321 3738 in
1360 3685 1649 3755 ollicioque
1688 3678 1937 3740 versari:
1971 3687 2175 3756 quibus

598 3787 667 3839 ex
703 3772 868 3827 rebus
929 3784 1244 3829 nostrarum
1277 3775 1440 3830 nobis
1472 3776 1746 3831 constabit
1793 3777 1940 3831 salus
1968 3777 2177 3831 anima-

602 3878 745 3917 l‘lllll.

2219 3961 2259 4014 Β
2301 3988 2361 4039 ’0
2399 3984 2467 4037 δὲ
2531 3981 2662 4037 εἷπε
2717 3983 2922 4048 αὐτοῖς
2955 3998 2967 4012 ⁸
3019 3983 3102 4035 Οὐ
3162 3979 3392 4048 πάντες
3450 3976 3679 4047 χωροῦσι
3714 3971 3784 4023 τὸν

2571 4046 3015 4122 λόγονήτοῦτον,
3045 4051 3182 4103 ἀλλ’
3203 4046 3293 4114 οἶς
3327 4046 3570 4103 δίδοται.

638 3974 772 4045 Cap.
813 3978 1037 4049 x1x,pll.
1083 3977 1188 4049 Qui
1222 3979 1364 4032 dixit
1403 3979 1511 4033 illis
1534 3995 1552 4032 .'
1585 3977 1707 4032 Non
1729 3995 1904 4031 omnes
1938 3981 2149 4049 capiunt

844 4047 1052 4100 verbum
1089 4048 1245 4113 illud,
1287 4052 1375 4101 sed
1410 4049 1594 4118 quibus
1629 4050 1811 4101 datum
1838 4058 1935 4102 est.

672 4159 818 4213 Petri
837 4159 1138 4217 Laodiceui.
1164 4161 1289 4216 llaec
1319 4161 1569 4215 doctrina
1599 4176 1723 4215 cum
1752 4160 1820 4214 ab
1847 4161 2008 4215 initio
2036 4177 2175 4232 pro-

601 4251 774 4321 posita
814 4260 919 4315 est,
947 4268 1057 4307 non
1089 4253 1311 4321 penitus
1350 4268 1470 4306 eam
1515 4252 2059 4321 comprehenderunt
2095 4254 2180 4307 di-

600 4342 826 4410 scipuli.
870 4343 1031 4398 Nunc
1085 4351 1268 4396 autem
1303 4359 1362 4397 re
1393 4342 1660 4396 attentius
1690 4351 1999 4412 perspecta,
2038 4358 2174 4397 con-

514 4482 517 4483 ν
602 4432 920 4487 turbantur.
954 4432 1010 4485 Si
1047 4434 1216 4496 enim,
1253 4433 1478 4487 aiebant
1508 4433 1612 4502 ipsi
1640 4448 1852 4498 secum,
1880 4441 2173 4502 propterea

600 4521 884 4591 conjuncti
934 4532 1063 4575 sunt
1105 4522 1190 4575 vir
1242 4532 1296 4576 et
1331 4523 1532 4576 mulier
1582 4533 1643 4576 ut
1697 4538 1865 4575 unum
1894 4523 2004 4592 jam
2038 4523 2170 4585 sint,

600 4630 779 4683 neque
808 4628 1068 4688 umquam
1105 4614 1174 4668 ab
1221 4614 1456 4669 invicem
1489 4614 1843 4679 divellautur,
1876 4625 2175 4684 quantum-

600 4704 688 4756 vis
748 4702 1018 4759 rervicosa
1048 4712 1105 4758 et
1136 4712 1432 4759 contumax
1477 4705 1677 4759 mulier
1700 4705 1791 4767 sit,
1813 4720 1921 4758 non
1954 4705 2178 4775 expedit

601 4792 834 4847 nubere.
873 4792 1194 4850 Consultius
1225 4794 1375 4847 enim
1404 4803 1489 4848 est
1518 4794 1798 4849 abstinere
1827 4795 2039 4864 nuptiis
2062 4811 2174 4849 om-

2288 4796 2414 4857 κοὺς
2450 4793 2791 4864 πειρασμοὺς
2832 4790 3147 4858 ὑπομένειν,
3184 4788 3215 4856 ἢ
3260 4789 3482 4854 γυναικὶ
3515 4779 3772 4848 cavae-Vim

601 4882 755 4943 nino,
807 4893 863 4938 et
899 4884 1312 4939 eﬂ'ervescentis
1371 4893 1582 4938 naturae
1654 4895 1836 4939 motus
1893 4895 2175 4956 utcunque
2289 4887 2520 4957 πονηρᾷ.

601 4974 914 5041 opprimere
946 4974 1216 5038 czulibem,
1268 4990 1430 5044 quam
1487 4975 1704 5028 mulieri
1795 4976 2071 5045 pervicaci
2141 4983 2239 5029 aut:
2276 4978 2415 5030 male
2482 4982 2728 5041 moratae,
2784 4972 3012 5028 vinculo
3062 4976 3227 5025 tanta:
3278 4961 3673 5024 necessitudinis
3722 4969 3776 5006 3-

602 5064 786 5131 ΙΓὶιιίξλ

2354 4166 2579 4233 Πέτρου
2610 4162 2963 4228 Λαοδικέως.
2997 4164 3126 4214 Ὅτε
3159 4159 3219 4224 ἐξ
3250 4160 3430 4230 ἀρχῆς
3474 4156 3691 4227 ἐλέχθηὸ
3722 4149 3780 4199 λό-

2279 4273 2396 4323 γος,
2441 4255 2544 4308 οὐκ
2570 4254 2799 4324 ἐνόησαν
2829 4253 2991 4306 αὑτὸν
3020 4251 3069 4303 οἱ
3104 4250 3367 4320 μαθηταί.
3392 4249 3525 4301 Νυνὶ
3548 4247 3598 4298 δὲ
3623 4245 3780 4307 voratv-

2276 4361 2367 4406 τες
2422 4343 2810 4414 ἀκριϐέστερον
2865 4339 3240 4409 θορυϐοῦνται.
3293 4340 3356 4389 Εἰ
3413 4340 3519 4407 γὰρ
3568 4334 3640 4387 διὰ
3678 4327 3782 4381 τοῦτ’)

2282 4433 2468 4502 φησὶν,
2499 4431 2783 4504 ήνώθησαν
2814 4430 3065 4499 ἀλλήλοις
3092 4429 3167 4490 ὡς
3214 4428 3281 4481 ἂν
3311 4423 3452 4481 ὦσιν
3484 4428 3567 4479 ’ἐν’
3606 4422 3680 4475 καὶ
3708 4434 3778 4484 μη·

2281 4524 2473 4577 δέποτε
2532 4518 2945 4574 διασπασθῶσιν
3007 4516 3101 4570 ἀπ’
3132 4517 3399 4587 ἀλλήλων.
3433 4518 3545 4571 Κᾶν
3603 4504 3777 4581 μοχθηρὶ

2284 4616 2317 4686 ὴ
2352 4614 2486 4683 γυνὴ
2536 4615 2631 4667 καὶ
2683 4610 2955 4681 θηριώδης
3003 4611 3247 4680 ὑπάρχῃ,
3274 4611 3337 4662 οὐ
3374 4609 3621 4679 συμφέρει
3653 4594 3778 4667 γαμῆ·

2285 4723 2395 4757 σαι.
2438 4705 2656 4758 Βέλτιον
2711 4704 2820 4773 γὰρ
2855 4701 2928 4771 μὴ
2967 4703 3163 4770 γαμεῖν
3204 4701 3361 4763 ὅλως,
3402 4701 3493 4753 καὶ
3526 4696 3634 4757 τοὺς
3672 4702 3778 4756 φυω·

672 5175 782 5241 Cap
825 5178 1408 5250 ιιι-136.(Σίειιίειιιῑὺηδ
1426 5190 1599 5232 autem
1617 5182 1710 5232 eis.
1732 5210 1797 5219 —
1819 5180 2174 5233 ΙΝτιῖιιριιΕτΑ-

604 5281 709 5319 τιο.
730 5266 1019 5335 Postquam
1041 5273 1352 5325 rcccssisset
1368 5272 1553 5333 ludas,
1582 5272 1803 5324 tradidit
1824 5271 2073 5323 undecim
2090 5288 2177 5324 sa-

602 5367 943 5411 cramentum
994 5359 1291 5422 Dominus,
1345 5362 1454 5430 jam
1510 5367 1681 5417 modo,
1724 5377 2002 5429 passurus.
2048 5361 2181 5426 Qui-

607 5448 732 5502 dam
763 5458 947 5504 autem
998 5450 1191 5506 dicunt
1240 5453 1393 5508 Iuda:
1437 5453 1602 5506 etiam
1654 5453 1807 5505 illum
1860 5452 2185 5520 impertiissc

612 5548 981 5617 sacramenta,
1033 5554 1211 5609 neque
1262 5541 1341 5595 sic
1379 5557 1504 5595 eum
1550 5549 1791 5595 mutasse
1838 5541 2190 5595 sententiam.

2366 5173 2721 5227 Ἐσθιόντων
2758 5170 2826 5223 δὲ
2856 5167 3073 5222 αὐτῶν.
3101 5197 3168 5206 -
3225 5163 3531 5235 Ἐρμηνεέα,
3581 5151 3700 5210 Μετὰ
3737 5152 3777 5202 τὸ

2292 5268 2520 5332 Ξξνλίλεῖν
2568 5265 2658 5315 τὸν
2713 5263 2936 5322 Ἰούδαν,
2994 5255 3564 5328 παρέδωκενὸΚύριος
3606 5247 3694 5303 τοῖς
3722 5240 3776 5289 ἕν’

2292 5361 2421 5411 eam
2472 5358 2530 5408 τὸ
2594 5356 2920 5426 μυστήριον,
2976 5353 3051 5413 ὡς
3108 5350 3316 5418 μέλλων
3381 5346 3556 5400 λοιπὸν
3606 5333 3773 5428 παθεῖν·

2302 5450 2441 5510 τινὲς
2488 5447 2545 5499 δέ
2595 5462 2791 5514 φασιν,
2838 5445 2921 5497 ὅτι
2972 5444 3064 5496 καὶ
3109 5441 3185 5511 τῷ
3232 5440 3405 5509 Ἰούδα
3442 5432 3676 5506 μετέδωκε
3708 5433 3777 5520 τίειν

2310 5538 2644 5609 μυστηρίων,
2710 5536 2801 5588 καὶ
2853 5535 2974 5588 οὐδὲ
3023 5532 3193 5596 οὕτως
3249 5528 3576 5601 μετεϐλήθη·
3616 5516 3686 5571 διὰ
3717 5521 3774 5560 ου*

695 5711 771 5783 (ι)
806 5716 957 5767 Dicm
995 5730 1308 5782 supremum
1357 5717 1491 5770 ul‘iit
1526 5715 1875 5770 doctissimus
1912 5716 2205 5769 curdiuaiis
2247 5716 2566 5786 priusquam
2595 5712 2885 5769 consiliqu
2922 5710 3029 5764 hoc.
3059 5707 3287 5777 cxscqui
3318 5701 3571 5777 poluerit-
