3960 6284
254 395 392 460 33325

1205 397 1806 458 COMMENTARIUS
1851 397 1930 456 IN
1973 397 2046 457 [ιτ
2082 396 2535 459 EVANGELIA.

3376 391 3520 457 3326

235 511 348 566 τοῦ
373 507 665 563 λαϐεῖντὺν
687 507 870 580 ἄρτον,
891 509 986 564 καὶ
1006 509 1421 580 εὐχαριστῆσαι,
1445 509 1684 564 διδάσκει
1706 527 1834 574 τους

1954 513 2226 584 lccipicns
2259 532 2424 586 porro
2457 528 2651 586 panem
2686 520 2741 567 et
2773 511 2975 582 gratias
3007 525 3192 581 agens.
3221 507 3523 578 discipulos

260 603 509 675 μαθητὰς
561 602 904 673 εὐχαριστεῖν
953 598 1036 666 οἷς
1085 601 1398 672 ἐδωρήσατο
1429 603 1516 657 διὰ
1548 603 1641 656 τοῦ
1703 603 1832 657 ίδίου

255 696 481 758 πάθους,
501 693 570 749 δι’
591 688 654 748 οὐ
681 694 774 749 καὶ
793 695 860 748 τά
883 693 1132 765 σύμϐολα
1151 694 1380 758 γίνεται,
1408 693 1659 763 σώματος
1679 695 1836 764 ἑχόν-

255 804 363 839 των
389 786 607 854 μνήμην
641 785 734 838 καὶ
772 785 1006 853 αἵματος
1037 800 1051 814 ’
1089 784 1168 836 διὸ
1196 784 1366 836 ταῦτα
1395 785 1721 854 παραδιδοὺς
1745 786 1836 837 ἐπὶ

257 870 318 923 τὸ
344 870 515 933 πάθος
543 869 758 936 ἐγένετο
781 885 797 902 ’
825 871 919 922 καὶ
959 869 1070 940 γὰρ
1106 870 1199 923 τοῦ
1230 871 1396 939 ἄρτου
1425 872 1670 942 μετέχων
1691 913 1706 938 ,
1739 872 1834 926 τοῦ

262 961 512 1032 σώματος
556 963 652 1016 τοῦ
683 963 888 1034 Κυρίου
925 963 1332 1032 μεταλαμϐάνει
1369 979 1384 995 ⁸
1416 965 1478 1016 οὐ
1509 964 1620 1034 γάρ
1666 981 1837 1036 προσ-

262 1053 457 1123 έχομεν
485 1055 548 1123 τῇ
587 1053 745 1120 φύσει
792 1053 900 1104 τῶν
949 1053 1224 1120 αἰσθητῶν
1275 1053 1676 1123 προκειμένων,
1721 1054 1836 1108 ἀλλ’

261 1145 535 1212 ἁάγομεν
575 1143 672 1214 τὴν
715 1143 892 1214 ψυχὴν
938 1143 1028 1196 διὰ
1058 1144 1296 1206 πίστεως
1329 1145 1422 1197 ἐπὶ
1449 1144 1512 1196 τὸ
1537 1145 1630 1198 τοῦ
1661 1145 1837 1212 Λόγου

261 1236 452 1306 σῶμα·
493 1236 554 1289 οὐ
592 1235 703 1306 γάρ
733 1231 874 1298 εἷπε,
911 1235 1080 1288 Τοῦτό
1108 1237 1224 1289 ἐστι
1260 1235 1321 1288 τδ
1366 1236 1656 1306 σύμϐολον,
1681 1236 1836 1298 ἀλλὰ,

265 1327 448 1383 Τοῦτο
485 1328 605 1398 μού
652 1328 786 1380 ἐστι
833 1326 898 1380 τὸ
949 1325 1122 1395 σῶμα
1149 1325 1434 1390 δεικτικῶς
1458 1367 1473 1390 ,
1523 1328 1611 1380 ἵνα
1650 1327 1724 1399 μὴ
1755 1344 1840 1381 νο-

265 1419 396 1490 μίσῃ
417 1435 502 1480 τις
524 1419 694 1471 τύπον
717 1415 859 1471 εἶναι
879 1417 948 1471 τὰ
974 1418 1297 1488 φαινόμενα’
1317 1418 1488 1471 είπὼν
1511 1419 1590 1483 δὲ,
1619 1419 1862 1486 Λάϐετε,

262 1509 500 1578 φάγετε,
549 1509 648 1581 τὴν
682 1510 860 1562 αἰτίαν
887 1509 1130 1562 διδάσκει
1160 1509 1255 1562 τοῦ
1292 1510 1532 1574 πάθους,
1559 1511 1642 1564 ὃτι
1678 1511 1842 1564 ἕνεκα

262 1600 354 1654 τοῦ
389 1600 546 1654 λῦσαι
572 1601 670 1670 τὴν
699 1602 968 1670 ἁμαρτίαν
1000 1599 1096 1653 τιῦ
1141 1602 1348 1671 κόσμου
1402 1600 1620 1654 ἔπαθεν.
1645 1601 1840 1655 -Κίιὶ

261 1691 463 1748 λαϐὼν
478 1693 785 1760 ποτήριον.
805 1692 1205 1762 -οἚρμηνεία.
1237 1693 1508 1755 Ὡσαύτως
1539 1694 1636 1747 καὶ
1665 1693 1725 1746 τὸ
1744 1711 1841 1747 πο-

261 1790 450 1854 τήριον
486 1784 689 1851 λαϐὼν,
721 1785 814 1838 τοῦ
847 1785 1054 1846 πάθους
1089 1785 1253 1838 αὐτοῦ
1286 1787 1718 1856 ὑπομιμνήσκει·
1747 1789 1840 1839 καὶ

264 1876 505 1930 διδάσκει
536 1875 698 1929 πάλιν
732 1877 1095 1946 εὐχαριστῶν,
1127 1877 1209 1928 ὅτι
1245 1878 1362 1943 μετ’
1393 1852 1742 1944 εὐγαριστίας
1760 1878 1843 1930 δεῖ
1875 1852 1913 1904 Β

263 1967 437 2018 σιγεῖν
467 1967 525 2017 τὸ
557 1966 899 2034 μυστήριον-ο
932 1967 988 2018 ὲν
1013 1966 1070 2018 δὲ
1097 1966 1174 2036 τῷ
1202 1966 1379 2036 καιρῷ
1401 1959 1496 2018 τοῦ
1527 1967 1714 2035 Πάσχα
1743 1983 1842 2036 με·

265 2055 512 2108 ταδίδωσι
539 2059 607 2109 τὰ
635 2054 893 2124 μυστικὰ,
918 2054 1007 2109 ἴνα
1035 2055 1183 2125 δείξῃ
1208 2055 1291 2108 ὃτι
1321 2055 1490 2120 τύπος
1523 2051 1593 2126 ἦν
1633 2057 1839 2121 ἐκεῖνα,

262 2146 424 2198 τοῦτο
445 2145 502 2198 δὲ
533 2145 782 2216 ἀλήθεια’
807 2145 887 2198 διὸ
919 2145 1012 2198 καὶ
1035 2146 1275 2215 ἑσπέρας
1301 2146 1538 2214 ἐγένετο,
1565 2147 1653 2200 ἐπ’
1675 2147 1843 2218 ἐσχά-

265 2254 356 2290 του
392 2236 500 2291 τῶν
554 2237 760 2307 καιρῶν
785 2277 798 2298 ,
833 2237 962 2288 ὅταν
995 2235 1104 2290 ἔδει
1131 2236 1199 2290 τά
1232 2235 1440 2306 νόμιμα
1473 2236 1790 2290 παύσασθαι
1825 2254 1840 2268 ο

265 2327 344 2380 διὸ
375 2329 469 2380 καί
500 2345 653 2398 φησι,
693 2327 873 2380 Τοῦτο
898 2327 1138 2392 ποιεῖτε,
1173 2327 1249 2391 ὡς
1275 2327 1484 2381 ἐκείνου
1528 2329 1678 2399 ἡμᾶς
1733 2329 1842 2382 ἀπ-

268 2421 441 2486 ά·,ων’
483 2419 742 2490 μνησθεὶς
773 2419 829 2470 δὲ
877 2417 1140 2489 διαθήκης
1171 2420 1265 2471 καὶ
1294 2419 1546 2488 αἵματος,
1575 2419 1846 2472 δείκνυσιν

267 2509 350 2560 ὅτι
390 2507 574 2578 μέλλει
602 2505 882 2576 τελευτᾷν
913 2507 1005 2559 καὶ
1037 2505 1147 2578 γὰρ
1183 2506 1282 2575 τὴν
1305 2507 1572 2577 διαθήκην
1595 2507 1694 2578 τὴν
1718 2525 1846 2561 και-

267 2599 364 2666 νὴν
387 2597 446 2650 τὸ
475 2592 612 2665 αἷμα
643 2597 808 2650 αὐτοῦ
848 2597 1133 2667 συνίστησι
1167 2613 1182 2628 ο
1209 2597 1284 2659 ὡς
1317 2599 1414 2650 καὶ
1457 2597 1555 2667 τὴν
1585 2601 1844 2665 παλαιὰν,

268 2689 328 2741 τὸ
356 2683 498 2758 αἷμα
529 2687 638 2741 τῶν
670 2688 961 2759 προϐάτων
986 2705 1004 2722 ο
1037 2689 1131 2741 καὶ
1165 2688 1273 2758 γὰρ
1296 2690 1526 2742 κάκεῖνα
1558 2689 1646 2742 διὰ
1676 2690 1848 2744 ταῦτα

271 2781 489 2847 ἐγένετο
512 2795 524 2809 ’
560 2780 902 2850 γευσάμενος
928 2779 984 2833 δὲ
1009 2779 1103 2832 τοῦ
1131 2781 1395 2851 ποτηρίου
1421 2822 1436 2846 ,
1479 2782 1848 2836 ἀποτάσσεται

268 2870 346 2938 τῷ
380 2871 678 2942 σωματικῷ
707 2871 910 2939 πόματι
931 2887 942 2900 ·
969 2871 1151 2924 καινὸν
1173 2872 1228 2925 δέ
1261 2889 1384 2924 τινα
1423 2874 1628 2943 τρόπον
1649 2875 1850 2944 εὐφροο

271 2959 438 3027 σενης
494 2961 888 3030 ἐπαγγέλλεται
935 2964 1045 3026 τοῖς
1097 2964 1387 3033 μαθηταῖς,
1444 2965 1512 3034 ἢν
1563 2965 1702 3036 μετὰ
1751 2965 1850 3037 τὴν

272 3051 568 3103 ἀνάστασιν
620 3051 813 3116 ἔδειξε,
849 3052 1040 3120 φαγὼν
1097 3055 1190 3108 καὶ
1253 3055 1416 3120 πιὼν,
1473 3059 1658 3112 οὐκέτι
1709 3060 1854 3114 κατὰ

271 3142 490 3212 γρείαν,
545 3141 682 3196 ἀλλὰ
713 3143 1076 3213 πιστούμενος
1104 3147 1204 3217 τὴν
1239 3148 1418 3218 ἀληθῆ
1469 3150 1564 3204 τοῦ
1599 3149 1851 3221 σώματος
1879 3189 1921 3247 (ς

327 3232 337 3247 .
502 3231 527 3248 ι,
626 3233 645 3248 ς
696 3234 708 3248 .
855 3235 867 3248 .
946 3236 981 3248 Α
1051 3237 1075 3248 -
1137 3236 1164 3248 ..
1264 3239 1276 3248 .
1367 3241 1379 3248 .
1440 3241 1451 3248 .
1699 3243 1757 3248 --
1905 3227 1922 3248 ι

271 3232 431 3298 φύσιν
456 3249 470 3262 ·
501 3231 778 3302 βασιλείαν
807 3235 914 3306 γὰρ
943 3236 1078 3289 Θεοῦ
1102 3236 1198 3291 νῦν
1225 3239 1324 3310 τὴν
1356 3241 1651 3295 ἀνάστασιν
1699 3243 1850 3310 λέγει

271 3319 434 3372 αὐτοῦ
461 3335 474 3348 ⁸
500 3321 712 3374 καινὸν
737 3322 794 3374 δέ
828 3342 969 3394 φησι
1001 3325 1090 3378 διὰ
1121 3329 1181 3379 τὸ
1210 3332 1574 3400 καινοπρεπές
1609 3349 1622 3363 ο
1658 3333 1848 3404 ἐπειδὴ

269 3411 550 3482 ἄφθαρτον
581 3411 720 3482 ἔχων
748 3415 936 3468 λοιπὸν
964 3415 1058 3470 τοῦ
1091 3418 1375 3488 μέλλοντος
1406 3421 1601 3484 αἰῶνος
1640 3425 1848 3493 μυστή-

270 3520 384 3573 ριον
409 3519 424 3534 ο
451 3498 516 3575 ἦς
539 3506 588 3556 οί
617 3506 764 3574 ἅγιοι
791 3506 1093 3574 τεύξονται,
1116 3505 1183 3582 ἦς
1212 3511 1475 3578 λέγεικαὶ
1505 3514 1698 3566 ἑαυτὸν
1731 3532 1845 3568 κοι-

269 3597 457 3649 ιωνεῖν
519 3613 534 3628 ο
595 3598 785 3670 ἐπειδὴ
837 3599 937 3668 τὴν
991 3601 1270 3672 ἡμετέραν
1321 3605 1596 3674 σωτηρίαν
1642 3582 1847 3678 τροφὴν

269 3689 473 3742 οἰκείαν
490 3687 766 3758 λογίζεται
785 3707 798 3721 ⁸
826 3691 965 3761 μετά
994 3692 1088 3746 οὖν
1111 3693 1208 3764 τὴν
1237 3697 1506 3769 μυστικὴν
1531 3698 1847 3768 παράδοσιν,

269 3800 322 3836 κ.
353 3799 402 3834 τ.
435 3783 486 3836 λ.

271 3887 374 3944 (με
400 3875 572 3928 sancti
601 3873 873 3940 fruentur,
898 3877 1161 3947 cujusque
1185 3893 1243 3933 se
1265 3878 1444 3948 ipsum
1512 3878 1744 3934 atiirmat
1801 3895 1922 3935 esse
1958 3878 2282 3948 participem
2335 3892 2347 3927 :

1935 605 2095 660 docet
2125 607 2326 676 gratias
2372 623 2530 677 agere
2563 614 2788 675 propter
2832 619 2894 658 ea
2928 619 3050 672 quae
3084 618 3180 672 per
3212 603 3520 671 passionem

1935 713 2089 752 suam
2119 699 2363 761 donavit,
2390 709 2614 769 propter
2643 712 2802 766 quam
2834 703 2888 748 et
2911 696 3154 764 symlmla
3195 709 3518 763 proponun-

1939 799 2028 843 tur
2053 789 2302 859 corporis
2328 798 2382 842 et
2417 787 2700 856 sanguinis
2733 788 2853 854 ejus
2875 785 3194 839 memoriam
3225 781 3516 849 habentia;

1940 880 2172 950 ideoque
2220 881 2309 934 illa
2349 879 2636 948 discipulis
2683 878 2905 932 tradens
2957 876 3192 944 passioni
3243 876 3520 944 proximus

1936 981 2076 1023 erat.
2125 969 2226 1036 Qui
2271 971 2417 1024 enim
2459 970 2584 1040 pani
2617 969 3008 1032 communicat,
3059 985 3260 1038 corpus
3306 967 3518 1022 Domini
3557 1027 3576 1039 ε

1938 1061 2259 1130 participat;
2294 1078 2399 1114 non
2435 1063 2578 1114 enim
2629 1057 2810 1114 rerum
2848 1061 3191 1114 sensiliiiium
3229 1077 3349 1129 qua:
3393 1076 3514 1126 prc-

1939 1162 2220 1222 ponnntur
2249 1163 2496 1206 naturam
2528 1153 2886 1214 attendimus,
2919 1153 3013 1205 sed
3046 1152 3111 1205 ad
3149 1153 3325 1220 ipsum
3360 1149 3518 1203 Verbi

1940 1260 2160 1313 Corpus,
2195 1261 2292 1312 per
2329 1244 2518 1306 ﬁdem,
2559 1243 2800 1296 animam
2847 1243 3172 1306 attollimus;
3219 1258 3328 1295 non
3373 1242 3518 1295 enim

1940 1337 2098 1399 dixit,
2149 1335 2260 1389 lloc
2292 1345 2373 1388 est
2397 1335 2733 1405 symbolum,
2771 1335 2890 1396 sed,
2930 1351 3125 1403 panem
3160 1333 3520 1404 indigitardo.

1941 1427 2051 1481 Hoc
2075 1435 2150 1480 est
2183 1443 2389 1495 corpus,
2421 1441 2490 1480 ne
2525 1426 2663 1480 forte
2691 1429 2814 1494 quis
2845 1425 3070 1493 ligurum
3120 1441 3241 1478 esse
3288 1433 3520 1484 tantum,

1941 1538 2062 1590 qua:
2097 1522 2211 1574 visu
2238 1521 2721 1590 percipiebantur,
2787 1528 3119 1572 autumaret.
3165 1519 3400 1572 Dicendo
3422 1532 3522 1568 au-

1945 1621 2074 1675 tem,
2106 1613 2367 1678 Arripite,
2393 1611 2730 1674 manducate,
2753 1625 2972 1664 causam
3000 1608 3271 1678 passionis
3296 1607 3520 1666 indicat,

1943 1721 2000 1758 se
2029 1703 2282 1757 videlicet
2323 1702 2447 1756 ideo
2490 1717 2706 1771 passum
2735 1715 2854 1756 esse
2882 1709 2938 1754 ut
2971 1699 3208 1754 solveret
3237 1706 3521 1767 peceatum

1945 1796 2156 1850 ιιιιιιιιὶί.
2199 1825 2264 1835 ——
2303 1795 2370 1849 Et
2413 1795 2630 1848 calicem
2694 1791 3524 1864 accipiens.—lxrsnenmuio.

1944 1887 2210 1942 Similiter
2238 1896 2293 1939 et
2316 1885 2538 1939 calicem
2575 1885 2851 1952 accipiens
2881 1881 3150 1952 passionis
3183 1895 3295 1934 sua:
3333 1879 3526 1932 memi-

1943 1978 2045 2036 nit,
2077 1990 2374 2043 rursusque
2413 1982 2620 2034 monet,
2647 1989 2770 2025 eum
2804 1972 3099 2040 gratiarum
3133 1969 3346 2022 actione
3375 1982 3526 2033 Γετε-

1943 2067 2180 2138 gendum
2202 2081 2322 2119 esse
2340 2071 2762 2118 sacramentum.
2777 2062 2834 2114 In
2851 2069 3094 2128 tempore
3111 2067 3290 2110 autem
3309 2055 3528 2108 Pascha:

1944 2154 2229 2223 discipulis
2258 2151 2503 2220 impertit
2521 2157 2882 2211 sacramenta,
2908 2156 2967 2200 ut
2989 2145 3278 2214 signiticet,
3302 2143 3527 2210 antiqua

1946 2246 2195 2299 umbram
2233 2242 2401 2296 fuisse
2432 2251 2667 2302 tantum,
2695 2240 2800 2294 hoc
2827 2246 3008 2292 autem
3042 2251 3164 2289 esse
3193 2234 3482 2288 veritatem
3512 2249 3527 2284 ι

1946 2336 2301 2406 quamobrem
2329 2342 2385 2387 et
2418 2347 2670 2401 vespere,
2703 2331 2756 2385 id
2799 2338 2884 2385 est
2928 2329 2982 2382 in
3023 2326 3286 2382 extremis
3317 2333 3528 2392 tempo-

1946 2427 2121 2490 ribus,
2167 2425 2504 2480 celebratum
2551 2431 2668 2487 est,
2719 2437 2843 2476 cum
2882 2421 2988 2492 jam
3037 2423 3320 2488 oporteret
3362 2415 3528 2470 ﬁnem

1947 2516 2198 2584 accipere
2223 2520 2561 2568 sacramenta
2585 2513 2751 2581 legis;
2779 2511 3014 2578 ideoque
3037 2508 3189 2569 dicit,
3217 2506 3325 2560 Hoc
3347 2506 3528 2575 facile,

1873 2669 1880 2677 ,
1948 2623 2050 2662 nos
2077 2607 2336 2660 videlicet
2377 2621 2407 2658 a
2453 2606 2568 2673 lege
2599 2618 2882 2657 revocans.
2913 2601 3321 2654 Testamentum
3345 2605 3528 2652 autem

1949 2707 2006 2754 et
2049 2697 2374 2766 sanguinein
2427 2709 2772 2757 memorans,
2808 2708 2866 2747 se
2919 2707 3042 2744 mox
3069 2690 3394 2744 moriturum
3443 2687 3531 2740 in-

1950 2791 2109 2844 nuit:
2143 2804 2344 2843 novum
2389 2788 2536 2841 enim
2588 2795 2974 2840 testamentum
3017 2782 3335 2852 sanguinem
3369 2795 3530 2834 suum

1950 2897 2072 2936 esse
2103 2880 2364 2943 declarat,
2401 2886 2560 2932 vetus
2601 2892 2754 2939 vero,
2802 2875 3122 2944 sanguinem
3162 2873 3528 2934 victimarum,

1953 2973 2220 3042 siquidem
2264 2972 2352 3025 illa
2384 2969 2650 3025 sacrilicia
2686 2976 2909 3038 propter
2940 2967 3063 3020 novi
3101 2963 3411 3020 testamenti
3443 2979 3532 3017 sa-

1953 3062 2159 3118 criﬁcia
2193 3061 2442 3115 instituta
2474 3068 2621 3113 sunt.
2654 3057 2884 3112 Gustato
2929 3062 3112 3109 autem
3163 3053 3334 3108 calice
3381 3051 3532 3106 vale—

1955 3156 2091 3208 dicit
2131 3152 2376 3208 terrestri
2408 3151 2596 3220 potui;
2642 3163 2957 3216 novumque
3007 3144 3286 3215 quoddam
3331 3143 3535 3198 laetitiae

1954 3258 2126 3314 genus
2151 3239 2437 3308 discipulis
2466 3238 2776 3307 pollicetur,
2811 3251 2997 3304 quam,
3027 3242 3148 3304 post
3176 3231 3536 3287 resurrectio-

1956 3349 2079 3389 nem
2101 3375 2116 3398 ,
2150 3329 2549 3392 manifestavit,
2591 3326 2888 3381 comedens
2927 3335 2983 3379 et
3025 3325 3252 3387 bibens,
3288 3337 3396 3376 non
3423 3323 3532 3392 jam

1957 3433 2182 3494 propter
2223 3419 2642 3480 necessitatem,
2691 3431 2881 3470 verum
2922 3422 2979 3467 ut
3018 3413 3306 3466 veritatem
3352 3411 3536 3466 carnis

1957 3531 2068 3569 suae
2115 3519 2388 3568 assereret
2433 3520 2682 3580 (regnum
2729 3506 2875 3560 enim
2927 3503 3023 3557 Dei
3072 3501 3532 3557 resurrectionem

1958 3613 2151 3668 vocat;
2193 3618 2384 3657 novum
2416 3610 2600 3654 autem
2635 3605 2792 3651 vocat
2821 3596 3044 3649 calicem
3090 3603 3310 3662 propter
3341 3606 3535 3661 super-

1961 3693 2266 3748 naturalem
2297 3691 2416 3761 ejus
2447 3688 2791 3759 dignitatem,
2834 3682 3036 3752 quippe
3078 3696 3203 3736 cum
3251 3680 3537 3749 incorrup-

1963 3786 2116 3840 tibile
2142 3786 2254 3854 jam
2286 3781 2576 3836 habiturus
2606 3778 2678 3832 sit
2701 3775 2921 3830 venturi
2953 3773 3136 3826 seculi
3170 3769 3536 3845 mysterium),

2394 3871 2598 3927 etenim
2659 3884 2818 3922 suum
2885 3881 3006 3919 esse
3060 3865 3243 3918 cibum
3305 3862 3539 3916 saluum

271 3977 512 4025 nostram
560 3970 823 4026 declarat.
872 3971 1062 4040 Igitur,
1103 3983 1392 4044 postquam
1429 3975 1616 4030 divina
1664 3984 2004 4031 sacramenta
2050 3970 2334 4039 discipulis
2377 3966 2622 4030 tradidit,
2653 3972 2761 4019 etc.

341 4059 448 4115 Kal
501 4059 831 4114 ἐσθιόντων
881 4060 1189 4114 αὑτῶν.--
1224 4061 1542 4134 Ἑρμηνεία.
1597 4064 1696 4118 Διὰ
1733 4064 1855 4118 τού-

272 4169 378 4207 των
436 4152 754 4224 παρέδωκεν
825 4152 936 4214 τοῖς
1016 4152 1322 4222 μαθηταῖς,
1373 4154 1522 4218 ὅπως
1587 4153 1855 4207 ἐπιτελεῖν

271 4245 469 4306 αὐτοὺς
521 4243 800 4314 προσῆκεν
843 4239 944 4310 τῆς
993 4242 1188 4312 καινῆς
1235 4243 1501 4314 διαθήκης
1536 4243 1597 4297 τδ
1647 4245 1856 4317 μυστή-

276 4352 390 4404 ριον
419 4351 432 4365 ·
479 4334 570 4388 διὰ
613 4333 722 4406 γὰρ
763 4331 922 4386 τοῦτο
971 4334 1266 4404 εὐλόγησεν
1309 4337 1408 4388 καὶ
1453 4330 1858 4418 εἶπενηδιδούς

274 4429 456 4488 αὐτοῖς
499 4425 825 4497 μεταλαϐεῖν
871 4423 908 4480 ἃ
951 4426 1228 4494 προσῆκον
1253 4422 1356 4497 ἦν,
1402 4426 1490 4480 ἵνα
1531 4429 1732 4482 ἐκεῖνοι
1765 4427 1854 4482 διὰ

277 4520 377 4590 μὲν
421 4520 520 4590 τῆς
570 4517 818 4587 εὐλογίας
871 4517 968 4571 καὶ
1035 4518 1389 4589 εὐχαριστίας
1441 4518 1718 4589 μάθωσιν,
1781 4519 1858 4582 ὡς

233 4610 492 4681 λμεγάλα
513 4609 728 4679 ἀληθῶς
759 4609 856 4663 καὶ
881 4609 1065 4679 πάσης
1106 4609 1462 4680 εὐχαριστίας
1503 4609 1628 4675 ἀξια
1672 4611 1740 4663 τὰ
1772 4609 1861 4664 διὰ

275 4702 368 4754 τοῦ
401 4701 638 4771 Χριστοῦ
664 4701 874 4764 πάθους
898 4699 1326 4770 οίκονομηθέντα
1359 4718 1373 4733 ·
1405 4695 1480 4755 ὧν
1505 4701 1562 4754 δὲ
1594 4700 1862 4770 σύμϐολον

278 4793 450 4846 ταῦτα
515 4791 886 4846 ἐπιτελεῖσθαι
951 4792 1271 4860 παρέδωκεν
1297 4793 1502 4854 αὐτοῖς.
1553 4791 1652 4844 Διὰ
1681 4791 1738 4844 δὲ
1771 4789 1862 4844 τοῦ

192 4948 195 4951 ι
277 4883 476 4948 εἰπεῖν,
509 4882 689 4937 Τοῦτό
716 4883 890 4936 ἐστιν
919 4883 986 4935 τὸ
1016 4880 1193 4952 σῶμά
1217 4899 1361 4950 μου,
1415 4881 1528 4947 καὶ,
1566 4882 1749 4936 Τοῦτο
1794 4881 1863 4936 τὸ

279 4969 423 5042 ιιῗμὰ
455 4989 595 5042 μου,
629 4973 710 5026 ὅτι
740 4973 832 5026 τὸν
865 4975 964 5041 μὲν
993 4975 1160 5045 ἄρτον
1193 4973 1551 5044 προτιθέντας
1591 4971 1729 5044 μετά
1763 4971 1863 5044 τὴν

281 5063 658 5132 εὐχαριστίαν,
689 5065 970 5132 προσῆκεν
994 5064 1193 5126 αὐτοὺς
1221 5064 1474 5134 σώματος
1502 5064 1744 5134 νομίζειν
1775 5081 1864 5134 με·

283 5153 672 5224 ταλαμϐάνειν,
733 5153 796 5206 τὸ
827 5153 885 5206 δὲ
926 5155 1186 5224 ποτήριον
1230 5157 1287 5206 ὲν
1321 5155 1474 5220 τάξει
1503 5155 1599 5208 τοῦ
1633 5156 1864 5226 αἵματος

283 5246 574 5314 ἡ·;εῖσθαιο
621 5245 748 5314 περὶ
793 5243 830 5296 ἃ
877 5245 937 5297 τὸ
993 5244 1164 5307 πάθος
1219 5246 1437 5312 ἐγένετο
1464 5246 1557 5296 ἐπὶ
1587 5249 1741 5317 κοινῇ
1794 5251 1861 5317 τῇ

257 5335 501 5388 ,τάθτων
547 5335 792 5406 σωτηρίᾳ
834 5353 893 5389 τε
931 5337 1022 5388 καὶ
1060 5337 1251 5404 ἀφέσει
1303 5335 1409 5388 τῶν
1456 5337 1864 5408 ἡμαρτημένων

285 5425 469 5484 αὐτοῖς
501 5440 515 5454 ·
553 5425 586 5492 ἡ
621 5425 730 5492 γὰρ
764 5424 858 5476 ἐπὶ
909 5424 1122 5487 τούτοις
1165 5423 1425 5493 γινομένη
1477 5424 1686 5490 πίστις,
1725 5425 1860 5495 ὁμοῦ

287 5524 344 5561 τε
378 5507 484 5559 τῶν
514 5507 907 5578 πληρωθέντων
927 5510 1218 5580 ὁμολογίαν
1246 5513 1382 5582 ἔχει,
1407 5512 1500 5564 καὶ
1529 5513 1628 5583 τὴν
1667 5503 1863 5584 μετου-

289 5601 412 5654 σῖαν
438 5600 535 5666 τῆς
567 5601 818 5667 ἀφέσεως
853 5602 1143 5673 χαρίζεται
1188 5606 1305 5666 τοῖς
1352 5603 1699 5659 πιστεύουσιν
1721 5623 1735 5638 ⁶
1779 5606 1860 5660 δι-

291 5690 476 5744 δάσκει
505 5707 564 5744 τι
594 5691 669 5760 μὴ
711 5693 847 5760 πρὸς
877 5693 976 5764 τὴν
1015 5692 1178 5762 φύσιν
1220 5696 1432 5766 ἁφορᾷν
1478 5695 1588 5748 τῶν
1637 5713 1859 5768 προκει⁹

295 5783 492 5849 μένων,
529 5781 666 5839 ἀλλὰ
693 5780 780 5838 διὰ
824 5785 922 5857 τῆς
951 5785 1242 5858 γινομένης
1285 5787 1372 5840 ἐπ’
1411 5786 1595 5852 αὐτοῖς
1644 5789 1862 5860 εὐχαρι-

1895 4571 1937 4626 D

2027 4061 2194 4116 Marc.
2243 4074 2352 4122 xiv,
2387 4057 2478 4110 22.
2519 4055 2587 4109 Et
2620 4053 3061 4108 manducantibus
3105 4050 3325 4104 illis.——
3348 4051 3538 4104 INTER-

1957 4165 2232 4207 pnenrlo.
2257 4151 2360 4204 Per
2384 4149 2500 4202 haec
2519 4146 2686 4202 verba
2709 4145 2899 4200 docuit
2919 4143 3240 4212 discipulos,
3265 4141 3542 4211 quomodo

1961 4245 2185 4298 deceret
2237 4240 2366 4296 novi
2419 4235 2735 4292 testamenti
2795 4244 3198 4290 sacramentum
3259 4248 3539 4300 peragere.

1961 4339 2090 4393 ldeo
2135 4337 2284 4393 enim
2329 4333 2646 4397 benedixit,
2702 4333 2981 4401 verbaque
3025 4339 3368 4400 opportuna,
3409 4327 3541 4382 dum

1963 4437 2368 4484 sacramentum
2417 4424 2524 4479 illis
2575 4423 2840 4485 traderet,
2886 4421 3282 4492 pronuntiavit.
3329 4426 3390 4472 ut
3442 4418 3542 4482 illi,

1964 4536 1997 4575 a
2031 4519 2418 4575 benedictione
2452 4526 2507 4572 et
2552 4516 2852 4587 gratiarum
2883 4513 3119 4574 actione,
3152 4511 3541 4580 intelligerent,

1965 4626 2096 4665 vere
2143 4624 2336 4679 magna
2378 4623 2502 4662 esse
2531 4621 2651 4676 quae
2691 4621 2790 4674 per
2830 4603 3032 4658 Christi
3079 4602 3383 4672 passionem
3429 4599 3558 4653 dis-'

1963 4710 2191 4769 pensata
2222 4709 2374 4764 sunt,
2405 4713 2752 4768 quorumque
2779 4695 3108 4772 symbolum.
3146 4695 3262 4748 bare
3288 4693 3543 4764 mysteria

1965 4789 2099 4861 ipsis
2113 4787 2441 4844 celebranda
2458 4786 2702 4842 tradidit.
2721 4787 2916 4842 Dicens
2932 4795 3114 4840 autem
3132 4785 3262 4838 :Iloc
3273 4793 3346 4838 est
3359 4800 3546 4854 corpus

1964 4895 2160 4942 meum,
2202 4887 2278 4944 et,
2312 4877 2412 4932 Hic
2451 4883 2529 4930 est
2559 4877 2780 4946 sanguis
2827 4891 2991 4940 meus,
3033 4873 3274 4928 declarat
3305 4872 3546 4942 discipu-

1963 4971 2047 5026 los
2076 4970 2300 5034 debere,
2349 4977 2643 5047 postquam
2689 4983 2886 5039 panem
2929 4965 3270 5037 propositum
3317 4965 3548 5018 benedi-

1963 5061 2167 5124 xerint,
2196 5059 2363 5131 hujus
2391 5059 2549 5128 panis
2573 5059 3017 5113 communionem
3043 5073 3142 5126 pro
3160 5055 3547 5110 communione

1963 5151 2215 5221 corporis
2234 5152 2318 5206 sui
2345 5151 2616 5220 accipere,
2644 5150 2885 5218 itemque
2909 5149 3136 5204 calicem
3161 5163 3261 5215 pro
3282 5145 3547 5214 sanguine

1964 5245 2140 5314 ipsius
2157 5243 2384 5305 habere,
2409 5243 2462 5294 iu
2484 5242 2708 5310 quibus,
2735 5256 2903 5294 carne
2926 5238 3185 5293 videlicet
3207 5246 3261 5292 et
3281 5237 3547 5306 sanguine

1965 5352 2088 5400 suo,
2112 5333 2386 5405 passionis
2450 5333 2774 5402 mysterium
2831 5331 3268 5392 consummavit,
3323 5336 3548 5396 propter

1965 5441 2310 5482 communem
2341 5425 2626 5478 hominum
2656 5425 2888 5478 salutem
2916 5431 2972 5477 et
3021 5420 3398 5475 remissionem
3421 5434 3548 5488 ραις

1969 5528 2262 5574 calorum:
2302 5517 2437 5572 ﬁdes
2465 5517 2614 5571 enim
2660 5516 2778 5571 haec
2823 5514 3148 5582 suscipiens,
3196 5511 3548 5580 impletorum

1968 5611 2360 5685 mysteriorum
2422 5607 2824 5662 confessionem
2892 5606 3092 5668 habet,
3151 5603 3547 5669 credentesque

1970 5709 2322 5769 peccatorum
2364 5698 2708 5754 remissionis
2739 5699 3048 5768 participat.
3081 5696 3250 5750 Docet
3281 5702 3546 5763 praeterea

1973 5810 2078 5847 non
2112 5791 2518 5862 propositorum
2562 5801 2810 5847 nat-uram
2849 5788 3151 5852 alte-udum,
3193 5785 3287 5841 sed
3318 5785 3544 5840 creder‘v
