4010 6288
552 371 694 437 3327
1784 382 1844 439 S.
1888 382 2113 440 PETRI

2242 382 2563 443 .ODICENI
3652 380 3751 445 aut

557 482 719 554 quod,
766 499 865 555 per
906 487 1204 557 gratiarum
1239 489 1510 542 actionem
1559 505 1723 559 super
1766 491 1878 547 illis
1909 492 2128 559 factam,

2242 496 2389 559 πίας
2423 496 2594 550 ταῦτα
2622 498 2804 553 ἐκεῖνα
2836 494 2978 554 εἶναι
3010 498 3319 552 πιστεύειν·
3357 498 3387 551 6
3421 495 3530 568 γάρ
3548 495 3751 562 (uomit

556 590 754 646 corpus
810 584 867 631 et
920 580 1142 649 sanguis
1182 579 1388 634 Christi
1429 579 1570 634 facta
1612 591 1785 636 sunt:
1838 582 2135 639 Vivilicans

2242 586 2330 639 τοῦ
2357 586 2492 640 Θεοῦ
2515 587 2687 656 Λόγος
2713 589 2923 653 ὲνώσας
2947 588 3108 641 αὑτὸν
3136 591 3202 659 τῇ
3236 587 3342 659 ἰδίᾳ
3371 588 3541 658 σαρκὶ
3557 630 3571 652 ,
3596 589 3695 642 καθ’
3714 590 3752 641 ἓν

557 665 704 721 enim
745 666 843 722 Dei
870 668 1109 724 Verbum
1133 710 1148 734 ,
1176 670 1418 739 seipsum
1450 668 1687 739 proitriae
1734 674 1888 727 carni
1926 675 2128 729 uniens

559 758 722 813 modo
751 774 915 829 quem
948 761 1062 829 ipse
1091 763 1261 823 novit,
1296 762 1467 831 ipsam
1492 762 1860 819 viviﬁcantem
1891 781 2013 820 esse
2044 765 2139 820 de-

558 843 806 914 claravit,
838 850 1025 917 Panis,
1056 853 1333 920 inquiens,
1363 870 1519 924 quem
1548 870 1641 924 ego
1682 855 1837 918 dabo,
1860 873 1985 909 caro
2022 874 2138 910 mea

558 948 827 1009 estquam
878 957 970 1011 ego
1024 942 1158 995 dabo
1204 958 1297 1009 pro
1340 945 1525 997 mundi
1570 947 1675 997 vita
1706 951 1757 1010 ¹;
1794 956 1849 998 et
1896 947 2135 1000 iterum:

558 1027 674 1082 Nisi
703 1030 1147 1085 manducaveritis
1189 1050 1403 1085 carnem
1434 1033 1554 1088 Filii
1582 1036 1807 1088 hominis
1836 1047 1884 1089 et
1910 1037 2139 1092 biberitis

563 1120 676 1186 ejus
699 1121 1030 1188 sanguinem,
1060 1137 1164 1174 non
1192 1123 1445 1176 habebitis
1490 1125 1652 1177 vitam
1673 1135 1927 1179 mternam
1955 1128 1996 1181 ².
2028 1127 2141 1182 Hoc

564 1208 730 1279 igitur
782 1209 1048 1266 facientes
1104 1214 1271 1267 vitam
1332 1215 1385 1267 in
1449 1216 1610 1269 nobis
1671 1216 1959 1272 habemus.
1995 1220 2141 1274 Dixit

561 1300 708 1353 enim
741 1316 754 1351 :
794 1299 897 1365 Qui
931 1303 1213 1356 manducat
1249 1320 1418 1357 meam
1467 1322 1701 1371 carnem,
1729 1315 1778 1360 et
1808 1308 1931 1361 bibit
1970 1326 2142 1363 meum

561 1391 893 1458 sanguinem,
925 1392 980 1444 in
1012 1408 1094 1444 me
1127 1402 1305 1446 manet
1361 1402 1409 1445 ct
1438 1410 1530 1462 ego
1562 1396 1618 1447 in
1646 1394 1740 1448 illo
1774 1396 1813 1448 ³.
1844 1397 2144 1466 Oportebat

561 1481 706 1534 enim
733 1480 884 1533 ilium
918 1483 1140 1551 quidem
1177 1484 1230 1536 in
1268 1484 1427 1538 nobis
1461 1501 1556 1552 per
1596 1493 1847 1540 sanctum
1873 1486 2139 1557 Spiritum

562 1570 726 1624 modo
749 1570 1034 1626 divinitate
1051 1572 1214 1643 digno
1238 1573 1506 1634 habitare.
1525 1575 1852 1644 corporibus
1868 1591 1997 1631 vero
2013 1594 2141 1633 nos-

564 1660 666 1715 tris
690 1676 789 1729 per
812 1672 1054 1717 sanctam
1092 1664 1265 1733 ipsius
1295 1679 1514 1719 carnem
1531 1666 1903 1735 etpretiosum
1922 1670 2143 1738 sangui-

564 1765 689 1805 nem
712 1753 1090 1808 commisceri:
1117 1753 1264 1824 quod
1294 1763 1350 1809 et
1378 1770 1700 1811 concessum
1730 1757 2016 1820 habemus,
2049 1777 2147 1828 per

564 1841 1005 1897 benedictionem
1020 1844 1313 1910 viviﬁcam,
1333 1847 1435 1900 sub
1463 1847 1645 1915 specie
1674 1848 1831 1917 panis
1849 1857 1905 1903 et
1922 1849 2057 1915 vini,
2074 1865 2143 1905 ne

564 1930 704 1985 forte
729 1932 1050 1988 hebesceret
1072 1936 1246 2004 pietas
1282 1945 1492 2000 nostra,
1521 1937 1653 1990 dum
1682 1952 1902 1992 carnem
1932 1948 1987 1992 et
2011 1955 2141 1994 san-

563 2023 785 2090 guinem
806 2026 1088 2094 proposita
1118 2028 1366 2082 videmus
1390 2029 1442 2082 in
1464 2030 1820 2083 ecclesiarum
1857 2030 2140 2085 altaribus.

562 2112 1023 2171 Condescendens
1040 2119 1209 2183 enim,
1235 2130 1295 2173 ut
1319 2121 1488 2173 Deum
1519 2120 1697 2185 decet,
1727 2119 2144 2177 inﬁrmitatibus

562 2206 791 2270 nostris,
823 2208 948 2276 pani
981 2208 1164 2263 oblato
1198 2211 1458 2264 virtutem
1502 2211 1629 2265 vita:
1671 2213 1944 2279 immittit,
1990 2226 2046 2268 et
2087 2215 2142 2268 in

560 2310 718 2352 suam
748 2312 969 2353 carnem
997 2308 1345 2363 transmutat,
1371 2312 1431 2356 ut
1456 2303 1509 2357 in
1537 2306 1981 2360 communionem
2009 2308 2144 2361 vivi-

562 2383 719 2441 ﬂcam
752 2388 907 2442 illum
950 2391 1272 2456 habeamus,
1306 2402 1361 2447 et
1406 2395 1562 2463 quasi
1608 2411 1832 2465 germen
1876 2399 2002 2452 vita:
2051 2398 2144 2452 ﬁat

561 2475 724 2531 nobis
770 2492 975 2548 corpus
1034 2480 1181 2541 vitae.
1230 2480 1365 2535 Cum
1414 2491 1596 2537 autem
1649 2484 1784 2539 dicit
1830 2490 2142 2557 sanguinem

560 2585 719 2623 suum
748 2588 845 2639 pro
871 2571 1054 2625 multis
1082 2573 1321 2641 effusum.
1343 2588 1447 2642 pro
1476 2574 1734 2630 omnibus
1758 2574 1992 2631 effusum
2020 2595 2142 2633 esse

558 2659 870 2729 significat:
907 2660 1052 2715 Unus
1096 2664 1257 2727 enim,
1292 2664 1469 2733 inquit
1502 2666 1725 2733 Paulus,
1760 2686 1855 2738 pro
1901 2672 2140 2725 onmibus

560 2757 800 2805 mortuus
838 2761 934 2818 est,
964 2761 1022 2805 ul
1039 2754 1161 2823 jam
1197 2771 1301 2808 non
1329 2758 1429 2810 sibi
1449 2758 1652 2823 vivant,
1680 2761 1772 2813 sed
1802 2760 1885 2813 illi
1926 2763 2014 2831 qui
2044 2779 2140 2831 pro

557 2841 686 2911 ipsis
713 2852 947 2897 mortuus
988 2837 1067 2897 est
1114 2854 1163 2897 et
1197 2851 1483 2901 resurrexit
1514 2849 1555 2902 ⁸.
1602 2849 1775 2905 Porro
1834 2854 2138 2909 notandum

559 2944 663 3001 est,
688 2939 837 3006 quod
863 2939 1051 3005 Judas,
1079 2941 1246 2996 etiam
1274 2952 1398 3012 post
1426 2947 1810 3015 mysteriorum
1842 2949 2142 3020 participa-

561 3027 787 3088 tionem.
829 3030 980 3099 juxta
1021 3030 1184 3087 Lucae
1231 3035 1630 3100 narrationem,
1675 3036 1821 3093 idem
1849 3044 2136 3109 remansit,

558 3132 740 3188 neque
769 3120 1054 3177 tremenda
1082 3122 1287 3179 fruitus
1321 3142 1543 3192 mensa,
1578 3138 1823 3186 mutatus
1853 3141 1939 3188 est
1966 3152 1980 3187 :
2013 3134 2140 3189 Post
2167 3141 2210 3199 ο

557 3209 669 3262 hac
694 3209 862 3274 enim,
902 3210 1081 3280 inquit
1108 3214 1464 3282 evangelista,
1492 3216 1724 3272 introivit
1757 3222 1812 3272 in
1840 3238 1957 3276 eum
1978 3220 2138 3278 Sata-

558 3314 657 3353 nas
678 3300 724 3364 5,
779 3300 953 3370 ipsius
980 3302 1193 3358 scilicet
1220 3318 1425 3374 corpus
1445 3305 1605 3360 nihili
1635 3307 1861 3366 faciens.
1889 3311 2141 3370 Christus

557 3398 765 3452 autem,
793 3392 1097 3461 proditoris
1137 3395 1536 3466 impudentiam
1568 3398 1827 3466 irridens,
1851 3418 1960 3457 non
1988 3405 2141 3459 cohi-

562 3479 686 3536 buit
715 3497 863 3544 eum,
900 3485 1154 3553 quamvis
1186 3486 1373 3542 omnia
1418 3489 1619 3556 sciens,
1660 3490 1757 3547 sed
1799 3493 2052 3560 probavit
2079 3511 2139 3551 se

557 3567 698 3625 nihil
727 3585 918 3627 eorum
959 3589 1082 3643 quae
1118 3574 1186 3629 ad
1233 3577 1634 3634 correctionem
1664 3580 1784 3650 ejus
1813 3582 1994 3639 facere
2038 3600 2139 3654 po-

559 3669 761 3727 terant,
796 3663 1093 3735 negligere.
1130 3664 1442 3723 Secundum
1473 3678 1655 3725 autem
1690 3671 1918 3727 Joannis
1944 3690 2137 3729 narra-

557 3748 785 3819 tionem,
813 3753 984 3809 Judas
1035 3764 1162 3810 ante
1211 3757 1421 3814 exierat
1467 3777 1483 3815 :
1530 3776 1640 3815 non
1691 3763 1840 3817 enim
1873 3764 2134 3834 decebat,

555 3838 760 3899 Christi
782 3846 1075 3901 occisionis
1100 3848 1438 3916 ministrum,
1460 3852 1716 3908 salutaris
1734 3853 2143 3918 communionis

556 3936 877 4002 receptione
926 3939 1238 3992 consecrari
1282 3955 1642 4011 :quanquam
1687 3944 1836 3998 enim
1884 3945 2140 4002 Christus

555 4025 740 4080 omnia
762 4026 864 4079 alia
891 4028 1187 4095 opprobria
1216 4029 1501 4099 sustinuit,
1524 4032 1630 4088 hoc
1657 4042 1839 4091 tamen
1864 4036 1941 4091 illi
1968 4036 2136 4108 inﬂigi

555 4130 668 4169 non
699 4117 1027 4184 permissum
1058 4128 1162 4173 est.

621 4204 756 4260 Luc.
813 4223 947 4272 χιιι,
1010 4210 1095 4263 19.
1150 4209 1219 4265 Et
1289 4222 1499 4284 accepto
1567 4232 1705 4284 pane
1764 4220 1970 4287 gratias
2010 4220 2134 4289 egit.

555 4295 1073 4354 -—INTEBPRETATIO.
1116 4301 1225 4371 Ego
1257 4320 1375 4356 sum
1411 4306 1568 4372 panis
1599 4307 1761 4373 vivus,
1791 4311 1882 4375 qui
1921 4310 1985 4363 de
2012 4310 2137 4364 cwlo

553 4386 832 4446 descendit,
852 4398 898 4440 et
928 4393 1088 4443 vitam
1107 4401 1328 4460 prrestat
1360 4395 1583 4459 mundo,’
1604 4396 1739 4451 dicit
1764 4398 1969 4454 alicubi
2007 4399 2137 4455 Sal-

2237 673 2375 731 οἷδεν
2409 678 2611 746 τρόπον
2641 678 2823 743 αὐτὸς,
2856 679 3117 742 ζωοποιὸν
3143 678 3422 746 ἀπέφηνεν
3476 678 3633 742 αὐτὴν
3654 678 3753 748 ἐστι

2238 768 2367 836 γὰρ,
2413 768 2496 821 ὅτι
2538 767 2601 822 '0
2650 768 2829 837 ἄρτος
2867 769 2939 821 ὃν
2968 768 3084 837 ἐγὼ
3128 767 3338 830 δώσω,
3394 770 3434 835 ἡ
3488 769 3630 833 σάρξ
3671 770 3753 835 1m"

2238 855 2432 919 ἐστιν,
2472 857 2551 924 ἢν
2587 858 2703 926 ἐγὼ
2733 859 2904 911 δώσω
2933 858 3085 925 ὑπὲρ
3112 856 3354 925 τῆςςτοῦ
3389 858 3613 924 κόσμου
3634 856 3753 924 ζωῆς.

2241 947 2336 999 καὶ
2362 947 2543 1000 πάλιν·
2580 950 2715 1003 Ἐὰν
2742 948 2823 1017 μὴ
2848 949 3079 1019 φάγητε
3123 950 3241 1018 τὴν
3266 947 3474 1018 σάρκα
3518 950 3617 1003 τοῦ
3660 949 3756 1002 Ποῦ

2241 1037 2346 1090 τοῦ
2390 1039 2742 1105 ἀνθρώπου,
2777 1041 2878 1095 καὶ
2930 1042 3108 1110 πίητε
3144 1041 3332 1096 αὐτοῦ
3369 1040 3441 1094 τὸ
3487 1035 3650 1109 αἷμα,
3680 1041 3757 1095 οὐκ

2240 1128 2408 1196 ἔχετε
2462 1128 2618 1198 ζωὴν
2670 1130 2913 1187 αἰώνιον
2959 1145 2975 1161 ·
3012 1131 3210 1185 οὐκοῦν
3262 1131 3427 1185 τοῦτο
3486 1129 3754 1193 ποιοῦντες,

2243 1218 2386 1286 ζωὴν
2418 1219 2615 1290 ἔχομεν
2645 1220 2708 1274 έν
2732 1223 2947 1286 ἑαυτοῖς
2972 1222 3135 1276 αὐτόν
3157 1239 3188 1271 ·.
3207 1221 3312 1292 ἔφη
3332 1222 3466 1290 γάρ·
3499 1221 3559 1274 Ὃ
3582 1219 3758 1289 τριέηωγ

2237 1326 2357 1375 μου
2398 1310 2512 1375 τὴν
2545 1310 2765 1378 σάρκα,
2797 1312 2896 1365 καὶ
2925 1313 3119 1365 πίνων
3144 1329 3264 1381 μου
3292 1310 3362 1364 τὸ
3389 1304 3565 1379 αἷμα,
3586 1310 3647 1363 ἐν
3666 1310 3755 1378 ἐμοὶ

2238 1400 2422 1467 μένει,
2448 1401 2609 1470 κάγὼ
2636 1402 2708 1456 ἐν
2741 1402 2923 1469 αὐτῷ.
2960 1404 3108 1457 Ἔδει
3137 1404 3248 1473 γάρ
3271 1402 3439 1457 αὐτὸν
3467 1402 3553 1455 διὰ
3584 1403 3667 1461 μὲν
3690 1399 3755 1451 τε]

2246 1491 2400 1557 ἁγίου
2424 1491 2743 1563 Πνεῦματος
2774 1495 2831 1545 ἐν
2863 1495 2993 1563 ἡμῖν
3041 1494 3287 1561 γίνεσθαι
3330 1492 3755 1563 θεοπρεπῶςτυνο

2246 1581 2640 1651 ανακίρνασθαι
2700 1583 2756 1636 δὲ
2793 1582 2983 1654 ὥσπερ
3003 1585 3115 1646 τοῖς
3145 1584 3440 1654 ἡμετέροις
3466 1582 3685 1652 σώμασιν
3700 1580 3759 1634 διὰ

2246 1672 2343 1740 τῆς
2377 1672 2537 1741 ἁγίας
2580 1672 2748 1726 αὑτοῦ
2790 1673 2990 1743 σαρκὸς
3022 1675 3117 1726 καὶ
3152 1673 3248 1727 τοῦ
3282 1673 3467 1744 τιμίου
3499 1671 3757 1741 uiperae-5

2247 1760 2309 1828 δὴ
2341 1763 2433 1814 καὶ
2464 1763 2776 1833 ἐσχήκαμεν
2806 1764 2885 1825 εἰς
2915 1762 3164 1831 εὐλογίαν
3183 1763 3450 1827 ζωοποιδν
3479 1763 3552 1825 ὡς
3570 1763 3620 1814 έν
3651 1760 3760 1828 ἄρτῳ

2245 1870 2304 1904 τε
2344 1853 2439 1905 καὶ
2457 1851 2606 1923 οἴνῳ,
2645 1853 2732 1906 ἶνα
2786 1855 2859 1925 μὴ
2900 1855 3397 1923 ἁποναρκήσωμεν,
3435 1853 3605 1923 σάρκα
3628 1869 3675 1903 τε
3697 1852 3759 1903 καὶ

2246 1933 2384 2005 αἷμα
2418 1940 2751 2008 προκείμενα
2778 1942 3063 2009 βλέποντες
3082 1946 3139 1994 ἐν
3168 1944 3349 2009 ἁγίαις
3384 1942 3666 2013 τραπέζαις
3684 1939 3761 1996 τῶν

2258 2026 2625 2098 Ἐκκλησιῶν·
2695 2029 3198 2097 συγκαθιστάμενος
3248 2031 3359 2101 γὰρ
3395 2032 3473 2093 ὡς
3519 2029 3635 2093 Θεὸς
3676 2031 3760 2093 ταῖς

2245 2118 2539 2187 ἡμετέραις
2567 2118 2873 2181 ἀσθενείαις
2910 2119 3082 2187 ἐνίησι
3117 2121 3230 2181 τοῖς
3259 2118 3627 2187 προκειμένοις
3645 2117 3762 2170 δύνε-

2248 2225 2341 2275 μιν
2369 2207 2535 2278 ζωῆς,
2590 2210 2682 2260 καὶ
2719 2209 3038 2279 μεθίστησιν
3090 2209 3228 2261 αὐτὰ
3260 2209 3398 2278 πρὸς
3430 2210 3684 2278 ἐνέργειαν
3700 2206 3760 2260 δ’ιᾶ

2246 2298 2342 2367 τῆς
2372 2297 2561 2351 ἑαυτοῦ
2585 2299 2808 2368 σαρκὸς,
2839 2300 2927 2352 ἵνα
2956 2301 3035 2364 εἰς
3070 2299 3284 2368 μέθεξιν
3314 2299 3577 2363 ζωοποιὸν
3598 2299 3760 2368 ἔχωμεν

2244 2391 2402 2454 αὐτὰ,
2432 2388 2524 2443 καὶ
2553 2384 2663 2442 οἷον
2685 2391 2905 2460 σπέρμα
2925 2390 3208 2455 ζωοποιδν,
3228 2390 3427 2461 εὑρεθῇ
3453 2391 3512 2443 τὸ
3535 2390 3670 2460 σῶμα
3691 2391 3760 2458 τῆς

2244 2480 2407 2547 ζωῆς.
2440 2480 2578 2548 Περὶ
2622 2478 2870 2533 πολλῶν
2929 2478 2998 2533 δὲ
3051 2480 3471 2548 ἐκχυνόμενον
3519 2479 3671 2547 λέγων
3714 2478 3760 2529 τὸ

2243 2567 2403 2638 uilia,
2434 2570 2492 2622 τὸ
2516 2572 2643 2640 περὶ
2677 2571 2893 2624 πάντων
2913 2570 3061 2639 λέγει
3082 2586 3094 2599 ’
3125 2566 3230 2636 Εἷς
3255 2572 3392 2641 γὰρ,
3424 2570 3500 2634 ὥς
3527 2566 3761 2641 cummi»-

2242 2662 2353 2726 λος,
2376 2662 2527 2730 ὑπὲρ
2542 2662 2785 2716 πάντων
2805 2662 3125 2728 ἀπέθανεν,
3160 2663 3260 2715 ἵνα
3284 2665 3337 2716 οι
3372 2663 3585 2729 πάντες
3597 2659 3759 2731 μηκέτι

2241 2752 2476 2819 ἑαυτοῖς
2503 2751 2699 2818 ζῶσιν,
2723 2752 2884 2807 ἀλλὰ
2912 2751 2994 2819 τῷ
3024 2753 3175 2822 ὑπὲρ
3223 2754 3430 2809 αὐτῶν
3459 2752 3760 2808 ἀποθανόντι

2242 2843 2339 2896 καὶ
2380 2842 2695 2911 ἐγερθέντι.
2739 2843 2935 2896 ’ἰστέον
2998 2842 3055 2894 δὲ
3090 2843 3174 2895 ὅτι
3215 2843 3311 2895 καὶ
3350 2843 3464 2895 τῶν
3502 2839 3756 2912 μυττηρξων

2246 2932 2535 3005 μετασχὼν
2568 2935 2596 2985 6
2646 2932 2865 2999 Ἰούδας,
2892 2934 2969 2997 ὡς
2999 2938 3028 2987 ὁ
3062 2938 3274 2998 Λουκᾶς
3301 2953 3493 3005 φησιν,
3549 2931 3759 3003 ἔμεινενΰ

2241 3024 2404 3085 αὐτός
2422 3039 2435 3053 ·
2460 3023 2553 3076 καὶ
2581 3022 2681 3093 τῆς
2704 3023 3147 3094 φρικωδεστάτης
3172 3024 3492 3088 ἀπολαύσας
3516 3024 3757 3092 τραπέζης.

2241 3116 2303 3169 οὐ
2365 3114 2720 3187 μετεϐάλετοο
2791 3115 2895 3185 ἔφη
2940 3114 3084 3185 γάρ’
3115 3117 3277 3171 Μετὰ
3326 3116 3507 3171 τοῦτο
3532 3113 3759 3182 είσῆλθεν

2246 3211 2331 3275 είς
2360 3210 2547 3264 αὐτὸν
2573 3212 2606 3263 ό
2643 3206 2937 3273 Σατανᾶς,
2970 3207 3133 3260 αὐτοῦ
3171 3208 3427 3277 σώματος
3446 3204 3755 3276 καταφρονῶν.

2259 3299 2420 3353 Ἀλλά
2474 3301 2572 3369 τῆς
2605 3297 2990 3370 ἀναισχυντίας
3040 3299 3354 3366 καταγελῶν
3415 3298 3508 3352 τοῦ
3535 3296 3755 3369 προδότα).

2243 3394 2344 3445 οὐκ
2375 3390 2645 3445 ἐκώλυσεν
2675 3390 2844 3445 αὐτὸν
2872 3392 2900 3444 6
2928 3389 3184 3462 Χριστὸς,
3216 3391 3401 3444 καίτοι
3430 3392 3600 3444 πάντα
3624 3385 3752 3445 εξδὼςι

2244 3481 2458 3544 δεικνὺς
2487 3481 2567 3535 ὅτι
2599 3481 2752 3535 οὐδὲν
2793 3480 3208 3552 παραλιμπάνει
3267 3480 3379 3534 τῶν
3419 3483 3498 3543 εἰς
3534 3477 3754 3549 διόρθωσιν

2245 3571 2485 3641 ήκὸντων
2508 3587 2523 3602 ·
2592 3571 2669 3634 ὡς
2732 3572 2791 3625 δὲ
2832 3571 3084 3641 Ἰωάννης
3133 3573 3316 3642 φησιν,
3367 3572 3458 3625 ὅτι
3493 3565 3753 3640 προεξῆλθεν

2258 3662 2454 3725 Ἰούδας
2473 3678 2488 3693 ·
2511 3662 2571 3715 ού
2600 3662 2709 3734 γὰρ
2745 3662 2812 3716 ἂν
2843 3659 3064 3728 ἐδέξατο
3095 3662 3194 3733 τῆς
3235 3661 3506 3733 σωτηρίου
3532 3656 3753 3715 normis:

2245 3754 2333 3806 τὸν
2368 3753 2533 3806 τύπον
2555 3756 2583 3808 6
2612 3755 2711 3825 τῆς
2728 3755 3156 3824 Χριστοκτονίας
3177 3754 3460 3826 ὑπηρέτης
3478 3770 3492 3784 ·
3516 3754 3560 3805 εἰ
3587 3751 3676 3820 γὰρ
3687 3746 3751 3799 καὶ

2245 3846 2311 3898 τὶι
2335 3844 2469 3899 ἄλλα
2494 3845 2669 3899 πάντα
2697 3846 2925 3916 ἤνεγκεν
2950 3850 2979 3902 6
3003 3846 3259 3919 Χριστὸς,
3293 3845 3435 3902 ἀλλὰ
3455 3844 3602 3899 τοῦτο
3618 3838 3752 3894 οὐκέτι

2246 3938 2629 4010 συγκεχώρητο
2658 3939 2827 4013 αὐτῷ.

2313 4210 2422 4265 Καὶ
2476 4208 2679 4264 λαϐὼν
2721 4210 2905 4276 ἄρτον
2955 4209 3431 4280 εὐχαριστήσας.
3484 4237 3547 4248 -—
3598 4204 3751 4271 Ἑρμη-

2244 4300 2381 4358 νεία.
2442 4301 2591 4371 Ἐγώ
2637 4305 2755 4372 είμι
2799 4305 2830 4355 ὀ
2871 4300 3051 4369 ἄρτος
3089 4305 3123 4356 ὀ
3165 4299 3294 4366 ζῶν,
3350 4303 3382 4355 ό
3436 4301 3505 4355 ἐκ
3557 4294 3645 4351 τοῦ
3681 4291 3750 4344 οἰ*-

2236 4394 2429 4463 ρανοῦ
2460 4394 2739 4460 καταϐὰς,
2774 4393 2873 4447 καὶ
2891 4391 3045 4461 ζωὴν
3065 4392 3268 4459 διδοὺς
3295 4386 3375 4457 τῷ
3421 4392 3632 4457 κόσμῳ,
3656 4378 3749 4453 φησί

554 4487 755 4532 vator:
792 4479 840 4532 si
869 4481 986 4549 quis
1007 4481 1402 4537 manducaverit
1448 4501 1512 4537 ea:
1560 4487 1656 4540 hoc
1695 4505 1853 4557 pane,
1894 4491 2029 4544 vivet
2071 4491 2125 4545 in

2242 4504 2343 4539 που
2375 4488 2402 4538 6
2451 4487 2644 4556 Σωτήρ
2667 4501 2680 4515 ·
2704 4485 2814 4538 ἐάν
2866 4502 2957 4550 τις
3009 4483 3170 4554 φάγῃ
3208 4485 3277 4537 ἐκ
3328 4486 3539 4538 τούτου
3566 4477 3652 4533 τοῦ
3677 4472 3747 4539 ἅρ-

552 4578 830 4636 veternum,
852 4580 959 4626 etc.
982 4570 1373 4629 Manducantes
1396 4573 1562 4644 igitur
1596 4592 1816 4631 carnem
1841 4577 2138 4636 Salvatoris

555 4662 727 4718 nostri
773 4663 902 4717 Jesu
956 4662 1193 4729 Christi,
1247 4675 1304 4720 et
1351 4666 1608 4722 bibentes
1656 4669 1777 4741 ejus
1813 4671 2137 4741 sanguinem

555 4754 722 4808 vitam
767 4750 1038 4809 habemus
1072 4754 1127 4809 in
1164 4755 1439 4813 nobismet
1483 4757 1640 4827 ipsis,
1684 4766 1792 4814 etc.
1826 4760 1999 4816 Porro
2036 4778 2137 4817 ne-

450 4837 454 4841 ’
552 4858 707 4898 cesse
737 4853 855 4899 erat
903 4860 1076 4915 genus
1109 4845 1433 4913 humanum,
1471 4848 1635 4904 morti
1670 4850 1992 4918 obnoxium,
2024 4868 2136 4908 non

552 4932 663 4986 alio
720 4934 888 4989 modo
940 4936 1009 4991 ad
1072 4937 1545 5007 incorruptionem
1613 4941 1905 5009 pervenire
1957 4960 1972 4997 :
2024 4958 2137 4998 non

550 5026 699 5081 cnim
776 5027 881 5083 hoc
956 5030 1219 5098 possibile
1293 5029 1526 5095 fuisset,
1611 5034 1717 5088 nisi
1791 5035 2136 5106 unigenitum

551 5116 650 5171 Dei
703 5117 977 5185 Verbum,
1027 5136 1228 5190 corpus
1275 5133 1528 5178 nostrum
1576 5140 1735 5179 suum
1788 5126 2029 5191 faciens,
2069 5143 2135 5182 ex

552 5208 785 5263 muliere
835 5211 1140 5267 secundum
1194 5229 1418 5269 carnem
1475 5225 1635 5271 natus
1693 5215 1919 5281 fuisset,
1967 5232 2136 5287 seque

554 5298 734 5367 ipsum
764 5300 926 5356 nobis
958 5301 1272 5369 insevisset,
1298 5321 1463 5360 unam
1490 5323 1726 5361 massam
1751 5322 1850 5376 per
1874 5309 2137 5365 unionem

553 5384 889 5444 indivuisam
937 5390 1182 5448 eﬂiciens
1214 5412 1228 5449 :
1261 5394 1499 5449 Verbum
1539 5397 1722 5462 enim,
1771 5399 1866 5466 qui
1906 5399 2052 5455 Deus
2082 5410 2139 5454 ct

552 5474 665 5531 vita
717 5486 840 5544 est,
886 5481 1040 5537 unita
1096 5484 1202 5539 sibi
1241 5485 1344 5554 ipsi
1393 5500 1556 5541 carne
1599 5489 1851 5553 mortali,
1890 5489 2062 5560 ipsam
2104 5507 2133 5545 a

559 5570 786 5641 mortuis
830 5574 1208 5630 resuscitatam
1241 5577 1433 5633 mortis
1459 5586 1514 5634 et
1544 5580 1916 5648 corruptionis
1942 5581 2132 5636 victri-

1146 5753 1164 5781 ²
1202 5752 1334 5806 ibid.
1371 5748 1459 5808 5i.

633 5742 644 5768 '
683 5743 838 5800 Joan.
870 5763 945 5816 γι,
976 5749 1064 5803 5?.
1146 5753 1164 5781 ²
1202 5752 1334 5806 ibid.
1371 5748 1459 5808 Si.
1538 5755 1553 5781 ‘
1594 5754 1721 5808 ibid.
1761 5758 1845 5810 57.

1924 5759 1941 5787 ⁸
1979 5758 2019 5810 li
2047 5758 2170 5813 Cor.
2212 5774 2260 5823 γ,
2297 5758 2377 5812 15.

2240 4574 2543 4643 summast
2568 4579 2655 4642 εἰς
2676 4575 2781 4630 τὸν
2808 4574 3013 4639 αἰῶνα,
3054 4592 3109 4629 κ.
3134 4593 3182 4628 τ.
3214 4573 3265 4629 λ.
3298 4573 3506 4628 Οὐκοῦν
3539 4568 3745 4622 ἐσθίοντες

2241 4669 2339 4738 τὴν
2366 4668 2542 4738 σάρκα
2567 4665 2662 4720 τοῦ
2711 4667 2962 4738 Σωτῆρος
2999 4666 3157 4736 ἡμῶν
3201 4664 3378 4737 Ἰησοῦ
3428 4658 3655 4733 Χριστοῦ,
3682 4650 3743 4706 καὶ

2243 4759 2490 4821 πενοντες
2513 4758 2676 4812 αὑτοῦ
2700 4758 2760 4810 τὸ
2777 4752 2940 4828 αἷμα,
2973 4758 3119 4828 ζωὴν
3148 4756 3346 4829 ἔχομεν
3370 4757 3429 4812 ὲν
3465 4753 3652 4811 ἑαυτοῖς
3667 4754 3740 4800 ele-

2247 4850 2394 4903 Ἔδει
2422 4849 2598 4901 τοίνυν
2614 4849 2705 4902 τὸν
2717 4847 3000 4917 ἄνθρωπον
3022 4847 3434 4919 κεκρατημένον
3460 4843 3659 4909 θανάτῳ.
3675 4834 3744 4886 οὖι

2241 4939 2416 5002 ἄλλως
2451 4941 2586 5010 πρὸς
2624 4938 2935 5011 ἀφθαρσίαν
2961 4938 3292 5008 ἀναδραμεῖν
3310 4955 3323 4968 ·
3350 4939 3471 4992 ἐπεὶ
3490 4937 3546 4989 οὐ
3577 4923 3742 4984 δυνατὸν

2240 5024 2329 5100 ἦν,
2370 5028 2419 5080 ei
2452 5027 2527 5099 μὴ
2569 5027 2659 5082 τὸν
2717 5028 2984 5099 μονογενῆ
3033 5027 3129 5082 τοῦ
3166 5027 3301 5081 Θεοῦ
3350 5028 3516 5096 Λόγον
3548 5022 3743 5080 “tam”?

2245 5120 2476 5190 σάμενον
2507 5118 2571 5172 τὸ
2597 5118 2758 5190 σῶμα
2781 5121 2961 5190 ἡμῶν,
2993 5117 3321 5189 γεννηθῆναί
3350 5135 3410 5172 τε
3444 5113 3572 5169 κατά
3612 5106 3741 5176 σάρκα

2239 5213 2302 5267 ὲκ
2319 5213 2575 5281 γυναικός
2592 5229 2606 5243 ⁸
2636 5212 2730 5266 καὶ
2755 5212 2947 5265 ἑαυτὸν
2976 5213 3110 5283 ἡμῖν
3142 5212 3487 5281 ὲμφυτεύσας
3502 5208 3553 5259 ἓν
3571 5202 3741 5293 φύραμίι

2241 5303 2491 5372 γενέσθαι
2507 5304 2630 5357 καθ’
2655 5304 2847 5357 ἕνωσιν
2869 5302 3233 5357 ἀδιάσπαστον
3249 5318 3262 5330 ·
3283 5300 3485 5363 ένὼσας
3503 5298 3594 5365 γὰρ
3608 5294 3737 5349 imi?

2244 5397 2343 5464 τὴν
2377 5396 2591 5467 θανάτῳ
2619 5396 2849 5466 κάτοχον
2897 5393 3077 5466 σάρκα
3112 5392 3246 5457 Θεὸς
3296 5391 3375 5446 ὢν
3405 5394 3432 5446 6
3483 5388 3630 5453 Λόγος
3674 5372 3738 5428 καὶ

2243 5486 2378 5556 ζωὴ.
2418 5486 2728 5557 ἀναστήσας
2750 5486 2921 5558 αὐτὴν
2953 5486 3019 5540 ὲκ
3045 5483 3276 5556 νεκρῶν,
3302 5482 3523 5537 θανάτου
3550 5473 3628 5530 καὶ
3646 5467 3735 5558 φθῩ·

2246 5553 2356 5648 ρᾶς
2377 5553 2625 5649 ἀπέφηνε
2653 5553 2959 5650 κρείττονα,
3005 5576 3099 5631 καὶ
3136 5553 3472 5647 ἀπεσόϐησεν
3502 5563 3642 5635 αὐτῆς
3667 5553 3733 5625 1il‘i

2456 5760 2476 5789 ³
2520 5756 2674 5811 Joan.
2703 5768 2815 5818 xm,
2852 5756 2940 5812 ΞΠ.
