3960 6284
229 361 368 428 8329

1108 351 1515 418 EXI’OSlTlO
1555 351 1634 410 ΙΝ
1669 346 2120 408 ΟΒΛΤΙΟΝΕΜ
2154 346 2608 408 DOMINICAM.

3244 342 3245 347 “
3353 346 3491 410 3330

229 472 456 540 φθορὰν,
496 469 771 541 ἄφθαρτόν
802 484 862 522 τε
926 452 1020 520 καὶ
1075 464 1340 529 ζωοποιδν
1393 461 1801 529 ἀπειργάσατο·

1922 471 2029 512 :em
2083 455 2353 521 reddidit,
2402 456 2632 526 ejusque
2689 453 2992 508 absorbens
3041 452 3490 523 corruptionem,

232 563 352 615 ἐπεὶ
378 561 553 614 τοίνυν
578 561 684 615 ἔδει
709 561 805 615 καὶ
841 560 929 615 διὰ
946 557 1040 612 τοῦ
1068 556 1223 625 ἁγίου
1241 554 1555 624 Πνεῦματος
1590 553 1646 604 ἐν
1674 553 1804 620 ἡμῖν

232 653 483 721 γενέσθαι
513 652 851 723 θεοπρεπῶς,
887 645 1451 718 συνανακίρνασθαίτε
1477 642 1664 712 ὥσπερ
1693 644 1805 703 τοῖς

1910 548 2389 619 incorruptibilem
2433 547 2582 601 illam
2624 555 2677 601 et
2709 545 2982 601 viviﬁcam
3032 546 3308 617 praestitit.
3355 545 3492 613 Quia

1907 641 2075 709 igitur
2131 639 2423 709 oportebat
2476 637 2719 693 Verbum
2783 637 2915 702 Dei,
2982 638 3144 691 modo
3199 637 3493 692 divinitate

234 745 522 817 ἡμετέροις
570 744 809 815 σώμασιν
836 743 925 798 διὰ
942 741 1040 811 τῆς
1081 740 1243 809 ἁγίας
1278 736 1444 793 αὑτοῦ
1474 734 1675 805 σαρκὸς
1711 735 1806 787 xzt

1922 729 2095 800 ligno,
2123 744 2223 798 per
2252 728 2516 797 Spiritum
2552 737 2799 782 sanctum
2846 727 2899 780 in
2938 726 3100 780 nobis
3134 726 3410 793 habitare,
3438 736 3496 781 et

231 835 325 888 τοῦ
354 835 534 907 τιμίου
586 836 953 907 αἴματοςβῑο.
1002 831 1184 886 Είπὼν
1222 829 1300 895 δὲ,
1342 828 1526 883 Τοῦτο
1585 826 1807 881 ποιεῖτε

1922 821 2064 890 ιιιλεί
2091 820 2418 889 corporibus
2442 819 2666 884 nostris,
2692 834 2789 888 per
2811 827 3053 872 sanctam
3081 818 3254 887 ipsius
3274 833 3496 871 carnem

237 929 325 989 είς
354 926 470 994 τὴν
496 925 651 996 ἐμὴν
677 924 1043 993 ἀνάμνησιν,
1074 923 1260 991 ἐξάγει
1288 921 1485 983 αὐτοὺς
1524 919 1632 971 τῶν
1674 918 1803 970 ἰου-

232 1016 432 1071 δαϊκῶν
448 1016 607 1070 ἐθῶν.
635 1014 901 1083 Καθάπερ
933 1017 1061 1084 γὰρ,
1089 1013 1241 1082 φησὶ,
1273 1011 1332 1064 rb
1347 1009 1441 1063 τοῦ
1468 1007 1640 1078 ἀμνοῦ
1656 1009 1807 1059 ἐποι-

232 1107 342 1157 εῖτε
365 1107 444 1169 εἰς
481 1104 784 1174 ἀνάμνησιν
828 1104 935 1157 τῶν
967 1103 1093 1155 ἐκεῖ
1115 1101 1428 1170 Θαυμάτων,
1473 1097 1616 1151 οὕτω
1652 1097 1810 1151 τοῦτο

230 1194 309 1256 είς
339 1194 439 1264 τὴν
472 1195 610 1265 ἐμὴν
638 1195 963 1264 ἀνάμνησιν,
996 1193 1099 1253 ἓως
1124 1192 1188 1246 ἂν
1210 1190 1628 1259 παραγένωμαι.
1677 1188 1809 1240 Ὠσ-

228 1285 427 1351 αύτως
468 1286 568 1339 καὶ
611 1286 676 1338 τὸ
717 1286 1005 1353 ποτήριον
1050 1282 1189 1354 μετὰ
1216 1282 1309 1335 τοῦ
1350 1280 1516 1350 ἄρτου
1548 1280 1811 1348 ἐμφαντι-

234 1376 366 1439 κῶς,
391 1374 477 1428 ῐνα
504 1374 565 1428 τὸ
590 1375 986 1446 προειρημένον
1012 1375 1233 1444 νοήσῃς,
1258 1371 1317 1423 οὐ
1363 1369 1468 1440 μὴν
1495 1368 1624 1424 ἄλλο
1659 1367 1812 1437 παρὰ

233 1461 293 1514 τὸ
326 1462 561 1533 πρῶτον,
598 1458 771 1532 οὗπερ
821 1461 1108 1531 ἐπιτρέπει
1157 1458 1479 1530 μεταλαϐεῖν
1522 1458 1660 1526 μετὰ
1714 1456 1810 1525 τὴν

234 1551 327 1605 τοῦ
364 1552 528 1622 ἄρτου
557 1552 890 1623 μετάληψινο
925 1552 954 1605 ὃ
981 1552 1073 1607 καὶ
1100 1548 1283 1603 λαϐὼν
1304 1547 1457 1602 εἶπεν
1476 1562 1489 1576 ⁸
1528 1548 1708 1602 Τοῦτο
1745 1549 1811 1599 τὸ

233 1640 519 1708 ποτήριον
554 1643 594 1710 ἡ
621 1642 800 1709 καινὴ
839 1640 1095 1707 διαθήκη
1125 1640 1196 1692 ἐν
1240 1637 1319 1701 τῷ
1348 1636 1558 1706 αἵματι
1573 1652 1714 1703 μου,
1746 1633 1812 1686 τὸ

232 1729 384 1796 ὑπὲρ
409 1729 578 1801 ὑμῶν
603 1732 1035 1800 ἐκχυνόμενον.
1072 1729 1228 1792 Τινὲς
1262 1728 1319 1782 δὲ
1361 1726 1615 1797 δεύτερον
1645 1723 1804 1777 τοῦτο

1913 922 1971 968 et
1999 912 2302 982 pretiosum
2339 912 2684 983 sanguinem,
2719 910 3083 974 commisceri,
3115 919 3223 964 etc.
3251 910 3495 965 Dicendo

1910 1011 2097 1057 autem
2124 1018 2138 1054 :
2167 1000 2279 1055 Hoc
2332 1001 2489 1071 facite
2533 1003 2586 1054 in
2618 1017 2788 1054 meam
2808 1001 3379 1065 commemorationem,
3402 1015 3500 1055 eos

1910 1108 1940 1147 a
1973 1093 2219 1148 Judaicis
2248 1092 2447 1146 ritibus
2485 1092 2722 1157 avertit;
2756 1091 2909 1160 quasi
2944 1091 3153 1145 diceret
3183 1108 3195 1144 :
3220 1090 3497 1158 Quemad—

1911 1186 2135 1240 modum
2171 1187 2526 1240 cmremonias
2572 1185 2693 1253 agni
2744 1184 3017 1252 paschalia
3059 1185 3408 1253 peragebatis
3442 1184 3496 1237 in

1912 1278 2489 1332 commemorationem
2516 1276 2909 1329 miraculorum
2931 1274 2983 1326 in
3005 1273 3235 1343 Aﬂgypto
3258 1283 3500 1343 patrato-

1915 1385 2059 1434 rum,
2081 1368 2163 1423 sic
2195 1376 2251 1423 et
2286 1368 2391 1422 hoc
2434 1382 2581 1420 nunc
2604 1366 2767 1419 facite
2794 1365 2849 1418 in
2892 1380 3068 1418 meam
3103 1380 3470 1419 commemora

1914 1459 2140 1519 tionem,
2172 1455 2350 1510 donec
2376 1456 2614 1510 veniam.
2654 1452 2911 1508 Similiter
2943 1462 2990 1505 et
3021 1452 3237 1506 calicem
3277 1458 3496 1522 accepit,

1914 1549 2102 1604 calicis
2132 1565 2258 1604 cum
2304 1564 2447 1619 pane
2500 1563 2603 1603 con
2659 1543 3006 1618 junctionem
3043 1546 3389 1614 exprimens,
3440 1554 3500 1600 ut

1892 1639 2206 1706 'videlicet,
2255 1640 2323 1695 de
2368 1655 2434 1694 eo
2469 1639 2636 1694 etiam
2685 1653 2833 1692 nunc
2873 1638 3025 1707 loqui
3079 1638 3387 1707 intelligas,
3430 1638 3497 1691 de

1918 1746 2029 1800 quo
2075 1731 2239 1785 modo
2282 1731 2498 1785 loeutus
2542 1738 2646 1793 est,
2705 1745 2885 1798 neque
2949 1729 3100 1783 aliud
3149 1743 3270 1781 csse
3299 1728 3367 1781 ab
3404 1728 3498 1781 illo

232 1820 485 1888 γενέσθαι
511 1821 674 1890 φασίο
702 1823 796 1875 καὶ
820 1821 879 1875 τὸ
908 1824 1007 1892 μὲν
1032 1821 1266 1892 πρῶτον,
1292 1821 1550 1890 ποτήριον
1577 1815 1807 1885 δεξάμε-

1922 1822 2062 1892 quod
2117 1823 2356 1893 primum
2388 1821 2752 1883 consecravit,
2790 1821 2923 1875 illud
2973 1835 3094 1874 esse
3156 1818 3405 1888 opineris
3429 1818 3497 1872 ad

232 1929 340 1977 νος,
373 1913 773 1987 εὐχαριστήσας
801 1910 954 1968 εἶπεν
974 1932 988 1946 ο
1027 1913 1249 1969 Λάϐετε
1272 1913 1448 1966 τοῦτο
1494 1910 1594 1975 καί
1619 1911 1812 1985 διαμε-

227 2002 442 2069 ρίσατε
491 2004 767 2074 ἑαυτοῖς·
798 2007 859 2059 τὸ
897 2007 950 2059 δὲ
981 2005 1255 2075 δεύτερον,
1304 2001 1445 2073 μετὰ
1493 2001 1586 2054 τὸν
1647 2000 1811 2071 ἄρτον

174 2114 177 2117 ·
233 2093 326 2145 καὶ
352 2093 492 2164 μετὰ
519 2097 580 2148 τὸ
607 2096 912 2167 δειπνῆσαι,
943 2096 1149 2165 λέγων’
1188 2094 1366 2148 Ἰοῦτο
1393 2092 1462 2146 τὸ
1502 2090 1809 2158 ποτήριον,

232 2187 340 2236 διο.

1925 1914 2085 1983 cujus
2131 1913 2611 1983 participationem
2661 1914 2856 1967 invitat
2891 1920 3014 1981 post
3046 1913 3492 1965 communionem

1926 2001 2107 2070 panis,
2142 2017 2363 2071 quoque
2412 2010 2637 2071 accepto
2674 2000 2810 2056 dixit
2851 2019 2864 2054 :
2902 2000 2998 2055 Hic
3022 1999 3162 2053 calix
3186 2007 3262 2052 est
3307 2015 3497 2053 novum

1919 2098 2292 2146 testamentum
2358 2095 2413 2147 in
2459 2095 2718 2164 sanguine
2747 2110 2880 2159 meo,
2917 2095 3007 2163 qui
3032 2107 3126 2163 pro
3158 2092 3296 2144 vobis
3335 2090 3498 2160 enim-

1920 2181 2093 2236 detur.
2130 2182 2361 2248 Quidam
2391 2200 2525 2239 vero
2554 2185 2659 2239 hoc
2688 2185 2843 2238 aiunt
2876 2183 3118 2239 secunda
3149 2181 3270 2236 vice
3294 2180 3494 2235 factum

234 2275 424 2341 tuisse,
477 2276 634 2346 juxta
673 2292 812 2348 quos
852 2280 1032 2349 primo
1092 2278 1318 2333 calicem
1380 2274 1615 2346 accepit,
1661 2272 1908 2342 actisque
1953 2274 2164 2343 gratiis,
2210 2275 2395 2329 dixit:
2448 2276 2679 2346 Accipite
2721 2284 2772 2328 et
2844 2275 3134 2330 distribuite
3198 2275 3336 2329 inter
3370 2288 3495 2338 vos;

232 2370 475 2427 secundo
506 2381 628 2440 post
656 2373 1125 2428 consecrationem
1156 2371 1333 2441 panis,
1365 2384 1632 2440 omnaque
1658 2368 1771 2439 jam
1805 2366 1947 2422 facta
1979 2367 2119 2423 dixit
2146 2386 2161 2420 :
2192 2368 2288 2423 Hic
2316 2370 2478 2433 calix,
2514 2378 2625 2423 etc.

303 2465 491 2536 Σιωπᾷ
509 2466 565 2520 δὲ
582 2466 740 2531 αὐτὸς
754 2469 773 2539 (
789 2465 1064 2538 Ἰωάννης)
1083 2466 1261 2537 μόνος,
1277 2466 1465 2527 αὐταῖς
1480 2464 1752 2527 λέξεσι,πε
1761 2461 1814 2531 pl.

233 2557 332 2626 τὴν
351 2555 444 2610 τοῦ
472 2558 769 2628 μυστηρίου
790 2558 1089 2629 παράδοσιν
1110 2575 1166 2612 κ.
1183 2575 1232 2613 τ.
1251 2557 1300 2612 λ.
1327 2557 1438 2627 Οὐχ
1461 2555 1651 2628 (ὅμως)
1675 2555 1814 2609 ἀπα-

237 2649 583 2720 ρασήμαντον
601 2649 778 2719 ἀφῆκε
798 2650 888 2703 τδν
907 2651 1034 2721 περὶ
1050 2650 1143 2703 τοῦ
1164 2649 1464 2723 μυστηρίου
1481 2648 1660 2716 λόγον,
1678 2645 1814 2711 ἀλλᾶ

232 2738 642 2809 διηγηματικῶς
656 2740 788 2792 αὐτὸ
812 2740 961 2809 λέγει
982 2741 1229 2812 εἰρῆσθαι
1247 2741 1399 2809 παρὰ
1422 2739 1513 2793 τοῦ
1540 2739 1810 2809 Σωτῆρος·

247 2827 393 2898 Ἐγώ
424 2831 541 2898 ειμι
578 2834 613 2884 ό
643 2831 824 2899 ἄρτος
852 2833 962 2900 τῆς
994 2830 1142 2899 ζωῆς
1161 2847 1175 2861 ·
1209 2834 1303 2885 καὶ⁸
1329 2830 1492 2885 πάλιν
1512 2846 1528 2863 ο
1566 2829 1707 2884 Ἐάν
1725 2848 1813 2895 τις

233 2918 395 2987 φάγῃ
416 2919 485 2972 ἐκ
506 2920 611 2975 τού
624 2937 731 2975 του
756 2921 867 2976 τοῦ
882 2921 1087 2991 ἄρτου,
1109 2920 1349 2989 ζήσεται
1366 2925 1453 2988 είς
1472 2922 1580 2975 τὸν
1596 2919 1808 2974 αἰῶνα·

235 3012 269 3063 ὀ
296 3009 365 3063 δὲ
392 3010 569 3079 ἄρτος
599 3012 671 3065 ὃν
721 3011 837 3081 ἐγὼ
882 3012 1074 3077 δώσω,
1109 3014 1148 3082 ἡ
1186 3012 1345 3081 σάρξ
1368 3012 1485 3080 μού
1510 3012 1700 3074 ἐστιν,
1735 3009 1813 3077 ἣν

233 3100 349 3170 ἐγὼ
386 3101 558 3156 δώσω
580 3103 733 3172 ὑπὲρ
759 3102 868 3171 τῆς
893 3104 1001 3158 τοῦ
1020 3104 1253 3175 κόσμου
1274 3102 1423 3173 ζωῆς
1440 3118 1456 3135 ο
1488 3103 1583 3157 καὶ
1611 3101 1772 3156 πάλιν
1797 3117 1810 3129 ·

183 3216 186 3218 ν
248 3190 321 3244 Ἢ
338 3191 448 3261 γὰρ
470 3192 628 3263 σάρξ
640 3211 760 3263 μου
773 3195 1009 3264 ἀληθής
1030 3196 1160 3249 ἐστι
1180 3194 1434 3264 βρῶσις.
1467 3193 1571 3248 Καὶ
1588 3192 1653 3246 τὸ
1673 3188 1814 3261 αἷμά

233 3297 371 3350 μου,
393 3283 627 3351 ἀληθής
669 3286 799 3339 ἐστι
831 3286 1030 3352 πόσις.
1059 3286 1258 3339 Deinde
1302 3286 1359 3339 in
1387 3285 1761 3339 mmmentario
1793 3299 1811 3336 :
1837 3269 1879 3324 ο

237 3373 346 3443 Τὴν
384 3375 564 3444 σάρκα
594 3376 786 3429 ἑαυτοῦ
831 3360 995 3446 ἄρτον
1044 3377 1202 3430 καλεῖ
1232 3377 1322 3430 διὰ
1357 3376 1417 3429 τὸ
1443 3373 1721 3429 ἐσθίεσθαι
1754 3376 1811 3426 ἐν

238 3466 349 3526 τοῖς
381 3467 681 3534 μυστικοῖς,
729 3477 836 3521 etc.
880 3468 970 3538 Μὴ
999 3465 1093 3520 οὖν
1140 3470 1250 3530 τοῖς
1284 3468 1567 3538 σαρκικοῖς
1606 3463 1811 3532 ὀφθαλ-

244 3557 358 3625 μοῖς
375 3557 537 3626 ὁρᾶτε
553 3558 652 3622 τὰς
676 3558 966 3629 δεδομένας
990 3559 1122 3629 παρ’
1142 3558 1276 3629 ἐμοῦ
1302 3559 1526 3628 τροφὰς,
1545 3555 1681 3609 ἀλλὰ
1701 3558 1813 3616 τοῖς

241 3650 447 3715 νοητοῖς
466 3666 480 3679 ⁸
516 3651 550 3720 ἡ
579 3649 688 3721 γὰρ
711 3650 847 3721 σὰρξ
867 3651 961 3704 τοῦ
984 3651 1158 3719 Λόγου
1184 3650 1473 3722 ὑπερπηδᾷ
1495 3649 1669 3702 πάντα
1688 3646 1778 3699 νοῦ
1796 3664 1812 3697 ι

240 3737 332 3790 καὶ
361 3737 538 3807 λόγον.

310 3936 331 3966 ⁵
372 3934 528 3991 Joan.
558 3952 633 4004 Vl,
663 3937 752 3992 55.
826 3938 848 3970 ⁷
880 3937 1018 3993 ibid.
1177 3936 1266 3994 52.
1344 3939 1363 3970 ⁸
1398 3937 1534 3993 ibid.
1566 3939 1653 3993 56.

242 4126 1747 4158 Mm

1781 4145 1869 4154 -.ι-

1988 2461 2051 2515 In
2103 2471 2414 2532 argumento
2448 2464 2519 2514 ad
2560 2462 2784 2516 Joannis
2829 2456 3492 2530 Evangelium.-—-Solus,

1918 2553 2062 2608 inter
2084 2554 2467 2624 evangelistas,
2500 2568 2610 2607 non
2643 2553 2776 2622 ipsis
2802 2552 2986 2606 verbis
3012 2549 3282 2605 describit
3310 2564 3493 2604 sacra-

1917 2645 2087 2700 menti
2123 2645 2493 2711 traditionem,
2521 2653 2629 2700 etc.
2665 2645 2784 2699 Non
2818 2655 2997 2698 tamen
3034 2643 3142 2697 hoc
3172 2642 3494 2713 mysterium

1920 2745 2150 2791 tractare
2182 2737 2397 2803 omisit;
2433 2737 2528 2791 sed
2574 2737 2688 2791 hare
2721 2734 3063 2789 Salvatorcm
3103 2734 3159 2788 in
3193 2733 3493 2802 expositio-

1915 2828 2003 2881 nis
2039 2827 2267 2882 formam
2312 2827 2512 2882 dixisse
2546 2827 2713 2881 refert
2744 2844 2757 2880 :
2788 2826 2899 2896 Ego
2927 2843 3044 2878 sum
3077 2826 3232 2894 panis
3285 2824 3405 2877 vita
3440 2824 3491 2889 ‘;

1915 2908 1968 2973 et
2000 2919 2201 2973 iterum
2240 2937 2252 2971 :
2284 2917 2341 2973 Si
2372 2920 2487 2990 quis
2524 2919 2917 2973 manducauerit
2949 2918 3015 2979 de
3051 2918 3144 2970 hoc
3175 2931 3329 2985 pane,
3362 2915 3495 2967 vivet

1916 3010 1969 3061 in
2001 3018 2297 3073 aeternum;
2325 3009 2478 3078 panis
2510 3019 2687 3061 autem
2724 3024 2875 3074 quem
2907 3023 2998 3075 ego
3026 3005 3181 3067 dabo,
3209 3019 3335 3056 caro
3374 3017 3493 3055 mea

1916 3109 2013 3164 est,
2059 3118 2216 3170 quam
2254 3117 2346 3171 ego
2377 3100 2510 3154 dabo
2543 3115 2638 3169 pro
2680 3099 2862 3151 mundi
2896 3100 3001 3150 vita
3033 3098 3083 3162 ';
3142 3103 3199 3149 et
3241 3093 3440 3148 iterum
3474 3110 3489 3146 :

1918 3191 2054 3245 Caro
2099 3209 2215 3246 mea
2250 3208 2364 3246 vere
2408 3202 2480 3244 est
2526 3191 2689 3255 cibus,
2737 3197 2785 3241 et
2830 3189 3048 3258 sanguis
3088 3203 3232 3240 meus
3261 3201 3378 3239 vere
3416 3190 3493 3238 est

1916 3291 2067 3368 potus
2105 3282 2148 3336 ⁸.
2170 3311 2237 3325 -
2257 3282 2455 3335 Deinde
2498 3283 2553 3335 in
2596 3281 2975 3335 commentario
3001 3294 3021 3333 :
3071 3278 3306 3333 Carnem
3336 3291 3492 3331 suam

1915 3388 2109 3442 panem
2149 3382 2309 3428 vocat
2350 3374 2482 3444 quia
2531 3373 2587 3427 in
2636 3372 2909 3444 mysteriis
2952 3370 3340 3431 manducatur,
3378 3375 3489 3422 etc.

1914 3464 2033 3518 Non
2077 3463 2245 3535 igitur
2280 3465 2593 3519 carnalibus
2634 3464 2829 3529 oculis,
2872 3462 2967 3516 sed
3004 3457 3487 3522 intellectualibus,
3596 3514 3603 3520 ,

1914 3555 2099 3608 cibum
2141 3571 2305 3625 quem
2336 3571 2436 3626 ego
2482 3554 2736 3624 impertio
2768 3552 3113 3608 considerate
3140 3568 3153 3605 :
3180 3565 3309 3605 caro
3341 3548 3490 3603 enim

1915 3647 2081 3703 Verbi
2135 3662 2296 3703 omne
2362 3648 2591 3703 verbum
2635 3659 2964 3716 omnemque
3012 3643 3349 3698 intellectum
3393 3656 3489 3695 su-

1891 3745 2091 3819 χρεῖοι.

1774 4120 3468 4148 2m

1250 4298 1593 4386 PETRI
1699 4234 2492 4387 LAODICENSIS

1030 4468 1433 4580 EXPdSITIO
1488 4513 1569 4577 IN
1636 4517 2088 4580 ORATIONEM
2126 4516 2688 4584 DOMINICAMUI-

1327 4666 1604 4741 (Biblioth.
1647 4665 1876 4723 Patrum
1911 4676 1954 4723 t.
1993 4667 2108 4735 Xll,
2150 4685 2205 4740 p.
2237 4668 2392 4740 232.)

708 4972 898 5042 Πάτερ
933 4974 1102 5044 ἡμῶν
1130 4974 1229 5047 (ε).

310 5064 442 5118 Τότε
470 5063 658 5134 Πατὴρ
686 5066 718 5133 ἡ
730 5062 843 5132 μῶν
880 5067 908 5116 ὁ
940 5065 1073 5128 Θεὸς
1107 5064 1436 5136 χρηματίζει
1462 5066 1546 5120 ὅτι
1591 5064 1678 5118 διὰ
1708 5063 1808 5133 τῆς

240 5152 332 5205 τοῦ
356 5153 672 5222 Πνεύματος
716 5154 1109 5222 ὲπιφοιτήσεως
1136 5154 1236 5224 τῆς
1267 5156 1538 5235 υἱοθεσίας
1566 5152 1810 5217 ἀξιωθῶ-

243 5259 342 5313 μεν
361 5260 375 5273 ⁶
399 5246 428 5297 ό
448 5246 557 5314 γὰρ
589 5245 806 5314 Πατέρα
833 5245 1010 5297 καλῶν
1054 5244 1144 5298 τὸν
1168 5245 1300 5299 Θεὸν
1337 5246 1539 5315 ὀφείλει
1579 5245 1813 5315 καθαρὸς

314 5379 390 5447 (l)
421 5380 597 5449 Hujus
617 5380 868 5448 opusculi
911 5387 1091 5449 textus
1120 5379 1344 5449 Graecus
1383 5380 1710 5448 desumptus
1731 5389 1816 5435 est

243 5464 311 5505 ex
330 5448 646 5519 Appendice
676 5457 819 5519 tom.
849 5449 869 5502 Ι
913 5448 1167 5519 Origenis
1212 5448 1452 5519 Opernm
1505 5450 1642 5504 edit.
1670 5449 1819 5503 iliau-

1835 4986 1889 5046 D

2294 4966 2459 5020 Pater
2486 4974 2682 5032 noster,
2711 4967 2801 5036 qui
2823 4967 2945 5019 eain
2974 4964 3134 5020 caelis.

1987 5060 2141 5115 Tunc
2166 5058 2390 5115 demum
2422 5072 2482 5113 se
2517 5058 2664 5113 Deus
2690 5058 2906 5112 Patrem
2930 5067 3180 5111 nostrum
3210 5055 3317 5111 dici
3350 5055 3484 5122 vult,

1917 5168 2041 5208 cum
2084 5150 2325 5222 Spiritus
2383 5157 2603 5204 sanctus
2649 5147 2970 5211 adveniens,
3010 5146 3214 5202 Christi
3264 5163 3367 5201 nos
3396 5147 3490 5201 ad-

1919 5244 2142 5312 optione
2173 5245 2452 5316 dignatur.
2473 5239 2736 5310 Quisquis
2763 5241 2912 5296 enim
2946 5239 3119 5294 Deum
3147 5239 3363 5294 Patrem
3395 5253 3490 5292 vo-

1988 5380 2063 5450 (ἓ)
2087 5382 2213 5450 llgec
2228 5380 2434 5437 scholia
2458 5394 2488 5450 e
2522 5377 2926 5450 codiceltalico
2956 5374 3250 5450 descripta,
3278 5372 3489 5450 primus

1916 5444 2236 5505 ediditFed.
2282 5449 2543 5504 Morellus
2568 5463 2657 5502 an.
2706 5447 2832 5502 1601
2861 5464 2876 5505 ;
2923 5444 3125 5514 quibus
3155 5452 3215 5495 ut
3248 5444 3485 5514 pretium

246 5512 502 5589 ri_n.pag.
527 5517 651 5589 999,
684 5517 778 5571 ubi
812 5512 1135 5589 inscribitur
1159 5512 1391 5589 subhoc
1421 5519 1620 5573 titulo:
1660 5520 1818 5572 Ἀνω·
1917 5530 2222 5589 arrogaret,
2251 5533 2352 5589 pro
2396 5517 2635 5589 Origenis
2676 5521 2758 5589 vel
2813 5512 3033 5589 attefius
3080 5512 3302 5566 doctoris
3341 5525 3486 5589 fro-[-

244 5586 414 5668 νιξμου
445 5586 656 5668 ςσχόλια
689 5589 767 5666 είς
794 5587 958 5658 εὐχὴν
979 5588 1474 5668 .lfuptaxj'LEmT.
1502 5588 1647 5668 Petri
1681 5589 1820 5668 Lao-

244 5655 769 5726 dicensis’episcopi
804 5655 1161 5727 ospesitio'in
1192 5655 1511 5713 Orationem
1573 5658 1818 5713 Domini-

250 5740 389 5781 C3111.

1918 5577 2112 5659 χρόνῖω
2130 5577 2519 5659 fetu-habenda
2545 5587 2780 5659 censuit.
2806 5587 2875 5659 At
2895 5585 2971 5659 illi
2994 5596 3193 5655 parum
3224 5577 3505 5659 credulus-

1974 5658 2157 5711 uetius
2181 5658 2237 5711 in
2261 5657 2572 5726 Origenian.
2610 5656 2890 5726 inferioris
2922 5655 3108 5726 longe
3137 5655 3239 5704 aevi
3273 5655 3488 5726 parenti

1922 5741 1983 5781 ea
2018 5726 2312 5795 adjudicat,
2347 5722 2511 5782 Petro
2548 5727 2760 5782 scilicet
2789 5722 3111 5781 Laodicensi
3163 5722 3485 5789 septimi,ut
