4034 6434
444 398 587 469 ’1771

1691 414 2002 476 LEONTII
2043 417 2457 481 BYZANTINI

3568 422 3720 491 κί’-772

451 513 520 567 de
551 521 752 567 caetero
776 529 884 568 non
911 514 1187 581 admittit;
1217 516 1362 585 quod
1387 517 1534 572 enim
1560 517 1617 571 ﬁt
1641 535 1834 582 unum,
1866 529 2023 574 restal

2135 522 2328 575 δεῖταιο
2370 525 2400 594 ἢ
2449 520 2544 578 οῦν
2573 525 2784 593 ψευδῶς
2821 527 2879 579 ἓν
2923 525 3059 582 εῖναι
3093 531 3272 602 πάντη
3305 534 3426 588 καθ’
3458 537 3485 590 ὃ
3513 540 3717 607 ἥνωται

451 604 599 676 quod
667 605 1005 662 adunatione
1074 623 1180 662 non
1242 609 1481 679 ligatur,
1540 619 1636 663 aut
1693 625 1826 676 ergo
1891 609 2074 663 falso‘

2136 613 2203 665 τὰ
2240 613 2334 666 δύο
2364 616 2580 685 εἴρηται
2635 617 2836 681 αὐτοῖς·
2882 621 2912 690 ἦ
2962 621 3062 674 οὐκ
3105 622 3324 694 ἀληθῶς
3372 626 3622 682 ἑνοῦσθαι
3650 635 3718 684 τὰ

451 712 626 751 unum
678 713 802 753 esse
849 700 1076 754 omnino
1117 701 1272 770 juxta
1303 700 1452 770 quod
1493 701 1733 755 adunata
1771 709 1899 754 sunt
1941 701 2023 754 illa

2132 703 2234 756 δύο
2265 705 2390 758 καθ’
2413 706 2441 758 ὃ
2475 707 2575 777 ήδη
2622 709 2912 776 γεγόνασιν
2951 711 3029 776 ἓν,
3065 713 3411 786 λεχθήσεταιο
3453 719 3592 774 ῶστε
3621 741 3718 775 κα-

450 788 583 852 duo,
626 789 844 843 dicatur
890 791 960 844 ab
991 790 1160 859 ipsus;
1195 800 1291 845 aut
1321 807 1430 845 non
1471 808 1602 846 vere
1651 791 1884 846 adunari
1919 790 2032 846 duo

450 879 758 934 secundum
793 881 939 950 quod
964 881 1332 950 jam'fuerunt
1359 895 1535 937 unum
1568 882 1808 937 dicetur.
1836 881 2030 951 Itaque

449 971 590 1026 bene
623 972 894 1035 dicimus,
924 973 970 1026 si
1001 973 1235 1028 duarum
1268 984 1591 1030 naturarum
1621 984 1707 1029 est
1737 973 2026 1039 adunatio,

449 1077 617 1117 unam
643 1078 762 1118 esse
790 1064 978 1133 potius
1008 1065 1344 1137 hypostasim
1367 1107 1380 1131 ,
1414 1083 1523 1120 non
1554 1067 1702 1121 enim
1733 1072 2025 1130 naturam;

2132 793 2239 857 λῶς
2268 813 2451 866 φαμεν
2485 799 2531 850 τί
2567 797 2660 852 δύο
2682 799 2896 868 φύσεών
2924 804 3072 857 ἐστιν
3096 805 3128 876 ἡ
3155 805 3370 872 ἓνωσις,
3401 811 3534 879 μίαν
3571 808 3716 866 εἶναι

2135 885 2340 955 μᾶλλον
2361 887 2459 958 τὴν
2490 889 2810 943 ὑπόστασιν·
2844 893 2964 948 οὐδὲ
2993 896 3102 967 γὰρ
3133 895 3232 968 τὴν
3275 899 3458 966 φύσιν·
3484 902 3576 957 δύο
3612 905 3718 974 γὰρ

2131 975 2276 1029 κατὰ
2320 977 2484 1047 φύσιν
2528 980 2599 1032 τὰ
2645 981 2948 1052 ὲνούμενα,
2997 984 3073 1050 ὡς
3110 987 3398 1059 ἐνούμενα’
3430 990 3489 1044 ἒν
3521 993 3580 1046 δὲ
3618 995 3718 1064 τὴν

2130 1065 2451 1132 ὑπόστασιν,
2490 1069 2567 1132 ῶς
2605 1071 2880 1141 ἡνωμένα.

447 1172 576 1210 nam
627 1157 738 1211 duo
779 1158 1081 1212 secundum
1119 1167 1371 1213 naturam
1419 1160 1682 1225 adunata,
1716 1161 1862 1215 sicut
1900 1173 2024 1228 quae
2063 1156 2420 1226 adunantur;
2487 1177 2656 1216 unum
2694 1179 2828 1218 vero
2891 1165 3198 1221 secundum
3237 1168 3600 1238 hypostasim,
3636 1169 3715 1224 si-

447 1257 544 1304 cut
570 1265 692 1319 qua:
715 1249 953 1303 adunata
983 1249 1228 1305 fuerunt.

517 1340 570 1394 ὁ.
612 1340 785 1395 Omne
815 1357 882 1395 ex
921 1342 1175 1410 partibus
1210 1359 1320 1396 non
1349 1343 1599 1413 ejusdem
1633 1353 1846 1400 natura:
1874 1357 2026 1399 eom-

446 1433 692 1502 positum
724 1442 902 1488 totum
941 1435 1079 1490 alius
1105 1437 1346 1493 nominis
1373 1437 1484 1492 erit
1507 1439 1733 1492 relative
1761 1439 1827 1492 ad
1854 1439 2027 1509 ipsius

447 1525 680 1580 formam
704 1542 720 1591 ;
749 1542 1094 1597 unaquaeque
1120 1529 1390 1583 naturalis
1410 1529 1580 1583 forma
1605 1530 1847 1599 partium
1868 1530 2021 1600 ejus;

448 1630 576 1668 nam
617 1631 719 1670 nec
768 1615 1102 1686 simpliciter
1147 1633 1391 1686 corpus,
1435 1633 1539 1672 nec
1585 1626 1796 1672 tantum
1839 1619 2024 1673 anima

437 1707 614 1761 homo
647 1707 946 1774 diceretur,
975 1709 1240 1763 naturalis
1267 1709 1459 1763 forma:
1488 1709 1734 1775 ratione;
1767 1724 1869 1763 nec
1898 1724 2025 1764 cor-

446 1813 553 1866 pus
585 1805 640 1850 et
679 1797 884 1851 anima.
929 1797 1176 1868 Namque
1211 1799 1448 1853 mortale
1492 1799 1547 1853 in
1589 1808 1791 1853 neutra
1825 1799 2024 1853 horum

2204 1340 2273 1394 δ’.
2304 1344 2418 1396 Πᾶν
2457 1342 2517 1408 ἐξ
2545 1345 2964 1418 ἁνομοιομερῶν
2994 1350 3250 1405 συντεθὲν
3275 1351 3419 1418 ὅλον,
3450 1353 3714 1424 ἑτερὼνυ·

2135 1450 2235 1504 μον
2264 1432 2377 1498 ’ἐξει
2411 1436 2549 1506 πρὸς
2583 1436 2646 1490 τὺ
2673 1438 2869 1492 ἑαυτοῦ
2899 1437 3060 1505 είδος·
3087 1443 3351 1514 ἑκάτερον
3383 1441 3523 1508 εἶδος
3554 1463 3714 1514 φυσιι

2131 1525 2228 1579 κὸν
2256 1527 2365 1581 τῶν
2389 1528 2585 1582 ἑαυτοῦ
2629 1531 2837 1602 μερῶν·
2873 1531 2996 1586 οὔτε
3037 1534 3138 1605 γὰρ
3168 1535 3354 1600 ἁπλῶς
3380 1537 3558 1608 σῶμα,
3589 1535 3713 1590 οὔτε

2135 1618 2310 1687 μόνως
2361 1621 2508 1692 ψυχὴ
2558 1623 2587 1675 ό
2640 1623 2928 1694 ἄνθρωπος
2979 1625 3218 1694 λέγοιτο,
3273 1628 3505 1697 φυσικοῦ
3537 1629 3713 1690 εἴδους

2131 1709 2300 1781 λόγῳ·
2325 1711 2450 1764 οὔτε
2477 1713 2637 1783 σῶμα
2669 1715 2764 1768 καὶ
2796 1715 2962 1787 ψυχή·
2998 1717 3059 1770 τὸ
3085 1717 3194 1788 γὰρ
3226 1719 3441 1789 θνητὸν,
3469 1721 3526 1773 ὲν
3560 1720 3711 1774 υύδευ

2130 1801 2275 1872 τέρῳ
2304 1802 2474 1855 τῶνδε
2513 1804 2668 1868 εῖδει,
2724 1807 2789 1858 ὲν
2819 1807 2875 1860 δὲ
2908 1807 2986 1878 τῷ
3014 1808 3292 1881 ἀνθρώπῳ
3320 1813 3525 1882 σαφῶς·
3553 1814 3586 1884 ἢ
3617 1811 3712 1867 οῦν

436 1887 647 1951 forma,
695 1888 752 1942 in
798 1887 1026 1941 homine
1074 1903 1208 1941 vero
1253 1888 1582 1952 evidenter;
1620 1897 1716 1941 aut
1756 1902 1890 1958 ergo
1924 1902 2023 1942 nec

2129 1866 2258 1946 οὔτε
2283 1893 2417 1958 Θεὸς
2470 1894 2596 1948 οὔτε
2624 1866 2935 1968 ἄνθρωπος,
2957 1866 3096 1952 ὀὔτε
3123 1866 3275 1964 ⁸Θεὸς
3298 1866 3706 1974 καὶιᾶνθρῶπω

439 1975 594 2031 Deus
646 1992 751 2032 nec
791 1977 982 2038 homo,
1015 1993 1117 2031 nec
1145 1979 1290 2032 Deus
1325 1987 1378 2032 et
1414 1980 1580 2033 homo
1617 1995 1724 2033 una
1747 2020 1760 2044 ,
1788 1979 1886 2034 sed
1918 1979 2026 2034 alia

447 2068 694 2137 quaedam
741 2067 912 2122 forma
967 2071 1242 2123 naturalis
1293 2070 1590 2136 Christus;
1637 2080 1693 2126 et
1737 2087 1836 2126 cur
1866 2071 2022 2136 illud,

447 2159 673 2224 dicant;
724 2160 769 2212 si
811 2159 1003 2214 eadem
1037 2161 1324 2216 amborum
1361 2178 1428 2216 ex
1467 2163 1668 2232 quibus
1695 2163 2024 2234 compositio

445 2259 531 2306 est
567 2251 619 2304 iu
655 2251 948 2317 omnibus,
982 2262 1038 2306 et
1062 2253 1358 2322 compositi
1395 2263 1483 2309 est
1506 2254 1715 2320 forma,
1743 2256 2026 2324 quomodo

448 2358 556 2396 non
597 2351 653 2396 et
678 2343 928 2413 ejusdem
973 2345 1192 2398 numeri
1245 2345 1355 2398 erit
1401 2361 1464 2399 ac
1505 2345 1671 2399 ambo
1715 2346 2023 2401 secundum

447 2436 757 2489 naturalem
787 2450 1100 2491 sermonem
1120 2433 1154 2489 *ἶ

516 2528 631 2583 5.Si
660 2545 766 2582 una
790 2537 1008 2594 natura,
1030 2529 1800 2603 sicrgoetsubsistentiapost
1820 2533 2027 2589 aduna-

453 2621 659 2674 tionem
705 2619 980 2682 Christus,
997 2636 1166 2674 unum
1181 2633 1236 2675 et
1251 2621 1470 2676 initium
1492 2622 1667 2693 ipsius
1685 2627 2018 2681 exsistendi:

445 2729 572 2766 nam
611 2712 722 2766 duo
768 2711 923 2764 initia
964 2711 1214 2781 ejusdem
1246 2713 1619 2770 subsistentia:
1647 2724 1705 2770 et
1734 2726 1950 2773 natura:
1993 2735 2023 2772 a

443 2819 557 2872 quo
586 2812 767 2856 ortum
795 2801 898 2856 fuit
937 2810 993 2856 et
1031 2811 1138 2865 est,
1169 2804 1557 2874 impossibilia.
1591 2807 1840 2878 Namque
1885 2809 2020 2862 illud

446 2895 835 2950 e'xsistentiam
855 2895 1106 2948 essentia‘
1121 2881 1503 2961 manifestans,
1519 2900 1742 2967 quando
1753 2899 1894 2954 facta
1906 2909 2022 2965 est,

448 2996 580 3041 tunc
600 2986 810 3040 exsistit
847 3002 861 3050 ;
889 2983 1110 3040 initium
1125 3001 1256 3056 ergo
1273 2989 1574 3056 exsistendi
1602 2989 2024 3061 hanccomposi-

445 3091 554 3135 tam
585 3089 858 3144 naturam,
889 3079 1116 3148 quando
1140 3086 1196 3132 et
1220 3079 1547 3148 quomodo?
1577 3080 1866 3150 Siquidem
1893 3093 2020 3136 ante

444 3172 862 3236 adunationem,
895 3186 1006 3224 non
1042 3179 1271 3239 propter
1295 3169 1692 3225 adunationem
1722 3188 1828 3226 una
1865 3172 2018 3226 dice-
2049 3201 2089 3255 α

445 3272 620 3328 retur,
649 3262 934 3317 evidenter
963 3269 1084 3316 erat
1115 3261 1262 3315 enim
1289 3270 1425 3336 Dante
1467 3262 1861 3318 adunationem
1891 3280 2017 3329 una,

443 3369 549 3412 nec
578 3354 911 3410 adunatione
933 3368 1072 3423 opus
1095 3363 1216 3408 erat
1246 3362 1306 3406 ut
1331 3353 1447 3424 ipsa
1469 3363 1618 3408 esset
1645 3371 1773 3410 una.
1801 3355 1856 3410 Si
1885 3371 2019 3410 vero

443 3462 476 3506 ε
543 3447 769 3518 ρι-ωίοιο
817 3445 1157 3500 adunatione
1215 3445 1395 3516 ipsius
1442 3446 1687 3512 initium,
1741 3447 2021 3517 quomodo

445 3543 715 3592 aeternum
754 3534 936 3589 adhuc
951 3542 1007 3587 et
1043 3541 1172 3588 ante
1203 3535 1405 3590 saecula
1439 3545 1493 3590 et
1515 3536 1760 3590 divinam
1789 3537 2021 3592 conﬁtc-

443 3627 630 3684 bimur
660 3628 831 3691 illam,
853 3640 975 3696 quae
1003 3624 1236 3696 Augusti
1261 3626 1608 3697 temporibus
1627 3628 1782 3682 venit
1801 3627 1868 3682 ad
1897 3644 2018 3684 esse

396 3750 404 3761 -
443 3718 740 3776 naturam?

515 3811 570 3866 6.
617 3809 813 3865 Omnis
855 3809 1121 3864 adunatio
1156 3811 1212 3866 in
1253 3819 1509 3866 naturam
1551 3812 1843 3882 quamdam
1889 3830 2022 3869 eon—

444 3912 716 3957 summata
759 3910 816 3956 et
841 3910 1088 3972 Spectata
1112 3943 1125 3966 ,
1160 3917 1218 3958 se
1243 3903 1486 3957 ostendit
1523 3905 1772 3974 quzedam
1813 3905 2020 3959 haben~

445 4005 591 4060 tem,
630 4009 752 4064 quae
790 3993 1156 4047 adunatarum
1199 4001 1524 4048 naturarum
1567 3996 1719 4049 nulla
1755 3995 1813 4049 in
1839 3995 2020 4064 seipsa

445 4084 692 4155 possidet
722 4103 734 4136 :
767 4083 971 4138 etenim
1010 4099 1113 4138 nec
1145 4085 1339 4138 anima:
1398 4099 1504 4138 nec
1534 4085 1787 4154 corporis
1821 4095 2018 4139 natura

444 4191 545 4246 per
575 4187 633 4229 se
662 4174 834 4243 ipsam
862 4189 1104 4242 unquam
1143 4173 1350 4238 esurit,
1385 4183 1478 4228 aut
1511 4174 1661 4236 sitit,
1698 4161 1794 4228 aut
1828 4174 2020 4228 horro-

443 4281 584 4330 rem,
620 4273 714 4318 aut
742 4263 979 4318 calorem
1002 4262 1304 4332 experitur,
1327 4273 1422 4317 aut
1454 4264 1680 4328 dormit,
1712 4273 1807 4318 aut
1830 4252 2019 4319 move-

446 4367 558 4422 tur,
590 4364 686 4409 aut
715 4354 857 4408 ridet
881 4361 975 4408 aut
1007 4353 1208 4422 plorat,
1235 4363 1330 4407 aut
1365 4353 1700 4423 simpliciter
1727 4356 2015 4410 sensibilia

445 4447 636 4512 sentit,
673 4447 745 4500 ita
786 4453 847 4499 ut
880 4459 984 4499 nee
1018 4443 1149 4498 tibia
1187 4445 1510 4514 separatim,
1547 4460 1651 4500 nec
1683 4445 1887 4501 tibicen
1916 4463 2016 4516 per

2128 1985 2265 2054 ἅμα,
2307 1986 2422 2038 ἁλλ’
2447 1987 2638 2058 ἔτερόν
2670 2006 2722 2041 τι
2751 1986 2893 2054 εἶδος
2924 1993 3154 2060 φυσικὸν
3181 1995 3210 2048 ό
3241 1995 3495 2062 Χριστός·
3535 1997 3628 2050 καὶ
3658 1997 3710 2050 τί

2126 2078 2306 2142 τοῦτο,
2343 2079 2675 2148 λεγέτωσανο
2713 2084 2761 2134 εἰ
2809 2083 3055 2153 ὁμοειδὲς
3105 2086 3312 2155 ἀμφοῖν
3353 2091 3470 2152 τοῖς
3519 2106 3707 2142 συντε-

2127 2171 2270 2224 θείσι
2309 2172 2451 2226 κατὰ
2489 2174 2668 2227 πάντα
2713 2175 2775 2226 τὸ
2809 2173 2902 2227 τοῦ
2945 2175 3205 2231 συνθέτου
3248 2173 3409 2244 εἷδος,
3443 2181 3560 2243 πῶς
3584 2181 3708 2249 οὐχὶ

2127 2264 2221 2316 καὶ
2248 2263 2538 2334 ἰσάριθμον
2565 2263 2720 2317 ἔσται
2752 2265 2938 2329 αὐτοῖς
2969 2266 3110 2320 κατὰ
3141 2268 3234 2321 τὸν
3252 2271 3482 2338 φυσικὸν
3512 2269 3702 2339 λόγους

2196 2521 2258 2577 ε’.
2297 2524 2358 2577 Εί
2395 2524 2494 2594 μία
2518 2523 2700 2592 φύσις,
2738 2527 2792 2579 εἴ
2812 2525 2860 2578 τ’
2884 2521 2978 2581 οῦν
3006 2527 3185 2592 οὐσία,
3221 2529 3360 2598 μετὰ
3387 2530 3486 2598 τὴν
3513 2529 3707 2582 ἕνωσιν

2125 2608 2153 2665 ό
2189 2613 2443 2684 Χριστὸς,
2509 2614 2609 2683 μία
2659 2617 2754 2669 καὶ
2795 2617 2828 2688 ή
2863 2617 3068 2690 ταύτης
3101 2609 3250 2690 ’ἀρχὴ
3289 2619 3383 2673 τοῦ
3421 2617 3580 2675 εἶναι·
3613 2621 3708 2675 δύο

2125 2704 2234 2775 γὰρ
2269 2705 2441 2775 ἀρχὰς
2471 2706 2570 2775 τῆς
2626 2707 2796 2777 αὐτῆς
2848 2709 3038 2773 οὐσίας
3095 2711 3191 2763 καὶ
3245 2707 3482 2779 φύσεως,
3530 2712 3700 2781 ἤγουν

2124 2797 2218 2866 ἀφ’
2245 2791 2307 2849 οῦ
2357 2797 2572 2865 πέφυκε
2621 2799 2716 2851 καὶ
2759 2799 3017 2872 ὑπάρχει,
3068 2797 3212 2854 εἶναι
3255 2802 3536 2856 ἀδύνατον*
3573 2803 3706 2856 αὐτὸ

2125 2887 2234 2956 γὰρ
2263 2889 2420 2940 τοῦτο
2445 2888 2543 2956 τὴν
2569 2887 2802 2959 ὕπαρξιν
2828 2891 2860 2959 ἡ
2894 2890 3054 2943 οὐσία
3092 2889 3346 2962 δηλοῦσα,
3373 2891 3462 2946 ὅτε
3487 2880 3706 2966 γέγονε,

2128 2981 2247 3032 τότε
2283 2979 2378 3031 καὶ
2403 2980 2661 3056 ύπὰρχευ
2696 2982 2730 3052 ἡ
2764 2977 2856 3034 οῦν
2898 2984 3044 3054 ἀρχὴ
3079 2986 3173 3036 τοῦ
3205 2979 3346 3038 εἶναι
3370 2985 3576 3056 ταύτης
3607 2987 3707 3053 τῆς

2126 3070 2386 3123 συνθέτου
2414 3070 2652 3140 φύσεως,
2692 3073 2823 3126 πότε
2851 3091 2910 3126 τε
2935 3075 3030 3127 καὶ
3056 3076 3232 3141 omne;
3258 3078 3306 3128 εί
3336 3077 3433 3146 μὲν
3462 3077 3571 3146 γὰρ
3599 3077 3703 3146 προ

2123 3163 2220 3232 τῆς
2252 3161 2520 3226 ὲνώσεως,
2561 3162 2621 3214 οὐ
2653 3163 2863 3233 διὰ-τὴν
2893 3165 3092 3218 ἕνωσιν
3140 3165 3242 3235 μία
3277 3165 3510 3233 λέγοιτο,
3540 3165 3703 3236 δηλα-

2123 3254 2209 3322 δή·
2240 3250 2307 3325 ἦν
2334 3255 2444 3325 γὰρ
2479 3255 2572 3307 καὶ
2607 3255 2714 3324 πρὸ
2761 3255 2864 3325 τῆς
2888 3255 3135 3320 ὲνώσεως
3177 3257 3296 3328 μία,
3331 3256 3456 3314 οὔτε
3478 3257 3534 3311 δὲ
3564 3257 3699 3312 ἐνώ-

2125 3360 2262 3408 σεως
2302 3345 2461 3416 χρεία
2506 3341 2575 3415 ἦν
2602 3348 2685 3408 είς
2726 3347 2788 3400 τὸ
2819 3345 2946 3418 μίαν
2995 3345 3134 3402 εἶναι
3177 3347 3369 3417 αὑτήν·
3401 3352 3450 3403 εἰ
3483 3351 3541 3403 δὲ
3588 3350 3698 3403 ἀπδ

2121 3436 2218 3504 τῆς
2248 3437 2557 3506 προσφάτου
2581 3435 2826 3502 ὲνῶσεως
2858 3439 2891 3508 ἡ
2923 3438 3129 3510 ταύτης
3159 3441 3325 3512 ἀρχὴ,
3365 3439 3485 3504 πῶς
3522 3441 3701 3494 ἀϊδίαν

2124 3527 2203 3580 ἔτι
2250 3530 2345 3580 καὶ
2388 3529 2733 3598 προαιωνίαν-
2785 3531 2880 3583 καὶ
2925 3530 3076 3586 θείαν
3123 3533 3560 3604 ὁμολογήσοιμεν
3600 3535 3700 3605 τὴν

2123 3619 2215 3671 ἐπὶ
2245 3617 2354 3673 τῶν
2383 3619 2695 3688 Αὐγούστου
2725 3621 2934 3691 χρόνων
2975 3621 3346 3694 προελθοῦσαν
3370 3626 3453 3688 είς
3479 3625 3540 3678 τδ
3561 3618 3698 3678 εἶναι

2124 3712 2316 3782 φύσινς

2195 3814 2267 3871 ς’.
2305 3807 2460 3860 Πᾶσα
2487 3806 2682 3871 ἓνωσις
2712 3807 2789 3871 εἰς
2815 3809 2980 3877 φύσιν
3009 3808 3135 3862 τινὰ
3161 3810 3482 3880 καινοτέραν
3515 3811 3696 3881 ἀπαρ-

2121 3895 2380 3966 τιζομένη
2422 3915 2480 3948 τε
2524 3897 2618 3950 καὶ
2648 3898 2926 3968 ὁρωμένη,
2958 3897 3230 3951 δείκνυσιν
3265 3899 3432 3968 αὐτὴν
3470 3898 3699 3968 ἔχουσάν

2121 4005 2241 4041 τινα
2282 3987 2318 4040 ἃ
2346 3987 2571 4058 οὐδεμία
2602 3988 2710 4040 τῶν
2750 3989 3056 4043 ἐνωθεισῶν
3099 3989 3319 4059 φύσεων
3348 3989 3472 4043 καθ’
3499 3992 3698 4060 ἑαυτὴν

2121 4080 2404 4148 κέκτηται·
2434 4080 2529 4133 καὶ
2560 4081 2668 4150 γὰρ
2706 4079 2828 4134 οὔτε
2857 4080 3036 4151 ψυχῆς
3075 4081 3259 4152 φύσις,
3285 4081 3409 4134 οὔτε
3447 4081 3696 4152 σώματος

2120 4172 2240 4227 καθ’
2273 4171 2472 4240 ἑαυτὴν
2501 4169 2725 4223 πώποτε
2773 4172 2956 4240 πεινᾷ,
2986 4171 3018 4242 ἢ
3066 4170 3275 4240 διψᾷ,ῆ
3314 4169 3511 4240 ριγᾷ,ἢ
3557 4181 3706 4222 καυ-“

2122 4262 2380 4332 σοῦται,ἢ
2419 4262 2602 4325 ὑπνοῖ,
2655 4261 3066 4331 ἢάποθνὴσκει,
3099 4260 3319 4330 ῆγελᾷ,
3349 4261 3381 4330 ἢ
3431 4259 3630 4324 κλαίει,
3660 4259 3693 4329 ἢ

2118 4353 2301 4416 ἁπλῶς
2333 4351 2647 4405 αἰσθάνεται
2676 4349 2951 4420 αἰσθητῶς
2977 4349 3264 4421 αἰσθητοῦ,
3302 4349 3489 4420 ὥσπερ
3513 4349 3635 4403 οὐδὲ
3663 4351 3693 4400 ὀ

2120 4443 2282 4505 αὐλὸς
2318 4441 2444 4512 ἰδίᾳ,
2493 4441 2615 4494 οὐδὲ
2663 4440 2690 4492 ὁ
2739 4440 2982 4510 αὑλητὴς
3025 4439 3148 4493 καθ’
3178 4439 3372 4493 ἑαυτὸν
3420 4439 3596 4493 λαλεῖ·
3645 4438 3694 4491 τί

445 4557 506 4595 se
531 4541 714 4609 ipsum
741 4536 891 4591 canit
913 4553 927 4600 ;
950 4535 1083 4605 quid
1108 4529 1240 4605 ergo
1273 4536 1570 4602 Dominus,
1602 4537 1718 4606 ipse
1745 4553 1848 4593 nec
1870 4539 2016 4594 Deus

2125 4531 2212 4589 οῦν
2239 4536 2267 4588 ό
2297 4533 2524 4604 Κύριοςζ
2545 4531 2574 4584 ὁ
2605 4533 2740 4603 μήτε
2763 4531 2895 4594 Θεὸς
2921 4534 3063 4603 μήτε
3087 4531 3398 4605 ἄνθρωπος,
3423 4531 3530 4603 ἰδίᾳ
3553 4532 3696 4601 ἔχειν

443 4643 550 4684 nec
579 4627 776 4690 homo,
823 4622 1047 4693 proprie
1095 4621 1304 4677 habere
1337 4638 1451 4691 prae
1483 4633 1541 4678 se
1576 4624 1835 4680 ferebat?
1869 4625 2016 4681 Sane

443 4735 577 4790 ergo
618 4717 812 4771 dicunt
844 4713 992 4784 quod
1027 4728 1194 4783 super
1222 4729 1407 4783 aquas
1446 4727 1776 4784 corporeum
1817 4717 2015 4771 ambu-

443 4813 567 4867 lans
603 4819 659 4864 et
691 4806 923 4871 similia;
955 4805 1050 4860 sed
1092 4805 1228 4860 illud
1263 4805 1681 4877 intelligendum
1723 4825 1835 4864 non
1868 4811 2016 4864 exsi-

446 4915 600 4959 steus
635 4910 848 4956 natura:
881 4897 1199 4968 compositae
1226 4899 1511 4970 proprium
1543 4916 1642 4956 ens
1669 4919 1683 4967 ;
1714 4911 1771 4956 et
1811 4904 2016 4971 quibus

445 5011 555 5049 non
589 4990 894 5047 secundum
920 4989 1217 5043 essentiam
1241 4989 1296 5043 in
1326 4999 1522 5044 natura
1550 5000 1645 5045 aut
1670 4991 1723 5046 in
1740 4976 2013 5046 exsisten-

447 5087 521 5139 tia
548 5081 808 5139 convenit
863 5088 1182 5134 sanctorum
1209 5120 1222 5144 ,
1280 5081 1430 5135 Deus
1474 5097 1618 5152 saepe
1659 5081 1793 5134 ferri
1843 5098 2011 5150 super

447 5193 617 5248 aquas
637 5174 790 5229 dedit
819 5188 1072 5242 corpore,
1109 5173 1322 5229 deloco
1359 5175 1411 5227 in
1447 5175 1630 5228 locum
1656 5189 1824 5242 super
1845 5189 2016 5243 aquas

449 5265 881 5323 transeuntibus.
923 5264 977 5318 Si
1013 5279 1144 5334 ergo
1178 5265 1315 5319 nihil
1351 5265 1422 5320 sit
1454 5265 1679 5335 physica
1711 5265 2017 5332 proprietas

447 5359 650 5415 Christi
684 5357 927 5428 proprie,
972 5374 1074 5411 nee
1110 5367 1308 5412 natura
1339 5357 1443 5426 ipsi
1477 5373 1585 5411 una
1606 5356 1855 5425 quaedam
1893 5366 2017 5409 tan-

450 5463 563 5507 tum
620 5451 871 5522 propria;
922 5465 1026 5504 nec
1077 5450 1227 5504 enim
1277 5447 1586 5502 secundum
1622 5447 1909 5502 misturam
1960 5456 2021 5501 ut

447 5543 657 5606 sint-ra;
695 5557 796 5595 nec
837 5538 1141 5594 secundum
1177 5536 1661 5606 participationem
1703 5537 1848 5590 sicut
1878 5553 2018 5606 aqua

447 5637 831 5706 xlugyptiorum
859 5647 979 5700 quae
1006 5629 1233 5698 sanguis
1262 5627 1404 5681 facta
1431 5637 1548 5693 est;
1577 5645 1679 5684 nec
1716 5630 2022 5685 secundum

446 5724 812 5778 mutationem
843 5721 987 5774 sicut
1013 5733 1087 5770 :es
1113 5717 1166 5770 in
1191 5715 1497 5786 aeruginem
1534 5719 1891 5786 immutatur;
1919 5737 2020 5776 nec

448 5829 750 5872 aeeuimmn
820 5809 1090 5865 naturalis
1158 5799 1517 5864 adunationis
1575 5812 1958 5867 Necessitatem
2006 5855 2019 5878 ,

2119 4625 2452 4691 ὲνεδείξατο;
2488 4624 2651 4686 Εἰκὸς
2693 4619 2808 4689 οῦν,
2846 4625 3002 4692 φασὶ,
3033 4624 3109 4688 ὡς
3139 4625 3232 4678 τὸν
3257 4625 3339 4692 ἐφ’
3369 4622 3563 4687 ὕδατος
3595 4639 3698 4676 σω-

2123 4719 2351 4789 ματικὸν
2382 4717 2684 4788 περίπατον
2727 4699 2820 4770 Ᾰιαὶ
2870 4717 2939 4770 τὰ
2977 4718 3175 4772 τοιάδε“
3201 4716 3337 4770 ἀλλὰ
3364 4717 3482 4769 τόδε
3529 4730 3698 4770 κατα-

2121 4807 2340 4878 νοητὲον
2375 4808 2437 4860 οὐ
2465 4807 2678 4875 φύσεως
2714 4807 2776 4860 ὃν
2813 4808 3010 4878 ἰδίωμα
3045 4808 3319 4863 συνθέτου·
3353 4808 3448 4861 καὶ
3474 4803 3556 4871 οἷς
3588 4809 3700 4878 γὰρ

2125 4900 2199 4969 μὴ
2230 4899 2348 4950 κατ’
2377 4899 2566 4952 οὐσίαν
2592 4901 2672 4962 εἰς
2705 4899 2866 4968 φύσιν
2905 4899 2937 4970 ἢ
2973 4901 3054 4963 είς
3081 4900 3380 4953 ὑπόστασιν
3411 4899 3697 4966 σύγκειται

2121 4991 2228 5042 τῶν
2263 4991 2432 5058 ἁγίων
2479 4991 2508 5041 ό
2538 4990 2669 5053 Θεὸς
2715 4990 3322 5068 πολλάκιςεποχεῖσθαι
3351 4989 3459 5042 τῶν
3488 4971 3699 5043 ὑδάτων

2125 5082 2401 5152 πεποίηκε
2448 5082 2659 5150 σώματι
2719 5084 3101 5153 μεταϐατικῶς
3150 5086 3207 5136 ἐν
3242 5083 3428 5147 αὐτοῖς
3466 5100 3698 5154 πορευο-

2125 5170 2337 5240 μένουςο
2369 5173 2418 5222 εί
2460 5167 2552 5224 οῦν
2590 5173 2744 5227 οὐδέν
2782 5175 2898 5226 ἐστι
2947 5175 3172 5242 φυσικὸν
3221 5175 3421 5244 ἰδίωμα
3460 5175 3699 5244 Χριστοῦ

2127 5261 2330 5326 ἱδικῶς,
2365 5264 2484 5316 οὐδὲ
2518 5264 2677 5332 φύσις
2729 5265 2877 5336 αὐτῷ
2917 5266 3015 5337 μία
3068 5284 3149 5328 τις
3188 5267 3348 5334 μόνον
3383 5265 3546 5336 ἰδική·
3577 5265 3699 5318 οὔτε

2128 5354 2235 5424 γὰρ
2269 5355 2409 5410 κατὰ
2434 5356 2714 5426 σύγχυσιν,
2747 5357 2822 5420 ὡς
2875 5359 2940 5410 τὰ
2991 5358 3205 5428 σίκερα’
3234 5357 3356 5411 οὔτε
3385 5359 3536 5436 ¹κατὰ
3565 5376 3700 5428 μετ-

2128 5450 2382 5503 ουσίωτιν
2438 5449 2512 5511 ὡς
2543 5449 2602 5502 τὸ
2627 5449 2772 5520 ὕδωρ
2804 5451 2914 5501 τῶν
2943 5440 3262 5516 Αἰγυπτίων
3291 5444 3431 5518 αἷμα
3456 5449 3698 5516 γεγονός-

2127 5539 2248 5592 οῦτε
2282 5540 2423 5593 κατὰ
2447 5540 2754 5606 ἀλλοίωσιν,
2785 5541 2862 5604 ὠς
2897 5544 2924 5594 ό
2958 5541 3154 5609 χαλκὸς
3179 5543 3257 5604 εἰς
3290 5541 3366 5593 ἰὸν
3394 5543 3702 5610 ἀμείϐεται·

2126 5627 2248 5680 οὔτε
2282 5628 2424 5680 κατὰ
2464 5629 2702 5698 φυσικῆς
2743 5628 2992 5692 ἐνώσεως
3031 5631 3296 5700 ἀνάγκην,
3340 5630 3414 5694 ὡς
3446 5611 3597 5699 ψυχὴ
3626 5634 3706 5691 εἰς

2129 5721 2285 5790 σῶμα
2327 5718 2618 5790 ἀνθρώπου
2649 5721 2894 5788 γέγονεν’
2931 5722 3012 5774 ἔτι
3063 5721 3162 5792 μὲν
3203 5721 3408 5794 τράγου
3437 5721 3500 5773 τὸ
3531 5739 3706 5789 μυκαο

2129 5813 2310 5867 στικδν
2334 5813 2571 5883 ἔχοντος,
2595 5812 2882 5884 ἀνθρώπου
2907 5813 2962 5868 δὲ
2992 5815 3134 5879 ίδίως
3154 5815 3216 5869 τὸ
3243 5815 3707 5886 κηροπλαστικᾱ-ι,

2978 5929 3024 5948 κ
