4034 6402
314 396 454 471 Πῖῖι

1422 433 1437 446 ~
1474 392 1773 462 CONTRA
1815 393 2416 463 MONOPHYSITAS.
2493 420 2499 427 '

3463 400 3595 467 1774

312 523 450 583 εἴτις
484 521 515 571 ὁ
565 519 729 580 αὐτὸς
768 516 1174 588 κηροπλαστὼν
1225 516 1319 567 καὶ
1362 515 1599 583 μυκᾶζοι
1629 515 1789 582 ἀνὴρ,
1825 530 1914 581 μι-

2032 515 2164 568 ςίριιι
2201 516 2385 569 anima
2419 516 2472 568 in
2525 515 2766 569 hominis
2813 526 3018 587 corpus
3063 518 3202 577 facta
3254 528 3371 584 est;
3413 520 3598 573 adhuc

316 608 494 679 μητδς
550 607 662 662 τῶν
713 606 1070 677 ὲτεροφυῶν,
1123 605 1187 658 οὑ
1237 602 1494 658 σύνθετον
1531 602 1774 656 δείκνυσι
1816 601 1918 679 τῂν

315 700 484 769 φύσιν
525 697 693 753 αὐτοῦ
742 697 978 767 δηλαδὴ,
1010 696 1148 750 ἀλλά
1187 695 1282 757 δύο
1325 694 1540 765 φύσεων
1570 692 1743 755 ίδικάς
1769 694 1921 762 ἐνερ-

315 791 477 859 γείας
504 791 571 842 ὲκ
599 787 702 857 τῆς
731 788 911 856 αὐτῆς
945 788 1077 857 μιᾶς
1107 785 1326 854 φύσεως
1369 782 1559 837 αὑτοῦ·
1591 775 1749 845 οὗτος
1789 781 1923 850 γοῦν

318 882 418 934 καὶ
448 881 512 933 τὸ
541 876 935 949 μεταϐατικῶς
983 876 1283 937 κινεῖσθαι,
1314 873 1666 947 ἀνθρωπίνης
1701 871 1922 940 φύσεως

317 968 411 1043 ἦν’
445 971 506 1025 τὺ
558 970 615 1023 δὲ
650 968 725 1040 μὴ
772 967 1143 1022 καταδύεσθαι
1181 967 1282 1037 τὴν
1327 965 1636 1036 βαρυτέραν
1671 963 1767 1015 τοῦ
1815 961 1923 1015 σώ-

326 1080 502 1133 ματος
532 1061 697 1131 φύσιν
734 1059 1114 1129 ἐποχουμένην
1152 1061 1219 1129 τῇ
1260 1056 1355 1111 τοῦ
1400 1055 1593 1118 ὓδατος
1619 1054 1926 1124 κουφοτέρα

321 1152 516 1220 φύσει,
540 1150 679 1205 ἀλλά
701 1148 1088 1218 ύπερείδεσθαι
1107 1147 1206 1218 τὴν
1245 1145 1610 1218 στερροτέραν
1638 1146 1705 1214 τῇ
1740 1160 1926 1212 μανω-

320 1246 490 1316 τέρᾳ,
542 1246 706 1298 τοῦτο
751 1244 904 1316 θείας
951 1242 1072 1296 ἐστὶ
1116 1241 1356 1311 φύσεως,
1392 1241 1565 1293 ποιεῖν
1596 1236 1927 1298 ίδικωτάτως

324 1336 542 1400 πάσας,
598 1334 836 1388 ποιῶσαι
880 1334 981 1387 καὶ
1020 1331 1406 1403 μεταποιιῖωαι
1431 1344 1471 1393 ,·
1499 1328 1598 1381 καὶ
1631 1326 1924 1390 οὗσιῶσαι,

323 1427 423 1476 καὶ
457 1423 848 1494 μετουσιῶσαι,
880 1424 978 1477 καὶ
1005 1420 1348 1476 άπουσιῶσαι
1390 1418 1492 1481 τὰς
1538 1416 1731 1486 φύσεις
1762 1414 1820 1469 διε
1838 1433 1927 1468 ια-

321 1534 440 1578 ται,
471 1516 579 1568 κᾶν
612 1517 678 1568 ἐκ
723 1513 816 1567 τοῦ
867 1512 1033 1567 αὑτοῦ
1093 1513 1308 1582 πρόεισι
1352 1508 1672 1581 προσώπου.
1729 1508 1927 1581 Σαφῶς

322 1604 421 1660 οὖν
464 1608 526 1659 ἐν
564 1608 678 1668 τοίς
707 1606 941 1658 τοιοῖσδε
978 1604 1096 1657 θεία
1127 1604 1220 1658 καὶ
1254 1603 1574 1674 ἀνθρωπίνη
1605 1601 1766 1671 φύσις
1801 1617 1928 1652 συν-

325 1695 602 1767 εργοῦσαι
626 1694 899 1766 ’ὁρῶνται-
939 1694 1004 1746 ού
1039 1696 1147 1764 μὴν
1187 1693 1356 1763 ἑτέρα
1396 1692 1558 1761 φύσις
1585 1688 1924 1754 συντεθεῖσα,

324 1792 393 1842 ὲκ
421 1787 595 1841 τῶνδε
628 1788 763 1856 ἡμῖν
790 1784 1118 1855 καθορᾶται.

2024 605 2180 660 hirco
2198 606 2438 661 balatum
2470 607 2732 673 habente,
2759 609 2986 664 homine
3012 623 3144 665 vero
3171 625 3364 666 cereas
3386 618 3600 666 statuas

2024 696 2327 766 plasmandi
2361 699 2652 768 speciatim
2672 714 2897 770 capace,
2918 702 2965 756 si
3003 702 3148 757 idem
3175 717 3368 758 cereas
3391 711 3602 758 statuas
3679 704 3684 707 '

2023 789 2261 858 plasmat
2301 798 2359 843 et
2390 789 2639 844 balatum
2670 790 2787 846 edit
2820 793 3015 859 homo,
3049 793 3401 849 diversarum
3434 804 3600 849 natu-

2027 895 2213 934 rarum
2244 880 2510 945 imitator,
2545 897 2658 937 non
2680 885 3043 954 compositam
3067 886 3315 942 ostendit
3345 895 3602 941 naturam

2025 984 2182 1023 suam
2206 978 2380 1035 certe,
2410 971 2510 1026 sed
2537 971 2674 1026 duas
2709 983 3034 1029 naturarum
3069 976 3327 1046 proprias
3348 980 3605 1046 energies

2024 1074 2095 1116 ex
2130 1060 2249 1130 ipsa
2283 1076 2389 1116 una
2420 1071 2619 1117 natura
2649 1079 2771 1119 sua.
2807 1065 2902 1121 Sic
2938 1081 3071 1137 ergo
3101 1067 3250 1122 etde
3282 1067 3408 1122 loco
3435 1067 3493 1122 in
3522 1068 3606 1121 lo-

2027 1167 2155 1207 cum
2181 1153 2414 1217 moveri,
2450 1153 2711 1210 humanae
2749 1165 2965 1211 natura:
2995 1166 3112 1222 est;
3148 1157 3248 1212 sed
3290 1174 3400 1212 non
3434 1158 3606 1227 mergi

2027 1242 2335 1312 graviorem
2359 1245 2611 1314 corporis
2635 1256 2892 1301 naturam
2922 1262 3090 1317 super
3112 1263 3382 1318 aquarum
3411 1248 3607 1302 leviori

2029 1340 2224 1387 natura
2261 1334 2629 1404 gradientem,
2658 1336 2757 1404 sed
2789 1338 3057 1393 sustineri
3081 1338 3408 1393 solidiorem
3438 1353 3611 1407 super

2029 1424 2269 1479 molliori
2303 1424 2507 1481 divime
2534 1426 2586 1480 id
2614 1435 2699 1481 est
2733 1437 2966 1492 naturae,
3008 1427 3190 1482 facere
3215 1428 3375 1483 valde
3400 1428 3615 1497 specia-

2032 1517 2129 1570 tim
2154 1526 2413 1580 cunClas,
2450 1518 2655 1573 fecisse
2704 1528 2760 1571 et
2801 1530 3042 1573 mutasse
3084 1519 3228 1573 facta
3254 1559 3268 1584 ,
3305 1518 3610 1573 essentiam

2030 1607 2226 1663 fecisse
2268 1616 2326 1662 et
2368 1609 2627 1664 essentia;
2673 1610 2996 1680 participem
3033 1611 3205 1667 fuisse
3227 1652 3242 1675 ,
3278 1621 3336 1667 et
3371 1610 3614 1666 essentia

2030 1696 2251 1765 privare
2323 1706 2550 1752 naturas
2605 1707 2822 1768 potest,
2864 1701 2967 1756 etsi
3013 1717 3081 1756 ex
3125 1703 3319 1757 eadem
3376 1716 3613 1772 persona

2031 1788 2319 1857 procedat.
2369 1789 2674 1845 Evidentcr
2711 1806 2845 1861 ergo
2889 1793 2944 1846 in
2973 1793 3179 1847 talibus
3207 1794 3397 1848 divina
3423 1802 3488 1851 et.
3510 1792 3615 1847 iiu-

327 1894 496 1933 mana
560 1888 762 1932 natura
837 1877 1125 1947 cooperari
1155 1876 1469 1942 'videntur,
1522 1891 1633 1930 non
1690 1884 1872 1930 tamen
1911 1875 2021 1932 alia
2085 1881 2391 1951 composita
2449 1894 2646 1939 natura
2698 1899 2765 1938 ex
2818 1887 2938 1941 istis
2974 1886 3136 1941 nobis
3179 1885 3495 1957 aspicienda
3532 1884 3617 1938 of-

327 1973 531 2026 fertur.

400 2066 472 2130 C’.
517 2066 583 2117 Ei
616 2065 788 2136 μηδὲν
818 2064 984 2120 πλέον
1031 2065 1066 2136 ἢ
1112 2066 1332 2119 ἔλαττον
1356 2068 1476 2128 ταῖς
1510 2064 1605 2117 δύο
1637 2063 1865 2134 φύσεσιν
1896 2064 1929 2135 ἡ

2106 2061 2156 2115 7.
2200 2061 2254 2116 Si
2295 2061 2432 2117 nihil
2460 2064 2701 2132 amplius
2729 2072 2825 2118 aut
2848 2064 3033 2119 minus
3063 2065 3118 2118 in
3150 2064 3368 2121 duabus
3400 2067 3615 2125 naturis

328 2157 585 2221 σύνθεσις
630 2160 664 2228 ἡ
712 2156 1021 2227 ἀσύγχυτος
1059 2158 1195 2230 πλὴν
1225 2158 1326 2229 τῆς
1354 2157 1491 2222 πρὸς
1522 2156 1757 2224 ἀλλήλας
1791 2154 1926 2209 ἑνώρ

331 2265 472 2309 cem;
512 2248 818 2311 δείκνυσιν,
871 2250 1068 2313 ἔνωσις
1112 2251 1167 2303 δὲ
1209 2250 1335 2303 οὔτε
1377 2249 1540 2319 φύσις
1583 2250 1752 2315 ἐστὶν,
1802 2246 1926 2302 οὔτε

332 2340 443 2410 μὴν
472 2340 801 2405 ἀλλοίωσις,
825 2339 858 2410 ἢ
886 2340 1088 2409 λεῖψις,
1129 2341 1164 2411 ἦ
1208 2340 1505 2412 πρόσθεσις
1534 2340 1774 2410 φύσεως,
1810 2340 1928 2402 πῶς

330 2432 463 2485 ἄνευ
531 2432 888 2502 προσθέσεως
919 2473 935 2497 ,
988 2433 1022 2504 ἢ
1059 2434 1325 2502 λείψεως,
1363 2432 1396 2502 ἢ
1437 2430 1774 2495 ἀλλοιώσεως
1823 2431 1930 2500 φύ-

268 2532 273 2535 ’
331 2541 498 2587 σεως,
524 2526 586 2577 τὸ
613 2524 736 2577 κατ’
766 2525 1006 2596 ἀριθμὸν
1036 2525 1201 2579 ποσὸν
1228 2524 1339 2578 τῶν
1363 2525 1658 2595 ὴνωμένων
1686 2524 1926 2594 φύσεων,

329 2616 503 2669 πλέον
531 2615 567 2686 ἢ
602 2616 835 2669 ἔλαττον
865 2619 1194 2688 φανήσεται,
1223 2618 1309 2669 ἴνα
1339 2615 1372 2687 ἢ
1400 2618 1553 2687 τρεῖς
1592 2616 1626 2685 ἢ
1667 2615 1796 2686 μίαν
1829 2614 1929 2677 τὰς

330 2707 527 2771 οὐσίας
558 2706 658 2760 δύο
677 2705 866 2771 οὔσας,
908 2708 1291 2780 μεταποιήσῃς
1329 2708 1375 2758 εί
1406 2706 1462 2758 δὲ
1486 2705 1719 2775 ἀρακαὶ
1744 2694 1969 2769 πλεῖόν’

332 2812 386 2848 τι
410 2795 665 2858 ἐνὼσεως
703 2796 1016 2865 ἀσυγχύτου
1056 2799 1178 2857 ταῖς
1197 2795 1428 2863 φύσεσιν
1461 2793 1777 2861 ἐπεισάγειν
1808 2793 1928 2846 τολ-

335 2887 484 2957 μῶσι
508 2888 801 2959 ποιητικὸν
829 2888 862 2959 ἢ
894 2889 1307 2958 παραστατικὸν
1341 2886 1532 2949 άπλῶς
1562 2886 1809 2953 φύσεως,
1841 2884 1930 2938 λε·

334 2980 587 3049 τέτωσαν
616 2982 752 3052 ἡμῖν
788 2982 1097 3052 παρρησία,
1129 2980 1181 3034 τί
1207 2980 1368 3033 τοῦτο
1399 2975 1538 3034 εἶναι
1565 2974 1924 3032 διανοοῦνται.

406 3168 477 3232 η’.
516 3161 580 3213 Εἰ
622 3161 688 3213 ὲκ
714 3160 809 3214 δύο
853 3159 1070 3229 φύσεων
1106 3159 1403 3230 ἡνωμένων
1435 3156 1762 3227 ἀσυγχύτως
1797 3155 1929 3225 μίαν

334 3257 516 3307 ποιεῖν
556 3252 731 3315 ἐστιν,
761 3254 827 3305 ὲκ
854 3251 949 3304 δύο
978 3250 1197 3320 φύσεων
1221 3250 1519 3322 ἡνωμένων
1548 3247 1693 3302 κατά
1727 3246 1930 3316 σύγχυ-

336 3361 424 3399 σιν
463 3345 517 3396 τί
561 3344 752 3415 ἕτερον
785 3343 1035 3411 γίνεται;
1088 3342 1122 3413 ἦ
1161 3338 1255 3395 οὖν
1292 3342 1388 3394 δύο
1439 3338 1582 3394 εἶναι
1622 3335 1817 3408 φύσεις
1866 3339 1932 3390 ἐκ

335 3435 435 3491 τοῦ
467 3435 784 3505 ἀσυγχύτου
836 3436 1014 3503 Λόγου
1062 3435 1154 3488 ἐπὶ
1185 3433 1426 3505 Χριστοῦ
1457 3431 1694 3507 ἐροῦσιν,
1723 3431 1758 3500 ἦ
1787 3429 1871 3492 τίς
1898 3431 1931 3500 ἡ
1958 3414 2001 3471 (ἶ

330 3528 575 3599 διαφορά
607 3527 704 3581 τοῦ
747 3529 1062 3598 ἀσυγχύτου
1121 3529 1258 3598 πρὸς
1308 3529 1409 3596 τὴν
1454 3525 1719 3596 σύγχυσιν
1763 3526 1822 3576 ὲν
1863 3525 1928 3594 τῇ

333 3621 445 3673 τῶν
477 3620 703 3689 φύσεων
733 3618 927 3673 ὲνώσει
959 3619 1141 3687 λέγειν
1182 3617 1716 3689 εἰσπραχθήσονταις
1742 3617 1803 3673 ,εί
1837 3616 1932 3670 καὶ

335 3712 578 3779 λέγοιεν,
607 3712 693 3767 ὅτι
711 3728 728 3743 υ
775 3712 848 3764 υύ
881 3711 1191 3782 συγχέομεν
1215 3710 1266 3763 τί
1298 3710 1407 3781 γὰρ
1429 3709 1616 3762 πλεῖον
1646 3709 1762 3779 ἐρεῖ
1788 3710 1817 3760 ὁ
1842 3707 1934 3760 λέ-

334 3814 451 3872 γων
482 3804 755 3874 σύγχυσιν
774 3820 789 3868 ;
812 3804 1128 3856 εἰπάτωσαν
1151 3802 1261 3872 γάρ
1280 3804 1373 3854 καὶ
1396 3800 1933 3871 τοῖςΝεστοριανοῖς,

336 3896 434 3948 δύο
485 3896 822 3959 ὑποστάσεις
870 3894 1091 3962 λέγουσι
1141 3896 1237 3947 καὶ
1273 3893 1576 3965 κράξουσιν
1606 3893 1823 3962 ἀνέδην,
1850 3892 1934 3945 ὅτι

338 3992 401 4044 οὐ
434 3987 781 4059 διαιροῦμεν,
811 3988 973 4041 τοῦτό
1003 3996 1202 4057 φαμενδ
1234 3988 1315 4042 ὃτι
1355 3988 1408 4040 τί
1451 3987 1561 4057 γὰρ
1595 3988 1724 4042 ἀλλο
1753 4001 1937 4056 παραε-

341 4079 531 4148 στήσει
551 4078 646 4129 τὸν
668 4077 952 4146 διορισμόν
975 4093 991 4141 ;
1024 4077 1087 4128 οὐ
1123 4075 1232 4147 γὰρ
1264 4075 1417 4130 ἐστιν
1434 4077 1638 4146 ἑτέρως
1660 4075 1729 4129 τά
1754 4076 1934 4146 πάντη

340 4169 679 4240 ἀδιακρίτως
714 4167 1088 4236 συγκείμενα,
1122 4167 1265 4236 πλὴν
1296 4167 1392 4220 τοῦ
1433 4166 1613 4235 λέγειν
1643 4169 1775 4237 μιᾶς
1798 4167 1935 4220 ὑπο-

341 4261 596 4320 στάσεως
625 4259 841 4327 φύσεως
873 4254 1039 4312 εἶναι·
1064 4257 1189 4311 οὔτε
1215 4240 1282 4312 ’ἶά
1310 4258 1490 4327 πάντη
1516 4257 1935 4329 διακεκριμένα,

342 4350 372 4419 ἢ
399 4350 467 4402 τὸ
495 4349 684 4417 λέγειν
712 4348 809 4403 δύο
838 4349 1030 4418 φύσεις
1061 4348 1157 4402 καὶ
1190 4349 1518 4411 ὑποστάσεις
1560 4342 1720 4403 εἶναι.

412 4524 483 4579 θ’.
508 4526 573 4578 El
602 4525 704 4596 μία
724 4525 889 4594 φύσις
918 4524 1014 4580 τοῦ
1047 4502 1320 4578 Δεσπότου
1344 4521 1501 4594 ἡμῶν
1522 4522 1765 4595 Χριστοῦ
1795 4521 1938 4593 μετά

338 4619 443 4690 τὴν
468 4618 690 4680 ἕνωσιν.
722 4618 974 4687 είποιμεν
1010 4617 1146 4686 πρὸς
1177 4615 1408 4679 αὑτούςδ
1448 4611 1561 4685 ἆρά
1601 4615 1668 4683 γε
1701 4632 1860 4683 φατε,
1890 4608 1937 4668 ὧ

2027 2153 2360 2223 ωιιιροειιίυ
2413 2154 2703 2225 inconfusa
2758 2171 2923 2225 quam
2970 2158 3211 2212 alterius
3254 2173 3381 2213 cum
3436 2160 3613 2215 altera

2029 2242 2293 2298 adunatio
2329 2224 2600 2310 ostctidit,
2623 2255 2680 2301 et
2713 2224 2978 2302 adunatio
3003 2263 3110 2303 nec
3138 2257 3339 2304 natura
3366 2261 3484 2317 est,
3510 2268 3617 2308 nec

2029 2336 2265 2390 mutatio
2288 2366 2305 2401 ι,
2339 2352 2443 2392 nec
2483 2339 2703 2393 relictio
2738 2347 2836 2393 aut
2874 2340 3150 2410 appositio
3187 2350 3402 2398 natura:
3426 2382 3442 2408 ,
3472 2360 3614 2415 quo-

2030 2424 2194 2479 modo
2223 2426 2433 2496 absque
2462 2428 2835 2498 appositionc,
2867 2440 2965 2486 aut
2990 2432 3280 2488 relictione
3305 2441 3402 2488 aut
3437 2444 3619 2490 muta-
3658 2416 3663 2422 ’

2033 2513 2184 2567 tione
2230 2524 2474 2581 naturae,
2505 2516 2791 2587 quantitas
2814 2518 2973 2589 juxta
3016 2536 3315 2576 numerum
3347 2520 3617 2578 adunata-

2032 2619 2156 2658 rum
2191 2613 2519 2661 naturarum
2568 2609 2695 2679 plus
2737 2611 2995 2667 minusve
3058 2612 3382 2682 apparebit,
3424 2622 3488 2669 ut
3520 2624 3617 2671 aut

2033 2708 2146 2754 tres
2181 2708 2278 2755 aut
2321 2703 2647 2772 unam,th
2671 2703 2839 2759 faciat
2887 2721 2983 2760 eas
3023 2722 3149 2776 qua:
3189 2706 3312 2763 duae
3358 2710 3617 2766 essentiae

2030 2791 2234 2846 erant?
2271 2792 2444 2847 Porro
2478 2794 2523 2848 si
2570 2802 2627 2848 et
2671 2798 2911 2866 amplius
2933 2797 3069 2867 quid
3105 2798 3463 2855 adunationis
3503 2800 3617 2856 dis-

2032 2883 2217 2937 tincta:
2239 2884 2460 2939 naturis
2489 2885 2730 2965 adjicere
2755 2888 2998 2943 audeant
3025 2888 3266 2944 eﬂictum
3289 2899 3388 2945 aut
3412 2907 3617 2961 reprm-

2032 2975 2372 3030 sentativum
2404 2984 2622 3032 naturm
2666 2978 3020 3048 simpliciter,
3052 2979 3240 3035 dicant
3282 2980 3448 3037 nobis
3485 2995 3614 3036 cum

2033 3065 2236 3121 ﬁducia
2264 3069 2397 3138 quid
2426 3068 2563 3122 illud
2596 3084 2718 3125 esse
2742 3072 3014 3142 cogitant.

2103 3158 2156 3213 8~.
2184 3158 2239 3213 Si
2274 3160 2344 3214 de
2383 3159 2609 3215 duabus
2655 3162 2872 3217 naturis
2903 3163 3164 3218 adunatis
3199 3163 3459 3221 distincte
3503 3183 3614 3222 una

2033 3248 2294 3313 eﬂieitur,
2330 3250 2399 3305 de
2434 3250 2650 3305 duabus
2690 3252 2907 3307 naturis
2949 3253 3212 3308 adunatis
3246 3269 3374 3309 cum
3415 3256 3611 3311 confu-

2033 3341 2191 3396 sione
2230 3342 2364 3411 quid
2412 3343 2561 3397 aliud
2600 3342 2700 3396 fit?
2733 3353 2829 3398 aut
2873 3360 3004 3415 ergo
3049 3346 3190 3401 duas
3218 3362 3341 3407 esse
3383 3357 3616 3403 naturas

2033 3451 2103 3490 ex
2127 3434 2418 3489 inconfuso
2448 3435 2624 3490 Verbo
2648 3434 2717 3488 de
2739 3435 2960 3490 Christo
2992 3436 3217 3502 dicent,
3259 3445 3355 3492 aut
3383 3453 3505 3509 quae
3543 3441 3615 3494 sit

2035 3527 2180 3581 inter
2214 3526 2567 3581 inconfusum
2589 3534 2648 3580 et
2675 3525 3060 3589 confusionem
3089 3528 3407 3585 differentia
3436 3530 3490 3585 in
3513 3547 3614 3585 na-

2035 3626 2285 3672 turarum
2351 3617 2688 3674 adunatione
2735 3618 2918 3673 dicere
2987 3629 3292 3690 cogentur;
3349 3632 3517 3692 atque
3566 3626 3614 3677 si

2035 3707 2278 3762 dixerint
2299 3707 2429 3778 quia
2477 3723 2585 3761 non
2624 3706 2943 3770 miscemus,
2996 3709 3132 3778 quid
3175 3711 3427 3780 amplius
3465 3710 3616 3765 dicet

2034 3780 2236 3868 qui'ait
2259 3798 2615 3854 mistionem?
2638 3798 2835 3853 Dicant
2858 3801 3010 3855 enim
3029 3808 3087 3855 et
3114 3801 3458 3858 Nestorianis
3477 3802 3618 3857 duas

2035 3890 2360 3961 hypostascs
2387 3889 2583 3945 dicunt
2607 3899 2665 3944 et
2692 3891 2917 3961 impune
2951 3892 3262 3947 vociferant
3297 3911 3311 3946 :
3342 3894 3473 3962 quia
3500 3908 3613 3949 non

2036 3982 2353 4045 dividimus,
2389 3982 2441 4036 id
2476 3981 2755 4047 dicimus;
2809 3983 2939 4052 quia
2969 3982 3104 4053 quid
3145 3984 3294 4038 enim
3320 3984 3473 4039 aliud
3513 4000 3616 4039 ex-

2037 4083 2208 4146 ponet
2237 4073 2621 4129 deﬁnitionem
2642 4074 2665 4127 ?
2688 4073 3080 4144 Namque-non
3108 4075 3272 4130 aliter
3300 4085 3428 4130 sunt
3453 4078 3615 4147 peni-

2040 4176 2130 4222 tus
2159 4164 2484 4220 indistincte
2524 4165 2854 4233 composita,
2885 4179 3052 4233 quam
3087 4163 3157 4219 de
3185 4164 3391 4234 quibus
3418 4167 3616 4222 dicen-

2037 4257 2168 4311 dum
2192 4256 2267 4311 sit
2286 4262 2503 4310 natura:
2527 4271 2692 4310 unam
2726 4255 3066 4336 hypostasim
3092 4270 3237 4321 esse,
3257 4272 3363 4312 nec
3394 4259 3618 4327 penitus

2037 4350 2304 4406 distincta
2331 4362 2497 4418 quam
2528 4346 2598 4401 de
2629 4346 2837 4416 quibus
2867 4345 3165 4402 dicendum
3195 4345 3268 4401 sit
3288 4344 3428 4402 duas
3451 4358 3616 4403 natu-

2039 4454 2129 4496 ras
2158 4446 2215 4493 et
2245 4439 2572 4510 hypostases
2596 4451 2742 4491 esse.

2108 4545 2163 4600 9.
2218 4542 2274 4598 Si
2302 4540 2522 4597 Domini
2551 4540 2729 4596 nostri
2771 4536 2975 4597 Christi
3006 4554 3115 4596 una
3143 4548 3341 4597 natura
3365 4552 3491 4614 post
3514 4545 3616 4599 ad-

2040 4630 2359 4685 unationem
2382 4670 2397 4696 ,
2421 4628 2673 4684 dicamus
2703 4628 2770 4683 ad
2795 4628 2916 4684 illos
2949 4643 2963 4683 :
2992 4628 3136 4701 Ergo
3188 4629 3385 4699 dicite,
3417 4647 3451 4687 ο
3484 4649 3615 4699 vos,

338 4705 517 4777 οὗτοι,
562 4709 966 4781 κρειττωθῆναί
1014 4726 1133 4772 πως
1181 4708 1387 4778 ταύτην
1412 4709 1594 4761 πᾶσαν
1652 4707 1791 4776 μετά
1836 4708 1932 4777 τὴν

2041 4719 2321 4776 meliorari
2358 4720 2597 4789 quodam
2625 4719 2790 4774 mudo
2816 4718 2966 4775 illam
3002 4726 3173 4776 totam
3206 4731 3333 4792 post
3361 4718 3623 4780 sanctam

339 4800 508 4868 ἁγίαν
543 4799 713 4853 αὑτοῦ
739 4799 1063 4864 ἀνάστασιν,
1097 4799 1133 4870 ἦ
1164 4799 1285 4869 οὐχί
1297 4816 1313 4865 ;
1361 4798 1396 4870 ἢ
1442 4799 1627 4852 πᾶσαν
1659 4797 1758 4868 μὲν
1789 4798 1932 4867 οὐχὶ,

339 4887 491 4944 εἶναι
514 4891 573 4943 δέ
596 4909 649 4942 τι
673 4889 897 4960 λέγεται
924 4891 983 4945 ὲν
1018 4890 1158 4960 αὐτῇ
1186 4892 1254 4960 τῇ
1279 4889 1574 4943 ἀναστάσει
1604 4887 1697 4941 τοῦ
1726 4888 1936 4940 Δεσπό-

337 4998 440 5035 ⁴σου
479 4981 925 5052 κρειττούμενον,
984 4982 1078 5035 καὶ
1127 4981 1315 5052 ἕτερον
1364 4980 1442 5050 μὴ
1475 4980 1933 5052 κρειττούμινον;

337 5075 394 5128 εί
422 5074 526 5143 μὲν
552 5072 650 5126 οῦν
684 5070 827 5127 εἷναί
854 5090 910 5126 τι
938 5073 1142 5126 τέλειον
1182 5072 1280 5124 καὶ
1305 5070 1538 5139 φυσικὸν
1563 5070 1625 5124 τὸ
1652 5069 1937 5140 κρειττού-

342 5183 512 5237 μενον
545 5165 692 5218 κατά
720 5166 907 5235 φύσιν,
926 5167 1022 5219 καὶ
1047 5167 1240 5235 ἕτερον
1262 5163 1468 5217 τέλειον
1499 5163 1729 5233 φυσικὸν
1751 5179 1936 5233 κρειτο

336 5256 474 5311 τοῦν
504 5257 649 5311 κατά
687 5257 849 5326 φύσιν
884 5261 942 5311 ὲν
969 5260 1037 5329 τῇ
1076 5258 1209 5329 ἁγίᾳ
1237 5254 1404 5310 αὐτοῦ
1431 5255 1727 5310 ἀναστάσει
1770 5254 1932 5323 φατὶ,

338 5347 577 5402 αὐτόθεν
614 5350 745 5418 ἡμῖν
773 5349 885 5401 ίδοὺ
908 5348 1007 5412 τὰς
1035 5349 1132 5402 δύο
1163 5348 1356 5417 φύσεις
1380 5346 1814 5416 συνομολογεῐτε·
1839 5347 1938 5400 καὶ

339 5438 675 5509 εὐχαριστία
705 5438 785 5507 τῷ
832 5437 999 5509 κοινῷ
1056 5438 1234 5506 Πατρὶ
1284 5438 1379 5490 ἐπὶ
1421 5437 1489 5507 τῇ
1528 5435 1637 5489 τῶν
1684 5436 1937 5505 ἀδελφῶν

341 5527 480 5598 ὑγίᾳ
504 5527 804 5597 ἀπολήψει,
1628 5562 1631 5567 ι

420 5631 474 5675 ι’.
520 5623 585 5674 Οἱ
614 5621 829 5691 ἐπινοίᾳ⁴
858 5620 1022 5690 μόνον
1041 5621 1174 5690 ὁρᾷν
1202 5618 1506 5687 φάσκοντες
1532 5618 1595 5673 τὸ
1617 5616 1794 5673 διττὸν
1821 5619 1933 5673 τῶν

342 5714 569 5785 φύσεων
604 5714 698 5764 ἐπὶ
734 5711 977 5782 Χριστοῦ
1028 5711 1168 5781 μετά
1214 5711 1315 5779 τὴν
1367 5710 1584 5773 ἕνωσιν,
1615 5700 1930 5778 λεγέτωσαν

342 5808 480 5878 ἡμῖν
512 5809 610 5876 τὴν
646 5803 882 5876 φυσικὴν
921 5801 1187 5873 διαφοράν
1217 5801 1311 5854 τοῦ
1343 5802 1576 5872 ἀοράτου
1608 5802 1704 5856 καὶ
1732 5803 1929 5870 ὁρατοῦ

2039 4812 2158 4880 ejus
2213 4809 2679 4864 resurrectionem
2726 4819 2821 4864 aut
2863 4809 3017 4864 non?
3047 4819 3143 4865 aut
3187 4819 3358 4869 totam
3389 4815 3615 4885 quidem

2037 4914 2172 4965 non,
2212 4916 2335 4956 esse
2367 4914 2505 4955 vero
2533 4899 2669 4970 quid
2700 4901 2910 4978 dicitur
2945 4902 3001 4957 in
3029 4903 3146 4973 ipsa
3172 4905 3393 4961 Domini
3429 4922 3616 4963 resur-

2038 4992 2283 5047 rectione
2307 4991 2683 5056 melioratum,
2708 5001 2765 5046 et
2789 4991 2937 5046 aliud
2972 5008 3083 5048 non
3134 4996 3529 5053 melioratum?
3559 4999 3615 5055 Si
3668 4987 3676 5041 7

2034 5097 2167 5152 ergo
2195 5079 2422 5150 quidem
2457 5093 2581 5135 esse
2616 5079 2927 5149 perfectum
2971 5090 3029 5136 et
3068 5084 3325 5140 naturale
3360 5087 3621 5142 meliora-

2038 5182 2155 5227 tum
2200 5171 2508 5227 secundum
2550 5180 2829 5238 naturam,
2874 5181 2932 5226 et
2976 5173 3145 5228 alium
3176 5175 3484 5245 perfectum
3516 5195 3619 5233 na-

2038 5260 2216 5320 turale
2272 5248 2656 5319 meliorantem
2700 5263 2756 5317 in
2803 5271 2993 5318 sancta
3037 5265 3159 5335 ejus
3205 5269 3616 5324 resurrectione

2037 5356 2249 5422 dicitis,
2288 5352 2418 5411 inde
2443 5356 2607 5411 nobis
2635 5371 2767 5411 ecce
2803 5355 2940 5411 duas
2977 5356 3099 5412 illas
3127 5368 3358 5415 naturas
3382 5362 3617 5417 confitc-

2039 5447 2205 5513 mini;
2250 5456 2308 5502 et
2349 5431 2559 5519 gratiae-
2584 5449 2868 5503 communi
2913 5448 3061 5503 Patri
3097 5448 3167 5505 de
3201 5450 3437 5508 fratrum
3481 5470 3619 5508 sano

2040 5539 2222 5594 reditu
2254 5546 2507 5609 agentur.
2688 5588 2698 5597 .
3522 5588 3531 5596 .
3694 5528 3697 5529 ⁷

2113 5628 2199 5681 10.
2238 5626 2342 5692 Qui
2369 5627 2702 5697 cogitatione
2728 5635 2946 5683 tantum
2968 5637 3294 5687 naturarum
3325 5632 3620 5705 duplicita.

2042 5720 2152 5776 tem
2190 5711 2547 5769 considerare
2578 5714 2773 5769 dicunt
2812 5715 2867 5769 in
2902 5715 3128 5773 Christo
3168 5731 3295 5789 post
3329 5722 3620 5778 adunati».

2038 5818 2190 5871 nem,
2215 5800 2378 5856 nobis
2404 5802 2475 5872 ph
2516 5806 2686 5858 sicam
2711 5803 3081 5863 diﬂ‘erentiam
3106 5809 3295 5867 dicant
3320 5811 3618 5869 invisibilis
