4034 6400
410 382 555 449 Ὶττῦ
1648 380 1965 443 Ῑ.ΕΟΝΤΙΙ
2008 380 2412 443 ΒΥΖᾹΝΤΙΝῙ
3544 377 3684 444 1⁷7Ἷό

416 509 472 553 ιιι
509 499 748 556 visibilis
777 498 831 552 in
855 500 1100 561 Christo,
1123 497 1455 569 cogitatione
1485 496 1669 550 sciunt
1698 512 1767 551 an
1797 496 1995 551 aliter?

2102 498 2155 549 ἐν
2187 496 2462 567 Χριστῷ,.
2485 495 2701 567 ἐπινοίᾳ
2739 493 2918 548 ἴσασιν
2955 494 3069 548 ἀλλ’
3094 486 3338 565 ἐτέρως;
3370 495 3436 551 Εἰ
3462 496 3560 565 μὲν
3590 493 3685 550 οῦν

418 594 474 645 Si
506 606 639 662 ergo
675 582 898 661 quidem
928 590 1121 646 eadem
1148 588 1486 660 cogitatione
1521 597 1578 643 et
1613 588 1990 643 differentiam

2102 591 2160 661 τῇ
2176 589 2326 662 ,αὐτῇ
2359 589 2573 661 ἐπινοίᾳ
2620 588 2717 643 καὶ
2743 586 2842 659 τὴν
2870 587 3139 659 διαφορὰν
3189 587 3338 641 ίσασι
3381 587 3483 660 τὴν
3522 605 3685 658 φυσι-

418 685 603 738 sciuht
640 683 922 755 physicam
950 683 1006 737 in
1031 681 1250 745 eodem,
1281 680 1428 736 sicut
1454 679 1600 733 hanc
1629 678 1989 744 conﬁtentur,

418 787 474 832 et
504 777 656 831 illam
684 784 952 846 cogentur
978 793 993 841 ;
1029 783 1126 830 aut
1154 774 1200 830 si
1234 773 1451 843 plasma
1492 779 1579 826 est
1610 770 1735 836 illa,
1762 779 1819 826 et
1850 770 1995 825 hanc

420 870 500 924 sic
528 857 651 924 esse
692 867 904 923 dicent.
956 865 1015 921 Si
1046 882 1182 922 vero
1210 863 1586 920 diﬁ‘erentiam
1630 878 1742 917 non
1786 862 1997 933 cogita-

422 960 571 1013 tione
597 957 693 1013 sed
718 957 979 1013 sensibus
1001 955 1357 1035 considerare
1392 954 1450 1009 in
1472 955 1579 1009 hac
1609 953 1874 1020 dixerint,
1904 952 1994 1007 in-

362 1055 365 1059 ’
419 1050 638 1105 visibile
674 1065 774 1120 per
811 1064 1010 1104 sensus
1040 1047 1236 1103 videre
1273 1044 1638 1110 aﬁirmantes,
1672 1044 1998 1101 admiratio-

422 1158 546 1196 nem
575 1140 974 1212 provocabunt.
1000 1138 1058 1194 Si
1081 1154 1218 1193 vero
1239 1137 1575 1209 cogitatione
1597 1136 1762 1191 ambo
1781 1135 1993 1202 vident,

420 1233 518 1289 sed
550 1230 923 1287 differentiam
950 1230 1177 1301 quidem
1208 1238 1326 1284 arte
1355 1227 1642 1299 iudicandi
1678 1227 1747 1283 de
1772 1226 1998 1283 entibus

414 1336 477 1380 ct
505 1323 861 1394 concipiendi
888 1323 958 1377 de
982 1322 1154 1377 rebus
1175 1336 1344 1391 supra
1369 1335 1589 1386 sensus,
1613 1319 1996 1390 duplicitatem

420 1431 558 1473 vero
600 1424 721 1470 arte
784 1413 1130 1484 excogitandi
1169 1412 1239 1467 de
1286 1412 1456 1467 rebus
1497 1426 1620 1482 qua:
1664 1425 1775 1466 non
1835 1418 1994 1477 sunt;

413 1509 601 1579 ,primo
630 1506 854 1577 quidem
888 1522 990 1561 cur
1016 1520 1127 1559 non
1160 1513 1217 1559 et
1255 1503 1445 1559 decem
1478 1512 1536 1558 et
1585 1502 1782 1573 viginti
1808 1511 1865 1557 et
1898 1502 2001 1557 tri-

415 1603 577 1671 ginta
634 1610 864 1655 naturas
912 1596 1173 1667 ﬁngimus
1208 1595 1265 1649 in
1306 1594 1554 1660 Christo,
1584 1594 1680 1649 sed
1707 1593 1844 1648 duas
1873 1602 1997 1649 tan-

416 1694 574 1748 tum?
602 1692 735 1759 Quis
758 1707 893 1746 vero
911 1690 1094 1759 legem
1123 1688 1279 1743 dedit
1300 1688 1461 1743 nobis
1491 1686 1744 1742 ﬁctiones
1767 1686 1996 1757 dogma-

2099 680 2202 751 κὴν
2243 682 2306 734 ἐν
2331 679 2408 751 τῷ
2442 680 2610 752 αὐτῷ,
2646 678 2840 751 ὥσπερ
2871 679 3080 751 ταύτην
3102 678 3449 751 ὁμολογοῦσι,
3483 680 3669 734 κάκεί-

2099 788 2199 842 νην
2242 772 2789 844 ἀναγκασθήσονταιο
2825 771 2858 841 ἢ
2911 772 2962 824 εἰ
2992 769 3225 841 πλάσμα
3267 770 3424 824 ἐστὶν
3471 770 3683 841 ἐκείνη,

2101 864 2198 916 καὶ
2222 862 2626 935 ταύτηννοῦτως
2656 862 2802 934 ἔχειν
2829 860 3093 929 λέξονται’
3127 862 3177 915 εἰ
3209 861 3267 915 δὲ
3292 860 3392 933 τὴν
3413 860 3686 933 διαφορὰν

2096 955 2197 1009 οὐκ
2247 955 2487 1027 ἐπινοίᾳ,
2520 954 2636 1008 ἀλλ’
2691 954 2943 1024 αἰσθήσει
2985 954 3126 1024 όρᾷν
3175 953 3314 1025 αὐτῇ
3369 952 3596 1015 εῐποιεν,
3627 953 3688 1007 τὸ

2100 1047 2335 1119 ἀόρατον
2367 1045 2643 1117 αἰσθητῶς
2670 1046 2805 1116 ὁρᾷν
2831 1043 3331 1111 διαϐεϐαιούμενοι,
3369 1042 3687 1113 θαυμασθή-

2099 1154 2309 1192 σονταν
2343 1141 2394 1192 εἰ
2440 1138 2497 1191 δὲ
2536 1138 2751 1209 ἐπινοίᾳ
2805 1137 2904 1205 μὲν
2947 1136 3117 1207 ἄμφω
3159 1134 3378 1206 ὁρῶσιν,
3413 1134 3550 1188 ἀλλὰ
3586 1134 3688 1202 τὴν

2100 1226 2201 1298 μὲν
2228 1226 2494 1298 διαφορὰν
2532 1229 2598 1298 τῇ
2632 1227 2740 1279 τῶν
2769 1226 2941 1281 όντων
3006 1227 3229 1298 κριτικῇ
3274 1225 3371 1279 καὶ
3401 1223 3511 1278 τῶν
3545 1224 3684 1295 ὑπὲρ

2098 1319 2352 1391 αἴσθησιν
2376 1318 2780 1390 καταληπτικῇ,
2811 1318 2912 1387 τὴν
2954 1317 3014 1371 δὲ
3049 1318 3220 1372 δυάδα
3244 1320 3310 1389 τῇ
3336 1316 3443 1371 τῶν
3478 1317 3551 1387 μὴ
3591 1315 3697 1369 δνδ·

2095 1426 2207 1466 των
2250 1411 2658 1483 άναπλαστικῇ,
2700 1409 2896 1481 πρῶτα
2940 1407 3044 1480 μὲν
3068 1408 3121 1462 τί
3158 1408 3233 1479 μὴ
3276 1409 3371 1462 καὶ
3408 1407 3543 1462 δέκα
3587 1409 3686 1462 καὶ

2098 1505 2273 1559 εἰκοσι
2307 1504 2404 1556 καὶ
2447 1502 2742 1575 τριάκοντα
2774 1502 2967 1571 φύσεις
2995 1499 3412 1571 ἀναπλάττομεν
3439 1499 3684 1570 Χριστῷ,

2097 1594 2234 1648 ἀλλὰ
2261 1594 2354 1648 δύο
2384 1594 2575 1665 μόνον;
2617 1593 2702 1658 τίς
2739 1594 2797 1647 δέ
2823 1594 2919 1647 καὶ
2953 1590 3353 1664 ἐνομοθέτησεν
3384 1592 3519 1662 ἡμῖν
3547 1590 3686 1645 πλά-

2102 1702 2285 1757 σματα
2316 1687 2667 1756 δογματίζειν
2710 1687 2802 1738 ἐπὶ
2831 1684 3069 1755 Χριστοῦ
3095 1683 3191 1737 τοῦ
3223 1681 3482 1750 ἀληθινοῦ
3519 1682 3684 1742 Θεοῦ,

420 1788 605 1841 tizarc
648 1784 717 1839 de
768 1783 998 1839 Christo
1039 1796 1172 1836 vero
1216 1780 1357 1845 Deo,
1401 1785 1458 1833 et
1503 1778 1813 1849 phantasiis
1862 1778 2000 1834 solis

2102 1778 2196 1832 καί
2235 1778 2565 1847 φαντασίαις
2598 1777 2789 1848 μόναις
2838 1773 3243 1843 ἀπαιωρείσθαι
3299 1775 3401 1843 τὴν
3455 1773 3682 1833 πίστιν;

421 1878 626 1933 auferri
661 1875 856 1930 ﬁdem?
881 1873 1226 1928 idololatram
1254 1886 1398 1937 esse,
1434 1847 1547 1925 non
1574 1872 1647 1926 ab
1679 1880 1861 1937 extra,
1901 1870 1998 1927 sed

2102 1869 2511 1941 εἰδωλολατρεὶν
2542 1869 2598 1924 δὲ
2618 1870 2719 1922 οὐκ
2751 1866 2951 1931 ἔξωθέν
2976 1884 3121 1931 πως,
3147 1865 3263 1919 ἀλλ’
3287 1868 3344 1919 ἐν
3367 1866 3503 1936 αὐτῇ
3530 1865 3688 1934 ἡμῶν

416 1970 477 2023 in
525 1969 640 2038 ipsa
687 1967 869 2021 anima
908 1973 1097 2019 nostra
1136 1979 1259 2033 quae
1310 1978 1421 2016 non
1468 1971 1600 2017 sunt
1638 1960 1996 2033 eﬁingentes,

422 2061 625 2114 deinde
660 2057 1054 2128 mythologiam
1099 2055 1204 2109 hoc
1234 2054 1533 2110 offerentes
1574 2054 1841 2124 reliquiS?
1876 2054 2002 2110 Haec

422 2149 570 2202 cnim
626 2146 792 2210 data,
840 2154 957 2198 tum
1002 2159 1169 2197 omne
1215 2143 1438 2212 pietatis
1483 2142 1840 2233 misterium,
1885 2151 1998 2196 tum

424 2240 718 2310 magistros
750 2250 947 2292 omnes
982 2236 1285 2291 simuluna
1313 2235 1608 2304 opinione,
1638 2234 2001 2290 instabilitate

428 2327 700 2383 mendacii
749 2326 1051 2381 lacerantia
1093 2326 1411 2381 destruunt.
1479 2326 1673 2385 Adhuc
1717 2335 1775 2381 et
1816 2327 2003 2381 dicant

423 2416 595 2473 nobis
624 2433 752 2472 vere
785 2416 831 2472 si
875 2416 1042 2486 igitur
1085 2416 1390 2471 secundum
1435 2418 1578 2473 hanc
1604 2418 2001 2488 cogitationem

423 2509 733 2564 secundum
758 2524 924 2578 quam
953 2508 1094 2562 duas
1121 2508 1316 2563 dicunt
1349 2517 1597 2573 naturas,
1622 2509 1753 2565 licet
1782 2510 2000 2564 cuidam

424 2602 650 2656 Patrum
707 2610 805 2655 aut
863 2602 1241 2671 apostolorum
1293 2600 1481 2656 dicere
1530 2601 1721 2656 decem
1778 2612 2006 2657 naturas

337 2742 346 2750 .
425 2693 670 2756 Christi,
698 2699 793 2746 aut
842 2691 1280 2763 quinquaginta,
1328 2701 1428 2745 aut
1468 2693 1700 2748 cuilibet
1735 2694 1906 2748 vere?
1945 2692 2002 2749 Si

425 2781 574 2838 enim
617 2781 817 2834 liceret
853 2796 985 2834 vere
1036 2780 1255 2842 dicere,
1298 2780 1435 2851 quid
1467 2796 1579 2835 non
1613 2781 2001 2853 dicebantve-

415 2870 593 2936 gum?
626 2870 694 2923 Et
739 2877 892 2930 certe
932 2869 1039 2923 hoc
1083 2869 1394 2938 antiquitus
1436 2870 1492 2922 in
1528 2884 1820 2935 sermone,
1866 2878 2003 2940 quot

425 2971 591 3017 erunt
642 2959 849 3015 Christi
899 2959 1154 3014 natura?
1201 2959 1259 3013 Si
1312 2966 1502 3014 autem
1542 2975 1655 3013 non
1703 2960 1815 3015 sint
1859 2962 2001 3014 ultra

426 3054 570 3109 duas
600 3068 732 3108 vere
778 3051 1157 3122 excogitanda:
1201 3059 1413 3106 natura:
1461 3050 1515 3104 in
1556 3049 1811 3115 Christo,
1851 3058 2006 3121 patet

427 3145 577 3216 quod
608 3160 696 3199 res
727 3159 898 3213 usque
929 3145 996 3199 ad
1032 3143 1181 3198 hunc
1210 3157 1506 3197 numerum
1538 3142 1594 3196 in
1626 3142 1860 3197 veritate
1885 3152 2000 3209 est;

427 3239 472 3293 si
501 3253 632 3291 vero
662 3236 730 3290 de
775 3251 834 3290 re
867 3242 923 3290 et
962 3235 1195 3290 veritate
1243 3233 1509 3304 cogitatio
1531 3242 1648 3301 est,
1692 3232 1824 3302 quid
1872 3249 2005 3303 ergo

432 3331 616 3385 tietive
673 3328 947 3398 cogitatur
995 3336 1053 3382 et
1093 3325 1443 3381 mendaciter
1483 3324 1855 3395 conﬁngitur?
1903 3326 2007 3380 Per

429 3423 535 3476 hoc
567 3421 714 3476 enim
746 3418 1175 3475 discernendum
1206 3416 1536 3487 simpliciter
1563 3416 1632 3470 de
1662 3417 2007 3487 cogitationi-

430 3514 553 3577 bus,
596 3511 746 3582 quod
789 3525 917 3565 vera
943 3508 1172 3579 quidem
1213 3508 1284 3563 de
1327 3507 1725 3563 exsistenlibus
1756 3509 2007 3565 nascitur

430 3603 621 3664 nobis,
648 3599 888 3655 mendax
918 3612 1051 3652 vero
1077 3597 1147 3651 de
1183 3612 1295 3651 non
1321 3596 1721 3652 exsistentibus
1756 3598 2007 3654 nascitur

431 3699 485 3749 in
527 3692 689 3749 nobis
719 3707 731 3738 ε
768 3699 902 3746 sunt
934 3704 1069 3759 ergo
1106 3703 1238 3743 vere
1279 3688 1612 3758 cogitatione
1649 3689 1772 3744 duae
1800 3690 2005 3746 Christi

430 3797 642 3839 naturae
667 3780 679 3834 ἐ
705 3780 915 3835 etenim
945 3787 1002 3831 et
1038 3776 1298 3833 adunatxe
1331 3779 1386 3833 in
1419 3779 1760 3850 c0gitatione
1815 3789 2003 3837 nostra

397 3881 561 3933 sunt
600 3868 1032 3939 eonspectabilia
1092 3876 1303 3922 tantum
1353 3886 1367 3923 :
1425 3869 1575 3939 quod
1628 3870 1775 3925 enim
1808 3879 2004 3927 natura

429 3961 737 4027 invisibile,
773 3974 883 4013 non
912 3956 1043 4029 quia
1081 3958 1269 4012 unitur
1314 3958 1482 4014 alicui
1530 3959 1609 4015 rei
1642 3960 1867 4026 visibili,
1896 3952 2003 4017 nisi

430 4050 770 4121 cogitatione
795 4067 838 4117 ;\
861 4048 960 4104 sed
1010 4047 1233 4117 quando
1278 4048 1504 4117 quidem
1547 4048 1711 4103 simul
1761 4050 2005 4120 cogitare

381 4174 386 4179 -
428 4141 607 4210 plura,
625 4147 682 4192 et
706 4139 774 4192 de
802 4136 1059 4206 pluribus
1083 4151 1243 4190 sensa
1276 4152 1435 4191 mens
1452 4146 1638 4192 nostra
1665 4154 1775 4192 non
1803 4147 2003 4208 potest,

429 4224 747 4283 necessario
776 4232 831 4279 et
858 4221 1256 4277 adunationem
1285 4223 1605 4278 dividentes
1624 4224 1692 4278 ab
1723 4223 2003 4292 adunatis,
2050 4250 2051 4253 η

429 4320 486 4374 in
511 4316 819 4390 iudicando.
849 4315 1243 4370 adunationem
1274 4322 1330 4368 et
1354 4315 1615 4380 adunata,
1637 4315 1889 4372 videmus
1920 4316 2006 4372 di-

428 4419 649 4459 versum
678 4404 947 4473 cujusque
976 4416 1291 4456 sermonem
1315 4417 1331 4468 ;
1360 4408 1417 4456 et
1438 4401 1806 4456 adunato-rum
1828 4404 2006 4475 quod-

2101 1963 2167 2032 τῇ
2196 1959 2367 2031 ψυχῇ,
2399 1959 2471 2013 τὰ
2511 1961 2586 2031 μὴ
2618 1959 2745 2013 ὄντα
2783 1956 3275 2021 ἅναπλαστοῦντας.
3311 1951 3429 2009 εἶτα
3457 1956 3551 2009 καὶ
3583 1973 3681 2025 μυοη

2102 2054 2461 2122 θολογοῦντας
2492 2053 2633 2105 αὐτὰ
2679 2054 2793 2115 τοῖς
2843 2052 3086 2116 λοιποῖςς
3118 2050 3292 2106 ταῦτα
3326 2053 3433 2124 γὰρ
3464 2052 3685 2105 δοθέντα

2102 2145 2215 2197 πᾶν
2257 2161 2312 2196 τε
2341 2145 2402 2197 τὸ
2432 2145 2531 2213 τῆς
2561 2143 2845 2207 εὐσεϐείας
2891 2145 3211 2215 μυστήριον,
3256 2145 3350 2198 καὶ
3393 2142 3686 2207 τοὺςδιδα-

2103 2236 2336 2297 σκάλους
2363 2235 2571 2298 πάντας
2603 2233 2721 2305 ἅμα
2765 2233 2864 2307 μιᾷ
2919 2235 3188 2305 προλήψει
3223 2239 3288 2305 τῇ
3320 2233 3414 2288 τοῦ
3451 2234 3684 2306 ψεύδους
3754 2260 3764 2268 ·

2101 2318 2455 2390 ἀδεϐαιότητι
2481 2320 2816 2393 διασύραντα
2857 2322 3250 2392 καταστρέφει.
3283 2321 3404 2375 Ἔτι
3437 2321 3493 2374 δέ
3526 2320 3682 2390 levi.

2100 2430 2284 2466 τωσαν
2316 2412 2446 2481 ἡμῖν
2474 2410 2664 2477 ὄντως,
2699 2408 2747 2464 εἰ
2770 2410 2957 2480 ἄραγε
2987 2411 3131 2465 κατὰ
3157 2409 3362 2479 ταύτην
3387 2408 3557 2479 αὐτὴν
3584 2408 3686 2479 τὴν

2102 2504 2371 2569 ἐπίνοιαν,
2406 2503 2530 2557 καθ’
2561 2503 2630 2572 ἢν
2661 2502 2759 2556 δῦο
2802 2503 2936 2571 φασί
2979 2502 3079 2566 τὰς
3111 2488 3324 2572 φύσεις,
3366 2501 3546 2566 ἔξεστί
3573 2518 3680 2555 τινι

2103 2591 2368 2662 Πατέρων
2409 2592 2441 2663 ἦ
2468 2592 2786 2646 ἀποστόλων
2818 2594 2994 2648 εἰπεῖν
3031 2593 3164 2665 δέκα
3195 2593 3294 2657 τὰς
3325 2593 3517 2663 φύσεις
3541 2594 3678 2665 Χρι-

2104 2677 2253 2742 στοῦ,
2286 2678 2320 2748 ἢ
2370 2679 2731 2751 πεντήκοντα,
2768 2681 2801 2752 ἢ
2850 2682 3026 2735 οὐδενὶ
3073 2680 3312 2751 άληθῶς.
3351 2682 3413 2736 Εἰ
3444 2681 3544 2751 μὲν
3575 2681 3684 2752 γάρ

2102 2766 2231 2838 ἐξῆν
2262 2769 2479 2837 άληθῶς
2512 2770 2708 2834 εἰπεῖν,
2741 2772 2792 2824 τί
2823 2772 2897 2843 μὴ
2926 2771 3131 2842 ἔφασαν
3174 2772 3441 2843 τάληθέςς
3501 2773 3684 2827 καίτοι

2101 2862 2295 2917 τούτου
2324 2862 2663 2934 ζητουμένου
2691 2865 2879 2932 πάλαι,
2909 2867 3077 2920 πόσαι
3111 2866 3179 2920 ἂν
3212 2862 3320 2921 εἶεν
3358 2868 3600 2938 Χριστοῦ
3626 2866 3682 2919 αἰ

2104 2953 2318 3023 φύσεις.
2363 2954 2429 3007 Εἰ
2491 2955 2549 3008 δὲ
2585 2955 2660 3026 μὴ
2691 2955 2839 3010 ἐστιν
2870 2956 3012 3028 ὑπὲρ
3036 2957 3137 3021 τὰς
3167 2955 3263 3011 δύο
3311 2956 3527 3029 ἀληθῶς
3561 2959 3683 3010 ἐπι-

2106 3044 2301 3121 νοῆσαι
2333 3047 2435 3108 τὰς
2472 3045 2664 3113 φύσεις
2693 3044 2954 3118 Χριστοῦ,
2981 3045 3139 3117 δῆλον
3180 3047 3256 3111 ὡς
3295 3048 3389 3101 τοῦ
3424 3050 3684 3118 πράγμαι

2107 3153 2198 3198 τος
2226 3135 2326 3206 τὴν
2349 3136 2611 3207 ἀλήθειαν
2634 3138 2740 3201 ἕως
2778 3137 2932 3193 τοῦδε
2956 3139 3048 3193 τοῦ
3079 3139 3315 3211 ἀριθμοῦ
3347 3141 3584 3212 ἔχοντος.
3617 3141 3682 3195 Εἰ

2106 3229 2164 3282 δέ
2209 3230 2496 3301 πράγματι
2545 3231 2639 3283 καὶ
2667 3229 2898 3302 ἀληθείᾳ
2926 3232 3293 3303 ἐπινενόηται,
3327 3234 3381 3286 τί
3408 3229 3503 3286 οὖν
3551 3234 3684 3287 ἀνα-

2108 3319 2422 3382 πλαστικῶς
2451 3321 2703 3390 νενόηται
2727 3322 2822 3374 καὶ
2842 3322 3221 3389 πεφάντασται
3242 3322 3483 3393 ψευδῶςς
3511 3322 3687 3393 τούτῳ

2108 3412 2218 3482 γὰρ
2251 3412 2560 3482 διακριτέον
2590 3412 2776 3476 ἁπλῶς
2813 3414 2913 3477 τὰς
2940 3413 3207 3482 ἐπινοίας,
3237 3414 3319 3468 ὅτι
3358 3416 3390 3484 ἡ
3426 3415 3521 3485 μὲν
3550 3416 3683 3484 άλη-

2108 3502 2207 3572 θὴς
2249 3503 2355 3556 ὑπὸ
2397 3503 2505 3557 τῶν
2542 3503 2715 3558 ὄντων
2745 3507 3004 3572 γεννᾶται
3034 3506 3188 3577 ἡμῖν,
3231 3508 3263 3577 ἡ
3296 3507 3353 3561 δὲ
3374 3506 3579 3577 ψευδὴς
3613 3509 3684 3560 τὰ

2110 3593 2186 3665 μὴ
2220 3593 2560 3665 ὅντιαογεννᾷ
2601 3597 2656 3647 ἐν
2688 3597 2838 3665 ἡμῖν.
2894 3595 3047 3650 Εἰσὶν
3091 3595 3185 3651 οὖν
3224 3597 3439 3669 άληθῶς
3483 3580 3575 3652 δύο
3614 3600 3687 3669 τῇ

2108 3688 2323 3759 ἐπινοίᾳ
2367 3690 2425 3742 αἰ
2476 3689 2670 3756 φύσεις
2702 3689 2965 3759 Χριστοῦ
3003 3691 3235 3763 καὶγὰρ
3284 3693 3379 3746 καί
3405 3694 3683 3764 ἡνωμέναι

2105 3785 2171 3853 τῇ
2207 3778 2423 3853 ἐπινοίᾳ
2455 3781 2611 3852 ἡμῶν
2645 3784 2753 3835 εἰσι
2781 3781 3054 3854 θεωρηταί
3084 3783 3266 3854 μόνον·
3298 3784 3358 3838 τὸ
3385 3785 3493 3856 γάρ
3520 3785 3681 3854 φύσει

2106 3873 2356 3944 ἀόρατον,
2386 3873 2500 3926 οὐδ’
2533 3873 2616 3927 ὅτι
2648 3872 2855 3944 ἤνωταί
2883 3891 2990 3928 τινι
3021 3874 3240 3946 ὁρατὸν,
3283 3879 3332 3930 εἰ
3367 3878 3442 3947 μὴ
3471 3880 3537 3949 τῇ
3563 3878 3683 3932 ἐπι-

2105 3964 2247 4032 νοίᾳο
2281 3964 2396 4018 ἀλλ’
2429 3964 2551 4017 ἐπεὶ
2594 3962 2713 4034 ἅμα
2741 3967 2880 4017 νοεῖν
2912 3965 3161 4032 πλείονα,
3202 3966 3299 4021 καὶ
3343 3969 3475 4037 περί
3503 3967 3685 4023 πλειό-

2106 4072 2212 4108 νων
2239 4056 2487 4125 νοήματα
2527 4055 2555 4107 ὁ
2591 4055 2715 4119 νοῦς
2746 4055 2903 4127 ἡμῶν
2951 4057 3010 4111 οὐ
3063 4057 3309 4123 δύναται,
3368 4060 3683 4129 ἀναγκαίως

2105 4146 2199 4199 καί
2226 4147 2324 4214 τὴν
2353 4145 2545 4200 ἕνωσιν
2590 4145 3102 4212 ἀποδιαστέλλοντες
3130 4150 3241 4201 τῶν
3271 4150 3591 4219 ἡνωμένων,
3620 4153 3685 4205 ἐν

2103 4233 2181 4304 τῷ
2206 4234 2413 4304 κρίνειν
2442 4235 2638 4288 ἕνωσιν
2670 4235 2762 4288 καί
2791 4232 3045 4306 ἧνωμένα
3063 4276 3080 4303 ,
3124 4237 3344 4307 δρῶμεν
3376 4238 3466 4291 τὸν
3494 4239 3678 4309 διάφο-

2109 4341 2198 4394 ρον
2227 4324 2460 4377 ἑκάστου
2492 4324 2675 4393 λόγον·
2703 4324 2797 4378 καὶ
2834 4325 2943 4379 τῶν
2983 4326 3276 4397 ἡνωμένων
3304 4326 3534 4382 ἕκαστον
3558 4330 3685 4383 κατ’

2109 4418 2244 4473 ἰδίαν
2274 4417 2627 4484 σκοποῦντες,
2677 4420 2807 4472 ποῖα
2851 4421 2947 4473 καὶ
2980 4423 3105 4474 ποῖα
3138 4421 3249 4493 ἔχει
3281 4422 3393 4476 ῐδια
3421 4424 3685 4495 γνωρίζοο

429 4512 543 4567 que
580 4493 890 4550 secundum
935 4492 1330 4561 preprietatem
1389 4492 1838 4561 considerantes,
1878 4512 2001 4566 quae

2108 4525 2228 4578 μεν·
2260 4509 2308 4561 εἰ
2328 4508 2438 4581 γὰρ
2470 4508 2546 4581 μὴ
2572 4508 2745 4574 οὕτως
2772 4512 3010 4581 γνῶμεν,
3039 4512 3161 4566 οὐδέ
3191 4515 3290 4583 τὴν
3308 4506 3500 4568 ἕνωσιν
3529 4492 3681 4569 νοοῦ-

428 4598 636 4655 etquae
672 4584 843 4639 habet
881 4582 1104 4653 propria
1135 4582 1455 4649 noscimus;
1501 4583 1547 4639 si
1585 4585 1731 4639 enim
1770 4602 1879 4641 non
1920 4587 2001 4642 sic

336 4670 339 4673 ’
428 4672 847 4747 cognoscimus,
878 4689 989 4727 non
1017 4673 1412 4728 adunationem
1440 4675 1837 4749 intelligimus;
1884 4678 2000 4748 ipsa

427 4764 577 4824 enim
612 4769 710 4837 per’
730 4774 978 4823 mutuam
1005 4766 1411 4837 proprietatum
1446 4769 1999 4827 communicationem

428 4858 808 4928 conspicitur;
856 4857 1023 4913 simul
1063 4873 1197 4912 vero
1247 4866 1445 4913 cuncta
1497 4859 1735 4914 adunata
1778 4870 1835 4917 et
1876 4878 2004 4932 pro-

430 4947 701 5017 prietates
757 4960 950 5000 eorum
975 4984 990 5009 ,
1035 4953 1091 4998 et
1120 4943 1474 5000 adunationis
1507 4947 1875 5017 proprietates
1911 4964 2003 5004 co-

429 5039 639 5110 gitare,
678 5052 789 5091 non
833 5044 920 5093 est
959 5037 1094 5099 ulli,
1140 5052 1248 5090 una
1283 5045 1338 5091 et
1389 5039 1623 5107 simplici
1669 5038 2003 5111 imaginandi

429 5128 665 5183 actione.
703 5126 1022 5181 Necessario
1051 5141 1181 5197 ergo
1223 5127 1590 5183 adunatorum
1622 5131 1848 5199 quidem
1883 5132 2001 5186 dis-

432 5217 733 5272 tinctiones
800 5204 1105 5269 secundum
1160 5215 1492 5286 imaginandi
1542 5219 1653 5273 vim
1693 5219 2005 5290 efﬁngimus

428 5305 795 5376 cogitatione;
827 5303 922 5357 sed
954 5312 1009 5356 et
1040 5303 1172 5358 illud
1194 5345 1207 5368 ,
1242 5321 1353 5359 non
1379 5306 1446 5359 ad
1492 5308 1873 5362 mentiendum
1905 5324 2000 5362 co-

429 5395 694 5465 gitatione
724 5395 778 5448 in
803 5393 964 5448 nobis
992 5394 1126 5464 ipsis
1154 5396 1222 5451 de
1256 5412 1439 5450 rerum
1471 5408 1997 5469 coagmentataruin,

372 5539 377 5545 ,
430 5502 541 5540 non
593 5486 740 5541 enim
790 5485 884 5540 hic
930 5496 1049 5540 erat
1102 5486 1250 5553 ﬁnis,
1282 5489 1375 5543 sed
1415 5506 1480 5542 eo
1505 5490 1652 5559 quod
1695 5507 1760 5544 ex
1801 5500 2001 5567 natura

379 5572 387 5582 ”
429 5588 616 5634 nostra
664 5578 1047 5645 mendacium,
1095 5589 1151 5634 ut
1190 5578 1267 5634 ita
1313 5580 1531 5646 dicam;
1577 5602 1595 5631 ι
1625 5583 1819 5653 omnis-
1850 5584 2000 5638 enim

429 5671 595 5724 homo
627 5669 857 5722 mendax
882 5672 918 5721 '.
944 5685 960 5717 ι
985 5668 1091 5735 Qui
1116 5671 1262 5724 enim
1291 5672 1342 5724 in
1373 5687 1481 5724 uno
1507 5671 1801 5740 nequimus
1830 5672 2000 5726 multa

458 5811 461 5814 ν
535 5785 546 5813 ¹
585 5781 740 5833 Rom.
772 5797 848 5846 ιιι,
895 5782 953 5835 4.

2106 4616 2225 4669 μεν·
2262 4598 2404 4669 αῦτη
2437 4599 2551 4671 γὰρ
2589 4600 2677 4654 διά
2709 4600 2809 4671 τῆς
2840 4602 3165 4668 ἀντιδόσεως
3209 4604 3315 4658 τῶν
3361 4605 3506 4659 ἰδίων
3547 4607 3687 4662 καθα
3756 4612 3773 4628 ¹

2100 4692 2325 4762 ορᾶται·
2365 4689 2482 4759 ἃμα
2506 4690 2565 4743 δὲ
2593 4690 2773 4745 πάντα
2798 4692 2871 4745 τὰ
2897 4694 3176 4765 ἡνωμένα,
3211 4696 3306 4749 καὶ
3336 4696 3407 4749 τὰ
3440 4696 3549 4751 ῐδια
3580 4699 3676 4751 αὖ-

2100 4774 2229 4844 τῶν,
2283 4779 2377 4834 καὶ
2412 4780 2480 4834 τά
2511 4783 2613 4851 τῆς
2650 4780 2897 4845 ἐνὼσεως
2927 4784 3041 4839 ῐδια
3071 4789 3231 4850 νοεῖν,
3268 4787 3368 4840 οὐκ
3408 4787 3555 4840 ἐστιν
3584 4774 3680 4840 οῦ-

2100 4870 2211 4924 δενὶ
2237 4870 2338 4940 μιᾷ
2360 4870 2453 4923 καὶ
2484 4869 2628 4941 ἁπλῇ
2664 4872 2962 4944 φαντασίᾳ.
2991 4874 3331 4943 Ἀναγκαίως
3348 4870 3442 4930 οὖν
3468 4875 3568 4940 τὰς
3582 4877 3686 4945 μὲν

2101 4958 2383 5022 διαστολὰς
2410 4959 2519 5012 τῶν
2553 4961 2846 5031 ἠνωμένων
2882 4966 3027 5018 κατὰ
3075 4966 3376 5034 φαντασίαν
3406 4967 3673 5021 ἀναπλάτο

2100 5065 2268 5116 τομεν
2305 5052 2373 5121 τῇ
2405 5050 2645 5121 ἐπινοίᾳ⁸
2680 5052 2816 5108 ἀλλὰ
2848 5056 2947 5108 καὶ
2969 5054 3106 5121 τόδε,
3146 5057 3206 5109 οὐ
3241 5056 3329 5110 διὰ
3365 5057 3426 5111 τὸ
3472 5058 3678 5128 ψεύσα-

2103 5140 2226 5193 σθαι
2255 5142 2323 5211 τῇ
2356 5141 2573 5212 ἐπινοίᾳ
2594 5143 2654 5197 ἐν
2678 5145 2895 5210 ἑαυτοῖς
2922 5147 3023 5217 τὴν
3042 5147 3311 5220 διάκρισιν
3330 5148 3439 5204 τῶν
3462 5167 3685 5218 συγκει-

2112 5230 2314 5299 μένωνο
2370 5230 2432 5284 οὐ
2466 5234 2574 5302 γὰρ
2618 5228 2774 5296 οὗτος
2806 5230 2874 5306 ἦν
2919 5237 3148 5301 σκοπὸς,
3188 5237 3326 5291 ἀλλὰ
3371 5238 3460 5292 διὰ
3491 5241 3553 5294 τὸ
3580 5240 3683 5310 τῆς

2101 5319 2315 5388 φύσεως
2344 5321 2377 5390 ἠ
2386 5320 2502 5390 μῶν
2530 5321 2745 5391 ψευδὲς,
2766 5322 2842 5384 ὡς
2860 5327 3057 5379 εἰπεῖν’
3092 5346 3109 5378 ι
3137 5329 3245 5392 πᾶς
3266 5328 3376 5400 γὰρ
3397 5329 3688 5400 ἄνθρωπος

2099 5409 2342 5480 ψεύστης
2380 5425 2393 5439 ⁸
2410 5431 2446 5477 λι
2476 5414 2535 5465 οὐ
2562 5413 2877 5484 δυναμένων
2907 5416 2997 5485 ὑφ’
3012 5417 3070 5469 ἓν
3086 5417 3154 5470 τά
3169 5419 3341 5475 πολλὰ
3355 5422 3517 5488 νοείν,
3538 5422 3683 5490 ἡνω-

2104 5501 2261 5566 μένα,
2285 5504 2333 5551 εἰ
2369 5500 2443 5570 μὴ
2476 5502 2564 5555 διά
2590 5500 2746 5556 τοῦδε
2770 5503 2865 5557 τοῦ
2900 5505 3105 5576 τρόπου
3136 5509 3449 5578 ἐπιστῶμεν
3472 5512 3538 5581 τῇ
3572 5510 3687 5562 τῶν

2101 5589 2395 5657 ήνωμὲνων
2422 5590 2673 5663 ἀληθείᾳ,
2722 5592 2863 5646 πόσα
2899 5612 2959 5647 τε
3008 5598 3102 5650 καὶ
3129 5598 3290 5653 ὁποῖα
3322 5597 3503 5663 ἰδικῶς
3533 5602 3682 5652 ἐστιν

2100 5674 2352 5734 ἕκαστον
2389 5683 2579 5738 τούτου
2628 5685 2685 5739 δὲ
2722 5686 2803 5757 μὴ
2830 5687 3189 5754 γνωσθέντος,
3243 5689 3351 5743 οὐδ’
3386 5692 3467 5744 ὅτι
3510 5689 3688 5753 ὄντως
