4034 6398
316 334 400 399 2⁸ῒί
414 340 460 400 T

1440 352 1739 419 CONTRA
1783 362 2388 425 MONOPIIYSITAS.

3466 377 3601 444 1778

312 454 540 509 πλείονα
560 456 772 526 ἦνωταί
799 477 924 515 τινα
947 462 1452 536 καταληφθήσεται.
1475 469 1778 539 Ἀγνοεῖται
1808 476 1902 545 ἄρα

2018 479 2262 548 cogitare
2299 478 2585 543 adunata,
2628 481 2732 535 nisi
2766 496 2868 551 per
2899 482 3050 538 b‘unc
3085 485 3313 541 nimium
3337 489 3596 546 intenda-

312 548 405 599 καὶ
440 548 490 620 ἡ,
510 550 715 615 ἐνωσις
743 552 848 606 οὐκ
872 549 1030 619 οὖσα,
1055 556 1150 610 καὶ
1183 557 1397 630 ἐπινοίᾳ
1422 559 1609 630 ψευδεῖ
1634 562 1916 630 διάστασις

309 638 421 689 τῶν
443 639 778 711 ἠνωμένων,
805 642 899 697 ἵνα
924 645 1142 718 ἐπινοίᾳ
1187 646 1384 720 ἀληθεί
1411 652 1630 724 γνωσθῇ
1659 656 1691 726 ὴ
1723 655 1917 721 ἓνωσὶς

309 730 519 797 αὐτῶν,
552 731 923 809 λαμϐάνεται⁹
955 735 1014 788 ἓν
1034 736 1144 809 γὰρ
1174 737 1337 808 μόνον
1369 741 1558 810 ὀρῶσὰ
1583 762 1636 797 τι
1662 747 1709 817 ἡ,
1729 747 1919 819 αἴσθη-

310 837 421 884 σις,
448 821 580 875 οὔτε
623 826 673 878 εί
704 825 869 893 φύσει
912 825 1041 882 οὔτε
1086 831 1136 883 εί
1172 828 1365 885 ἐνὼσει
1396 834 1544 888 ἐστὶν
1574 834 1654 901 ἓν,
1693 836 1919 894 δύναται

309 912 640 984 διακρίνειν.

312 1015 584 1061 noscatur
647 1008 918 1067 adunatio
975 1028 1207 1081 eorum,
1255 1017 1610 1090 intelligitur.
1656 1021 1905 1093 Namque
1945 1041 2116 1081 unum
2189 1036 2403 1084 tantum

312 1108 460 1160 tura,
489 1115 598 1154 nec
624 1101 672 1155 si
706 1101 1048 1161 adunatione
1076 1114 1162 1162 est
1185 1124 1355 1164 unum
1390 1113 1714 1184 dignoscere
1732 1116 1911 1172 valet..

382 1193 476 1242 ια’.
531 1189 595 1241 Ἦ
633 1190 735 1260 μία
778 1191 965 1259 φύσις,
1015 1186 1276 1265 ἦν’φατε,
1323 1199 1566 1268 ἀδελφοὶ,
1620 1204 1761 1274 μετὰ
1811 1206 1913 1275 τὴν

306 1279 531 1346 ἕνωσιν,
562 1280 597 1351 ἢ
624 1283 800 1354 ταυτὴ
832 1284 987 1339 ἐσται
1028 1287 1108 1354 τῷ
1134 1288 1491 1363 ἀριθμῷ-μία
1523 1295 1634 1350 τῶν
1663 1295 1772 1367 πρὸ
1811 1296 1911 1366 τῆς

308 1370 568 1437 ἐνὼσεως
591 1373 836 1441 φύσεων,
869 1376 929 1442 ἐξ
971 1368 1048 1432 ὧν
1076 1379 1267 1449 λέγετε
1301 1379 1445 1439 εἶναι
1485 1385 1658 1458 αὐτὴν
1684 1387 1781 1442 δύο
1804 1388 1906 1458 φύ-

308 1481 474 1530 σεων,
510 1463 546 1534 ἢ
581 1465 728 1536 οὐχί.
756 1467 821 1520 Εἰ
846 1468 947 1538 μὲν
968 1464 1065 1523 οὖν
1093 1472 1156 1526 οὐ
1182 1473 1379 1545 ταυτὴ,
1402 1475 1552 1553 οὒχδὸ
1582 1478 1748 1544 αὐτός
1776 1479 1923 1545 Θεδςν

306 1557 336 1607 ὁ
369 1555 482 1626 πρὸ
513 1558 743 1628 σαρκὸς,
765 1559 861 1614 καὶ
887 1562 947 1614 ἐν
968 1563 1158 1635 σαρκὶ,
1184 1565 1352 1634 ἦγουν
1372 1570 1401 1622 ὁ
1427 1568 1568 1638 μετὰ
1588 1569 1687 1640 τὴν
1708 1570 1908 1628 ἕνωσιν

308 1646 403 1699 καὶ
436 1646 548 1713 πρὸ
581 1648 684 1719 τῆς
722 1648 995 1716 ἐνὼσεως,
1036 1646 1120 1716 εἷς
1150 1653 1240 1724 τῷ
1276 1655 1518 1728 ἀριθμῷ,
1556 1659 1673 1713 ἀλλ’
1720 1660 1910 1734 ἕτερος

305 1738 365 1788 ἐν
389 1735 475 1807 τῷ
512 1737 682 1809 λόγῳ,
724 1740 821 1793 καὶ
849 1741 1041 1814 ἐτερος
1073 1745 1131 1798 ἐν
1165 1746 1389 1819 Χριστῷ
1413 1765 1427 1778 ’
1458 1752 1507 1803 εξ
1540 1749 1597 1804 δὲ
1625 1752 1800 1825 ταυτὴ
1831 1753 1909 1826 τῷ

302 1827 534 1900 ἀριθμῷ
558 1832 627 1901 τῇ
660 1830 758 1884 τοῦ
795 1832 973 1903 Λόγου
992 1833 1155 1906 φύσει
1181 1838 1355 1904 ἐστὶν,
1395 1840 1640 1912 ἄσαρκος
1681 1842 1789 1916 ἄρα
1815 1846 1911 1901 καὶ

305 1917 451 1988 μετὰ
476 1920 580 1990 τὴν
613 1920 814 1978 ἐνωσιν
839 1926 868 1979 ὁ
896 1925 1091 1996 Λόγος,
1112 1926 1148 1999 ἢ
1187 1929 1445 1997 σύνθετος
1476 1935 1642 2006 σαρκὶ
1670 1937 1766 1993 καὶ
1801 1937 1910 2009 πρὸ

301 2009 408 2080 τῆς
443 2009 729 2079 ἐνώσεως.

376 2190 472 2288 ιβ’.
510 2194 630 2288 Πᾶν
657 2195 723 2250 τὸ
764 2196 846 2266 ὃν,
875 2201 1156 2275 κτιστδνῆ
1202 2204 1460 2268 ἄκτιστόν
1497 2211 1652 2266 ἐστι·
1686 2215 1750 2267 τὺ
1792 2214 1901 2288 γὰρ

299 2283 513 2337 τούτων
548 2284 742 2356 μέσον,
773 2289 900 2343 οὐδὲ
947 2293 996 2344 οἱ
1043 2295 1171 2359 τοὺς
1201 2298 1585 2368 τραγελάφους
1618 2283 1901 2361 ἅναπλάτλ

262 2380 273 2389 ‘
295 2393 512 2468 τοντες,
548 2378 736 2443 καθώς
766 2397 934 2452 φησιν
967 2385 995 2437 ὁ
1039 2384 1249 2458 Πατὴρ,
1277 2388 1641 2447 δώσουσιν.Εί
1668 2390 1763 2450 οὖν
1801 2396 1901 2468 μία

296 2465 467 2534 φύσις
496 2469 621 2520 ἐστὶ
648 2469 914 2538 Χριστοῦ,
949 2471 1110 2549 εζπερ
1158 2474 1415 2542 ἄκτιστός
1458 2480 1600 2547 ἐστι,
1638 2482 1722 2546 τίς
1772 2465 1812 2555 ήή
1836 2487 1902 2540 ἐκ

294 2556 398 2625 τῆς
425 2557 598 2626 ἁγίας
630 2559 913 2628 Παρθένου
938 2577 954 2624 ;
990 2565 1038 2617 εί
1066 2565 1123 2618 δὲ
1145 2570 1340 2644 κτιστή
1368 2571 1509 2636 ἐστι,
1529 2570 1619 2633 τίς
1642 2574 1675 2642 ή
1705 2573 1901 2644 όμοού-

296 2664 415 2712 «to;
445 2649 529 2720 τῷ
558 2652 805 2723 ἀκτίστῳ
826 2653 1008 2727 Π-ατρί
1033 2672 1049 2721 ;
1082 2657 1284 2728 ὁμοίως
1316 2660 1371 2713 δέ
1401 2663 1496 2714 καὶ
1526 2664 1577 2715 εί
1611 2664 1899 2736 ἀγένητος,

292 2741 392 2792 καὶ
414 2742 468 2793 εἰ
502 2740 739 2812 ἄχρονος
768 2741 911 2817 αὕτη
941 2747 1084 2815 ἐστὶ,
1125 2749 1208 2813 τίς
1237 2752 1272 2821 ἠ
1305 2754 1577 2827 γενομένη
1604 2758 1669 2810 ἐκ
1706 2775 1901 2827 γυναι-

291 2831 428 2899 κό;;
465 2835 567 2886 καὶ
596 2834 757 2887 τοῦτο
784 2836 874 2890 ὅτε
918 2832 1053 2909 ἦλθε
1084 2840 1144 2894 τὺ
1186 2841 1462 2915 πλήρωμα
1493 2845 1589 2900 τοῦ
1618 2840 1909 2919 χρόνουένί

290 2922 553 3010 ὑστέροις
587 2928 822 2997 καιροῖς·
855 2928 905 2980 εί
937 2927 992 2982 δέ
1024 2931 1227 3003 γενητὴ
1270 2934 1366 2987 καὶ
1416 2935 1522 2988 ὑπὸ
1557 2937 1774 3010 χρόνου,
1815 2941 1900 3007 τίς

287 3013 362 3107 ρι’
390 3009 462 3107 ἧς
493 3016 681 3071 πάντα
714 3018 933 3088 γέγονε,
966 3022 1061 3075 καὶ
1087 3022 1157 3077 δι’
1185 3020 1254 3098 ἧς
1278 3027 1404 3090 τοὺς
1427 3009 1629 3095 αἰῶνας
1653 3035 1681 3086 ὁ
1708 3033 1896 3107 Πατὴρ

287 3104 571 3176 ἐποίησες
619 3109 717 3162 καὶ
756 3109 877 3175 πῶς
917 3112 1059 3184 μήτε
1115 3116 1295 3188 ἀρχὴν
1343 3118 1516 3191 ζωῆς,
1565 3123 1702 3194 μηδέ
1742 3104 1898 3190 τέλος

288 3197 527 3288 ἡμερῶν
555 3198 698 3270 ἔχων
717 3202 745 3253 ὁ
765 3202 1024 3273 Χριστὸς,
1056 3206 1200 3260 κατά
1222 3225 1280 3261 τε
1310 3209 1429 3264 τόδε
1455 3213 1898 3288 ἀφομοιούμενος

2020 580 2146 619 mus
2172 564 2227 619 in
2254 565 2625 621 adunatorum
2656 569 2913 637 veritate,
2937 587 3062 640 qum
3089 580 3145 628 et
3168 574 3353 643 qualia
3378 582 3601 647 proprie

2017 656 2458 728 uniuscujusque
2514 658 2644 714 sint.
2694 660 2813 716 Hoc
2862 678 2995 718 vero
3039 664 3275 735 ignoto,
3309 683 3415 723 nec
3453 672 3601 739 quod

2018 748 2199 818 reipsa
2219 751 2377 821 plura
2393 746 2708 807 adunantur
2724 755 2975 824 quaedam
2996 756 3350 830 intelligetur
3375 777 3388 814 :
3413 760 3599 831 ignota

2017 856 2149 913 ergo
2179 852 2365 898 manet
2386 852 2441 898 et
2466 842 2733 923 adunatio
2757 862 2880 917 quae
2907 857 3149 917 nonest;
3179 860 3236 907 et
3268 853 3602 923 cogitatione

2017 935 2270 991 mendaci
2310 936 2513 993 divisio
2551 936 2959 1008 adunatorum,
2999 951 3063 997 ut
3093 945 3432 1016 cogitatione
3470 962 3600 1001 vera

2441 1029 2577 1101 quid
2620 1030 2818 1087 videns
2858 1035 3243 1104 sensibilitas,.
3270 1038 3461 1095 necsi
3500 1054 3595 1092 na-

2087 1200 2173 1254 11.
2206 1201 2301 1257 Illa
2332 1203 2494 1260 unica
2524 1215 2719 1263 natura
2740 1250 2755 1275 ,
2788 1223 2954 1279 quam
2988 1210 3601 1289 dicitis,.l‘ratres,post

2011 1292 2078 1347 ad
2087 1294 2425 1363 unationem,
2442 1296 2637 1353 eadem
2653 1299 2762 1354 erit
2778 1316 3012 1357 numero
3023 1319 3132 1360 una
3147 1320 3312 1374 quam
3330 1308 3455 1364 duae
3470 1320 3599 1366 ante

2010 1386 2402 1445 adnnationem
2433 1400 2666 1458 naturae,
2710 1407 2778 1449 ex
2801 1410 2869 1451 eo
2900 1398 3050 1468 quod
3088 1399 3274 1457 dicitis
3297 1415 3422 1458 eam
3459 1405 3598 1462 dua-

2011 1494 2136 1532 rum
2167 1488 2493 1538 naturarum
2510 1499 2653 1550 esse,
2683 1496 2781 1542 aut
2814 1502 2952 1546 non.
2984 1489 3042 1545 Si
3059 1491 3229 1564 igitur
3247 1509 3359 1550 non
3374 1497 3601 1568 quidem

2008 1570 2227 1638 eadem,
2257 1588 2368 1628 non
2402 1574 2549 1629 idem
2585 1576 2730 1632 Deus
2775 1587 2903 1634 ante
2943 1595 3172 1638 carnem
3221 1591 3280 1639 et
3318 1584 3379 1640 in
3409 1600 3595 1653 carne,

2009 1663 2236 1720 scilicet
2255 1665 2348 1721 ille
2378 1677 2503 1736 post
2533 1669 2925 1729 adunationem
2954 1681 3015 1727 et
3047 1683 3174 1733 ante
3205 1677 3597 1736 adulationem

2011 1767 2154 1807 unus
2179 1752 2234 1836 in
2256 1768 2510 1820 numero,
2529 1744 2787 1836 sed‘al'ter
2808 1758 2862 1814 in
2886 1761 3091 1828 Verbo,
3119 1766 3406 1821 etalterin
3431 1766 3597 1823 ϐίη-ῖς
3678 1820 3679 1823 η

2008 1850 2115 1896 sto.
2169 1835 2226 1897 Si
2270 1858 2404 1899 vero
2445 1845 2639 1900 eadem
2673 1835 2908 1904 numero
2947 1864 3015 1905 ac
3043 1861 3243 1908 natura
3280 1854 3457 1910 Verbi.
3487 1864 3593 1919 est,

2010 1934 2220 2005 absque
2268 1951 2433 2003 carne
2473 1953 2604 2010 ergo
2638 1948 2693 1995 et
2727 1949 2853 2011 post
2894 1943 3285 2001 adunationem
3325 1946 3590 2008 Verbum.

1932 2012 1981 2072 Β
2008 2036 2106 2082 aut
2150 2029 2519 2100 compositum
2558 2046 2623 2086 ex
2669 2047 2837 2089 carne
2885 2033 3054 2090 etiam
3108 2044 3239 2093 ante
3293 2036 3590 2103 adunatio-

2004 2134 2157 2176 nem.

2076 2212 2163 2268 12.
2204 2212 2316 2268 Ens
2330 2228 2494 2270 omne
2522 2226 2767 2272 creatum
2789 2228 2888 2275 aut
2908 2219 3219 2275 increatum
3245 2229 3362 2287 est;
3391 2210 3589 2276 horum

2002 2303 2152 2358 enim
2187 2304 2432 2360 medium
2476 2321 2581 2361 nec
2621 2307 2715 2377 qui
2761 2310 3110 2380 tragelapbos
3158 2310 3399 2381 lingunt,
3447 2311 3593 2367 sicut

2002 2390 2140 2446 dicit
2175 2392 2359 2457 Pater,
2397 2392 2627 2449 dabunt.
2677 2393 2735 2450 Si
2757 2395 2926 2467 igitur
2973 2413 3080 2451 una
3112 2395 3320 2453 Christi
3371 2405 3589 2459 natura.

2002 2481 2050 2537 si
2075 2481 2321 2538 increata
2349 2491 2456 2550 est,
2494 2496 2749 2555 quamam
2782 2501 2906 2556 qua:
2935 2504 3005 2542 ex
3049 2487 3207 2543 beata
3248 2488 3511 2560 Virgine?
3534 2489 3591 2544 Si

2000 2589 2132 2629 vero
2179 2585 2402 2641 creata,
2446 2592 2699 2646 quaenam
2747 2586 2833 2633 est
2870 2579 3119 2650 ejusdem
3168 2597 3294 2636 cum
3342 2581 3592 2638 increato

2001 2665 2162 2732 Patre
2203 2667 2565 2723 substantiae?
2611 2668 2880 2726 Similiter
2908 2686 3042 2726 vero
3080 2672 3184 2728 etsi
3230 2673 3501 2744 ingenita,
3533 2684 3590 2729 et

2000 2756 2047 2813 si
2075 2757 2284 2829 absque
2309 2767 2557 2830 tempore
2573 2761 2645 2816 sit
2670 2760 2784 2827 illa,
2807 2776 3057 2831 quaenam
3081 2771 3207 2817 nata
3229 2779 3299 2819 ex
3323 2763 3590 2819 muliere?

1999 2848 2069 2906 Et
2093 2849 2230 2907 illud
2270 2851 2496 2921 quando
2525 2852 2679 2907 venit
2698 2853 2990 2923 plenitudo
3021 2855 3292 2925 temporis
3317 2855 3373 2910 in
3402 2856 3590 2911 novis-

1999 2943 2156 2999 simis
2198 2944 2757 3014 opportunitatibus;
2801 2945 2851 3002 εἰ
2877 2962 3012 3002 vero
3047 2949 3335 3019 generatio
3378 2956 3442 3004 et
3480 2951 3588 3005 sub

1999 3042 2269 3104 tempore.
2313 3050 2560 3104 quaenam
2584 3034 2676 3090 illa
2715 3050 2999 3106 perquam
3024 3037 3395 3093 omnia-facta
3431 3051 3596 3101 sunt,

1996 3132 2056 3178 et
2084 3139 2185 3193 per
2222 3139 2389 3194 quam
2427 3123 2561 3180 fecit
2591 3125 2792 3180 saecula
2819 3123 3028 3181 Pater?
3074 3127 3143 3182 Et
3171 3127 3453 3197 quomodo
3481 3143 3588 3184 nec

1997 3214 2296 3270 exordium
2320 3215 2471 3280 vitae,
2504 3231 2609 3272 nec
2644 3216 2809 3272 linem
2849 3217 3062 3274 habens
3098 3219 3313 3275 dierum
3334 3218 3588 3276 Christus

285 3287 371 3359 τῷ
400 3289 794 3382 ηελχισεδέιη
840 3294 903 3350 τὸ
950 3296 1059 3368 γὰρ
1088 3298 1240 3371 αὐτῷ
1272 3299 1333 3353 ἐν
1377 3302 1520 3357 κατὰ
1566 3305 1629 3359 τὸ
1673 3287 1810 3361 αὐτὸ
1837 3308 1895 3360 ἐν

2004 3314 2051 3362 et
2086 3316 2312 3377 propter
2330 3307 2436 3363 hoc
2451 3307 2788 3364 assimilatus
2814 3309 3255 3366 Melchisedech?
3275 3311 3412 3367 Nam
3430 3300 3586 3382 ~quod

287 3380 474 3450 ταυτῷ
502 3382 616 3435 τῶν
652 3384 916 3440 ἐναντίων
946 3389 1073 3452 τοὺς
1100 3388 1295 3456 λόγους
1320 3392 1421 3447 οὐκ
1446 3395 1781 3465 ἐπιδέξεται,
1819 3398 1895 3463 ὡς

2004 3396 2054 3450 in
2088 3412 2147 3452 se
2185 3414 2358 3452 unum
2397 3406 2503 3463 est,
2524 3399 2829 3454 secundum
2856 3399 3004 3455 idem
3036 3400 3094 3455 in
3131 3400 3327 3457 eodem
3361 3410 3586 3457 contra-

289 3469 563 3533 πολλάκις
587 3472 830 3545 εἴρηται.

362 3559 465 3630 sf.
498 3560 563 3614 '0
595 3563 828 3636 μεσίτης
851 3564 991 3620 Θεοῦ
1036 3568 1131 3623 καὶ
1160 3568 1468 3641 ἀνθρώπων
1496 3568 1609 3645 ἆρά
1636 3590 1701 3644 γε
1728 3575 1894 3647 μέσος

288 3656 479 3719 αὐτοῖς
509 3649 659 3710 εἶναι
681 3656 833 3711 δοκεῖ
862 3658 995 3729 ὑμῖν
1028 3661 1123 3715 καὶ
1153 3662 1298 3717 κατὰ
1320 3664 1413 3718 τὸν
1451 3666 1681 3736 φυσικὸν
1712 3666 1892 3737 λόγον,

294 3747 330 3818 ἢ
361 3747 533 3819 μόνον
578 3749 728 3804 κατὰ
765 3752 1057 3823 γνωμικὴν
1097 3752 1300 3825 σχέσιν,
1336 3756 1432 3810 καὶ
1450 3757 1895 3829 βυμϐιὸαστικὸν

294 3840 545 3908 σκοπόν;
585 3841 655 3894 Et
688 3841 791 3913 μὲν
813 3841 1065 3899 οὖνκατὰ
1089 3845 1316 3919 γνώμην
1347 3846 1532 3918 μόνον,
1560 3850 1706 3905 κατὰ
1729 3851 1895 3921 φύσιν

291 3929 324 4001 ἢ
355 3930 597 4004 Θάτερον
619 3932 735 3986 τῶν
761 3932 879 4001 δύο,
910 3934 945 4008 ἢ
971 3935 1165 4006 ἕτερόν
1194 3936 1247 3990 τί
1294 3939 1413 3993 ἐστι
1459 3940 1614 4012 παρὰ
1657 3941 1727 3996 τὰ
1762 3943 1891 3998 δύο*

290 4026 340 4077 εἰ
369 4025 429 4079 δέ
448 4023 571 4089 οὖν,
594 4026 813 4099 ἀνάγκη
843 4029 942 4082 καὶ
972 4028 1116 4083 κατὰ
1142 4029 1308 4099 φύσιν
1337 4026 1478 4087 εἶναι
1499 4035 1664 4090 αὐτὸν
1688 4036 1854 4109 μέσον
1876 4055 1891 4073 ·

289 4116 352 4170 τὺ
384 4117 444 4172 δέ
479 4117 679 4189 μέσον,
717 4119 1000 4192 ἀνάγκηῆ
1033 4119 1318 4195 οὐδέτερον
1353 4122 1462 4177 τῶν
1503 4125 1892 4198 μεσαζομένων

296 4210 555 4282 μετέχειν
579 4210 693 4265 ἀπὸ
719 4210 927 4284 μέρους
953 4213 1240 4285 ἐκατέρου,
1261 4214 1296 4285 ἢ
1320 4214 1460 4269 ὅλων
1480 4216 1588 4273 τῶν
1614 4218 1893 4291 ἑκατέρων

291 4301 469 4373 λόγων
486 4318 502 4335 ·
538 4302 572 4358 δ
597 4301 888 4374 βούλεσθε,
913 4305 1048 4375 ἡμῖν
1070 4304 1465 4377 ἀποκρίνασθε.

362 4565 447 4620 to".
477 4566 538 4619 Ὀ
560 4564 892 4629 Ἀπόστολος
923 4566 1067 4637 μετὰ
1094 4567 1197 4639 τὴν
1225 4565 1423 4621 ἕνωσιν
1458 4567 1662 4641 δηλαδὴ
1691 4569 1787 4642 τὴν
1823 4570 1892 4624 LVI

289 4656 518 4731 Χριστῷ
560 4657 841 4713 λαϐοὖσὰν
872 4676 934 4712 τε
975 4659 1072 4714 καὶ
1107 4658 1417 4731 ληφθεῖσαν
1459 4661 1685 4733 μορφὴν
1721 4658 1884 4730 οἶδεν,

1997 3487 2063 3543 rii
2104 3489 2407 3544 verbavnon
2430 3490 2700 3555 admittit,
2748 3499 2809 3547 ut
2834 3506 2977 3561 saepe
3007 3491 3235 3547 dicitur.

2068 3578 2155 3633 l5.
2188 3580 2458 3636 Mediator
2485 3580 2584 3636 Dei
2605 3588 2663 3636 et
2691 3580 3002 3646 hominum,
3033 3598 3168 3638 num
3204 3581 3422 3638 medius
3452 3581 3586 3653 ipsis

1996 3685 2119 3727 esse
2159 3670 2383 3727 videtur
2419 3672 2582 3728 vobis
2611 3681 2668 3728 et
2699 3672 3005 3729 secundum
3040 3672 3267 3745 physica
3298 3674 3490 3740 verba,
3513 3691 3581 3739 an

1997 3769 2209 3818 tantum
2242 3762 2299 3818 in
2348 3764 2706 3820 sententiosis
2763 3765 3130 3821 relationibus
3162 3774 3220 3822 et
3270 3758 3338 3822 ad
3375 3782 3583 3822 conve-

1996 3850 2224 3907 nientia:
2252 3840 2596 3909 consilium?
2623 3853 2679 3909 Si
2715 3853 2885 3925 igitur
2913 3855 3581 3910 secundum-sententiam

1995 3942 2222 4014 quidem
2258 3953 2493 4009 tantum,
2525 3945 2832 4000 secundum
2858 3954 3114 4000 naturam
3153 3954 3259 4001 aut
3286 3954 3593 4018 utrumque

1994 4037 2026 4089 ε
2069 4032 2311 4100 duobus,
2358 4040 2455 4088 aut
2491 4033 2734 4088 alterum
2764 4033 3041 4104 quoddam
3080 4042 3167 4090 est
3200 4043 3439 4106 propter
3461 4037 3580 4091 haec

1993 4121 2139 4189 duo;
2176 4121 2222 4178 si
2248 4136 2402 4188 vero,
2432 4135 2660 4177 necesse
2691 4129 2777 4177 est
2799 4130 2861 4176 ut
2881 4121 3187 4178 secundum
3214 4132 3470 4180 naturam
3507 4126 3598 4190 sit:

1993 4213 2277 4281 medium;
2328 4211 2574 4269 medium
2614 4223 2801 4269 autem
2836 4213 2964 4280 hoc,
3003 4228 3228 4271 necesse
3259 4223 3345 4270 est
3375 4223 3439 4270 ut
3482 4226 3581 4272 aut

1992 4314 2256 4362 neutrum
2282 4306 2353 4361 sit
2374 4305 2444 4361 ab
2476 4313 2709 4376 utraque
2729 4314 2886 4376 parte
2917 4322 3105 4363 rerum
3133 4307 3280 4363 inter
3306 4322 3445 4377 quas
3460 4324 3580 4364 me-

1990 4397 2144 4453 dium
2180 4405 2359 4464 tenet,
2405 4405 2503 4453 aut
2529 4404 2706 4453 totum
2751 4398 3129 4470 singulorum;
3187 4398 3339 4470 quod
3385 4400 3576 4466 vultis,

1991 4489 2098 4562 ipsi
2129 4489 2290 4545 vobis
2327 4489 2679 4559 respondete.
3159 4477 3165 4535 Ϊ

2068 4581 2151 4637 14.
2176 4581 2468 4652 Apostolus
2498 4590 2626 4652 post
2649 4581 3044 4638 adunationem
3077 4597 3218 4638 sane
3271 4584 3328 4638 in
3355 4583 3579 4640 Christo

1991 4681 2365 4728 assumentem
2393 4677 2451 4726 et
2496 4680 2835 4743 assumptam
2873 4672 3111 4728 formam
3152 4674 3330 4738 novit,
3379 4690 3578 4745 nempe

289 4750 463 4821 ἡγουν
490 4750 701 4819 φύσιν*
742 4745 909 4806 αὗται
958 4750 1018 4805 δέ
1049 4753 1135 4806 ὅτι
1186 4751 1315 4806 οὔτε
1355 4752 1457 4826 μία
1509 4753 1636 4809 οὔτε
1685 4755 1887 4826 ὁμοίως

2004 4770 2275 4829 naturam;
2296 4763 2426 4833 ipsa:
2443 4761 2582 4833 quia.
2596 4778 2699 4819 nec
2725 4779 2855 4830 una,
2873 4763 3204 4820 neosimiles
3220 4765 3574 4828 exsistentes,

288 4844 554 4915 ἔχουσαι,
589 4843 757 4896 παντὶ
787 4842 968 4914 δῆλον.

360 4944 449 4990 ιε’.
483 4936 549 4989 Et
584 4935 676 4989 διὰ
718 4934 781 4988 τὸ
829 4934 926 4989 τοῦ
964 4934 1259 5008 ἀνθρώπου
1296 4934 1586 5007 εἰρημένον
1623 4936 1736 4990 τισὶ
1777 4936 1886 4991 τῶν
1956 4960 1963 4969 ·

289 5029 568 5098 Πατέρων
592 5027 950 5098 παράδειγμα
975 5027 1073 5089 τὰς
1088 5027 1183 5081 δύο
1212 5026 1404 5097 φύσεις
1432 5029 1530 5098 οὐχ
1555 5022 1668 5082 οἷόν
1696 5045 1754 5081 τε
1784 5027 1888 5081 σώ-

281 5121 480 5187 ζεσθαι
505 5122 567 5175 ἐν
596 5119 842 5192 Χριστῷ,
866 5118 1181 5189 λεγέτωσαν
1201 5120 1363 5191 ἡμῖν,
1390 5121 1437 5173 οί
1471 5120 1886 5182 ἀποκτείνοντες

280 5216 347 5266 τὸ
378 5213 569 5283 σῶμα,
608 5212 773 5282 φύσιν
810 5212 1248 5278 ἀποκτείνουσιν,
1290 5203 1523 5285 ἧόὐχί;,
1569 5214 1665 5266 καὶ
1708 5214 1757 5265 οἱ
1788 5213 1890 5282 τὴν
1941 5232 1945 5237 ε

278 5307 469 5380 ψυχὴν
518 5307 597 5379 μὴ
641 5306 940 5378 δυνάμενοι
974 5307 1325 5373 ἀποκτεῖναι,
1367 5307 1584 5377 φύσεως
1627 5307 1690 5360 οὐ
1731 5324 1887 5362 κατι-

283 5399 551 5471 σχύουσιν
586 5399 783 5467 ἐτέρας
801 5398 963 5470 παρὰ
1001 5398 1066 5452 τὸ
1107 5399 1289 5469 σῶμα,
1326 5398 1363 5470 ἦ
1387 5399 1451 5453 ού
1490 5386 1646 5472 δῆτα.
1696 5399 1760 5453 Ei
1786 5393 1883 5453 οὖν

280 5491 575 5562 ἄνθρωποι
602 5488 776 5553 ὅντως
803 5485 945 5562 ἦσαν
985 5484 1067 5554 οἷς
1098 5491 1386 5544 ἐντέταλτο
1412 5490 1519 5544 ύπδ
1548 5490 1643 5544 τοῦ
1677 5489 1880 5561 Κυρίου

285 5582 371 5654 μὴ
404 5580 701 5650 φοϐεῖσθαι
735 5581 846 5636 ἀπὸ
878 5564 992 5636 τῶν
1028 5580 1272 5648 τοιῶνδε,
1319 5582 1477 5655 δῆλον
1525 5582 1601 5646 ὡς
1646 5581 1883 5638 ἐνουσῶν

284 5677 477 5738 αὐτοῖς
504 5675 619 5729 τῶν
651 5675 749 5728 δύο
778 5674 998 5745 φύσεων
1029 5674 1203 5728 ταῦτα
1231 5676 1470 5748 εἴρηται,
1502 5676 1670 5746 ἧγουν
1697 5677 1794 5746 τῆς
1825 5682 1884 5730 τε

281 5768 738 5840 ἁποκτενομένης
763 5769 856 5822 καὶ
895 5768 993 5838 τῆς
1020 5768 1099 5841 μὴ
1137 5770 1598 5841 ἁποκτενομένης.

1993 4845 2254 4908 omnibus
2282 4861 2455 4923 patet.
2704 4936 2708 4940 η

2067 4941 2153 4996 15.
2180 4940 2237 4996 Si
2282 4950 2511 5012 propter
2550 4943 2762 4999 dictum
2804 4943 2873 4999 de
2916 4943 3138 4999 homine
3177 4945 3506 5015 quibusdam
3548 4965 3576 5002 c

1992 5033 2251 5089 Patribus
2284 5036 2620 5105 exemplum,
2652 5035 2792 5091 duas
2807 5036 2972 5091 hasce
2990 5044 3221 5092 naturas
3236 5037 3578 5108 impossibile

1992 5140 2077 5188 est
2099 5133 2279 5188 salvas
2308 5133 2363 5188 in
2396 5132 2622 5201 Christo
2656 5149 2966 5201 remanere,
2998 5135 3194 5191 dicant
3232 5136 3396 5193 nobis
3430 5155 3443 5191 :
3476 5138 3572 5207 qui
3650 5172 3654 5177 -

1992 5223 2257 5280 occidunt
2306 5240 2530 5296 corpus,
2581 5226 2820 5281 animam
2872 5226 3154 5294 occidunt,
3192 5243 3261 5282 an
3311 5228 3467 5283 non?
3511 5227 3579 5283 Et

1993 5317 2089 5387 qui
2138 5316 2379 5371 animam
2411 5332 2523 5371 non
2555 5325 2790 5387 possunt
2816 5318 3072 5374 occidere
3099 5319 3153 5373 in
3183 5329 3438 5374 naturam
3452 5309 3576 5373 'non
3618 5370 3626 5377 .

1993 5403 2295 5474 praevalent
2321 5404 2549 5460 alteram
2600 5421 2767 5475 quam
2806 5420 3031 5476 corpus,
3064 5421 3133 5460 au
3164 5406 3316 5460 non?
3359 5404 3414 5460 Si
3442 5421 3576 5477 ergo

1990 5494 2246 5551 homines
2271 5511 2401 5551 vere
2435 5505 2596 5551 erant
2629 5498 2835 5566 quibus
2863 5513 2894 5553 a
2924 5498 3154 5553 Domino
3192 5497 3575 5567 praescriptum

1989 5594 2074 5639 est
2104 5584 2359 5640 homines
2385 5586 2712 5658 huiusmodi.
2728 5603 2840 5644 non
2867 5588 3081 5653 timere,
3109 5596 3261 5658 patet
3281 5587 3426 5659 quod
3461 5590 3577 5643 haec

1992 5677 2255 5733 dicuntur
2285 5693 2351 5733 eo
2381 5678 2673 5749 quodduae
2702 5680 2759 5735 in
2795 5681 2917 5737 istis
2959 5682 3072 5737 sint
3101 5691 3335 5747 natum,
3362 5682 3577 5737 scilicet

1993 5771 2163 5825 altera
2192 5773 2374 5826 occisa
2402 5782 2456 5827 et
2487 5772 2659 5831 altera
2696 5789 2804 5826 non
2836 5773 3039 5829 occisa.
