4034 6396
507 364 645 428 i779
1751 373 2056 433 LEONTII
2106 429 2107 432 η

2209 379 2418 438 ΖΑΝΤΙ
2431 378 2507 437 Nl
3636 373 3775 437 1780

579 478 662 534 l6.
690 477 753 534 Si
804 481 1072 536 remansit
1115 488 1167 536 et
1215 478 1409 536 natura
1456 498 1575 552 qua!
1618 488 1705 538 es't
1750 484 2085 552 divinitatis,

2264 497 2359 554 ις’,
2396 491 2456 542 Ei
2506 489 2687 557 ἔμεινε
2713 489 2875 560 φύσις
2911 507 2969 542 τε
3005 488 3142 543 οῦσα
3188 488 3283 541 καὶ
3331 486 3582 557 θεότητος
3607 488 3640 554 ἡ
3671 484 3770 538 τοῦ
3826 484 3831 489 ’

2191 581 2387 649 Λόγου,
2417 582 2509 633 καὶ
2532 580 2692 649 φύσις
2722 577 2858 634 οὖσα
2886 581 2981 633 καὶ
3009 578 3426 650 ἀνθρωπότητος
3455 577 3488 647 ἡ
3514 576 3611 644 τῆς
3642 592 3776 647 σαρ-
3864 604 3869 609 -

505 583 702 635 natura
733 572 922 639 Verbi,
957 582 1015 628 et
1059 588 1182 643 quas
1211 574 1595 636 humanitatis.
1640 585 1836 632 natura
1881 578 2086 641 carnis,

505 663 785 735 quomodo
821 679 935 719 non
967 663 1090 718 duae
1107 670 1317 719 naturae
1338 664 1711 721 immutabiles
1741 669 1795 721 in
1824 667 2091 723 Christo?

578 756 665 811 17.
698 755 896 812 Adhuc
936 755 1271 820 diﬂ'erentia,
1315 757 1683 826 quorumdam
1719 759 2031 819 diﬂ‘erentia
2075 778 2089 813 :

509 847 666 917 cujus
688 847 836 901 enim
875 862 1058 902 sermo
1086 847 1156 903 de
1200 848 1371 902 rebus
1412 848 1468 902 in
1512 865 1623 919 quo
1653 860 1709 907 et
1747 868 1858 906 non
1892 852 1961 906 de
2004 866 2094 906 re-

508 939 611 993 bus
643 939 947 993 secundum
971 953 1117 1008 quae,
1162 946 1362 994 tractat
1394 956 1409 1005 ;
1441 940 1812 997 dilIerentiam
1852 959 1984 1013 ergo
2011 943 2092 997 di-

506 1037 738 1094 centes,
792 1038 850 1084 et
897 1029 1252 1085 diﬂ‘erentem
1296 1046 1421 1086 esse
1465 1032 1523 1086 in
1582 1032 1807 1087 Christo
1859 1034 2096 1096 daretis;

509 1130 713 1191 quanta
730 1135 861 1176 vero
873 1121 989 1175 haec
1010 1120 1150 1176 duas
1166 1122 1361 1177 saltem
1382 1121 1665 1190 diceretis,
1691 1140 1815 1194 qua:
1830 1140 1962 1179 vero
1984 1125 2101 1179 haec

509 1213 624 1267 sint
650 1212 696 1268 si
722 1212 1142 1283 interrogamini
1168 1254 1183 1279 ,
1225 1212 1573 1289 divinitatem
1603 1223 1660 1269 et
1692 1215 2100 1275 humanitatem

533 1305 926 1369 enuntiaretis,
970 1311 1032 1358 ut
1068 1314 1235 1373 puto;
1278 1305 1414 1374 quid
1453 1322 1587 1360 vero
1629 1307 1745 1361 hzec
1766 1306 2102 1376 cognoscitis

512 1395 974 1463 consequentium
1000 1394 1055 1448 in
1073 1395 1542 1466 illisinterrogati,
1560 1396 1817 1451 licetnon
1837 1399 1947 1452 sint
1962 1413 2103 1468 qna-

514 1485 584 1539 lia
600 1493 697 1539 aut
717 1495 948 1555 quanta,
967 1495 1064 1542 aut
1087 1487 1314 1542 habitus
1338 1498 1435 1542 aut
1470 1489 1653 1545 simile
1690 1488 1993 1558 quoddam,
2014 1504 2104 1544 es-

511 1576 723 1632 sentias
736 1576 962 1646 penitus
976 1578 1317 1633 conﬁtemini
1327 1621 1341 1645 ,
1360 1579 1472 1634 duo
1488 1594 1618 1649 ergo
1631 1579 2034 1634 essentiasdice
2043 1594 2101 1633 re

472 1694 487 1701 ν
515 1684 612 1726 vos
657 1685 726 1725 ex
752 1670 1071 1726 diﬂerentia
1095 1670 1164 1725 de
1185 1671 1747 1737 Christo,‘evidenter
1783 1670 2101 1726 inducetur.

583 1761 671 1817 18.
710 1762 1120 1833 interrogemus
1152 1780 1252 1819 vos
1294 1764 1497 1829 adhuc,
1541 1763 1765 1829 fratres,
1798 1764 1965 1820 dicite
2006 1779 2098 1818 se-

2192 673 2308 740 κδς,
2340 672 2459 735 πῶς
2487 674 2547 724 οὑ
2578 671 2672 724 δύο
2702 671 2895 739 φύσεις
2932 671 3194 743 ἇτρεπτοι
3219 670 3276 721 ἐν
3300 668 3376 738 τῷ
3409 665 3668 737 Χριστῷ,

2266 764 2351 828 ιζ’.
2397 763 2518 816 Ἔτι
2560 765 2593 838 ἡ
2630 763 2890 833 διαφορὰ,
2926 762 3087 815 τινῶν
3123 759 3358 835 διαφορά
3381 775 3398 791 ο
3434 757 3544 815 τῶν
3572 756 3679 830 γὰρ
3718 754 3776 808 έν

2193 846 2300 907 τινι
2321 854 2410 906 καὶ
2427 853 2488 906 οὐ
2510 852 2618 905 τῶν
2649 851 2772 905 καθ’
2796 850 2935 904 αὑτὰ
2958 848 3271 917 νοουμένων
3292 850 3321 900 ό
3344 846 3555 919 ταύτης
3580 844 3736 911 λόγος
3756 858 3769 871 ·

2193 944 2458 1017 διαφορὰν
2491 939 2585 996 οῦν
2631 945 2677 996 οἱ
2715 943 2985 1010 λέγοντες,
3039 941 3136 993 καὶ
3176 938 3505 1007 διαφέροντα
3539 933 3675 993 εἶναι
3716 935 3775 986 ὲν

2196 1036 2419 1108 Χριστῷ
2449 1035 2673 1089 δώσοιτε
2699 1049 2715 1067 ·
2770 1034 2912 1087 πόσα
2946 1032 3003 1085 δὲ
3046 1030 3240 1095 ταῦτα,
3282 1029 3376 1081 δύο
3426 1027 3777 1097 τούλάχιστον

2199 1130 2456 1207 φήσοιτε·
2496 1126 2618 1178 τινα
2646 1125 2703 1183 δὲ
2734 1124 2908 1178 ταῦτά
2934 1125 3087 1175 ἐστιν
3140 1118 3617 1207 εἰσπραττόμενοι,

2198 1204 2338 1291 τητα
2368 1217 2463 1271 καὶ
2492 1215 2888 1286 ἀνθρωπότητα
2919 1212 3262 1284 όνομάσοιτε,
3297 1211 3372 1272 ὡς
3412 1204 3566 1278 οἶμαι
3589 1222 3601 1234 ·
3630 1206 3684 1259 τί
3719 1206 3776 1258 δὲ

2198 1309 2324 1361 τάδε
2357 1292 2541 1361 τῶν’ὲν
2567 1307 2680 1367 τοῖς
2716 1302 2892 1372 γενῶν
2925 1300 3038 1353 ἴστε
3068 1298 3479 1368 ἀνακριθέντες,
3516 1296 3676 1365 εῐπερ
3702 1294 3776 1362 μὴ

2199 1401 2284 1471 εἴη
2332 1398 2484 1458 ποιὰ,
2531 1397 2563 1466 ἢ
2603 1395 2767 1458 ποσὰ,
2818 1394 2852 1464 ἢ
2888 1392 3122 1462 σχέσεις,
3173 1399 3210 1469 ἦ
3244 1406 3298 1441 τι
3329 1387 3551 1454 τοιόνδε,
3588 1387 3775 1447 οὐσίας

2200 1492 2585 1567 ὁμολογησοιτε
2630 1487 2851 1547 πάντως
2879 1501 2892 1514 '
2927 1484 3021 1537 δύο
3058 1482 3167 1553 ἄρα
3198 1480 3389 1542 οὐσίας
3421 1477 3599 1545 λέγειν
3633 1475 3777 1546 ὑμᾶς

2200 1586 2267 1637 ὲκ
2297 1584 2397 1652 τῆς
2426 1580 2691 1650 διαφορᾶς
2721 1577 2816 1631 ἐπὶ
2850 1574 3088 1647 Χριστοῦ
3130 1572 3315 1643 σαφῶς
3353 1570 3669 1641 συνάγεται.

2236 1770 2239 1771 ν
2279 1771 2369 1843 ιη’.
2412 1748 2735 1841 Ἐρωτῶμεν
2749 1765 2806 1819 δὲ
2835 1764 2980 1836 ὑμᾶς
3002 1762 3105 1829 ἔτι,
3134 1758 3351 1827 ἀδελφοί
3370 1775 3382 1788 ·
3405 1756 3609 1825 Λέγετε
3639 1752 3780 1807 κατᾶ
3833 1829 3836 1832 γ

512 1855 760 1911 cundum
788 1856 922 1925 quid
952 1855 1383 1911 discernendum
1411 1871 1442 1909 a
1468 1856 1631 1911 Patre
1651 1856 1851 1911 Filium
1878 1866 1935 1910 et
1963 1857 2098 1912 Ver-

2209 1885 2251 1921 ιι
2282 1836 2658 1933 διακρίνεσθαι
2685 1856 2778 1912 τοῦ
2821 1856 2950 1911 ίδίου
2969 1852 3183 1924 Πατρὸς
3202 1852 3293 1905 τὸν
3313 1850 3443 1904 Υἱδν
3464 1848 3561 1902 καὶ
3581 1846 3774 1914 Λόγον,

516 1946 670 2014 bum,
707 1948 935 2002 annon?
968 1946 1187 2002 Scimus
1228 1962 1361 2019 ergo
1403 1947 1551 2017 quod
1602 1948 1790 2002 dicitis
1844 1957 1901 2002 et
1947 1948 2095 2019 quod

515 2038 936 2121 subsistentiam
983 2038 1118 2093 illud
1163 2053 1286 2093 esse
1334 2037 1697 2094 conﬁtemini.
1746 2039 1904 2094 Absit
1947 2039 2095 2093 enim

515 2129 675 2184 vobis
708 2130 826 2184 haec
852 2130 1258 2200 blasphemare,
1280 2129 1426 2184 absit
1447 2130 1674 2200 reliquis
1698 2131 1764 2185 ad
1797 2134 2096 2200 perfectam

517 2221 777 2289 pietatem
796 2234 1020 2286 carere;
1058 2236 1281 2275 rursum
1324 2236 1458 2291 ergo
1502 2221 1970 2296 interrogabimus
2001 2236 2100 2277 vos

515 2323 573 2369 et
600 2315 743 2370 hoc:
775 2332 805 2369 a
834 2314 1055 2385 propria
1095 2330 1263 2370 carne
1297 2312 1469 2368 dicite
1495 2313 1683 2385 aliquo
1707 2312 1872 2368 modo
1901 2312 2099 2369 distin-

517 2406 797 2478 guendum
822 2407 1087 2473 Verbum,
1113 2422 1183 2461 an
1217 2406 1365 2460 non?
1399 2404 1456 2459 Si
1487 2405 1641 2459 nullo
1667 2404 1830 2459 modo
1851 2404 2095 2475 quidem,

522 2499 835 2569 propiorem
861 2498 1005 2553 hanc
1040 2513 1260 2553 carnem
1307 2495 1471 2552 Verbi
1501 2505 1557 2551 et
1580 2496 1755 2567 magis
1799 2496 2099 2551 adunatam

490 2606 683 2659 quam
719 2604 845 2644 cum
885 2589 1047 2645 Patre
1096 2588 1394 2658 exponitis,
1442 2588 1694 2657 quamvis
1727 2586 1989 2643 adunatio
2027 2586 2101 2641 sit

519 2698 645 2735 cum
694 2681 853 2741 Patre
889 2680 1193 2736 secundum
1242 2679 1613 2751 hypostasim;
1662 2696 1691 2734 a
1745 2694 1913 2741 carne
1966 2693 2101 2733 vero

519 2790 642 2843 quas
681 2771 857 2843 ip'sius
880 2783 963 2827 est
990 2788 1094 2827 nec
1118 2771 1426 2827 secundum
1463 2780 1719 2825 naturam
1757 2786 1864 2827 nec
1895 2787 2098 2828 secun-

521 2867 653 2920 dum
678 2865 1094 2921 subsistentiam
1124 2864 1437 2919 secernitur
1458 2864 1722 2919 Verbum.
1755 2864 1809 2919 Si
1833 2878 1966 2919 vero
1994 2864 2098 2918 ali-

522 2973 633 3027 quo
666 2957 831 3011 modo
857 2964 914 3010 et
952 2956 1125 3025 ipsam
1166 2955 1309 3010 hanc
1334 2955 1499 3011 Verbi
1528 2970 1749 3011 carnem
1790 2955 2104 3013 discernitis

523 3049 694 3104 verbo
732 3057 790 3104 et
826 3062 936 3102 non
963 3047 1358 3115 distinctionis,
1401 3063 1503 3102 cur
1532 3047 1586 3103 id
1623 3049 1992 3118 respondete;
2023 3048 2102 3103 si-

2195 1959 2229 2031 ἢ
2263 1956 2420 2028 οὺχίς
2460 1955 2650 2023 Ἰσμεν
2702 1948 2796 2004 οὖν
2824 1950 2907 2003 ὅτι
2936 1947 3146 2015 λέγετε,
3187 1944 3282 1998 καὶ
3324 1943 3410 1996 ὅτι
3452 1941 3610 1992 τοῦτο
3639 1934 3777 2031 εἶναι

2194 2029 2294 2121 τὴν
2327 2049 2628 2104 ὑπόστασιν
2657 2043 2972 2115 ὁμολογεῖτε
3000 2057 3015 2073 ο
3055 2039 3129 2108 μὴ
3163 2037 3273 2108 γὰρ
3322 2034 3411 2104 εἴη
3471 2033 3601 2103 ὑμῖν
3644 2029 3778 2101 μηδὲ

2195 2142 2367 2196 ταῦτα
2402 2138 2763 2210 βλασφημεῖν,
2801 2134 2936 2205 μηδὲ
3004 2131 3112 2185 τῶν
3148 2126 3492 2196 λειπομένων
3521 2124 3657 2193 πρὸς
3685 2140 3775 2175 τε-

2196 2233 2347 2286 λείαν
2412 2227 2701 2283 εὑσέῦειαν
2767 2225 3051 2297 ἀμοιρεῖ-θ’
3110 2220 3272 2274 πάλιν
3320 2216 3414 2270 οῦν
3467 2213 3775 2285 πυθοίμεθα

2197 2325 2350 2396 ὑμῶν
2389 2326 2483 2377 καὶ
2526 2321 2679 2375 τόδε·
2712 2319 2812 2389 τῆς
2867 2317 3007 2379 ἰδίας
3057 2310 3261 2382 σαρκὸς
3303 2309 3492 2377 λέγετε
3543 2305 3687 2360 κατὰ
3720 2322 3775 2356 τι

2196 2416 2570 2488 διακρίνεσθαι
2604 2412 2696 2465 τὸν
2727 2404 2984 2478 Λόγον,ἢ
3028 2404 3184 2474 οὑχι;
3228 2403 3293 2455 Ei
3342 2401 3442 2471 μὲν
3487 2399 3581 2452 οῦν
3633 2397 3778 2488 κατὰ

2202 2486 2389 2581 μηδὲν,
2414 2503 2720 2574 ὲγγυτέραν
2760 2498 2965 2567 ταύτην
3022 2495 3108 2565 τῷ
3136 2494 3295 2564 Λόγῳ
3343 2491 3438 2544 καὶ
3490 2486 3779 2581 ηνωμένην

2202 2574 2406 2672 μάλλον
2434 2596 2526 2651 τοῦ
2565 2591 2778 2663 Πατρδς
2809 2588 3211 2660 παρεστήσατε,
3256 2584 3412 2652 εἴπερ
3438 2578 3532 2672 τοῦ
3564 2574 3782 2672 [μιτρξέ

2199 2663 2325 2745 ξιαθ’
2359 2690 2657 2750 ὑπόστασιν
2683 2701 2696 2715 ·
2733 2685 2832 2751 τῆς
2875 2678 2933 2735 δὲ
2975 2676 3178 2755 σαρκὸς
3217 2677 3314 2745 τῆς
3362 2675 3420 2725 ὲν
3466 2667 3615 2737 αὑτῷ
3657 2663 3780 2718 οὐδὲ

2200 2783 2341 2840 κατὰ
2363 2780 2524 2851 φύσιν
2545 2777 2667 2831 οὑδὲ
2692 2775 2816 2829 καθ’
2834 2772 3131 2827 ὑπόστασιν
3157 2767 3500 2833 διακέκριται
3525 2762 3551 2812 ό
3567 2757 3738 2851 Λόγος
3764 2771 3778 2784 ·

2200 2877 2249 2929 εἰ
2279 2874 2335 2928 δὲ
2364 2848 2508 2927 οιατᾶ
2537 2889 2611 2933 τι,
2645 2870 2741 2922 καὶ
2777 2865 2980 2935 ταύτην
3011 2860 3106 2917 τοῦ
3129 2860 3303 2925 Λόγου
3330 2852 3638 2926 διακρίνετε
3668 2848 3783 2899 δια-

2203 2965 2374 3035 φορᾶς
2393 2961 2657 3030 λόγῳ,κα“ι
2678 2958 2738 3010 οὑ
2757 2956 3093 3024 διαιρέσεως,
3112 2950 3165 3002 τί
3190 2947 3369 3008 τοῦτο,
3386 2937 3777 3035 ἀποκρίνασθε.

2205 3030 2389 3127 Εἰῖμὲν
2418 3049 2511 3107 οὖν
2533 3050 2611 3121 τῷ
2636 3047 2783 3117 αὑτῷ
2812 3044 2934 3098 καθ’
2963 3043 2992 3097 ὃ
3012 3038 3222 3096 καὶτοῦ
3251 3030 3778 3127 Πατρδςδιωρέςετο,

524 3141 746 3210 quidem
767 3156 898 3213 ergo
914 3141 1108 3196 eodem
1132 3148 1517 3195 secerneretur
1548 3141 1711 3196 modo
1728 3157 1756 3196 a
1779 3157 1890 3211 quo
1918 3141 2101 3206 Patre,

2209 3120 2503 3205 ὑπόστασις
2533 3141 2591 3193 δὲ
2619 3138 2779 3207 αὑτὴ,
2815 3133 3032 3206 πρῶτον
3068 3130 3165 3209 μὲν
3193 3128 3287 3181 δύο
3318 3126 3415 3189 τὰς
3450 3120 3779 3178 ὑποστάσεις

2244 3236 2249 3240 ’
2421 3236 2444 3240 ’“
2481 3235 2499 3240 ⁸
2539 3234 2558 3240 ⁸
2582 3230 2592 3240 ¹
2844 3224 2866 3240 θ’
2965 3225 3007 3240 αἱ
3123 3224 3135 3240 \
3176 3220 3256 3240 9'47,
3329 3218 3400 3240 __"_
3435 3216 3604 3240 HA.--‘
3637 3209 3779 3240 ..-ρ-λ.

524 3209 582 3285 ot
618 3209 930 3303 hypostasis
972 3232 1110 3302 ipsa,
1141 3232 1321 3302 primo
1351 3233 1574 3302 quidem
1608 3233 1748 3288 duas
1796 3209 2105 3288 subsisten-

2209 3236 2447 3310 Χριστοῦ
2476 3230 2746 3288 δεδώκατε
2767 3246 2780 3259 ·
2816 3224 2935 3281 εἶτα
2960 3225 3018 3278 δὲ
3051 3224 3146 3277 καὶ
3176 3220 3298 3288 ἴσην
3327 3218 3404 3287 τῷ
3435 3209 3783 3310 Πατρὶ-κατξι

529 3323 632 3378 tias
665 3323 870 3380 Christi
895 3323 1156 3390 dedistis;
1189 3322 1390 3378 deinde
1423 3333 1479 3379 et
1509 3339 1698 3395 parem
1730 3324 1879 3379 Patri
1902 3338 2103 3379 secun-

528 3415 658 3469 dum
708 3422 907 3470 cuncta
939 3429 1162 3473 carnem
1201 3414 1528 3480 attribuitis,
1574 3415 1621 3469 si
1655 3431 1753 3485 per
1802 3414 1998 3469 eadem
2048 3422 2106 3468 et

530 3507 645 3562 sola
678 3522 708 3561 «τι
743 3506 904 3561 Patre
923 3514 980 3561 et
1004 3521 1034 3560 a
1052 3506 1273 3576 propria
1310 3521 1474 3561 carne
1509 3490 1821 3571 secernitur
1839 3506 2101 3561 Verbmn.

531 3596 588 3652 Si
616 3612 749 3652 vero
774 3597 1078 3667 secundum
1118 3597 1249 3666 quid
1281 3598 1458 3663 aliud;
1480 3607 1573 3652 aut
1615 3606 1869 3659 naturam
1921 3613 2107 3653 neces-

527 3688 683 3743 sario
706 3688 761 3743 id
787 3704 930 3753 esse,
965 3696 1062 3743 aut
1091 3687 1300 3758 aliquid
1330 3696 1528 3759 praeter
1552 3695 1806 3743 naturam
1844 3696 1900 3742 et
1921 3686 2106 3743 subsi-

533 3781 790 3843 stentiam
823 3781 879 3835 in
927 3780 1148 3834 Christo
1184 3778 1404 3835 habetis
1450 3778 1599 3851 quod
1634 3777 1812 3842 scitis,
1869 3778 2106 3833 indicate

535 3872 727 3939 nobis;
754 3872 800 3927 si
823 3886 953 3926 vero
983 3871 1382 3941 nihil,penitus
1410 3868 1712 3926 secundum
1742 3878 1950 3923 natura;
1978 3868 2112 3923 Ver-

539 3965 667 4019 bum
699 3963 1078 4019 rleﬁnitionem
1109 3963 1259 4018 datis
1280 3963 1445 4018 Verbi
1471 3970 1530 4016 et
1552 3962 1737 4017 carnis
1755 3961 1823 4017 de
1850 3960 2108 4023 Christo;

534 4055 893 4110 deﬁnitorum
928 4062 1110 4117 autem
1138 4062 1194 4109 et
1230 4069 1498 4109 numerus
1530 4062 1618 4108 est
1655 4050 2107 4122 quandoquidem

537 4146 734 4201 horum
797 4146 909 4200 duo
959 4143 1186 4199 termini
1253 4152 1424 4210 sunt‘;
1473 4159 1643 4212 porro
1704 4128 1943 4212 quorum
1999 4142 2112 4197 duo

535 4237 779 4301 termini,
827 4237 1003 4309 liquet
1033 4237 1182 4307 quod
1243 4242 1299 4291 et
1349 4235 1461 4290 duo
1519 4234 1838 4289 deﬁnientia
1873 4274 1890 4300 ,
1957 4234 2109 4304 atqui

534 4332 581 4387 si
615 4313 939 4395 naturarum
968 4322 1190 4385 termini
1211 4335 1360 4392 sunt,
1377 4326 1546 4381 verba
1577 4324 1919 4390 deﬁnientia,
1938 4324 2115 4394 liquet

533 4420 685 4492 quod
726 4430 941 4476 naturae
989 4418 1297 4474 manifesta:
1331 4416 1498 4482 ﬁent;
1525 4416 1645 4472 sine
1680 4415 1853 4471 dubio
1886 4414 2116 4471 eviden-

2206 3300 2386 3384 πάντα
2405 3324 2503 3397 τὴν
2528 3322 2708 3393 σάρκα
2741 3317 3126 3388 παριστάνετε,
3160 3313 3212 3365 εἰ
3237 3327 3299 3379 γε
3335 3311 3447 3371 τοῖς
3478 3306 3659 3365 αὐτοῖς
3687 3300 3783 3397 καλ.

2210 3422 2392 3491 μόνοις
2442 3392 2506 3470 ἐκ
2542 3392 2611 3469 τε
2650 3412 2744 3466 τοῦ
2786 3410 2998 3479 Πατρὸς
3040 3407 3135 3460 καὶ
3183 3403 3286 3473 τῆς
3329 3392 3789 3491 οἰκείαςᾈσοιρκδς¹

2205 3486 2542 3581 διακρίνεται
2577 3508 2606 3560 ὁ
2634 3505 2807 3572 Λόγος
2830 3518 2843 3531 ³
2874 3502 2923 3554 εἰ
2959 3499 3017 3553 δὲ
3047 3497 3170 3553 καθ’
3204 3494 3392 3565 ἕτερόν
3425 3509 3500 3553 τι,
3538 3487 3572 3561 ἢ
3619 3486 3784 3581 φῦσιν

2206 3577 2421 3672 ἀνάγκη
2452 3600 2612 3655 τοῦτο
2652 3592 2814 3659 εἶναι,
2846 3595 2879 3674 ἡ
2907 3610 2959 3646 τι
2997 3589 3149 3661 παρὰ
3184 3588 3283 3660 τὴν
3313 3585 3476 3654 φύσιν
3515 3581 3610 3634 καὶ
3637 3577 3785 3674 Δι’)τζόο

2208 3671 2486 3749 στασινὲν
2512 3690 2592 3768 τῷ
2620 3685 2841 3760 Χριστῷ
2871 3671 3046 3754 ἔχοιτε
3072 3679 3293 3742 εἰδέναι,
3320 3674 3599 3768 σημάνατε
3627 3671 3782 3768 ἠμῖς)-

2207 3788 2256 3840 εί
2290 3785 2347 3840 δὲ
2393 3757 2576 3847 οὐδὲν,
2600 3757 2823 3842 πάντως
2853 3775 2994 3829 κατὰ
3023 3772 3236 3843 φύσεως
3282 3768 3438 3834 λόγον
3482 3762 3650 3816 δίδοτε
3694 3757 3787 3810 τὸν

2209 3876 2489 3950 διορισμὸν
2517 3873 2612 3927 τοῦ
2640 3872 2813 3940 Λόγου
2841 3868 2935 3922 καὶ
2967 3868 3066 3937 τῆς
3115 3862 3316 3934 σαρκὸς
3365 3860 3457 3912 ἐπὶ
3505 3849 3747 3950 Χριστοῦ
3769 3865 3783 3878 ο

2208 3943 2320 4025 τῶν
2366 3943 2422 4022 at
2464 3963 2853 4044 διοριζομένων
2906 3959 3002 4011 καὶ
3053 3952 3286 4026 ἀριθμός
3327 3943 3789 4044 έστινκέστείτὶερ

2211 4062 2378 4116 τῶνδε
2406 4059 2500 4112 δύο
2528 4032 2644 4127 δ’ροι
2680 4032 2865 4107 ⁷εισεν·
2900 4044 2975 4110 ὧν
3007 4048 3067 4101 δὲ
3116 4045 3211 4099 δύο
3243 4044 3293 4096 οι
3335 4042 3471 4111 δροι,
3509 4035 3673 4107 δῆλον
3706 4032 3788 4127 ὅτι

2211 4153 2306 4206 καὶ
2334 4149 2429 4205 δύο
2457 4147 2527 4200 τὰ
2557 4123 2786 4216 όριστόι·
2817 4141 2946 4194 εἰδὲ
2973 4139 3081 4192 τῶν
3113 4137 3328 4205 φύσεων
3361 4132 3411 4184 oi.
3440 4131 3561 4200 ὅροι
3590 4128 3700 4180 eici.
3721 4123 3789 4216 τὰ

2211 4240 2425 4314 όριστὰ,
2457 4214 2614 4314 δῆλον
2641 4236 2721 4291 ὄτι
2749 4235 2806 4289 αἱ
2830 4231 3021 4302 φύσεις
3045 4224 3525 4295 ἀποδειχθήσονται
3592 4214 3789 4314 οὐκοῦν

2212 4301 2522 4408 ἀιριθμηταί
2562 4308 2754 4397 σαφῶς
2805 4301 2862 4377 αί
2908 4323 3100 4390 φύσεις
3148 4314 3418 4408 Χριστοῦξ
3458 4310 3659 4408 οιαλιῖλς
3688 4301 3792 4408 ¹οῦν

2215 4401 2359 4498 iiii”
2380 4401 2620 4494 εἴρηται,
2653 4418 2847 4478 ἓνωσις
2880 4413 2978 4484 μὲν
3020 4408 3371 4466 ὑποστάσεων
3407 4407 3464 4459 έν
3501 4405 3600 4474 μιᾷ
3631 4401 3791 4498 φύσει

537 4489 622 4568 ter
657 4511 1034 4577 numerabiles
1063 4508 1271 4565 Christi
1292 4516 1536 4574 naturae;
1563 4506 1705 4562 bene
1726 4522 1857 4577 ergo
1884 4521 1915 4561 a
1949 4504 2107 4559 nobis

2214 4489 2308 4574 ι’ἑτι
2336 4489 2636 4587 τῆςνόιγὶας
2677 4513 2772 4567 καὶ
2804 4503 3130 4577 ὑπερουσίου
3182 4501 3226 4554 Τ
3234 4499 3431 4572 ριάδος,
3485 4498 3682 4589 ἕνωσις
3736 4489 3794 4589 δέ

535 4604 781 4660 dicitur:
813 4601 1082 4660 adunatio
1124 4599 1348 4670 quidem
1383 4598 1822 4654 substantiarum
1858 4598 1914 4651 in
1945 4611 2113 4651 unam

539 4705 792 4750 naturam
830 4694 887 4749 in
916 4701 1106 4759 sancta
1137 4699 1196 4747 et
1224 4704 1484 4760 suprema
1515 4689 1809 4754 Trinitate,
1854 4688 2118 4743 adunatio

539 4801 671 4840 vero
707 4792 1033 4840 naturarum
1079 4781 1135 4835 in
1184 4796 1347 4833 unam
1380 4777 1797 4834 subsistentiam
1837 4779 1895 4832 in
1930 4784 2119 4832 sancta

536 4888 597 4934 et
626 4877 894 4933 inell‘abili
936 4873 1315 4939 incarnatione
1341 4870 1530 4926 Verbi.
1563 4871 1680 4925 lloc
1722 4870 1870 4924 enim
1894 4868 2034 4923 dixit
2066 4875 2123 4923 et

544 4969 801 5039 inquiens
820 4968 1021 5031 Pater;
1051 4963 1392 5027 contrarium
1435 4976 1561 5016 esse
1600 4959 1846 5032 mysterii
1898 4966 2123 5029 propter

474 5127 481 5136 ,
539 5060 827 5116 Christum
853 5070 1167 5113 sermonem
1215 5053 1457 5108 sermoni
1483 5053 1552 5107 de
1604 5058 1789 5106 sancta
1829 5050 2121 5104 Trinitate.

618 5153 706 5209 t9.
760 5142 1162 5207 Percontemur
1202 5146 1388 5201 adhuc
1445 5155 1503 5201 et
1550 5143 1684 5199 illud
1713 5160 1727 5197 :
1754 5143 1929 5215 Hujus
1967 5144 2124 5214 juxta

544 5260 644 5309 vos
676 5251 889 5297 natura:
930 5237 1137 5293 Christi
1186 5237 1310 5292 Filii
1358 5237 1453 5292 Dei
1498 5235 1768 5298 viventis,
1819 5232 2125 5293 secundum

544 5333 697 5390 Petri
724 5341 898 5387 tutam
921 5328 1347 5392 confessionem,
1379 5329 1551 5382 Deum
1595 5326 1838 5382 Verbum
1864 5325 1995 5395 quid
2037 5323 2124 5379 di-

545 5427 676 5482 citis
708 5434 850 5485 e‘sse,
891 5431 1100 5492 partem
1142 5437 1213 5476 an
1268 5420 1488 5475 totum?
1526 5417 1583 5474 Si
1627 5425 1841 5497 partem
1877 5417 2122 5486 quidem,

543 5526 603 5575 ct
632 5516 805 5588 partis
836 5523 1045 5570 natura:
1068 5514 1288 5570 Patrem
1318 5511 1487 5569 dicite
1523 5511 1773 5577 Patrem;
1804 5525 1972 5581 porro
2006 5525 2130 5579 par-

549 5608 678 5660 tiale
710 5605 782 5660 sit
810 5602 1073 5668 Verbum,
1099 5602 1153 5656 in
1190 5611 1456 5681 quantum
1498 5609 1696 5657 natura
1729 5609 1815 5656 est
1848 5600 2043 5664 Filius,
2075 5608 2132 5653 ct

551 5696 728 5753 Patris
753 5693 1180 5750 eritsecundum
1221 5693 1530 5749 naturalem
1572 5692 1959 5762 paternitatem
2008 5704 2132 5757 par-

553 5788 696 5851 liolis
719 5786 1055 5861 paternitas;
1104 5801 1443 5857 unaquaque
1473 5801 1603 5855 ergo
1649 5785 1881 5840 duarum
1916 5780 2134 5836 divina-

2217 4609 2327 4664 τῶν
2378 4581 2702 4676 φύσεωνίὲν
2750 4599 2846 4671 μιᾷ
2890 4594 3186 4651 ὑποστάσει
3229 4593 3322 4644 ἐπὶ
3362 4591 3461 4660 τῆς
3506 4587 3667 4655 ἁγίας
3699 4581 3796 4636 καὶ

2218 4700 2502 4771 ἀφράστου
2539 4690 2872 4766 σαρκώσεως
2909 4688 3005 4743 τοῦ
3060 4688 3264 4753 Λόγουο
3322 4680 3498 4771 τοῦτο
3527 4679 3636 4771 γὰρ
3690 4677 3794 4771 ἔφη

2221 4770 2318 4843 καὶ
2342 4790 2370 4841 ό
2398 4786 2573 4855 λέγων
2616 4783 2829 4852 Πατὴρ,
2880 4777 3114 4849 ἔμπαλιν
3157 4775 3301 4843 ἔχειν
3348 4772 3440 4823 τὸν
3489 4770 3648 4837 λόγον
3699 4780 3797 4817 του

2221 4878 2363 4933 κατὰ
2388 4873 2623 4949 Χριστὸν
2666 4868 2991 4943 μυστηρίου,
3041 4865 3074 4938 ἢ
3104 4864 3198 4917 ἐπὶ
3224 4862 3324 4932 τῆς
3356 4860 3514 4927 ἁγίας
3544 4857 3794 4928 Τριάδος.

2298 5131 2387 5185 tO'.
2431 5127 2760 5202 Ἐρωτῶμεν
2809 5123 2892 5178 ἔτι
2945 5122 3044 5178 καὶ
3069 5121 3228 5174 τόδε·
3264 5117 3480 5187 Ταύτης
3523 5116 3623 5184 τῆς
3676 5105 3799 5164 καθ’

2227 5224 2373 5293 ὑμᾶς
2402 5221 2620 5292 φύσεως
2644 5216 2879 5288 Χριστοῦ
2906 5213 3001 5269 τοῦ
3025 5212 3157 5267 Υῑοῦ
3185 5210 3279 5264 τοῦ
3303 5208 3439 5263 Θεοῦ
3459 5207 3553 5260 τοῦ
3577 5206 3799 5293 ζῶντος,

2229 5289 2372 5368 κατὰ
2403 5289 2501 5384 τὴν
2542 5310 2638 5365 τοῦ
2690 5308 2901 5380 Πέτρου
2930 5304 3149 5375 ἀσφαλῆ
3185 5300 3496 5374 ὁμολογίαν,
3544 5299 3636 5351 τὸν
3670 5289 3804 5346 Θεὸν

2230 5406 2402 5474 Λόγον
2429 5403 2484 5458 τί
2513 5420 2650 5474 φατε
2676 5397 2839 5465 εἶναι,
2873 5399 3038 5469 μέρος
3064 5396 3096 5467 ἢ
3119 5396 3269 5462 610v;
3295 5394 3343 5446 ei
3369 5394 3466 5462 μὲν
3488 5392 3596 5460 γὰρ
3616 5386 3800 5458 μέρος,

2230 5499 2326 5552 καὶ
2357 5497 2558 5570 μέρους
2593 5489 3048 5570 φύσεωςξῐιατέρα
3076 5488 3264 5556 λέγετε
3293 5485 3385 5537 τὸν
3418 5481 3635 5552 Πατέρα
3654 5494 3666 5507 ·
3709 5488 3803 5542 με’

2235 5590 2391 5663 ρικοῦ
2419 5591 2477 5644 δὲ
2507 5590 2662 5650 ὄντος
2681 5586 2775 5640 τοῦ
2797 5583 2974 5651 Λόγου
3004 5582 3148 5637 κατὰ
3173 5579 3268 5650 τὴν
3298 5575 3531 5647 φυσικὴν
3560 5572 3803 5663 υῑότητα.

2233 5661 2331 5737 τεαὶ
2354 5668 2458 5733 τοῦ
2478 5678 2694 5748 Πατρὸς
2724 5676 2878 5729 ἔσται
2919 5673 3058 5728 κατὰ
3086 5673 3187 5741 τὴν
3223 5667 3458 5738 φυσικὴν
3496 5661 3807 5748 πατρότητα

2240 5774 2508 5845 μερικὴὴ
2560 5769 2869 5840 πατρὸτης·
2928 5765 3164 5834 ἑκατέρα
3225 5758 3318 5815 οὖν
3370 5758 3477 5811 τῶν
3521 5755 3613 5808 δύο
3648 5746 3807 5803 θείων
