4034 6412
340 340 490 409 1731'

331 548 512 619 λείψει
537 546 636 602 τοῦ
665 549 809 603 κατὰ
848 550 1017 624 φύσιν
1041 550 1241 620 Λόγου,
1290 553 1384 606 καὶ
1423 538 1527 608 οὑςὶΔ
1558 554 1712 608 ἔσται
1745 555 1932 608 τελεία

332 639 502 707 φύσις
543 639 604 694 ἔν
632 657 744 693 τινι
778 641 893 695 τῶν
920 641 1232 714 προσώπων
1263 644 1611 718 θεωρουμένη
1641 649 1741 716 τῆς
1772 647 1933 716 ἁγίας

330 732 573 803 Τριὰδος
593 748 610 764 ·
638 729 761 786 εἷτα
787 732 849 786 δὲ
876 734 976 788 καὶ
1021 733 1159 806 τῷδε
1206 714 1566 791 ὲπισκέπτέον
1598 714 1675 808 τῷ
1697 714 1928 807 -άτόπῳ,

329 826 420 878 δτι
446 824 606 879 ἔσται
635 825 841 879 ούτωσὶ
870 825 1055 894 λέγειν
1073 842 1088 861 '
1128 829 1211 881 ὅτι
1256 829 1305 882 εἰ
1334 829 1473 899 μετὰ
1517 831 1718 901 σαρκὸς
1748 832 1932 886 τελεία

331 916 565 984 γέγονεν
594 916 629 987 ἠ
661 915 829 985 φύσις
868 917 964 971 τοῦ
999 917 1197 986 Λόγου,
1234 920 1298 973 ὲκ
1343 922 1444 990 τῆς
1474 921 1805 991 σαρκώσεως
1836 924 1933 977 τοῦ

334 1005 473 1058 Υῑοῦ
497 1006 640 1077 πρὸς
672 1007 766 1061 τὸν
796 1008 997 1065 ἑαυτοῦ
1031 1010 1205 1077 Λόγον
1232 1011 1261 1064 6
1298 1027 1357 1063 τε
1390 1011 1532 1075 Υἱὸς
1551 1012 1649 1066 καὶ
1684 1015 1712 1066 6
1742 1013 1932 1085 Πατὴρ

338 1096 684 1164 προέκοψαν,
720 1098 809 1153 ἶνα
846 1100 943 1152 καὶ
973 1100 1140 1164 αὐτὸς
1175 1100 1387 1156 τελείου
1411 1102 1547 1157 Υἰοῦ
1585 1104 1790 1169 τέλειος
1812 1107 1928 1159 Πα-

335 1188 445 1258 τὴρ
472 1191 600 1263 εἴη’
650 1191 699 1244 si
748 1190 807 1244 δὲ
843 1189 1019 1246 ταῦτα
1075 1193 1491 1266 εὐλαϐηθέντες,
1541 1197 1604 1250 τὸ
1642 1197 1762 1252 ὅλον
1788 1194 1929 1252 εῖναι

332 1282 439 1351 τῆς
462 1283 598 1348 μιᾶς
624 1282 846 1350 φύσεως
870 1282 967 1337 τοῦ
995 1285 1235 1355 Χριστοῦ
1261 1287 1355 1341 τὸν
1388 1289 1446 1341 ἐν
1474 1288 1626 1360 αὐτῷ
1660 1287 1804 1347 θεῖον
1827 1294 1931 1347 Λό-

335 1389 437 1438 γον
469 1374 634 1443 φατὲ.
667 1375 890 1446 πρῶτον
924 1376 1026 1446 μὲν
1051 1378 1087 1448 ἢ
1130 1378 1194 1432 τὺ
1224 1380 1348 1434 ὅλον
1377 1381 1650 1437 δεδώκατε
1680 1384 1774 1439 τοῦ
1799 1387 1933 1457 Χριε

337 1462 470 1515 στοῦ
497 1464 599 1518 καὶ
633 1466 742 1538 πρὸ
773 1468 1015 1538 Χριστοῦ
1049 1464 1212 1537 εἶναι,
1256 1472 1486 1544 ἐπείπερ
1537 1469 1606 1545 ἦν
1628 1475 1800 1542 Λόγος
1838 1477 1936 1531 καὶ

334 1554 450 1624 πρὸ
478 1555 581 1627 τῆς
602 1557 850 1622 ἑνώσεως
881 1560 1049 1613 αὑτοῦ
1073 1562 1171 1631 τῆς
1202 1561 1341 1632 πρὸς
1374 1564 1624 1636 σάρκα,ἧ
1647 1565 1739 1623 τὸν
1757 1566 1932 1634 Λόγον

332 1648 399 1698 οὗ
430 1646 625 1715 λέγετε
657 1648 902 1720 ὑπάρξαι
927 1653 1038 1722 πρὸ
1082 1656 1181 1725 τῆς
1224 1654 1430 1725 σαρκὸς
1470 1656 1745 1728 Χριστοῦ·
1779 1657 1933 1713 ἔσται

335 1733 434 1820 οῦν
460 1737 640 1801 οὕτως
665 1754 684 1771 ο
718 1740 939 1811 πρῶτον
962 1743 1167 1798 οἰκεῖον
1193 1744 1257 1798 τὸ
1303 1745 1448 1813 ὅλον,
1504 1748 1665 1819 οἷπερ
1694 1749 1932 1820 Χριστὸς

1493 350 1791 410 CONTRA
1830 306 2429 413 MONOPHYStTAs.

330 455 719 522 ὑποστάσεων,
747 454 847 510 τοῦ
878 475 941 512 τε
971 458 1190 530 Πατρὸς
1216 460 1421 514 καὶτοῦ
1442 460 1595 528 Υἱοῦ,
1627 463 1731 516 ἀνά
1759 465 1930 533 ἥμισυ

2037 476 2159 514 rum
2210 459 2718 522 subsistentiarum,
2751 466 2821 510 ιιι-
2848 458 3030 512 Patris
3067 456 3291 519 et'r‘ilii,
3320 456 3386 510 de
3433 456 3614 509 media
3694 520 3705 527 Χ

2006 142 2053 153 μ’

3482 344 3613 405 1782

2039 558 2195 622 parte
2227 550 2449 605 deﬁciet
2476 565 2505 603 a
2530 548 2711 603 Verbo
2756 550 3064 603 secundum
3111 556 3386 609 naturam,
3420 556 3477 601 et
3507 562 3615 602 non

2038 641 2147 695 erit
2169 640 2416 710 perfecta
2444 651 2641 693 natura
2665 639 2723 692 iu
2744 639 2928 708 aliqua
2963 654 3326 709 personarum
3365 638 3619 692 conside-

2041 741 2156 786 rata
2183 740 2385 787 sancta:
2405 731 2724 796 Trinitatis;
2749 730 2949 786 deinde
2969 739 3028 786 et
3051 731 3393 801 pensandum
3419 730 3487 784 de
3514 730 3617 783 hoc

2038 822 2304 887 absurdo,
2339 822 2487 891 quod
2530 822 2637 876 erit
2669 822 2750 877 sic
2780 823 2967 876 dicere
3007 839 3021 876 :
3055 822 3185 892 quia
3213 823 3259 877 si
3291 836 3416 876 cum
3452 837 3617 876 carne

2038 895 2283 983 perfecta
2312 911 2455 966 facta
2479 920 2565 966 est
2593 921 2791 971 natura
2822 912 3011 977 Verbi,
3037 926 3102 966 ex
3133 912 3509 967 incarnatione
3536 911 3620 965 Fi-

2037 1003 2098 1058 lii
2128 1003 2197 1058 ad
2220 1004 2395 1074 ipsius
2420 1004 2661 1067 Verbum
2687 1013 2743 1059 et
2775 1004 2947 1059 Filius
2988 1013 3045 1060 et
3072 1003 3232 1060 Pater
3264 993 3616 1075 progressum

2039 1082 2313 1161 fecerunt,
2350 1104 2409 1156 ut
2445 1095 2562 1171 ipse
2602 1095 2830 1166 perfecti
2865 1096 2987 1151 Filii
3016 1096 3294 1166 perfectus
3321 1095 3393 1150 sit
3428 1088 3639 1158 Pater,’

2016 1190 2085 1273 .si
2110 1190 2383 1249 verotista
2408 1189 2662 1261 religiose
2708 1190 3037 1260 cogitantes,
3079 1198 3254 1250 totum
3282 1205 3404 1248 esse
3452 1190 3619 1243 unius

2012 1286 2251 1353 natura:
2276 1276 2481 1332 Christi
2530 1277 2778 1332 divinum
2813 1277 2961 1348 quod
3006 1277 3062 1335 in
3098 1276 3217 1347 ipso
3259 1286 3344 1331 est
3375 1276 3616 1334 Verbum

2039 1366 2247 1432 dicitis,
2267 1366 2446 1437 primo
2481 1367 2727 1438 quidem,
2755 1378 2850 1424 aut
2885 1378 3057 1425 totum
3077 1368 3309 1424 dedistis
3328 1367 3533 1425 Christi
3563 1378 3619 1422 et

2039 1469 2166 1513 ante
2185 1457 2468 1514 Christum
2499 1473 2644 1524 esse,
2671 1458 3118 1529 quandoquidem
3155 1469 3275 1514 erat
3297 1459 3537 1515 Verbum
3560 1470 3619 1513 et

2038 1558 2167 1613 ante
2210 1549 2601 1606 adunationem
2651 1549 2828 1621 ipsius
2857 1551 2923 1606 ad
2953 1566 3196 1617 carnem,
3245 1560 3343 1607 aut
3376 1551 3616 1607 Verbum
3656 1578 3663 1586 -

2039 1658 2148 1697 non
2173 1641 2356 1706 dicitis
2375 1656 2499 1697 esse
2519 1650 2653 1703 ante
2683 1657 2906 1699 carnem
2923 1642 3125 1698 Christi
3156 1661 3169 1696 :
3195 1644 3304 1702 erit
3336 1659 3468 1715 ergo
3504 1643 3614 1698 sic:

2039 1734 2279 1804 primum
2314 1741 2489 1791 totum
2522 1735 2832 1805 proprium,
2872 1735 3145 1805 siquidem
3182 1734 3437 1792 Christus
3462 1735 3620 1804 cujus

330 1819 398 1879 οὗ
431 1829 553 1881 ἐστι
582 1829 646 1883 τὸ
683 1830 809 1886 ὅλον
845 1834 875 1886 6
902 1832 1047 1899 θεῖος
1084 1834 1276 1904 Λόγος,
1308 1837 1338 1889 6
1382 1838 1490 1909 πρὸ
1520 1837 1731 1894 αἰώνων
1753 1819 1930 1912 πρού-

2037 1831 2122 1879 est
2139 1838 2301 1886 omne
2327 1823 2575 1880 divinum
2595 1824 2861 1891 Verbum,
2880 1825 2979 1895 qui
2994 1834 3077 1883 est
3096 1834 3224 1881 ante
3269 1826 3470 1881 saecula
3490 1835 3617 1880 ante

339 1920 526 1991 πῆρχε
557 1921 661 1992 τῆς
696 1924 904 1993 σαρκὸς
960 1926 1152 1981 ἑαυτοῦ
1185 1929 1220 1997 ἦ
1268 1930 1391 1984 ἐστι
1434 1931 1603 2002 μέρος
1646 1932 1928 2003 Χριστοῦ·

334 2007 462 2066 εἶτα
488 2013 549 2067 δὲ
575 2014 744 2069 πάλιν
766 2032 782 2046 ·
816 2016 938 2082 πῶς
960 2017 1089 2086 ἕξει,
1113 2020 1210 2077 καὶ
1244 2022 1421 2094 μέρος
1436 2023 1639 2094 έαιιτῆς
1667 2026 1818 2087 τόνδε
1839 2025 1934 2086 τὸν

337 2101 519 2170 Λόγον
552 2104 587 2174 ὴ
616 2102 719 2172 μία
747 2103 934 2173 φύσις,
967 2106 1047 2162 ὃν.
1075 2108 1187 2179 ἔχει
1225 2109 1325 2182 ἥδη
1347 2110 1426 2175 ὡς
1473 2111 1616 2178 ὅλον,
1656 2113 1757 2169 οὐκ
1785 2113 1933 2171 εστιν

337 2192 472 2248 ιδεῖν
494 2210 510 2225 ⁸
542 2195 610 2248 οὐ
642 2194 753 2267 γὰρ
781 2197 846 2250 τὸ
873 2198 1010 2253 αὐτὸ
1042 2199 1137 2254 τοῦ
1178 2200 1345 2255 αὐτοῦ
1380 2203 1548 2275 μέρος
1586 2220 1645 2258 τε
1686 2205 1780 2260 καὶ
1810 2206 1933 2261 ὅλον

332 2283 496 2339 ἔσται
522 2286 773 2344 πώποτε.
821 2289 947 2343 Ἔτι
981 2291 1164 2360 μέντοι
1188 2295 1283 2348 καὶ
1324 2295 1354 2366 η
1391 2294 1530 2367 σὰρξ
1556 2297 1698 2352 κατὰ
1723 2299 1935 2370 ταύτην

331 2378 513 2446 ὑμῶν
538 2377 643 2450 τὴν
672 2380 976 2452 ἀπόκρισιν
1020 2384 1419 2458 ἐκϐληθήσεται
1456 2390 1636 2460 πάντη
1667 2390 1930 2463 Χριστοῦ,

327 2468 434 2538 τῆς
462 2471 608 2537 μιᾶς
639 2469 842 2543 ταύτης
872 2473 1029 2544 ὑμῶν
1059 2475 1272 2544 φύσεως
1301 2478 1406 2533 ὑπὸ
1431 2479 1526 2535 τοῦ
1559 2482 1736 2551 Λόγου
1767 2484 1931 2555 μόνου

327 2560 841 2635 συμπληρουμένης
869 2564 971 2636 ἤδη
994 2580 1009 2595 ·
1039 2566 1070 2636 ἢ
1102 2568 1477 2641 προσθήσεται
1510 2571 1603 2625 καὶ
1645 2573 1806 2646 αὐτὴ,
1837 2576 1933 2630 καὶ

328 2651 623 2709 οὐκέσται
670 2655 800 2726 ὑμῖν
834 2657 980 2711 κατὰ
1021 2648 1223 2719 σκδπδν
1271 2662 1351 2719 ἔτι
1404 2664 1465 2717 τὸ
1525 2667 1929 2739 συναγόμενον

330 2745 446 2798 πᾶν
481 2746 596 2817 γάρ
629 2745 691 2799 τδ
720 2748 862 2818 μετὰ
889 2748 990 2822 τὴν
1026 2753 1243 2813 οἰκείαν
1279 2756 1519 2830 φυσικὴν
1568 2740 1800 2832 ὁλότητα
1824 2764 1932 2824 τινὶ

235 2879 239 2883 .
328 2835 837 2908 ἑπιθεωρούμενον,
871 2844 1129 2913 περισσόν
1158 2863 1210 2903 τι
1246 2848 1411 2903 ποσὸν
1438 2850 1740 2919 ἐπεισάξει,
1770 2852 1930 2925 εἴπερ

327 2927 507 2992 ὕντως
536 2931 717 3003 τούτῳ
741 2933 1029 3004 ἡνωμένον
1055 2937 1194 3003 ἐστὶ,
1237 2942 1331 2993 καὶ
1370 2942 1429 2994 οὐ
1469 2943 1629 3014 μόνον
1670 2945 1811 2999 κατὰ
1845 2945 1932 2999 λό-

330 3035 430 3085 ⁴γον
461 3019 705 3089 κτίσεως⁴
734 3022 868 3087 ῐσως
897 3026 1145 3096 ὑπάρχον
1188 3029 1339 3110 αὐτῷ
1381 3031 1583 3099 ἔξωθεν
1633 3036 1955 3110 ἐπινοηΘή--

329 3129 518 3169 σεται.
555 3113 772 3169 Οὐκοῦν
802 3118 853 3171 εἰ
883 3116 1064 3173 ἄτοπα
1090 3120 1215 3181 τάδε
1248 3102 1421 3190 ἐστὶν,
1459 3126 1518 3178 ού
1543 3126 1771 3182 δυνατὸν
1799 3102 1929 3200 μίαν

325 3206 516 3258 εἰπεῖν
546 3204 647 3277 τὴν
674 3207 919 3277 Χριστοῦ
950 3209 1235 3281 φύσιν,,ὡς
1270 3214 1438 3285 μέρος
1477 3216 1511 3287 ἢ
1537 3217 1614 3282 ὠς
1649 3219 1769 3273 ὅλον
1798 3221 1930 3274 θεω-

329 3296 574 3368 ροῦντας
602 3299 696 3352 τὸν
729 3301 907 3369 Λόγον
932 3302 970 3374 ἦ
992 3303 1091 3375 τὴν
1116 3306 1295 3377 σάρκα
1318 3307 1377 3360 ἐν
1407 3308 1568 3380 αὐτῇο
1595 3309 1627 3381 ἢ
1654 3310 1748 3365 οῦν
1772 3313 1934 3384 ἑτέρα

327 3385 417 3449 τις
447 3390 604 3443 ἐστιν
637 3390 671 3458 ἠ
702 3389 987 3463 λεγομένη,
1010 3394 1139 3462 ὑμῖν
1177 3394 1276 3464 μία
1303 3395 1486 3466 φύσις,
1528 3399 1680 3470 παρὰ
1710 3401 1803 3454 τὸν
1830 3402 1935 3456 Λό-

328 3492 432 3544 γον
461 3479 647 3549 πάντη
689 3480 789 3533 καὶ
816 3481 919 3551 τὴν
967 3483 1169 3554 σάρκα,
1205 3485 1301 3540 καὶ
1347 3486 1470 3543 οὔτε
1514 3489 1651 3555 Θεὸς
1688 3491 1810 3547 οὐδὲ
1841 3492 1935 3553 ἄν·

332 3572 564 3643 θρωπός
593 3573 787 3641 ἐστιν,
818 3574 853 3646 ἢ
903 3575 965 3628 οὐ
1017 3577 1115 3646 μία
1164 3577 1384 3644 πάντως
1437 3580 1576 3635 ἀλλὰ
1619 3582 1712 3637 δύο
1760 3584 1937 3657 ὑπάρ-

330 3680 550 3736 χουσιν,
1483 3688 1492 3695 ·
1790 3720 1797 3724 .
1836 3679 1843 3683 ‘

403 3762 485 3812 κ’..
510 3754 637 3808 Ἔτι
671 3757 877 3825 φαμέν·
906 3757 990 3814 Τὰ
1032 3759 1381 3830 συνελθόντα,
1421 3767 1450 3818 6
1478 3766 1653 3837 Λόγος
1680 3770 1800 3825 ἐστὶ
1842 3777 1935 3828 καὶ

330 3850 366 3915 η
394 3844 562 3915 σὰρξ,
598 3845 693 3914 ὑφ’
716 3837 808 3901 ὧν
854 3848 1161 3920 γενομένην
1188 3849 1286 3922 τὴν
1335 3852 1402 3906 ὲκ
1432 3853 1528 3909 δύο
1578 3857 1773 3914 ἕνωσιν
1797 3863 1935 3934 Χρι-

330 3935 466 3990 στοῦ
501 3953 669 4005 φατε,
698 3936 733 4008 ἢ
790 3937 984 4010 ἔτερόν
1024 3956 1078 3993 τι
1110 3942 1269 4012 παρὰ
1314 3944 1486 4015 τάδε;
1556 3948 1719 4005 Ἀλλὰ
1755 3953 1934 4009 ταῦτα

332 4023 479 4082 εἶναι
510 4029 734 4093 πάντως
755 4030 954 4101 ἐρεῖτε·
978 4031 1259 4104 μεμένηκε
1285 4034 1343 4089 δὲ
1365 4038 1462 4092 καὶ
1498 4039 1674 4111 Λόγος,
1696 4044 1931 4116 όΛόγος,

332 4123 431 4175 καὶ
467 4121 613 4193 σὰρξ
651 4123 686 4192 ἡ
721 4123 859 4194 σὰρξ
903 4125 1045 4193 μετὰ
1069 4125 1170 4196 τὴν
1218 4116 1437 4198 ἕνωσιν,
1471 4133 1519 4186 ει
1544 4135 1640 4190 καὶ
1677 4138 1931 4212 ἡνωμένη

329 4212 411 4280 τῷ
443 4212 629 4283 Λόγῳ,
653 4215 749 4266 καὶ
770 4213 877 4285 ὶδιᾳ
894 4214 989 4269 τοῦ
1021 4214 1651 4300 ἰδιοποιουμένουαύτήν
1666 4244 1679 4259 ο
1703 4229 1821 4294 πῶς
1840 4227 1934 4288 οῦν

330 4303 394 4354 οὐ
426 4302 524 4356 δύο
549 4303 647 4357 καὶ
681 4303 798 4371 νῦν,
838 4305 915 4370 ὠς
943 4306 1117 4375 Λόγος
1144 4308 1238 4362 καὶ
1257 4310 1415 4381 σὰρξ,
1451 4315 1546 4369 καὶ
1569 4315 1646 4382 ὡς
1680 4318 1813 4379 ἴδιον
1837 4324 1932 4381 καὶ

334 4393 798 4467 ἰδιοποιούμενον,
838 4395 1054 4453 ἔσονται
1073 4415 1090 4465 ;

404 4577 513 4630 ια’.
547 4576 826 4648 Κύριλλος
856 4579 886 4632 ό
915 4556 1110 4653 Πατήρ
1143 4600 1308 4653 φησιν
1362 4586 1422 4639 ἐν
1454 4586 1532 4657 τῷ
1570 4589 1775 4663 πρώτῳ
1825 4593 1943 4649 τῶν.

337 4668 605 4739 Σχολεων,
638 4669 726 4724 ὅτι
754 4668 819 4722 τὺ
845 4670 1090 4742 Χριστὸς
1119 4672 1295 4744 ὄνομα
1333 4674 1459 4730 οὕτε
1514 4679 1645 4750 ὅρου
1698 4681 1932 4755 δύναμιν

332 4761 473 4829 ἔχει,
504 4758 633 4813 οὔτε
663 4759 763 4831 μέν
783 4776 932 4825 τινος
958 4762 1174 4833 οὐσίαν,
1210 4766 1239 4820 ὅ
1266 4766 1325 4819 τι
1377 4770 1512 4823 ποτέ
1543 4772 1685 4837 ἐστι,
1725 4776 1934 4844 σημαι-

329 4867 469 4913 νειν,
519 4850 781 4922 καθάπερ
814 4851 915 4906 καὶ
958 4852 1022 4907 τὸ
1060 4852 1369 4924 ἄνθρωπος·
1405 4858 1439 4930 ἢ
1492 4860 1659 4927 ἵππος
1689 4863 1734 4935 ἢ·
1779 4863 1929 4934 βοῦς,

330 4941 670 5012 πράγματος
738 4942 798 4996 δὲ
874 4943 1081 5015 μᾶλλον
1150 4948 1546 5021 ὲνεργουμένου
1617 4954 1744 5025 περὲ
1808 4972 1931 5011 τινα

329 5035 577 5089 ποιεῖται
633 5032 891 5103 δήλωσιν.
949 5037 1015 5090 Ei
1076 5033 1172 5093 οὖν
1235 5039 1360 5094 οὕτε
1430 5044 1739 5113 ἐριστικὸν,
1804 5047 1930 5102 οὔτε

327 5125 698 5197 σημαντικὸν,
759 5127 952 5193 οὐσίας
1010 5128 1171 5185 τοῦτό
1219 5133 1335 5186 ἑστι
1394 5134 1455 5187 τὸ
1507 5135 1711 5208 ὄνομα,
1770 5128 1931 5209 δῆλον

321 5217 411 5270 ὅτι
446 5214 702 5282 φυσικῶς
728 5230 748 5282 ;
779 5215 924 5272 οὕτω
948 5217 1007 5272 δὲ
1043 5226 1512 5294 προσαγορευτέον
1550 5227 1658 5280 τινὶ
1691 5227 1791 5299 τὴν
1806 5229 1931 5283 καθ’

322 5309 481 5379 ὑμᾶς
536 5306 673 5378 μιαν
722 5309 958 5381 Χριστοῦ
980 5310 1181 5381 φύσιν*
1224 5313 1343 5368 ἀλλ’
1375 5316 1497 5370 οὐδὲ
1550 5318 1704 5386 Θεὸν,
1758 5320 1928 5393 μέρος

318 5402 440 5474 γὰρ
464 5400 647 5471 αὐτῆς
670 5418 685 5430 ·
713 5402 743 5455 ό
777 5402 857 5468 δὲ,
881 5402 1009 5457 οὔτε
1062 5405 1355 5478 ἄνθρωπον
1375 5423 1389 5438 ο
1448 5409 1546 5463 καὶ
1592 5399 1756 5466 τοῦτο
1813 5415 1925 5485 γὰρ

315 5494 535 5566 ὁμοίως
550 5494 694 5566 ἔχει’
726 5496 779 5549 τι
806 5492 906 5551 οὖν
936 5497 1038 5569 τῆς
1061 5499 1320 5571 ὁλότητος
1350 5501 1527 5572 αὐτῆς
1550 5501 1725 5574 ὄνομά
1783 5506 1922 5569 ἐστι,

318 5587 561 5644 εἴπατε·
597 5585 789 5660 ὥσπερ
823 5589 923 5659 τῆς
954 5589 1310 5661 ἀνθρωπείας
1347 5590 1536 5664 ἕτερόν
1557 5610 1610 5647 τι
1634 5595 1789 5666 παρὰ
1818 5595 1923 5664 ψυ-

318 5683 427 5753 χὴν
455 5681 555 5736 καὶ
579 5680 743 5753 σῶμα
761 5682 1194 5753 καταφάσκομεν
1214 5699 1227 5712 ·
1254 5686 1315 5737 τὸ
1334 5686 1444 5758 γὰρ
1460 5686 1505 5739 Χ
1514 5687 1697 5758 ριστδς
1719 5688 1923 5758 χρίσιν,

321 5774 485 5845 φησι,
546 5774 804 5848 σημαίνει
864 5775 996 5850 περί
1043 5792 1168 5832 τινα
1211 5778 1527 5851 χριόμενον
1578 5780 1659 5836 ὅτι
1693 5779 1752 5847 δὲ
1800 5775 1923 5833 οὔτε

2037 1929 2262 1971 carnem
2290 1914 2468 1985 ipsius
2495 1930 2624 1984 quae
2637 1913 2845 1971 Christi
2871 1931 2999 1986 pars
3032 1924 3119 1970 est
3138 1916 3380 1982 exstitit;
3415 1915 3615 1971 deinde

2035 1998 2236 2060 iterum
2268 2018 2280 2053 :
2317 2000 2600 2070 quomodo
2629 2001 2932 2058 habebitet
2961 2003 3136 2074 ipsius
3168 2013 3382 2060 naturas
3403 2013 3613 2075 partem

2034 2097 2142 2156 hoc
2164 2100 2403 2156 Verbum
2426 2110 2623 2172 natura
2646 2103 2827 2170 unica,
2845 2102 2993 2174 quod
3017 2103 3309 2176 habetjam
3336 2113 3395 2158 ut
3417 2084 3613 2171 totum,

2034 2207 2147 2248 non
2194 2201 2281 2249 est
2312 2193 2529 2261 videre;
2576 2209 2688 2250 non
2725 2194 2872 2249 enim
2904 2195 3049 2250 idem
3098 2195 3346 2267 ejusdem
3380 2198 3459 2252 rei
3488 2212 3616 2266 pars

2033 2292 2090 2339 et
2129 2292 2303 2339 totum
2331 2286 2442 2340 erit
2469 2284 2945 2356 unquam,Adhuc
2969 2285 3182 2341 scilicet
3216 2293 3275 2342 et
3311 2278 3441 2341 caro
3462 2288 3614 2358 juxta

2034 2376 2177 2432 hanc
2212 2377 2383 2447 ipsam
2413 2376 2585 2432 vestri
2608 2375 3026 2447 responsionem
3050 2376 3378 2448 projicietur
3394 2378 3616 2449 penitus

2033 2484 2065 2524 a
2095 2467 2339 2535 Christo,
2372 2468 2479 2524 hac
2508 2468 2673 2541 unica
2701 2469 2856 2541 juxta
2887 2483 2989 2524 vos
3006 2477 3205 2524 natura
3233 2485 3263 2524 a
3287 2470 3472 2526 Verbo
3497 2471 3617 2525 solo

2026 2561 2139 2634 jam
2169 2562 2473 2638 completa;
2518 2568 2613 2615 aut
2634 2561 2983 2634 adjungetur_
3012 2569 3070 2617 et
3099 2562 3216 2633 ipsa
3246 2577 3398 2630 caro,
3425 2572 3482 2619 et
3506 2579 3616 2617 non

2031 2652 2856 2728 eritvobisjuxtaintentioncm
2894 2653 3079 2710 adhuc
3103 2655 3252 2725 quod
3272 2664 3357 2710 est
3389 2655 3616 2711 conclu-

2029 2758 2172 2798 sum.
2191 2741 2327 2799 Nam
2348 2758 2511 2808 omne
2521 2743 2667 2814 quod
2688 2759 2787 2814 per
2800 2731 3025 2814 proprie
3041 2745 3350 2800 naturalem
3381 2745 3618 2816 integri-

2034 2841 2200 2889 tatem
2224 2833 2281 2888 in
2332 2834 2521 2904 aliquo
2559 2835 2876 2906 inspicitur,
2918 2837 3278 2903 excellentem
3325 2838 3619 2908 quamdam

2030 2921 2650 2993 quantitateminducet,
2663 2925 2939 2996 siquidem
2965 2928 3147 2998 reipsa
3185 2928 3316 2984 huic
3345 2929 3461 2985 enti
3480 2928 3620 2984 adu-

2032 3024 2219 3069 natum
2240 3023 2347 3081 est,
2375 3030 2479 3079 nec
2498 3017 2675 3071 solum
2697 3017 3003 3074 secundum
3022 3020 3323 3076 creationis
3350 3021 3618 3085 rationem
3636 3006 3645 3014 ’

2029 3105 2315 3175 aequaliter
2328 3096 2763 3172 exsistensextra
2784 3110 2919 3165 illud
2938 3111 3620 3183 excogitabiturJtaquesi
3658 3148 3661 3151 ι

2037 3200 2305 3270 ριτοᾶίοιο
2345 3200 2687 3257 absurditate
2724 3201 2998 3271 laborant,
3034 3205 3256 3259 unicam
3292 3204 3498 3263 Christi
3534 3207 3619 3268 di-

2037 3306 2164 3346 cere
2217 3299 2475 3348 naturam
2512 3291 2690 3359 nefas,
2716 3294 2832 3349 sive
2877 3302 3088 3365 partem
3121 3296 3238 3350 sive
3268 3303 3444 3351 totum
3470 3297 3619 3355 Ver-

2037 3382 2168 3437 bum
2204 3391 2301 3438 aut
2348 3398 2570 3444 carnem
2615 3384 2672 3439 in
2704 3384 2807 3443 hac
2848 3387 3478 3444 naturaconsidcretis.
3504 3390 3617 3450 Vel

2035 3489 2169 3546 ergo
2204 3475 2595 3546 aliaquaedam
2635 3484 2724 3532 est
2763 3476 2914 3537 dicta
2951 3493 2984 3533 a
3014 3478 3173 3534 vobis
3206 3478 3369 3535 unica
3401 3488 3616 3542 natura,

2036 3580 2208 3637 prope
2247 3566 2487 3623 Verbum
2513 3582 2738 3638 prorsus
2771 3576 2829 3623 et
2852 3583 3026 3639 prope
3049 3585 3295 3636 carnem,
3333 3586 3438 3627 nec
3474 3572 3621 3627 Deus

2037 3675 2141 3715 nec
2164 3661 2331 3717 homo
2360 3668 2466 3727 est,
2496 3661 2584 3718 vel
2610 3676 2722 3717 non
2750 3678 2861 3721 una
2888 3678 3019 3725 sane
3049 3663 3146 3719 sed
3182 3663 3294 3720 duo
3318 3672 3466 3721 sunt.

2107 3764 2199 3819 20.
2235 3764 2432 3821 Adhuc
2455 3767 2758 3837 loquimur.
2790 3766 2923 3835 Quae
2970 3783 3082 3824 una
3110 3769 3471 3836 conveniunt,
3505 3769 3622 3827 haec

2039 3858 2281 3913 Verbum
2305 3868 2363 3914 et
2404 3874 2555 3926 caro,
2580 3875 2610 3915 a
2650 3861 2857 3931 quibus
2886 3860 3087 3917 factam
3107 3877 3139 3919 e
3164 3862 3383 3918 duobus
3414 3864 3624 3919 aduna-

2037 3949 2245 4005 tionem
2286 3949 2493 4006 Christi
2543 3952 2757 4018 dicitis,
2801 3961 2899 4007 aut
2942 3953 3095 4009 aliud
3143 3955 3444 4025 quidquam
3475 3956 3624 4011 ista?

2036 4038 2143 4096 Sed
2178 4040 2372 4099 eadem
2391 4057 2513 4099 esse
2542 4044 2766 4113 penitus
2794 4043 3025 4112 dicetis;
3059 4047 3325 4101 remansit
3356 4052 3540 4103 autem
3565 4059 3642 4107 et,

2035 4132 2280 4190 Verbum
2325 4133 2565 4190 Verbum
2596 4143 2654 4191 et
2703 4150 2840 4191 caro,
2873 4151 3005 4192 caro
3044 4137 3615 4207 postadunationem,

2035 4225 2286 4295 quamvis
2305 4225 2460 4281 unita
2483 4226 2667 4283 Verbo
2692 4227 2984 4299 etrpropria
3006 4228 3176 4299 hujus
3195 4230 3292 4298 qui
3321 4229 3472 4286 illam
3497 4246 3621 4287 esse

2034 4331 2191 4372 suam
2233 4317 2391 4385 fecit;
2436 4319 2716 4388 quomodo
2754 4335 2886 4391 ergo
2919 4336 3030 4375 non
3068 4321 3180 4377 duo
3208 4329 3266 4377 et
3301 4338 3450 4379 nunc
3478 4325 3619 4381 sicut

2036 4408 2356 4466 Verbumlet
2374 4424 2526 4476 caro,
2566 4418 2624 4465 et
2654 4410 2815 4469 sicut
2838 4411 3127 4482 proprium
3146 4419 3391 4471 etsuum
3414 4413 3622 4470 faciens

1953 4498 2007 4558 D
2031 4499 2315 4569 proprium
2343 4496 2539 4554 er'unt?

2105 4590 2195 4643 2|.
2251 4588 2491 4661 Cyrillus
2541 4589 2706 4646 Pater
2748 4590 2886 4650 dicit
2942 4593 2997 4653 in
3055 4593 3393 4649 seholiorum
3444 4596 3620 4667 primo

2034 4681 2183 4751 quod
2216 4681 2423 4737 Christi
2450 4697 2663 4739 nomen
2676 4699 2781 4739 nec
2797 4682 3140 4740 deﬁnitionis
3162 4686 3272 4740 vim
3294 4687 3481 4751 habet,
3518 4677 3621 4742 nec
3724 4690 3725 4693 “

2034 4772 2333 4843 cujusdam
2358 4773 2680 4839 essentiam,
2725 4773 3022 4845 cujuslibet
3046 4775 3138 4840 sit,
3173 4774 3495 4846 designandi
3542 4778 3620 4830 lo-

2033 4878 2160 4918 cum
2179 4862 2365 4931 habet,
2381 4865 2535 4925 sicut
2566 4874 2625 4931 et
2655 4864 2823 4921 homo
2851 4874 2947 4921 aut
2985 4880 3184 4936 equus,
3222 4875 3319 4920 aut
3344 4867 3465 4933 bos,
3509 4867 3621 4922 imo

2031 4970 2166 5010 vero
2191 4954 2397 5026 negotii
2425 4954 2611 5011 eﬂ‘ecti
2636 4956 2785 5012 circa
2805 4956 3049 5027 aliquem
3085 4956 3618 5014 demonstrationem

2031 5045 2260 5115 praebet.
2288 5044 2344 5101 Si
2368 5060 2503 5116 ergo
2525 5060 2630 5104 nec
2656 5044 2932 5101 deﬁniens
2948 5060 3053 5101 nec
3075 5044 3396 5117 signiﬁcans
3424 5061 3618 5102 essen-

2033 5136 2122 5191 tia:
2149 5151 2346 5191 nomen
2372 5135 2425 5191 id
2448 5144 2552 5201 est,
2571 5135 2746 5206 liquet
2765 5135 2910 5206 quod
2943 5134 3171 5207 physice
3192 5136 3274 5191 sic
3303 5137 3500 5206 quovis
3519 5153 3619 5191 no-

2030 5229 2179 5283 mine
2199 5226 2444 5284 Vocanda
2466 5244 2572 5283 una
2592 5229 2749 5300 juxta
2769 5242 2868 5283 vos
2883 5227 3090 5284 Christi
3116 5236 3309 5283 natura
3336 5244 3350 5281 :
3377 5227 3472 5283 sed
3508 5244 3613 5284 nec

2031 5321 2202 5375 Deum
2238 5320 2483 5384 vocabis,
2533 5334 2662 5390 pars
2690 5319 2840 5374 enim
2881 5328 3091 5375 naturae
3145 5320 3310 5390 hujus
3352 5329 3468 5385 est;
3528 5319 3619 5376 hic

2031 5425 2184 5476 vero,
2215 5424 2318 5465 nec
2342 5409 2647 5475 hominem,
2675 5409 2744 5466 de
2759 5424 2870 5479 quo
2895 5408 3104 5479 pariter
3122 5407 3467 5480 arguendum
3498 5416 3615 5471 est;

2029 5499 2162 5570 quid
2192 5514 2328 5570 ergo
2360 5500 2697 5571 integritatis
2727 5515 2929 5555 nomen
2964 5499 3056 5565 sit,
3084 5498 3252 5554 dicite
3278 5515 3292 5565 ;
3330 5499 3476 5554 sicut
3511 5499 3618 5554 hu-

2030 5594 2348 5649 manitatem
2396 5594 2566 5648 alium
2614 5594 2746 5664 quid
2798 5602 2998 5663 praeter
3036 5591 3274 5648 animam
3314 5600 3371 5647 et
3416 5609 3620 5662 corpus

2028 5686 2394 5753 aﬂirmamus;
2430 5703 2558 5741 nam
2584 5703 2690 5741 vox
2735 5684 2993 5742 Christus
3037 5685 3378 5750 unctionem,
3414 5686 3614 5755 inquit,

2028 5778 2281 5849 designat
2308 5778 2454 5834 circa
2487 5780 2779 5849 quemdam
2810 5786 3074 5846 unctum;
3123 5777 3251 5848 quia
3286 5793 3389 5833 nec
3425 5768 3615 5841 unctio
