4034 6402
483 299 621 367 I783
1759 309 2069 369 LEONTII
2112 311 2515 373 BYZANTINI
3608 303 3745 368 ΠΜ

473 414 1018 486 absquechrismate
1055 415 1425 473 subsistentiae
1451 416 1780 485 adhaerenti,
1812 435 1916 474 nec
1962 435 2062 473 un-

2170 423 2346 492 χρίσις
2400 422 2529 477 ἄνευ
2565 423 2904 493 οὑσιωμένου
2949 421 3274 493 χρίσματος,
3305 416 3430 471 οὔτε
3458 417 3747 488 χριόμενος

474 516 598 564 ctus
627 507 835 578 absque
868 508 1224 565 subsistentia
1250 510 1545 581 quisquam
1575 520 1684 578 est,
1730 525 1834 567 nec
1878 511 2062 566 adhuc

2171 515 2422 579 ἀνούσιός
2453 517 2537 579 τίς
2591 518 2761 581 ἐστιν,
2787 515 2911 570 οῦτε
2951 513 3034 569 ἔτι
3062 513 3124 567 τὸ
3155 511 3364 583 χρίσμα
3389 511 3485 565 καλ⁵
3504 510 3568 563 τδ
3593 511 3749 580 χριό-
3822 500 3829 506 ’

477 601 719 655 chrisma
751 609 809 654 et
833 609 1064 657 unctum
1096 617 1205 656 una
1233 609 1318 655 est
1343 601 1723 670 subsistentia,
1749 604 2061 661 evidenter.

2175 624 2334 676 μενον
2380 609 2480 676 μία
2517 608 2666 662 ἐστὶν
2709 604 3181 676 οὑσία,ιφανερόν.
3234 604 3477 667 Εἰκότως
3523 598 3620 656 οῦν
3655 602 3749 656 καὶ

480 688 681 745 Merito
724 704 859 760 ergo
909 699 962 745 et
1014 704 1202 745 rerum
1252 698 1311 744 et
1359 692 1650 749 nominum
1705 694 2062 766 physicorum

2170 700 2280 752 τῶν
2337 699 2685 769 πραγμάτων
2734 699 2831 754 καὶ
2890 697 2999 752 τῶν
3040 695 3322 766 ὀνομάτων
3347 694 3457 747 τῶν
3501 695 3750 762 φυσικῶν

483 781 786 852 dupliciter
816 791 1023 837 certam
1052 782 1303 838 notitiam
1331 783 1631 851 habentes,
1675 785 1786 841 duo
1823 785 2065 843 dicimus

480 874 686 930 Christi
728 882 979 931 naturas.

549 1006 639 1061 2‘2.
672 1006 869 1062 Adhuc
907 1008 974 1063 ad
1013 1025 1110 1065 vos
1153 1010 1436 1080 loquimur
1472 1010 1541 1065 de
1583 1012 1868 1083 proposito
1906 1013 2067 1069 vobis

481 1107 647 1167 prout
675 1096 896 1166 divino;
922 1100 1144 1170 generis
1172 1116 1374 1157 nomen
1409 1116 1518 1155 non
1548 1102 1796 1157 admittit
1818 1119 2068 1174 quocun-

481 1207 590 1261 que
624 1192 794 1246 modo
829 1209 844 1246 :
882 1208 993 1262 quo
1029 1195 1177 1248 enim
1217 1193 1398 1264 primo
1433 1202 1694 1258 auctore,
1729 1194 1864 1264 quid
1900 1195 2068 1251 altius

479 1298 656 1351 genus
684 1284 823 1338 erit?
854 1284 994 1341 Illud
1029 1302 1200 1341 unum
1233 1286 1534 1356 dupliciter
1560 1296 1772 1342 tantum
1805 1287 1873 1342 de
1900 1286 2068 1342 Chri—

484 1383 572 1429 sto
613 1376 919 1431 secundum
968 1377 1359 1448 principaliora
1407 1378 1615 1433 dicitur
1653 1377 1854 1443 verba;
1903 1386 2069 1448 atque

485 1468 528 1521 si
575 1470 882 1524 secundum
920 1471 1025 1526 ista
1059 1471 1227 1526 verba
1261 1462 1494 1526 cuilibet
1527 1470 1946 1525 concedendum
1984 1478 2071 1525 est

383 1588 390 1594 -
486 1560 540 1615 id
578 1561 657 1616 ibi
691 1562 908 1629 dicere;
946 1573 1004 1619 et
1036 1548 1149 1619 duo
1181 1564 1480 1633 dupliciter
1511 1578 1633 1616 esse
1669 1562 1786 1618 haec
1817 1562 2066 1632 quaedam

484 1653 776 1722 dicuntur;
819 1655 1004 1725 itaque
1048 1655 1182 1710 illud
1224 1654 1372 1725 quod
1414 1661 1502 1707 est
1536 1668 1709 1707 unum
1755 1662 1852 1708 aut
1885 1654 2070 1724 specie

484 1754 579 1800 aut
602 1760 837 1801 numero
860 1757 947 1801 est
971 1761 1175 1811 unum;
1209 1754 1267 1800 et
1291 1760 1413 1816 quae
1441 1751 1572 1798 sunt
1594 1743 1727 1813 duo,
1767 1753 1860 1801 aut
1887 1745 2070 1815 specie

483 1844 581 1891 aut
614 1853 850 1892 numero
886 1847 1017 1893 sunt
1051 1838 1195 1902 duo;
1236 1855 1359 1907 qua:
1403 1838 1626 1909 quidem
1669 1837 1854 1908 specie
1896 1852 2068 1891 unum

485 1938 644 1992 sunt,
680 1928 1013 2001 completam
1058 1929 1345 1987 habebunt
1389 1930 1457 1984 ad
1502 1928 1740 1985 invicem
1786 1928 2071 1999 physicam

488 2020 818 2089 paritatem;
879 2037 1000 2091 quae
1050 2037 1183 2075 vero
1246 2022 1432 2092 specie
1493 2028 1624 2076 sunt
1676 2019 1789 2074 duo
1847 2019 2072 2089 penitus

486 2111 695 2167 habent
727 2114 1011 2186 physicam
1048 2114 1464 2185 disparitatem;
1505 2129 1628 2184 quae
1662 2128 1798 2168 vero
1835 2110 2071 2167 numero

440 2218 445 2223 θ
485 2214 615 2259 sunt
641 2221 833 2271 unum,
863 2205 1003 2259 nihil
1034 2205 1265 2275 impedit
1293 2206 1427 2275 quin
1460 2205 1528 2260 ad
1562 2204 1800 2259 invicem
1827 2203 2072 2258 habeant

485 2297 889 2366 disparitatem,
916 2298 1047 2353 licet
1073 2298 1281 2367 absque
1308 2298 1543 2352 invicem
1569 2311 1682 2350 non
1713 2295 2068 2362 dividantur;

486 2398 544 2443 et
588 2387 645 2443 in
698 2389 926 2459 propria
970 2389 1344 2444 delineatione
1394 2387 1746 2443 considerato
1792 2396 2067 2455 utroque,

487 2488 851 2535 numerantur
875 2480 1181 2536 secundum
1214 2479 1433 2538 numeri
1464 2477 1820 2534 deﬁnientem
1844 2491 2067 2542 vocem;

450 2557 454 2562 ’
486 2572 568 2626 sic
600 2572 748 2628 enim
796 2573 1101 2642 cogitantes
1141 2580 1198 2626 et
1233 2580 1594 2627 numerantes
1631 2584 1803 2625 unum
1840 2568 2070 2639 quidem

484 2680 708 2720 omnem
736 2680 1084 2719 communem
1112 2665 1391 2719 hominem
1416 2672 1473 2719 et
1498 2679 1702 2733 equum
1732 2672 1789 2718 et
1814 2662 2070 2733 angelum

483 2757 696 2827 absque
734 2757 841 2812 ulla
874 2756 1186 2811 diﬂ'erentia
1221 2759 1577 2813 exsistentem
1599 2755 1783 2827 specie
1822 2754 2067 2825 ejusdem

485 2857 697 2903 natura:
729 2847 783 2901 in
812 2847 1074 2902 omnibus
1104 2847 1278 2917 ipsius
1313 2835 1569 2918 partibus
1601 2847 1869 2913 dicimus;
1906 2844 2069 2900 diﬂ'e—

486 2942 677 2990 renter
716 2949 845 2989 vero
883 2936 1086 2989 multas
1124 2937 1244 3006 ejus
1283 2945 1470 3006 partes
1507 2951 1742 2990 numero
1781 2934 2070 3006 cognosci-

487 3024 644 3081 mus;
685 3026 944 3081 Vicisslm
1001 3027 1150 3082 enim
1207 3044 1486 3099 quamque
1542 3044 1734 3084 earum
1788 3029 2068 3097 numerari

2170 788 2365 853 διττῶς
2398 790 2785 860 εὐποροῦντες,
2816 790 2912 843 δύο
2940 787 3123 859 φαμὲν
3157 785 3257 848 τάς
3283 784 3478 855 φύσεις
3504 784 3749 856 ,Χριστοῦ

2173 883 2357 952 ἡμεῖς.

2244 1016 2348 1085 κβ’.
2388 1017 2510 1069 Ἔτι
2529 1014 2586 1068 δέ
2621 1031 2804 1085 φαμεν
2834 1012 2971 1085 πρὸς
2998 1013 3144 1082 ὑμᾶς
3170 1012 3263 1065 ἐπὶ
3294 1011 3356 1065 τὸ
3386 1012 3754 1082 προκείμενον
3798 1059 3801 1061 ,

2176 1106 2304 1176 ὑμῖν
2326 1106 2424 1160 ἆτε
2455 1105 2622 1171 θεῖον,
2661 1105 2855 1174 γένους
2883 1104 3041 1172 λόγον
3068 1105 3171 1158 οὑκ
3201 1104 3516 1174 ἐπιδέχεται
3569 1105 3754 1155 ὁπωσ-

2173 1202 2296 1256 οῦν·
2329 1201 2381 1253 τί
2425 1198 2535 1271 γάρ
2588 1198 2746 1252 τοῦδε
2773 1198 2995 1270 πρώτου
3024 1197 3203 1263 αίτίου
3248 1197 3421 1259 ὄντος,
3483 1195 3755 1266 ἀνώτερον

2174 1294 2329 1346 ἔσται
2359 1291 2548 1359 γένος;
2576 1290 2636 1343 τὸ
2665 1290 2723 1343 ἐν
2773 1289 2968 1352 διττῶς
3000 1289 3160 1360 μόνον
3213 1289 3307 1340 ἐπὶ
3337 1284 3580 1357 Χριστοῦ
3616 1286 3758 1340 κατὰ

2174 1383 2273 1446 τάς
2306 1381 2648 1452 κυριωτέρας
2682 1379 2902 1447 λέγεται
2937 1378 3116 1448 φωνάς
3134 1394 3147 1408 ·
3182 1377 3237 1431 εἴ
3260 1394 3324 1446 γε
3348 1377 3442 1430 καὶ
3464 1376 3607 1430 κατά
3627 1377 3756 1428 ταύ-

2148 1491 2274 1538 ,τσς
2309 1471 2691 1543 συγχωρητέον
2713 1470 2823 1524 τινὶ
2858 1470 3039 1538 λέγειν
3060 1469 3192 1522 αὑτὸ
3210 1468 3300 1522 ὲνθ
3311 1468 3402 1521 ἃδε
3424 1484 3439 1499 ο
3467 1467 3565 1520 καὶ
3588 1466 3682 1520 δύο
3700 1467 3757 1519 δὲ

2176 1563 2369 1628 διττῶς
2399 1560 2538 1618 εἶναι
2555 1562 2681 1618 τάδε
2715 1561 2839 1615 τινὰ
2866 1562 3116 1630 λέγονται
3143 1579 3157 1592 ·
3189 1560 3251 1613 τὸ
3286 1556 3380 1613 οὖν
3410 1557 3467 1613 ἓν
3497 1558 3559 1612 ὃν
3597 1558 3629 1626 ἢ
3680 1557 3758 1626 τῷ

2177 1654 2325 1720 εῖδει,
2355 1652 2387 1723 ἢ
2415 1652 2493 1723 τῷ
2522 1650 2741 1721 ἀριθμῷ
2770 1652 2917 1703 ἐστιν
2948 1650 3007 1703 ἓν
3026 1666 3040 1682 ·
3067 1650 3161 1703 καὶ
3197 1648 3268 1702 τά
3295 1648 3427 1702 ὄντα
3452 1647 3566 1710 δύο,
3606 1648 3639 1717 ἢ
3682 1647 3758 1716 τῷ

2178 1744 2330 1803 εἴδει,
2355 1744 2389 1813 ἢ
2424 1743 2503 1813 τῷ
2527 1742 2749 1813 ἀριθμῷ
2788 1743 2909 1796 ἔστι
2933 1740 3028 1794 δύο
3050 1758 3066 1773 ο
3113 1740 3183 1794 τὰ
3220 1737 3320 1813 μὲν
3348 1738 3444 1793 οῦν
3471 1738 3530 1791 ἓν
3559 1739 3639 1808 τῷ
3682 1739 3756 1789 εἴ-

2173 1837 2254 1890 δει
2275 1836 2430 1900 ὄντα,
2460 1836 2642 1888 πᾶσαν
2667 1834 2779 1900 ἔξει
2796 1834 2935 1905 πρὸς
2966 1833 3171 1902 ἄλληλα
3192 1833 3291 1903 τὴν
3316 1830 3553 1901 φυσικὴν
3574 1831 3757 1901 ὁμοιό-

2173 1945 2312 1997 τητα
2328 1945 2342 1958 ·
2368 1928 2437 1981 τὰ
2465 1926 2524 1979 δὲ
2550 1927 2643 1981 δύο
2663 1927 2792 1979 ὖντα
2816 1925 2895 1997 τῷ
2921 1925 3075 1989 εἴδει,
3118 1924 3339 1987 πάντως
3362 1923 3478 1994 ἔχει
3502 1923 3601 1995 τὴν
3656 1941 3759 1992 φυ-

2175 2019 2334 2086 σικὴν
2381 2017 2776 2088 ἀνομοιότητα·
2811 2017 2881 2069 τὰ
2938 2015 2997 2069 δὲ
3026 2014 3102 2086 τῷ
3150 2014 3375 2086 ἀριθμῷ
3402 2014 3460 2068 ἓν
3507 2014 3660 2079 ὄντα,
3695 2016 3758 2068 οὐ

2172 2109 2443 2165 κωλύεται
2476 2109 2533 2163 ἐν
2566 2110 2781 2173 ἑαυτοῖς
2805 2107 2952 2179 ἔχειν
2978 2107 3215 2179 φυσικὴν
3260 2106 3645 2179 ἀνομοιότητα,
3708 2109 3759 2159 ει

2172 2204 2267 2258 καὶ
2306 2203 2553 2275 ἀλλήλων
2585 2203 2756 2273 χωρἰς
2782 2202 2857 2271 μὴ
2885 2200 3202 2270 διεστήκασι
3225 2217 3238 2229 ’
3276 2200 3369 2253 καὶ
3419 2201 3475 2251 ἐν
3503 2199 3610 2269 ἰδίᾳ
3662 2216 3760 2251 πε-

2175 2299 2417 2369 ριγραφῇ
2445 2294 2823 2367 θεωρούμενον
2872 2293 3136 2364 ἑκάτερον
3187 2290 3553 2364 ἀριθμοῦνται
3610 2291 3755 2345 κατά
3865 2286 3867 2289 ’

2170 2388 2263 2442 τὸν
2276 2386 2368 2441 τοῦ
2393 2386 2629 2459 ἀριθμοῦ
2654 2385 3013 2456 διωρισμένον
3033 2383 3190 2451 λόγον
3208 2400 3223 2414 ο
3247 2382 3419 2446 οὑτως
3441 2384 3549 2454 γὰρ
3569 2383 3757 2435 νοοῦν-

2169 2498 2262 2545 τες
2298 2479 2394 2534 καὶ
2431 2479 2817 2552 ἀριθμοῦντες,
2848 2476 3076 2546 ἒναμὲν
3109 2476 3291 2528 πάντα
3318 2475 3410 2529 τὸν
3454 2476 3638 2528 κοινδν
3660 2474 3755 2527 ἄν-

2172 2574 2391 2644 θρωπον
2410 2573 2505 2627 καὶ
2528 2572 2693 2626 ἵππον
2711 2572 2805 2626 καὶ
2833 2570 3062 2639 ἄγγελον
3096 2567 3535 2637 ἀπαραλλάκτως
3563 2566 3761 2637 ἔχοντα

2170 2664 2250 2735 τῷ
2277 2665 2404 2718 εῖδει
2433 2667 2536 2736 τῆς
2564 2662 2732 2716 αὑτοῦ
2762 2663 2978 2732 φύσεως
3022 2663 3080 2712 ὲν
3120 2660 3250 2712 πᾶσι
3298 2662 3411 2723 τοῖς
3468 2658 3559 2711 ὑπ’
3591 2657 3758 2711 αὑτὸν

2170 2757 2396 2826 ἀτόμοις
2447 2756 2660 2829 φαμέν·
2704 2752 3127 2826 κεχωρισμένως
3179 2751 3235 2803 δὲ
3283 2751 3455 2804 πολλὰ
3499 2750 3658 2804 τοῦδε
3689 2750 3758 2802 τὰ

2170 2855 2348 2925 ἄτομα
2374 2851 2688 2924 τῷάριθμῷ
2709 2853 3059 2922 γινώσκομεν
3080 2871 3094 2886 ο
3124 2853 3229 2906 ἀνὰ
3269 2851 3436 2921 μέρος
3485 2847 3595 2918 γάρ
3622 2850 3756 2903 ἐκα-
3808 2854 3809 2857 “

2174 2960 2300 2998 στον
2317 2944 2500 2997 αὐτῶν
2532 2944 2887 3014 ἀριθμεῖσθαι
2919 2946 3224 3014 δυνάμενον
3257 2944 3445 3012 ἴσμενο
3471 2944 3566 2995 καὶ
3593 2942 3760 2996 πάλιν

2171 3034 2230 3088 ὲν
2253 3033 2329 3104 τῷ
2357 3035 2577 3107 ἀριθμῷ
2599 3036 2691 3090 τόν
2707 3054 2767 3090 τε
2800 3037 3007 3107 κόσμον
3032 3037 3172 3101 ὅλον,
3208 3037 3302 3089 καὶ
3350 3034 3443 3088 τόν
3474 3052 3598 3088 τινα
3659 3035 3755 3089 ἄν-

484 3132 651 3187 posse
696 3116 939 3183 scimus;
985 3125 1043 3172 et
1084 3133 1278 3173 rursus
1324 3119 1380 3173 in
1425 3133 1659 3173 numero
1704 3129 1761 3173 et
1799 3117 2066 3173 mundum

2172 3124 2392 3196 θρωπον
2412 3126 2647 3196 λέγομεν
2662 3127 2857 3197 φύσεσι
2884 3130 3162 3199 μερικαῖς,
3193 3128 3226 3199 ἢ
3253 3130 3506 3198 φυσικοῖς
3533 3127 3756 3190 εἴδεσιν,

486 3208 810 3263 universum
843 3218 900 3263 et
928 3209 1217 3264 hominum
1252 3210 1557 3279 quemlibet
1583 3209 1821 3264 dicimus
1851 3210 2072 3280 partitis

486 3301 703 3356 naturis
722 3292 825 3357 ‘aut
856 3301 1203 3356 naturalibus
1232 3301 1546 3371 speciebus,
1569 3316 1679 3356 non
1710 3317 1880 3355 unum
1912 3302 2067 3357 illum

488 3403 883 3460 numerantes;
934 3395 1104 3464 igitur
1148 3393 1217 3449 de
1264 3393 1499 3449 Domino
1540 3402 1761 3458 nostro,
1794 3393 2068 3464 siquidem

489 3486 910 3555 simplicitatem
957 3493 1184 3556 propter
1218 3500 1470 3555 persona:
1504 3486 1802 3551 unitatem,
1831 3496 1887 3541 et
1921 3484 2081 3547 inse-5

489 3578 816 3657 parabili‘um
850 3578 903 3639 in
939 3577 1057 3649 ipso
1092 3577 1593 3644 enumerationem,
1626 3586 1887 3648 tanquam
1918 3578 2067 3649 quod

490 3684 663 3725 unum
704 3680 793 3726 est
831 3671 886 3724 in
925 3685 1179 3732 numero,
1207 3668 1414 3735 dicitis,
1441 3669 1586 3734 bene
1623 3669 1834 3733 dicitis;
1876 3678 1934 3724 et
1964 3684 2068 3725 nos

488 3769 710 3830 oportet
737 3761 1021 3817 vobiscum
1056 3762 1189 3816 illud
1223 3762 1501 3832 accipere,
1527 3776 1654 3817 cum
1689 3761 2063 3817 confiteamini

488 3849 773 3919 physicam
807 3851 1112 3942 secundum
1146 3851 1291 3905 illam
1323 3850 1540 3906 unicam
1567 3866 1858 3921 personam
1883 3850 2066 3905 diver-

398 4014 405 4021 κ
488 3940 742 4006 sitatam;
778 3942 823 3996 si
858 3956 997 3997 vero
1026 3939 1355 4011 juxta-illud
1389 3941 1662 3997 naturalis
1694 3940 1886 3996 formae
1923 3954 2065 3994 enu-

487 4045 703 4110 merare
750 4048 874 4103 quas
924 4032 980 4087 in
1027 4032 1254 4089 Christo
1293 4033 1582 4099 volumus,
1614 4031 2065 4102 quandoquidem

486 4121 802 4178 conﬁtenda
844 4132 976 4179 sunt
1011 4120 1104 4179 illa
1138 4140 1261 4194 quae
1297 4124 1351 4179 in
1387 4124 1564 4190 forma
1598 4133 1729 4179 sunt
1761 4122 2066 4177 secundum

485 4211 721 4268 formam
764 4214 968 4269 similia
1014 4216 1327 4272 necessario
1361 4231 1518 4281 esse,
1548 4212 1866 4270 necessario
1901 4212 2070 4269 dissi-

490 4303 642 4358 milia
690 4313 1016 4368 cernentes,
1052 4322 1163 4361 non
1213 4307 1455 4377 amplius
1504 4305 1833 4361 audebimus
1878 4304 2069 4363 formae

2168 3217 2266 3287 οὑχ
2298 3217 2393 3272 Eva
2450 3217 2614 3271 αὑτὸν
2641 3218 3026 3288 ἀριθμοῦντες.
3071 3219 3199 3271 Ἐπὶ
3228 3214 3321 3272 οὗν
3355 3218 3451 3271 τοῦ
3479 3220 3757 3303 Δεσπότου

2168 3308 2354 3379 ἡμῶν,
2378 3311 2427 3362 εἰ
2470 3309 2568 3379 μὲν
2598 3308 2705 3377 τὴν
2724 3310 2930 3380 μονάδα
2961 3310 3051 3364 διὰ
3078 3309 3176 3379 τὴν
3196 3308 3291 3362 τοῦ
3316 3308 3614 3379 προσώπου
3644 3310 3759 3362 ἐνό-

2168 3417 2327 3470 τητα,
2359 3401 2454 3453 καὶ
2480 3399 2579 3471 τὴν
2600 3401 2708 3453 τῶν
2738 3401 2796 3452 έν
2819 3400 2971 3471 αὑτῷ
3009 3398 3332 3471 ἀχωρίστων
3359 3398 3751 3470 ἐξαρίθμησιν.

2165 3488 2241 3550 ὡς
2280 3488 2396 3550 ἑνὸς
2444 3487 2595 3551 ὄντος
2626 3488 2702 3559 τῷ
2752 3489 2972 3560 ἀριθμῷ
3000 3507 3163 3559 φατε,
3193 3488 3378 3552 καλῶς
3408 3488 3626 3569 λέγετε,
3656 3489 3755 3542 καὶ

2168 3578 2316 3648 ἡμᾶς
2336 3578 2453 3631 δέον
2478 3579 2573 3631 σὺν
2592 3579 2721 3649 ὑμῖν
2743 3578 2905 3631 τοῦτο
2924 3579 3305 3650 ἀποδέχεσθαι,
3329 3578 3583 3650 ώμολογη
3593 3579 3757 3649 μένου

2169 3667 2262 3722 τοῦ
2294 3671 2415 3721 κατ’
2441 3669 2574 3722 αὐτὸ
2602 3670 2662 3724 τὸ
2694 3670 2753 3724 ἓν
2785 3673 3074 3743 πρόσωπον
3108 3670 3342 3742 φυσικοῦ
3366 3670 3630 3742 διαφόρου
3653 3689 3665 3701 ·
3707 3673 3757 3724 εἰ

2166 3761 2225 3814 δὲ
2251 3758 2392 3813 κατὰ
2417 3761 2509 3814 τὸν
2543 3761 2638 3814 τοῦ
2672 3763 2906 3833 φυσικοῦ
2932 3763 3106 3828 εἴδους
3156 3761 3547 3834 ἀπαριθμῆσαι
3571 3764 3640 3817 τὰ
3696 3765 3758 3815 ἐν

2166 3851 2389 3924 Χριστῷ
2417 3852 2741 3924 βουλόμεθα,
2774 3856 2896 3909 ἐπεὶ
2922 3853 3270 3926 ὡμολόγηται
3302 3852 3373 3906 τά
3403 3854 3461 3905 ἐν
3509 3852 3588 3924 τῷ
3621 3853 3757 3906 εἴδει

2164 3944 2318 4009 ὄντα,
2352 3947 2470 4001 κατ’
2529 3941 2669 4011 εῑδος
2701 3948 2863 4016 ὃμοια
2886 3948 3005 4002 δέον
3030 3964 3035 3971 ·
3060 3928 3224 4011 εἶναι,
3246 3945 3574 4014 ἀναγκαίως
3621 3946 3750 4000 ἀνόο

2173 4053 2299 4106 μοια
2314 4036 2711 4108 θεωρήσαντες,
2748 4040 2928 4093 οὐκέτι
2952 4041 3306 4110 τολμήσομεν
3331 4037 3408 4107 τῷ
3438 4036 3536 4091 τοῦ
3578 4037 3758 4101 εἴδους

2168 4129 2455 4199 καταλόγῳ
2485 4129 2543 4182 ἓν
2587 4131 2758 4185 ταῦτα
2817 4132 3018 4199 λέγειν,
3061 4130 3198 4184 ἀλλά
3218 4129 3344 4182 δύοο
3398 4130 3596 4183 οὐκοῦν
3654 4130 3757 4182 ἀκ-

2169 4219 2409 4282 ολούθως
2459 4220 2555 4274 δύο
2593 4222 2693 4291 μὲν
2721 4224 2841 4285 ταῖς
2867 4221 3114 4290 φύσεσιν,
3143 4220 3201 4274 ἓν
3216 4220 3276 4273 δὲ
3302 4219 3381 4292 τῷ
3408 4219 3635 4291 ἀριθμῷ
3664 4219 3757 4272 τὸν

2169 4310 2404 4382 Χριστὸν
2429 4309 2795 4381 γινώσκομεν.

486 4397 671 4452 indice
714 4414 887 4471 unum
936 4400 1055 4455 haec
1101 4402 1320 4468 dicere,
1354 4403 1451 4459 sed
1502 4402 1643 4468 duo;
1692 4418 1824 4475 ergo
1870 4415 2278 4481 consequenter
2305 4407 2418 4467 duo
2466 4407 2691 4478 quidem
2720 4408 2956 4474 naturis,
3024 4423 3195 4463 unum
3264 4415 3449 4462 autem
3516 4396 3758 4470 numero

481 4490 767 4547 Christum
797 4495 1203 4564 cognoscimus.

496 4688 501 4693 ,
554 4628 647 4684 25.
675 4627 873 4685 Adhuc
901 4630 1198 4701 petendum
1230 4632 1301 4687 ab
1331 4632 1443 4688 illis
1468 4631 1565 4703 qui
1592 4646 1624 4687 e
1653 4630 1871 4687 duabus
1897 4641 2062 4691 natu-

2238 4638 2344 4702 κγ’.
2387 4633 2507 4686 Ἔτι
2535 4631 2837 4704 ὲρωτητέον
2865 4633 3083 4698 αὐτοὺς,
3113 4636 3180 4688 ὲκ
3199 4633 3294 4688 δύο
3315 4633 3534 4705 φύσεων
3562 4639 3753 4710 λέγον-

486 4735 603 4775 ram
635 4719 830 4776 dicunt
865 4737 1030 4777 unam
1066 4739 1232 4795 quam
1267 4722 1475 4779 Christi
1508 4731 1737 4786 vocant,
1769 4738 1899 4781 num
1943 4730 2001 4779 et
2032 4739 2065 4778 e

373 4836 380 4844 ο
483 4812 700 4868 duabus
737 4813 1118 4870 subsistentiis
1135 4850 1163 4879 ,ι
1185 4816 1304 4871 sive
1337 4815 1592 4886 personis
1632 4815 1852 4870 unicam
1891 4816 2065 4886 ipsius

482 4906 896 4963 subsistentiam
941 4907 1166 4973 dicunt,
1202 4923 1269 4962 an
1312 4908 1456 4962 non?
1488 4896 1611 4972 Quo
1656 4922 1788 4978 ergo
1824 4915 1881 4964 et
1922 4923 2062 4978 quo-

482 4995 649 5052 modo
680 4997 848 5054 cessit
876 4999 1045 5055 altera
1071 5013 1102 5061 e
1129 4997 1342 5052 naturis
1367 4998 1489 5067 ejus
1515 5004 1643 5052 ante
1670 4997 2058 5054 adunationem

480 5088 697 5157 dicant,
723 5096 782 5145 et
816 5090 978 5161 cujus
1013 5098 1134 5145 erat
1172 5088 1338 5144 tunc?
1370 5089 1627 5147 Nondum
1666 5089 1816 5145 enim
1855 5089 2059 5149 Christi

483 5188 607 5236 erat
639 5189 808 5237 uncta
843 5180 1127 5237 divinitati
1169 5180 1412 5235 humana
1444 5189 1667 5246 natura;
1700 5182 1744 5235 si
1782 5197 1915 5235 vero
1946 5191 2063 5248 ειμι

481 5271 701 5328 duabus
728 5270 1110 5327 subsistentiis
1137 5270 1531 5327 adunationem
1550 5271 1785 5334 .dicunt,
1819 5274 1912 5328 ubi
1942 5288 2065 5329 erat

481 5368 616 5416 tunc
643 5360 889 5432 perfecta
905 5359 1260 5416 subsistentia
1276 5359 1517 5415 humana
1535 5360 1755 5416 Christo
1773 5366 2052 5436 praecxsip

480 5453 668 5507 stensi
691 5451 901 5506 Deinde
927 5450 999 5515 in
1012 5458 1175 5507 utero
1200 5461 1403 5508 sancta:
1426 5452 1670 5524 Virginis
1693 5454 1933 5522 inclusa;
1964 5458 2057 5531 illo

478 5544 629 5598 ciiim
671 5544 725 5597 in
764 5551 958 5599 sancto
993 5544 1252 5602 cubiculo
1289 5544 1554 5602 adunatio
1589 5537 1790 5603 Christi
1835 5558 2056 5604 natura-

476 5647 603 5687 rum
658 5632 730 5687 ab
786 5632 947 5688 initio
998 5633 1141 5691 facta
1199 5643 1316 5703 est;
1376 5636 1482 5693 nisi
1549 5636 1693 5694 forlc
1752 5642 2052 5696 secundum

476 5725 795 5779 Nestorium
835 5725 1142 5784 divinitatis
1192 5729 1586 5786 adunationem
1661 5741 1778 5800 post
1833 5742 2048 5801 partum

2166 4744 2267 4790 τας
2296 4726 2396 4797 τὴν
2437 4725 2566 4796 μίαν
2606 4724 2787 4795 φύσιν,
2820 4728 2886 4796 ἦν
2918 4743 3049 4795 φασι
3074 4728 3337 4796 Χριστοῦ,
3374 4721 3488 4800 ἆρά
3536 4749 3602 4800 γε
3661 4736 3779 4787 καὶ.

2165 4821 2233 4873 ὲκ
2261 4819 2356 4873 δύο
2379 4818 2755 4882 ὑποστάσεων,
2791 4819 2846 4873 εἴ
2877 4819 2926 4872 τ’
2954 4819 3049 4874 οῦν
3080 4819 3412 4890 προσώπων,
3473 4822 3576 4894 τὴν
3615 4824 3752 4894 μίαν

2166 4909 2333 4965 αὑτοῦ
2356 4910 2657 4966 ὑπόστασιν
2686 4912 2935 4985 λέγουσιν
2964 4913 2997 4982 ἢ
3022 4912 3143 4983 οὐχί
3170 4928 3185 4979 ;
3219 4912 3331 4966 Ποῦ
3363 4908 3458 4967 οὖν
3487 4917 3586 4970 καὶ
3631 4917 3753 4977 πῶς

2167 5002 2441 5073 ὑφέστηκε
2473 5003 2678 5074 θατέρα
2707 5002 2815 5057 τῶν
2847 5002 3063 5072 φύσεων
3115 5003 3282 5058 αὐτοῦ
3314 5004 3573 5076 πρὸτῆς
3615 5009 3750 5062 ἑνώ-

2160 5110 2318 5158 σεως,
2342 5094 2650 5163 λεγέτωσαν
2671 5111 2683 5124 ·
2715 5095 2861 5157 τίνος
2891 5112 2952 5147 τε
3002 5090 3140 5151 οὖσα
3184 5094 3341 5161 τότες
3383 5097 3442 5150 οὑ
3475 5097 3589 5170 γὰρ
3617 5101 3750 5171 Χριο

2159 5184 2286 5239 στοῦ
2315 5179 2383 5254 ἦν
2413 5186 2581 5254 μήπω
2612 5185 2897 5256 χρισθεῖσα
2927 5186 3144 5257 θεότητι
3198 5188 3232 5258 ἡ
3270 5187 3591 5266 ἀνθρωπίνη
3642 5192 3748 5262 φύ-

2161 5291 2273 5337 σιςο
2308 5278 2356 5337 εί
2389 5275 2445 5329 δὲ
2477 5278 2572 5337 καὶ
2600 5278 2664 5330 ὲκ
2693 5276 2789 5331 δύο
2815 5276 3168 5331 ὑποστάσειῖω
3206 5294 3342 5347 φασι
3370 5279 3469 5351 τὴν
3520 5281 3743 5348 ⁴ἕνωσιν,

2161 5367 2267 5421 ποῦ
2290 5362 2358 5440 ἦν
2389 5386 2517 5422 ποτε
2543 5371 2575 5439 ἡ
2602 5369 2783 5422 τελεία
2801 5369 3095 5432 ὑπόστασις
3113 5368 3431 5441 ἀνθρωπίνη
3454 5375 3745 5444 προῦπάρ-

2166 5455 2303 5521 ξασα
2337 5457 2760 5528 ΧριστοῦςΕτα
2786 5460 2845 5511 ἐν
2873 5461 2937 5530 τῇ
2972 5460 3158 5531 μήτρᾳ.
3196 5461 3294 5531 τῆς
3320 5462 3484 5529 ἁγίας
3530 5464 3745 5533 Παρθέ-

2163 5567 2253 5608 νου
2287 5549 2739 5620 ὲγκαθειρχθείσα
2760 5567 2774 5582 ο
2797 5551 2912 5604 κατ’
2938 5553 3113 5604 ἐκεῖνο
3139 5552 3245 5623 γὰρ
3267 5552 3328 5605 τὸ
3355 5552 3513 5621 ἆγιον
3544 5554 3743 5626 χωρίον

2161 5644 2191 5710 ἡ
2226 5642 2417 5704 ἕνωσις
2438 5643 2544 5696 τῶν
2566 5643 2801 5712 Χριστοῦ
2838 5642 3052 5711 φύσεων
3078 5645 3172 5697 ἀπ’
3203 5646 3379 5717 ἀρχῆς
3413 5647 3664 5713 ἐγένετοθ
3696 5649 3741 5699 εἰ

2164 5735 2236 5804 μὴ
2259 5734 2364 5806 ἄρα
2397 5736 2538 5789 κατὰ
2558 5736 2852 5806 Νεστόριον
2866 5737 2964 5806 τὴν
2990 5737 3182 5791 ἕνωσιν
3205 5739 3303 5808 τῆς
3321 5738 3575 5809 θεότητος
3604 5756 3743 5811 μετα
