4034 6402
324 332 428 393 785

1436 327 1735 387 CONTRA
1776 325 2381 402 MONUPHYSITAS.

3317 287 3322 293 ’
3418 300 3569 380 1786
3600 280 3611 289 κ

292 445 386 496 τὸν
426 442 587 495 τόκον
626 440 726 510 τῆς
751 438 1178 512 ἀνθρωπότητος
1214 437 1419 493 οἴονται
1454 438 1708 508 γενέσθαι
1735 437 1873 509 πρὸς

1999 437 2338 493 inmanitatis
2390 434 2735 490 arbitrantur
2790 430 2909 487 fieri
2943 430 3012 486 ad
3056 428 3231 499 ipsam
3258 444 3574 501 congruen—

296 534 466 604 αὐτὴν
496 532 791 604 σχετικῶς.
874 586 879 591 ,

362 626 463 683 κδ’.
496 624 622 677 Ἔτι
650 621 981 694 ἀνακριτέον
1015 620 1242 684 αὐτούς·
1279 621 1344 675 ὲκ
1369 620 1462 674 δύο
1493 618 1885 691 φύσεωνπρά-

293 734 471 787 γματι
520 715 913 785 ὑφεστηκυιῶν
959 730 1095 783 φασι
1139 713 1231 767 τὸν
1261 713 1522 784 Χριστὸν,
1559 713 1593 782 ἢ
1649 711 1888 781 Θατέρας

291 808 503 872 αὐτῶν,
531 808 701 878 ἦγουν
725 807 827 876 τῆς
848 804 1199 877 ἀνθρωπείας
1225 806 1346 858 κατ’
1370 804 1616 858 ἐπίνοιαν
1640 820 1885 873 προανα-

296 903 678 972 πλαττομένης
720 901 907 963 αὐτοῖς
967 897 1075 970 πρὸ
1102 898 1204 968 τῆς
1236 896 1484 960 ἑνὼσεως
1507 913 1519 926 ·
1552 898 1601 950 εί
1644 895 1743 964 μὲν
1779 894 1885 964 γὰρ

247 999 257 1007 ’
291 997 503 1065 ἀμφοῖν
532 994 708 1055 όντως
733 991 1042 1063 προουσῶν,
1068 991 1152 1053 τίς
1183 984 1273 1060 ἦν.
1301 991 1395 1043 καὶ
1430 987 1533 1041 ποῦ
1568 987 1732 1040 πάλιν
1790 987 1889 1055 ζη-

290 1087 576 1157 τήσωμεν,
604 1085 640 1155 ἡ
658 1084 791 1155 ψιλὴ
820 1083 1143 1154 ἀνθρωπίνη
1168 1081 1330 1151 φύσις
1360 1080 1466 1152 πρὸ
1492 1077 1750 1150 Χριστοῦ,
1772 1074 1904 1133 εἶτα

290 1180 525 1246 γέγονεν
539 1178 600 1230 ὲν
628 1174 851 1247 Χριστῷ
894 1174 1040 1228 κατὰ
1078 1174 1177 1245 τὴν
1211 1172 1376 1241 ἁγίαν
1431 1172 1645 1243 μήτραν
1702 1187 1890 1224 συντε-

289 1271 477 1323 θέντι·
512 1271 563 1323 εί
602 1269 661 1321 δὲ
708 1267 943 1337 θατέραν
991 1266 1103 1319 τῶν
1130 1265 1347 1333 φύσεων
1402 1264 1464 1329 ἐξ
1501 1258 1575 1316 ὧν
1628 1279 1762 1332 φασι
1795 1262 1887 1315 τὸν

290 1360 536 1432 Χριστὸν
558 1360 780 1431 ἐπινοίᾳ
800 1356 1339 1430 προαναπλάττουσι,
1373 1355 1590 1426 πρῶτον
1615 1354 1713 1424 μὲν
1743 1354 1775 1422 ἢ
1799 1353 1889 1406 οὑ·-

286 1452 535 1521 δαμόθεν
558 1450 821 1512 λαϐόντες
850 1450 1108 1521 ἀφορμὴν
1138 1447 1377 1517 ἀληθοῦς
1398 1445 1643 1508 ἐπινοίας
1693 1444 1889 1513 ψευδὲς

288 1543 638 1613 ἀνάπλασμα
668 1542 877 1611 ταύτην
897 1540 1274 1613 παριστῶσιν·
1308 1540 1341 1612 ἢ
1383 1532 1754 1601 λαϐόντες-ἐκ
1787 1536 1888 1604 τῆς

293 1636 440 1703 μετά
467 1636 575 1706 τὴν
604 1635 804 1688 ἕνωσιν
828 1632 1064 1700 θεωρίας
1093 1630 1334 1700 Χριστοῦ
1360 1629 1460 1700 τὴν
1477 1626 1793 1696 διάγνωσιν,
1814 1625 1891 1688 ὡς

291 1725 390 1778 δύο
422 1724 647 1792 φύσεων
688 1725 786 1778 καὶ
816 1722 1062 1785 τοιῶνδε,
1094 1720 1297 1784 ταύτας
1334 1720 1440 1773 καὶ
1470 1709 1890 1788 προεπινοοῦσιν

242 1872 260 1882 ,
292 1817 494 1872 αὐτοῦ.
527 1816 658 1879 Πῶς
686 1811 783 1869 οὖν
811 1815 875 1867 ού
904 1813 1001 1867 δύο
1035 1812 1185 1866 ἴσασι
1220 1812 1358 1881 μετά
1381 1810 1483 1879 τὴν
1506 1809 1701 1861 ἕνωσιν
1727 1808 1778 1861 οἱ
1799 1805 1894 1858 καὶ
1927 1781 1965 1832 Β

291 1910 397 1981 τὴν
427 1907 783 1980 προῦπαρξιν
805 1906 986 1960 αὐτῶν
1018 1905 1117 1972 τὴν
1147 1905 1252 1975 πρδ
1281 1903 1379 1975 τῆς
1423 1901 1670 1963 ὲνὼσεως
1701 1902 1767 1952 ἐκ
1796 1897 1896 1967 τῆς

295 2000 448 2053 κατά
480 1999 586 2069 τὴν
610 1998 810 2050 ἕνωσιν
841 1994 1188 2064 διαγνώσεως
1239 1992 1419 2047 αὐτῶν
1456 1992 1854 2059 ἐπινοήσαντες
1879 2002 1892 2017 ’

294 2090 380 2147 ἔτι
405 2086 478 2162 ἦν
499 2091 553 2142 εἰ
598 2090 706 2159 μὲν
740 2088 955 2161 ἔπινοίᾳ
995 2087 1250 2158 θατὲραν,
1273 2085 1368 2138 καὶ
1391 2082 1623 2154 ἀληθείᾳ
1653 2080 1750 2150 τὴν
1783 2080 1903 2133 ἑτέ-

297 2199 408 2251 ραν
436 2182 552 2235 τῶν
591 2181 814 2249 φύσεων
839 2181 901 2244 ἐξ
929 2174 1005 2233 ὧν
1032 2181 1060 2233 ὁ
1084 2178 1309 2249 Κύριος,
1342 2164 1527 2246 φασὶν,
1557 2174 1770 2242 ἀνάγκη
1805 2171 1901 2223 καὶ

296 2275 471 2326 αὐτὸν
500 2272 743 2344 Χριστὸν
762 2273 822 2325 τὸ
858 2271 960 2342 μέν
979 2289 1033 2324 τι
1055 2270 1223 2343 μέρος
1259 2267 1426 2323 αὐτοῦ
1455 2264 1689 2336 ἀληθείᾳ
1713 2264 1896 2330 ὑπάρ-

298 2384 400 2436 χον
427 2365 601 2436 ἔχειν.
641 2365 706 2419 τὸ
725 2365 784 2418 δὲ
823 2364 1043 2435 ἐπινοίᾳ
1070 2363 1249 2417 δοκεῖν
1285 2361 1447 2431 μόνον
1467 2375 1482 2391 ο
1513 2358 1591 2420 ὠς
1634 2352 1902 2409 εῖναιεκαὶ

299 2456 403 2527 τῆς
460 2457 608 2510 κατὰ
654 2454 846 2509 τούσδε
913 2456 1045 2525 μιᾶς
1108 2451 1325 2522 φύσεως
1351 2445 1518 2501 αὐτοῦ
1541 2443 1899 2515 ἀνύπαρκτον

296 2549 501 2619 ἣμισυ,
520 2548 619 2601 καὶ
647 2547 728 2610 είς
754 2547 930 2617 ἥμισυ
958 2545 1175 2614 φύσεως
1206 2542 1368 2614 μόνον
1423 2538 1763 2610 καταντῇσαι
1800 2538 1901 2589 αύ-

296 2640 413 2695 τῶν
441 2639 541 2710 τὴν
568 2639 664 2692 ἐπὶ
684 2638 922 2706 Χριστοῦ
941 2634 1296 2706 φυσιολογίαν
1314 2651 1328 2665 ’
1350 2631 1449 2689 καὶ
1492 2630 1627 2703 μηδὲ
1658 2631 1739 2694 είς
1770 2630 1899 2701 μίαν

306 2734 483 2802 φύσιν
504 2730 748 2794 τελείαν,
769 2731 847 2792 ὡς
880 2728 1159 2796 λέγουσιν.

375 3006 482 3054 κε’.
536 3000 664 3054 Ἔτι
695 2998 820 3057 ιπεὶ
877 2995 989 3049 τῶν
1016 2994 1238 3064 φύσεων
1290 2993 1497 3064 δηλαδὴ
1552 2993 1651 3063 τὴν
1682 2992 1901 3045 σύνοδον

1988 538 2090 585 ter.

2055 621 2144 676 24.
2167 620 2364 675 Adhuc
2394 617 2788 688 inquirendum
2815 615 2886 671 ab
2917 615 3028 670 illis
3058 631 3073 668 :
3099 630 3131 670 e
3161 613 3383 669 duabus
3413 620 3576 667 natu-

1987 713 2065 767 ris
2098 728 2156 766 re
2190 709 2560 767 eilicientibus
2590 708 2872 763 Christum
2908 706 3125 768 dicunt,
3154 712 3250 759 aut
3281 719 3349 759 ex
3380 718 3571 758 earum

1986 806 2190 868 altera,
2225 803 2444 858 scilicet
2484 802 2832 856 immanitate
2870 800 3028 870 juxta
3068 797 3461 868 cogitationem
3503 796 3574 850 ah

1987 895 2124 965 ipsis
2147 896 2412 964 plasmata
2437 902 2567 949 ante
2591 892 3020 956 adunationem;
3048 890 3097 946 si
3121 888 3271 945 enim
3295 887 3574 942 ex-ambo-

1988 989 2093 1044 bus
2118 988 2299 1058 reipsa
2325 986 2856 1058 praeexsistentibus,
2878 1000 3002 1055 quae
3027 991 3148 1039 erat
3169 990 3226 1037 et
3251 982 3343 1036 ubi
3370 981 3572 1036 iterum

1970 1095 2301 1150 ,quzeremus
2334 1078 2556 1134 subtilis
2589 1078 2833 1131 humana
2870 1084 3069 1130 natura
3102 1084 3231 1129 ante
3264 1072 3571 1133 Christum,

1987 1171 2132 1227 facta
2165 1178 2250 1226 est
2284 1169 2487 1225 deinde
2525 1169 2579 1223 in
2614 1167 2840 1222 Christo
2875 1167 3022 1220 intra
3056 1174 3310 1220 sanctum
3349 1172 3573 1218 uterum

1989 1262 2254 1333 concepta
2301 1280 2315 1314 :
2368 1262 2413 1316 si
2456 1275 2590 1315 vero
2638 1260 2868 1313 alteram
2920 1266 3245 1313 naturarum
3296 1272 3327 1311 e
3372 1254 3577 1324 quibus

1989 1355 2271 1411 Christum
2314 1354 2506 1410 dicunt
2543 1352 2703 1421 quasi
2745 1350 2815 1406 de
2851 1364 2998 1404 novo
3040 1357 3100 1423 et
3138 1347 3404 1403 anteriori
3452 1346 3569 1415 pla,-

1991 1455 2194 1510 smant,
2217 1446 2455 1516 primum
2484 1443 2710 1514 quidem
2744 1450 2841 1497 aut
2865 1457 2895 1494 a
2919 1441 3071 1496 nulla
3098 1438 3578 1510 apprehendentes

1990 1555 2137 1595 verte
2167 1537 2520 1609 cngitationis
2550 1536 2848 1592 exordium
2868 1576 2885 1596 ,
2915 1526 3242 1589 mendacem
3278 1531 3581 1601 plasmatu-

1992 1645 2110 1685 ram
2142 1645 2262 1684 eam
2296 1629 2617 1693 stabiliunt;
2654 1636 2752 1682 aut
2785 1625 3273 1697 apprehendentes
3304 1640 3335 1678 e
3370 1621 3576 1679 Christi
3635 1625 3638 1629 '

1992 1729 2123 1799 ante
2152 1720 2550 1775 adunationem
2580 1718 3036 1774 consideratione
3065 1718 3403 1788 agnitionem
3437 1715 3582 1769 sicut

1995 1814 2235 1868 duarum
2269 1820 2597 1866 naturarum
2630 1818 2685 1864 et
2723 1811 2938 1873 talium,
2964 1810 3065 1864 has
3096 1818 3152 1864 et
3182 1808 3427 1878 cogitant
3456 1815 3583 1860 ante

1997 1904 2197 1975 ipsum.
2217 1901 2504 1970 Quomodo
2519 1919 2650 1973 ergo
2670 1917 2779 1957 non
2807 1902 2947 1956 duas
2963 1907 3271 1971 agnoscunt
3295 1907 3417 1968 post
3440 1897 3580 1952 adu-

1995 1998 2280 2052 nationem
2336 1995 2433 2065 qui
2489 1997 2731 2065 ipsarum
2784 1993 3280 2064 prasexsistentiam
3305 1974 3580 2062 quaeante

1997 2090 2388 2145 adunationem
2419 2097 2569 2144 esset
2592 2087 2908 2157 excogitant
2935 2103 3004 2142 ex
3036 2100 3226 2140 earum
3265 2085 3583 2155 cognitione

1998 2196 2161 2251 quam
2192 2180 2398 2234 habent
2421 2179 2578 2250 juxta
2609 2166 3044 2245 adunationem;
3084 2178 3266 2233 adhuc
3298 2178 3343 2232 si
3378 2176 3585 2247 cogita-

2002 2273 2152 2327 tione
2187 2272 2413 2341 qnidem
2453 2272 2683 2326 alteram
2725 2279 2783 2325 et
2818 2271 3053 2325 veritate
3091 2270 3318 2324 alteram
3359 2277 3582 2322 natura-

2000 2380 2122 2418 rum
2172 2380 2203 2419 e
2248 2364 2458 2433 quibus
2512 2362 2769 2418 Christus
2821 2358 3046 2425 dicunt,
3088 2369 3211 2416 erat
3251 2375 3481 2415 necesse
3531 2369 3585 2413 et

1997 2456 2279 2513 Christum
2315 2457 2517 2525 ipsum,
2546 2457 2747 2525 partim
2784 2455 3303 2510 veritatcexsistere
3335 2453 3581 2513 realiter,

2000 2548 2200 2618 partim
2233 2547 2571 2618 cogitatione
2608 2555 2821 2602 tantum
2856 2562 2979 2602 esse
3004 2547 3212 2612 videri;
3250 2546 3406 2616 quasi
3439 2552 3587 2598 esset

2003 2649 2118 2695 tum
2164 2640 2328 2695 unius
2374 2647 2582 2695 naturae
2624 2639 2798 2709 ipsius
2834 2640 2991 2707 juxta
3033 2636 3260 2692 eosdem
3290 2652 3403 2690 non
3435 2636 3584 2690 exsi-

1944 2768 1947 2771 »
2003 2740 2156 2788 stens
2185 2734 2367 2788 media
2400 2748 2548 2803 pars,
2576 2741 2689 2786 tum
2725 2732 2905 2785 media
2937 2739 3151 2784 natura:
3181 2737 3337 2798 parte
3370 2728 3582 2782 tantum

2002 2820 2069 2875 ad
2114 2821 2267 2890 ipsos
2305 2820 2624 2892 pervenisse
2668 2819 3066 2890 physiologiam
3102 2816 3340 2883 Christi,
3376 2824 3434 2871 et
3475 2831 3584 2869 non

2002 2911 2248 2981 perfecta
2276 2912 2441 2966 unica
2470 2920 2690 2975 natura,
2710 2918 2772 2964 ut
2801 2909 3018 2964 dicunt;
3292 2955 3295 2958 τ

2071 3003 2161 3057 25.
2194 3003 2392 3058 Adhuc
2437 3002 2681 3058 scientes
2722 3016 2822 3056 vos
2863 3009 3187 3055 naturarum
3230 3006 3583 3068 coagmenta-

301 3089 448 3152 ῐστε,
486 3088 585 3143 καὶ
606 3088 705 3141 σὺν
723 3087 855 3156 ἡμῖν
882 3084 946 3137 τὸ
970 3083 1278 3155 ἀσύγχυτον
1306 3084 1623 3154 ὁμολογεῖτε
1639 3074 1750 3139 τῶν
1773 3102 1894 3138 συν-

2005 3093 2211 3147 tionem
2238 3100 2296 3146 et
2320 3092 2612 3147 nobiscum
2645 3089 2992 3146 inconfusum
3027 3087 3356 3144 conﬁtentes
3385 3102 3588 3141 convr-

297 3179 608 3245 ελθόντων,
667 3177 833 3232 πόθεν
889 3176 1051 3231 τοῦτο
1141 3176 1440 3248 θεωρεῖτε.

297 3272 441 3342 ἡμῖν
461 3285 479 3305 ο
504 3269 555 3321 εί
579 3267 690 3339 γὰρ
726 3268 809 3323 ὅτι
832 3267 1109 3338 ἀνελλιπῆ
1133 3266 1206 3321 τὰ
1227 3268 1349 3321 θεῖα
1369 3268 1463 3321 καὶ
1478 3267 1547 3320 τὰ
1577 3266 1898 3340 ἀνθρώπινα

1522 3177 1896 3250 ἀποκρίνασθε

200 3430 211 3441 ο
299 3361 363 3413 ὲν
395 3357 482 3430 τῷ
513 3358 666 3428 αὐτῷ
723 3358 980 3428 θεωρεῖτε
1012 3356 1315 3428 προσώπῳ,
1361 3358 1503 3412 σῶον
1537 3359 1770 3413 ἑκάστου
1806 3358 1898 3411 τὸν

300 3451 545 3517 φυσικὸν
577 3448 736 3515 λόγον
771 3445 864 3501 διὰ
907 3447 1009 3517 τῆς
1058 3446 1167 3500 τῶν
1208 3447 1520 3517 ἰδιωμάτων
1568 3448 1898 3511 ἀντιδόσεως

299 3547 361 3599 ὲν
377 3544 462 3617 τῷ
492 3545 577 3598 ἑνὶ
606 3543 968 3614 συγκρίματι,
1012 3542 1337 3611 γινώσκετε,
1389 3544 1550 3613 δῆλον
1599 3544 1759 3597 ἔσται
1815 3543 1899 3597 ὃτι

298 3635 367 3689 lx
413 3652 570 3697 τινος
618 3633 826 3688 τελείου
884 3650 947 3685 τε
979 3633 1137 3687 τοῦδε
1186 3634 1287 3698 τὰς
1346 3634 1629 3704 ἐνεργείας
1680 3636 1777 3688 καὶ
1831 3634 1901 3688 τὰ

300 3725 456 3795 πάθη
498 3724 647 3778 κατά
701 3722 911 3776 τελείου
952 3723 1049 3776 καὶ
1082 3724 1143 3776 οὐ
1206 3722 1346 3794 ,κατ’
1413 3722 1631 3787 οὐδενὸς
1686 3722 1901 3790 λογίζε-

299 3816 438 3883 σθεο
507 3813 745 3883 ἐπείπερ
793 3813 1109 3883 Δἀναγκαῖον
1180 3812 1277 3865 καὶ
1329 3812 1428 3875 τὰς
1484 3812 1670 3875 αἰτίας
1723 3809 1901 3873 οὕτως

294 3880 452 3977 ἔχειν
476 3905 576 3958 καὶ
601 3880 974 3973 φυλαττεσθαι
1014 3901 1307 3972 διαφόρους
1330 3902 1426 3954 καὶ
1450 3899 1686 3964 τελείας,
1710 3899 1901 3968 ὥσπερ

295 4000 369 4053 τά
402 3999 518 4052 ἴδια
538 3996 746 4050 τούτων
780 3994 1047 4064 ἰδιώματα
1076 3994 1169 4051 καὶ
1188 3993 1399 4064 προσλή
1409 4010 1554 4062 ματα
1579 4009 1593 4027 ο
1627 3993 1752 4045 ἐπεὶ
1807 3990 1902 4047 οὖν

298 4089 549 4159 διάφορά
571 4087 634 4140 τέ
661 4088 772 4140 είσι
788 4086 884 4139 καὶ
903 4085 1081 4150 διττὰ,
1114 4085 1239 4139 θεῖά.
1273 4102 1330 4138 τε
1358 4085 1491 4138 ὄντα
1544 4084 1640 4138 καὶ
1690 4081 1900 4137 ἀνθρώ-

299 4200 461 4245 πινα,
492 4181 734 4248 διάφορα
765 4177 923 4231 ἔσται
944 4178 1043 4229 καὶ
1071 4177 1165 4229 δύο
1194 4177 1292 4231 καὶ
1325 4177 1453 4230 τάδε
1473 4192 1489 4208 ·
1525 4176 1698 4230 ταῦτα
1726 4176 1784 4229 δὲ
1833 4176 1902 4229 τὰ

297 4275 458 4328 αἴτια
488 4270 605 4323 τῶν
640 4268 788 4323 ίδίων
820 4269 983 4335 είπερ
1012 4266 1203 4336 φύσεις
1253 4262 1397 4320 εἶναι
1449 4266 1788 4335 ὁμολογεῖτε,
1837 4267 1903 4319 ὲκ

294 4365 395 4419 δύο
453 4365 568 4435 ἀρα
600 4363 713 4416 τῶν
752 4360 971 4430 φύσεων
1029 4360 1280 4431 προϊέναι
1344 4360 1446 4425 τάς
1500 4360 1772 4432 ἰδιότητας
1803 4359 1899 4414 καὶ

296 4459 465 4527 ὑμεῖς
486 4455 827 4525 ὁμολογεῖτε.

374 4555 500 4614 ις’.
555 4546 679 4600 Ἔτι
709 4548 759 4600 εἰ
802 4545 903 4617 τὴν
949 4546 1189 4616 φυσικὴν
1230 4545 1498 4616 διαφορὰν
1542 4544 1898 4615 ὁμολογοῦσιν

298 4644 360 4694 ὲν
393 4638 643 4712 Χριστῷ.
685 4634 798 4707 ἇρὰ
850 4655 916 4705 γε
953 4635 1118 4691 τινῶν
1163 4637 1336 4692 ὄντων
1388 4637 1489 4709 ἤδη
1551 4633 1693 4691 εἶναι
1724 4636 1899 4708 αὐτὴν

299 4730 597 4800 διαφορὰν,
630 4729 665 4798 ἢ
692 4727 857 4782 τινῶν
879 4729 956 4797 μὴ
979 4726 1152 4782 ὄντων
1187 4729 1442 4796 λέγουσιν
1469 4724 1611 4782 εἶναι
1640 4728 1742 4799 »τὴν
1775 4729 1892 4783 δια-

299 4822 479 4893 φοράν
522 4821 581 4874 ὲν
620 4819 864 4891 Χριστῷ,
882 4820 1004 4872 ἐπεὶ
1021 4815 1113 4873 οὖν
1141 4820 1384 4884 πάντως,
1404 4818 1573 4874 ὄντων
1599 4819 1836 4887 ἐροῦσιν,
1860 4819 1894 4891 ἦ

297 4913 395 4968 δύο
416 4912 628 4966 τούτων
648 4911 850 4982 δηλαδὴ
872 4912 906 4982 ἢ
938 4912 1537 4981 πλειόνων,λε’γέτωσαν
1568 4908 1661 4966 οὖν
1679 4912 1896 4966 ὁπόσων

296 5003 466 5057 τινῶν
507 5001 793 5073 βούλονται
840 4997 984 5058 εἶναι
1025 5003 1217 5073 αὐτὴν,
1266 5000 1363 5058 Scal.
1416 5003 1491 5076 μὴ
1524 5003 1896 5058 εύλαϐείσθω-

296 5113 421 5149 σαν.

365 5184 476 5249 κζ’.
505 5187 630 5239 Ἔτι
668 5189 718 5240 εἰ
742 5187 804 5241 τὸ
831 5188 1015 5256 λέγειν
1038 5189 1153 5254 δύο,
1195 5170 1451 5260 χωρίζειν
1485 5192 1626 5255 ἐστὶ,
1654 5190 1772 5254 πῶς
1797 5191 1894 5245 δύο

291 5278 557 5346 λέγοντες
581 5279 679 5341 τὰς
710 5280 987 5351 ἰδιότητας
1036 5282 1132 5335 καὶ
1157 5283 1316 5336 αὐτοὶ
1345 5284 1445 5350 τὴν
1470 5282 1666 5338 ἕνωσιν
1695 5286 1756 5339 οὐ
1795 5302 1894 5354 με·

295 5368 583 5439 ρίζουσινς
619 5371 765 5425 Ἀλλ’
788 5373 921 5437 ἴσως
948 5372 1177 5440 εἴποιεν,
1204 5375 1287 5428 ὅτι
1320 5374 1479 5430 τοῦτο
1498 5374 1757 5447 χωρίζειν
1789 5382 1890 5449 τὴν

293 5460 463 5531 φύσιν
495 5463 559 5516 οὗ
578 5465 853 5531 πέφυκεν·
886 5465 999 5518 ίδοὺ
1029 5467 1124 5518 καὶ
1153 5468 1214 5519 ὲν
1242 5469 1357 5530 τοῖς
1383 5468 1506 5520 καθ’
1538 5468 1769 5531 ἕκαστα,
1795 5474 1889 5523 καὶ

295 5553 355 5607 ιν
376 5554 522 5625 αὐτῇ
549 5557 615 5624 τῇ
648 5556 780 5626 ἁγίᾳ.
818 5555 1038 5626 meai,
1075 5557 1293 5621 πλείους
1322 5560 1421 5629 μὲν
1452 5559 1552 5623 τὰς
1594 5561 1885 5632 ἰδιότητας,

298 5642 428 5711 μίαν
447 5644 506 5698 δὲ
527 5644 628 5715 τὴν
651 5647 814 5714 φύσιν
841 5649 1061 5718 ὁρῶμεν
1086 5669 1096 5680 ·
1132 5651 1306 5705 ταῦτα
1331 5652 1385 5705 δὲ
1419 5655 1518 5722 οὐχ
1547 5652 1720 5717 οὕτως
1755 5672 1887 5722 φρο-

294 5734 515 5800 νοῦντες
568 5739 617 5790 οἱ
664 5738 887 5803 πλείους
952 5742 1133 5795 αὐτῶν
1174 5762 1357 5813 φασιν,
1397 5748 1442 5797 εἰ
1497 5747 1589 5800 καὶ
1636 5748 1769 5818 πρὸς
1826 5748 1886 5801 τὸ

1997 3184 2294 3248 nientium,
2324 3184 2472 3239 unde
2508 3183 2643 3238 illud
2679 3181 3069 3246 consideratis,
3114 3179 3436 3248 respondite
3481 3194 3584 3232 no-

1999 3277 2087 3333 bis
2123 3295 2136 3331 :
2170 3278 2216 3332 si
2248 3277 2429 3342 enim,
2462 3277 2593 3346 quia
2626 3275 2900 3345 completa
2934 3274 3124 3327 divina
3160 3279 3217 3326 et
3251 3272 3491 3325 humana
3530 3271 3583 3323 in

1997 3369 2191 3426 eadem
2218 3369 2421 3424 videtis
2447 3383 2705 3438 persona,
2736 3366 2947 3421 salvum
2983 3365 3250 3435 cujusque
3276 3362 3584 3417 naturalem

1999 3476 2312 3515 sermonem
2340 3476 2441 3530 per
2465 3459 2789 3514 idiomatum
2820 3456 3227 3511 mutuationem
3255 3453 3311 3508 in
3336 3468 3451 3507 uno
3481 3453 3589 3507 hoe

2000 3554 2308 3622 composito
2366 3551 2735 3623 cognoscitis,
2783 3548 3142 3621 perspicuum
3200 3547 3311 3602 erit
3355 3544 3503 3615 quod
3555 3560 3588 3599 e

2000 3644 2247 3715 perfecto
2271 3644 2510 3714 quodam
2546 3644 2714 3713 hujus
2746 3642 3101 3712 operationes
3129 3647 3186 3694 et
3209 3638 3493 3709 passiones
3520 3638 3589 3689 de

2002 3735 2248 3805 perfecto
2277 3744 2468 3790 etnon
2503 3734 2572 3788 de
2606 3733 2759 3789 nullo
2791 3732 3100 3801 exponitis;
3136 3727 3585 3800 quandoquidem

2000 3826 2379 3882 necessarium
2415 3836 2474 3881 et
2503 3842 2700 3882 causas
2731 3825 2812 3880 sic
2840 3840 2961 3880 esse
2992 3833 3048 3878 et
3077 3823 3288 3878 servari
3321 3819 3585 3875 ditl‘eren-

2003 3927 2088 3974 tes
2121 3926 2179 3973 et
2212 3918 2515 3987 periectas,
2550 3918 2698 3972 sicut
2732 3917 2957 3987 propria
2994 3917 3192 3970 horum
3232 3915 3495 3969 idioniata
3532 3921 3586 3965 rt

2002 4009 2369 4081 quaestiones;
2406 4024 2532 4063 cum
2558 4024 2697 4079 ergo
2730 4007 3043 4061 dill‘erentia
3079 4007 3191 4061 sint
3220 4013 3278 4060 et
3307 4001 3583 4074 duplicia,

2002 4101 2191 4157 divina
2221 4112 2279 4156 et
2309 4101 2572 4177 humana,
2597 4100 2912 4155 diﬂ'erentia
2943 4105 3111 4153 erunt
3139 4106 3196 4153 et
3226 4098 3338 4152 duo
3373 4104 3430 4151 et
3458 4096 3581 4149 ista.

1982 4194 2131 4249 ‘Htec
2156 4208 2289 4248 vero
2314 4208 2436 4262 quae
2464 4207 2628 4247 causa
2657 4201 2787 4247 sunt
2810 4191 3183 4263 propriorum,
3204 4189 3336 4245 licet
3360 4196 3587 4243 naturas

1956 4284 1975 4314 ‘
2002 4302 2123 4342 esse
2152 4285 2528 4341 conﬁteamini
2549 4327 2564 4352 ,
2594 4294 2648 4340 et
2678 4285 2910 4341 duarum
2940 4300 3076 4355 ergo
3101 4292 3422 4338 naturarum
3455 4296 3584 4351 pro-

1964 4384 1969 4389 ‘
2005 4375 2180 4433 fluere
2210 4377 2578 4451 proprietates
2601 4386 2658 4430 et
2681 4392 2779 4432 vos
2806 4364 3172 4431 Confitemini.

2068 4557 2159 4614 26.
2193 4557 2393 4613 Adhuc
2434 4555 2479 4611 si
2521 4555 2803 4626 physicam
2846 4551 3222 4609 differentiam
3266 4549 3321 4605 in
3361 4549 3585 4605 Christo

1999 4650 2363 4715 conﬁtentur,
2386 4650 2498 4719 jam
2533 4665 2669 4719 ergo
2700 4664 2936 4719 quarum
2975 4661 3161 4702 rerum
3195 4643 3582 4699 exsistentium

1997 4756 2122 4798 esse
2153 4742 2297 4796 hanc
2325 4741 2697 4796 diﬂ‘erentiam
2719 4779 2732 4804 ,
2763 4748 2858 4795 aut
2888 4753 3126 4809 quarum
3159 4753 3270 4792 non
3308 4734 3549 4790 exsisten
3568 4764 3582 4772 -

1999 4836 2138 4889 tium
2190 4833 2384 4888 dicunt.
2429 4848 2552 4888 esse
2609 4832 2982 4888 diﬂ'erentiam
3041 4830 3096 4885 in
3149 4827 3408 4890 Christo,
3453 4842 3599 4891 cum

1995 4925 2246 4996 penitus.
2273 4924 2694 4988 exsistentium,
2723 4923 2948 4989 dicunt;
2979 4921 3067 4977 vel
3107 4921 3342 4975 duarum
3382 4918 3579 4972 harum

1995 5019 2083 5074 vel
2109 5017 2355 5088 plurium
2381 5017 2569 5072 dicant
2592 5032 2723 5086 ergo
2749 5032 2984 5082 quarum
3014 5014 3216 5071 harum
3240 5011 3436 5066 volunt
3457 5025 3580 5065 esse

1996 5110 2143 5166 illam
2162 5151 2176 5174 ,
2204 5118 2261 5166 et
2286 5125 2398 5164 non
2430 5116 2798 5179 praecaveant.

2063 5202 2153 5256 27.
2178 5202 2375 5257 Adhuc
2410 5202 2457 5257 si
2491 5201 2681 5257 dicere
2718 5200 2852 5265 duo,
2878 5199 3132 5254 dividere
3162 5207 3268 5261 est,
3298 5193 3578 5267 quomodo

1993 5295 2090 5366 qui
2129 5296 2270 5350 duas
2311 5295 2508 5350 dicunt
2543 5294 2914 5364 preprielates
2948 5302 3007 5349 et
3040 5292 3146 5363 ipsi
3185 5289 3574 5347 adunationem

1992 5402 2105 5441 non
2153 5387 2448 5443 dividunt?
2497 5387 2606 5442 Sed
2658 5387 2917 5442 similiter
2963 5384 3188 5448 dicant,
3237 5381 3384 5452 quod
3440 5380 3572 5434 illual

1991 5486 2276 5545 naturam,
2304 5494 2415 5533 non
2446 5477 2655 5532 divisit.
2685 5479 2826 5533 Ecce
2851 5477 2999 5531 enim
3031 5484 3087 5532 et
3136 5475 3191 5529 in
3228 5474 3397 5528 rebus
3451 5488 3574 5540 quas

1992 5585 2091 5639 per
2119 5568 2331 5638 singula
2360 5568 2731 5637 inspiciuntur
2752 5574 2809 5623 et
2841 5567 2896 5620 in
2930 5569 3044 5636 ipsa
3069 5572 3256 5619 Sancta
3281 5561 3569 5618 'l'rinitate.

1991 5661 2176 5730 plures
2216 5660 2441 5729 quidem
2490 5659 2887 5730 proprietates,
2926 5672 3089 5711 unam
3136 5669 3269 5709 vero
3318 5661 3570 5708 naturam

1990 5751 2272 5817 videmus;
2326 5750 2441 5804 haec
2483 5767 2612 5804 vero
2669 5766 2774 5803 non
2828 5749 2907 5803 sic
2959 5746 3267 5816 cogitantes
3320 5741 3570 5813 plerique
