4034 6402
503 312 633 375 I787

1766 320 2077 381 LEONTII
2125 318 2301 376 BYZA
2313 317 2431 375 N'l‘l
2448 316 2528 374 Nl"

3631 308 3762 375 1738

494 440 688 478 eorum
732 424 954 489 dicunt,
990 425 1119 480 licet
1164 443 1265 497 pro
1311 443 1495 482 rerum
1547 436 1693 484 statu
1743 433 1874 486 talia
1923 431 2075 485 nobis

2188 428 2363 496 παρὸν
2392 428 2519 479 τάδε
2554 427 2690 494 ἡμῖν
2722 423 3142 494 προϐάλλονται,
3169 421 3241 486 ὡς
3279 424 3336 474 ὲν
3368 423 3575 493 ἑτέροις
3630 427 3760 479 ἐδεί-

498 514 803 583 proferant,
835 517 980 571 sicut
1019 517 1074 571 in
1114 519 1331 575 caeteris
1370 526 1741 574 monstratum
1783 530 1889 576 est.
1925 521 2081 575 Atta-

500 621 622 660 men
652 606 904 660 dicamus
935 608 1001 661 ad
1035 609 1184 678 ipsos
1214 627 1226 661 :
1259 609 1362 675 Qui
1388 625 1522 680 ergo
1550 610 1698 666 circa
1724 613 1872 682 ipsas
1897 612 2083 667 dicitis

493 697 608 751 duo
636 713 766 761 vos,
796 715 920 768 quae
950 700 1207 766 fuerunt,
1240 717 1353 755 non
1380 713 1664 767 naturam,
1690 703 1787 758 sed
1820 704 2081 775 hyposla-

494 805 586 844 ses
620 807 981 860 personarum
1023 792 1188 846 unius’
1225 801 1437 847 natura:
1473 792 1752 861 dividere;
1789 810 1916 849 nam
1954 809 2082 864 pro-

498 882 827 950 prietatibus
874 884 1007 953 ipsae
1050 883 1400 948 dividuntur,
1432 893 1489 939 et
1531 886 1839 941 secundum
1880 901 1979 940 vos
2012 883 2082 940 'et

494 972 802 1026 secundum
837 988 941 1027 nos
975 992 987 1026 :
1018 973 1290 1039 dicentes,
1322 975 1566 1045 inquam,
1597 975 1751 1030 circa
1780 977 1926 1045 ipsas
1956 986 2079 1031 tan-

499 1072 611 1116 tum
664 1064 1032 1132 proprietates
1073 1066 1141 1119 de
1183 1063 1407 1119 Christo
1451 1065 1862 1135 duplicitatcm,
1902 1066 2078 1137 hypo-

494 1164 670 1210 stascs
704 1172 1071 1226 personarum
1108 1157 1247 1213 duas
1276 1159 1432 1213 scitis
1489 1159 1725 1237 Christi,
1756 1160 1861 1215 etsi
1913 1175 2078 1213 unam

492 1246 612 1314 ejus
643 1256 893 1300 naturam
920 1247 1284 1303 conﬁtemini.
1309 1249 1467 1316 Quod
1504 1250 1651 1304 absit
1687 1266 1716 1305 a
1750 1248 2079 1315 vobis,‘fra-

497 1345 638 1401 tres,
663 1337 980 1392 admittere.
1009 1339 1066 1393 Si
1103 1349 1285 1393 autem
1322 1340 1525 1395 dicatis
1555 1356 1658 1397 nec
1687 1351 1942 1396 naturam
1976 1356 2080 1396 nec

496 1427 836 1496 hypostasim
867 1430 1240 1499 preprietates
1273 1418 1557 1496 dividere,
1585 1447 1690 1486 nec
1718 1432 1921 1486 Paulus
1946 1447 2078 1502 ergo

493 1534 524 1571 a
558 1501 754 1584 Petro,
784 1536 886 1575 nec
916 1537 945 1575 a
978 1523 1141 1595 Patre
1173 1522 1348 1578 Filius
1375 1523 1682 1577 secundum
1714 1523 1846 1592 quid
1874 1501 2077 1577 discer-

496 1612 678 1674 uitur,
723 1619 923 1666 natura
970 1613 1177 1683 quippe
1222 1614 1418 1680 iidem,
1459 1613 1904 1684 proprietatibus
1944 1629 2078 1669 vero

495 1701 967 1772 imlistinguihiles
993 1713 1049 1758 et
1080 1714 1215 1758 notu
1245 1704 1639 1774 impossibiles.

2184 518 2311 587 χθη.
2344 517 2491 586 Πλὴν
2540 519 2790 585 εἴποιμεν
2819 515 2953 585 πρὸς
2994 515 3194 577 αὑτδύς
3220 530 3234 545 ·
3275 515 3429 569 Ἐπεὶ
3481 513 3576 569 οὖν
3624 528 3760 573 κατά

2182 610 2383 671 ταύτας
2400 608 2591 676 λέγετε
2619 607 2679 660 τὸ
2708 606 2802 660 δύο
2829 607 3009 677 ὑμεῖς,
3042 606 3098 658 αἳ
3131 607 3403 676 πέφυκαν.
3435 609 3496 660 ού
3529 608 3626 677 τὴν
3660 610 3778 677 φύσ.

2185 680 2590 771 σινεχωρίζειν,
2649 698 2786 753 ἀλλὰ
2826 698 2924 761 τὰς
2958 698 3294 760 ὑποστάσεις
3323 698 3433 751 τῶν
3453 701 3758 768 προσώπων

2179 792 2281 861 τῆς
2309 792 2440 861 μιᾶς
2494 789 2713 859 φύσεως
2734 805 2748 819 ’
2784 792 2901 851 ταῖς
2932 787 3040 859 γὰρ
3095 788 3353 860 ἰδιότησιν
3406 785 3565 843 αὗται
3593 790 3759 861 χωρί-

2181 881 2385 947 ζονται,
2422 882 2546 936 καθ’
2585 883 2732 952 ὑμᾶς
2756 897 2817 933 τε
2857 881 2951 933 καὶ
3002 879 3124 933 καθ’
3160 882 3328 950 ἡμᾶς,
3368 881 3618 948 λέγοντες
3653 883 3758 951 ἄρα

2159 973 2323 1045 ,κατὰ
2349 975 2551 1036 ταύτας
2587 973 2749 1042 μόνον
2771 973 2937 1044 ἤγουν
2961 974 3060 1035 τάς
3088 973 3362 1043 ἰδιότητας
3396 973 3492 1025 ἐπὶ
3525 974 3760 1043 Χριστὸν

2179 1044 2493 1136 τὴνδυάδα,
2524 1065 2621 1130 τὰς
2646 1065 2978 1127 ὑποστάσεις
3021 1063 3132 1117 τῶν
3173 1063 3483 1133 προσώπων
3513 1065 3607 1118 δύο
3645 1065 3755 1117 ἴστε

2180 1157 2273 1210 τοῦ
2306 1157 2588 1230 Χριστοῦ,,
2617 1159 2666 1210 εί
2715 1157 2812 1210 καὶ
2866 1157 2996 1225 μίαν
3024 1157 3125 1226 τὴν
3178 1155 3341 1225 φύσιν
3374 1157 3543 1210 αὑτοῦ
3575 1159 3759 1229 ὁμολο-
3834 1190 3837 1193 ‹

2180 1251 2328 1317 γεῖτε
2348 1266 2362 1280 ·
2401 1251 2538 1321 ὅπερ
2568 1248 2642 1319 μὴ
2667 1248 2754 1318 εἴη
2786 1246 2959 1317 ὑμᾶς,
2990 1246 3235 1316 ἀδελφοὶ,
3261 1248 3653 1319 καταδέκεσθαι
3672 1267 3688 1280 ⁸
3710 1253 3758 1302 εἰ

2178 1339 2233 1392 δὲ
2255 1340 2458 1394 εἴποιτε
2496 1340 2633 1409 μήτε
2663 1339 2761 1410 τὴν
2784 1337 2947 1408 φύσιν
3002 1338 3142 1407 μήτε
3177 1338 3277 1409 τὴν
3328 1339 3627 1393 ὑπόστασιν
3660 1340 3759 1404 τάς

2183 1430 2454 1497 ἰδιότητας
2487 1428 2767 1500 χωρίζειν,
2801 1426 2927 1481 οὕτε
2961 1429 3173 1492 Παῦλος
3229 1428 3339 1500 ἄρα
3368 1429 3599 1501 Πέτρου,
3636 1429 3759 1483 οὔτε

2176 1521 2272 1574 τοῦ
2302 1520 2517 1591 Πατρδς
2549 1508 2723 1583 δ’Υίος
2743 1520 2887 1573 κατά
2910 1537 2962 1572 τι
2992 1519 3347 1590 διακρίνεται,
3378 1522 3445 1591 τῇ
3475 1520 3760 1591 μὲνφύσει

2177 1615 2330 1676 ὄντες
2362 1613 2569 1676 ταυτοὶ,
2600 1613 2720 1674 ταῖς
2746 1610 2805 1663 δὲ
2834 1610 3093 1681 ἰδιότησιν
3124 1610 3429 1681 ἀδιάκριτοι
3467 1612 3560 1665 καὶ
3603 1600 3759 1667 ἀδιά-

2177 1723 2435 1775 γνωστοι.

562 1793 650 1847 28.
681 1794 738 1848 Si
769 1796 1151 1850 diversitatem
1183 1796 1408 1859 dicunt,
1432 1803 1491 1850 et
1514 1795 1893 1866 duplicitatem
1920 1793 2075 1865 peni-

2252 1804 2355 1852 κη⁶.
2390 1798 2451 1850 Ei
2471 1795 2739 1866 διαφορὰν
2767 1795 3011 1864 λέγουσι,
3047 1795 3139 1848 καὶ
3162 1794 3326 1848 δυάδα
3344 1794 3562 1858 πάντως
3583 1797 3761 1849 εἰπεῖν
3834 1806 3837 1807 ⁷

495 1894 582 1936 tus
625 1884 1004 1940 dilferentium
1048 1886 1237 1941 dicere
1284 1897 1580 1956 cogentur;
1626 1901 1750 1940 nam
1795 1895 1853 1941 et
1890 1902 2074 1939 rerum

489 1975 726 2030 diversae
753 1984 965 2031 natura:
990 1977 1361 2036 enumeratio.
1385 1986 1443 2031 et
1465 1976 1833 2032 accidentium
1861 1984 2077 2030 mutan-

493 2069 628 2119 tium
656 2067 961 2121 secundum
989 2067 1148 2137 quid,
1173 2078 1269 2124 aut
1297 2071 1516 2123 tandem
1546 2068 1824 2122 nudarum
1856 2069 2075 2123 numeri

492 2157 734 2228 partium
781 2166 878 2212 aut
923 2159 1213 2215 subtilium
1261 2160 1627 2230 quarumdam
1676 2160 2074 2231 cogitationum

490 2251 536 2303 si
579 2250 737 2304 ﬁeret
774 2250 1012 2316 mentio,
1046 2267 1115 2306 ex
1150 2251 1467 2307 diﬂ‘ercntia
1505 2268 1628 2322 qua:
1667 2253 1883 2307 exsistit
1924 2254 2073 2308 circa

496 2341 760 2403 verbum,
792 2343 881 2397 vel
926 2342 1180 2398 ordinem
1222 2345 1307 2398 vel
1352 2351 1601 2415 tempus,
1636 2345 1720 2398 vel
1765 2346 1946 2400 locum
1987 2345 2074 2400 vel

418 2436 421 2439 ’
493 2433 762 2498 habitum,
789 2434 956 2489 etilla
991 2435 1279 2490 evidenter
1304 2435 1616 2506 praecedet:
1657 2444 1754 2490 aut
1789 2452 1923 2507 ergo
1963 2452 2071 2491 non

490 2521 887 2589 differentiam,
915 2535 1012 2579 aut
1036 2532 1093 2580 et
1120 2538 1413 2581 numerum
1446 2525 1823 2596 diﬂ‘erentium
1849 2535 2075 2582 natura-

493 2630 613 2667 rum
640 2613 848 2671 dicant.

560 2705 712 2762 29.Si
739 2723 770 2763 e
796 2707 1016 2763 duobus
1040 2708 1290 2766 dicentes
1311 2710 1526 2768 naturis
1546 2710 1853 2777 Christum,
1874 2726 2073 2782 nempe

2178 1891 2287 1944 τῶν
2346 1889 2740 1960 διαφερόντων,
2794 1886 3306 1957 ἀναγκασθήσονται
3335 1886 3618 1957 δηλονότι·
3647 1887 3760 1939 τῶν

2176 2000 2235 2036 τε
2267 1984 2374 2053 γὰρ
2406 1982 2717 2053 ἑτεροφυῶν
2752 1980 3097 2052 πραγμάτων
3141 1980 3174 2049 ἡ
3206 1978 3611 2049 άπαρίθμησις,
3649 1979 3760 2032 τῶν

2176 2091 2234 2128 τε
2267 2071 2695 2143 συμϐεϐηκότων
2732 2070 2841 2123 τῶν
2873 2069 3309 2134 ἐξαλλασσόντων
3344 2068 3488 2122 κατά
3508 2087 3582 2134 τι,
3627 2070 3659 2141 ἢ
3697 2069 3765 2122 τό

2177 2180 2239 2234 γε
2279 2165 2529 2234 ἔσχατον,
2552 2161 2776 2233 γυμνῶν
2804 2160 2915 2214 τῶν
2942 2159 3037 2212 τοῦ
3077 2158 3313 2229 ἀριθμοῦ
3357 2159 3629 2229 μορίωνῆ
3664 2161 3759 2228 ψιε-

2176 2255 2284 2308 λῶν
2315 2270 2478 2307 τινων
2510 2252 2895 2321 ὲπινοημάτων
2932 2252 2981 2302 εἰ
3012 2250 3220 2317 γένοιτο
3247 2250 3511 2320 μέτρησις
3563 2250 3629 2304 ἐκ
3656 2250 3759 2320 τῆς

2174 2345 2440 2415 διαφορᾶς
2473 2346 2572 2413 τῆς
2612 2342 2757 2395 κατὰ
2790 2340 3028 2411 λόγον,ἢ
3059 2340 3234 2407 τάξιν,
3263 2339 3533 2410 ἢχρόνον,
3572 2341 3606 2411 ἢ
3664 2342 3757 2395 τό-

2153 2456 2299 2504 ’πον,
2326 2439 2357 2507 ἦ
2402 2437 2608 2507 σχέσιν,
2635 2436 2737 2490 καὶ
2763 2433 2904 2506 αὕτη
2945 2434 3286 2505 προϐήσεται
3316 2433 3503 2501 σαφῶς
3522 2450 3538 2465 ·
3594 2434 3626 2505 ἢ
3662 2430 3758 2487 οὖν

2178 2538 2315 2602 μήτε
2348 2530 2634 2603 διαφορὰν,
2684 2529 2717 2599 ῆ
2777 2528 2871 2581 καὶ
2920 2526 3011 2580 τὸν
3041 2525 3276 2597 ἀριθμὸν
3302 2525 3615 2595 λεγέτωσαν
3650 2526 3771 2585 τῶι

2173 2623 2543 2693 διαφερουσῶν
2572 2621 2810 2688 φύσεων.
2956 2625 2961 2631 ’

2246 2712 2349 2769 κθ’.
2392 2715 2454 2768 Εἰ
2494 2716 2559 2767 ὲκ
2608 2711 2703 2766 δύο
2740 2712 2992 2781 λέγοντες
3038 2709 3257 2779 φύσεων
3286 2708 3377 2763 τὸν
3417 2709 3655 2780 Χριστὸν
3682 2708 3773 2785 ὡς,

487 2813 521 2852 e
562 2799 844 2853 communi
889 2798 1179 2856 divinitate
1222 2810 1281 2857 et
1318 2802 1693 2869 humanitate,
1726 2803 1865 2859 duas
1909 2799 2072 2859 hasCe

2182 2808 2238 2860 ὲκ
2270 2808 2368 2874 τῆς
2399 2805 2579 2875 κοινῆς
2609 2806 2863 2875 θεότητος
2888 2803 2986 2857 καὶ
3022 2801 3464 2874 άνθρωπότητος,
3500 2802 3595 2856 δύο
3621 2803 3758 2855 τάσ-

488 2897 547 2943 et
595 2896 722 2959 post
768 2890 1162 2946 adunationem
1211 2908 1325 2948 non
1372 2904 1745 2965 cognoscunt,
1787 2910 1919 2965 ergo
1962 2911 2072 2949 non

2182 2896 2229 2950 Bs
2262 2898 2358 2950 καὶ
2382 2897 2522 2967 μετὰ
2552 2894 2648 2965 τὴν
2678 2895 2875 2949 ἕνωσιν
2907 2893 2970 2948 οὐ
3005 2891 3391 2961 γινώσκουσιν,
3418 2891 3526 2960 ἄρα
3545 2909 3609 2961 γε
3637 2892 3758 2945 οὐδὲ

490 2989 831 3051 cognoscunt
880 2991 1006 3053 post
1053 2986 1417 3040 oeconomiam
1462 2985 1861 3041 incarnationis
1910 2986 2070 3041 Verbi

2182 2990 2328 3042 ἴσασι
2387 2988 2529 3059 μετά
2594 2986 2695 3056 τὴν
2760 2983 3079 3055 οἰκονομίαν
3134 2981 3615 3055 τῆς’σαρκώσεως
3660 2982 3757 3036 τοῦ

491 3086 818 3126 communes
843 3070 983 3127 duas
1013 3072 1376 3128 humanitatis
1400 3081 1458 3128 et
1481 3072 1793 3128 divinitatis
1822 3081 2069 3140 naturas,

2182 3078 2352 3146 Λόγου
2383 3078 2477 3140 τὰς
2503 3074 2689 3138 κοινὰς
2721 3074 2815 3128 δύο
2836 3074 3030 3143 φύσεις
3061 3073 3485 3144 ἀνθρωπότητος
3517 3074 3612 3128 καί⁸
3642 3073 3756 3127 θεό-

493 3177 595 3215 ncc
620 3163 913 3232 separatim
945 3178 1039 3219 eas
1066 3153 1525 3230 numerant,'nec
1551 3178 1676 3218 esse
1705 3178 1935 3233 prorsus
1965 3164 2075 3221 duo

2182 3186 2364 3238 τητος,
2414 3168 2537 3220 οὐδὲ
2582 3166 2959 3237 διωρισμένως
3006 3165 3177 3228 αὑτὰς
3228 3163 3588 3235 ἀριθμοῦσιν,
3637 3163 3759 3217 οὑδὲ

490 3252 674 3308 adhuc
697 3254 972 3325 reliquum
1004 3254 1198 3309 dicunt
1224 3272 1238 3309 :
1267 3270 1398 3309 nam
1426 3269 1457 3308 a
1482 3254 1807 3324 duplicitate
1833 3272 2075 3313 cessasse

2182 3252 2318 3310 εἶναι
2356 3255 2493 3318 ὅλως
2541 3253 2636 3307 δύο
2689 3253 2770 3307 ἔτι
2799 3253 2989 3309 λοιπόν
3020 3271 3153 3323 φασι
3173 3270 3189 3286 ο
3220 3252 3348 3308 τάδε
3400 3253 3510 3325 γὰρ
3540 3252 3759 3306 πεπαῦ-

493 3346 841 3401 eontendunt
869 3347 987 3403 hac
1013 3364 1043 3402 a
1072 3348 1275 3417 Quibus
1300 3347 1609 3401 exsurrexit
1630 3347 1915 3407 adunatio.
1941 3349 2075 3406 Esse

2182 3347 2302 3400 σθαι
2334 3346 2433 3418 τῆς
2479 3345 2671 3411 δυάδος
2706 3346 2873 3416 φασὶν
2922 3339 3005 3408 οἷς
3054 3345 3425 3414 προσγέγονεν
3454 3345 3489 3415 ἡ
3526 3343 3721 3408 ἐνωσις
3742 3360 3755 3374 °

491 3452 623 3491 νοτε)
648 3453 713 3491 ea
744 3452 1070 3512 communes
1094 3446 1323 3492 naturas
1351 3436 1727 3493 conﬁtentur.‘

563 3527 648 3583 50.
686 3527 744 3583 Si
791 3537 1081 3598 propterea
1131 3528 1279 3598 quod
1318 3537 1644 3583 naturarum
1687 3529 1950 3586 adunatio
1990 3541 2077 3588 est

492 3634 656 3672 unam
709 3628 1052 3689 cognoscunt
1094 3628 1351 3674 naturam
1407 3634 1473 3674 ea
1522 3636 1647 3690 qua:
1693 3632 2075 3678 convenerunt

492 3709 610 3763 tieri
632 3750 647 3774 ,
675 3719 733 3763 ct
764 3710 894 3776 quia
929 3717 1253 3764 naturarum
1287 3709 1603 3766 dill‘erentia
1635 3721 1750 3777 est,
1784 3712 1922 3768 duas
1961 3714 2075 3769 lucc

490 3807 841 3870 cognoscant.
876 3799 997 3853 Non
1030 3798 1181 3853 enim
1222 3800 1371 3869 quod
1410 3800 1515 3870 ipsi
1557 3811 1641 3856 est
1677 3803 1748 3857 ob
1787 3803 2076 3859 adunatio-

491 3905 651 3954 nem,
698 3889 834 3945 illud
882 3899 940 3946 et
980 3889 1055 3965 9b
1102 3890 1475 3947 diﬂerentiam
1526 3894 1829 3963 putabunt,
1869 3895 1966 3951 sed
2018 3896 2072 3950 in

489 3983 666 4038 altero
707 3982 880 4039 verbo
908 3984 1180 4040 alterum.
1210 3982 1348 4040 Cum
1394 4001 1526 4059 ergo
1561 3996 1619 4042 et
1654 3988 1965 4044 essentialis
2006 3988 2075 4044 iis

490 4090 613 4144 quae
641 4077 985 4132 conveniunt
1009 4078 1179 4133 rebus
1205 4078 1544 4145 differentia,
1571 4089 1628 4135 et
1649 4080 1862 4150 adjecta
1887 4094 2075 4135 essen-

493 4168 587 4222 tiis
618 4167 904 4233 adunatio,
932 4168 1075 4223 bene
1103 4160 1375 4225 essentias
1404 4171 1631 4241 proprio
1662 4171 1797 4240 ipsis
1820 4186 2074 4228 sermone

491 4258 909 4324 discernentes,
962 4259 1106 4314 duas
1164 4259 1405 4315 dicimus
1462 4276 1659 4329 nempe
1715 4260 2070 4329 diversitate;

492 4364 785 4420 personam
808 4366 943 4407 vero
971 4351 1108 4422 ipsis
1136 4365 1302 4405 unam
1331 4351 1671 4426 adunatione
1701 4351 1999 4409 credimus.

565 4552 654 4608 3i.
690 4551 886 4607 Adhuc
923 4551 1104 4606 omnis
1142 4549 1432 4620 compositi
1475 4548 1700 4618 perfecti
1734 4564 1837 4604 nec
1874 4564 2072 4620 supcr-

490 4643 812 4707 abundare,
860 4659 966 4699 nec
1020 4643 1260 4698 deiicere
1311 4650 1533 4711 oportet
1581 4656 1927 4706 sermonem,
1975 4641 2072 4697 sed

491 4736 854 4793 sutlicientem
901 4750 1053 4802 esse;
1096 4734 1396 4804 duplicitas
1438 4735 1616 4803 prima
1656 4733 1983 4803 compositio
2017 4742 2075 4790 et

491 4825 704 4894 primus
739 4823 1019 4879 sufficiens
1053 4839 1352 4887 numerus;
1386 4823 1664 4893 quomodo
1696 4838 1830 4895 ergo
1867 4823 2073 4894 impor-

492 4927 686 4971 tunum
726 4916 836 4971 erit
873 4916 941 4971 de
977 4915 1305 4985 compositis
1343 4917 1559 4969 naturis
1592 4923 1649 4970 et
1682 4930 1852 4970 unum
1888 4915 2073 4985 perfe-

490 5018 641 5059 ctum
677 5006 1121 5076 complentibus,
1153 5003 1529 5074 duplicitatem
1563 5004 1779 5069 dicere,
1812 5004 2075 5075 hyposta-

425 5147 431 5154 .
478 5104 615 5152 ‘seus
646 5112 779 5152 vero
813 5097 1118 5152 unitatem?
1151 5096 1273 5151 Non
1305 5097 1452 5150 enim
1487 5095 1554 5150 ad
1590 5096 1828 5152 invicem
1866 5109 2073 5150 conve-

493 5198 693 5245 nerunt
717 5185 842 5245 duae
868 5189 1196 5261 hypostases
1219 5188 1366 5244 sicut
1387 5202 1444 5245 et
1471 5198 1703 5244 naturae.

561 5281 650 5336 '52.
687 5280 885 5335 Adhuc
929 5281 1112 5336 omnis
1159 5282 1346 5338 unitas
1395 5283 1442 5338 si
1495 5281 1722 5336 omnino
1774 5280 1828 5333 in
1877 5276 2072 5333 eodem

491 5389 657 5429 sensu
680 5373 980 5429 verborum
1010 5375 1314 5430 secundum
1340 5390 1511 5429 unum
1538 5375 1606 5429 de
1635 5373 1821 5442 aliquo
1844 5370 2071 5435 dicitur,

490 5471 548 5517 et
591 5462 891 5532 duplicitas
934 5472 1059 5519 ante
1102 5464 1309 5521 dictam
1357 5465 1411 5518 in
1456 5479 1525 5518 eo
1571 5461 1875 5517 secundum
1927 5460 2073 5515 idem

492 5546 872 5622 duplicitatem
911 5562 999 5609 est
1035 5554 1227 5610 etiam.
1261 5554 1318 5610 Si
1359 5570 1491 5608 vero
1536 5562 1659 5622 post
1695 5551 2072 5622 duplicitatcm

492 5644 732 5709 dicatur,
762 5655 856 5702 aut
879 5664 986 5701 non
1016 5648 1070 5702 in
1097 5642 1293 5701 eodem
1320 5646 1528 5700 dicitur
1554 5645 1848 5699 verborum
1882 5658 2069 5703 sensu.

491 5751 586 5793 att:
624 5738 805 5795 unitas
845 5756 950 5795 non
993 5751 1097 5796 cst.
1132 5740 1248 5794 Non
1288 5738 1433 5792 enim
1483 5737 1643 5791 hath
1683 5746 1931 5792 naturain
1977 5746 2070 5790 aut

2137 3820 2143 3826 '
2174 3822 2341 3857 ωπον.
2374 3808 2467 3857 καὶ
2491 3805 2578 3857 διὰ
2610 3804 2711 3875 τὴν
2744 3802 3010 3874 διαφορὰν
3058 3804 3117 3858 αἱ
3161 3803 3256 3859 δύο
3290 3803 3487 3874 φύσεις
3508 3822 3523 3836 ·

2176 3433 2318 3492 εἶναι
2348 3438 2404 3492 δὲ
2434 3437 2628 3505 ταῦτα,
2652 3437 2755 3501 τὰς
2780 3437 2978 3500 σκοινὰς
3009 3435 3203 3506 φύσεις
3228 3435 3613 3505 ὁμολογοῦσιν.

2246 3530 2307 3581 λ’.
2346 3530 2407 3582 Εἰ
2438 3529 2526 3582 διὰ
2574 3530 2638 3583 τὸ
2682 3531 2805 3593 ταῖς
2841 3528 3072 3598 φύσεσιν
3118 3525 3366 3597 ἡνῶσθαι
3424 3527 3559 3598 μίαν
3585 3527 3761 3584 οἴδασι

2177 3623 2342 3690 φύσιν
2392 3622 2462 3675 τὰ
2515 3621 2867 3688 συνελθόντα,
2902 3622 2996 3675 καὶ
3020 3620 3108 3673 διὰ
3135 3619 3198 3673 τὸ
3227 3619 3424 3688 φύσεσι
3452 3620 3760 3695 διαφέρειν.

2173 3712 2267 3765 δύο
2282 3711 2453 3765 ταῦτα
2483 3714 2906 3780 γινωσκέτωσαν
2921 3728 2935 3743 ⁸
2959 3711 3048 3766 διά
3066 3729 3126 3766 τε
3147 3712 3262 3783 ’γὰρ
3285 3713 3485 3767 ἕνωσιν
3512 3714 3572 3770 ἒν
3595 3716 3763 3787 πρόσ-

3559 3807 3622 3861 οὑ
3651 3807 3760 3879 γὰρ

2173 3894 2312 3963 ὅπερ
2344 3894 2494 3963 αὐτῷ
2522 3896 2642 3947 ἐστι
2675 3895 2767 3948 διὰ
2794 3894 2897 3965 τὴν
2927 3893 3145 3959 ἕνωσιν,
3172 3893 3333 3948 τοῦτο
3376 3895 3487 3949 καὶ·
3520 3897 3614 3950 διὰ
3661 3898 3761 3969 τὴν

2173 3980 2439 4062 διαφορὰν
2470 3982 2869 4053 ὑπολήψονται,
2900 3982 3018 4037 ἀλλ’
3056 3984 3115 4036 ὲν
3158 3982 3374 4054 θατέρῳ
3403 3984 3483 4056 τῷ
3509 3984 3658 4057 λόγῳ
3698 3987 3759 4039 τὸ

2174 4073 2380 4145 ἕτερον.
2429 4073 2587 4128 Ἐπεὶ
2616 4069 2709 4128 οὖν
2746 4074 2842 4128 καὶ
2874 4073 3271 4147 ούσιὼδηςμὲν
3312 4078 3429 4139 τοῖς
3467 4076 3760 4131 συνελθοῦ-

2176 4181 2259 4218 σιν
2289 4165 2321 4236 ὴ
2367 4164 2627 4237 διαφορὰ,
2667 4165 2968 4236 ἐπίκτητος
2997 4164 3054 4218 δὲ
3087 4166 3209 4228 ταῖς
3239 4164 3504 4238 οὐσίαιςή
3537 4167 3759 4232 ἓνωσις,

2174 4256 2356 4321 καλῶς
2380 4256 2481 4320 τὰς
2513 4258 2614 4328 μὲν
2643 4257 2833 4320 οὐσίας
2871 4255 2953 4327 τῷ
2997 4255 3113 4326 ἰδίῳ
3155 4255 3338 4310 αὐτῶν
3366 4256 3512 4329 λόγῳ
3545 4259 3768 4332 διακρί-

2174 4365 2388 4412 ναντες,
2418 4347 2514 4402 δύο
2547 4347 2751 4419 φαμὲν,
2776 4348 2946 4419 ῆγουν
2969 4350 3036 4418 τῇ
3076 4348 3344 4420 διαφορᾷ*
3374 4348 3435 4403 τὸ
3478 4351 3537 4406 δὲ
3586 4354 3761 4425 πρόσ-

2091 4439 2145 4500 D
2171 4459 2339 4505 ωπον,
2370 4441 2560 4504 αὑταῖς
2590 4439 2648 4493 ἓν
2675 4442 2743 4510 τῇ
2771 4437 2961 4493 ἑνὼσει
2988 4439 3305 4510 δοξάζομεν.

2245 4549 2350 4604 λα’.
2392 4549 2514 4618 "Et:
2556 4547 2763 4609 παντὸς
2821 4546 3082 4601 συνθέτου
3133 4549 3348 4602 τελείου
3391 4548 3521 4604 οὔτε
3577 4569 3762 4624 περιτο

2173 4639 2358 4693 τεύειν
2395 4636 2522 4691 οὔτε
2549 4636 2822 4690 ἐλλείπειν
2845 4636 2928 4689 δεῖ
2964 4637 3057 4689 τὸν
3087 4636 3267 4706 λόγον,
3296 4637 3419 4701 ,ἀλλ’
3456 4638 3648 4714 ἄρτιον
3678 4638 3760 4696 εἶ·-

2174 4748 2298 4785 ναι’
2335 4729 2472 4794 δυὰς-
2517 4729 2575 4783 δὲ
2622 4727 2815 4800 πρώτη
2869 4727 3145 4795 σύνθεσις,
3174 4731 3271 4785 καὶ
3302 4731 3524 4799 πρῶτος
3570 4734 3760 4807 ἄρτιος
3796 4772 3821 4789 ρ

2173 4822 2435 4893 ἀριθμός·
2462 4822 2579 4884 πῶς
2611 4817 2707 4875 οὖν
2739 4820 3090 4893 ἀπρόσφορον
3113 4820 3266 4876 ἔσται
3297 4823 3394 4875 ἐπὶ
3423 4825 3534 4877 τῶν
3576 4843 3762 4881 συντε-

2174 4913 2374 4966 θεισῶν
2413 4911 2630 4980 φύσεων
2667 4911 2774 4986 καὶ,
2806 4911 2867 4964 τὸ
2899 4910 2957 4965 ἒν
2998 4912 3207 4966 τέλειον
3240 4913 3569 4983 πληρουσῶν
3592 4916 3761 4971 δυάδα

2173 5003 2373 5071 λέγειν,
2400 5002 2607 5069 μονάδα
2634 5002 2690 5055 δὲ
2722 5003 3118 5070 ὑποστάσεως;
3153 5005 3213 5057 οὑ
3243 5004 3354 5075 γὰρ
3385 5008 3759 5079 συνετέθησαν

2175 5095 2273 5149 δύο
2298 5094 2558 5166 ἀλλήλαις
2588 5095 2683 5147 καὶ
2714 5095 3044 5159 ὑποστάσεις
3073 5097 3149 5160 ὡς
3173 5097 3231 5149 αἱ
3259 5096 3473 5168 φύσεις.

2248 5268 2344 5339 λβ’.
2381 5268 2505 5320 Ἔτι
2547 5269 2696 5323 πᾶσα
2733 5268 2900 5338 μονὰς
2942 5271 2991 5322 εἰ
3040 5268 3216 5340 πάντη
3268 5270 3327 5322 ἐν
3376 5270 3565 5340 ταυτῷ
3620 5273 3763 5342 λόγῳ

2176 5362 2396 5431 λέγεται
2442 5362 2582 5416 κατά
2613 5378 2760 5425 τινος
2793 5362 2915 5415 καθ’
2942 5362 3024 5417 ἓν.
3053 5363 3151 5415 καὶ
3199 5360 3333 5425 δυάς
3388 5363 3499 5434 πρὸ
3548 5363 3651 5433 τῆς
3703 5368 3761 5417 ἐν

2176 5455 2325 5527 αὑτῷ
2355 5454 2500 5508 κατὰ
2539 5453 2601 5507 τὸ
2625 5453 2759 5507 αὐτὸ
2796 5454 3100 5525 λεγομένης
3133 5454 3322 5518 δυάδος
3360 5456 3511 5508 ἐστὶν
3553 5458 3680 5526 ἥδε·
3712 5463 3760 5510 εἰ

2179 5550 2236 5602 δὲ
2269 5548 2408 5619 μετὰ
2440 5546 2540 5617 τὴν
2575 5546 2746 5600 δυάδα
2792 5544 3023 5614 λέγοιτο,
3058 5545 3215 5615 ἢούκ
3249 5547 3306 5597 ἐν
3334 5547 3515 5617 ταυτῷ
3541 5548 3756 5616 λέγεται

2177 5637 2381 5708 λόγῳῆ
2422 5637 2482 5689 ού
2520 5636 2689 5706 μονάς
2718 5637 2902 5709 isva
2934 5636 2996 5689 οὐ
3029 5636 3135 5706 γὰρ
3168 5635 3280 5706 ἔχει
3317 5635 3480 5698 φύσιν
3528 5638 3560 5708 ἢ
3605 5638 3759 5703 τάξιν

2179 5732 2235 5783 ἕν
2280 5747 2385 5783 τινι
2414 5728 2487 5796 τῲ
2520 5727 2671 5798 αὐτῷ
2714 5744 2840 5780 ποτε
2890 5727 3057 5798 μονὰς
3095 5726 3234 5798 μετὰ
3282 5730 3380 5798 τὴν
3426 5728 3591 5785 δυάδα
3623 5732 3757 5783 θεω⁴
