4034 6458
390 363 499 427 τες)

1514 380 1813 441 CONTRA
1864 383 2463 448 MONOPHYSITAS.

3506 389 3637 451 1790

358 474 603 568 ρεῖσοαι.
647 475 775 540 IIII»;
822 473 918 533 οὖν
948 481 999 533 εἰ
1038 481 1140 554 τὴν
1178 482 1366 553 αύτὴψ
1400 479 1546 541 εἶναί
1571 506 1707 556 φασι
1750 492 1870 552 ταῖς
1897 492 1936 543 ἑὲ

2057 493 2466 549 ordinationem
2526 497 2580 550 in
2642 496 2829 567 aliquo
2893 499 3090 554 eodem
3145 513 3389 568 unquam
3457 499 3638 551 unitas

353 558 431 618 ὧν
457 568 577 619 ἐστι
605 567 805 636 φύσεσι
838 571 941 641 τὴν
977 573 1110 641 μίαν
1135 575 1318 644 φύσιν,
1349 577 1480 642 δυὰς
1509 580 1727 649 πρῶτον
1758 583 1949 650 γέγονε

353 656 579 721 φύσεων
610 661 705 714 καὶ
729 661 854 714 τότε
894 664 1071 733 μονὰς
1099 666 1311 733 φύσεως
1337 686 1353 735 ;
1389 670 1463 739 μὴ
1500 670 1819 743 ὑπαρξάσης
1842 673 1951 742 γὰρ

356 751 593 816 μονάδος
636 753 781 806 κατά
808 771 885 817 τι,
919 755 982 808 οὐ
1028 755 1252 813 δυνατὸν
1290 758 1392 830 τὴν
1435 762 1577 815 κατὰ
1619 762 1779 816 τοῦτο
1821 764 1956 816 αὐτὸ

2057 591 2348 654 postquam
2381 587 2676 656 duplicitas
2706 589 2929 645 inventa
2956 599 3041 645 est
3068 609 3082 645 :
3118 588 3398 661 quomodo
3426 603 3559 657 ergo
3587 588 3633 641 si

2058 677 2306 733 eamdem
2358 694 2480 733 esse
2534 680 2731 735 dicunt
2772 697 2940 751 quam
2995 691 3195 737 natura
3244 697 3275 737 e
3327 680 3529 751 quibus
3576 676 3671 737 lit,

2064 769 2229 824 unica
2268 778 2492 837 natura,
2522 772 2676 841 prius
2714 783 3042 829 naturarum
3084 774 3193 830 fuit
3230 771 3549 843 (inplicitas,
3578 782 3635 824 et

348 841 527 895 δυάδα
580 844 819 913 φανῆναι
843 861 859 878 ·
907 847 1074 918 εἴπερ
1132 850 1195 901 ὲκ
1227 852 1458 921 μονάδος
1488 854 1522 923 ἡ
1550 853 1702 916 δυὰς,
1729 854 1824 907 καὶ
1860 856 1961 907 οὐκ
2008 872 2013 879 ·

350 933 418 984 ὲκ
444 933 646 998 δυάδος
674 937 708 1004 ἡ
751 937 925 1005 μονάς
948 954 963 969 ⁸
997 940 1056 994 αἳ
1078 940 1160 993 δεῖ
1185 937 1279 995 οὖν
1301 944 1351 996 εί
1386 944 1739 1013 προέφθασαν
1768 946 1959 1012 φύσεις

348 1024 447 1079 δύο
473 1020 646 1089 εἶναι,
678 1029 941 1083 οὐδέποτε
981 1032 1082 1101 μία
1107 1050 1191 1098 τε,
1223 1035 1318 1088 καὶ⁸
1343 1037 1396 1089 αἱ
1423 1038 1587 1089 αὑταὶ
1611 1038 1934 1107 γενήσονται

2066 1042 2447 1111 duplicitatem
2472 1020 2681 1108 videri;
2705 1046 2959 1114 quamvis
2988 1062 3055 1101 ex
3079 1047 3286 1100 unitate
3315 1041 3628 1112 duplicitas,

350 1120 476 1221 an:
515 1120 549 1189 ἢ
586 1120 712 1172 κατ’
744 1121 895 1187 ἄλλο,
927 1124 961 1192 ἢ
996 1124 1105 1195 πρὸ
1139 1126 1320 1180 αὐτῶν
1345 1126 1502 1182 ἔσται
1528 1129 1560 1199 ἡ
1591 1128 1713 1199 μία.

2048 1141 2123 1187 -et
2152 1148 2261 1187 non
2294 1148 2362 1187 ex
2395 1134 2719 1204 duplicitate
2749 1137 2966 1212 unitas;
2998 1144 3218 1206 oportet
3249 1150 3379 1206 ergo
3412 1133 3456 1188 si
3490 1146 3630 1202 prte-

348 1206 641 1271 ven'erunt
674 1220 890 1269 natura:
922 1214 1047 1269 duae
1075 1231 1232 1282 esse,
1265 1219 1423 1273 nullo
1457 1221 1623 1275 modo
1656 1229 1715 1276 et
1745 1238 1853 1277 una
1892 1230 1949 1278 et
1985 1224 2177 1279 eadem
2212 1225 2368 1291 (ient,
2402 1226 2499 1281 sed
2549 1237 2645 1281 aut
2711 1206 3016 1283 secundum
3067 1228 3216 1283 aliud
3251 1236 3348 1282 aut
3377 1233 3503 1281 ante
3534 1237 3628 1278 eas

2066 868 2199 915 tunc
2224 861 2406 917 unitas
2432 865 2676 919 uatum?
2702 865 2823 919 Non
2844 866 2990 920 enim
3013 865 3313 920 exsistente
3330 861 3633 919 secundum

2065 950 2275 1020 aliquid
2313 952 2558 1017 unitate,
2596 954 2864 1023 possibile
2912 964 2998 1010 est
3041 955 3349 1010 secundum
3394 951 3633 1020 idipsum

343 1300 460 1354 erit
486 1317 597 1356 una
628 1303 765 1358 hate.

418 1390 528 1457 λγ’.
575 1395 701 1448 Ἔτι
734 1399 846 1468 μὴν
891 1400 942 1452 εἰ
984 1401 1081 1453 καὶ
1129 1401 1219 1455 διὰ
1260 1403 1361 1474 τὴν
1385 1403 1608 1469 ἕνωσιν,
1645 1406 1829 1459 οὐκέτι
1854 1405 1948 1459 δύο

342 1486 449 1550 τὰς
488 1488 588 1542 δύο
633 1492 840 1546 είδέναι
869 1495 1007 1562 φασὶ
1041 1495 1157 1564 (τὸν
1196 1498 1309 1569 γὰρ
1339 1499 1622 1569 χωρισμὸν
1653 1501 1825 1553 αἴτιον
1848 1504 1948 1570 τῆς

340 1579 547 1644 δυάδος
585 1580 728 1636 εἶναι
769 1584 1037 1653 λέγουσι),
1089 1590 1350 1643 πευστέον
1376 1590 1578 1655 αὐτῶν,
1615 1587 1726 1662 ἆρά
1763 1608 1824 1660 γε
1855 1593 1948 1646 ἐπὶ

342 1671 425 1742 τῷ
453 1672 680 1746 θανάτῳ
714 1677 809 1730 τοῦ
864 1680 1072 1750 Κυρίου
1118 1680 1264 1735 τσασι
1309 1683 1594 1753 χωρισμόν
1635 1700 1756 1736 τινα
1785 1684 1947 1738 τινῶν

2121 1405 2210 1460 55.
2236 1405 2434 1461 Adhuc
2463 1406 2509 1461 si
2543 1415 2769 1476 propter
2792 1407 3217 1471 adunationem,
3250 1421 3358 1461 non
3391 1407 3625 1476 amplius

2048 1495 2189 1550 duas
2223 1496 2345 1550 illas
2374 1512 2606 1551 noscere
2637 1495 2831 1550 dicunt
2858 1497 3005 1565 (nam
3036 1495 3363 1550 divisionem
3396 1495 3630 1564 duplici-

2049 1588 2178 1641 tatis
2206 1602 2427 1641 causam
2459 1602 2578 1642 esse
2636 1586 2870 1655 dicunt),
2935 1579 3335 1655 inquirendum
3420 1586 3489 1640 ab
3522 1587 3626 1648 eis,

2047 1694 2181 1733 num
2221 1679 2289 1732 de
2329 1678 2549 1733 Domini
2585 1689 2766 1734 morte
2801 1686 3040 1733 noscunt
3070 1677 3364 1746 quamdam
3399 1685 3626 1730 natura-

343 1765 590 1832 φύσεων,
622 1769 802 1870 ἦ1οὐχί
816 1787 831 1835 ;
855 1770 917 1822 El
941 1773 1043 1839 μὲν
1063 1767 1157 1825 οὖν
1183 1773 1323 1843 οὐχὶ,
1347 1773 1709 1843 φαντασίατε
1736 1777 1764 1827 ό
1783 1775 1936 1829 θάνα·

2048 1788 2170 1826 rum
2211 1772 2574 1841 quarumdam
2619 1772 3062 1836 distinctionem,
3099 1788 3168 1826 an
3209 1771 3357 1827 non?
3396 1770 3452 1825 Si
3496 1786 3626 1839 ergo

341 1871 459 1921 τος,
509 1858 611 1910 καὶ
639 1857 850 1930 ψευδὴς
879 1861 912 1931 ἡ
946 1864 1082 1943 περὶ
1128 1864 1296 1918 αὐτοῦ
1346 1865 1474 1931 δόξα
1515 1868 1574 1919 ἐν
1593 1866 1671 1937 τῷ
1718 1867 1941 1938 Κυρίῳο

342 1945 583 2010 Θάνατος
631 1951 747 2021 γὰρ
801 1954 1087 2023 χωρισμός
1134 1957 1251 2009 ἐστι
1303 1956 1484 2027 ψυχῆς
1529 1957 1639 2011 ἀπὸ
1687 1956 1944 2026 σώματος

342 2032 797 2104 ἀναντιρμῖτωςο
823 2041 871 2090 εί
891 2038 948 2092 δὲ
976 2039 1147 2106 ὅντως
1166 2046 1446 2114 χωρισμὸς
1476 2045 1667 2113 γέγονε
1692 2045 1941 2113 φυσικὸς,

345 2123 570 2187 πάντως
601 2127 701 2181 καὶ
731 2130 876 2183 κατὰ
906 2131 1095 2185 τούσδε
1125 2132 1218 2187 δύο
1243 2134 1435 2202 φύσεις
1456 2135 1523 2190 τὰ
1556 2138 1942 2208 κεχωρισμένα

342 2213 456 2267 τῶν
502 2215 776 2285 Χριστοῦ.
814 2220 958 2290 Ἀρα
984 2223 1080 2276 οῦν
1126 2225 1176 2277 εί
1201 2226 1543 2303 ’ὁμολογοῦσι
1591 2228 1685 2282 τὸν
1712 2228 1943 2284 θάνατον

341 2305 441 2357 τοῦ
480 2308 718 2379 Κυρίου,
747 2313 844 2365 καὶ
878 2313 974 2368 δύο
1009 2314 1202 2384 φύσεις
1236 2319 1402 2374 αὐτοῦ
1432 2337 1585 2384 τινας
1624 2317 1766 2376 εἷναί
1808 2340 1940 2376 ποτε

342 2398 619 2453 adtentior
651 2402 817 2456 τοῦτο
850 2405 906 2458 δὲ
1030 2408 1130 2479 τῆς
1183 2411 1316 2481 μιᾶς
1346 2408 1437 2482 ἦν,
1472 2414 1629 2480 φασὶ,
1665 2431 1941 2485 κατακερ-

345 2492 740 2562 ματισθεισης,
795 2496 828 2567 ἢ
876 2498 1072 2568 ἑτέρας
1104 2501 1561 2573 ἐπιγεννηθείσης
1588 2503 1809 2574 Χριστῷ
1837 2504 1941 2573 φύ-

342 2599 487 2646 σεως
504 2599 520 2613 ·
543 2585 930 2656 συλνογιστέον
956 2591 1014 2643 δὲ
1044 2592 1243 2656 αὐτοὺς
1273 2592 1353 2646 ἔτι
1384 2595 1451 2648 ἐκ
1478 2594 1709 2659 τούτων,
1743 2598 1835 2651 καὶ
1856 2597 1938 2650 δτι

340 2676 581 2748 ἐπείπερ
638 2680 704 2732 ἐκ
749 2679 846 2733 δύο
892 2682 1112 2751 φύσεων
1166 2684 1267 2755 τὴν
1305 2688 1560 2757 γέννησιν
1612 2688 1937 2759 ὁμολογοῦσι

339 2766 608 2836 Χριστοῦ,
646 2770 714 2822 ὲκ
752 2770 1008 2842 θεότητός
1042 2790 1103 2827 τε
1134 2776 1230 2829 καὶ
1270 2776 1690 2849 ἀνθρωπότητος
1730 2778 1936 2850 ταύτην

339 2856 559 2910 νοοῦσι·
586 2860 678 2921 elo
695 2858 791 2913 δύο
826 2862 885 2914 δὲ
932 2864 1126 2932 φύσεις
1176 2866 1509 2936 διαιρεῖσθαι
1547 2868 1691 2923 κατὰ
1718 2870 1810 2923 τὸν
1838 2869 1934 2924 θά-

339 2964 503 3000 νατον
535 2948 722 3014 δόντες
752 2952 854 3005 οὐκ
880 2955 962 3016 εἰς
993 2956 1230 3024 τοιάσδε,
1263 2958 1382 3011 ἀλλ’
1406 2962 1485 3022 είς
1513 2960 1721 3030 ἄψυχον
1749 2961 1929 3031 σῶμα,

337 3039 463 3091 καὶ-
491 3041 577 3102 είς
618 3040 804 3095 ἔνθεον
850 3044 1027 3117 ψυχὴν
1081 3047 1292 3112 λέξουσι
1339 3054 1434 3103 καὶ
1499 3052 1679 3113 αὐτοὶ,
1707 3053 1925 3124 ἀνάγκη

2045 1864 2269 1934 quidem
2300 1879 2432 1927 non,
2459 1874 2521 1919 et
2547 1864 2845 1918 ludibrium
2877 1880 3045 1928 mors,
3071 1873 3128 1918 et
3152 1864 3312 1918 fallax
3339 1863 3407 1917 de
3439 1863 3542 1917 hoc
3570 1864 3621 1915 in

2045 1957 2281 2012 Domino
2324 1957 2497 2027 gloria
2548 1975 2561 2010 :
2609 1973 2759 2011 mors
2783 1958 2941 2013 enim
2991 1957 3193 2012 divisio
3237 1964 3323 2011 est
3359 1956 3555 2009 animae
3592 1971 3622 2008 ει

2045 2066 2280 2120 corpore
2326 2049 2738 2115 indubitanter;
2781 2049 2825 2103 si
2861 2064 2994 2103 vero
3036 2049 3215 2117 reipsa
3249 2047 3449 2101 divisio
3482 2045 3620 2100 facta

2042 2150 2130 2196 est
2164 2141 2452 2213 naturalis,
2482 2156 2714 2211 prorsus
2752 2149 2805 2195 et
2847 2138 3153 2194 secundum
3193 2146 3419 2191 naturas
3460 2137 3622 2190 hasce

2043 2232 2219 2301 duas,
2259 2232 2314 2286 in
2364 2230 2590 2287 Christo
2634 2230 3036 2301 proprietatum
3088 2216 3370 2282 distincta.
3408 2224 3621 2291 Conse-

2041 2333 2278 2394 quenter
2301 2323 2346 2378 si
2373 2323 2578 2379 Christi
2610 2331 2847 2376 mortem
2878 2320 3236 2383 conﬁtentur,
3259 2326 3317 2372 et
3343 2317 3479 2371 duas
3501 2317 3622 2385 ejus

2041 2425 2270 2470 naturas
2293 2414 2560 2483 quasdam
2587 2428 2708 2468 esse
2736 2414 2876 2467 forte
2899 2410 3209 2466 concedent
3235 2427 3246 2460 :
3275 2407 3409 2461 illud
3437 2416 3618 2460 autem

2040 2513 2134 2558 aut
2190 2504 2354 2558 unius
2403 2504 2509 2558 illm
2564 2516 2729 2573 quam
2784 2501 2977 2556 dicunt
3023 2498 3380 2553 minutasin
3438 2506 3619 2566 partes

2038 2596 2264 2659 divisas,
2311 2604 2407 2651 aut
2456 2595 2687 2650 alterius
2740 2590 3053 2663 supernatae
3106 2589 3337 2663 Christo
3383 2597 3617 2642 naturae.

2035 2684 2383 2741 Concludere
2408 2700 2541 2739 vero
2570 2684 2778 2738 debent
2805 2662 2988 2737 adhuc
3016 2680 3083 2736 de
3116 2680 3246 2745 illis,
3271 2662 3404 2749 quia
3438 2693 3616 2746 quan—

2037 2777 2338 2847 doquidem
2386 2792 2417 2832 e
2461 2776 2679 2831 duabus
2717 2774 2935 2829 naturis
2976 2771 3392 2843 generationem
3443 2768 3618 2825 couli~

2038 2879 2223 2925 tentur
2269 2868 2509 2933 Christi,
2555 2882 2586 2922 e
2633 2866 2925 2921 divinitate
2973 2871 3031 2918 et
3078 2861 3423 2916 humanitate
3474 2860 3617 2914 hanc

2034 2962 2297 3033 cogitant.
2331 2960 2392 3014 In
2426 2959 2566 3019 duas
2599 2973 2731 3013 vero
2765 2964 2994 3010 naturas
3033 2952 3208 3008 dividi
3248 2965 3346 3020 per
3378 2958 3612 3004 mortem

2032 3052 2402 3111 concedentes
2432 3067 2541 3107 non
2578 3051 2632 3104 in
2665 3049 2967 3120 quaslibet,
2997 3045 3094 3101 sed
3140 3044 3196 3099 in
3235 3041 3613 3098 exanimatum

340 3129 566 3194 πάντως
593 3132 792 3203 ἐτέρας
820 3136 1026 3190 εἰδέναι
1072 3138 1234 3192 τάσδε
1264 3141 1364 3204 τὶς
1396 3142 1491 3195 ἐπὶ
1547 3142 1626 3212 τῷ
1659 3144 1929 3216 χωρισμῷ

2036 3160 2237 3216 corpus
2273 3153 2331 3199 et
2367 3145 2422 3199 in
2461 3144 2699 3199 animam
2741 3157 2772 3196 a
2816 3141 2931 3195 Deo
2969 3138 3293 3208 inspiratam
3335 3134 3522 3188 dicent
3558 3146 3615 3187 et

335 3224 612 3291 φανείς-ας
642 3226 756 3278 τῶν
789 3227 899 3298 πρὸ
927 3229 1029 3296 τῆς
1062 3230 1311 3295 ὲνώσεως
1354 3233 1539 3296 αὐτοῖς
1572 3233 1928 3312 λεγομένων2

336 3315 478 3368 ἀλλὰ
511 3318 611 3372 καὶ
650 3317 752 3387 τὴν
791 3319 926 3388 μίαν
960 3322 1125 3390 φύσιν
1181 3324 1323 3376 κατά
1366 3324 1553 3377 τούσδε
1584 3325 1684 3397 τὴν
1732 3327 1797 3378 ὲκ
1822 3325 1930 3378 τῶν

333 3409 565 3475 φύσεων
597 3411 698 3481 τῆς
738 3428 801 3463 τε
848 3411 1105 3482 θεότητος
1145 3417 1239 3467 καὶ
1283 3415 1711 3486 ἀνθρωπότητος
1738 3412 1928 3481 οὖσαν,

230 3539 235 3542 ι
334 3501 541 3571 ἑτέραν
586 3496 731 3555 εἶναι
760 3501 913 3572 παρὰ
937 3503 1039 3573 τὴν
1067 3504 1126 3570 ἐξ
1158 3505 1346 3558 ἐνθέου
1364 3500 1557 3577 ’ψυχῆς
1593 3509 1687 3560 καὶ
1717 3507 1929 3578 ἀψύχου

336 3593 598 3664 σώματος
624 3595 757 3665 μίαν
787 3593 950 3662 φύσιν
977 3596 1116 3664 μετὰ
1149 3597 1251 3684 τὴν
1273 3599 1574 3653 ἀνάστασιν
1600 3599 1695 3653 τοῦ
1722 3601 1929 3669 Κυρίου

334 3688 647 3758 νοουμένην
686 3689 806 3742 κατ’
836 3689 1060 3771 αὐτούς·
1092 3683 1168 3743 ὧν
1210 3689 1320 3762 γὰρ
1351 3690 1584 3762 διάφορα
1659 3690 1730 3743 τὰ
1783 3691 1932 3744 ἁπλᾶ

334 3782 507 3849 μέρη,
538 3780 780 3852 διάφορα
802 3780 957 3834 ἔσται
993 3780 1088 3835 καὶ
1117 3781 1184 3834 τὰ
1231 3781 1485 3834 σύνθετα.
1536 3781 1802 3835 Ἔσονται
1836 3778 1953 3835 οῦν.

330 3874 381 3924 οί
417 3871 517 3927 δύο
564 3874 762 3941 φύσεις
796 3872 1086 3942 ἡνωμένας
1136 3872 1376 3944 Χριστοῦ
1427 3873 1501 3943 μὴ
1537 3871 1929 3942 ὁμολογοῦντες

332 3967 558 4036 σαφῶς,
589 3964 689 4018 δύο
723 3964 823 4035 μὲν
855 3965 956 4027 τάς
1017 3964 1125 4033 πρὸ
1171 3966 1273 4035 τῆς
1321 3965 1464 4017 κατά
1503 3967 1607 4032 τὴν
1653 3964 1929 4034 σάρκωσιν

328 4056 427 4111 τοῦ
470 4056 675 4123 Λόγου,
710 4055 842 4125 μίαν
890 4054 945 4107 δὲ
991 4054 1090 4123 τὴν
1121 4055 1213 4106 ἐπὶ
1244 4055 1310 4123 τῇ
1345 4052 1538 4106 ἑνώσει
1571 4053 1754 4107 αὐτῶν
1778 4067 1793 4081 ⁸
1833 4052 1929 4105 καὶ

329 4152 533 4218 ἑτέρας
570 4148 668 4202 δύο
709 4150 813 4208 τὰς
857 4148 952 4199 ἐπὶ
1000 4146 1080 4218 τῷ
1112 4144 1386 4217 χωρισμῷ
1411 4144 1509 4198 τοῦ
1539 4144 1797 4207 θανάτου,
1833 4144 1928 4197 καὶ

332 4244 471 4312 μίαν
498 4240 671 4311 ἄλλην
699 4240 800 4311 τὴν
828 4240 921 4292 ἐπὶ
950 4240 1017 4308 τῇ
1050 4238 1351 4291 ἀναστάσει
1376 4234 1471 4290 τοῦ
1496 4235 1708 4307 Κυρίου
1747 4251 1929 4288 καινο-

330 4335 504 4403 τέραν
532 4330 814 4399 λέγοντες,
846 4332 940 4383 καὶ
982 4329 1045 4394 ἒξ
1091 4346 1161 4403 τε
1198 4328 1299 4383 καὶ
1346 4327 1674 4398 διαφόρους·
1710 4328 1807 4381 καὶ
1847 4326 1927 4395 πῆ

332 4424 438 4494 μὲν
463 4420 775 4495 ήνωμένας,
806 4426 886 4493 πῆ
914 4422 971 4475 δὲ
998 4420 1377 4492 χωριζομένας
1410 4419 1605 4489 φύσεις
1626 4438 1640 4452 ·
1673 4420 1768 4473 καὶ
1792 4418 1927 4473 πάν-

2033 3239 2171 3308 ipsi,
2201 3251 2427 3293 necesse
2463 3246 2548 3291 est
2579 3248 2807 3305 prorsus
2841 3237 3070 3286 cteteras
3100 3241 3338 3283 noscere
3368 3225 3437 3281 de
3469 3225 3614 3279 divi-

2032 3331 2189 3386 sione
2222 3336 2557 3399 apparentes
2592 3340 2779 3380 rerum
2814 3327 2947 3393 quae
2970 3327 3097 3375 ante
3131 3317 3523 3375 adunationem
3556 3315 3610 3369 in

2034 3419 2170 3490 ipsis
2201 3418 2649 3482 afﬁrmabantur;
2682 3416 2777 3470 sed
2813 3416 2980 3471 etiam
3014 3413 3234 3469 unicam
3271 3409 3417 3464 hanc
3449 3415 3613 3462 natu-

2031 3527 2148 3566 ram
2177 3512 2333 3581 juxta
2364 3509 2613 3576 eosdem,
2643 3509 2787 3564 hanc
2818 3523 2850 3563 e
2884 3505 3100 3562 naturis
3139 3512 3253 3558 tum
3282 3499 3611 3561 divinitatis,

2034 3612 2151 3658 tum
2198 3601 2564 3657 humanitatis
2610 3599 2998 3662 exsistentem,
3030 3595 3192 3651 aliam
3237 3607 3360 3649 esse
3402 3591 3473 3646 ab
3523 3589 3616 3644 illa

2031 3711 2155 3766 quae
2193 3703 2314 3749 erat
2347 3709 2416 3748 ex
2458 3692 2641 3747 anima
2679 3706 2709 3746 a
2750 3690 2864 3745 Deo
2907 3687 3172 3758 inspirata
3214 3697 3272 3741 et
3303 3682 3615 3739 exanimato

2031 3801 2262 3856 corpore
2299 3784 2521 3839 unicam
2554 3789 2813 3837 naturam
2848 3787 2974 3851 post
2998 3776 3216 3833 Domini
3250 3772 3612 3830 resurrectio-

2029 3893 2157 3933 nem
2196 3877 2489 3947 cogitatam
2526 3875 2683 3946 juxta
2726 3875 2900 3943 ipsos.
2932 3870 3189 3938 Quorum
3223 3866 3371 3923 enim
3402 3865 3608 3919 discre-
3667 3868 3673 3874 ’

2029 3969 2218 4041 pantia
2264 3966 2583 4038 singulatim
2630 3964 2902 4035 simplicia
2945 3962 3216 4024 membra,
3241 3955 3610 4026 discrepantia

2000 4052 2195 4117 erunt
2228 4068 2285 4115 et
2316 4057 2622 4129 composita
2657 4074 2670 4111 :
2714 4063 2880 4111 erunt
2914 4070 3044 4123 ergo
3078 4052 3176 4122 qui
3213 4051 3354 4106 duas
3385 4056 3610 4103 naturas

2028 4152 2086 4208 in
2125 4152 2352 4209 Christo
2400 4149 2672 4205 adunatas
2722 4147 2871 4203 clare
2923 4160 3034 4200 non
3079 4141 3437 4206 conﬁtentur,
3471 4139 3608 4194 duas

2027 4244 2252 4315 quidem
2303 4242 2429 4299 illas
2450 4250 2578 4296 ante
2616 4237 3007 4296 exsisténtiam
3055 4235 3112 4290 in
3132 4233 3301 4290 Verbi
3351 4232 3605 4287 incarna-

2029 4335 2214 4400 tione,
2244 4348 2412 4388 unam
2446 4340 2634 4387 autem
2671 4330 2728 4385 in
2762 4344 2954 4385 earum
2987 4325 3355 4390 adunatione;
3386 4331 3445 4378 et
3472 4321 3610 4379 alias

2029 4427 2170 4482 duas
2212 4425 2269 4480 in
2315 4423 2512 4480 mortis
2554 4409 2859 4485 divisione,
2891 4420 3057 4475 aliam
3106 4426 3291 4473 autem
3342 4429 3506 4470 unam
3549 4414 3608 4470 in

328 4486 398 4570 τι
433 4486 774 4587 σιταραγμὸν
817 4486 1043 4586 Χριστῷ
1083 4486 1498 4584 επινοήσαντες,
1544 4513 1596 4566 oi.
1623 4515 1691 4584 τῇ
1735 4511 1928 4565 ὲνώσει

2036 4515 2250 4574 Domini
2283 4514 2703 4570 resurrectione
2744 4512 3117 4569 recentiorem
3161 4509 3522 4573 aﬂirmantes,
3552 4513 3611 4561 et

329 4608 503 4662 αὑτοῦ
529 4609 856 4678 συνηγορεῖν
884 4605 1368 4678 προσποιούμενοι.

2038 4621 2135 4661 sex
2163 4613 2220 4661 et
2248 4603 2611 4674 multiplices;
2645 4606 2703 4659 et
2735 4601 2867 4656 hinc
2898 4600 3123 4672 quidem
3157 4598 3455 4660 adunatas,
3479 4593 3608 4649 inde

331 4717 471 4757 vero
501 4699 712 4755 divisas
737 4706 1000 4764 naturas;
1033 4705 1091 4752 et
1116 4696 1575 4753 dilacerationem
1606 4709 1826 4751 omnem
1856 4693 1925 4749 de
1962 4695 2191 4752 Christo
2217 4695 2614 4766 excogitantes,
2641 4693 2736 4765 qui
2781 4693 2850 4749 de
2913 4693 3036 4764 ejus
3095 4691 3430 4747 adunatione
3478 4702 3606 4758 per-

329 4804 499 4846 orare
538 4788 826 4845 all’ectant.

402 4882 502 4939 15'.
545 4883 818 4937 Πευστέον
863 4883 921 4936 δὲ
970 4882 1151 4935 αὐτῶν
1177 4881 1259 4935 ἐτι
1294 4882 1390 4936 καὶ
1423 4883 1545 4936 τόδε
1572 4899 1584 4912 ·
1609 4884 1660 4936 εἰ
1691 4882 1783 4950 τὸν
1811 4883 1926 4935 Πα-

328 4978 474 5048 τέρα
511 4976 636 5030 κατ’
662 4975 855 5039 οὐσίας
878 4975 1038 5044 λόγον
1082 4974 1475 5047 διακεκρίσθαι
1501 4975 1721 5043 λέγουσι
1747 4974 1929 5046 πάσης

278 5105 284 5108 ‹
326 5072 433 5140 τῆς
469 5068 919 5139 ἀνθρωπότητος,
949 5064 1070 5121 εἶτα
1118 5068 1167 5120 εί
1204 5067 1311 5141 καὶ.
1347 5066 1438 5120 τὸν
1475 5068 1607 5138 μίαν
1638 5067 1803 5137 φύσιν
1834 5066 1928 5119 λε-

330 5163 573 5233 γόμενον
604 5162 790 5224 αὐτοῖς
834 5157 977 5213 εἶναι
1030 5160 1289 5232 Χριστὸν,
1342 5158 1636 5215 κοινωνοῦν
1669 5176 1723 5212 τι
1760 5157 1927 5228 γινώ-

331 5271 535 5309 σκουσι
577 5252 656 5322 τῷ
694 5252 895 5323 Πατρὶ,
927 5252 1023 5305 καὶ
1067 5250 1350 5322 ἡνωμένον
1378 5252 1500 5305 κατ’
1528 5250 1718 5315 οὐσίας
1763 5250 1922 5338 λόγον

329 5345 462 5400 καο’
495 5345 665 5414 ὅνπερ
693 5344 726 5414 ἠ
736 5342 878 5414 μῶν,
905 5342 983 5405 ὡς
1013 5341 1226 5413 ἔφασαν
1249 5341 1736 5414 ήδη,-διακέκριται
1757 5343 1786 5395 ὁ
1807 5342 1922 5395 Πα-

326 5439 475 5512 τήεν
503 5440 555 5491 εί
579 5437 690 5507 γὰρ
720 5437 986 5506 φάσκοιεν
1017 5435 1261 5507 ἡνῶσθαι
1284 5435 1447 5489 αὐτὸν
1477 5434 1557 5506 τῷ
1581 5434 1758 5507 Πατρὶ
1782 5436 1923 5491 κατά

330 5531 523 5603 (φύσιν,
562 5529 721 5599 ἡμῶν
770 5526 1016 5599 δηλονότι
1045 5527 1142 5580 καὶ
1164 5525 1330 5590 αὐτὸς
1358 5525 1726 5595 διακέκριται,
1752 5525 1921 5596 ἧγουν

327 5616 433 5687 τῆς
458 5613 885 5686 ἀνθρωπότητος
908 5629 925 5644 ·
959 5613 1157 5667 οὐκοῦν
1204 5614 1296 5666 καὶ
1324 5612 1427 5681 τῆς
1462 5612 1597 5676 ἰδίας
1623 5614 1845 5683 σαρκὸς,
1872 5616 1920 5667 εί

330 5707 551 5780 ἀληθὴς
576 5706 717 5777 αὕτη
749 5706 909 5778 σὰρξ,
940 5706 1037 5760 καὶ
1061 5706 1157 5776 μία
1181 5706 1279 5776 τῆς
1298 5706 1717 5776 ἀνθρωπότητός
1746 5708 1914 5759 ἐστιν’

330 5803 444 5873 ἄρα
474 5795 569 5854 οῦν
597 5798 836 5871 ἄσαρκος
866 5801 893 5852 ὁ
926 5798 1182 5871 Χριστὸς,
1210 5797 1625 5869 διακεκριμένος
1651 5798 1746 5865 τῆς
1784 5812 1913 5866 dap-

2094 4880 2184 4935 54.
2226 4878 2622 4950 lnquirendum
2648 4877 2718 4933 ab
2739 4877 2821 4933 eis
2841 4884 2900 4933 et
2926 4874 3063 4931 illud
3089 4893 3102 4928 :
3130 4873 3186 4929 Si
3211 4874 3429 4929 Patrem
3454 4873 3604 4942 juxta

2023 4971 2276 5029 essentiae
2312 4984 2624 5025 sermonem
2654 4967 2871 5023 secerni
2911 4982 2942 5021 a
2981 4974 3091 5021 tota
3138 4964 3482 5019 humanitate
3519 4963 3603 5018 di-

2023 5070 2178 5128 cunt,
2236 5060 2458 5126 deinde,
2507 5061 2552 5115 si
2597 5067 2655 5114 et
2684 5058 2964 5115 Christum
3012 5057 3106 5126 qui
3153 5055 3223 5112 ab
3260 5055 3343 5111 eis
3388 5056 3604 5110 unicam

2022 5168 2144 5209 esse
2181 5153 2387 5207 dicitur
2422 5160 2676 5205 naturam
2713 5164 3008 5206 commune
3040 5147 3321 5219 quoddam
3349 5162 3473 5202 cum
3507 5148 3607 5201 Pa-

2030 5252 2112 5301 tre
2150 5244 2355 5300 habere
2384 5250 2643 5305 noscunt,
2673 5240 2717 5296 si
2743 5248 2801 5295 et
2825 5246 3085 5302 noscunt,
3127 5238 3427 5293 adunatum
3449 5237 3601 5307 juxta
3704 5306 3708 5311 ο

2026 5338 2283 5396 essentia:
2303 5349 2616 5393 sermonem
2643 5332 2950 5389 secundum
2984 5330 3289 5402 quemlibet
3320 5327 3497 5384 nostri
3528 5326 3602 5383 si-

2027 5432 2241 5500 eutjam
2259 5427 2537 5492 dicebant,
2558 5425 2868 5482 secernitur
2880 5425 3042 5479 Pater
3060 5423 3131 5478 :si
3144 5422 3292 5478 enim
3304 5420 3602 5475 adunatum

2027 5523 2198 5578 fuisse
2238 5536 2364 5577 eum
2409 5518 2558 5574 Patri
2623 5516 2929 5573 secundum
2993 5524 3247 5569 naturam
3305 5511 3517 5572 dicunt,
3571 5525 3602 5564 a

2027 5613 2188 5667 nobis
2228 5626 2361 5665 sane
2401 5617 2458 5664 et
2506 5609 2620 5679 ipse
2649 5607 2978 5670 secernitur,
3012 5605 3224 5660 scilicet
3251 5602 3321 5659 ab
3351 5601 3598 5656 Immani-

2027 5713 2157 5768 tate,
2199 5718 2331 5770 ergo
2376 5714 2433 5758 et
2463 5720 2490 5756 a
2535 5701 2755 5773 propria
2795 5714 2981 5762 carne,
3034 5698 3081 5753 si
3127 5713 3254 5751 vera
3287 5696 3401 5765 ipsa
3447 5708 3597 5755 eam,

2025 5807 2075 5849 et
2111 5814 2213 5849 una
2238 5795 2595 5851 hmnanitatis
2617 5806 2701 5848 est
2726 5809 2884 5861 :crgo
2901 5792 3108 5858 absque
3128 5806 3290 5846 carne
3322 5788 3598 5853 Christus,
