4034 6392
507 290 633 355 Ῑῗ91
1761 313 2071 373 LEONTII

2167 317 2519 378 YZANTINI
2830 348 2846 359 ·
3629 335 3760 398 1792

496 419 530 459 a
566 423 730 463 carne
786 413 905 482 ejus
951 415 1255 485 discretus;
1299 430 1355 475 et
1400 423 1666 480 dissoluta
1720 437 1805 482 est
1866 431 1936 485 ab
1987 430 2069 485 eis

499 499 757 526 “JH—-32..
825 513 872 526 ,ι
922 508 1074 526 ..-ι-γ
1261 513 1272 524 ο
1405 515 1416 526 .
1733 519 1744 526 .
1821 520 1832 526 .
1861 521 1892 526 η
2009 522 2043 526 --

2171 429 2263 494 κὸς
2295 433 2460 486 αὐτοῦ
2482 451 2495 465 ·
2527 439 2621 490 καὶ
2658 439 2874 495 λέλυται
2905 444 3086 507 αὐτοῖς
3134 449 3165 516 ἡ
3210 447 3427 512 ἐνωσις,
3459 450 3552 504 καὶ
3584 456 3757 526 πάντη

499 499 780 565 adunatio,
820 513 876 559 ct
922 508 1085 564 nobis
1127 513 1352 568 omnino
1403 515 1930 577 incommunieabile
1989 522 2076 576 di-

3070 499 3081 507 .
3154 499 3165 516 ,
3590 499 3754 526 --v----,

2173 521 2310 588 ἡμῖν
2369 523 2732 594 ἀκοινώνητον
2777 529 2836 582 τὸ
2903 529 3046 585 θεῖον
3091 537 3147 586 ἐν
3193 537 3440 606 Χριστῷ.
3488 540 3546 591 Ei
3592 541 3646 592 δὲ
3693 548 3754 611 τῇ

499 591 684 647 vinum
715 595 768 650 in
815 597 1055 655 Christo.
1091 601 1147 657 Si
1187 621 1319 660 vero
1361 609 1508 662 carni
1543 611 1765 679 quidem
1803 613 2078 668 adunatur

2625 591 2636 594 -
3249 591 3261 606 ,
3388 591 3398 606 ,
3605 591 3638 592 η
3704 591 3755 611 ,η

2181 611 2345 679 σαρκὶ
2387 611 2485 680 μὲν
2512 613 2718 683 ἥνωται
2754 619 2781 669 6
2811 619 2984 686 Λόγος
3019 623 3158 675 κατὰ
3186 626 3284 694 τὴν
3335 627 3519 694 φύσιν,
3551 630 3612 680 ού
3643 649 3757 683 κοια

502 680 737 738 Verbum
769 690 1071 745 secundum
1103 703 1378 761 naturam,
1413 715 1522 753 non
1549 710 1730 756 autem
1762 719 1887 757 cum
1916 705 2075 761 Patre

2179 703 2338 752 νωνεί
2366 702 2424 754 δὲ
2449 703 2526 773 τῷ
2549 706 2721 776 Πατρὶ
2745 712 2808 778 τῇ
2846 712 2984 763 κατὰ
3021 713 3183 781 φύσιν
3214 715 3426 780 ὲνώσει,
3464 719 3751 791 διαιρεῖται

497 787 790 832 commune
837 780 1004 837 habet
1052 784 1106 838 in
1155 787 1488 844 adunatione
1517 793 1672 862 juxta
1721 803 1995 861 naturam,
2044 814 2074 852 a

501 866 646 885 ,μμ
686 883 724 885 ,ν
869 872 882 885 -
1284 880 1317 885 --

2177 793 2276 862 τὴν
2321 795 2483 862 φύσιν
2525 799 2590 849 ἐκ
2638 799 2729 852 τοῦ
2767 802 3006 872 Πατρὸς,
3041 807 3132 859 καὶ
3159 807 3314 860 ἔσται
3348 811 3406 862 ού
3452 813 3585 875 Θεὸς
3612 830 3623 841 '
3667 814 3697 885 ἢ
3729 819 3755 866 ὁ

398 909 400 911 .
442 895 446 899 -
500 866 657 922 Patre
680 872 980 926 secundum
999 885 1249 932 naturam
1267 880 1551 946 dividitur,
1569 893 1625 938 et
1641 887 1746 940 erit
1769 903 1876 940 non
1899 888 1991 942 DCI

2179 883 2372 955 [ἰατὴρ
2395 887 2458 937 ού
2489 887 2640 951 Θεὸς,
2670 892 2718 942 εἰ
2743 866 2974 960 Χριστός
2995 866 3147 948 ἐστιν
3170 899 3197 950 6
3226 892 3308 962 εἷς
3333 900 3464 965 Θεός
3488 917 3502 930 ⁸
3539 866 3753 966 στλείους

496 958 578 1010 vel
611 959 774 1014 Pater
816 980 924 1018 non
977 967 1140 1033 Deus,
1189 970 1234 1023 si
1281 971 1537 1029 Christus
1585 987 1669 1031 est
1719 995 1860 1033 unus
1895 980 2071 1047 Deus,

2176 974 2287 1044 γὰρ
2315 975 2745 1047 διαιρουμένους,
2782 958 2841 1034 ού
2884 983 3168 1050 δοξαστέον
3196 958 3351 1054 θεούς
3372 1005 3386 1020 ⁸
3426 958 3753 1070 κατὰ-θάτε-ἶ

495 1053 681 1120 plures
721 1060 866 1112 enim
905 1062 1134 1128 divisos,
1165 1082 1277 1121 non
1313 1057 1660 1125 credendum
1718 1073 1870 1128 deos.
1911 1076 2073 1131 Juxta

2177 1082 2270 1135 ρον
2296 1066 2353 1118 δὲ
2374 1066 2482 1118 τῶν
2506 1067 2719 1141 βλασφή
2730 1089 2866 1141 μων,
2899 1075 2959 1126 τὸ
2988 1077 3089 1146 τῆς
3119 1053 3345 1148 γεέννης
3369 1081 3433 1135 ἂν
3466 1085 3553 1153 εἴη
3580 1067 3749 1140 ’κολαὲ

494 1160 624 1200 vero
659 1148 986 1206 alterutrum
1041 1155 1511 1226 blasphemorum,
1558 1164 1823 1232 gehennze
1865 1169 2068 1237 suppli-

1949 1169 2068 1237 φη,
2178 1157 2397 1226 στήριον
2420 1162 2533 1221 τοῖς
2562 1161 2908 1233 αἱρουμένοις
2932 1169 3058 1221 τάδε
3084 1170 3262 1238 λέγειν
3291 1148 3542 1242 ἐπάξιον,

492 1239 639 1290 clum
680 1250 827 1296 esset
867 1245 1200 1314 eligentibus
1236 1251 1352 1306 hmc
1387 1253 1543 1307 ell‘ari
1577 1255 1825 1325 dignum.

561 1331 648 1384 55.
693 1333 748 1388 Si
786 1351 896 1390 non
943 1342 1247 1396 secundum
1279 1346 1425 1413 quod
1454 1345 1710 1419 Christus
1741 1359 1844 1414 est,
1876 1366 2075 1406 secun-

2245 1332 2339 1387 λε’.
2383 1334 2448 1394 El
2497 1335 2575 1406 μὴ
2623 1337 2746 1390 καθ’
2773 1339 2801 1392 ὃ
2849 1342 3082 1412 Χριστός
3127 1348 3244 1401 ἐστι
3292 1352 3433 1404 κατὰ
3473 1351 3630 1408 τοῦτό
3666 1373 3749 1419 τις

490 1418 622 1472 dum
661 1420 797 1477 illud
829 1427 1078 1492 quaedam
1109 1442 1310 1486 natura
1339 1444 1444 1498 est,
1475 1418 1608 1489 illud
1633 1438 1780 1491 enim
1811 1441 2072 1497 etPatres

2173 1422 2332 1498 φύσις
2359 1426 2476 1478 ἐστὶ
2507 1427 2686 1497 (τοῦτο
2716 1429 2825 1502 γὰρ
2852 1435 2944 1486 καὶ
2973 1438 3021 1489 oi
3057 1439 3298 1509 Πατέρες
3325 1444 3674 1515 ἀπείρηκαν),
3717 1450 3747 1518 ἢ

491 1512 771 1580 dixerunt,
793 1517 890 1572 aut
909 1523 1211 1576 secundum
1239 1526 1402 1590 nihil,
1425 1536 1520 1581 aut
1548 1529 1603 1581 in
1629 1538 1895 1597 quantum
1927 1531 2072 1586 Deus

2173 1517 2490 1584 κατόύδὲν,
2543 1521 2574 1590 ἥ
2609 1522 2730 1576 καθ’
2769 1524 2798 1577 ὃ
2836 1525 2968 1589 Θεὸς
3005 1529 3187 1598 μόνον,
3287 1535 3408 1588 καθ’
3533 1512 3748 1609 ἄνθγρωλ

494 1610 726 1669 tantum,
754 1616 847 1661 aut
874 1610 929 1664 in
951 1623 1217 1680 quantum
1242 1600 1408 1670 homo
1435 1628 1666 1683 tantum,
1692 1630 1789 1674 aut
1818 1621 1873 1674 in
1898 1639 2070 1692 quan-

2173 1621 2273 1667 πος
2309 1606 2488 1675 μόνον,
2521 1609 2553 1679 ἦ
2584 1611 2706 1662 καθ’
2741 1613 2769 1666 ὅ
2803 1631 2861 1666 τε
2892 1615 3024 1679 Θεὸς
3060 1619 3222 1686 φύσις
3243 1600 3394 1689 γὲστὶ,
3425 1627 3518 1679 καὶ
3567 1600 3690 1680 καθ’
3719 1630 3746 1680 ὃ

490 1701 604 1746 tum
635 1704 691 1750 et
724 1697 868 1754 De'us
894 1710 1090 1757 natura
1117 1715 1200 1760 est
1225 1715 1280 1760 et
1305 1709 1470 1763 homo
1505 1710 1705 1765 iterum
1739 1721 1933 1768 natura
1961 1726 2065 1780 est,

2178 1695 2456 1766 ἅνθρωπος
2488 1701 2648 1754 πάλιν
2666 1705 2825 1771 φύσις
2845 1707 2985 1773 ἐστὶ,
3013 1710 3041 1762 6
3068 1712 3231 1776 αὐτὸς
3258 1715 3358 1782 μὲν
3389 1710 3469 1778 εἷς
3493 1718 3743 1786 Χριστὸς,
3767 1723 3771 1728 ”

490 1786 631 1840 idem
666 1791 887 1858 quidem
920 1810 1064 1850 unus
1092 1797 1365 1865 Christus,
1399 1802 1494 1856 sed
1543 1819 1652 1858 non
1691 1806 1885 1859 eadem
1935 1823 2066 1879 ergo

2171 1787 2285 1841 ἁλλ’
2315 1790 2415 1860 ούχ
2448 1793 2480 1861 ἡ
2512 1794 2650 1864 αὐτὴ
2678 1769 2849 1863 φύσις
2878 1801 2936 1852 ὲν
2968 1769 3182 1873 δεότητι
3211 1769 3324 1859 ⁷καὶ
3362 1769 3744 1880 ἀνδρωιπότητι

490 1876 657 1931 Filius
713 1889 770 1934 et
817 1898 928 1937 una
977 1895 1195 1951 natura,
1241 1906 1372 1944 num
1409 1908 1538 1962 ergo
1566 1910 1673 1948 non
1714 1895 1856 1951 idem
1907 1899 2065 1954 Pater

2171 1872 2312 1932 εἶναι
2345 1881 2659 1952 νοούμενος.
2694 1887 2756 1939 Et
2809 1889 2865 1941 δὲ
2918 1872 3139 1945 εἴποιεν
3177 1895 3355 1948 καθ’ὂ
3413 1872 3539 1959 Υἱὸς
3586 1872 3746 1965 φύσις

483 1983 605 2022 cum
657 1971 796 2026 Filio
847 1991 1078 2032 numero
1140 1996 1484 2048 sermoneve,
1567 2002 1676 2040 non
1738 2004 1869 2043 vero
1918 1991 2060 2046 idem

2170 1971 2342 2038 ἐστὶν,
2377 1968 2456 2036 εἷς
2483 1972 2576 2029 οῦν
2610 1978 2734 2041 Υἱὸς
2767 1982 2860 2033 καὶ
2887 1983 2987 2052 μία
3022 1984 3205 2053 φύσις,
3225 1989 3331 2058 ἄρα
3353 1984 3447 2041 οῦν
3463 1990 3536 2060 μὴ
3550 1992 3746 2043 ταυτὸν

483 2068 678 2114 natura
741 2064 904 2120 Pater
962 2085 1086 2124 cum
1125 2071 1304 2137 Filio,
1371 2092 1600 2132 numero
1665 2095 1766 2134 nec
1809 2095 2062 2139 sermone

2170 2065 2358 2135 Πατὴρ
2393 2067 2507 2139 Υἱῴ
2531 2069 2750 2142 ἀριθμῴ
2779 2073 2812 2143 ἢ
2843 2075 3020 2144 Λόγῳ,
3051 2078 3174 2130 οὐδὲ
3200 2081 3397 2134 ταυτὸν
3427 2085 3494 2153 τῇ
3529 2081 3689 2151 φύσει
3719 2088 3746 2136 6

481 2149 760 2215 naturali,
823 2156 965 2211 sicut
1037 2159 1203 2216 Arius
1281 2165 1418 2219 vult.
1483 2166 1539 2222 Si
1605 2184 1736 2224 vero
1788 2171 2058 2242 dixerint,

2170 2157 2360 2228 Πατὴρ
2383 2159 2460 2229 τῷ
2489 2162 2620 2233 Υἱῷ,
2647 2163 2770 2217 οὔτε
2803 2167 3022 2237 ἀριθμῷ
3063 2169 3186 2224 οὔτε
3208 2173 3366 2242 Λόγῳ
3405 2149 3640 2245 φυσικῷ,
3671 2178 3745 2239 ὡς

479 2243 782 2298 secundum
826 2250 973 2317 quod
1001 2267 1234 2320 persona
1269 2265 1326 2310 et
1362 2267 1558 2312 natura
1590 2269 1695 2320 est.
1729 2261 1919 2316 eadem
1959 2264 2062 2319 ite-

2172 2247 2389 2318 Ἀρειος
2419 2251 2684 2320 βούλεται.
2736 2256 2797 2307 Εἰ
2825 2256 2882 2308 δὲ
2912 2258 3076 2311 πάλιν
3101 2261 3326 2325 εἴποιεν,
3360 2264 3480 2316 καθ’
3511 2265 3539 2316 ὃ
3566 2243 3739 2334 στρόσ-

479 2347 597 2385 rum
623 2349 976 2424 oppoqentur
1007 2342 1121 2398 eis:
1143 2361 1274 2416 ergo
1294 2349 1442 2401 enim
1461 2365 1586 2403 cum
1608 2351 1712 2405 alia
1735 2352 1807 2406 sit
1828 2370 2058 2423 persona

2167 2356 2315 2391 ωπον
2372 2343 2466 2393 καὶ
2511 2344 2674 2410 φύσις
2721 2347 2858 2413 ἐστὶ,
2895 2349 2962 2402 τὰ
2995 2351 3135 2403 αὐτὰ
3171 2353 3334 2405 πάλιν
3369 2355 3741 2424 ὑπαντήσεται

479 2424 656 2490 Patris
681 2410 897 2500 aliaque
933 2429 1174 2503 Spiritus
1233 2440 1434 2505 sancti,
1480 2427 1536 2495 et
1566 2442 1670 2496 alia
1703 2454 1932 2512 natura;
1961 2449 2057 2502 sed

2167 2430 2376 2494 αὐτοῖς·
2405 2431 2511 2502 ἄρα
2553 2435 2662 2504 γὰρ
2689 2437 2811 2489 ἐπεὶ
2844 2410 3036 2510 ἕτερον
3068 2442 3362 2510 πρόσωπον
3399 2445 3495 2498 τοῦ
3525 2410 3740 2516 Πιατρὸς

475 2532 600 2569 eum
655 2527 711 2573 et
762 2522 1028 2580 diﬂ‘erens
1083 2529 1156 2582 sit
1211 2546 1447 2598 persona
1513 2534 1656 2606 Petri
1719 2545 1774 2590 et
1823 2554 2055 2607 persona

2166 2521 2384 2575 καὶτοῦ
2437 2525 2595 2592 ἁγίου
2651 2528 2993 2600 Πνεύματος,
3047 2536 3142 2586 καὶ
3187 2536 3350 2606 ἑτέρα
3401 2537 3591 2606 φύσις·
3627 2540 3739 2592 ἀλλ’

474 2608 651 2674 Pauli,
710 2621 768 2666 et
809 2625 1007 2672 natura
1069 2619 1336 2677 diﬂ‘erens
1417 2640 1539 2694 qua:
1589 2636 1720 2683 sunt
1769 2631 2057 2688 evidenter

2165 2615 2290 2668 ἐπεὶ
2336 2617 2430 2670 καὶ
2468 2618 2726 2692 διάφορον
2769 2625 3063 2693 πρόσωπον
3092 2627 3304 2698 Πέτρου
3337 2631 3474 2698 πρὸς
3505 2631 3737 2697 Παῦλον,

471 2699 731 2757 absurda,
2165 2708 2262 2759 καὶ
2291 2707 2606 2779 διάφοροςὴ
2649 2713 2828 2781 φύσις,
2874 2716 2909 2769 ἆ
2929 2717 3048 2770 ἐστι
3083 2722 3332 2790 προφανῆ
3365 2722 3563 2777 ἄτοπα.

539 2792 628 2848 56.
669 2796 722 2850 Si
761 2814 868 2854 una
903 2804 1205 2872 composita
1250 2805 1453 2862 Christi
1482 2818 1700 2877 natura,
1733 2830 1840 2868 una
1872 2827 2054 2871 autem

2236 2796 2344 2862 λς’.
2388 2798 2449 2852 Εἰ
2483 2803 2583 2871 μία
2611 2803 2865 2868 σύνθετος
2899 2807 3060 2876 φύσις
3103 2809 3196 2862 τοῦ
3232 2812 3493 2882 Χριστοῦ,
3537 2815 3635 2885 μία
3684 2817 3739 2869 δὲ

470 2883 699 2952 simplex
728 2897 923 2946 natura
957 2892 1156 2959 Patris,
1197 2897 1475 2965 quomodo
1508 2899 1656 2954 Patri
1710 2902 1882 2957 Filius
1919 2920 2055 2958 con-

2163 2888 2310 2959 ἁπλῆ
2335 2890 2496 2959 φύσις
2513 2893 2607 2945 τοῦ
2634 2895 2872 2967 Πατρὸς,
2905 2899 3023 2962 πῶς
3051 2901 3126 2971 τῷ
3152 2903 3327 2973 Πατρὶ
3347 2907 3374 2957 6
3397 2905 3522 2970 Υἱὸς
3539 2883 3742 2977 ήὸμοού-

471 2974 889 3034 substantialis?
937 2982 1054 3037 Non
1092 2987 1239 3040 enim
1275 2990 1505 3059 simplex
1547 2992 1690 3047 idem
1725 3009 1790 3049 ac
1831 3011 2057 3066 compo-

2165 2995 2315 3046 σιος;
2349 2982 2410 3034 ού
2441 2985 2548 3053 γὰρ
2581 2985 2779 3038 ταυτὸν
2817 2988 2894 3059 τῷ
2925 2990 3082 3061 ἁπλῷ
3125 2993 3187 3045 τὸ
3237 2994 3495 3051 σύνθετον
3521 3016 3533 3028 ·
3562 2999 3594 3068 ἦ
3647 3000 3741 3053 οῦν

473 3064 636 3120 situm
677 3085 690 3120 :
728 3079 823 3124 aut
860 3088 992 3142 ergo
1022 3092 1130 3130 non
1181 3095 1344 3134 unam
1392 3080 1622 3148 Christi,
1660 3094 1754 3140 aut
1785 3103 1895 3141 non
1927 3103 2056 3142 con-

473 3155 884 3188 επεὶ-ιριηηιςηιη...
918 3165 1062 3188 n-._:
1095 3178 1219 3188 __.,,
1247 3187 1276 3188 η
1297 3187 1312 3188 η
1488 3173 1536 3188 η-
1625 3185 1633 3188 .
1764 3177 1816 3188 ι..

2163 3070 2224 3123 ού
2258 3073 2388 3142 μίαν
2412 3075 2508 3127 τοῦ
2538 3076 2802 3145 Χριστοῦ,
2831 3079 2861 3149 ἢ
2890 3081 2989 3152 οὐχ
3019 3084 3308 3152 ὁμοούσιον
3333 3088 3412 3158 τῷ
3438 3091 3614 3161 Πατρὶ
3644 3091 3738 3162 τὴν

2159 3160 2321 3188 ...ἰ-η.
2371 3163 2646 3188 ἓΑΕΔγ--.--
2707 3169 2764 3188 nr
2828 3171 2870 3188 ιιι
2922 3174 2934 3187 ι
3074 3175 3085 3188 ι
3299 3178 3312 3188 .
3365 3180 3375 3188 .
3463 3183 3474 3188 -
3606 3181 3616 3188 .

471 3155 886 3215 substantialem
918 3165 1064 3219 Patri
1094 3178 1344 3224 naturam
1379 3173 1732 3241 proﬁtentur.
1763 3177 1818 3233 Si
1847 3194 1877 3233 e
1899 3190 2054 3250 parte

2159 3160 2321 3229 φύσιν
2367 3163 2672 3230 δοξάζουσι.
2704 3169 2768 3223 Εἰ
2823 3171 2880 3223 δὲ
2919 3174 2983 3224 ὲκ
3020 3175 3224 3245 μέρους
3255 3155 3424 3257 αύτῆν
3453 3155 3739 3250 ὁμοούσιον

471 3244 616 3300 illam
648 3252 1176 3311 consubstantialem
1215 3261 1614 3330 'Patri'dicunt,
1667 3267 1844 3322 sciant
1879 3244 2050 3338 quod,

2157 3251 2374 3320 λέγουσι
2399 3256 2478 3326 τῷ
2505 3258 2704 3330 Πατρὶ,
2739 3263 2975 3317 εστωσαν
3018 3244 3124 3333 ὅτι,
3166 3268 3240 3332 ὼς
3277 3244 3737 3341 amicaque-057.

470 3347 633 3404 prout
676 3343 785 3411 jam
831 3345 1037 3430 dictum
1065 3359 1172 3413 est,
1206 3370 1312 3408 non
1358 3371 1426 3410 ex
1465 3367 1622 3426 parte
1678 3368 1874 3414 natura
1907 3378 2056 3431 qua).-

2156 3346 2220 3397 ὲκ
2238 3347 2440 3417 μέρους
2463 3367 2547 3414 τις
2579 3353 2740 3421 φύσις
2768 3356 2936 3424 ἤγουν
2964 3359 3121 3412 οὐσία
3139 3348 3374 3428 ’λέγεται
3403 3355 3511 3416 τινι
3542 3365 3738 3434 ὁμοού-

467 3428 594 3512 dam
621 3447 819 3504 nempe
842 3425 1082 3496 essentia
1114 3444 1319 3498 dicitur
1343 3448 1509 3501 alicui
1541 3451 2051 3511 consubstantialis.

2157 3454 2270 3500 σιος
2295 3456 2309 3470 ·
2345 3441 2519 3504 οὓτως
2561 3444 2768 3514 γὰρ’ἂν
2797 3449 2892 3501 καὶ
2936 3425 3334 3524 ἄνθρωπος-τῷ
3364 3471 3424 3507 τε
3472 3425 3606 3526 λίθω
3645 3457 3738 3509 καὶ

467 3518 546 3573 sic
579 3509 726 3576 enim
751 3531 807 3578 et
835 3527 1000 3582 homo
1029 3543 1143 3587 tum
1174 3533 1345 3603 lapidi
1383 3543 1498 3588 tum
1547 3536 1693 3602 cani,
1720 3545 1836 3591 tum
1859 3540 2053 3609 angelo

1633 3536 1693 3602 ιί,
1720 3545 1836 3591 tum
1859 3509 2053 3609 angam
2155 3529 2278 3581 κυνὶ
2299 3529 2396 3582 καὶ
2432 3509 2652 3604 ἀγγέλιρ
2680 3537 2965 3605 ὁμοούσιος
2993 3509 3226 3608 λέγοιτοί

466 3613 956 3674 consubstantialis
999 3621 1301 3679 diceretur.

536 3704 626 3757 57.
669 3705 840 3763 Unica
894 3712 987 3765 Dei
1041 3714 1209 3769 Verbi
1259 3725 1455 3771 natura
1507 3721 1608 3775 ista
1663 3722 1945 3776 incarnata
1981 3725 2051 3776 ab

2223 3718 2322 3780 λζ’.
2378 3719 2440 3772 Ἦ
2477 3720 2576 3789 μία
2611 3721 2773 3790 φύσις
2807 3723 2902 3778 τοῦ
2942 3725 3078 3778 Θεοῦ
3119 3728 3294 3794 Λόγου
3342 3735 3733 3805 σεσαρκωμένη

449 3795 629 3858 unica
653 3798 749 3853 Dei
774 3801 950 3858 Patris
971 3815 1169 3860 natura
1189 3824 1298 3862 non
1324 3810 1607 3867 incarnata
1628 3813 1815 3867 diﬂ'ert
1831 3813 2042 3868 annon?

2151 3809 2408 3880 διαφέρει
2436 3810 2536 3880 τῆς
2572 3813 2702 3880 μιᾶς
2736 3813 2830 3867 τοῦ
2863 3814 3000 3868 Θεοῦ
3040 3817 3256 3888 Πατρδς
3281 3795 3494 3889 φύσεως
3528 3795 3628 3892 τῆς
3661 3795 3736 3893 μή

469 3889 852 3960 Ilespondeant
891 3914 904 3949 :
939 3898 982 3951 si
1010 3897 1206 3952 dicunt
1231 3901 1450 3969 quidem
1485 3904 1630 3972 quod
1667 3905 1904 3969 diﬂ‘erat,
1937 3921 2047 3958 non

2153 3902 2649 3974 σεσαρκωμένης,ῆ
2681 3904 3386 3977 ούχί;Ἀνακρινέσθωσαν.
3419 3913 3484 3964 Εἰ
3514 3889 3614 3983 μὲν

464 3995 595 4034 vero
663 3987 1150 4045 consubstantialis
1233 3993 1342 4046 erit
1406 3995 1552 4049 Patri
1605 3997 1894 4076 Filiusab
1951 3998 2045 4052 illo

2152 4008 2285 4060 φασι
2330 3991 2631 4063 διαφέρειν,
2685 3998 2784 4065 οὐχ
2837 3999 3125 4066 ὁμοούσιος
3179 4000 3396 4072 ἀληθῶς
3448 4002 3604 4058 ἔσται
3657 4009 3736 4076 τῷ

463 4072 530 4126 ad
586 4083 837 4132 naturam
883 4081 1183 4144 differens;
1233 4100 1339 4138 non
1382 4101 1412 4140 e
1464 4099 1619 4156 parte
1666 4089 1815 4143 enim
1866 4074 1938 4143 de
1982 4090 2048 4144 iis

2151 4081 2330 4151 Πατρὶ
2382 4082 2508 4146 Υἱὸς
2547 4083 2827 4156 διαφέρων
2867 4089 3034 4142 αὑτοῦ
3097 4091 3238 4144 κατὰ
3290 4092 3486 4160 φύσιν·
3520 4096 3620 4148 οὐκ
3670 4072 3735 4151 ὲκ

463 4167 938 4224 consubstantiale
983 4171 1167 4228 dicere
1215 4185 1322 4229 est.
1381 4177 1577 4234 Omnia
1629 4181 1777 4235 enim
1830 4179 2046 4234 Domini

2154 4175 2358 4246 μέρους
2382 4177 2493 4246 γάρ
2521 4179 2669 4232 ἐστιν
2699 4181 2874 4233 εἰπεῖν
2901 4175 3081 4234 αὐτῶν
3113 4183 3175 4234 τὸ
3200 4184 3520 4250 ὀμοούσιον·
3553 4189 3735 4243 πάντα

462 4258 956 4316 consubstantialia
1008 4265 1062 4318 in
1108 4281 1303 4320 eorum
1355 4271 1624 4324 totalitate
1667 4271 1733 4324 ad
1811 4271 2045 4327 invicem

2149 4267 2259 4339 γὰρ
2306 4270 2376 4322 τὰ
2412 4270 2616 4340 κυρίως
2641 4272 2928 4341 ὁμοούσια,
2959 4276 3022 4326 ὲκ
3047 4275 3141 4327 τοῦ
3164 4275 3288 4355 ὅλου
3308 4277 3492 4332 αὐτῶν
3515 4281 3734 4350 ὁρῶμεν

462 4349 955 4408 eonsubstantialia
1002 4356 1294 4423 videmus;
1334 4360 1378 4413 si
1415 4377 1546 4415 vero
1583 4378 1692 4416 non
1719 4363 1943 4419 differre
1959 4364 2044 4417 di.

2149 4358 2401 4429 ἀλλήλοις
2430 4361 2692 4430 ὁμοούσια
2712 4379 2725 4393 ο
2759 4364 2808 4415 εἰ
2840 4363 2898 4415 δὲ
2931 4363 3009 4434 μὴ
3039 4352 3326 4436 διαφέρειν
3352 4349 3593 4439 ἐροῦσιν,
3622 4349 3731 4441 ἄρα

459 4452 615 4509 cunt,
665 4461 797 4517 ergo
841 4455 897 4502 et
936 4449 1030 4502 Dei
1089 4449 1267 4503 Patris
1303 4452 1465 4506 unica
1511 4461 1708 4508 natura
1741 4455 2042 4521 incarnata,

2152 4452 2247 4503 καὶ
2291 4455 2323 4522 ἡ
2367 4452 2463 4505 τοῦ
2515 4453 2650 4506 Θεοῦ
2701 4455 2915 4526 Πατρὸς
2964 4457 3064 4525 μία
3099 4459 3263 4526 φύσις
3300 4464 3727 4534 σεσαρκωμένη,

463 4534 721 4589 similiter
749 4545 806 4591 et
857 4539 1034 4593 sancti
1068 4538 1329 4608 Spiritus.

2145 4545 2347 4614 ὁμοίως
2373 4545 2429 4598 δὲ
2460 4547 2555 4599 καὶ
2583 4548 2616 4617 ἡ
2642 4546 2748 4609 τοῦ,
2765 4548 2923 4615 ἁγίου
2962 4549 3305 4620 Πνεύματος.

533 4627 621 4681 38.
663 4627 859 4683 Adhuc
904 4645 1031 4684 cum
1077 4631 1194 4686 sive
1234 4648 1300 4686 ex
1335 4634 1708 4690 subsistentiis
1741 4639 2044 4708 composita

2216 4637 2321 4706 λη’.
2369 4639 2490 4692 Ἔτι
2519 4639 2643 4694 ἐπεὶ
2671 4639 2704 4709 ἥ
2735 4658 2793 4692 τε
2823 4641 2884 4708 ἐξ
2914 4641 3273 4698 ὑποστάσεων
3313 4645 3568 4711 σύνθετος
3595 4649 3700 4700 ύπὸ

460 4710 843 4784 subsistentia,
886 4724 1166 4776 exercitus
1210 4722 1352 4779 forte
1397 4737 1493 4779 aut
1540 4727 1758 4794 domus,
1806 4731 1922 4785 sive
1976 4747 2042 4788 ex

2147 4746 2360 4793 στασις,
2389 4728 2625 4800 στρατοῦ
2653 4731 2816 4800 τυχὸν
2847 4731 2877 4800 ἢ
2904 4732 3083 4796 οἴκου,
3112 4735 3147 4803 ἥ
3181 4753 3239 4788 τε
3267 4737 3329 4790 ἐκ
3357 4737 3574 4807 φύσεων
3603 4739 3727 4791 σύν-

462 4808 676 4861 naturis
721 4809 1024 4878 composita
1066 4819 1285 4876 natura,
1321 4822 1377 4867 et
1409 4830 1474 4868 ex
1519 4818 1846 4884 corporibus
1895 4836 2042 4876 eom-

2145 4821 2300 4883 θετος
2337 4819 2520 4888 φύσις,
2556 4821 2619 4874 τό
2646 4839 2704 4874 τε
2736 4825 2800 4876 ἐκ
2831 4825 3104 4892 σωμάτων
3135 4827 3389 4883 σύνθετον
3423 4831 3606 4901 σῶμα,
3636 4834 3731 4884 καὶ

462 4898 705 4967 positum
729 4915 954 4970 corpus,
981 4910 1036 4955 et
1070 4917 1231 4956 omne
1254 4904 1578 4974 simpliciter
1596 4924 1661 4963 ex
1705 4911 2045 4979 quibuslibet

2145 4915 2255 4965 πᾶν
2284 4913 2473 4975 ἁπλῶς
2501 4913 2562 4966 τὸ
2602 4914 2666 4967 ἐκ
2698 4934 2860 4971 τινων
2905 4919 3288 4990 συγκείμενον,
3325 4925 3374 4976 εὶ
3402 4898 3731 4992 καὶνὸμοίως

458 4992 852 5059 compositum,
904 4992 1036 5047 licet
1087 4994 1341 5049 similiter
1387 4998 1570 5052 omnia
1629 4999 1756 5080 haec
1786 5002 2044 5057 dicantur

2145 5005 2329 5067 αὐτοῖς
2383 5006 2596 5073 λέγοιτο
2640 5007 2962 5075 ὑπόστασις,
3003 5012 3034 5083 ἢ
3078 5013 3260 5080 φύσις,
3309 5015 3342 5085 ἢ
3391 5016 3573 5087 σῶμα,
3615 5008 3729 5069 ἀλλ’

458 5081 912 5145 substantia,-aut
937 5091 1135 5138 natura
1167 5099 1457 5154 corpusve,
1491 5089 1584 5146 sed
1643 5076 1925 5163 aut‘pejus
1950 5103 2044 5148 aut

2146 5094 2178 5163 ἢ
2217 5092 2405 5165 χεῖρον
2448 5096 2480 5167 ἢ
2527 5100 2776 5166 κρεῖττον
2819 5101 2928 5154 τῶν
2963 5105 3160 5157 ἑαυτοῦ
3194 5106 3378 5177 μερῶν
3415 5111 3611 5180 ὁρᾶται
3639 5111 3732 5162 καὶ

461 5171 656 5226 melius
705 5189 867 5242 quam
914 5174 1089 5244 ipsius
1141 5187 1325 5246 partes
1359 5180 1616 5236 videntur
1658 5193 1715 5237 et
1760 5184 2040 5240 dicuntur.

2146 5187 2368 5253 λέγεται
2387 5204 2401 5219 ο
2440 5191 2489 5242 εἰ
2525 5191 2618 5243 καὶ
2647 5194 2675 5245 ὁ
2705 5193 2878 5262 Λόγος
2913 5194 3074 5261 φύσις
3099 5171 3207 5249 καὶ*
3227 5171 3530 5269 ὁἿΧριστὸς
3569 5201 3731 5269 φύσις

459 5258 612 5314 Licet
653 5261 895 5315 Verbum
946 5274 1146 5319 natura
1199 5275 1256 5321 et
1293 5268 1547 5326 Christus
1597 5282 1794 5328 natura
1840 5275 2047 5343 promi-

2150 5279 2539 5350 συγκρίνεσθαι
2569 5285 2706 5353 πρὸς
2733 5258 2823 5337 τὸν
2856 5258 3033 5356 Λύγον
3059 5258 3532 5360 δυναμένηέστὶν,
3561 5258 3730 5363 ἤγουν

457 5364 589 5404 scue
635 5353 979 5409 considerari
1016 5356 1082 5410 ad
1126 5359 1364 5414 Verbum
1408 5364 1603 5432 possit,
1655 5365 1869 5420 scilicet
1901 5367 2046 5421 sicut

2149 5370 2223 5433 ὡς
2255 5370 2374 5424 ὅλον
2401 5372 2538 5444 πρὸς
2576 5375 2635 5427 τὸ
2663 5376 2793 5428 ἴδιον
2827 5353 3013 5448 μέρος,
3038 5383 3092 5430 τί
3117 5353 3248 5450 ἄρα,
3283 5353 3442 5452 φῆσὶ,
3471 5353 3667 5454 χείρων
3699 5385 3729 5452 ἢ

459 5448 633 5493 totum
671 5443 738 5497 ad
758 5455 990 5514 partem,
1050 5449 1102 5502 in
1136 5466 1246 5520 quo
1291 5468 1444 5523 ergo,
1493 5456 1694 5524 inquit,
1743 5457 1898 5526 pejor
1951 5467 2049 5511 aut

1880 5473 1898 5509 r
1951 5467 2049 5511 aut
2152 5464 2414 5531 κρείττων
2445 5443 2672 5519 έστὶτοῦ
2711 5443 2953 5535 Λόγουο
2985 5443 3254 5542 Χριστόςς
3295 5443 3301 5446 ν
3346 5443 3356 5452 ’
3465 5444 3473 5496 'l

457 5533 653 5587 melior
696 5545 781 5590 est
830 5537 1082 5596 Christus
1138 5560 1302 5614 quam
1353 5547 1635 5602 Verbum?
3074 5551 3076 5554 V

526 5624 616 5680 39.
668 5628 811 5683 Dicit
859 5632 1154 5702 Apostolus
1193 5654 1205 5690 :
1245 5657 1262 5686 ι
1295 5638 1610 5692 Secundum
1661 5631 2044 5708 operationem

2223 5643 2320 5697 10'.
2341 5643 2736 5710 ὈἊπὸστολος
2763 5648 2895 5716 φησί
2927 5664 2938 5676 ·
2972 5669 2988 5699 ι
3007 5651 3160 5704 Κατὰ
3183 5652 3277 5722 τὴν
3310 5653 3595 5723 ἐνέργειαν
3623 5652 3716 5705 τοῦ

428 5716 430 5718 ’
462 5717 717 5782 potentia:
752 5722 968 5778 virtutis
1001 5727 1274 5797 Deiquam
1309 5741 1569 5798 operatus
1605 5739 1687 5783 est
1713 5732 1763 5784 iu
1799 5732 2021 5787 Christo

2155 5741 2388 5808 κράτους
2433 5741 2530 5812 τῆς
2581 5739 2761 5810 ἰσχύος
2813 5740 2906 5794 τοῦ
2935 5740 3088 5808 Θεοῦ,
3118 5744 3181 5813 ἢν
3216 5746 3517 5814 ἐνήργησεν
3563 5745 3621 5797 ὲν
3654 5742 3729 5813 τῷ
