4034 6402
1380 406 1671 466 CONTRA
1714 406 2326 465 MONOI'H‘YSITAS.

3393 403 3526 467 179i

236 517 465 588 Χριστῷ,
500 519 727 586 ἐγείρας
757 517 1003 570 αύτὺνέκ
1025 518 1293 588 νεκρῶνοι
1326 516 1466 588 αὕτη
1490 523 1597 588 γὰρ
1622 521 1653 585 ἡ
1684 521 1841 589 ἐνερ-

1959 531 2220 573 suseitans
2257 519 2408 572 illiilli
2438 534 2467 571 a
2507 518 2742 572 mortuis
2769 519 2788 547 ’
2832 534 2845 583 ;
2884 537 2899 569 ι
2935 517 3051 571 Ιιειις
3089 527 3324 588 Operans
3352 525 3529 572 Vtrlus

237 609 398 675 γοῦσα
446 610 632 678 ἰσχῦς,
677 609 844 678 φύσις
874 603 965 679 ἦν,
999 608 1033 678 ἢ
1061 609 1183 678 οὐχί
1212 625 1226 674 ;
1270 609 1332 660 Εἰ
1366 608 1420 660 δὲ
1439 609 1606 677 ἄμφω
1643 609 1738 678 μία
1763 605 1833 680 ἦν

239 698 388 765 φύσις
433 695 580 768 αὑτὴ
634 698 668 768 ἡ
719 697 1032 768 ἐνεργοῦσα
1068 696 1254 749 καὶτὸ
1300 697 1704 769 ἐνεργούμενον
1735 699 1834 769 τὴν

235 789 555 851 ἀνάστασιν,
593 790 678 851 τίς
715 789 749 858 ἡ
799 787 1182 858 ἐνεργουμένη
1212 791 1306 841 καὶ
1341 791 1421 850 τίς
1471 790 1505 858 ἡ
1533 790 1836 860 ὲνεργοῦσα

234 882 323 932 καὶ
352 879 652 949 ἐγείρουσα
694 880 868 950 αὐτὴν
913 879 1118 948 φύσις;
1167 882 1228 934 οὐ
1265 881 1376 951 γάρ
1413 881 1606 934 ἑαυτὸν
1649 882 1838 934 λοιπὸν

240 971 602 1040 ἀνεστηκέναι
661 971 902 1041 Χριστὸς
960 971 1060 1040 μία
1103 969 1176 1023 ὢν
1231 971 1396 1040 φύσις
1439 971 1834 1042 δειχθήσεται·

234 1065 387 1133 εἴπερ
422 1059 520 1116 οὖν
556 1062 806 1122 εὐσεϐῶς
829 1062 931 1133 τὴν
963 1064 1264 1116 ἀνάστασιν
1306 1061 1475 1115 αὑτοῦ
1514 1062 1836 1133 δοξάζομεν,

233 1159 286 1221 ἐξ
319 1155 521 1224 ἐτέρας
551 1153 723 1208 αὐτοῦ
775 1153 994 1221 φύσεως
1035 1155 1134 1226 τὴν
1189 1154 1384 1226 ἑτέραν
1431 1154 1631 1206 ἑαυτοῦ
1675 1153 1839 1224 φύσιν

235 1245 458 1313 ἁνιστᾷν
507 1243 684 1312 αὐτὴν
740 1243 982 1314 Χριστὸν
1028 1245 1478 1314 ὁμολογήσομενο
1535 1243 1728 1316 ὥσπερ
1781 1247 1840 1298 ἐν

234 1334 425 1396 ὕπνοις
455 1334 556 1387 καὶ
584 1333 736 1404 ψυχὴ
769 1335 934 1409 σῶμα
958 1335 1186 1404 ἐγείρειο
1214 1337 1314 1406 τῆς
1346 1335 1456 1407 γὰρ
1497 1335 1685 1406 κλίνης
1709 1336 1842 1389 αὐτὸ

233 1426 547 1496 διανίστησι
588 1426 858 1491 πολλάκις
911 1427 980 1480 δι’
1029 1427 1382 1498 ἐνθυμήσεως
1403 1445 1416 1456 ·
1448 1427 1590 1480 οὕτω
1623 1431 1718 1481 καὶ
1751 1428 1844 1496 γέ·-

234 1535 506 1587 ῖραπται·
543 1538 560 1569 ι
586 1517 733 1587 Ἐγὼ
775 1518 1083 1591 ἐκοιμήθην
1114 1520 1209 1572 καὶ
1241 1519 1842 1591 ὒπνωσα,ἐξηγέρθην,

233 1611 304 1661 ὃτι
334 1611 577 1680 Κύριος,
598 1629 618 1663 ι
654 1611 1020 1682 δηλονότιὸἐν
1038 1613 1184 1681 ἐμοὶ,
1213 1612 1404 1682 φησὶν,
1431 1629 1448 1662 ι
1485 1612 1842 1682 ἀντιλήψεται

237 1719 374 1770 μου)
421 1704 557 1754 ’καὶ
609 1702 694 1767 τὸ,
742 1702 1024 1772 (Σκύμνος
1071 1702 1286 1765 λέοντος
1308 1703 1372 1754 ἐκ
1395 1702 1629 1771 βλαστοῦ
1674 1701 1848 1756 Ἰούδα.

237 1797 544 1868 ἐκοιμήθηο
604 1797 692 1859 τίς
727 1796 985 1869 ἐξεγείρῃ
1017 1796 1214 1864 αὑτόν;
1255 1795 1380 1866 »οὐχ
1424 1795 1631 1868 ἔτερος,
1657 1797 1845 1867 φησὶν,

1939 621 2135 664 natura
2177 616 2297 662 erat
2333 617 2427 660 aut
2471 609 2621 660 non?
2736 623 2866 662 VCI‘O
2899 607 3064 661 ambo
3100 623 3208 661 una
3249 615 3407 662 erant
3434 623 3531 662 na-

1941 712 2062 756 tura
2084 743 2099 767 ,
2130 714 2367 768 operans
2388 707 2458 755 .et
2489 701 2872 768 operationem
2909 701 3127 768 patiens
3170 701 3533 754 resurrectio-

1939 809 2089 856 nem,
2135 807 2257 861 qme
2286 792 2524 860 patiens,
2574 801 2631 845 et
2687 808 2810 861 quae
2859 807 3098 861 Operans
3151 801 3207 846 et
3259 791 3533 846 suscitans

1939 899 2059 936 eam
2081 883 2310 936 natura?
2329 897 2436 935 non
2453 881 2600 935 etaim
2621 882 2864 950 seipsum
2882 891 3140 936 caeterum
3164 881 3535 936 resurrexisse

1939 975 2198 1028 Christus
2246 973 2410 1027 unica
2463 974 2739 1028 exsistens
2785 983 2982 1026 natura
3023 973 3311 1028 demonstr
3329 973 3532 1028 abitur.

1941 1062 2076 1118 Cum
2097 1077 2230 1132 ergo
2250 1062 2339 1131 pie
2370 1062 2840 1116 resurrectionem
2859 1062 2980 1132 ejus
2996 1062 3348 1125 conﬁtemur,
3366 1078 3431 1117 ex
3456 1063 3537 1115 al-

1946 1164 2064 1208 tera
2085 1155 2209 1226 ejus
2230 1165 2430 1208 natura
2449 1153 2678 1208 alteram
2697 1153 2872 1222 ipsius
2893 1163 3144 1206 naturam
3168 1153 3537 1209 resurrexisse

1942 1245 2226 1300 Christum
2275 1244 2665 1300 conﬁtebimur
2696 1261 2709 1296 :
2747 1244 3210 1314 quemadmodum
3248 1247 3304 1299 in
3345 1261 3538 1300 somno

1945 1336 2130 1391 anima
2149 1352 2351 1406 corpus
2375 1336 2602 1400 excitat,
2627 1334 2831 1405 quippe
2854 1351 2977 1404 quae
3002 1335 3200 1389 electo
3229 1335 3365 1390 illud
3393 1352 3536 1404 sarpc

1944 1441 2046 1496 per
2075 1426 2469 1498 cogitationth
2499 1420 2723 1489 excitat,
2753 1426 2832 1480 sic
2862 1435 2920 1480 et
2953 1426 3223 1494 scriptum
3251 1433 3363 1480 est:
3387 1444 3404 1474 ι
3428 1425 3541 1494 Ego

1947 1519 2188 1574 dormivi
2232 1528 2291 1574 et
2320 1528 2615 1588 soporatus
2657 1534 2804 1583 sum,
2851 1527 2907 1572 et
2945 1517 3235 1572 exsurrexi
3263 1517 3391 1586 quia
3441 1517 3546 1570 Do-

1947 1614 2134 1668 minus
2161 1615 2202 1678 ',
2231 1633 2247 1663 ›
2277 1613 2601 1682 scilicetqui
2635 1613 2688 1666 in
2722 1628 2828 1675 me,
2851 1612 3051 1681 inquit,
3073 1611 3538 1679 «suscipietnsep

1948 1686 2005 1761 et
2035 1725 2048 1758 :
2095 1723 2112 1756 ι
2142 1703 2374 1759 Catulus
2403 1704 2584 1758 leonis
2617 1718 2684 1758 ev
2716 1703 2904 1756 radice
2933 1703 3075 1758 Juda
3114 1703 3392 1766 accubuit,
3420 1701 3546 1770 quis

1951 1796 2245 1852 suscitabit
2287 1811 2415 1850 eum
2463 1796 2524 1848 ‘1'
2553 1815 2571 1846 ι
2619 1811 2732 1848 non
2760 1794 2924 1858 alius,
2956 1791 3156 1860 inquit,
3202 1793 3296 1846 sed
3330 1793 3446 1861 ipse
3487 1808 3544 1846 se

236 1889 346 1941 ἀλλ’
373 1889 550 1953 αὐτὸς
580 1891 799 1944 ἑαυτόν·
825 1887 1080 1954 ἐξουσίαν
1116 1889 1227 1960 γὰρ
1260 1886 1372 1959 εῐχε
1403 1891 1498 1942 καὶ
1528 1889 1853 1960 παραθεῖναι

1962 1891 2180 1960 ipsum;
2236 1897 2570 1958 potestatem
2613 1886 2764 1940 enim
2801 1886 2998 1940 habuit
3037 1885 3276 1938 animam
3307 1899 3464 1938 suam
3491 1893 3544 1938 et

239 1982 327 2031 καὶ
352 1980 754 2048 ἀπολήψεσθαι
780 1980 878 2050 τὴν
913 1980 1096 2051 ψυχὴν
1125 1981 1344 2033 ἑαυτοῦ.

307 2077 382 2138 μ’.
434 2071 560 2123 Ἰνα
584 2071 644 2123 δὲ
669 2071 746 2141 μὴ
781 2070 1075 2141 λεξιδρίοις
1107 2071 1468 2132 ὑποδύναντες
1498 2072 1727 2136 ἑαυτοὺς
1752 2090 1846 2125 συ·
1893 2133 1898 2136 _

242 2161 574 2231 σκιάζωμεν
622 2163 750 2215 κατ’
808 2163 1030 2226 αὐτοὺς,
1067 2163 1294 2232 γυμνῶς
1342 2163 1716 2235 ὲρωτήσωμεν
1750 2165 1846 2217 αῦ-

239 2258 386 2318 τοὺς,
425 2257 480 2308 εί
517 2255 620 2326 τὴν
653 2256 783 2325 μίαν
811 2253 976 2324 φύσιν
1004 2255 1210 2322 ταύτην
1237 2255 1336 2326 τὴν
1369 2257 1433 2308 ὲκ
1464 2255 1560 2308 δύο
1601 2257 1843 2324 φύσεων,

241 2349 486 2417 ἄναρχον
518 2345 891 2414 γινώσκουσιν
933 2344 967 2415 ἢ
997 2345 1314 2416 ἀρξαμένην
1344 2345 1486 2399 κατὰ
1517 2345 1710 2416 χρόνον
1735 2363 1750 2411 ;
1779 2346 1844 2398 Εἰ

244 2437 341 2504 μὲν
364 2438 485 2505 γὰρ
512 2438 780 2506 ἄναρχον,
812 2435 928 2498 πῶς
962 2435 1025 2486 ἐκ
1056 2453 1218 2488 τινων
1247 2435 1342 2487 καὶ
1379 2436 1714 2506 ὑστερογενῆ
1746 2435 1847 2490 αὐ-

242 2529 332 2598 τὴν
373 2529 480 2581 καὶ
512 2527 808 2591 σύνθετον;
838 2528 886 2580 εί
914 2526 971 2580 δὲ
1003 2522 1208 2597 ἦρκται
1249 2527 1340 2579 καὶ
1369 2527 1552 2579 αἰτίαν
1587 2526 1712 2597 ἔσχε
1754 2526 1850 2580 καὶ

246 2621 570 2687 σύγκειται,
596 2618 716 2681 πῶς
759 2619 920 2685 Θεός;
967 2619 1107 2671 Ἀλλ’
1139 2621 1325 2688 ἡμεῖς,
1368 2619 1522 2688 φασὶ,
1553 2617 1653 2690 τὴν
1679 2618 1850 2690 αὐτὴν

243 2715 489 2780 ἄναρχον
535 2711 636 2764 καὶ
661 2709 1004 2780 ἀρξαμένην,
1047 2711 1122 2774 ὼς
1172 2711 1223 2763 οἱ
1279 2711 1544 2782 Πατέρες,
1577 2710 1843 2782 λέγομεν’

246 2804 360 2855 ἀλλ’
403 2804 474 2856 οὐ
508 2803 613 2873 τὴν
661 2802 837 2873 αὐτὴν
875 2805 936 2855 ἐν
977 2803 1161 2872 ταυτῷ
1194 2803 1336 2856 κατά
1382 2803 1442 2855 τὸ
1487 2803 1639 2870 αὐτὸ,
1673 2806 1721 2856 εἰ
1754 2807 1849 2858 καὶ¹

246 2895 334 2947 τοῦ
365 2895 547 2946 αὑτοῦ
581 2895 631 2948 οί
661 2895 908 2965 Πατέρες
935 2895 1124 2964 φασὶν,
1176 2888 1220 2948 ὦ
1250 2888 1397 2950 οὗτοι
1421 2913 1433 2923 ’
1465 2896 1586 2949 οὐδὲ
1619 2898 1727 2967 γὰρ
1756 2897 1848 2949 δυ-

246 2988 406 3039 νατὸν
440 2989 504 3038 ἐν
541 2985 729 3056 ¹ταυτῷ
759 2987 902 3038 κατὰ
935 2988 995 3038 τὸ
1027 2987 1159 3040 αὐτὸ
1185 2988 1295 3041 τῶν
1328 2987 1588 3041 ἐναντίων
1620 2983 1762 3041 εἷναί
1796 3005 1848 3041 τι

244 3079 506 3133 δεκτικὸν
563 3079 780 3146 λόγων·
837 3079 955 3132 ἀλλ’
1013 3080 1062 3131 εἰ
1113 3080 1208 3132 καὶ
1277 3081 1502 3148 λέγεται
1564 3081 1759 3152 ὁρατὸς
1823 3083 1852 3134 6

246 3171 412 3233 αὐτὸς
456 3164 544 3233 εἷς
601 3169 679 3223 ῶν
729 3171 988 3242 Χριστὸς,
1020 3171 1082 3223 οὺ
1125 3171 1268 3225 κατὰ
1299 3173 1360 3224 τὸ
1396 3172 1564 3225 αὐτόο
1597 3173 1673 3235 ὡς
1729 3171 1851 3225 οὐδὲ

245 3265 322 3328 τ’),
356 3262 752 3328 «Θανατωθεὶς
795 3265 896 3334 μὲν
937 3264 1136 3335 σαρκὶ,
1182 3264 1536 3334 ζωοποιηθεὶς
1579 3265 1637 3318 δὲ
1694 3263 1856 3317 πνεύ-
1887 3246 1929 3303 C

253 3373 381 3422 ματι
409 3372 424 3384 °
460 3375 481 3407 ι
519 3356 617 3409 καὶ
647 3357 728 3419 τὸ,
763 3375 781 3407 ι
821 3355 883 3408 Εἰ
908 3356 1016 3427 γάρ
1039 3357 1134 3408 καὶ
1167 3356 1440 3410 ἀπέθανεν
1466 3356 1524 3421 ἐξ
1547 3355 1858 3418 ἀσθενείας,

252 3445 388 3498 ἀλλὰ
417 3448 491 3515 ζῇ
529 3448 594 3498 ἐκ
612 3445 922 3516 δυνάμεως
951 3466 970 3498 ι
1011 3437 1195 3500 καῖ’τὰ
1224 3446 1404 3500 τοιάδε
1427 3465 1440 3476 ο
1468 3447 1641 3500 οὑκὲν
1668 3445 1852 3516 ταυτῷ

249 3536 353 3605 γάρ
388 3552 554 3601 ποτε,
579 3535 702 3588 οὐδὲ
728 3537 810 3600 τὸ,
843 3556 860 3587 ι
885 3537 970 3589 Ἐν
987 3538 1130 3609 ἀρχῇ
1163 3533 1228 3608 ἧν
1253 3538 1280 3588 6
1300 3536 1492 3605 Λόγος,
1525 3537 1619 3590 καὶ
1635 3538 1664 3589 ὁ
1687 3536 1860 3603 Λόγος

250 3627 385 3697 σὰρξ
441 3627 696 3694 ἐγένετο,
738 3647 758 3680 ι
802 3630 1060 3699 νοητέον’
1109 3629 1190 3700 τῷ
1246 3629 1482 3700 μὲνγὰρ
1518 3629 1678 3699 Λόγῳ
1727 3629 1861 3700 μηδὲ

249 3720 374 3771 καθ’
422 3719 657 3772 οἱανοῦν
699 3720 878 3791 ἀρχὴν
925 3722 1216 3790 γεγονέναι
1262 3721 1559 3793 μαρτυρῶν
1601 3721 1858 3791 ἀνάρχως

248 3805 408 3872 εἶναι,
441 3809 549 3880 τὴν
588 3811 774 3881 σάρκα
803 3811 1059 3880 γενέσθαι
1085 3813 1250 3883 φησί’
1281 3812 1410 3865 ἀλλ’
1431 3809 1676 3873 ἀπειθῶς
1705 3811 1860 3879 ἕχον-

246 3917 358 3962 τες,
399 3899 634 3953 δοκοῦσι
666 3901 877 3964 πιστῶς
912 3903 1165 3955 ἀπιστεῖν
1197 3902 1277 3972 τῷ
1299 3902 1460 3972 Λόγῳ
1489 3901 1577 3956 διὰ
1599 3902 1698 3970 τῆς
1732 3901 1860 3953 ἀλο-

255 3993 413 4058 γίας.
433 3988 562 4044 υἷδε
591 3993 725 4063 γὰρ,
764 3995 949 4062 φασὶν,
969 3995 1114 4055 ὅπως
1137 3993 1312 4047 ταῦτα
1349 3995 1638 4064 γενήσεται
1687 3991 1862 4062 αὐτῷ,

248 4085 350 4136 κᾶν
391 4085 532 4155 ἡμῖν
557 4084 803 4140 ἀδύνατα
831 4085 967 4157 δοκῇ
995 4101 1010 4114 ·
1057 4085 1172 4138 ἀλλ’
1208 4085 1361 4139 οὐδὲν
1395 4084 1637 4138 τοιοῦτον
1666 4082 1862 4152 ἄλογον

246 4176 280 4243 ἦ
310 4175 632 4228 ἀσύστατον
682 4176 788 4246 ἔφη
825 4177 956 4247 περ)⁵
997 4177 1196 4231 ἑαυτοῦ
1240 4178 1461 4232 πώποτε
1509 4181 1536 4231 6
1573 4178 1772 4247 Λόγος,
1817 4172 1863 4230 ὦ

249 4268 520 4336 αδελφοίο
552 4269 605 4320 τί
635 4265 730 4320 οὖν
767 4269 851 4324 δεῖ
889 4271 1036 4340 ὑμᾶς
1078 4272 1442 4338 συκοφαντεῖν
1479 4269 1570 4322 τὸν
1601 4269 1862 4340 Χριστὸν,
1909 4289 1912 4291 ·

250 4358 339 4410 ἶνα
401 4360 466 4412 τὸ
527 4361 664 4414 ῖδιον
706 4365 1071 4432 συστησωμεν
1121 4361 1266 4414 κατὰ
1312 4361 1515 4414 σκοπὸν
1564 4360 1690 4431 ἔχον
1727 4363 1861 4431 ἡμῖν

249 4450 513 4520 ἀγνόημα
529 4467 549 4516 ;

1951 1983 2234 2051 deponere
2266 1989 2323 2034 et
2361 1995 2732 2035 reassumere.

2022 2073 2112 2128 40.
2181 2071 2260 2126 Ne
2303 2072 2520 2127 voeulis
2557 2071 2929 2140 nosmetipsos
2968 2069 3293 2133 vestientes,
3360 2068 3545 2138 suspi-

1953 2166 2170 2221 cionem
2213 2166 2347 2235 ipsis
2372 2163 2688 2231 aﬁ‘cramus,
2720 2164 2867 2218 nude
2922 2178 3018 2218 eos
3053 2162 3545 2233 inter-rogabimus,

1953 2269 2143 2314 utrum
2168 2266 2423 2312 naturam
2448 2257 2593 2311 hanc
2619 2273 2784 2311 unam
2809 2272 2840 2311 e
2863 2256 3078 2310 duabus
3100 2256 3314 2309 naturis
3337 2255 3547 2325 absque

1953 2347 2116 2402 initio
2170 2354 2429 2411 noscant,
2484 2363 2552 2399 an
2589 2347 2747 2416 quasi
2795 2361 2918 2415 qua:
2954 2344 3172 2398 initium
3218 2345 3272 2398 in
3301 2354 3547 2416 tempore

1954 2437 2193 2491 habuit?
2228 2436 2283 2491 Si
2324 2436 2533 2506 absque
2591 2435 2752 2490 initio
2781 2434 3034 2505 quidem,
3069 2435 3348 2507 quomodo
3377 2451 3406 2489 e
3429 2435 3550 2505 qui-

1955 2530 2190 2586 busdam
2239 2539 2363 2599 post
2413 2530 2552 2586 alios
2605 2531 2921 2585 venientem
2966 2539 3023 2584 et
3065 2528 3547 2600 eompositam?Si

1957 2638 2092 2677 vero
2141 2623 2362 2677 initium
2388 2621 2584 2676 habuit
2623 2631 2680 2677 et
2703 2632 3006 2700 auctorem,
3031 2631 3085 2676 et
3108 2622 3388 2685 convenit,
3411 2637 3552 2691 quo-

1957 2715 2124 2771 modo
2173 2717 2320 2770 Deus
2364 2715 2488 2770 est?
2525 2715 2630 2770 Sed
2664 2730 2786 2778 nos,
2826 2716 3002 2779 aiunt,
3048 2713 3300 2768 eamdem
3342 2714 3551 2782 absque

1959 2810 2143 2874 initio,
2174 2818 2230 2862 et
2262 2824 2388 2863 cum
2421 2807 2605 2871 initio,
2657 2823 2763 2860 una
2811 2822 2936 2860 cum
2984 2805 3248 2860 Patribus
3278 2805 3547 2858 dicimus:

1957 2901 2054 2957 sed
2102 2917 2212 2955 non
2260 2899 2514 2954 eamdem
2559 2899 2614 2952 in
2644 2897 2838 2952 eodem
2871 2896 3176 2951 secundum
3229 2895 3554 2958 idem,licet

1959 2993 2103 3046 hanc
2122 3001 2178 3047 et
2208 3007 2318 3046 non
2345 2991 2510 3044 aliam
2536 2990 2734 3044 Patres
2752 2989 2964 3054 dicant,
2989 3003 3020 3042 o
3039 3004 3136 3041 vos
3166 3007 3177 3041 :
3213 2987 3555 3056 impossibile

1957 3085 2105 3139 enim
2128 3084 2285 3139 estin
2328 3083 2524 3138 eodem
2557 3083 2702 3137 circa
2735 3082 2882 3136 idem
2914 3080 3148 3136 inveniri
3173 3078 3380 3150 aliquid
3403 3079 3552 3149 quod

1961 3177 2272 3232 contrarios
2327 3191 2613 3231 sermones
2663 3175 2953 3240 admittat;
3005 3173 3102 3228 sed
3153 3173 3198 3228 si
3247 3181 3304 3228 et
3347 3172 3556 3227 dicitur

1963 3269 2202 3322 visibilis
2237 3267 2382 3322 idem
2418 3282 2563 3322 unus
2590 3266 2870 3329 Christus,
2897 3281 3005 3318 non
3034 3265 3340 3320 secundum
3373 3264 3553 3330 idem;

1964 3377 2068 3416 nec
2094 3361 2343 3430 pariter:
2393 3380 2409 3411 ι
2442 3359 2803 3414 Mortiﬁcatus
2835 3359 3060 3428 quidem
3091 3373 3278 3421 carne,
3311 3356 3556 3411 viviﬁca-

1965 3463 2053 3506 tus
2073 3461 2256 3506 autem
2295 3452 2526 3521 spiritu;
2557 3470 2573 3503 ι
2612 3459 2668 3505 et
2693 3451 2827 3505 illud
2870 3468 2884 3503 :
2933 3469 2950 3501 ι
2975 3449 3112 3505 Nam
3145 3462 3200 3504 et
3224 3449 3272 3502 si
3301 3457 3556 3503 mortuus

1964 3554 2050 3599 est
2080 3561 2145 3598 ex
2191 3533 2533 3606 inﬁrmitate,
2573 3545 2670 3599 sed
2714 3544 2854 3597 vivit
2892 3559 2960 3597 ex
2993 3543 3198 3597 virtute
3230 3543 3280 3608 l';
3319 3562 3338 3595 ι
3390 3551 3446 3596 et
3477 3541 3555 3594 si-

1965 3636 2115 3690 milia
2150 3654 2163 3689 :
2208 3652 2317 3690 non
2375 3636 2430 3690 in
2459 3636 2654 3691 eodem
2690 3637 2840 3690 enim
2891 3651 3047 3699 sane,
3081 3650 3184 3690 nec
3214 3652 3228 3688 :
3263 3654 3281 3685 ι
3311 3635 3370 3688 In
3404 3635 3553 3704 prin-

1961 3729 2109 3798 cipio
2150 3723 2601 3796 eratIVerhum;
2641 3746 2659 3778 ι
2695 3736 2753 3781 et
2787 3745 2802 3781 :
2844 3747 2861 3779 ι
2889 3727 3134 3782 Verbum
3180 3742 3309 3782 caro
3347 3726 3554 3780 factum
3629 3735 3632 3738 '

1961 3829 2069 3882 est,
2103 3838 2124 3872 ι
2162 3819 2521 3890 cogitandum
2552 3838 2565 3875 :
2602 3820 2670 3874 de
2700 3820 2884 3875 Verbo
2923 3819 3072 3875 enim
3107 3834 3211 3873 nec
3249 3816 3553 3872 secundum

1961 3911 2278 3980 quodquam
2330 3913 2552 3966 initium
2593 3912 2797 3966 factum
2850 3911 3022 3965 fuisse
3072 3908 3373 3964 testiﬁcans
3420 3907 3594 3962 dicit.

1961 4003 2108 4072 quod
2144 4013 2228 4058 est
2256 4003 2324 4058 ab
2361 4003 2544 4068 initio,
2575 4019 2702 4056 mox
2746 4003 2892 4072 quod
2937 4017 3067 4056 caro
3104 4001 3310 4055 factum
3344 4011 3429 4054 est
3459 3999 3557 4052 ad-

1967 4093 2070 4148 dit.
2121 4093 2228 4147 Sed
2271 4092 2755 4163 increduliVerbo
2789 4091 3030 4146 ﬁdeliter
3061 4091 3381 4146 incredulos
3410 4105 3556 4163 Iesse

1969 4201 2068 4254 per
2115 4185 2385 4240 insaniam
2441 4185 2701 4240 videntur
2745 4203 2760 4236 :
2797 4183 3158 4248 novitenitn,
3195 4183 3374 4247 aiunt,
3408 4197 3550 4252 quo-

1967 4279 2132 4336 modo
2166 4279 2256 4332 illa
2307 4277 2440 4332 huic
2495 4277 2650 4342 ﬁent,
2702 4277 2834 4331 licet
2867 4276 3032 4330 nobis
3061 4274 3430 4346 impossibilia
3476 4273 3562 4328 vi-

1965 4367 2205 4422 deantur
2239 4385 2255 4420 :
2287 4367 2381 4421 sed
2419 4367 2558 4420 nihil
2604 4375 2712 4420 tam
2748 4366 3004 4428 insanum
3047 4373 3142 4418 aut
3183 4372 3395 4418 naturae
3425 4377 3558 4417 con-

1966 4459 2200 4512 trarium
2231 4458 2369 4512 dixit
2398 4459 2465 4512 de
2491 4458 2676 4528 seipso
2711 4473 2952 4526 unquam
2975 4456 3242 4519 Verbum,
3269 4471 3302 4509 o
3331 4454 3558 4530 fratres;

249 4558 368 4610 eun
413 4559 553 4614 ergo
606 4554 854 4600 vestrum
905 4553 992 4600 est
1064 4544 1132 4599 de
1183 4543 1408 4600 Christo
1459 4543 1787 4600 calumniari
1834 4559 1897 4602 ut
1963 4551 2301 4621 particulare
2344 4551 2400 4604 in
2453 4549 2556 4604 hac
2611 4549 2920 4618 quaastione
2979 4546 3356 4610 stabiliamus,
3407 4544 3559 4614 quod

248 4654 277 4690 e
317 4649 482 4709 parte
536 4649 730 4694 nostra
761 4639 1128 4710 ignorantiam
1179 4639 1424 4709 prodat?

328 4740 451 4802 μα’.
499 4734 625 4785 "Et:
673 4735 705 4802 ἠ
759 4733 994 4804 φύσιςή
1048 4732 1170 4786 θεία
1217 4733 1400 4804 πάντη
1446 4734 1633 4805 ἁπλῆ·
1678 4734 1712 4804 ἡ
1762 4730 1853 4786 οὖν

2034 4731 2125 4785 41.
2167 4730 2364 4785 Adhuc
2413 4739 2612 4784 natura
2647 4729 2832 4784 divina
2877 4745 3107 4800 prorsus
3157 4731 3425 4800 simplex:
3461 4749 3559 4788 na-

250 4827 425 4894 φύσις
474 4825 549 4894 ἧι
599 4841 739 4893 φατε
791 4825 922 4894 μίαν
971 4819 1111 4878 εἶναι
1159 4824 1254 4878 τοῦ
1305 4827 1568 4897 Χριστοῦ,
1603 4824 1861 4887 σύνθετός

246 4919 433 4980 ἐστιν,
493 4915 529 4986 ἢ
569 4915 749 4986 ἁπλῆ;
782 4917 845 4969 Ei
884 4916 985 4986 μὲν
1007 4912 1101 4970 οὖν
1145 4917 1316 4987 ἀπλῆ,
1358 4917 1476 4979 πῶς
1531 4917 1782 4980 σύνθετος
1833 4917 1862 4968 6

248 5011 534 5080 Χριστόςς
573 5010 625 5062 εί
673 5010 731 5062 δὲ
778 5009 1034 5073 σύνθετος
1065 5012 1098 5080 ἠ
1129 5010 1293 5079 φύσις
1315 5010 1507 5075 αὐτοῦ,
1551 5009 1668 5074 πῶς
1703 5009 1862 5074 θεία;

248 5103 474 5155 υῦκοῦν
513 5102 738 5171 άληθῶς
796 5104 896 5172 μία
948 5103 1048 5173 μὲν
1090 5103 1344 5166 σύνθετος
1384 5107 1506 5167 ταῖς
1558 5103 1786 5172 φύσεσιν
1828 5103 1862 5172 ἠ

250 5195 573 5258 ὑπόστασις
603 5237 618 5258 ,
667 5194 764 5248 δύο
811 5195 867 5248 δὲ
919 5196 976 5248 αἱ
1025 5194 1217 5264 φύσεις
1255 5195 1352 5248 τοῦ
1387 5194 1660 5248 Δεσπότου
1704 5192 1862 5264 ἡμῶν

250 5286 505 5358 Χριστοῦ
532 5287 626 5339 τοῦ
653 5285 912 5355 ἀληθινοῦ
941 5287 1102 5339 Θεοῦ.

328 5377 445 5447 μβ’.
491 5378 557 5430 Εἰ
594 5377 730 5448 μίαν
775 5377 941 5447 φύσιν
968 5375 1064 5429 τοῦ
1101 5376 1238 5430 Θεοῦ
1281 5376 1460 5444 Λόγου
1504 5373 1858 5444 σεσαρκωμέ-

251 5488 349 5525 νου
382 5471 482 5524 καὶ
513 5472 576 5522 οὐ
606 5471 1046 5540 σεσαρκωμένην
1081 5468 1313 5535 είποιτε,
1367 5467 1483 5530 πῶς
1511 5466 1572 5521 οὐ
1613 5464 1862 5536 φανερῶς

250 5566 358 5634 τὴν
407 5551 688 5635 πατρικὴν
753 5561 1111 5617 διδασκαλίαν
1170 5558 1632 5632 παραχαράξετες
1703 5557 1752 5609 εἰ
1805 5557 1864 5610 δὲ

257 5658 701 5728 σεσαρκωμένην
763 5655 1108 5726 ὁμολογεῖτε,
1151 5655 1246 5708 καὶ
1313 5655 1376 5707 οὐ
1435 5649 1868 5727 σεσαρκωμένου-

331 5820 353 5848 ¹
395 5818 650 5888 Εριιεεδ,
670 5817 900 5884 l9,‘20.‘
942 5814 1082 5868 Psal.
1129 5831 1206 5870 ιιι.
1242 5814 1296 5867 6.

1377 5813 1395 5843 ι
1451 5809 1590 5863 Ceu.
1645 5825 1804 5874 xm,
1837 5809 1893 5864 9.

1967 4832 2090 4877 tura
2135 4837 2266 4892 ergo
2293 4837 2457 4891 quam
2501 4820 2688 4876 dicitis
2715 4836 2880 4875 unam
2920 4836 3042 4875 esse
3072 4819 3304 4887 Christi,
3331 4838 3558 4892 compu-

1968 4913 2073 4968 sita
2104 4921 2212 4976 est,
2257 4928 2326 4966 an
2349 4911 2622 4982 simplex?
2654 4911 2711 4966 Si
2746 4911 2980 4982 simplex
3004 4911 3253 4981 quidem,
3278 4914 3562 4982 quomodo

1968 5005 2314 5074 compositus
2350 5003 2654 5059 Christus?
2699 5002 2756 5057 Si
2805 5018 2939 5057 vero
2994 5004 3300 5073 composita
3358 5015 3559 5061 natura

1968 5097 2109 5168 ejus,
2159 5097 2438 5168 quomodo
2469 5095 2698 5150 divina?
2731 5095 2871 5165 Ergo
2902 5110 3035 5149 vero
3075 5111 3180 5150 una
3206 5096 3430 5166 quidem
3461 5113 3561 5152 na-

1970 5191 2112 5245 turis
2169 5191 2476 5259 composita
2526 5187 2912 5253 subsistentia,
2984 5187 3107 5243 duae
3157 5204 3286 5243 vero
3335 5189 3560 5245 Domini

1969 5266 2145 5336 nostri
2191 5279 2400 5335 Christi
2442 5280 2558 5334 veri
2603 5279 2721 5346 Dei,
2759 5289 2995 5334 naturae.

2040 5373 2130 5427 42.
2171 5371 2228 5427 Si
2273 5371 2492 5426 unicam
2522 5379 2778 5424 naturam
2821 5369 2919 5424 Dei
2953 5369 3117 5425 Verbi
3173 5369 3466 5434 incarnati,
3501 5377 3560 5422 et

1967 5480 2079 5519 non
2097 5464 2442 5518 incarnatum
2468 5462 2688 5528 dicatis,
2707 5461 2987 5532 quomodo
2999 5476 3108 5514 non
3130 5469 3316 5531 aperte
3330 5467 3560 5530 paterna

1969 5558 2302 5612 documenta
2339 5555 2709 5610 adulteratis?
2751 5555 2808 5610 Si
2840 5556 3180 5610 incarnatam
3215 5552 3558 5608 conﬁtemini

1971 5657 2027 5704 et
2059 5663 2169 5702 non
2208 5647 2480 5702 incarnati
2512 5647 2678 5702 Verbi
2708 5646 2928 5702 unicam
2962 5645 3168 5709 dicitis,
3203 5652 3430 5714 propter
3454 5642 3562 5698 hoc

2029 5809 2048 5840 ⁵
2088 5807 2136 5862 ιι
2180 5806 2307 5862 Cor.
2352 5823 2462 5871 xm.
2501 5805 2552 5869 L
