4034 6412
491 340 627 404 1795

1742 352 2051 415 LEONTII
2104 354 2508 415 BYZANTiNI

3615 364 3749 429 179“

487 465 649 509 erunt
666 456 786 511 duze
810 467 1021 515 naturae
1040 460 1295 518 Christus
1315 479 1345 518 e
1367 466 1548 521 Verbo
1567 476 1621 522 et
1642 485 1826 525 carne.
1854 471 2050 525 Etenin

2178 471 2269 525 τοῦ
2294 474 2467 540 Λόγου
2506 474 2636 544 μίαν
2662 475 2821 543 φατὲ,
2849 476 2936 529 διὰ
2963 476 3081 528 τόδε
3124 476 3253 530 αὐτὸ
3274 474 3367 530 δύο
3394 476 3584 545 φύσεις
3606 477 3753 532 ἔσται

486 554 774 614 propterea
799 549 945 617 quod
974 566 1080 604 una
1103 552 1197 606 Dei
1225 554 1387 609 Verbi
1433 566 1626 611 natura
1652 559 1903 628 perfecta
1929 576 2066 616 con-

482 634 721 692 fessione
751 641 914 693 etiam
943 643 1360 710 przeaiiirmatur
1394 656 1452 702 et
1474 650 1680 719 absque
1706 666 1892 717 carne,
1926 653 2065 706 nihil

481 728 718 797 amplius
765 732 1021 786 ostendet
1092 736 1355 791 adunatio
1405 738 1459 793 in
1513 723 1793 807 naturam,
1853 743 1901 798 si
1958 760 2066 799 una

482 819 765 873 remansit.
813 821 1056 879 Petimus
1110 827 1259 887 enim
1294 844 1324 882 a
1357 829 1515 883 vobis
1550 848 1563 885 :
1594 831 1787 888 Nonne
1817 851 1942 889 cum
1965 851 2066 890 na-

482 914 605 960 tura
633 908 816 963 carnis
844 911 1006 966 Verbi
1040 922 1292 970 naturam
1325 917 1666 976 incarnatam
1698 924 2065 991 confitemini,

478 1010 547 1049 an
588 999 743 1050 non?
786 999 840 1054 Si
869 1016 1003 1072 ergo
1057 1005 1281 1073 quidem
1328 1024 1462 1075 non,
1504 1021 1600 1066 aut
1644 1029 1781 1070 voce
1829 1024 2063 1097 tantum,

478 1096 574 1141 aut
606 1090 943 1157 imaginandi
971 1095 1023 1149 vi
1047 1134 1061 1156 .
1095 1107 1192 1151 aut
1224 1100 1379 1155 verbi
1421 1110 1599 1173 tropo,
1629 1090 2066 1163 incarnationem

480 1194 708 1234 noscere
739 1198 837 1237 vos
868 1187 1212 1241 conceditur.
1244 1188 1301 1243 Si
1335 1207 1467 1247 vero
1501 1210 1624 1249 eum
1674 1201 1859 1255 carnis
1900 1211 2063 1255 natu-

478 1285 535 1324 ra
565 1282 818 1327 naturam
856 1276 1198 1333 inearnatam
1229 1280 1399 1337 fuisse
1431 1284 1596 1341 Verbi
1641 1288 1846 1357 dicitis,
1899 1292 2063 1346 aliam

476 1361 860 1420 incarnantem
891 1376 948 1421 et
977 1369 1139 1424 aliam
1172 1362 1510 1430 incarnatam
1537 1378 1593 1431 in
1622 1396 1730 1434 una
1759 1385 2062 1452 composita

473 1450 677 1508 Christi
731 1471 964 1525 persona
1041 1474 1358 1523 noscentes.
1423 1470 1702 1537 quomodo
1765 1489 2061 1531 numerare

475 1544 684 1617 absque
719 1548 1044 1619 duplicitate
1089 1554 1211 1609 illas
1256 1558 1495 1614 valetis?

545 1636 656 1702 45.,
677 1637 848 1694 Unica
881 1640 996 1697 haec
1040 1644 1136 1698 Dei
1168 1645 1331 1701 Verbi
1383 1648 1666 1706 incamata
1712 1665 1933 1719 natura,
1966 1668 2063 1715 aut

473 1724 617 1779 idem
665 1737 747 1782 est
792 1731 859 1783 ad
917 1734 1077 1788 unica
1130 1735 1247 1791 hmc
1285 1746 1341 1793 et
1378 1740 1435 1794 in
1474 1757 1680 1798 vanum
1711 1746 1935 1803 additur
1971 1750 2059 1805 in-

471 1824 720 1882 carnata,
775 1819 828 1871 in
887 1821 1044 1891 cujus
1088 1824 1465 1884 deﬁnitionem
1505 1846 1616 1886 non
1662 1836 1888 1893 omnino
1933 1854 2063 1894 con-

474 1904 698 1960 tendere
727 1917 811 1961 est
835 1909 903 1962 de
922 1927 1030 1979 quo
1055 1929 1203 1969 nunc
1227 1915 1507 1988 indagatio
1534 1939 1547 1973 :
1573 1932 1671 1978 aut
1698 1939 1822 1979 cum
1846 1926 2062 1985 duabus

366 1987 389 1995 “
473 1996 689 2050 naturis
739 2000 986 2054 eamdem
1023 2005 1435 2063 conclusionem
1486 2026 1836 2070 communem
1869 2018 2056 2085 habet,

470 2086 750 2143 etfrustra
772 2090 1036 2147 adversus
1083 2111 1185 2151 nos
1228 2098 1602 2163 invehuntur:
1647 2114 1742 2161 aut
1773 2124 1877 2164 nec
1904 2127 2060 2180 pror-

472 2192 566 2232 sus
598 2181 756 2234 unica
795 2192 881 2238 est
905 2200 1006 2239 ncc
1038 2186 1181 2253 duze,
1204 2196 1261 2243 et
1282 2206 1508 2249 necesse
1534 2206 1621 2250 est
1651 2209 1711 2251 ut
1742 2215 1903 2256 unam
1932 2219 2054 2259 cum

468 2268 742 2327 divisione
786 2274 970 2330 dicant
1016 2277 1117 2348 ipsi
1167 2282 1466 2339 novissime
1510 2286 1803 2357 loquentes
1834 2303 1893 2348 ut
1927 2312 2055 2366 par-

472 2359 604 2413 vuli.

540 2448 627 2501 M.
669 2449 1015 2507 Melioratum
1061 2464 1145 2510 est
1179 2458 1386 2529 aliquid
1418 2462 1487 2516 de
1518 2466 1685 2523 rebus
1733 2470 1788 2525 in
1820 2471 2054 2530 Domino

471 2539 778 2595 naturalem
829 2544 1270 2602 meliorationem
1317 2566 1607 2610 assumens
1656 2568 2050 2628 postsanctam

467 2629 591 2696 ejus
638 2634 1134 2701 resurrectionem,
1183 2640 1489 2695 secundum
1535 2661 1657 2714 quae
1707 2659 1764 2702 et
1815 2650 2053 2722 Cyrillus

470 2722 629 2775 l’ater
680 2723 747 2776 ad
780 2725 1039 2782 Acacium
1091 2729 1229 2784 dicit
1274 2741 1331 2786 et
1392 2733 1596 2805 reliqui
1635 2738 1854 2806 Patres,
1880 2759 1948 2796 an
1980 2745 2053 2797 si-

469 2812 612 2866 milis
659 2815 842 2869 omnis
882 2817 1004 2887 ejus
1060 2828 1257 2875 natura
1302 2838 1468 2892 quam
1513 2826 1707 2882 dicunt
1739 2846 1930 2897 unam,
1965 2850 2051 2888 re-

469 2904 712 2958 mansit?
764 2905 819 2960 Si
857 2923 988 2978 ergo
1018 2910 1245 2978 quidem
1275 2929 1383 2968 non
1419 2918 1769 2975 melioratum
1817 2933 1923 2990 est,
1954 2934 2051 2981 aut

464 3002 522 3048 et
568 3011 715 3051 nunc
769 3000 1067 3068 passibilis,
1109 3013 1204 3058 aut
1234 3021 1335 3061 nec
1374 3019 1493 3064 erat
1529 3022 1657 3068 ante
1686 3016 2050 3072 resurrectio-

467 3102 592 3141 nem
644 3091 951 3160 passibilis;
1007 3096 1302 3153 mendaces
1344 3108 1401 3153 et
1433 3100 1528 3171 qui
1568 3102 1760 3159 dicunt
1792 3108 2121 3202 meliora-‘6

468 3178 671 3202 ειη-Α...
708 3182 1035 3202 L_-_-_,,-.,.b
1147 3189 1159 3202 ο
1623 3194 1634 3202 .
1731 3196 1744 3202 -
1849 3198 1860 3202 -
1904 3196 1905 3202 η

468 3178 673 3234 tionem
708 3182 1068 3242 humanitatis
1110 3189 1232 3259 ejus
1265 3205 1458 3247 omnes
1494 3194 1784 3265 magistri;
1818 3198 1864 3252 si
1904 3196 2045 3254 ‘vero

468 3269 754 3326 meliorata
801 3283 886 3328 est
928 3276 1168 3345 perfecta
1193 3281 1439 3350 quaedam
1471 3292 1664 3340 natura
1690 3285 1742 3339 in
1782 3286 1921 3356 ipso,
1952 3298 2048 3344 aut

468 3368 583 3415 tota
629 3378 740 3417 una
786 3365 905 3434 ipsa
928 3372 1013 3421 est
1037 3385 1201 3438 quam
1242 3371 1455 3441 dicunt,
1481 3385 1537 3430 et
1563 3374 1671 3431 erit
1702 3387 1758 3431 et
1787 3378 2047 3435 divinitas

464 3452 586 3521 ejus
620 3453 672 3506 in
706 3469 1059 3526 progressum
1088 3458 1551 3531 impasslbilitatis
1583 3474 1705 3520 aeta
1732 3484 1744 3519 :
1793 3464 1890 3522 aut
1918 3484 2046 3540 pars

464 3544 585 3613 ejus
625 3558 978 3614 progressum
1018 3566 1138 3619 quae
1170 3552 1322 3619 fecit,
1359 3556 1604 3625 perfecta
1653 3567 1852 3614 natura
1883 3569 2046 3618 estet

465 3646 815 3704 progressum
851 3653 962 3693 non
1010 3640 1329 3710 admittens,
1375 3652 1469 3699 aut
1514 3661 1680 3701 unam
1711 3664 1831 3705 esse
1864 3654 2046 3722 perfe-

390 3707 406 3717 ’
463 3732 605 3778 ctam
655 3734 906 3783 naturam
949 3732 1037 3786 vel
1093 3741 1305 3803 partem
1363 3732 1550 3788 dicere
1599 3745 1891 3806 cogentur;
1949 3750 2045 3796 aut

465 3815 865 3887 blasphemare,
936 3822 1095 3891 pieve
1163 3837 1327 3894 agere
1380 3823 1672 3881 audientes
1723 3842 1849 3883 cum
1910 3832 2043 3904 ipsis

459 3907 848 3964 addueentur.‘

478 4032 485 4033 κ
528 3999 616 4054 45.
676 4000 730 4055 Si
785 4003 1251 4071 quemadmodum
1301 4004 1616 4063 diceremus
1671 4010 1739 4067 de
1792 4014 2038 4083 homine,

461 4091 677 4146 unicam
721 4102 976 4149 naturam
1035 4096 1103 4150 de
1148 4097 1383 4151 Domino
1426 4099 1783 4167 profitentur,
1830 4107 2042 4174 pariter

458 4182 528 4238 de
572 4183 796 4239 homine
825 4200 951 4240 cum
1002 4188 1077 4241 sit
1121 4200 1152 4240 e
1205 4186 1428 4243 duobus
1460 4189 1648 4257 homo,
1689 4192 1905 4261 dicunt;
1942 4198 2037 4252 sed

456 4275 567 4330 bon
590 4291 623 4331 ο
648 4292 758 4331 non
779 4293 845 4333 ex
868 4278 1287 4348 pratexsistente
1311 4280 1495 4335 anima
1517 4289 1572 4337 et
1592 4297 1823 4353 corpore
1844 4286 2034 4343 datur:
2071 4287 2083 4297 ’

454 4382 521 4421 ex
555 4368 889 4438 cogitatione
922 4369 1071 4423 enim
1101 4370 1215 4424 sola
1249 4372 1606 4439 proprietatis
1645 4388 2037 4444 praeexponeu-

2171 565 2199 616 ὁ
2227 565 2291 616 ἐκ
2320 564 2494 632 Λόγου
2527 571 2621 618 καὶ
2653 565 2854 636 σαρκὸς
2876 567 3110 637 Χριστός
3131 578 3144 597 ⁵
3174 567 3310 621 διότι
3326 567 3435 637 γάρ
3465 569 3563 638 μία
3599 568 3753 636 φύσις

2169 653 2270 706 τοῦ
2302 653 2439 707 Θεοῦ
2498 655 2671 723 Λόγου
2730 655 2951 726 ἐντελὴς
3003 658 3099 727 ἥδε
3153 657 3609 728 προωμολόγηται
3661 659 3754 712 καὶ

2169 744 2298 797 ἄνευ
2345 744 2570 815 σαρκὸς,
2614 745 2767 798 οὐδὲν
2801 745 2967 810 δείξει
3006 746 3326 818 καινότερον
3362 748 3396 818 ἡ
3443 747 3637 811 Evam;
3672 750 3751 812 είς

2170 838 2354 901 φύσιν.
2405 837 2500 890 ἐὰν
2539 839 2637 907 μία
2687 838 3021 908 μεμένηκεν.
3064 838 3357 908 Πυθόμεθα
3406 842 3515 911 γὰρ
3561 840 3748 910 ὑμῶν·

2167 922 2314 997 Ἀρά
2334 946 2397 996 γε
2417 929 2579 999 φύσει
2599 947 2666 982 σα
2675 932 2802 1000 ρκὸς
2831 933 2931 1000 τὴν
2957 931 3120 1000 φύσιν
3142 929 3239 984 τοῦ
3269 932 3444 1001 Λόγου
3470 949 3751 1002 σεσαρκω-

2171 1018 2338 1089 μένην
2365 1020 2773 1091 ὁμολογεῖτε,’ἢ
2807 1021 2966 1092 auxi;
3001 1022 3066 1074 Εί
3101 1023 3203 1091 μὲν
3233 1018 3500 1094 οὗνοὺχδ,
3538 1023 3571 1093 ἢ
3610 1023 3754 1094 λόγῳ

2169 1109 2352 1176 μόνον,
2394 1111 2427 1181 ἧ
2461 1113 2750 1183 φαντασίᾳ,
2781 1111 2814 1183 ἢ
2844 1115 3019 1183 τροπῇ
3062 1112 3157 1166 τοῦ
3186 1112 3369 1181 λνεγου,
3404 1114 3502 1186 τὴν
3538 1117 3752 1186 σάρκω-

2168 1214 2253 1251 σιν
2283 1199 2479 1254 εἰδέναι
2531 1203 2676 1272 ὑμᾶς
2736 1202 3131 1256 ἀπολείπεται·
3173 1205 3223 1256 εί
3265 1202 3322 1257 δὲ
3353 1203 3512 1274 φύσει
3548 1205 3750 1274 σαρκὸς

2165 1288 2264 1359 τὴν
2305 1290 2885 1363 φύσιν-σεσαρκῶσθαι
2918 1291 3013 1345 τοῦ
3052 1293 3228 1360 Λόγου
3256 1294 3415 1361 φατὲ,
3445 1292 3614 1363 ἄλλην
3648 1295 3749 1363 τὴν

2167 1380 2499 1448 σαρκοῦσαν,
2538 1382 2632 1434 καὶ
2676 1382 2845 1451 ἄλλην
2886 1382 2987 1453 τὴν
3033 1384 3418 1453 σαρκουμένην
3469 1387 3527 1437 ὲν
3558 1383 3637 1453 τῷ
3668 1384 3750 1437 ἑνὶ

2165 1469 2406 1541 συνθέτῳ
2434 1472 2712 1544 προσώπῳ
2750 1475 2989 1546 Χριστοῦ
3021 1476 3414 1545 γινώσκοντες,
3458 1477 3577 1540 πῶς
3627 1478 3746 1548 ἀρι-

2165 1563 2289 1631 μείν
2315 1562 2443 1616 ἀνευ
2473 1560 2664 1630 δυάδος
2691 1565 2896 1631 ταύτας
2928 1568 3259 1639 δυνήσεσθες

2236 1661 2351 1725 μγθ.
2402 1657 2467 1709 Ἦ
2501 1658 2602 1726 μία
2642 1659 2804 1726 φύσις
2825 1659 2919 1713 τοῦ
2953 1660 3089 1714 Θεοῦ
3128 1663 3299 1730 Λόγου
3327 1658 3742 1732 σεσαρκωμένη,

2162 1743 2197 1815 ἢ
2231 1748 2428 1800 ταυτόν
2459 1748 2670 1821 ἔστι-τῇ
2721 1752 2840 1823 μιᾷ,
2878 1751 2973 1805 καὶ
3007 1754 3278 1824 περιττῶς
3305 1754 3626 1824 πρόσκειται
3660 1754 3742 1818 τὸ,

2165 1840 2583 1909 σεσαρκωμένη,
2637 1844 2719 1906 είς
2767 1844 3118 1913 παράστασιν
3162 1844 3330 1899 ποσοῦ
3357 1845 3420 1899 ού
3468 1848 3745 1898 συντεῖνον

2161 1925 2317 1990 ὅλως,
2358 1930 2487 1999 περὶ
2531 1923 2592 1982 οὗ
2640 1931 2736 1985 νῦν
2783 1934 2815 2002 ἡ
2866 1932 3131 2003 ζήτησις’
3262 1937 3381 1998 ταῖς
3421 1934 3514 1987 δύο
3544 1935 3743 2002 φύσεσι

2160 2019 2357 2072 ταυτὸν
2408 2022 2656 2088 συνάγει,
2714 2023 2809 2075 καὶ
2863 2025 3041 2094 μάτῃν
3088 2019 3216 2094 ἡμῖν
3249 2027 3665 2097 ἀντιφέρονται·
3707 2020 3740 2097 ἢ

2159 2108 2283 2163 οῦτε
2323 2110 2423 2180 μία
2465 2113 2641 2184 πάντη
2690 2115 2860 2183 ἐστὶν,
2894 2117 3019 2171 οὔτε
3064 2118 3177 2183 δύο,
3226 2115 3320 2172 καὶ
3360 2120 3577 2191 ἀνάγκη
3610 2121 3742 2191 μίαν

2161 2196 2259 2249 σὺν
2291 2200 2644 2272 ἐπιμερισμῷ
2673 2202 2853 2271 λέγειν
2879 2205 3078 2268 αὐτοὺς
3111 2205 3316 2277 ἔσχατα
3345 2207 3737 2279 νηπιάζοντας.

2230 2460 2334 2530 μδ’.
2405 2461 2774 2536 Ἐκρειττώθη
2823 2482 2880 2518 τι
2936 2468 3047 2523 τῶν
3096 2469 3191 2525 τοῦ
3243 2472 3449 2543 Κυρίου
3503 2476 3741 2547 φυσικὴν

2155 2551 2478 2624 κρείττωσιν
2510 2552 2676 2609 λαϐὸν
2702 2558 2841 2625 μετά
2877 2558 2978 2630 τὴν
3017 2561 3183 2630 ἁγίαν
3211 2563 3377 2617 αὐτοῦ
3411 2564 3738 2627 ἀνάστασιν,

2153 2641 2276 2695 καθ’
2316 2641 2351 2696 ἃ
2391 2642 2474 2698 Κύ
2488 2644 2668 2715 ριλλὸς
2719 2665 2778 2701 τε
2821 2650 2850 2703 ό
2894 2651 3083 2721 Πατήρ
3121 2669 3253 2724 φησι
3284 2654 3419 2727 πρὸς
3460 2647 3739 2724 Ἀκάκιοκί,

2152 2733 2247 2786 καὶ
2278 2735 2325 2787 οί
2357 2733 2539 2789 λοιποὶ
2563 2739 2830 2811 Πατέρες,
2865 2741 2898 2812 ἢ
2927 2740 3126 2812 ὁμοίως
3160 2745 3362 2815 ἔχουσα
3392 2744 3541 2802 πᾶσα
3571 2751 3741 2804 αὐτοῦ

2145 2812 2182 2895 ’ἡ
2218 2826 2401 2895 φύσις,
2445 2830 2510 2901 ἦν
2539 2848 2672 2900 φασι
2712 2834 2862 2906 μίαν,
2900 2812 3251 2907 μεμένηκεν;
3283 2839 3347 2890 Ei
3378 2841 3476 2907 μὲν
3508 2832 3603 2894 οῦν
3638 2840 3740 2896 οὐκ

2150 2918 2508 2990 ὲκρειττώθη,
2566 2922 2598 2993 ἢ
2665 2923 2759 2976 καὶ
2820 2925 2916 2978 νῦν
2956 2926 3194 2999 παθητὴ,
3242 2930 3275 3000 ἦ
3315 2930 3437 2984 οὐδὲ
3495 2933 3605 3004 πρὸ
3640 2938 3739 3005 τῆς

2150 3010 2505 3076 ἀναστάσεως
2537 3009 2608 3086 ἦν
2642 3016 2859 3088 παθητή
2878 3033 2894 3048 ο
2925 3012 3151 3087 ψευδεῖς
3179 3038 3238 3073 τε
3270 3024 3317 3074 οἱ
3350 3022 3603 3090 λέγοντες
3642 3028 3742 3096 τὴν

2151 3100 2475 3170 κρείττωσιν
2500 3101 2602 3175 τῆς
2630 3105 3049 3178 ἀνθρωπότητος
3076 3110 3245 3164 αὑτοῦ
3274 3111 3475 3176 πάντες
3492 3117 3542 3168 oi
3593 3117 3742 3172 διδά-

2152 3190 2338 3244 σκαλοι
2390 3209 2404 3223 ο
2461 3195 2508 3246 εί
2570 3194 2629 3248 δὲ
2693 3198 3025 3271 ὲκρειττώθη
3068 3201 3250 3255 τελεία
3314 3221 3398 3266 τις
3445 3205 3614 3275 φύσις
3680 3211 3743 3261 ὲν

2147 3280 2318 3351 αὐτῷ,
2352 3281 2385 3352 ἢ
2419 3280 2517 3352 ὅλη
2558 3286 2592 3354 ή
2642 3285 2741 3355 μία
2783 3286 2925 3359 αῦτη
2978 3290 3130 3344 ἐστὶν
3169 3291 3237 3362 ἦν
3266 3307 3421 3361 φασι,
3455 3295 3553 3346 καὶ
3586 3295 3743 3349 ἔσται

2147 3372 2294 3453 καὶὴ
2320 3373 2510 3446 θεότης
2536 3376 2703 3430 αὐτοῦ
2735 3379 2814 3441 είς
2842 3382 3128 3454 προκοπὴν
3170 3383 3439 3448 ἀπαθείας
3468 3384 3737 3456 ἀχθεῖσαδ

2145 3446 2381 3535 ἥμερος
2421 3466 2588 3519 αὐτοῦ
2623 3469 2684 3521 τὸ
2718 3446 3001 3541 προκόφαν
3048 3446 3229 3526 τελεία
3262 3446 3430 3543 φύσις
3462 3446 3606 3542 ἐστὶ,
3645 3483 3742 3532 καὶ

2145 3554 2207 3608 τὸ
2232 3557 2522 3628 προκοπὴν
2548 3559 2649 3613 οὐκ
2679 3560 3087 3633 ἐπιδεξάμενον,
3113 3566 3145 3636 ἢ
3179 3566 3308 3635 μίαν
3341 3562 3481 3621 εἶναι
3519 3571 3743 3625 τελείαν

2145 3644 2331 3712 φύσιν,
2382 3646 2417 3718 ἢ
2472 3649 2662 3721 μόριον
2714 3649 2898 3720 λέγειν
2962 3655 3520 3727 ἀναγκασθήσονταιο
3559 3662 3664 3715 καὶ
3705 3662 3739 3733 ἧ

2146 3735 2488 3811 βλασφημεῖν
2521 3741 2554 3812 ἢ
2582 3743 2827 3800 εὐσεϐεῖν
2858 3738 3149 3811 ἀκούοντες
3178 3748 3631 3820 συγκλιθήσεται.

2221 4007 2323 4070 με’.
2367 4000 2431 4055 El
2468 4004 2672 4075 ὁμοίως
2700 4007 2776 4076 τῷ
2816 4006 3093 4079 ἀνθρώπῳ
3146 4006 3276 4078 μίαν
3304 4009 3403 4080 τὴν
3446 4010 3617 4080 φύσιν
3640 4017 3741 4070 ἐπὶ

2141 4093 2236 4145 τοῦ
2263 4092 2536 4149 Δεσπότου
2567 4101 2753 4166 φασὶν,
2783 4101 2987 4168 ὁμοίως
3018 4100 3095 4171 τῷ
3129 4101 3400 4173 ἀνθρώπῳ
3426 4108 3523 4159 καὶ
3576 4108 3640 4161 τὸ
3674 4112 3740 4162 ἐκ

2141 4187 2235 4240 δύο
2269 4187 2487 4257 φύσεων
2543 4190 2636 4243 ἐπὶ
2681 4190 2778 4244 τοῦ
2824 4188 2991 4246 αὗτοῦ
3037 4188 3175 4245 εῖναι
3225 4193 3510 4261 λέγουσιν·
3557 4198 3680 4252 ἀλλ’
3710 4203 3741 4253 ὁ

2139 4280 2427 4352 ἄνθρωπος
2460 4285 2559 4337 οὐκ
2589 4287 2653 4338 ἐκ
2682 4286 3147 4357 προϋπαρχούσης
3189 4286 3370 4358 ψυχῆς
3402 4307 3464 4342 τε
3497 4293 3597 4346 καὶ
3628 4294 3734 4347 σώ-

2143 4385 2310 4442 ματος
2348 4373 2556 4430 δέδοται
2580 4391 2594 4404 ο
2639 4377 2852 4446 ἐπινοίᾳ
2882 4379 2991 4446 γάρ
3026 4378 3165 4449 μόνη
3197 4378 3552 4446 τοῦοίκείου
3597 4398 3729 4453 προ-

455 4465 537 4513 tes
569 4459 824 4529 proprias
848 4470 1054 4529 partes,
1088 4475 1119 4513 e
1155 4459 1376 4516 duobus
1406 4462 1474 4516 de
1511 4462 1734 4519 homine
1766 4465 2032 4536 dicimus;

2153 4462 2377 4527 τιθέντες
2398 4463 2468 4516 τά
2503 4465 2610 4518 ίδια
2638 4463 2804 4536 μέρη,
2843 4464 2906 4517 τὸ
2940 4466 3005 4518 ὲκ
3033 4464 3128 4518 δύο
3170 4467 3264 4519 ἐπὶ
3311 4465 3469 4522 τοῦδὲ
3500 4483 3692 4540 φαμεν
3717 4483 3732 4499 ⁶

452 4550 600 4620 quod
649 4566 781 4606 vero
842 4551 909 4605 ad
943 4551 1235 4605 Dominum
1284 4567 1396 4606 non
1439 4553 1775 4625 imaginandi
1820 4559 1871 4613 vi
1900 4575 2036 4628 prat-

453 4642 723 4698 exsistere
752 4643 994 4699 Verbum
1017 4658 1128 4713 prae
1152 4643 1374 4713 propria
1407 4647 1809 4715 compositione
1834 4651 2034 4705 asseri-

452 4748 576 4789 mus
609 4735 754 4790 sicut
784 4734 853 4790 de
883 4734 1145 4803 homine;
1170 4720 1217 4790 si
1252 4751 1384 4791 vero
1423 4753 1534 4792 non
1563 4738 1821 4794 similiter
1860 4755 2032 4798 unum

450 4842 482 4882 e
526 4828 747 4883 duobus
795 4827 862 4881 de
905 4812 1240 4883 Domino’et
1273 4828 1342 4883 de
1379 4823 1616 4900 simplici
1648 4829 1890 4897 homine,
1931 4850 2032 4889 nec

451 4935 577 4975 cum
611 4920 770 4973 unica
804 4918 1044 4973 hominis
1068 4927 1267 4975 natura
1306 4920 1561 4977 similiter
1587 4921 1879 4978 Dominum
1937 4926 2035 4979 ad-

468 5025 704 5065 unamus
739 5023 752 5061 :
785 5024 906 5077 qua:
945 5008 1094 5063 enim
1126 5018 1515 5080 preponuntur
1536 5027 1567 5068 e
1601 5028 1709 5067 non
1735 5014 2029 5082 similibus,

450 5100 688 5171 regulari
716 5098 1046 5154 necessitate
1083 5116 1192 5154 non
1217 5102 1580 5157 similiaznon
1612 5118 1744 5174 ergo
1776 5105 1886 5160 illis
1910 5120 2034 5160 con-

449 5199 773 5246 sentaneum
817 5189 1043 5259 penitus
1080 5193 1415 5263 exemplum,
1471 5194 1603 5250 licet
1647 5197 1873 5251 realiter
1941 5198 2030 5252 di-

449 5288 670 5335 eeretur
723 5293 852 5341 una,
902 5286 960 5332 et
1008 5285 1219 5334 tantum
1264 5294 1483 5352 semper
1528 5298 1637 5337 una
1682 5282 2031 5339 demonstra-

447 5376 603 5425 retur
651 5367 890 5423 hominis
929 5382 1145 5424 natura.

518 5460 605 5515 46.
642 5458 699 5514 Si
730 5468 929 5515 natura
978 5462 1253 5531 passibilis
1284 5477 1413 5517 caro
1443 5463 1609 5517 Verbi
1655 5477 1765 5516 non
1798 5463 1912 5518 visa
1945 5472 2031 5518 est

439 5550 793 5621 impassibiiis
820 5561 1048 5622 propter
1077 5554 1468 5610 adunationem
1493 5554 1559 5609 ad
1597 5555 1799 5623 ipsum,
1822 5565 2029 5624 quanto

450 5643 624 5711 magis
659 5652 853 5700 natura
879 5645 1230 5715 impassibile
1258 5646 1522 5711 Verbum,
1569 5644 1747 5714 ipsum
1797 5660 1905 5700 non
1941 5646 2024 5701 fa-

444 5739 681 5788 ctumest
702 5736 960 5805 passibile
976 5747 1201 5807 propter
1223 5737 1614 5791 adunationem
1636 5736 1702 5790 ad
1731 5737 2027 5805 passibile?

2137 4552 2229 4605 ἐπὶ
2266 4552 2326 4605 δὲ
2374 4551 2468 4605 τοῦ
2516 4552 2747 4624 Κυρίου,
2791 4553 2891 4607 οὐκ
2937 4554 3153 4627 ἐπινοίᾳ
3200 4555 3588 4627 προϋπάρχειν
3640 4562 3738 4613 τὸν

2135 4644 2308 4713 Λόγον
2337 4644 2433 4713 τῆς
2471 4645 2607 4707 ἰδίας
2636 4644 2936 4710 συνθέσεώς
2969 4664 3148 4718 φαμεν
3174 4649 3375 4717 ὁμοίως
3401 4649 3484 4718 τῷ
3513 4651 3725 4722 ἀνθρώ.

2136 4752 2255 4807 πῳσ
2288 4738 2337 4789 εί
2366 4736 2423 4790 δὲ
2448 4736 2545 4807 οὐχ
2573 4737 2773 4807 ὁμοίως
2802 4739 2862 4791 τὸ
2892 4738 2956 4791 ὲκ
2996 4739 3092 4792 δύο
3126 4741 3219 4792 ἐπὶ
3249 4739 3345 4793 τοῦ
3380 4742 3600 4813 Κυρίου
3636 4749 3735 4800 καὶ

2135 4828 2425 4897 ἀνθρώπου
2459 4828 2641 4898 ψιλοῦ,
2677 4829 2798 4882 οὐδὲ
2845 4833 2914 4901 τῇ
2956 4831 3057 4901 μιᾷ
3097 4829 3192 4883 τοῦ
3236 4830 3530 4901 ἀνθρώπου
3561 4835 3733 4903 φύσει

2134 4919 2341 4989 ὁμοίως
2376 4919 2607 4990 ἐνοῦμεν
2651 4921 2741 4973 τὸν
2779 4922 3016 4991 Κύριονο
3056 4925 3127 4976 τά
3178 4923 3287 4994 γὰρ
3337 4923 3396 4988 ὲξ
3444 4926 3733 4995 ἀνομοίων

2137 5012 2494 5080 συγκείμενα,
2547 5011 2781 5081 ἀνόμοια
2827 5014 3176 5083 γραμμικαϊς
3218 5014 3492 5080 ἀνάγκαις
3524 5031 3539 5047 ·
3620 5019 3729 5072 οὐκ

2135 5102 2244 5172 ἀρα
2295 5104 2499 5155 οἰκεῖον
2546 5102 2732 5165 αὐτοῖς
2779 5103 2958 5172 πάντη
2997 5103 3058 5156 τὸ
3107 5103 3487 5173 παράδειγμα,
3521 5108 3575 5159 εί
3631 5110 3733 5162 καὶ

2139 5197 2308 5261 ὅντως
2342 5197 2444 5268 μία
2477 5196 2716 5265 ἐλέγετο,
2751 5196 2844 5250 καὶ
2882 5196 3058 5267 μόνως
3089 5198 3177 5249 ἀεὶ
3228 5197 3325 5265 μία
3375 5197 3667 5254 ἐδείκνυτο
3697 5203 3731 5270 ἠ

2130 5287 2227 5340 τοῦ
2261 5286 2554 5357 ἀνθρώπου
2591 5286 2774 5356 φύσις.

2206 5471 2322 5535 μς⁹.
2369 5464 2430 5517 Ei
2482 5465 2516 5534 ἠ
2581 5463 2741 5532 φύσει
2811 5463 3029 5533 παθητὴ
3083 5463 3221 5534 σὰρξ
3270 5462 3365 5517 τοῦ
3405 5465 3588 5534 Λόγου
3623 5471 3728 5524 οὐκ

2133 5556 2288 5627 ὤφθη
2326 5557 2543 5622 ἀπαθὴς
2569 5554 2658 5607 διὰ
2686 5555 2787 5625 τὴν
2812 5554 2950 5625 πρὸς
2980 5556 3151 5609 αὐτὸν
3174 5556 3391 5644 ἕνωσιν.
3443 5560 3606 5632 πόσφ
3656 5580 3725 5632 τε

2134 5644 2337 5715 μᾶλλον
2365 5645 2393 5695 ὁ
2429 5643 2591 5712 φύσει
2619 5641 2835 5713 ἀπαθὴς
2865 5643 3062 5711 Λόγος,
3094 5641 3341 5707 αὐτδςξιύ
3374 5645 3574 5714 γέγονε
3615 5671 3725 5706 πα.-

2130 5737 2312 5808 Θητὸ-,
2333 5735 2423 5789 διὰ
2456 5733 2553 5805 τὴν
2580 5733 2714 5803 πρὸς
2740 5734 2800 5786 τὸ
2833 5735 3073 5806 παθητὸν
3105 5736 3331 5804 Evt-mw;
3363 5737 3428 5789 Τί
3455 5734 3553 5793 οὖν
3584 5759 3727 5821 πυνέ
