4034 6412
303 439 409 505 ’ἷ97

1419 422 1718 487 CONTRA
1754 413 2355 476 MONOPHYSITAS.

3413 406 3554 469 i798

266 554 493 611 θανεσθε
526 551 687 622 ἡμῶν
713 549 789 612 ὡς
830 542 1316 618 άμφιῦαλλομένου
1351 540 1503 601 ὄντος
1548 534 1680 587 ποία
1703 528 1860 622 φύσις

2001 546 2075 583 .ur
2096 544 2229 599 ergo
2257 528 2445 599 petitis
2464 543 2494 582 a
2513 525 2674 581 nobis
2701 535 2959 594 tanquam
2991 520 3123 574 rein
3143 520 3314 573 dubio
3335 527 3548 589 prolata

266 647 585 719 προήλωτο,
621 642 671 695 εί
731 641 808 712 μὴ
844 636 1175 708 θεομάθειαν
1219 631 1456 702 φυσικὴν
1510 628 1605 681 καὶ
1656 623 1717 676 οὐ
1765 621 1865 690 τὴν

265 740 392 794 κατ’
421 736 703 792 οἰκείωσιν
730 732 925 800 λέγετε
946 745 963 793 ;
1822 736 1825 739 '

345 912 436 982 ρξ’
502 912 570 964 Εἰ
601 908 756 962 ἔστιν
788 909 818 960 ὁ
850 904 1026 972 Λόγος
1075 899 1237 970 φύσει
1277 895 1517 965 ἀπαθὴς,
1543 890 1687 982 κατὰ
1720 888 1870 982 δεῖτὸ

266 975 465 1067 eiu-ﬂii;
496 999 761 1070 λέγεσθαι
792 997 981 1058 αὐτοῖς
1005 992 1209 1047 ἔπαθεν
1234 988 1397 1051 αὐτὸς
1418 985 1494 1048 ὡς
1525 978 1692 1047 οἶδεν,
1728 975 1871 1035 οἶδεν

265 1095 469 1151 ἑαυτὸν
498 1095 606 1147 οὐκ
655 1089 845 1159 ἅπαθῆ
877 1086 1080 1157 πάντη,
1110 1085 1161 1137 εί
1207 1081 1284 1153 μὴ
1311 1078 1503 1149 ἀγνοεῖ
1532 1074 1729 1130 ἑαυτὸν
1767 1090 1873 1126 πα-

267 1187 437 1258 θητὸν
470 1185 627 1237 ὄντα.

345 1285 466 1348 pay.
510 1277 577 1330 Εί
608 1274 805 1343 ὥσπερ
833 1272 938 1342 τὴν
964 1268 1145 1340 ψυχὴν
1172 1264 1267 1320 καὶ
1297 1262 1358 1317 τὸ
1385 1260 1547 1331 σῶμα
1579 1257 1722 1329 μέρη
1747 1257 1873 1309 ὅλου

265 1354 368 1426 τοῦ
397 1369 700 1440 ἀνθρώπου
737 1366 826 1430 ὡς
860 1360 1094 1434 φυσικοῦ
1137 1360 1314 1421 εἴδους
1353 1353 1559 1425 φαμὲν,
1597 1350 1741 1405 οὕτω
1782 1349 1877 1403 καὶ

265 1464 367 1516 τὸν
407 1461 591 1528 Λόγον
625 1458 723 1512 καὶ
744 1456 846 1528 τὴν
876 1454 1058 1523 σάρκα
1085 1450 1230 1522 μέρη
1260 1443 1500 1518 Χριστοῦ
1515 1442 1614 1512 οὐχ
1646 1441 1722 1503 ὡς
1745 1456 1875 1492 συν-

272 1557 439 1609 θέτου
465 1553 615 1615 τινος
648 1551 833 1620 μόνον,
870 1545 987 1601 ἀλλ’
1024 1544 1102 1607 ὡς
1137 1532 1371 1610 φυσικοῦ
1400 1536 1576 1597 εἴδους
1620 1532 1872 1601 λέγομεν,

269 1646 396 1699 εἰπὲ
425 1643 482 1697 τί
507 1642 574 1695 τὸ
597 1641 720 1695 ὅλον
739 1637 898 1692 τοῦτο
926 1631 1099 1700 εἴδοςς

348 1737 467 1806 μθ¹.
509 1734 615 1805 Τῷ.
648 1732 734 1785 ἑνὶ
766 1729 932 1785 πάθει
971 1727 1074 1797 τῆς
1110 1725 1242 1795 μιᾶς
1276 1718 1502 1793 σαρκὸς,
1541 1715 1660 1777 πῶς
1685 1712 1881 1806 τὸμὲν

268 1800 369 1883 τοῦ
427 1800 730 1897 ἀνθρώπου
779 1823 1008 1891 πάσχει,
1060 1818 1123 1871 τὸ
1169 1816 1228 1870 δὲ
1268 1811 1552 1884 συμπάχει
1595 1808 1663 1878 τῇ
1706 1800 1875 1859 αὐτοῦ

271 1920 451 1992 σαρκὶ⁸
497 1919 595 1972 καὶ
634 1917 736 1986 οὐχ
780 1913 995 1982 ἑαυτῷς
1028 1910 1137 1963 Καὶ
1169 1909 1206 1960 δ
1253 1904 1596 1975 συμπάσχων
1636 1897 1770 1992 γὰρ,
1817 1897 1874 1992 ἐν

268 1987 463 2082 ἑαυτῷ
490 2011 699 2080 πάσχει
717 2024 733 2039 ο
760 2007 879 2072 πῶς
901 2006 998 2059 καὶ
1013 2004 1120 2057 οὐκ
1149 2003 1210 2053 ὲν
1243 1997 1322 2068 τῷ
1353 1996 1658 2082 πάσχοντις
1698 1990 1748 2042 εἰ
1780 1987 1877 2040 καὶ

264 2105 348 2157 is’
378 2079 584 2156 ἑαυτοῦ
616 2079 824 2169 ὥσπερ
860 2099 958 2150 καὶ
1003 2095 1033 2147 ὁ
1073 2091 1295 2159 πάσχων
1333 2087 1391 2139 ὲν
1425 2080 1607 2151 ἑαυτῷ
1646 2079 1873 2147 πάσχει,

273 2198 379 2252 καὶ
410 2197 517 2249 οὐκ
543 2196 606 2247 ἐν
634 2192 716 2263 τῷ
756 2190 1160 2260 συμπάσχοντι.

355 2295 419 2342 v'.
462 2285 575 2338 Τοῦ
602 2283 813 2355 Κυρίου
843 2280 1008 2351 ἡμῶν
1049 2276 1226 2347 Ἰησοῦ
1261 2270 1505 2343 Χριστοῦ
1535 2269 1629 2323 δύο
1669 2267 1727 2320 αἱ
1773 2264 1875 2335 φύς

277 2400 421 2447 σεις,
450 2372 625 2443 εἴς’δὲ
656 2379 686 2430 ὁ
717 2376 975 2436 Θάνατος.
1000 2364 1173 2437 Οὗτος
1202 2363 1296 2423 οὖν
1322 2369 1371 2419 εἰ
1406 2366 1505 2436 μὲν
1533 2360 1675 2416 κατὰ
1715 2359 1877 2428 φύσιν

277 2473 439 2541 αὐτῷ
468 2471 639 2539 μόνον
673 2468 813 2533 ἐστὶ,
845 2466 945 2537 τῆς
977 2462 1181 2532 θνητῆς
1210 2456 1383 2513 αὑτοῦ
1420 2456 1636 2524 φύσεως
1671 2451 1875 2541 μόνηςο

276 2565 331 2617 εἰ
370 2562 430 2615 δὲ
462 2561 563 2614 καὶ
602 2558 760 2629 παρὰ
811 2555 996 2626 φύσιν,
1029 2555 1125 2608 καὶ
1168 2554 1270 2621 τῆς
1299 2549 1605 2603 ἀθανάτου·
1635 2543 1754 2605 πῶς
1785 2536 1879 2594 οῦν

278 2654 503 2708 εἴποιτε
540 2649 688 2703 κατὰ
718 2647 882 2718 φύσιν
916 2646 949 2717 ἦ
981 2644 1133 2717 παρὰ
1172 2643 1332 2712 φύσιν
1361 2638 1558 2692 παθεῖν
1584 2633 1675 2688 τὸν
1706 2633 1880 2700 Λόγον

278 2744 536 2798 ιῦδοκεῖν
558 2758 579 2804 ;

354 2834 463 2890 va'.
508 2836 573 2888 Εἰ
603 2832 849 2897 πάντως,
877 2828 1206 2901 ἰσαρίθμους
1235 2824 1373 2880 εἶναι
1418 2824 1538 2876 δέον
1563 2821 1685 2882 ταῖς
1718 2816 1883 2885 φύσε-

282 2947 399 2995 σιν,
439 2927 521 2990 ὥς
551 2942 742 2995 φασιν,
787 2923 909 2977 ἐπεὶ
952 2922 1080 2994 μίαν
1125 2919 1305 2989 φαμὲν
1332 2916 1428 2985 τῆς
1460 2913 1592 2981 ἁγία
1603 2929 1620 2973 ς
1646 2908 1817 2978 Τριάδ
1837 2923 1879 2970 ςς

279 3022 388 3091 τὴν
434 3018 630 3087 φύσιν,
675 3015 804 3085 μίαν
846 3008 1168 3080 λεγέτωσαν
1214 3010 1307 3063 καὶ
1337 3007 1438 3078 τὴν
1465 3005 1770 3057 ὑπόστασιν
1795 3017 1809 3028 ·
1845 2997 1880 3067 ἢ

282 3113 415 3165 ἐπεὶ
456 3111 617 3182 τρεῖς
652 3124 837 3177 φαμεν
869 3105 968 3168 τάς
1004 3103 1355 3165 ὑποστάσεις,
1391 3099 1542 3168 τρεῖς
1562 3094 1884 3171 ¹λεγέτωσαν

1968 640 2090 694 quae
2123 632 2313 677 natura
2359 619 2672 683 aberrahat,
2701 618 2745 672 si
2798 631 2907 671 non
2942 614 3185 669 divinam
3216 612 3551 682 passibilita~

1972 729 2078 773 lem
2105 717 2409 771 naturalem
2436 722 2492 769 et
2520 728 2629 767 non
2660 711 2806 766 illam
2834 707 3146 779 secundum
3193 703 3553 759 iuhabitatio~

1970 826 2097 866 nem
2125 808 2350 864 dicitis?

2041 902 2129 955 47.
2170 899 2225 955 Si
2273 907 2359 954 est
2386 896 2631 953 Verbum
2659 905 2856 950 natura
2904 890 3262 962 impassibilis
3306 896 3365 943 et
3400 887 3553 958 juxta

1969 990 2428 1047 consuetudinem
2472 987 2734 1058 loquendi
2763 984 2909 1054 apud
2939 998 3037 1038 eos
3068 974 3264 1052 passus
3291 987 3376 1035 est
3414 979 3555 1049 ipse,

1970 1082 2250 1151 quomodo
2293 1081 2471 1144 novit,
2515 1078 2761 1148 seipsum
2798 1090 2907 1129 non
2946 1073 3286 1144 impassibile
3330 1072 3557 1126 omnino

1971 1170 2146 1232 novit,
2165 1168 2273 1222 nisi
2306 1166 2551 1236 seipsnm
2585 1164 2849 1235 passibile
2872 1163 3146 1216 exsistens
3174 1162 3414 1232 ignoret.

2040 1260 2131 1313 48.
2163 1258 2220 1313 Si
2261 1254 2727 1328 quemadmodum
2771 1253 3010 1308 animam
3041 1265 3357 1320 corpusque
3380 1250 3559 1304 totius

1972 1349 2217 1404 hominis
2245 1356 2432 1418 partes
2467 1349 2723 1417 tan'quam
2750 1343 3020 1400 naturalis
3062 1342 3257 1398 format
3292 1342 3556 1405 dicimus,

1973 1440 2054 1496 sic
2084 1449 2139 1495 et
2167 1441 2407 1497 Verbum
2432 1447 2489 1495 et
2519 1454 2740 1494 carnem
2773 1446 2960 1508 partes
2997 1434 3227 1498 Christi,
3258 1449 3372 1490 non
3401 1433 3559 1504 quasi

1973 1534 2266 1604 compositi
2296 1532 2601 1603 cujusdam
2656 1538 2908 1596 tantum,
2963 1529 3059 1584 sed
3106 1528 3249 1583 sicut
3296 1525 3563 1581 naturalis

1975 1624 2167 1680 formae
2192 1625 2448 1689 dicimus,
2481 1624 2571 1678 dic
2598 1623 2733 1693 quid
2765 1631 2877 1677 tota
2909 1622 3001 1676 illa
3029 1619 3246 1674 forma?

2045 1717 2134 1772 49.
2162 1717 2334 1773 Unica
2369 1716 2545 1771 unica:
2574 1715 2724 1770 illius
2769 1713 2953 1768 carnis
2995 1711 3251 1783 passione
3280 1708 3563 1781 quomodo

1980 1818 2109 1879 pars
2142 1808 2386 1862 hominis
2414 1808 2640 1877 patitur,
2683 1822 2813 1877 pars
2852 1803 3003 1860 carni
3049 1805 3175 1875 ejus
3221 1811 3279 1856 et
3317 1817 3430 1856 non
3457 1800 3565 1879 sibi

1984 1902 2085 1972 ipsi
2119 1873 2487 1971 compatitu-r?
2512 1873 2759 1969 Namque
2784 1873 3127 1967 eompatiens
3160 1896 3213 1951 in
3246 1895 3430 1964 seipso
3464 1873 3563 1963 pa.-

1982 1993 2152 2059 titur;
2195 1992 2473 2062 quomodo
2502 2002 2696 2048 etnon
2737 1993 2791 2046 in
2836 1988 3121 2060 patiente?
3149 1986 3306 2042 Licet
3330 2001 3430 2056 per
3474 2000 3567 2041 se-

1981 2086 2161 2155 ipsum
2211 2086 2356 2141 sicut
2396 2094 2453 2140 et
2501 2085 2717 2155 patiens
2763 2084 2817 2137 in
2842 2083 3026 2152 seipso
3071 2079 3309 2150 patiatur
3348 2087 3406 2134 et
3451 2091 3566 2132 non

1983 2178 2037 2232 in
2074 2177 2466 2246 compatiente.

2054 2265 2142 2319 50.
2180 2266 2395 2320 Domini
2426 2267 2604 2335 nostri
2639 2265 2767 2321 Jesu
2798 2261 3004 2319 Christi
3038 2260 3159 2316 dua!
3193 2269 3426 2321 naturae,
3457 2274 3568 2314 una

1984 2373 2154 2413 mors.
2187 2357 2319 2424 Quae
2350 2359 2394 2413 si
2425 2343 2731 2413 secundum
2764 2366 3014 2411 naturam
3048 2353 3273 2424 quidem
3308 2353 3412 2423 ipsi
3446 2361 3570 2407 tan-

1988 2460 2101 2507 tum
2131 2461 2236 2516 est,
2270 2452 2522 2507 mortalis
2547 2453 2670 2520 ejus
2706 2459 2917 2504 natura:
2949 2447 3150 2513 solius;
3189 2446 3236 2502 si
3265 2461 3398 2501 vero
3428 2461 3575 2515 pra:-

1987 2550 2072 2596 ter
2106 2552 2381 2607 naturam,
2407 2551 2463 2597 et
2504 2541 2872 2596 immortalis:
2898 2538 3175 2609 quomodo
3206 2552 3339 2608 ergo
3368 2552 3571 2591 secun-

1986 2632 2118 2687 dum
2162 2643 2415 2688 naturam
2447 2634 2535 2687 vel
2582 2642 2785 2702 praater
2828 2640 3082 2686 naturam
3131 2644 3351 2700 passum
3397 2628 3574 2684 fuisse

1986 2725 2227 2780 Verbum
2259 2740 2326 2778 ex
2350 2725 2695 2794 beneplacito
2716 2723 2935 2778 dicitis?

2059 2817 2144 2871 51.
2173 2816 2228 2871 Si
2254 2817 2479 2870 omnino
2503 2815 2752 2886 ejusdem
2780 2815 2997 2870 numeri
3025 2829 3148 2869 esse
3170 2820 3426 2883 oporteat
3446 2826 3574 2866 cum

1990 2910 2226 2971 naturis,
2271 2910 2414 2963 sicut
2455 2910 2801 2973 aiunt,-cum
2838 2909 3054 2963 unicam
3098 2906 3336 2962 dicimus
3373 2912 3578 2961 sanctae

1991 3000 2285 3056 Trinitatis
2309 3010 2585 3063 naturam,
2610 3001 2826 3056 unicam
2850 3007 3098 3055 asserant
3117 3006 3172 3052 et
3193 2995 3572 3069 hypostasim;
3666 3027 3683 3042 ο

1991 3102 2086 3163 aut
2126 3108 2251 3147 cum
2305 3101 2415 3146 tres
2456 3092 2705 3146 dicamus
2751 3092 3103 3162 liypostases,
3143 3097 3253 3144 tres
3288 3087 3475 3142 dicant
3519 3092 3577 3139 et

284 3201 387 3255 καὶ
413 3178 521 3263 τὰς
555 3197 752 3266 φύσεις
772 3213 786 3226 υ
823 3192 1004 3265 πολλῷ
1045 3192 1155 3264 γὰρ
1196 3191 1398 3261 μᾶλλον
1438 3189 1540 3241 οὐκ
1573 3186 1720 3239 ἐστιν
1750 3183 1885 3237 ὑπό-

2001 3195 2220 3240 naturas
2247 3204 2260 3238 ε
2293 3201 2418 3239 nam
2446 3186 2616 3239 multo
2652 3185 2824 3253 magis
2854 3199 2962 3237 non
2990 3191 3074 3236 est
3105 3179 3415 3253 hypostasis
3442 3178 3575 3234 abs-

288 3307 488 3353 στασις
521 3288 798 3350 ἁνούσιος,
830 3286 977 3357 ἢπερ
1005 3283 1161 3337 οὐσία
1189 3280 1563 3340 ἀνυπόστατος

359 3383 465 3452 νβ’.
513 3381 577 3433 El
629 3381 661 3449 ἡ
714 3378 908 3440 ἔνωσις
961 3376 1059 3430 καὶ
1108 3367 1177 3428 τὰ
1219 3373 1478 3445 ἡνωμένα
1527 3368 1622 3423 τοῦ
1672 3366 1807 3437 πρός
1837 3382 1889 3418 τι

288 3474 411 3526 ἔστι
442 3473 620 3525 πᾶσιν
649 3468 1115 3540 ώμολογήμένως,
1139 3464 1257 3527 πῶς
1291 3462 1427 3535 μετὰ
1447 3461 1547 3533 τὴν
1570 3462 1766 3514 ἕνωσιν
1789 3459 1889 3511 οὐκ

289 3562 437 3617 εἶναι
459 3563 560 3616 δύο
587 3561 717 3615 τάδε
748 3561 784 3615 ἃ
810 3563 903 3614 καὶ
932 3559 1190 3629 ἡνωμένα
1217 3552 1357 3610 εἶναι
1375 3552 1733 3625 ὀνομάζουσιν
1757 3552 1891 3620 άλη-

290 3659 426 3720 θῶς,
460 3656 675 3711 οἴονται
701 3656 841 3720 οἴδε;
871 3654 984 3725 Τῆς
1017 3654 1127 3722 γὰρ
1168 3649 1419 3712 ἑνὼσεως
1451 3648 1526 3719 μὴ
1555 3645 1883 3714 παυθείσης,

288 3752 517 3818 ἀνάγκη
552 3748 653 3802 καὶ
679 3747 750 3800 τὰ
777 3747 1035 3817 ἡνωμένα
1070 3741 1512 3810 συνεισάγεσθαι.
1548 3739 1667 3793 Ἔτι
1706 3736 1813 3807 μὴν
1842 3735 1892 3788 ει

295 3847 377 3914 μὴ
398 3842 513 3913 πρδ
534 3842 635 3912 τῆς
667 3840 920 3901 ὲνώσεως
951 3837 1045 3892 δύο
1071 3832 1139 3906 ἦν
1163 3837 1285 3890 τάδε
1316 3833 1457 3889 αὐτὰ
1480 3832 1548 3886 τὰ
1580 3832 1722 3885 κατὰ
1754 3832 1891 3900 Χρι-

296 3938 425 3990 στὸν
456 3936 719 4007 ἡνωμένα
744 3931 980 4004 κυρίως’
1012 3930 1072 3983 οὐ
1102 3930 1211 4000 γὰρ
1240 3928 1323 3999 δὴ,
1342 3927 1418 3990 ὡς
1446 3925 1740 3996 Νεστόριος
1767 3920 1894 3992 βού-

299 4030 477 4092 λεται,
521 4026 623 4080 καὶ
664 4021 991 4095 προῦπῆρξε
1039 4022 1102 4074 τὸ
1148 4020 1492 4089 ἀνθρώπινον
1524 4015 1621 4069 τοῦ
1656 4014 1890 4085 Κυρίου,

301 4116 423 4171 εἶτα
442 4116 670 4171 ἑνοῦται
693 4133 706 4146 ·
747 4108 889 4187 μὴτε
926 4114 1069 4183 μετὰ
1100 4098 1199 4183 τὴν
1221 4111 1416 4165 ἕνωσιν
1446 4110 1641 4179 ὁρᾶται
1677 4107 1798 4160 δύοο
1832 4105 1893 4158 οὐ

302 4211 413 4277 γάρ
466 4210 590 4261 ἐστι
632 4206 790 4274 λῆξις
833 4204 997 4275 τῆσδε
1046 4204 1154 4274 τῆς
1197 4202 1513 4274 ἀπεράντου
1545 4197 1824 4260 ἐνώσεως·
1859 4195 1893 4267 ἢ

300 4301 591 4363 οὐδέποτε,
638 4300 673 4369 ἢ
720 4301 780 4351 ὲν
826 4299 893 4368 τῇ
928 4294 1265 4350 ἑνώσειὲστὶ
1303 4292 1397 4346 δύο
1423 4291 1492 4345 τὰ
1525 4289 1781 4362 ἡνωμένα
1837 4287 1896 4339 ὲν

302 4392 529 4464 Χριστῷ
562 4391 910 4461 ἀσυγχύτως.

376 4494 479 4553 νγ’.
536 4484 634 4537 Ἐκ
679 4482 775 4536 δύο
805 4480 1027 4550 φύσεων
1076 4479 1109 4550 ἦ
1146 4476 1343 4532 κοινῶν
1378 4460 1574 4530 Ἲὶδικῶν
1630 4489 1764 4543 φασι
1803 4470 1896 4524 τὸν

1987 3293 2095 3347 que
2123 3276 2363 3331 essentia
2396 3292 2560 3346 quam
2589 3277 2826 3330 essentia
2856 3275 3065 3344 absque
3094 3272 3401 3346 hypostasi.

2060 3371 2146 3425 52.
2202 3369 2256 3424 Si
2310 3369 2569 3424 omnibus
2624 3367 2678 3421 in
2731 3367 2982 3436 professo
3025 3373 3155 3420 sunt
3206 3362 3471 3419 adunatio
3520 3369 3579 3417 et

1988 3462 2229 3517 adunata
2263 3477 2447 3530 rerum
2479 3461 2545 3515 ad
2571 3460 2879 3531 quodlibet,
2905 3456 3181 3529 quomodo
3210 3451 3337 3524 pust
3362 3453 3577 3509 aduna-

1993 3556 2198 3610 tionem
2246 3570 2356 3609 non
2392 3570 2515 3609 esse
2556 3553 2669 3607 duo
2711 3553 2828 3607 hwe
2856 3549 2979 3621 quae
3010 3560 3066 3605 et
3105 3549 3344 3604 adunata
3379 3547 3582 3602 merito

1992 3653 2212 3710 vocant,
2245 3644 2586 3698 arbitrantur
2617 3643 2743 3697 isti?
2769 3642 2888 3696 Non
2916 3641 3063 3695 enim
3092 3645 3345 3703 cessante
3370 3636 3583 3691 aduna-

1995 3738 2164 3801 tione,
2198 3749 2425 3791 necesse
2472 3744 2557 3801 est
2598 3743 2654 3789 et
2688 3734 2926 3788 adunata
2971 3746 3080 3786 una
3124 3729 3334 3785 induci.
3384 3727 3584 3782 Adhuc

1996 3838 2177 3884 tamen
2206 3829 2249 3883 si
2279 3837 2407 3882 ante
2431 3827 2822 3881 adunationem
2845 3840 2958 3880 non
2986 3825 3096 3878 duo
3123 3831 3313 3878 essent
3334 3820 3438 3875 ista
3460 3834 3585 3889 qua:

1995 3922 2050 3977 in
2076 3920 2300 3976 Christo
2328 3919 2644 3988 specialiter
2664 3918 2903 3972 adunata
2937 3923 3088 3977 sunt,
3117 3929 3230 3968 non
3256 3912 3408 3967 enim
3439 3911 3585 3966 sicut

1990 4013 2112 4067 vult
2172 4011 2492 4074 Nestorius,
2573 4006 2897 4079 praeexstitit
2963 4006 3264 4065 humanum
3313 4003 3582 4066 Domino,

1996 4105 2203 4161 deinde
2228 4105 2528 4158 adunatum
2560 4109 2663 4167 est,
2692 4114 2796 4155 nec
2819 4109 2944 4170 post
2969 4097 3359 4153 adunationem
3390 4094 3587 4150 viden-

2002 4208 2092 4254 tur
2118 4197 2266 4263 duo;
2311 4211 2421 4251 non
2468 4195 2616 4250 enim
2651 4191 3006 4247 adunationis
3039 4189 3206 4260 hujus
3235 4188 3446 4258 absque
3476 4186 3585 4242 ﬁne

1999 4290 2238 4347 cessatio
2264 4296 2349 4343 est
2377 4306 2390 4341 :
2422 4287 2506 4341 vel
2537 4299 2841 4355 nunquam,
2872 4283 2956 4338 vel
2994 4283 3050 4337 in
3087 4280 3421 4336 adunatione
3457 4286 3587 4334 sunt

2003 4381 2112 4437 duo
2145 4380 2199 4435 in
2229 4378 2451 4435 Christo
2479 4377 2687 4446 absque
2720 4372 3046 4430 confusione
3073 4371 3334 4427 adunata.

2074 4473 2162 4527 55.
2194 4472 2235 4527 E
2265 4470 2481 4525 duabus
2504 4466 2718 4522 naturis
2750 4473 2843 4520 aut
2871 4461 3259 4519 communibus
3289 4469 3385 4515 aut
3410 4460 3588 4530 parti-

307 4551 515 4647 Κύριον
552 4573 715 4644 ἡμῶν
752 4570 965 4643 Ἰησοῦν
991 4569 1256 4640 Χριστόν.
1288 4563 1357 4623 Ei
1400 4567 1499 4637 μὲν
1527 4561 1632 4647 ,οῦν
1676 4563 1885 4629 κοινῶν1

2008 4565 2291 4622 cularihus
2332 4561 2625 4618 Dominum
2664 4564 2916 4613 nostrum
2949 4554 3135 4611 Iesum
3178 4552 3458 4609 Christum
3497 4551 3587 4606 di-

306 4667 401 4718 καὶ
441 4666 596 4718 πᾶσα
631 4665 667 4731 ἡ
696 4664 835 4730 άγία
882 4659 1057 4731 Τριὰς
1096 4657 1393 4729 ὲσαρκώθη
1422 4656 1513 4709 καὶ
1554 4654 1895 4723 ἐσταυρώθη,

309 4758 404 4811 καὶ
436 4757 596 4809 πᾶσα
632 4755 666 4822 ἡ
703 4752 1063 4823 ἁνθρωπότης
1103 4751 1159 4803 ὲν
1194 4748 1345 4819 αὺτῷ
1369 4765 1383 4780 ·
1419 4749 1468 4800 εἰ
1501 4747 1559 4800 δὲ
1597 4746 1656 4812 ἐξ
1692 4744 1900 4806 ίδικῶν,

305 4850 342 4920 ἢ
374 4850 636 4918 δυνάμει,
664 4846 700 4915 ἢ
736 4843 992 4915 ἐνεργείᾳ
1014 4836 1155 4896 εἶναι
1181 4840 1697 4911 προεπινοουμένων
1721 4838 1905 4897 αὐτοῖς

308 4941 421 5009 προ
448 4937 717 5008 Χριστοῦ.
748 4935 811 4988 El
847 4935 949 5009 μὲν
978 4928 1073 4986 οὖν
1103 4930 1337 5000 δυνάμει
1370 4929 1552 4998 μόνον,
1578 4927 1611 4996 ἢ
1643 4926 1783 4997 μετὰ
1807 4928 1906 4996 τὴν

306 5034 513 5087 ἕνωσιν
545 5029 713 5093 εὐθὺς
739 5027 975 5096 γέγοναν
1001 5022 1150 5093 αὐτῷ
1172 5022 1268 5076 καὶ
1293 5019 1545 5090 ἐνεργείᾳ
1573 5018 1666 5071 δύο
1692 5017 1902 5085 φύσεις·

304 5125 343 5196 ἦ
381 5122 544 5178 οῦπω
578 5120 703 5191 μὲν,
739 5119 956 5172 ἔσονται
1003 5116 1063 5169 δέ
1100 5132 1256 5178 ποτε,
1297 5113 1331 5184 ἢ
1371 5110 1628 5165 οὐδέποτε
1666 5109 1906 5177 γίνονται

307 5214 596 5284 ἐνεργείᾳ,
629 5211 729 5267 καὶ
777 5209 970 5263 νοοῖντ⁹
1006 5207 1075 5262 ἂν
1105 5205 1304 5260 οὑτωσὶ
1354 5203 1443 5258 ἀεί
1472 5219 1533 5256 τε
1563 5200 1773 5262 ἀτελεῖς
1812 5200 1908 5253 καὶ

313 5308 501 5378 μάτην
538 5306 764 5377 ἔχουσαι
795 5302 957 5356 τοῦτο
1003 5299 1232 5368 δυνάμει
1277 5300 1359 5362 είς
1386 5297 1416 5350 δ
1462 5294 1656 5350 οῦποτε
1689 5293 1909 5364 ἥξουσιν

311 5396 611 5471 ἐνεργείᾳ·
646 5395 698 5449 εί
745 5393 805 5448 δὲ
845 5391 1102 5464 ἐνεργείᾳ
1142 5389 1307 5453 οὔσας
1342 5391 1438 5443 καὶ
1486 5389 1589 5461 προ
1631 5388 1730 5458 τῆς
1767 5385 1908 5439 κατὰ

312 5489 419 5560 τὴν
463 5486 784 5557 οἰκονομίαν
834 5481 1084 5547 ἑνώσεως
1127 5483 1278 5535 ῐσασι
1316 5480 1487 5535 ,τάσδε
1524 5478 1696 5560 tam;
1727 5494 1783 5529 τε
1815 5477 1910 5529 καὶ

311 5580 619 5642 διεστώσας
678 5578 777 5632 καὶ
827 5571 1150 5644 ὑφεστώσας
1208 5572 1308 5636 τὰς
1363 5571 1475 5638 δύο,
1510 5550 1568 5624 ἐν
1615 5570 1722 5623 τίνι
1777 5571 1911 5640 πρὶς

314 5672 617 5743 Νεοτόριον
643 5667 1005 5738 διαφωνοῦσι,
1040 5666 1369 5734 λεγέτωσαν.
1451 5729 1455 5733 ἢ

2005 4666 2138 4713 eunt
2166 4675 2179 4710 :
2206 4657 2389 4724 itaque
2416 4654 2464 4709 si
2495 4668 2526 4708 e
2551 4649 2958 4712 communibus,
2992 4654 3190 4702 cuncta
3222 4659 3441 4715 quoque
3468 4643 3593 4698 Τι-ἰ-

2005 4750 2151 4804 nitas
2199 4756 2387 4802 sancta
2433 4746 2717 4799 incarnata
2766 4742 2850 4795 est
2892 4747 2947 4795 et
2981 4735 3264 4801 cruciﬂxa,
3307 4745 3364 4791 et
3392 4742 3590 4790 cuncta

2009 4842 2062 4895 in
2095 4841 2235 4910 ipso.
2271 4838 2326 4894 Si
2355 4853 2385 4892 e
2408 4833 2853 4907 particularibns.
2882 4845 3006 4900 qua!
3035 4828 3248 4884 scilicet
3270 4836 3364 4881 aut
3396 4834 3594 4896 poten-

2010 4931 2105 4993 tia,
2137 4937 2232 4983 aut
2273 4910 2593 4998 operatione
2641 4937 2761 4978 esse
2791 4920 3140 4992 praacogitata
3184 4924 3316 4973 sunt
3355 4917 3425 4988 ab
3458 4917 3593 4986 ipsis

2009 5029 2135 5076 ante
2165 5018 2469 5081 Christum,
2503 5014 2777 5085 siquidem
2805 5012 3049 5083 potentia
3085 5019 3319 5072 tantum,
3348 5009 3433 5063 vel
3468 5017 3594 5078 post

2010 5111 2401 5167 adunationem
2433 5107 2545 5162 cito
2581 5106 2720 5160 facta
2747 5111 2875 5159 sunt
2905 5102 3008 5173 ipsi
3039 5110 3095 5156 et
3121 5101 3441 5171 operatione
3471 5098 3597 5154 dure

2011 5213 2247 5265 naturaa,
2290 5202 2374 5256 vel
2410 5215 2520 5255 non
2566 5197 2679 5253 cito
2706 5195 2954 5262 quidem,
2997 5193 3094 5249 sed
3133 5209 3257 5247 mox
3287 5198 3473 5255 erunt,
3504 5189 3593 5244 vel

2013 5307 2295 5361 nunquam
2344 5291 2483 5345 {lunt
2526 5288 2867 5358 operatione,
2900 5294 2956 5339 et
2988 5283 3056 5338 ad
3102 5284 3183 5339 sic
3214 5281 3596 5353 cogitandum,

2012 5380 2596 5453 semperénperfcctaa
2634 5388 2692 5434 et
2719 5393 2857 5434 vane
2891 5377 2946 5431 id
2979 5374 3302 5445 impotentia
3328 5373 3599 5430 habentes

2013 5475 2081 5529 ad
2117 5472 2262 5544 quod
2297 5460 2580 5541 nunquam
2626 5483 2795 5539 opere
2829 5464 3156 5541 devenient;
3189 5464 3233 5519 si
3271 5478 3400 5518 vero
3429 5478 3601 5517 ener-

2015 5567 2103 5638 gia
2129 5564 2460 5620 exsistentes
2489 5569 2546 5617 et
2578 5569 2705 5616 ante
2743 5557 3135 5615 adunationem
3173 5554 3475 5610 secundum
3511 5554 3598 5609 in-

2016 5658 2391 5714 carnationem
2420 5661 2663 5710 noscunt
2691 5652 2792 5706 has
2834 5649 3196 5721 particulares
3234 5655 3291 5701 et
3318 5653 3604 5716 separatas

2017 5761 2072 5804 et
2102 5748 2428 5803 substitutas
2474 5745 2632 5809 duas,
2682 5743 2737 5798 in
2784 5757 2894 5813 quo
2946 5757 2978 5796 a
3022 5739 3279 5796 Nestorio
3317 5735 3602 5799 differant,

2021 5841 2219 5896 dicunt.
3241 5836 3247 5843 ”
