4034 6442
466 416 606 482 1799

1704 412 2012 474 LEONTII
2053 398 2453 475 Bl’ZANTlNI

3583 419 3718 486 1800

533 529 624 583 Μ.
656 525 713 581 Si
739 516 916 579 totum
942 522 1236 592 compositi
1256 521 1462 577 Christi
1492 523 1661 576 Deum
1685 534 1739 577 et
1762 524 2040 579 hominem

2218 526 2310 579 νδ’.
2346 528 2405 578 El
2432 527 2492 579 τὺ
2530 526 2649 578 ὅλον
2676 526 2772 578 τοῦ
2802 528 3056 581 συνθέτου
3080 527 3316 600 Χριστοῦ
3344 529 3476 583 Θεὸν
3509 532 3599 585 καὶ
3627 530 3720 584 ἄν-

461 617 767 679 conﬁteris,
792 622 927 669 ecoe’
948 614 1271 668 totalitatem
1297 614 1366 667 ab
1390 613 1746 668 eﬂicientium
1768 630 1887 670 eam
1914 631 2040 685 par-

463 710 600 763 tium
622 705 941 761 nominibus
965 704 1220 770 vocabis;
1251 704 1530 774 quomodo
1553 719 1685 775 ergo
1714 714 2037 761 naturarum

459 800 837 871 duplicitatem
883 797 1177 851 adunatam
1228 813 1338 852 non
1384 796 1524 852 dicis
1569 812 1691 853 esse
1732 799 2036 863 Christum,

460 908 581 961 quae
608 898 739 946 sunt
758 890 902 944 Deus
921 896 977 943 et
1002 888 1169 943 homo
1192 897 1249 944 et
1270 898 1457 959 partes
1487 889 1657 945 totius
1683 890 2042 960 hypostaseos

348 1002 351 1003 '
456 981 699 1038 Christi?

529 1073 619 1128 55.
654 1072 711 1128 Si
743 1088 853 1126 non
887 1072 1010 1128 dua:
1027 1072 1134 1128 Dei
1162 1081 1219 1126 et
1248 1072 1493 1128 hominis
1523 1084 1750 1138 naturae,
1782 1074 1877 1129 sed
1906 1089 2035 1143 una,

456 1178 709 1232 quaenam
743 1164 968 1232 proprie
1015 1163 1222 1218 Christi
1269 1172 1351 1218 est
1383 1172 1597 1218 natura.
1633 1164 1776 1234 Ergo
1814 1165 2037 1220 realiter

456 1253 765 1309 secundum
795 1268 893 1308 vos
924 1252 1139 1319 fChris‘ti
1177 1269 1377 1323 parens
1410 1263 1599 1308 sancta
1635 1240 1796 1326 Virgo
1836 1264 1893 1311 et
1929 1270 2036 1309 non

457 1346 552 1400 Dei
584 1361 787 1416 parens
818 1346 1119 1411 diceretur,
1150 1363 1274 1417 qua:
1305 1350 1559 1402 naturam
1589 1348 1818 1403 alteram
1849 1363 1879 1402 a
1910 1347 2044 1403 sim-

459 1437 677 1506 pliciter
701 1437 888 1491 divina
914 1445 971 1491 et
1001 1438 1239 1492 humana
1273 1440 1545 1509 genuerit.

528 1528 616 1582 56.
646 1528 843 1584 Adhuc
865 1545 896 1583 a
924 1529 1296 1585 dill'erentiam
1332 1531 1647 1586 dicentibus
1668 1540 1857 1586 etnon
1882 1530 2042 1586 diﬁ'e-

458 1615 637 1670 rcntia
670 1618 1096 1674 numerantibus
1120 1620 1513 1688 inquirendum
1544 1638 1557 1672 :
1586 1621 1743 1688 quasi
1777 1619 2039 1675 distincta

368 1768 376 1773 _
457 1708 625 1762 verbo
656 1709 893 1764 dicimus
922 1718 978 1764 et
1016 1726 1127 1765 non
1164 1712 1320 1780 quasi
1351 1712 1575 1766 deﬁnita
1617 1712 2037 1783 hypostasibus;

458 1814 639 1853 nonne
680 1799 1059 1887 deﬁnitionem
1094 1802 1287 1857 dicunt
1328 1811 1456 1857 ante
1500 1803 1869 1859 differentiam
1918 1818 2039 1859 esse

2148 616 2368 687 θρωπον
2393 618 2699 687 ὁμολογεῖς,
2736 619 2845 671 ἰδοὺ
2879 620 2976 687 τὴν
3005 620 3236 690 όλότητα
3281 623 3349 691 τῇ
3390 620 3497 675 τῶν
3528 622 3723 676 ἀποτε-

2147 707 2411 759 λεστικῶν
2444 709 2611 777 αὐτῆς
2668 710 2849 779 μερῶν
2910 710 3200 781 ἐπωνυμία
3256 712 3718 782 προσαγορεύεις

2148 797 2263 859 πῶς
2299 797 2392 850 οὖν
2424 798 2521 867 τὴν
2557 798 2729 858 δυάδα,
2747 801 2857 852 τῶν
2887 800 3100 869 φύσεων
3135 804 3421 873 ἡνωμένην
3460 804 3521 860 οὐ
3544 804 3721 873 λέγεις

2146 884 2287 941 εἶναι
2316 891 2572 962 Χριστὸν,
2610 892 2803 961 αἰξείσι
2825 892 2959 956 Θεὸς
2991 894 3082 945 καὶ
3113 893 3420 960 ἄνθρωπος,
3450 895 3542 948 καὶ
3580 897 3721 967 μέρη

2146 978 2244 1047 τῆς
2280 977 2408 1048 ὅλης
2441 978 2793 1043 ὑποστάσεως
2825 980 3096 1051 Χριστοῦ;

2220 1071 2315 1124 νε’.
2351 1072 2415 1124 El
2465 1074 2540 1144 μὴ
2569 1073 2663 1126 δύο
2719 1074 2911 1142 φύσεις
2951 1074 3087 1127 Θεοῦ
3125 1075 3218 1128 καὶ
3250 1076 3561 1146 ἀνθρώπου,
3587 1077 3723 1131 ἀλλὰ

2154 1164 2273 1232 μία,
2306 1163 2389 1223 τίς
2442 1164 2586 1225 ἰδίως
2613 1164 2847 1235 Χριστοῦ
2878 1166 2995 1217 ἐστὶ
3041 1164 3242 1233 φύσις;
3281 1167 3422 1235 ’Λρα
3452 1184 3514 1237 γε
3554 1168 3722 1232 ὅντως

2150 1252 2275 1305 καθ’
2318 1253 2465 1321 ὑμᾶς
2510 1253 2938 1323 Χριστοτόκοςή
2994 1253 3125 1323 ἁγία
3177 1255 3452 1324 Παρθΰνος
3513 1257 3607 1310 καὶ
3659 1258 3721 1310 οὐ

2146 1343 2410 1407 Θευτόκος
2443 1343 2691 1418 λέγοιτο,
2725 1343 2888 1414 φύσιν
2930 1345 3126 1415 ἑτέραν
3176 1333 3331 1417 παρὰ
3385 1347 3485 1418 τὴν
3533 1346 3722 1410 ἁπλῶς

2148 1435 2298 1490 θείαν
2333 1438 2425 1490 καὶ
2457 1430 2805 1505 ἀνθρωπείαν
2830 1435 3090 1490 τεκοῦσα.

2218 1534 2326 1593 νς’.
2367 1527 2489 1580 Ἔτι
2521 1520 2822 1597 ὲρωτητέὀν
2869 1527 3068 1589 αὐτοὺς
3104 1528 3362 1596 λέγοντας
3391 1529 3490 1599 τὴν
3531 1529 3719 1598 διαφο-

2149 1619 2270 1691 ρὰν,
2293 1619 2389 1672 καὶ
2423 1619 2524 1671 οὐκ
2549 1617 2916 1689 ἀριθμοῦντας
2945 1617 3013 1671 τὰ
3040 1619 3388 1689 διαφέρονταο
3424 1621 3499 1683 ὡς
3533 1621 3719 1674 διακε-

2147 1711 2384 1783 κριμένα
2407 1711 2484 1781 τῷ
2514 1710 2659 1782 λόγῳ
2682 1724 2884 1781 φαμεν,
2911 1712 3004 1765 καὶ
3028 1712 3127 1782 οὐχ
3154 1713 3229 1772 ὡς
3253 1712 3583 1784 διωρισμένα
3599 1716 3722 1778 ταῖς
3822 1754 3829 1761 .

2149 1804 2529 1857 ὕποστάσεσιψ
2570 1798 2681 1874 ἆρά
2726 1819 2859 1871 φασι
2901 1804 2993 1856 τὸν
3025 1802 3308 1874 διορισμὸν
3334 1806 3439 1875 πρὸ
3471 1804 3569 1873 τῆς
3607 1804 3722 1857 δια-

456 1896 688 1954 natnrze,
731 1905 799 1944 an
843 1906 970 1944 cum
1004 1891 1356 1947 differentia?
1386 1892 1444 1948 Si
1485 1908 1616 1963 ergo
1657 1893 1879 1964 quidem
1913 1902 2042 1949 ante

2151 1893 2315 1963 φορᾶς
2340 1887 2483 1944 εἶναι
2512 1891 2746 1962 φύσει,ἢ
2776 1894 2873 1946 σὺν
2906 1894 2971 1963 τῇ
2993 1891 3262 1962 διαφορᾷς
3293 1894 3353 1947 Εἰ
3383 1894 3482 1963 μὲν
3500 1888 3592 1946 οὗν
3616 1893 3724 1958 πρὸ

456 1980 823 2039 diﬁerentiam
859 1983 1122 2047 dixerint,
1151 1985 1256 2039 erit
1290 1993 1348 2039 et
1373 1985 1443 2041 de
1473 1987 1703 2041 omnino
1731 2002 1841 2043 non
1873 1985 2040 2041 dill'e-

458 2070 710 2136 rentibus
737 2070 1011 2136 deﬁnitio,
1041 2073 1190 2128 sicut
1218 2074 1562 2130 deﬁniuntur
1590 2083 1647 2130 et
1673 2083 1960 2144 punctum,
1987 2082 2043 2129 et

460 2164 643 2217 unitas
669 2172 726 2218 et
763 2164 1014 2233 spiritus,
1040 2173 1100 2219 et
1130 2165 1246 2233 ipsa
1275 2164 1813 2235 diﬂ‘erentizeexpers
1857 2165 2042 2219 divina

458 2263 693 2320 natura;
743 2264 801 2310 et
836 2271 945 2309 una
970 2271 1102 2326 ergo
1135 2256 1270 2325 ipsis
1313 2267 1508 2312 natura
1550 2257 1852 2312 secundum
1894 2256 2043 2326 quod

459 2345 623 2400 unica
650 2345 946 2412 deﬁnitur;
976 2362 1141 2417 porro
1166 2347 1474 2402 secundum
1505 2348 1652 2417 quod
1676 2346 1960 2411 deﬁnitur,
1985 2355 2041 2401 et

458 2454 488 2490 a
531 2453 764 2492 numero
810 2437 1104 2504 discessit;
1144 2455 1247 2494 nec
1288 2440 1438 2495 unici
1479 2439 1686 2494 Christi
1722 2454 2038 2504 numerum,

456 2525 556 2580 sed
599 2535 657 2581 et
686 2526 926 2597 Spiritus
956 2527 1051 2597 qui
1087 2527 1142 2582 in
1178 2528 1297 2597 ipso
1321 2537 1406 2584 est
1438 2528 1842 2599 particulariter
1864 2536 1921 2583 ct
1951 2528 2038 2580 di~

459 2618 709 2673 vinitatis
741 2634 863 2688 qua:
896 2620 953 2674 in
1002 2619 1121 2689 ipso
1154 2630 1239 2674 est
1282 2619 1416 2675 dant
1459 2637 1787 2687 numerum;
1824 2622 1868 2676 si
1906 2635 2040 2676 vero

459 2723 586 2761 cum
614 2707 946 2773 diﬁ'erentia,
969 2721 1067 2765 aut
1095 2720 1218 2780 post
1241 2711 1632 2776 diﬁerentiam,
1656 2712 2036 2777 deﬁnitionem

460 2800 774 2856 necessario
807 2800 997 2857 vident
1028 2802 1424 2869 differentium,
1462 2805 1738 2875 quomodo
1770 2804 2040 2859 diﬁ‘eren-

459 2892 591 2945 tiam
624 2891 897 2957 dicentes,
920 2893 1299 2949 deﬁnitionem
1335 2895 1712 2951 differentium
1741 2898 1885 2950 circa
1918 2911 2043 2949 vcr-

362 3038 373 3047 ,
460 2984 591 3039 bum
640 2999 751 3039 non
799 2983 1026 3039 dicunt?
1079 2986 1147 3040 Et
1198 2986 1477 3055 quomodo
1527 3003 1636 3041 non
1688 3003 1757 3043 ex
1791 2987 2039 3040 omnium

458 3090 732 3132 consensu
776 3082 831 3129 et
864 3085 1081 3130 servata
1119 3077 1451 3132 adunatione
1498 3078 1803 3133 secundum
1841 3077 2040 3131 horum

462 3166 823 3237 hypostasim,
845 3182 909 3232 ea
932 3182 1053 3235 quze
1077 3168 1244 3223 verho
1266 3169 1533 3224 diﬁerunt
1561 3177 1618 3224 ct
1646 3167 2040 3223 dill'erentibus

460 3256 863 3313 deﬁnientibus
944 3258 1131 3314 verbis
1173 3259 1327 3328 quasi
1358 3260 1693 3331 quibusdam
1763 3242 2038 3314 limitibus

461 3347 687 3402 deﬁnita
726 3350 1063 3403 numerant?

2142 1984 2241 2053 τῆς
2273 1982 2534 2052 διαφορᾶς
2566 1982 2791 2048 εἴποιεν,
2815 1983 2966 2035 ἔσται
3017 1984 3110 2035 καὶ
3138 1985 3194 2036 ἐν
3221 1989 3330 2046 τοῖς
3357 1984 3535 2052 πάντη
3564 1983 3717 2037 ἀδια-

2145 2077 2333 2146 φόροις
2366 2077 2394 2127 ὁ
2425 2074 2725 2145 διορισμὸς,
2773 2075 2849 2137 ὼς
2893 2074 3174 2144 διωρίσθαι
3207 2075 3301 2126 καὶ
3335 2076 3593 2146 στιγμὴν,
3627 2075 3721 2126 καὶ

2149 2166 2377 2235 μονάδα,
2408 2166 2502 2217 καὶ
2547 2164 2702 2229 νοῦν,
2743 2164 2839 2217 καλ⁸
2889 2166 3057 2234 αὐτὴν
3100 2166 3199 2234 τὴν
3243 2165 3534 2234 ἀδιάφορον
3567 2164 3720 2218 θείαν

2148 2259 2331 2330 φύσινο
2360 2259 2453 2312 καὶ
2482 2259 2515 2328 ἠ
2542 2257 2642 2327 μία
2674 2253 2766 2311 οὖν
2797 2259 2983 2321 αὐτοῖς
3014 2257 3194 2326 φύσις,
3232 2259 3355 2312 καθ’
3410 2258 3440 2312 ὁ
3493 2259 3612 2327 μία,
3642 2258 3720 2312 δι-

2147 2332 2403 2421 ὥρισται·
2435 2350 2554 2402 καθ’
2596 2349 2625 2402 ὃ
2652 2350 2708 2402 δὲ
2736 2349 3042 2419 διώρισται,
3067 2350 3161 2403 καὶ
3178 2339 3715 2421 άριθμιῖίὺπέπεσεψ

2145 2442 2208 2496 οὐ
2243 2442 2405 2513 μόνου
2436 2458 2495 2493 τε
2520 2440 2756 2511 Χριστοῦ
2781 2440 3034 2511 ἀριθμὸν,
3062 2443 3198 2495 ἀλλὰ
3232 2443 3326 2495 καὶ
3361 2439 3456 2494 τοῦ
3493 2443 3549 2494 ὲν
3572 2440 3720 2510 αύτῷ

2144 2533 2236 2586 νοῦ
2271 2533 2374 2599 ἰδία
2402 2533 2496 2585 καὶ
2524 2532 2622 2601 τῆς
2651 2534 2709 2585 ὲν
2743 2531 2892 2602 αὐτῷ
2917 2532 3169 2603 θεότητος
3199 2532 3433 2585 διδόασιν
3464 2531 3713 2602 ἀριθμόν

2144 2628 2194 2678 εί
2224 2625 2277 2678 δὲ
2308 2625 2404 2677 σὺν
2433 2626 2500 2694 τῇ
2526 2623 2781 2695 διαφορᾷ,
2812 2623 2845 2690 ἢ
2896 2624 3034 2694 μετὰ
3058 2624 3155 2693 τὴν
3204 2623 3491 2693 διαφορὰν,
3523 2622 3616 2677 τὸν
3639 2622 3689 2674 δι

2144 2714 2372 2786 ορισμὸν
2419 2713 2730 2783 ἀναγκαίως
2772 2713 2942 2784 ὁρῶσι
2989 2712 3097 2765 τῶν
3145 2712 3509 2783 διαφερόντων
3534 2752 3549 2775 ,
3604 2711 3720 2774 πῶς

2147 2805 2419 2877 διαφορὰν
2450 2806 2706 2874 λέγοντες
2758 2805 2850 2858 τὸν
2878 2804 3020 2858 κατὰ
3046 2805 3137 2869 τὸν
3182 2805 3340 2871 λόγον
3388 2806 3499 2858 τῶν
3534 2806 3721 2874 διαφε-

2151 2901 2356 2970 ρόντων
2415 2896 2691 2969 διορισμὸν
2723 2895 2783 2948 οὗ
2816 2913 2982 2963 φασι,
3034 2895 3131 2948 καὶ
3153 2895 3600 2965 ὁμολογουμένως
3626 2897 3723 2949 καὶ

2149 2993 2247 3062 τῆς
2274 2991 2395 3044 καθ’
2426 2990 2723 3043 ὑπόστασιν
2757 2987 2936 3042 αὐτῶν
2989 2987 3235 3055 ενώσεως
3272 2989 3722 3059 φυλαττομένης,

2149 3085 2219 3134 τὰ
2262 3081 2594 3152 διαφέροντα
2655 3080 2901 3152 τῷλόγῳ
2956 3084 3048 3136 καὶ
3102 3082 3376 3153 διαφόροις
3428 3083 3724 3154 ὁριστικοϊς

2148 3172 2328 3241 λόγοις
2360 3167 2472 3227 οἷόν
2516 3188 2659 3225 τισιν
2687 3173 2832 3244 ὅροις
2883 3171 3231 3244 διοριζόμενα
3277 3173 3724 3245 ἀπαριθμοῦσιν;

530 3441 622 3495 57.
654 3441 932 3496 Numerus
961 3451 1057 3496 aut
1089 3459 1222 3513 prm,
1264 3455 1361 3500 aut
1391 3462 1497 3500 una
1534 3454 1636 3500 aut
1668 3453 1792 3515 post
1823 3443 2042 3499 exsistit

2212 3438 2312 3502 νζν.
2330 3437 2389 3490 Ὀ
2413 3433 2646 3505 ἀριθμὸς
2673 3431 2704 3504 ἢ
2740 3433 3085 3504 προῦπάρχει
3108 3435 3140 3506 ἣ
3176 3437 3510 3508 συνυπάρχει
3537 3437 3570 3507 ἢ
3599 3436 3728 3509 μεθ.

463 3533 692 3587 relative
725 3533 793 3589 ad
830 3533 1234 3605 diﬂ‘erentiam;
1267 3537 1640 3594 diﬁ'erentiam
1676 3552 1811 3607 ergo
1838 3536 2046 3591 aduna-

463 3634 647 3680 tarum
668 3625 885 3680 Domini
907 3634 1230 3683 naturarum
1250 3630 1346 3698 qui
1367 3629 1724 3689 conﬁtentur.
1750 3644 2043 3683 numerum

460 3717 611 3772 circa
654 3716 827 3787 ipsam
881 3734 1079 3814 nempe
1131 3720 1444 3777 diﬁ‘erentia
1488 3721 1733 3803 negotia,
1770 3720 2043 3791 siquidem

462 3818 593 3864 ante
619 3809 793 3879 ipsam
826 3809 1068 3868 noscunt
1097 3828 1416 3879 numerum,
1449 3812 1635 3867 dicant
1671 3813 1763 3868 ubi
1793 3813 2046 3868 videntes

464 3903 568 3957 ista
600 3909 696 3959 aut
739 3919 871 3958 sane
902 3903 1120 3959 diversa
1153 3912 1607 3970 numeraverunt,
1642 3912 1703 3958 ut
1729 3921 1798 3958 ex
1828 3904 2047 3960 duabus

462 3994 703 4050 diversis
730 3994 864 4064 ipsis
886 3995 960 4049 sit
985 4010 1094 4049 una
1124 4001 1321 4049 natura
1359 4006 1455 4059 aut
1484 3995 1801 4053 diﬁ‘crentia
1826 4012 2042 4066 expers,

460 4087 686 4156 quando
730 4086 908 4142 divisa
949 4097 1037 4144 est
1084 4084 1507 4147 similitudinem
1559 4088 1790 4154 habens,
1821 4087 2044 4157 quando

462 4177 704 4232 adunata
735 4185 820 4231 est
849 4192 964 4247 prae
996 4191 1055 4232 se
1097 4176 1434 4242 admittens;
1473 4177 1519 4232 si
1545 4194 1678 4233 vero
1711 4194 1838 4233 cum
1883 4178 2046 4232 diﬁ'e-

464 4268 646 4323 rentia
677 4275 774 4323 aut
800 4276 925 4339 post
953 4267 1125 4337 ipsam
1162 4283 1429 4323 numerus
1457 4276 1565 4347 est,
1594 4269 1911 4323 necessario
1943 4268 2048 4345 dif-

463 4360 756 4414 l'erentiam
782 4359 998 4422 dantes,
1036 4364 1132 4412 aut
1168 4372 1295 4413 cum
1343 4357 1459 4427 ipsa
1489 4365 1584 4411 aut
1613 4366 1838 4427 propter
1870 4357 2043 4427 ipsam

462 4457 525 4502 et
568 4463 752 4503 rerum
795 4446 1173 4501 diﬂerentium
1227 4460 1521 4501 numerum
1569 4446 1715 4516 exigi
1759 4446 2042 4501 videbunt.

536 4536 627 4592 58.
663 4535 719 4590 Si
746 4550 913 4589 unam
946 4550 977 4590 e
1002 4534 1239 4598 duabus,
1265 4549 1369 4588 nec
1389 4533 1627 4603 amplius
1660 4532 1796 4589 duas
1822 4543 2047 4590 naturas

468 4628 685 4685 Domini
728 4628 906 4685 nostri
937 4628 1064 4684 Jesu
1102 4627 1305 4684 Christi
1348 4643 1468 4682 esse
1507 4628 1682 4692 aiunt,
1720 4628 1927 4693 dicant,
1958 4628 2045 4683 di-

468 4719 597 4774 vina
616 4719 942 4773 relationem
963 4717 1031 4772 de
1050 4717 1331 4772 communi
1348 4727 1404 4772 et
1417 4717 1733 4787 particulari
1750 4726 2046 4788 superante

2153 3530 2391 3599 υπάρχει
2451 3529 2551 3595 τῆς
2597 3524 2861 3594 διαφορᾶς
2899 3526 3110 3589 πάντως
3135 3541 3148 3555 ³
3188 3528 3285 3596 τὴν
3325 3523 3419 3580 οὖν
3460 3528 3726 3599 διαφορὰν

2149 3620 2259 3674 τῶν
2281 3618 2573 3691 ἡνωμένων
2605 3618 2817 3686 φύσεων
2843 3617 2938 3670 τοῦ
2976 3618 3186 3688 Κυρίου
3229 3620 3278 3669 ot
3312 3619 3724 3689 ὁμολογοῦντες,

2149 3712 2243 3765 τὸν
2279 3708 2513 3780 ἀριθμὸν
2554 3707 2646 3759 τὸν
2693 3709 2818 3761 κατ’
2851 3707 3055 3775 αὐτὴν,
3085 3706 3255 3777 ἡγουν
3300 3706 3369 3760 τὰ
3401 3708 3726 3780 διαφέροντα

2152 3803 2476 3874 πράγματα,
2505 3800 2553 3853 εί
2584 3801 2679 3867 μὲν
2707 3799 2814 3869 πρὸ
2842 3799 3009 3868 αὐτῆς
3042 3798 3210 3861 ῑσασι,
3245 3797 3583 3867 λεγέτωσαν,
3621 3801 3726 3855 ποῦ

2155 3894 2353 3956 ἰδόντες
2384 3891 2521 3944 αὐτὰ
2549 3890 2583 3961 ἢ
2616 3890 2747 3943 πότε
2774 3890 3007 3959 διάφορα
3043 3887 3378 3958 ἠρίθμησαν,
3411 3889 3499 3943 ἵνα
3545 3894 3608 3944 ὲκ
3633 3891 3728 3946 δύο

2155 3984 2253 4056 μὲν
2278 3984 2549 4055 διαφόρων
2587 3983 2685 4053 μία
2709 3983 2766 4036 δὲ
2793 3982 2953 4051 φύσις
2986 3982 3070 4053 εἴη
3106 3984 3292 4046 αὐτοῖς
3314 3982 3407 4036 νῦν
3437 3984 3470 4055 ἢ
3499 3974 3719 4054 ἀδιάφοέ

2154 4091 2267 4145 ρος,
2316 4075 2405 4125 ὅτε
2452 4072 2690 4125 διίστατο
2718 4072 2917 4141 ἔχουσα
2955 4070 3017 4123 τὸ
3044 4073 3250 4141 ὅμοιον,
3288 4074 3377 4125 ὅτε
3423 4072 3482 4125 δὲ
3541 4073 3724 4144 ήνώθη

2151 4165 2276 4219 τάδε
2306 4163 2547 4217 λαϐοῦσα
2575 4164 2637 4216 τὸ
2664 4163 2945 4234 διάφορον⁹
2992 4164 3041 4235 εἰ
3086 4163 3144 4215 δὲ
3186 4163 3283 4216 σὺν
3314 4167 3380 4234 τῇ
3407 4163 3659 4235 διαφορᾷ,
3691 4165 3724 4235 ἢ

2156 4259 2295 4329 μετὰ
2321 4258 2528 4327 ταύτην
2561 4257 2590 4309 ὁ
2631 4228 2863 4327 ἀριθμός
2899 4228 3069 4316 ἐστιν,
3103 4228 3419 4323 ἀναγκαίως
3463 4228 3726 4329 διαφοράν

2151 4350 2420 4422 δόντες,ἢ
2462 4352 2558 4403 σὺν
2605 4350 2779 4417 αὐτῇ,
2831 4346 2863 4416 ἢ
2910 4346 2997 4399 ἐπ’
3030 4347 3189 4417 αὐτῇ,
3232 4348 3328 4401 καὶ
3372 4348 3462 4401 τὸν
3495 4348 3723 4420 ἀριθμὸν

2152 4442 2260 4495 τῶν
2291 4440 2659 4510 διαφερόντων
2687 4438 3202 4508 είσπραχθήσονται.

2224 4532 2326 4601 νη’.
2356 4533 2420 4585 El
2460 4530 2589 4602 μίαν
2619 4532 2681 4582 ὲκ
2726 4529 2843 4592 δύο,
2871 4528 2991 4598 οὐχὶ
3037 4528 3093 4580 δὲ
3140 4529 3235 4582 καὶ
3268 4528 3362 4581 δύο
3394 4529 3585 4598 φύσεις
3626 4529 3718 4581 τοῦ

2153 4623 2361 4693 Κυρίου
2397 4621 2554 4693 ἡμῶν
2603 4620 2779 4691 Ἰησοῦ
2818 4618 3054 4690 Χριστοῦ
3077 4616 3217 4672 εἶναι
3243 4637 3396 4687 φασι,
3418 4619 3728 4686 λεγέτωσαν

2153 4717 2252 4784 τῆς
2283 4713 2433 4777 θείας
2458 4713 2599 4781 ὑπὲρ
2623 4713 2716 4764 τὸν
2739 4710 2830 4764 τοῦ
2860 4709 3039 4764 κοινοῦ
3072 4713 3166 4764 καὶ
3196 4711 3364 4764 ίδικοῦ
3386 4710 3542 4778 λόγον
3562 4709 3729 4781 οὕσης

438 4821 539 4873 ex
583 4808 828 4862 omnium
875 4821 1149 4861 consensu
1184 4814 1419 4870 natura,
1468 4806 1695 4860 alteram
1742 4806 1979 4860 duarum
2019 4822 2044 4861 c

2159 4806 2374 4875 φύσεως
2405 4802 2872 4873 ὁμολογουμένως,
2922 4802 3022 4873 τὴν
3063 4802 3255 4871 ἑτέραν
3301 4802 3409 4855 τῶν
3441 4802 3535 4855 δύο
3564 4800 3624 4867 ἐξ
3654 4796 3730 4855 ὧν

466 4899 673 4970 quibus
719 4896 991 4961 Salvator,
1038 4895 1251 4951 scilicet
1299 4895 1718 4956 huminitatem.
1756 4912 2049 4966 quamnam

468 4989 703 5045 dicunt?
753 4986 1145 5059 Communem,
1197 4994 1291 5040 aut
1341 4987 1772 5056 particularcm?
1818 4987 1873 5042 Si
1920 5002 2054 5057 ergo

468 5079 696 5151 quidem
735 5076 1124 5146 particularem
1153 5076 1440 5147 quamdam
1478 5086 1728 5132 naturam
1758 5077 2059 5147 particula-

474 5171 624 5229 riter.
638 5169 1004 5224 exsistentem
1029 5169 1308 5240 etahsque
1337 5170 1520 5225 Verbo
1547 5169 1688 5225 forte
1713 5170 1858 5226 hanc
1890 5184 2060 5225 cxco-

472 5264 673 5334 gitant,
704 5261 1056 5332 perSpicuum
1088 5271 1173 5317 est
1200 5262 1345 5332 quod
1386 5262 1769 5318 Nestorianam
1801 5262 2051 5333 impieta-

475 5363 586 5409 tem
636 5361 939 5408 sectantur.
992 5353 1049 5408 Si
1097 5369 1442 5409 communem
1491 5354 1634 5409 hanc
1681 5353 1906 5439 dicunt,
1958 5360 2053 5406 aut

475 5444 831 5516 cogitatione,
880 5453 977 5499 aut
1022 5461 1102 5510 re,
1152 5446 1320 5501 totius
1352 5461 1483 5499 vero
1522 5446 1710 5500 formae
1753 5445 2051 5499 essentiam

475 5536 668 5601 aiunt;
712 5535 758 5590 si
807 5551 940 5606 ergo
983 5537 1210 5606 quidem
1261 5538 1597 5608 cogitatione
1645 5537 1839 5591 dicunt
1888 5550 2052 5590 unam

477 5641 818 5681 esse-earum
860 5643 893 5681 e
937 5629 1144 5699 quibus
1172 5628 1425 5684 Salvator
1464 5628 1806 5698 compositus
1835 5636 1920 5681 est
1948 5640 2056 5679 una

478 5724 675 5772 natura
728 5729 1018 5788 constans,
1074 5722 1429 5791 perspicuum
1499 5728 1584 5774 est
1633 5718 1781 5789 quod
1831 5717 2062 5773 rationis

480 5810 749 5866 naturalis
773 5811 919 5866 circa
966 5812 1147 5883 ipsum
1181 5811 1360 5866 media
1406 5825 1552 5880 pars,
1588 5809 1917 5881 cogitatione
1954 5808 2063 5862 crit

477 5907 537 5953 et
587 5917 695 5958 non
739 5918 820 5969 re,
867 5903 1082 5960 scilicet
1127 5903 1428 5958 humanum
1474 5917 1601 5970 pars
1647 5898 2062 5973 compositionis

2154 4900 2185 4951 ὁ
2213 4898 2425 4968 Σωτὴρ,
2465 4896 2633 4966 ⁵λίιγουν
2666 4895 2762 4965 τὴν
2793 4894 3162 4964 ἀνθρωπείαν,
3193 4895 3386 4946 ὁποίαν
3421 4895 3551 4961 φασί
3576 4911 3590 4958 ;
3620 4911 3727 4946 κοι-

2156 4990 2275 5059 νὴν,
2304 4988 2336 5058 ἣ
2370 4987 2548 5055 ίδικήν
2571 5004 2586 5050 ;
2611 4988 2674 5039 Et
2710 4987 2808 5055 μὲν
2837 4981 2930 5039 οὖν
2980 4985 3152 5054 ίδικήν
3178 4981 3641 5047 τινα’ἰδιὰζουσάν
3669 4999 3730 5034 τε

2157 5083 2328 5151 χωρὶς
2356 5079 2451 5132 τοῦ
2472 5079 2644 5146 Λόγου
2681 5077 2811 5130 ποτὶ
2843 5076 3045 5146 ταύτην
3076 5077 3301 5137 οἴονται,
3335 5074 3494 5145 δῆλον
3520 5074 3595 5138 ὡς
3622 5073 3699 5127 Νε
3717 5104 3730 5113 -

2160 5171 2454 5243 στοριανῶς
2485 5169 2807 5225 ἀσεϐοῦσινο
2843 5170 2893 5221 εί
2936 5168 2994 5221 δὲ
3043 5167 3229 5236 κοινὴν
3272 5166 3428 5236 τήνδε
3462 5167 3730 5234 λέγουσιν,

2158 5265 2192 5336 ἢ
2239 5265 2337 5332 τὴν
2383 5262 2614 5334 ἐπινοίᾳ,
2646 5260 2679 5332 ἢ
2710 5260 2808 5330 τὴν
2854 5259 3162 5329 πράγματι,
3198 5258 3322 5311 ὅλου
3348 5258 3405 5311 δὲ
3437 5256 3530 5310 τοῦ
3560 5256 3733 5318 εἴδους

2158 5353 2345 5407 οὐσίαν
2375 5351 2562 5417 φασίν.
2611 5351 2670 5403 Ei
2706 5349 2805 5420 μὲν
2848 5345 2942 5402 οὖν
2973 5349 3070 5419 τὴν
3111 5348 3325 5418 ἐπινοίᾳ
3353 5347 3571 5414 λέγουσι
3605 5345 3736 5418 μίαν

2159 5434 2436 5491 εἶναιτῶν
2465 5436 2527 5501 ἐξ
2568 5429 2644 5489 ὧν
2690 5437 2719 5488 ὁ
2758 5435 2951 5507 Σωτὴρ
2982 5434 3235 5499 σύνθετός
3270 5436 3387 5488 ἐστι
3429 5435 3574 5488 κατὰ
3609 5436 3736 5505 μίαν

2160 5530 2321 5598 φύσιν
2351 5530 2620 5598 ὑφεστὼς,
2664 5527 2833 5596 σαφὲς
2864 5524 2941 5589 ὡς
2990 5525 3051 5578 τὸ
3089 5525 3261 5596 ἥμισυ
3285 5525 3380 5579 τοῦ
3425 5526 3543 5580 κατ’
3575 5525 3736 5578 αὑτὸν

2163 5619 2397 5690 φυσικοῦ
2423 5619 2606 5686 λόγου,
2636 5615 2849 5688 ἐπινοίᾳ
2870 5617 3021 5670 ἔσται
3052 5615 3190 5686 ἔχων
3212 5619 3306 5669 καὶ
3337 5618 3399 5670 οὐ
3427 5617 3734 5689 πράγματι,

2162 5713 2330 5782 ἤγουν
2354 5711 2415 5763 τὸ
2442 5707 2786 5779 ἀνθρώπινον
2825 5710 2987 5778 μέρος
3016 5708 3116 5778 τῆς
3144 5708 3446 5769 συνθέσεως
3476 5705 3662 5759 αὐτοῦ’
3687 5706 3735 5756 εί

2163 5805 2220 5859 δὲ
2250 5802 2395 5857 κατὰ
2424 5803 2583 5856 τοῦτο
2612 5801 2707 5854 καὶ
2750 5802 2819 5854 ta
2846 5801 2945 5871 τῆς
2975 5800 3254 5870 Παρθένου
3284 5799 3605 5870 σαρκοῦται,
3640 5799 3736 5850 καὶ

2164 5893 2471 5968 ἀνθρώποις
2517 5892 2729 5965 ὡράθη,
2769 5892 2864 5948 καὶ
2920 5891 3263 5964 ἐσταυρώθη,
3312 5892 3408 5945 καὶ
3443 5891 3512 5946 τά
3549 5888 3734 5957 λοιπὰ,
