4034 6406
314 353 435 421 1801

1454 366 1757 429 CONTRA
1792 370 2393 441 MONOPHYSITAS.

3454 392 3589 460 1802

306 469 518 534 πάντως
547 469 645 524 καὶ
670 470 851 527 ταῦτα
882 474 1099 546 ἐπινοίᾳ
1140 474 1234 528 καὶ
1272 478 1331 529 οὐ
1368 478 1658 549 πράγματι
1686 481 1880 554 ἀληθῶς

2002 488 2145 558 ejus.
2178 488 2235 544 Si
2268 507 2397 548 vere
2426 493 2573 550 circa
2617 495 2754 550 illud
2785 506 2840 552 et
2869 513 2903 568 ο
2932 499 3155 572 Virgine
3183 502 3507 565 incernatur
3531 523 3589 567 et

304 561 614 631 γεγένηταιο
655 562 708 615 εί
738 562 798 616 δὲ
848 563 1139 635 πράγματι
1179 566 1299 635 μὲν,
1345 568 1531 640 κοινὴν
1554 569 1612 624 δὲ
1648 571 1746 643 τὴν
1777 574 1902 628 κατ’

299 651 465 705 αὑτὸν
495 651 661 720 φύσιν
701 654 809 726 τῆς
853 654 1278 728 ἀνθρωπότητός
1325 676 1512 729 φασιν,
1572 663 1695 718 ἐπεὶ
1726 666 1786 720 ὲν
1831 668 1897 736 τῇ

296 744 455 815 κοινῇ
509 746 577 815 τῇ
622 744 922 818 πράγματι
966 742 1108 802 εἶναι
1147 748 1439 823 λεγομένῃ,
1484 752 1687 820 Ἰούδας
1711 774 1771 811 τε
1804 758 1899 811 καὶ

292 834 533 899 Πιλᾶτος
565 837 741 903 ἐστὶν,
770 838 886 911 ἄρα
916 840 1012 893 καὶ
1040 836 1188 896 οὗτοι
1214 842 1368 897 οὐδὲν
1390 838 1552 916 ἦττον
1567 846 1661 900 τοῦ
1694 849 1899 903 Δεσπό-

292 939 387 976 του
428 924 893 998 ἐσταυρώθησαν,
917 929 1014 982 καὶ
1040 932 1105 983 ἐκ
1134 930 1346 1003 νεκρῶν
1375 932 1703 1004 ἀνέστησαν·
1735 937 1898 1004 αὐτός

292 1031 354 1067 τε
380 1015 537 1068 οὐδὲν
568 1012 740 1088 ἦττον
772 1019 1058 1089 προόδωκέ
1091 1039 1152 1075 τε
1187 1023 1283 1077 καὶ
1323 1024 1673 1097 ἐσταύρωσεν
1699 1030 1898 1094 αὐτούς

289 1121 350 1158 τε
381 1105 481 1158 καὶ
523 1107 742 1162 ἑαυτόν.
760 1109 921 1164 Οῦτω
947 1111 1006 1165 δὲ
1031 1113 1124 1166 καὶ
1154 1115 1556 1188 συγγενηοῆναι
1590 1119 1738 1191 αὐτῷ
1765 1122 1896 1176 Ἀν-

289 1211 391 1257 νας
424 1212 487 1248 τε
522 1198 622 1251 καὶ
669 1199 932 1269 Καϊάφας
966 1204 1034 1256 ὲκ
1067 1203 1166 1273 τῆς
1211 1204 1376 1274 ἁγίας
1410 1207 1692 1279 Παρθένου
1723 1214 1896 1267 νοοῖτο

289 1286 375 1343 ἂν.
394 1287 565 1343 Ἀλλὰ
593 1291 705 1362 μὴν
724 1294 822 1346 καὶ
848 1294 878 1347 ό
903 1297 1206 1370 προπάτωρ
1231 1299 1403 1370 αὐτῆς
1425 1301 1610 1367 Δασὶδ,
1637 1302 1735 1357 καὶ
1754 1306 1892 1377 αὐτὴ

284 1383 321 1453 ἡ
373 1382 661 1454 ἄχραντος
710 1386 812 1457 μία
842 1404 930 1452 τις
972 1384 1112 1443 οὖσα
1154 1391 1255 1462 τῆς
1293 1392 1483 1461 κοινῆς
1512 1392 1755 1464 φύσεως,
1803 1397 1892 1468 ὑφ’

283 1472 493 1543 ιαυτῆς
520 1476 860 1548 γεννηθῆναι
893 1479 996 1535 σὺν
1045 1479 1124 1552 τῷ
1156 1481 1279 1552 Θεῷ
1327 1483 1488 1554 Λόγῳ
1540 1484 1646 1558 τὴν
1706 1488 1892 1562 κοινὴν

281 1562 452 1632 φύσιν
491 1565 598 1636 τῆς
628 1567 1058 1642 ἁνθρωπότητος
1088 1572 1371 1646 γεννώσης
1399 1575 1702 1650 λογισθείη⁹
1733 1573 1810 1634 ὧν
1839 1582 1892 1635 τί

280 1655 647 1728 ἀτοπώτερον
695 1659 916 1732 ἐξεύροι
955 1680 1061 1728 τις,
1109 1663 1144 1736 ἢ
1190 1664 1678 1741 βλασφημότερον;
1718 1672 1783 1726 Et
1833 1672 1891 1727 δὲ

279 1744 521 1811 λέγοιεν
553 1748 753 1820 Ὑμεῖς
772 1747 872 1806 οὖν
905 1755 965 1807 ὲν
1006 1754 1100 1810 δύο
1130 1755 1327 1826 φύσεσι
1353 1760 1447 1815 τὸν
1485 1762 1766 1835 Δεσπότην
1797 1765 1888 1819 δο-

276 1838 568 1905 ξάζοντες,
592 1843 799 1899 ὁποίων
826 1845 1035 1900 τούτων
1058 1848 1232 1918 φατέ;
1255 1850 1506 1922 ἀφθόνως
1524 1854 1707 1920 αὐτοῖς
1722 1833 1889 1928 -ἒροῦυ
1917 1833 1966 1893 Β

279 1947 409 2000 μεν,
445 1930 526 1996 ὡς
563 1934 631 1986 ὲκ
658 1934 756 1989 δύο
793 1936 892 2007 μὲν
920 1939 1022 2010 τῆς
1048 1956 1109 1995 τε
1131 1940 1284 2007 Θείας
1311 1943 1409 1998 καὶ
1436 1945 1538 2016 τῆς
1566 1951 1754 2019 κοινῆς
1786 1950 1884 2003 dv-

276 2019 571 2091 θρωπείας
618 2023 794 2094 ἄμφω
825 2031 1312 2101 προῦπαρχουσῶν
1340 2033 1441 2104 τῆς
1471 2036 1719 2101 ἐνώσεως
1748 2040 1887 2111 Χρι-

274 2112 413 2166 ο·τοῦ
448 2131 662 2186 φαμεν
692 2119 753 2171 ἒν
785 2117 880 2173 δύο
931 2120 1010 2189 δὲ,
1045 2122 1144 2193 τῆς
1188 2140 1248 2178 τε
1281 2126 1423 2198 ὑπὲρ
1450 2127 1545 2183 τὸν
1578 2131 1762 2185 κοινὸν
1791 2132 1885 2186 λό-

273 2221 380 2273 γον
404 2207 506 2260 καὶ
540 2207 715 2263 ίδικὸν
744 2208 914 2283 οὔσης
945 2213 1133 2285 κοινῆς
1162 2216 1417 2288 θεότητος
1452 2220 1549 2274 καὶ
1573 2222 1676 2293 τῆς
1708 2224 1887 2295 ἰδικῆς

276 2297 452 2366 μόνου
486 2299 662 2355 αὑτοῦ
715 2302 1162 2378 ἀνθρωπότητος.
1207 2310 1321 2381 Τὴν
1352 2312 1452 2383 μὲν
1482 2313 1593 2385 γὰρ
1664 2315 1733 2371 ἐκ
1778 2315 1873 2371 δύο

274 2389 505 2460 φύσεων
535 2392 730 2466 φωνήν
761 2400 1022 2475 συνιστᾷν
1049 2398 1298 2468 δυνατὸν,
1329 2403 1428 2458 καὶ
1472 2405 1538 2458 ἐκ
1585 2405 1689 2477 τῆς
1742 2410 1886 2464 κατὰ

270 2479 586 2551 ἀφαίρεσιν
617 2482 1051 2560 λαμϐανομένης
1089 2488 1308 2559 φύσεως
1338 2493 1403 2548 ὲκ
1433 2495 1530 2549 τοῦ
1564 2496 1743 2552 κοινοῦ
1773 2499 1884 2555 τῶν
1936 2498 1937 2501 “

272 2569 597 2642 ἀνθρώπιον
629 2574 769 2646 πρὸς
801 2580 869 2650 τῇ
910 2581 1242 2655 ὲνυπάρκτῳ
1283 2572 1502 2657 θεότητι
1543 2588 1762 2663 ἐπινοίᾳ
1789 2588 1878 2646 οῦ-

270 2676 403 2715 σαν·
457 2663 684 2738 ἐπινοίᾳ
737 2667 850 2740 γὰρ
904 2672 1000 2726 καὶ
1048 2671 1366 2751 θεωροῦμεν
1397 2678 1506 2750 πρὸ
1536 2680 1780 2753 Χριστοῦ
1811 2683 1881 2740 τὰ

270 2750 549 2823 Χριστοῦ·
596 2755 668 2809 τὰ
704 2756 763 2810 δὲ
794 2758 853 2812 ὲν
884 2760 1035 2832 αὐτῷ
1062 2761 1392 2832 ὑφεστώτως
1416 2768 1548 2825 ὄντα
1568 2750 1877 2844 όμολογεῖν,

266 2843 380 2896 οὐκ
438 2843 564 2897 ἐστι
602 2846 711 2917 πρὸ
758 2849 947 2914 αὐτοῦ,
983 2852 1100 2906 ἀλλ’
1134 2857 1195 2911 ὲν
1239 2857 1408 2931 αὐτῷ·
1455 2860 1598 2916 ὥστε
1648 2864 1748 2937 τὴν
1786 2867 1881 2937 ὑφ-

270 2934 537 2992 εστῶσαν
566 2939 738 2996 αὑτοῦ
778 2942 1201 3018 ἀνθρωπότητα,
1231 2951 1281 3003 oi
1307 2950 1402 3006 δύο
1448 2953 1641 3023 φύσεις
1675 2934 1880 3025 ειδότες

250 3026 576 3098 ῆνωμὲνας
627 3031 689 3085 ἐν
730 3033 956 3107 Χριστῷ
999 3053 1134 3106 φασι
1178 3040 1403 3112 μᾶλλον,
1434 3043 1581 3115 ἥπερ
1613 3047 1663 3100 οἱ
1693 3046 1758 3102 ὲκ
1784 3049 1879 3105 δυο

273 3119 501 3185 φύσεων
527 3121 783 3191 λέγοντες
809 3125 995 3183 αὐτόν.
1536 3156 1541 3159 λ

272 3209 712 3281 humanitatem,
736 3217 834 3287 qui
856 3218 997 3277 duas
1020 3228 1245 3280 naturas
1297 3236 1538 3284 noscunt
1559 3229 1833 3289 adunatas

274 3301 460 3372 ipsam
498 3303 717 3363 dicunt.

350 3396 456 3451 νίν.
499 3397 630 3452 Ἔτι
664 3401 698 3471 ἡ
751 3402 852 3471 μία
890 3404 1056 3475 φύσις
1084 3406 1177 3461 τοῦ
1214 3408 1350 3464 Θεοῦ
1387 3411 1563 3480 Λόγου
1590 3416 1626 3485 ὴ
1651 3415 1747 3470 νῦν
1786 3434 1879 3470 σε-

274 3487 663 3559 σαρκωμένη,
701 3487 773 3563 ῆν
808 3510 943 3547 ποτε
999 3498 1484 3572 σεσαρκωμένη,ἢ
1527 3504 1683 3574 οὐχί;
1729 3506 1778 3559 εί
1825 3509 1882 3561 δὲ

268 3577 439 3632 τοῦτο
481 3578 861 3651 ἁναμφίδολον
901 3584 999 3640 καὶ
1046 3587 1257 3655 αὐτοῖς,
1289 3591 1589 3648 ἀκουστέον
1619 3597 1750 3667 παρ’
1784 3598 1879 3650 αύ-

270 3669 409 3736 τῶν,
450 3672 506 3723 εί
545 3670 688 3725 Θεοῦ
716 3689 776 3727 τε
805 3674 982 3743 Λόγου
1013 3671 1103 3748 ἦν,
1149 3679 1246 3732 καὶ
1297 3680 1463 3750 φύσις
1506 3678 1599 3755 ἦν,
1650 3688 1745 3740 καὶ
1778 3688 1879 3759 μία

270 3754 364 3831 ἦν,
395 3762 499 3815 καὶ
544 3762 655 3834 πρὸ
704 3762 803 3817 τοῦ
852 3768 1232 3838 σαρκωθῆναι,
1290 3754 1661 3844 σαρκωθετσα,
1694 3777 1750 3831 τί
1779 3754 1878 3833 επ·
1920 3823 1927 3829 .

268 3855 576 3924 εκτήσατο,
606 3854 641 3925 ἢ
693 3854 748 3907 τί
774 3857 1109 3927 anesum;
1151 3862 1200 3915 εί
1237 3863 1336 3933 μὲν
1384 3864 1541 3922 οὐδὲν
1573 3868 1879 3926 ἀπεύάλετο

268 3946 361 4015 (οὐ
416 3946 535 4018 γὰρ
587 3948 738 4002 κατὰ
784 3952 998 4020 τροπὴν
1035 3953 1254 4024 εἴρηται
1277 3957 1372 4010 καὶ
1400 3961 1761 4028 μετουσίωσιν
1792 3965 1874 4029 τὸ,

271 4039 683 4110 σεσαρκωμένη
706 4079 726 4104 ,
774 4039 965 4114 ὥσπερ
1001 4044 1184 4113 φαμὲν
1239 4047 1334 4101 ἐπὶ
1361 4049 1457 4103 τοῦ
1498 4054 1863 4123 κρυστάλλου,

273 4130 380 4198 μία
395 4129 566 4199 φύσις
584 4129 777 4195 ὓδατος
804 4133 1195 4207 λελιθωμένη),
1225 4137 1388 4210 δῆλον
1415 4140 1494 4205 ὡς
1522 4143 1875 4218 ἐπεκτήσατο

272 4218 480 4293 σάρκα,
507 4222 693 4292 ῆγουν
708 4222 1127 4297 ἀνθρωπότητον
1160 4228 1299 4303 αὕτη
1324 4230 1380 4284 δὲ
1404 4232 1456 4286 τί
1483 4234 1622 4302 ἐστι,
1651 4238 1875 4310 ποιότης

271 4310 308 4377 ἢ
336 4310 506 4380 φύσις
545 4331 663 4381 τις;
696 4316 747 4369 εἰ
777 4316 835 4369 δὲ
868 4318 1091 4383 πάντως
1139 4321 1302 4390 φύσις
1352 4324 1490 4398 αῦτη
1544 4329 1578 4400 ὴ
1609 4330 1874 4398 κτηθεῐσα

275 4401 439 4471 φύσις
459 4404 601 4475 πρὸς
632 4407 700 4478 τῇ
737 4408 1063 4481 κτησαμένη
1089 4412 1259 4485 αὐτὴν
1291 4417 1389 4488 μιᾷ
1408 4417 1503 4471 τοῦ
1526 4419 1664 4475 Θεοῦ
1695 4422 1870 4491 Λόγου

275 4492 470 4563 φύσει,
507 4495 677 4550 πόσαι
709 4496 777 4551 ἂν
816 4494 950 4565 εἷεν,
985 4502 1296 4559 εἰπάτωσαν
1324 4508 1457 4578 ἡμῖν
1490 4510 1866 4582 εὐγνωμόνως.

345 4587 409 4654 ξ’.
449 4589 579 4643 Ἐτι
624 4591 693 4644 ὲκ
734 4592 831 4646 δύο
871 4593 1088 4664 φύσεων
1123 4596 1220 4669 τὴν
1255 4600 1386 4669 μίαν
1417 4602 1580 4670 φύσιν
1605 4604 1698 4658 τοῦ
1731 4606 1865 4659 Θεοῦ

2003 579 2073 635 ab
2091 579 2414 640 hominibus
2429 585 2581 642 visus
2602 596 2708 657 est,
2730 598 2788 646 et
2804 592 3108 650 cruciﬁxus
3126 605 3233 663 est,
3264 606 3326 653 et
3350 600 3586 673 reliqua.

2002 686 2231 741 prorsus
2255 683 2312 731 et
2350 676 2440 733 illa
2465 679 2820 751 cogitatione,
2858 699 2962 740 nec
2995 701 3055 742 re
3086 702 3219 745 vere
3259 690 3586 752 factasunt.

2001 762 2059 818 Si
2089 781 2223 821 vero
2253 783 2311 823 re
2338 770 2586 839 quidem,
2611 788 2964 832 communem
2995 795 3131 836 vero
3157 782 3229 839 de
3266 785 3388 856 ipso
3408 798 3586 845 natu-

2001 870 2121 911 ram
2153 856 2516 919 humanitatis
2549 874 2838 935 asserunt,
2883 873 3330 945 quandoquidem
3377 879 3434 935 in
3484 882 3587 939 hac

1999 949 2283 1004 communi
2312 950 2458 1008 dicta
2486 968 2609 1025 quae
2637 955 2695 1012 in
2738 975 2798 1015 re
2824 962 3041 1020 exsistit
3076 966 3249 1024 Judas
3291 980 3350 1027 et
3378 972 3587 1030 Pilatus

1998 1046 2150 1107 sunt,
2177 1057 2310 1114 ergo
2333 1052 2392 1100 et
2431 1045 2524 1101 isti
2566 1060 2679 1103 non
2704 1050 2890 1109 minus
2915 1070 3079 1125 quam
3103 1058 3368 1118 Dominus
3398 1067 3585 1120 cruci-

1998 1132 2093 1189 ﬁxi
2123 1143 2254 1191 sunt
2283 1146 2341 1193 et
2364 1154 2396 1195 a
2419 1143 2658 1200 mortuis
2686 1158 3144 1219 resurrexerunt;
3192 1154 3422 1227 ipseque
3468 1175 3581 1216 non

1996 1226 2182 1283 minus
2211 1238 2269 1285 et
2302 1229 2453 1301 ipsos
2480 1242 2540 1289 et
2569 1250 2629 1292 se
2655 1236 2835 1308 ipsum
2863 1250 2922 1298 et
2952 1243 3179 1301 tradidit
3201 1254 3259 1302 et
3283 1226 3579 1308 crucifixit.

1997 1315 2090 1374 Sic
2116 1326 2173 1375 et
2198 1337 2310 1399 una
2335 1338 2464 1380 cum
2497 1326 2618 1396 ipso
2644 1338 2806 1388 natos
2839 1341 2896 1388 et
2923 1332 3112 1393 Annas
3149 1346 3208 1393 et
3244 1338 3485 1412 Caiphas
3514 1360 3582 1400 ex

1994 1420 2186 1466 sancta
2207 1412 2429 1485 Virgine
2451 1420 2826 1490 excogitaretu
2837 1440 2881 1478 r.
2903 1424 3013 1481 Sed
3031 1436 3086 1482 et
3107 1431 3229 1500 ejus
3248 1445 3386 1488 avus
3407 1434 3578 1490 David

1993 1505 2052 1553 et
2076 1499 2195 1568 ipsa
2223 1501 2576 1563 immaculata
2611 1508 2775 1565 unica
2815 1512 3067 1580 quaedam
3108 1499 3386 1573 exsistens
3412 1519 3582 1591 hujus

1992 1594 2307 1651 communis
2328 1606 2545 1656 natura;
2567 1601 2639 1657 ab
2662 1601 2780 1673 ipsa
2801 1604 2988 1675 genita
3014 1606 3316 1676 diceretur,
3342 1610 3413 1667 ab
3438 1612 3577 1684 ipsa,

1993 1682 2253 1754 inquam,
2286 1688 2634 1749 humanitate
2681 1708 2810 1750 cum
2856 1695 2972 1753 Deo
3003 1699 3187 1757 Verbo
3228 1682 3579 1761 communem

1991 1786 2245 1835 naturam
2268 1781 2546 1852 gignente.
2566 1785 2816 1853 Quorum
2835 1790 2970 1860 quid
2986 1792 3286 1851 absurdius
3306 1795 3578 1864 invenies,

1991 1870 2081 1924 vel
2132 1873 2305 1944 magis
2351 1875 2775 1947 biasphemum?
2815 1881 2875 1938 Si
2924 1893 3112 1940 autem
3156 1887 3398 1944 dixerint
3427 1907 3443 1944 τ
3471 1892 3581 1948 Vcs

1986 1977 2126 2034 ergo
2150 1980 2182 2020 e
2212 1966 2432 2024 duabus
2458 1972 2676 2029 naturis
2710 1975 3004 2032 Dominum
3037 1979 3406 2048 celebrantes,
3440 2000 3579 2055 qua-

1990 2054 2247 2109 rumnam
2288 2055 2510 2113 illarum
2543 2059 2765 2117 dicitis?
2797 2063 3022 2136 Absque
3072 2067 3279 2124 invidia
3312 2054 3465 2141 ipsis?
3492 2090 3582 2129 re.

1988 2144 2416 2225 spondebimus,
2442 2151 2604 2221 quasi
2629 2168 2662 2208 e
2690 2153 2911 2212 duabus
2939 2157 3163 2227 quidem
3208 2170 3266 2217 et
3300 2161 3491 2220 divina
3520 2175 3583 2221 et

1986 2222 2269 2292 communi
2287 2238 2528 2297 humana
2545 2222 3060 2313 praeexsistentibus
3074 2249 3144 2304 ad
3153 2252 3399 2308 unationi
3419 2253 3581 2311 Chri-

1986 2327 2061 2383 sti
2089 2329 2282 2387 ambas
2309 2330 2578 2402 dicimus;
2614 2335 2673 2390 in
2707 2336 2925 2395 duabus
2957 2356 3110 2407 vero,
3133 2347 3415 2401 communi
3440 2348 3580 2405 divi-

1987 2417 2165 2475 nitate
2183 2436 2309 2491 qute
2327 2436 2625 2481 commune
2647 2428 2881 2484 verbum
2895 2433 3309 2503 etparticulare
3326 2450 3575 2508 superat,

1984 2517 2044 2565 et
2084 2511 2407 2581 particulari
2442 2515 2617 2587 ipsius
2659 2520 2835 2577 solius
2874 2521 3240 2582 humanitate.
3267 2527 3518 2601 Namque
3545 2549 3578 2589 e

1986 2601 2204 2661 duabus
2231 2607 2447 2664 naturis
2476 2624 2670 2666 vocem
2706 2613 2954 2671 stabilire
2985 2619 3253 2687 possibile
3276 2631 3384 2684 est.
3418 2633 3478 2679 et
3509 2640 3577 2681 ex

1986 2701 2185 2749 natura
2239 2712 2339 2767 per
2379 2703 2778 2759 extractionem
2828 2719 3110 2780 assumpta
3176 2728 3246 2768 ex
3283 2715 3572 2773 hominum

1985 2789 2267 2843 communi
2292 2799 2491 2846 natura
2512 2795 2579 2849 ad
2603 2796 2951 2855 divinitatem
2983 2801 3133 2858 intus
3155 2818 3571 2875 permanentem

1983 2877 2316 2947 cogitatione
2349 2883 2731 2941 exsistentem.
2765 2887 3114 2960 Cogitatione
3156 2896 3310 2951 enim
3351 2907 3413 2952 et
3439 2910 3572 2956 ante

1984 2964 2264 3023 Christum
2296 2986 2361 3027 ea
2398 2988 2520 3042 quae
2550 2974 2609 3030 in
2651 2975 2876 3044 Christo
2920 2988 3053 3035 sunt
3098 2987 3568 3057 contemplemur;

1986 3071 2108 3127 qua:
2131 3074 2264 3115 vero
2293 3061 2350 3117 in
2378 3062 2504 3133 ipso
2533 3065 2716 3137 reipsa
2740 3076 2872 3124 sunt
2892 3072 3170 3151 conﬁteri,
3188 3092 3300 3132 non
3321 3090 3405 3136 est
3433 3079 3571 3136 illud

1900 3132 1943 3191 C
1975 3156 2102 3203 ante
2130 3148 2336 3219 ipsum,
2359 3132 2457 3209 sed
2491 3155 2550 3211 in
2590 3132 2743 3228 ipso;
2765 3160 2841 3215 ita
2875 3170 2937 3217 ut
2969 3132 3365 3224 subsisicntem
3394 3172 3570 3241 ipsius

1885 3233 1941 3289 in
1975 3236 2223 3310 Christo,
2256 3243 2451 3303 dicunt
2494 3249 2670 3321 magis
2704 3266 2871 3323 quam
2904 3255 3000 3326 qui
3030 3272 3065 3314 e
3096 3257 3314 3317 duabus
3355 3233 3571 3319 naturis

2054 3424 2143 3480 59.
2174 3424 2374 3483 Adhuc
2409 3428 2571 3486 unica
2598 3432 2699 3489 Dei
2728 3435 2894 3491 Verbi
2922 3445 3119 3493 natura
3150 3456 3273 3510 quae
3303 3460 3452 3501 nunc
3481 3447 3570 3504 in.

1980 3527 2205 3574 carnata
2234 3528 2340 3584 est,
2368 3530 2567 3591 eratne
2587 3525 2721 3581 olim
2747 3526 3054 3597 incamata,
3075 3546 3147 3586 an
3171 3534 3321 3588 non?
3348 3536 3405 3591 Si
3434 3553 3572 3595 vero

1980 3607 2116 3664 illud
2155 3610 2524 3673 indubitabile
2565 3625 2626 3673 et
2670 3618 2830 3690 ipsis,
2863 3637 2931 3678 ex
2964 3623 3102 3693 ipsis
3128 3626 3493 3698 audiendum,
3521 3635 3570 3690 si

1979 3700 2080 3756 Dei
2111 3702 2279 3759 Verbi
2324 3713 2465 3772 erat,
2498 3708 2547 3763 si
2592 3717 2814 3778 natura,
2847 3712 2892 3768 si
2945 3714 3131 3782 unica,
3175 3717 3223 3773 si
3265 3728 3568 3792 antequam

1980 3792 2366 3853 incarnaretur
2414 3799 2729 3867 incarnata,
2786 3805 2923 3876 quid
2975 3809 3304 3879 acquisivit,
3360 3814 3570 3884 quidve

1978 3884 2255 3953 perdidit?
2291 3886 2349 3942 Si
2382 3889 2523 3944 nihil
2550 3891 2774 3960 quidem
2804 3895 3081 3965 perdidit;
3123 3912 3236 3954 non
3275 3902 3426 3959 enim
3466 3918 3570 3974 per

1977 3982 2199 4047 tropum
2209 3987 2270 4033 et
2285 3982 2841 4040 communicationem
2856 3985 3068 4043 dicitur
3080 3988 3237 4056 illud,
3252 3991 3564 4064 incamata,

1975 4068 2122 4124 sicut
2140 4069 2378 4129 dicimus
2399 4072 2467 4129 de
2486 4074 2808 4146 glacie,una
2836 4089 3034 4135 natura
3065 4083 3222 4151 aqua:
3251 4083 3305 4138 in
3326 4085 3564 4156 lapidem

1976 4174 2271 4230 conversa,
2302 4164 2658 4236 perspicuum
2688 4175 2776 4224 est
2794 4169 2941 4239 quod
2971 4185 3219 4239 carnem,
3262 4174 3317 4231 id
3343 4185 3433 4234 est
3457 4178 3565 4237 huc

1974 4254 2297 4309 nianitatem
2357 4258 2672 4327 acquisivit.
2733 4259 2855 4331 Ipsa
2902 4278 3039 4320 vero
3079 4264 3216 4336 quid
3274 4271 3393 4325 est?
3430 4287 3564 4329 num

1974 4345 2213 4413 qualitas
2245 4355 2340 4401 aut
2356 4356 2556 4403 natura
2584 4350 2870 4419 quaedam?
2894 4352 2951 4409 Si
2968 4370 3100 4412 vero
3116 4358 3343 4429 penitus
3362 4369 3563 4419 natura

1975 4433 2094 4503 ipsa
2123 4437 2396 4507 acquisita
2416 4449 2619 4496 natura
2638 4441 2708 4497 ab
2722 4446 3046 4514 acquirente
3071 4448 3246 4520 ipsam
3272 4452 3438 4507 unica
3460 4453 3558 4509 Dei

1972 4526 2139 4583 Verbi
2158 4538 2379 4597 natura,
2415 4532 2610 4602 quales
2638 4534 2750 4590 sint
2777 4536 2940 4594 nobis
2962 4538 3072 4595 {ide
3098 4541 3315 4614 integra
3342 4544 3554 4601 dicant.

2043 4618 2131 4674 60.
2172 4618 2376 4677 "Adhuc
2419 4638 2452 4678 e
2484 4623 2699 4682 duabus
2731 4630 2949 4684 naturis
2983 4632 3203 4689 unicam
3249 4636 3347 4692 Dei
3390 4637 3554 4694 Verbi

273 4681 452 4751 Λόγου
492 4682 595 4754 τὴν
630 4687 1061 4758 σεσαρκωμένην
1094 4689 1292 4756 ἴσασιν,
1327 4693 1360 4765 ἢ
1398 4695 1635 4766 Χριστοῦ
1669 4699 1859 4768 μόνον;

1983 4714 2221 4764 maturam
2245 4710 2589 4770 incarnatam
2618 4716 2830 4782 dicunt,
2858 4729 2954 4775 aut
2972 4719 3178 4779 Christi
3210 4728 3463 4781 tantum?
3494 4729 3552 4782 Si

271 4776 321 4827 εί
368 4775 473 4844 μιν
530 4777 774 4848 Χριστοῦ
808 4778 993 4848 μόνον,
1047 4783 1376 4853 κακούργως
1432 4789 1561 4859 περὶ
1624 4791 1865 4861 Χριστοῦ

270 4862 700 4933 ἀνακρινόμενοι
730 4867 861 4937 παρ’
890 4869 1071 4938 ἡμῶν,
1102 4871 1166 4924 οὐ
1204 4872 1294 4927 διὰ
1328 4873 1421 4928 τοῦ
1466 4876 1631 4931 αὐτοῦ
1658 4878 1863 4950 ὀνόμα-

268 4970 385 5019 τος,
418 4954 562 5009 ἀλλὰ
589 4955 677 5009 διὰ
717 4956 814 5012 τοῦ
846 4958 985 5013 Θεοῦ
1022 4962 1197 5031 Λόγου
1228 4964 1328 5036 τὴν
1358 4969 1487 5037 περὶ
1512 4969 1621 5023 τῶν
1644 4970 1862 5039 φύσεων

262 5043 579 5112 ἀπολογίαν
608 5047 913 5105 ποιοῦνται.
949 5052 1016 5106 Et
1057 5053 1114 5107 δὲ
1147 5056 1246 5110 καὶ
1278 5056 1374 5111 τοῦ
1406 5059 1582 5129 Λόγου
1611 5062 1712 5134 τὴν
1734 5064 1864 5132 μίαν

265 5133 438 5203 φύσιν
461 5137 531 5188 ἐκ
562 5136 658 5191 δύο
678 5137 857 5208 λέγειν
879 5142 1176 5212 τολμῶσιν,
1199 5144 1355 5201 ἔσται
1372 5150 1468 5203 καὶ
1492 5151 1634 5224 αὑτὴ
1658 5133 1861 5225 δηλαδὴ

261 5226 331 5279 ὲκ
362 5224 628 5294 θεότητός
654 5245 716 5283 τε
746 5232 842 5285 καὶ
876 5232 1300 5307 ἀνθρωπότητος
1348 5240 1472 5292 καθ’
1506 5241 1677 5313 αὐτὴν
1706 5224 1861 5298 νοουέ

260 5314 435 5387 μόνη·
466 5318 563 5369 καὶ
594 5321 942 5393 σαρκουμένη
965 5321 1024 5376 δὲ
1045 5323 1232 5390 πάλιν,
1264 5327 1352 5380 ιτέ
1359 5346 1458 5398 ραν
1475 5329 1636 5398 φύσιν
1656 5335 1859 5404 σαρκὸς

261 5404 716 5479 ιπικτησαμένηο
744 5411 949 5483 τριπλῆ
993 5414 1052 5469 δὲ
1089 5416 1213 5470 ἀντὶ
1245 5418 1444 5490 διπλῆς
1485 5422 1554 5476 ὲκ
1597 5422 1694 5478 δύο
1723 5443 1860 5499 σαρ-

258 5495 381 5551 κῶν
427 5500 528 5552 καὶ
560 5499 694 5569 μιᾶς
727 5499 988 5574 θεότητος
1018 5511 1539 5584 συγκεκροτημένη.

260 5681 537 5734 παυστέον
573 5683 752 5739 αὐτῶν
778 5687 842 5741 τὸ
877 5687 938 5741 ἓν
961 5689 1119 5743 τοῦτο
1157 5693 1264 5746 τίνι
1289 5694 1437 5768 λόγῳ
1468 5699 1528 5753 ἓν
1568 5717 1768 5769 φασιν;
1815 5705 1849 5779 η

108 6052 311 6306 \7.

1969 4796 2176 4855 Christi
2214 4803 2451 4872 quidem
2506 4814 2717 4862 tantum
2765 4825 3025 4879 perverse
3073 4814 3219 4870 circa
3268 4815 3552 4875 Christum

1966 4889 2200 4960 iudicati
2229 4909 2260 4947 a
2301 4895 2482 4962 nobis,
2527 4912 2633 4952 non
2670 4909 2896 4970 propter
2921 4918 3142 4969 nomen,
3187 4907 3287 4962 sed
3324 4917 3550 4981 propter

1970 4982 2144 5038 Deum
2167 4985 2411 5041 Verbum
2430 4990 2735 5061 apologiam
2759 4993 2827 5048 de
2847 4995 3061 5051 naturis
3081 4996 3312 5054 faciunt.
3335 4999 3394 5057 Si
3415 5018 3549 5058 vero

1969 5082 2027 5128 et
2056 5073 2221 5129 Verbi
2260 5078 2479 5154 unicam
2512 5088 2766 5137 naturam
2790 5099 2826 5139 e
2855 5084 3071 5142 duabus
3097 5087 3543 5160 dicerejudent.

1962 5164 2075 5218 erit
2106 5174 2163 5220 et
2187 5165 2305 5236 ipsa
2336 5182 2468 5225 sane
2506 5186 2538 5226 e
2565 5171 2854 5231 divinitate
2880 5184 2941 5231 et
2973 5177 3314 5237 humanitate
3340 5198 3546 5239 secun-

1963 5253 2097 5310 dum
2145 5256 2318 5327 ipsam
2365 5262 2637 5332 cogitata;
2688 5274 2746 5321 et
2790 5267 3078 5326 inearnata
3120 5288 3336 5339 rursus,
3381 5276 3548 5334 aliam

1963 5348 2150 5404 carnis
2194 5358 2446 5407 naturam
2473 5355 2803 5425 acquirens,
2835 5360 3033 5431 triplex
3076 5373 3262 5423 autem
3294 5382 3398 5437 pro
3438 5369 3545 5424 du-

1961 5439 2112 5507 plici,
2149 5456 2180 5496 e
2212 5441 2430 5501 duabus
2456 5448 2720 5506 carnibus
2761 5460 2818 5506 et
2863 5468 2971 5509 una
3001 5455 3294 5514 divinitate
3317 5474 3545 5531 compo-

1958 5530 2082 5587 sita.

2027 5621 2115 5677 61.
2137 5622 2335 5681 Adhuc
2365 5642 2490 5683 cum
2515 5645 2547 5686 e
2570 5630 2788 5690 duabus
2816 5638 3032 5694 naturis
3065 5654 3234 5695 unum
3263 5641 3544 5712 quoddam

1959 5709 2079 5767 ﬁeri
2114 5714 2320 5785 dicant,
2358 5719 2428 5774 ab
2459 5721 2541 5778 eis
2586 5724 2978 5796 inquirendum
3029 5730 3165 5786 illud
3212 5709 3385 5789 unum
3433 5750 3547 5806 qua

1821 5826 1848 5838 -
1955 5805 2168 5864 ratione
2198 5823 2366 5864 unum
2389 5812 2618 5872 dicunt?
2634 5817 2744 5875 Aut
2759 5819 2910 5876 enim
2930 5822 3173 5890 nomine,
3197 5834 3294 5882 aut
3316 5805 3537 5899 genere,

3140 5913 3213 5982 57

1998 5982 2197 5993 --.η--..-
2243 5990 2261 5994 -
2278 5989 2337 5997 ις..
2356 5994 2361 5995 ,
