4034 6394
482 265 620 333 1803

1727 269 2037 330 LEONTII
2080 270 2313 330 ΒΥΖΑΝ
2321 267 2453 329 TlN
2462 267 2486 328 Ι

3610 265 3747 330 180i

472 376 572 434 'aut
598 375 799 442 forma,
840 384 1188 433 autnumero
1218 393 1388 432 unum
1425 392 1546 433 esse
1581 379 1789 449 aliquid
1827 379 2060 434 dicunt:

2170 380 2292 451 θμῷ
2348 379 2406 432 ἓν
2436 373 2575 433 εἷναί
2607 394 2659 430 τι
2682 376 2922 442 λέγουσι·
2955 377 3109 449 ποιρά
3137 377 3246 450 γὰρ
3278 376 3428 445 τάδε,
3454 377 3658 449 ἑτέρως
3687 376 3745 435 ἓν

472 474 678 538 praeter
724 467 833 523 ista
878 468 1059 535 enim,
1113 469 1275 525 aliter
1319 486 1489 524 unum
1521 471 1655 541 quid
1713 471 1898 526 dicere
1950 486 2062 525 non

2169 489 2221 524 τι
2239 472 2420 540 λέγειν
2454 471 2555 523 οὐκ
2586 469 2757 523 ἔστιν.
2795 469 2858 521 Et
2890 465 2984 523 οὖν
3008 470 3086 541 τῷ
3116 469 3344 540 ὀνόματι
3366 471 3429 524 ἓν
3451 486 3503 523 τι
3535 471 3746 539 γέγονε,

475 561 744 616 valenms.
779 559 968 632 Itaque
1005 562 1054 617 si
1086 562 1310 617 nomine
1344 579 1517 618 unum
1547 563 1824 634 quoddam
1854 562 2061 618 factum

2171 565 2333 635 μόνον
2367 562 2659 635 ὁμωνυμίᾳ
2687 561 2977 632 ήνὼθησαν
3009 562 3078 616 τὰ
3104 561 3221 627 δύο,
3257 562 3525 634 ἑτεροφυῆ
3560 563 3618 617 δὲ
3652 565 3747 616 καὶ

473 663 581 718 est,
606 662 827 711 tantum
858 653 1225 710 similitudine
1251 655 1638 725 appellationis
1663 657 1906 711 adunata
1933 665 2064 710 sunt

2169 657 2437 711 ἀσύνθετα
2465 654 2717 726 ἀλλήλοις
2746 655 2827 708 ἔτι
2856 654 3028 719 ἐστὶν,
3071 654 3359 727 ἄνθρωπός
3402 672 3460 709 τε
3505 655 3745 726 [advoij

473 745 587 801 duo
633 745 779 811 haec,
813 744 1033 800 diversa
1067 759 1203 800 vero
1246 752 1447 800 natura
1491 753 1550 801 et
1591 744 1958 816 incomposita
1991 744 2061 799 ad

471 836 711 892 invicem
724 835 911 894 adhuc
926 842 1081 901 sunt,
1097 843 1166 892 et
1194 835 1361 891 homo
1384 843 1621 897 tantum.
1643 845 1740 892 aut
1763 838 1909 892 Deus
1938 844 2062 891 tam

474 937 613 995 tum,
631 938 727 983 aut
747 927 898 983 aliud
928 926 1205 999 quoddam
1228 927 1378 998 quod
1402 942 1513 984 nec
1538 929 1659 996 Dei,
1679 944 1786 984 nec
1816 927 2061 983 hominis

470 1035 673 1075 nomen
694 1020 895 1076 retinet
923 1018 993 1074 de
1024 1028 1259 1089 utroque
1305 1018 1720 1089 prredicabitur.
1767 1017 1826 1075 Si
1870 1027 2057 1074 autem

469 1127 672 1182 genere
702 1118 789 1166 est
813 1126 987 1166 unum
1015 1111 1340 1166 exsistensa
1367 1124 1479 1180 quo
1507 1110 1802 1166 conﬁcitur
1827 1112 1974 1166 Deus
2000 1118 2063 1165 et

471 1204 659 1268 homo,
694 1202 943 1275 ejusdem
986 1203 1207 1274 generis
1238 1218 1373 1274 ergo
1404 1204 1523 1259 hac
1557 1221 1571 1257 :
1609 1218 1710 1259 cur
1742 1216 1876 1273 ergo
1905 1217 2062 1257 com-

471 1312 640 1351 mune
672 1295 808 1366 ipsis
839 1295 1124 1366 magisque
1165 1296 1483 1352 universale
1517 1295 1617 1351 Dei
1646 1310 1821 1367 genus
1851 1309 2064 1365 quaere-

471 1404 530 1443 re
600 1386 997 1458 satagendum?
1045 1385 1338 1453 Quomodo
1383 1401 1571 1457 porro,
1627 1386 1779 1441 illius
1823 1385 2063 1441 recentis

470 1481 825 1537 adunationis
858 1481 1170 1546 occasione,
1211 1479 1347 1535 illud
1392 1478 1842 1549 antiquissimum
1888 1493 2063 1548 genus

470 1575 539 1631 ab
568 1575 706 1646 ipsis
728 1573 1098 1644 excogitatum
1130 1573 1249 1628 est?
1283 1571 1340 1627 Si
1372 1587 1505 1627 vero
1542 1569 1721 1624 forma
1759 1584 1932 1623 unum
1974 1568 2061 1623 di-

469 1675 624 1732 cunt,
656 1665 769 1721 duo
802 1665 1032 1720 omnino
1070 1671 1166 1719 aut
1221 1664 1383 1734 plura
1448 1670 1618 1717 erunt
1681 1660 1969 1715 individua
2003 1661 2060 1715 in

471 1760 615 1829 ipso,
651 1757 705 1812 id
746 1764 850 1823 est,
880 1756 1242 1828 bypostases;
1274 1765 1330 1810 et
1356 1754 1414 1809 in
1447 1753 1666 1809 duabus
1691 1752 1946 1823 personis
1977 1753 2063 1807 vel

472 1852 528 1907 in
567 1851 827 1923 pluribus
870 1850 1146 1921 cogitatur
1175 1848 1467 1914 Christus;
1512 1846 1735 1901 unicam
1764 1862 1898 1901 vero
1945 1846 2061 1900 for-

473 1959 619 2001 mam
663 1952 721 1998 et
758 1926 1072 2004 divinitatis
1113 1948 1171 1996 et
1200 1940 1567 1995 humanitatis
1612 1954 1734 1994 esse
1786 1937 2065 2009 quomodo

472 2037 947 2101 ratiocinandum,
999 2034 1279 2090 intellectu
1331 2035 1510 2104 majus
1549 2040 1656 2087 est.
1716 2030 1772 2086 Si
1819 2046 1955 2085 vero
1998 2030 2067 2085 de

471 2131 599 2187 istis
630 2129 769 2185 nihil
801 2126 1006 2183 rationi
1052 2132 1509 2189 consentaneum,
1544 2122 1859 2179 necessario
1893 2136 2066 2176 unum

470 2238 708 2279 numero
735 2236 879 2288 esse,
906 2217 1059 2291 quod
1105 2233 1138 2274 e
1183 2217 1401 2273 duabus
1433 2215 1650 2270 naturis
1681 2213 1744 2269 ﬁt
1789 2213 2061 2283 reliquum

469 2327 588 2383 est;
624 2315 771 2387 quod
801 2321 987 2370 autem
1020 2326 1193 2368 unum
1228 2325 1466 2366 numero
1499 2308 1724 2372 dicitur.
1758 2322 1928 2362 unum
1959 2305 2061 2378 hy-

471 2407 965 2481 postasiexsistens
985 2406 1244 2470 dicimus,
1272 2412 1331 2460 et
1354 2419 1465 2459 non
1489 2410 1686 2457 natura
1711 2415 1910 2465 unum,
1932 2398 2060 2454 ideo

471 2497 937 2570 quemadmodum
980 2509 1250 2550 numerus
1283 2490 1665 2562 unusquisque
1692 2501 2059 2549 numerorum

2165 750 2301 814 Θεὸς
2322 750 2502 820 μόνον,
2525 748 2561 816 ἢ
2586 748 2775 817 ἕτερόν
2796 765 2877 815 τι,
2908 745 2937 800 δ
2971 747 3109 818 μήτε
3125 747 3262 802 Θεοῦ
3292 749 3429 820 μήτε
3456 746 3746 819 ἀνθρώπου

2160 842 2317 896 ἐστὶν
2342 843 2538 910 ὄνομα,
2568 840 2815 910 ἑκατέρῳ
2847 837 3296 909 ὲπικληθήσεταιο
3329 840 3377 893 εί
3406 839 3462 893 δὲ
3492 839 3570 911 τῷ
3599 840 3747 909 γένει

2164 932 2314 987 ἐστὶν
2343 929 2402 985 ἐν
2434 931 2495 983 τὸ
2522 931 2815 1000 γενόμενον
2863 928 2955 997 ὑφ’
2980 927 3010 981 δ
3053 928 3199 981 τελεῖ
3228 928 3362 992 Θεὸς
3400 930 3494 983 καὶ
3536 930 3747 1001 ἄνθρω-

2098 1081 2107 1091 ,
2163 1042 2287 1090 πος,
2321 1022 2559 1095 ὁμογενῆ
2607 1022 2716 1093 ἄρα
2741 1019 2890 1074 τάδε.
2930 1020 2997 1072 Τί
3027 1019 3085 1075 δὲ
3118 1020 3227 1091 ἄρα
3255 1020 3317 1073 τὸ
3348 1020 3527 1074 κοινόν
3560 1037 3619 1073 τε
3648 1021 3748 1073 αὑ-

2091 1732 2138 1791 Β

2162 1118 2276 1180 τοῖς
2310 1112 2752 1181 καθολικώτερόν
2781 1128 2843 1164 τε
2865 1110 3001 1165 Θεοῦ
3023 1110 3179 1179 γένος
3205 1111 3502 1183 ζητητέον;
3537 1111 3654 1175 πῶς
3686 1129 3745 1163 τε

2163 1205 2272 1259 ἀπὸ
2322 1204 2638 1277 προσφάτου
2703 1199 2951 1263 ὲνὼσεως
2997 1199 3116 1253 τόδε
3172 1199 3534 1271 ἀρχαιότατον
3589 1199 3748 1267 γένος

2164 1295 2348 1357 αὑτοῖς
2383 1290 2650 1363 ἐπενοήθη
2678 1307 2692 1356 ;
2731 1290 2795 1343 Ei
2832 1289 2889 1342 δὲ
2918 1289 2999 1360 τῷ
3029 1288 3160 1343 εἴδει
3201 1289 3260 1343 ἓν
3298 1290 3432 1343 αὑτό
3467 1306 3619 1358 φασι,
3653 1288 3748 1342 δύο

2165 1386 2384 1448 πάντως
2438 1384 2472 1454 ἢ
2520 1386 2616 1436 καὶ
2672 1380 2894 1435 πλείονά
2948 1382 3067 1434 ἔστι
3116 1380 3185 1434 τὰ
3238 1381 3330 1434 ὑπ’
3361 1380 3494 1434 αὐτὸ
3544 1380 3744 1450 ἄτομα,

2163 1480 2334 1550 ἦγουν
2372 1475 2722 1539 ὑποστάσεις,
2776 1474 2873 1528 καὶ
2915 1475 2974 1527 ὲν
3002 1472 3096 1527 δύο
3133 1473 3450 1546 προσώποις
3474 1475 3677 1527 νοεῖται
3711 1471 3743 1542 ἢ

2165 1569 2223 1621 εν
2268 1566 2488 1620 πλείοσι
2524 1564 2777 1634 Χριστός
2806 1563 2862 1617 ἓν
2892 1565 2948 1617 δὲ
2981 1561 3120 1627 εἶδος
3151 1563 3405 1634 θεότητός
3431 1580 3492 1616 τε
3532 1563 3625 1616 καὶ
3659 1565 3750 1615 ἀν-

2165 1658 2519 1730 θρωπότητος
2551 1652 2690 1710 εἶναι
2718 1657 2865 1719 ὅπως
2896 1655 3197 1724 λογιστέον,
3239 1655 3578 1725 ἀδιανόητονο
3610 1656 3657 1706 εί
3693 1652 3749 1705 δὲ

2165 1748 2368 1802 τούτων
2400 1747 2552 1800 οὐδὲν
2587 1746 2831 1814 εὔλογον,
2864 1744 2925 1809 ἐξ
2953 1747 3203 1815 ἀνάγκης
3232 1745 3290 1798 ἓν
3312 1744 3392 1815 τῷ
3423 1744 3643 1815 ἀριθμῷ
3671 1739 3755 1796 εἶ·-

2164 1858 2251 1895 ναι
2282 1840 2342 1894 τὸ
2374 1842 2438 1893 ὲκ
2478 1838 2572 1892 δύο
2605 1837 2822 1907 φύσεων
2873 1837 3166 1907 γενόμενον
3195 1836 3565 1889 ὑπολείπεται’
3602 1833 3666 1888 τὸ
3692 1835 3751 1889 δὲ

2165 1930 2384 2004 ἀριθμῷ
2413 1930 2473 1983 ἒν
2510 1930 2825 2001 λεγόμενον,
2853 1930 2913 1983 τὸ
2939 1933 3004 2002 τῇ
3033 1929 3330 1983 ὑποστάσει
3371 1927 3429 1980 ἓν
3457 1928 3518 1981 δν
3543 1945 3748 1998 φαμεν,

2165 2026 2262 2080 καὶ
2289 2026 2351 2077 οὑ
2381 2023 2443 2077 τὸ
2468 2026 2533 2094 τῇ
2567 2023 2730 2094 φύσει
2764 2022 2850 2078 ἓν·
2874 2023 3008 2076 διότι
3040 2021 3228 2092 ὥσπερ
3258 2022 3491 2093 ἀριθμὸς
3520 2022 3751 2087 ἕκαστος

2168 2115 2418 2170 συνθέσει
2444 2114 2696 2187 ἀριθμῶν
2725 2113 2758 2185 ἢ
2802 2115 3048 2183 μονάδων
3077 2115 3137 2166 τὺ
3163 2113 3221 2166 εν
3240 2130 3295 2166 τι
3333 2110 3471 2166 εἶναι
3496 2112 3632 2183 ἔχει,
3659 2112 3751 2166 οὑ-

2169 2227 2277 2274 τως
2329 2210 2423 2264 καὶ
2472 2209 2530 2264 αἱ
2574 2209 2906 2271 ὑποστάσεις
2935 2207 3187 2261 συνθέσει
3219 2206 3436 2278 φύσεων
3477 2208 3573 2260 καὶ
3608 2206 3753 2260 ἰδιω-

2173 2304 2361 2375 μάτων
2402 2299 2836 2372 συμπαραλήψει
2891 2299 3258 2369 ὑφίστανται,
3308 2299 3342 2370 ἢ
3396 2299 3751 2368 τοὺλάχιστον

2170 2390 2459 2462 συμπλοκῇ
2491 2388 2707 2457 φύσεως
2740 2389 2871 2458 μιᾶς
2899 2387 2991 2440 καὶ
3022 2386 3335 2457 ίδιιῦματοςο
3362 2387 3421 2440 τὸ
3449 2389 3557 2458 γάρ
3587 2386 3749 2456 φύσει

2168 2481 2226 2535 ἒν
2251 2476 2416 2544 εἶναι,
2450 2477 2747 2532 ἁσυνθέτου
2779 2477 2956 2547 πάντη
2994 2477 3221 2546 μονάδος
3260 2476 3391 2529 ἴδιόν
3427 2477 3565 2530 ἐστι.

472 2565 568 2648 aut
598 2589 897 2647 monadum
925 2585 1331 2659 compositione
1358 2582 1506 2656 quod
1542 2582 1615 2638 sit
1644 2596 1815 2636 unum
1846 2576 2054 2648 aliquid
2089 2574 2278 2638 habet,
2326 2570 2408 2626 sic
2454 2576 2511 2624 et
2560 2567 2887 2640 hypostases
2951 2577 3281 2622 naturarum
3347 2565 3747 2636 compositione

471 2682 991 2753 proprietatnmque
1015 2676 1406 2747 conjunctione
1439 2681 1715 2738 constant,
1779 2671 1867 2727 vel
1929 2670 2124 2727 saltem
2160 2672 2373 2719 naturae
2400 2661 2569 2717 unius
2598 2668 2655 2716 et
2684 2658 3042 2732 proprietatis
3071 2658 3419 2715 connexione
3449 2677 3462 2691 θ
3491 2673 3619 2713 nam
3649 2673 3749 2713 na-

472 2787 596 2832 tura
635 2789 806 2831 unum
831 2787 956 2829 esse
989 2768 1366 2839 incomposita:
1389 2780 1623 2838 prorsus
1647 2764 1903 2820 monadis
1928 2760 2210 2833 proprium
2242 2765 2348 2813 est.

544 2869 633 2924 62.
680 2867 739 2923 Si
798 2866 930 2937 quia
967 2878 1078 2918 non
1131 2861 1271 2915 duas
1314 2870 1539 2915 naturas
1584 2859 1655 2914 ad
1699 2858 1940 2912 litteram
1992 2853 2061 2907 de

2234 2848 2334 2919 ξβ’·
2368 2848 2430 2901 Εἰ
2461 2846 2548 2902 διὰ
2578 2847 2639 2901 τὸ
2672 2846 2748 2918 μὴ
2790 2845 3071 2917 εἰρηκέναι
3099 2845 3226 2907 τοὺς
3255 2843 3504 2913 Πατέρας
3527 2841 3621 2895 δύο
3651 2842 3749 2912 φῠ-

473 2961 696 3019 Christo
737 2932 1027 3029 proferunt
1076 2954 1297 3018 Patres,
1347 2952 1506 3006 aiunt
1535 2945 2061 3021 praetermittendam

2169 2957 2277 3003 σεις
2322 2935 2603 3003 αὑτολεξεὶ
2650 2938 2743 2991 ἐπὶ
2795 2934 3067 3007 Χριστοῦ,
3110 2932 3531 2987 ὑποστέλλεσθαί
3589 2951 3745 3003 φασι,

475 3051 630 3107 vocis
680 3047 1009 3109 novitatem,
1043 3050 1139 3098 aut
1175 3040 1470 3112 quemdam
1527 3039 1748 3094 unicam
1804 3044 2059 3092 naturam

2169 3032 2260 3102 τὴν
2316 3028 2701 3100 καινοφωνίαν,
2750 3027 2783 3099 ἢ
2834 3026 3169 3093 δειξάτωσαν
3221 3042 3346 3079 τινα
3400 3024 3529 3095 μίαν
3581 3023 3746 3093 φύσιν

476 3134 805 3212 simpliciter
837 3137 1114 3193 dicentem
1178 3130 1475 3203 recipiant,
1506 3136 1612 3192 aut
1656 3138 1715 3184 et
1757 3124 1860 3197 ipsi
1897 3124 2059 3179 talem

2169 3123 2348 3188 ἁπλῶς
2376 3123 2626 3189 λέγοντα,
2670 3119 2703 3192 ἢ
2735 3120 2829 3174 καὶ
2860 3118 3016 3173 αὐτοὶ
3059 3117 3162 3188 τὴν
3200 3116 3414 3171 τοιάνδε
3446 3115 3631 3187 φωνὴν
3671 3116 3745 3185 μὴ

2165 3213 2714 3288 προπετευέσθωσαν,
2748 3212 2884 3265 ὅπου
2932 3226 2995 3279 γε
3040 3212 3202 3280 ἡμεῖς
3228 3208 3324 3263 καὶ
3358 3208 3571 3278 φύσεις,
3613 3207 3747 3260 ἀλλὰ

476 3249 672 3291 vocem
706 3247 779 3287 ne
815 3240 1024 3286 temere
1056 3225 1334 3290 dictitant,
1370 3223 1592 3295 quando
1628 3235 1730 3277 nos
1758 3227 1815 3275 et
1838 3225 2063 3272 naturas

480 3327 578 3385 sed
607 3325 824 3383 etduas
850 3323 1102 3378 dicentes
1137 3316 1395 3373 audimus
1430 3313 1735 3388 exquisitos
1761 3313 1905 3365 inter
1945 3322 2063 3362 nia-

478 3421 702 3493 gistros.

552 3512 642 3568 63.
685 3510 784 3565 Dei
825 3508 993 3566 Verbi
1050 3516 1246 3563 natura
1287 3505 1451 3561 unica
1499 3510 1760 3570 tanquam
1788 3489 2063 3548 incarnati

2169 3310 2264 3363 καὶ
2292 3307 2406 3375 δύο,
2440 3305 2702 3375 λέγοντας
2730 3303 3001 3375 ἀκούομεν
3044 3302 3173 3367 τοὺς
3201 3301 3489 3374 ἐκκρίτους
3527 3298 3638 3352 τῶν
3665 3299 3749 3354 δι-

2169 3399 2232 3452 δα
2240 3397 2475 3452 σκάλων.

2244 3490 2347 3559 ξγθ.
2398 3487 2464 3544 Ἦ
2494 3486 2589 3541 τοῦ
2634 3485 2771 3540 Θεοῦ
2810 3487 2986 3555 Λόγου
3016 3484 3179 3556 φύσις
3211 3485 3311 3555 μία
3356 3485 3434 3547 ὼς
3466 3496 3746 3553 σεσαρκω-
3846 3511 3859 3519 -

480 3616 587 3673 est,
616 3614 714 3659 aut
760 3612 818 3659 et
865 3612 1125 3672 tanquam
1176 3599 1385 3673 absque
1419 3592 1631 3651 carne?
1688 3588 1746 3643 Si
1803 3595 2064 3654 tanquam

2176 3584 2339 3656 μένου
2370 3581 2540 3647 ἐστὶν,
2576 3581 2609 3651 ἢ
2641 3580 2737 3634 καὶ
2764 3579 2842 3643 ὡς
2865 3580 3149 3650 ἀσάρκους
3181 3578 3231 3629 εί
3267 3575 3366 3646 μὲν
3404 3570 3498 3627 οὖν
3534 3573 3611 3636 ὡς
3658 3587 3747 3625 σε-

482 3696 756 3755 incarnati
776 3695 1025 3766 quidem,
1050 3700 1178 3747 ante
1199 3682 1640 3746 incarnationem
1660 3694 1771 3735 non
1799 3690 1907 3732 una
1921 3680 2064 3737 erat,

2168 3672 2549 3746 σαρκωμένου,
2588 3670 2695 3742 πρὸ
2743 3671 2842 3739 τῆς
2897 3668 3230 3740 σαρκώσεως
3267 3667 3329 3720 οὑ
3370 3666 3471 3737 μία
3501 3661 3589 3735 ἦν,
3629 3662 3745 3718 ἀλλ’

483 3794 582 3851 sed
631 3754 907 3855 semiuna,
949 3754 1045 3843 aut
1078 3784 1329 3856 quaedam
1361 3793 1490 3851 pars
1542 3773 1694 3838 talis;
1746 3770 1930 3825 adhuc
1960 3780 2066 3821 nec

2169 3765 2335 3837 ἥμισυ
2378 3763 2528 3833 μιᾶς,
2561 3761 2597 3833 ἧ
2641 3759 2914 3814 τιτοιόνδε
2946 3761 3155 3831 μόριον·
3186 3757 3267 3811 ἔτι
3291 3755 3397 3827 μὴν
3423 3754 3546 3808 οὑδὲ
3576 3755 3604 3807 ὁ
3633 3754 3751 3805 Ila-

484 3888 669 3951 Pater,
701 3898 807 3939 nec
841 3844 1081 3951 spiritus
1096 3844 1338 3931 sanctus
1364 3844 1544 3924 unius
1560 3864 1670 3921 erit
1690 3869 1903 3916 natura:
1936 3872 2067 3951 perf

2169 3856 2270 3928 τὴρ
2308 3855 2341 3926 ἢ
2370 3851 2432 3908 τὸ
2476 3854 2633 3921 ἅγιον
2674 3850 2901 3923 Πνεῦμα
2933 3851 3060 3921 μιᾶς
3083 3848 3243 3951 ἔσται
3265 3847 3481 3915 φύσεως
3509 3844 3748 3907 τελείας.

483 3948 664 4037 recte,
692 3975 751 4032 Si
781 3948 968 4030 autem
990 3981 1048 4026 et
1064 3977 1192 4024 ante
1219 3959 1655 4020 incarnationem
1680 3969 1789 4009 una
1809 3958 1947 4015 erat,
1975 3948 2062 4004 vel

483 4070 623 4127 nihil
660 4067 916 4141 apposuit
950 4060 1205 4120 naturale
1240 4056 1306 4112 ad
1344 4052 1680 4126 hypostasim
1705 4045 1873 4104 Verbi
1910 4055 2062 4106 caro,

484 4175 543 4220 et
575 4140 741 4218 fallax
774 4140 1081 4216 secundum
1133 4147 1471 4221 hypostasim
1517 4141 1795 4199 celebrata
1838 4142 2065 4189 natura-

2170 3946 2235 4000 Εί
2267 3945 2324 3999 δὲ
2358 3945 2454 3998 καὶ
2482 3941 2589 4014 πρὸ
2609 3942 2708 4013 τῆς
2740 3939 3067 4011 σαρκώσεως
3095 3938 3190 4009 μία
3216 3932 3303 4008 ἦν,
3339 3935 3373 4007 ἢ
3401 3934 3554 3988 οὐδὲν
3577 3951 3750 4005 προσς

2171 4036 2338 4106 έθηκε
2360 4033 2591 4105 φυσικὸν
2623 4034 2656 4103 ἡ
2685 4030 2823 4104 σὰρξ
2846 4033 2913 4101 τῇ
2945 4030 3244 4085 ὑποστάσει
3277 4026 3371 4079 τοῦ
3411 4024 3610 4095 Λόγου,
3654 4026 3751 4078 καὶ

2170 4127 2374 4197 ψευδὴς
2399 4127 2432 4197 ἡ
2461 4124 2584 4179 καθ’
2610 4123 2905 4176 ὑπόστασιν
2930 4120 3125 4182 ἕνωσις
3152 4118 3368 4187 φύσεων
3393 4114 3747 4186 δοξαζομένη,

486 4269 611 4311 rum
635 4251 918 4316 adunatio,
950 4247 1037 4304 vel
1057 4241 1309 4314 apposita
1341 4252 1508 4293 unam
1548 4242 1803 4289 naturam
1831 4234 2071 4280 naturae-

2172 4218 2207 4289 ἢ
2243 4216 2540 4288 προσθεῖσα
2572 4214 2700 4284 μίαν
2730 4212 2950 4283 φύσινῆ
2977 4210 3164 4281 μόριον
3196 4206 3410 4278 φύσεως
3443 4204 3748 4276 ὲπισυνῆψσ

486 4360 556 4402 ve
587 4351 803 4417 partem
833 4323 1122 4411 conjunxit
1148 4329 1318 4403 priori
1364 4325 1531 4383 Verbi
1556 4322 1732 4379 unica:
1766 4324 1995 4374 naturae.

2173 4311 2239 4380 τῇ
2274 4306 2515 4379 προτέρᾳ
2543 4305 2704 4376 φύσει
2731 4304 2831 4376 μιᾷ
2854 4302 2947 4356 τοῦ
2978 4302 3176 4371 Λόγου.

503 4505 2676 4563 __________________________________

1449 4668 2041 4764 ΜΑΡΤΥΡΙΑΙ
2108 4665 2335 4751 ΤΩΝ
2413 4656 2777 4747 ΑΓΙΩΝ.

1349 4993 2105 5093 TESTIMONIA
2175 4983 2937 5081 SANCTORUM.

563 5345 674 5405 Sed
698 5356 802 5398 cur
845 5350 972 5401 nos,
1009 5333 1184 5396 aiunt,
1217 5328 1585 5400 undequaque
1633 5320 2077 5381 circumvenien-

2101 5318 2156 5378 D

2265 5314 2427 5369 ,Λλλὰ
2455 5312 2508 5366 τί
2537 5312 2705 5382 ἡμᾶς,
2737 5309 2892 5379 φασὶ,
2931 5305 3267 5376 πανταχόθεν
3311 5294 3755 5377 περιτρέχοντα»

495 5396 971 5503 testae—vestram
996 5419 1327 5494 compellitis
1353 5396 1733 5475 sententiam?
1769 5411 1882 5468 Nos
1923 5409 2073 5463 enim

2180 5409 2262 5473 εἰς
2286 5407 2386 5476 τὴν
2429 5403 2709 5476 ὑμετέραν
2740 5400 2898 5464 δόξαν
2944 5398 3331 5466 συνελαύνετες
3367 5399 3528 5468 ἡμεῖς
3556 5397 3665 5467 γὰρ
3686 5396 3757 5467 ἦν

493 5545 529 5600 (1

534 5489 643 5583 und
691 5523 760 5578 ad
809 5520 1049 5575 litteram
1097 5489 1322 5570 Patrum
1356 5512 1753 5566 documentum
1787 5503 2076 5557 hausimus

2181 5497 2459 5563 αὑτολεξεὶ
2512 5493 2859 5551 διδασκαλίαν
2917 5493 3192 5563 πατρικὴν
3246 5490 3404 5562 ἴσμεν
3441 5489 3569 5560 περὶ
3620 5490 3758 5559 Χρι·

674 5615 974 5677 Christum,
1011 5620 1173 5664 unam
1198 5603 1460 5660 videlicet
1490 5600 1587 5656 Dei
1622 5595 1787 5652 Verbi
1820 5604 2072 5650 naturam

2184 5591 2335 5655 στοῦ,
2365 5590 2540 5644 είτουν
2575 5586 2705 5658 μίαν
2739 5583 2902 5653 φύσιν
2934 5582 3030 5636 τοῦ
3077 5580 3214 5635 Θεοῦ
3244 5582 3418 5650 Λόγου
3475 5593 3761 5649 σεσαρκω-

495 5711 831 5767 incarnaum
868 5700 1164 5761 secundum
1202 5703 1453 5753 sanetum
1491 5688 1854 5748 Athanasium
1891 5695 1945 5741 et
1966 5683 2075 5755 Cy-

2187 5680 2355 5753 μένην
2410 5677 2550 5732 κατὰ
2606 5675 2698 5728 τὸν
2752 5674 2907 5741 ἅγιον
2953 5670 3272 5726 Ἀθανάσιον
3326 5669 3421 5723 καὶ
3468 5665 3759 5736 Κύριλλον,
