4034 6408
323 294 453 362 1805

1512 304 1812 365 contu
1854 305 2451 369 MONOPIIYSITAS.

3463 310 3603 378 1806

315 416 474 488 ὑμεῖς
502 413 558 468 δὲ
584 412 653 483 ἦν
687 431 831 484 φατε
873 414 1206 487 ξενοφωνίαν
1240 421 1483 491 οὐδαμοῦ
1526 423 1640 486 τοῖς
1673 422 1897 495 Πατράσ

2025 424 2208 479 rillum
2233 443 2248 493 ;
2276 442 2374 481 ros
2407 434 2594 482 autem
2625 442 2790 498 quam
2839 428 3052 484 all'ertis
3091 429 3328 484 alienam
3362 432 3604 503 appella-

312 505 495 578 ῥητῶς
520 505 789 578 κειμένην
819 510 1174 582 εὑρίσκομεν,
1196 511 1364 583 ηγουν
1383 513 1473 566 δύο
1502 513 1712 582 φύσεις,
1739 517 1786 568 εί
1817 516 1911 567 καὶ

309 600 661 671 ἀδιαιρέτους
695 603 742 655 Χ
752 602 966 672 ριστοῦ.

378 784 501 839 Καί
537 784 624 839 τοί
670 800 759 851 γε,
790 776 837 838 ὦ
880 778 1051 853 οὗτοι,
1096 788 1124 840 ὁ
1155 785 1419 856 ὑμέτερος
1466 785 1783 858 καθηγητὴς
1814 787 1918 839 Σε-

308 877 486 946 Cipe;
518 875 639 949 βοᾷ,
693 875 770 941 ὡς
818 879 1065 933 πλεῖστοι
1112 879 1223 932 τῶν
1259 880 1432 947 ἁγίων
1475 880 1732 949 Πατέρων
1763 880 1913 955 ἀδιατ

302 969 527 1039 6).ἠτω;
561 971 875 1041 ἐχρήσαντο
916 976 982 1043 τῇ
1030 973 1138 1026 τῶν
1170 973 1262 1026 δύο
1303 973 1516 1042 φύσεων
1555 976 1739 1045 φωνῇ’
1794 974 1913 1038 πῶς

297 1055 398 1113 οὖν
450 1062 722 1116 τάναντία
772 1063 932 1131 ὑμεῖς
984 1063 1215 1133 λέγετε;
1259 1065 1377 1118 ἀλλ’
1427 1065 1596 1128 ὅντως
1653 1065 1797 1121 κατὰ
1850 1066 1913 1120 τὸ

298 1151 610 1220 εἰρημένον
672 1156 741 1223 τῇ
788 1154 982 1226 Σοφία·
1031 1174 1051 1206 ‹
1088 1156 1495 1226 Προφασίζεται
1547 1157 1689 1229 ἀνὴρ
1740 1158 1912 1211 θέλων

296 1242 649 1313 χιριρίζεσϐαι
680 1246 859 1313 φίλου.
894 1265 913 1297 ι
965 1246 1117 1300 Ἐπεὶ
1145 1250 1228 1300 ὅτι
1254 1248 1412 1301 οὐδὲν
1445 1249 1667 1321 ἰσχυρὸν
1693 1249 1725 1320 ἢ
1750 1250 1910 1319 λόγου

296 1333 456 1396 ἄξιον
490 1334 527 1405 ἦ
561 1336 795 1407 ἀκριϐὲς
825 1338 940 1408 ἔχει
969 1340 1099 1408 ὑμῖν
1126 1341 1159 1410 ἡ
1192 1341 1416 1412 ἀφορμὴ
1447 1341 1546 1407 τῆς
1590 1343 1727 1413 πρὶς
1765 1345 1913 1413 ἡμᾶς

297 1424 598 1492 διενέξεως
642 1428 805 1497 αῦτη,
856 1431 1093 1501 ἑτοίμως
1122 1434 1215 1486 καὶ
1272 1434 1626 1505 πολυτρόπως
1666 1436 1763 1488 σὺν
1793 1436 1912 1507 Θεῷ

296 1522 766 1591 παραστήσομεν.
816 1522 1020 1591 Πρῶτα
1052 1523 1150 1593 μὲν
1175 1526 1286 1594 γὰρ
1324 1525 1372 1578 εί
1408 1527 1507 1596 τὴν
1548 1529 1604 1581 ἐν
1634 1528 1788 1581 δυάδι
1813 1529 1912 1598 φύ-

294 1625 447 1662 σεων
470 1611 773 1682 ἀδιαιρέτῳ
805 1613 1100 1682 ὁμολογίαν
1138 1617 1230 1668 ἐπὶ
1265 1616 1361 1669 τοῦ
1401 1618 1605 1689 Κυρίου
1639 1619 1909 1686 σέϐοντες,

298 1704 439 1770 επερὶ
470 1702 573 1773 τὴν
619 1704 819 1775 ἑτέραν
867 1705 1250 1777 διαφωνοῦμεν
1287 1708 1417 1779 ὑμῖν
1461 1709 1787 1778 ἐξαγγελίαν
1813 1714 1908 1766 τοῦ

295 1792 610 1863 δόγματος,
654 1797 827 1867 ἧγουν
855 1796 953 1867 τὴν
988 1798 1260 1867 λέγουσαν
1293 1800 1422 1871 μίαν
1453 1801 1617 1870 φύσιν
1645 1803 1741 1857 τοῦ
1772 1805 1906 1858 Θεοῦ

290 1890 481 1955 Λόγου
548 1892 1022 1961 σεσαρκωμένην,
1080 1894 1173 1946 καὶ
1225 1893 1300 1964 μὴ
1354 1894 1557 1964 μᾶλλον
1613 1896 1767 1967 ὑμῶν
1814 1899 1909 1952 καὶ

287 1981 463 2053 τήνδε
498 1984 939 2053 ἁσμενιζόμεθα,
978 1985 1148 2050 ὅντως
1192 1984 1261 2039 ἂν
1310 1986 1493 2051 καλῶς
1535 1987 1907 2049 διεστέλλεσθε

290 2074 433 2142 παρ’
465 2074 631 2144 ἡμῶν
655 2090 669 2103 ·
699 2077 747 2127 εἰ
770 2075 827 2128 δὲ
856 2075 954 2128 καὶ
980 2075 1186 2148 ταύτην
1214 2078 1288 2141 ὡς
1316 2076 1415 2149 τὴν
1439 2077 1610 2149 αὐτὴν
1640 2078 1696 2132 δὲ
1726 2079 1905 2150 πάντη

292 2161 474 2219 οὖσαν
528 2170 597 2237 τῇ
652 2167 819 2239 ἑτέρᾳ
862 2169 1364 2240 συναποδεχόμεθα,
1411 2169 1530 2234 πῶς
1589 2172 1816 2239 ἀφέντες
1848 2174 1907 2226 τὸ

290 2257 628 2329 ἀνακρίνειν
666 2259 800 2312 αὐτὸ
842 2259 1027 2327 τοῦτο,
1069 2262 1119 2314 εἰ
1177 2260 1395 2332 ἀληθῶς
1437 2263 1636 2317 ταυτόν
1678 2264 1794 2318 ἐστι
1839 2268 1906 2337 τῇ

289 2347 535 2418 δυνάμει
569 2348 632 2402 τὸ
664 2349 849 2417 λέγειν
887 2351 1019 2421 μίαν
1047 2351 1208 2421 φύσιν
1239 2351 1333 2405 τοῦ
1367 2352 1503 2407 Θεοῦ
1545 2357 1907 2427 σεσαρκωμέ-

290 2459 431 2513 νην,
496 2444 597 2495 καὶ
646 2442 812 2497 δυάδα
859 2443 1078 2512 φύσεων
1121 2444 1360 2516 Χριστοῦ
1423 2446 1549 2500 καθ’
1607 2448 1908 2504 ὑπόστασιν

294 2532 436 2603 μίαν
462 2532 784 2603 ἡνωμένην,
814 2534 895 2606 τῷ
932 2535 1007 2606 μὴ
1057 2536 1149 2589 ἐπὶ
1197 2536 1307 2589 τῶν
1345 2536 1529 2591 αὐτῶν
1567 2538 1767 2604 λέξεων
1795 2544 1907 2605 τοῖς

290 2624 558 2691 Πατράσι
591 2626 861 2697 κειμένην
894 2627 1054 2696 τήνδε
1107 2628 1206 2700 τὴν
1255 2628 1489 2695 ἔννοιαν,
1522 2632 1908 2702 παραιτεῖσθαί

296 2731 442 2782 φατε
486 2714 591 2785 τὴν
631 2714 894 2787 τοιαύτην
942 2718 1264 2788 ὁμολογίαν;
1317 2718 1479 2786 εἴπερ
1513 2720 1625 2794 γὰρ
1665 2724 1740 2795 μὴ
1789 2726 1906 2778 ἔστι

293 2803 396 2858 καὶ
423 2805 492 2857 ὲκ
516 2806 874 2878 παραλλήλου
899 2826 952 2862 τι
977 2809 1036 2862 τὸ
1058 2810 1190 2864 αὐτὸ
1210 2811 1393 2881 λέγειν
1408 2815 1466 2866 ὲν
1493 2812 1589 2884 τῷ,
1607 2813 1902 2868 Ἀκούσατε

292 2899 701 2965 ταῦτα,πάντα
734 2902 804 2957 τὰ
836 2902 989 2974 ἔθνη,
1014 2906 1367 2972 ἐνωτίσασθε,
1400 2909 1604 2973 πάντες
1631 2909 1682 2963 οἱ
1715 2927 1902 2964 κατοι-

292 2992 533 3057 κοῦντες
546 2996 652 3066 τὴν
670 2996 1025 3068 οἰκουμένην,
1040 2997 1351 3068 λεγέτωσαν
1373 3003 1505 3071 ἡμῖν
1524 3001 1579 3055 τί
1598 3001 1661 3053 τὸ
1681 3002 1903 3058 ἀκούειν

2020 516 2249 581 tionem,
2279 518 2479 574 nullibi
2513 520 2656 589 apud
2679 521 2872 576 Patres
2897 521 3046 577 clare
3075 523 3416 578 enuntiatam
3449 524 3607 580 inve-

2017 609 2220 671 nimus,
2248 611 2460 666 scilicet
2491 611 2629 667 duas
2651 622 2877 668 naturas
2908 627 3031 684 qua:
3076 623 3259 670 tamen
3289 615 3604 688 disjungere

2015 710 2229 770 queunt
2254 702 2308 755 in
2337 701 2582 758 Christo.

2085 793 2155 848 Et
2186 809 2341 862 sane,
2374 810 2408 849 o
2439 810 2557 859 vos,
2581 805 2767 852 vester
2802 796 2915 851 dux
2948 812 3175 853 severos
3207 799 3426 865 clamat,
3454 801 3604 870 quod

2014 895 2332 941 sanctorum
2374 888 2598 942 Patrum
2634 888 2907 959 plerique,
2959 905 3065 946 nec
3111 890 3382 948 conviciis
3415 891 3603 963 digne,

2015 973 2248 1029 duarum
2280 984 2606 1031 naturarum
2627 977 2872 1033 dictione
2903 979 2989 1033 usi
3019 980 3166 1045 sint;
3196 980 3475 1049 quomodo
3499 981 3606 1052 igi-

2017 1075 2106 1121 tur
2126 1068 2468 1123 contrarium
2503 1084 2603 1124 vos
2633 1069 2913 1140 objicitis?
2942 1071 3050 1126 Sed
3088 1073 3270 1142 reipsa
3298 1074 3605 1128 secundum

2016 1159 2228 1214 dictum
2274 1176 2303 1215 a
2344 1160 2622 1232 Sapientia
2667 1181 2682 1216 :
2733 1182 2749 1214 ι
2778 1162 3110 1219 Occasioncs
3169 1165 3371 1234 quaarit
3439 1165 3604 1219 homo

2015 1252 2112 1323 qui
2147 1253 2267 1307 vult
2298 1254 2558 1309 recedere
2588 1254 2656 1309 ab
2694 1256 2874 1309 amico
2893 1257 2933 1309 ⁸.
2973 1275 2991 1307 ι
3032 1256 3169 1310 Cum
3196 1257 3333 1310 nihil
3360 1258 3601 1312 validum

2013 1354 2387 1401 autsermone
2436 1346 2665 1418 dignum
2721 1357 2817 1402 aut
2859 1358 3177 1404 accuratum
3233 1350 3401 1405 habet
3448 1351 3606 1407 vobis

2015 1448 2249 1494 conatus
2293 1440 2637 1496 diversitatis
2681 1442 2902 1497 anubis
2957 1443 3081 1509 iste,
3129 1451 3258 1513 apte
3298 1452 3354 1498 et
3383 1443 3605 1498 diverso

2014 1528 2179 1582 modo
2199 1545 2324 1583 cum
2354 1530 2467 1586 Deo
2491 1531 2853 1589 instabimus.
2895 1534 3084 1589 Primo
3128 1534 3351 1603 quidem
3382 1534 3428 1589 si
3473 1550 3607 1590 con-

2014 1619 2311 1676 fessionem
2367 1623 2714 1693 duplicitatis
2749 1636 2963 1681 naturae
3006 1626 3363 1683 indivisibilis
3400 1628 3467 1683 de
3494 1628 3603 1683 Do-

2015 1712 2166 1767 mino
2191 1715 2282 1784 pie
2313 1716 2642 1787 cogitantes,
2675 1717 2821 1773 circa
2847 1719 3118 1789 reliquam
3150 1736 3180 1775 a
3204 1720 3368 1776 vobis
3393 1720 3606 1776 dissen-

2015 1803 2185 1859 timus
2237 1807 2641 1876 expositionem
2687 1811 2960 1881 dOgmatis
3004 1827 3203 1882 nempe
3250 1827 3375 1882 qua:
3437 1828 3600 1867 unam

2011 1895 2111 1950 Dei
2146 1896 2315 1952 Verbi
2344 1899 2481 1955 dicit
2508 1910 2762 1957 naturam
2796 1903 3159 1967 incarnatam,
3202 1913 3258 1960 et
3288 1921 3399 1961 non
3426 1906 3603 1977 magis

2008 2002 2177 2057 quam
2227 2005 2325 2045 vos
2366 2000 2423 2046 et
2462 1992 2610 2047 illam
2664 1993 2902 2065 benigne
2948 1996 3367 2066 amplectimur,
3421 1998 3601 2068 reipsa

2008 2078 2154 2134 bene
2189 2097 2221 2135 a
2261 2082 2425 2137 nobis
2453 2083 2811 2155 elongamini.
2850 2085 2907 2141 Si
2935 2101 3065 2141 vero
3119 2096 3177 2142 et
3217 2088 3365 2142 illam
3422 2088 3599 2158 ipsam

2014 2179 2270 2240 tanquam
2291 2174 2545 2230 eamdem
2569 2177 2796 2231 omnino
2818 2177 3174 2235 exsistentem
3192 2196 3354 2249 quam
3371 2182 3601 2236 alterum

2009 2262 2297 2319 vobiscum
2344 2265 2726 2336 admittimus,
2779 2271 3059 2340 quomodo
3113 2272 3247 2327 illud
3276 2273 3601 2330 discernere

2009 2356 2375 2426 negligentes,
2432 2359 2479 2412 si
2512 2375 2638 2415 vere
2684 2360 2832 2415 idem
2867 2371 2949 2416 est
2982 2363 3184 2420 virtute
3214 2364 3403 2420 dicere
3432 2382 3599 2422 unam

2008 2455 2264 2502 naturam
2286 2448 2384 2503 Dei
2404 2450 2569 2506 Verbi
2592 2452 2930 2508 incarnatam
2952 2463 3006 2509 et
3036 2465 3362 2514 naturarum
3385 2456 3595 2515 Christi

2008 2539 2389 2609 dnplicitatem
2430 2544 2736 2600 secundum
2791 2546 3130 2617 hypostasim
3171 2564 3334 2603 unam
3388 2550 3602 2605 aduna-

2010 2636 2141 2694 tam,
2189 2646 2255 2685 eo
2304 2633 2450 2702 quod
2482 2633 2668 2690 verbis
2726 2635 2923 2693 iisdem
2973 2653 3085 2693 non
3142 2638 3497 2697 inveniamus
3538 2641 3597 2697 in

2006 2724 2262 2780 Patribus
2292 2727 2621 2796 explicatam
2675 2731 2981 2797 notionem,
3014 2733 3317 2803 quomodo,
3348 2735 3598 2804 inquam,

2007 2813 2363 2883 rejiciendam
2413 2816 2601 2872 dicitis
2630 2818 2793 2872 talem
2824 2820 3278 2876 confessionem?
3311 2821 3366 2877 Si
3414 2832 3599 2880 tamen

2005 2918 2118 2957 non
2142 2904 2267 2959 licet
2284 2906 2718 2975 parallelismum
2741 2909 2796 2964 in
2828 2911 3109 2980 loquendo
3137 2911 3324 2968 dicere
3350 2930 3364 2966 :
3389 2913 3597 2969 Audite

2006 2998 2143 3054 ha-c.
2174 3014 2367 3057 omnes
2398 3012 2613 3073 gentes,
2655 3005 2884 3061 auribus
2929 3008 3200 3078 percipite
3253 3024 3447 3065 omnes
3499 3011 3593 3081 qui

291 3087 453 3158 παρὰ
480 3086 546 3141 τὸ
576 3086 953 3153 ἐνωτίζεσθαι,
986 3091 1081 3144 καὶ
1118 3093 1249 3144 ποῖα
1306 3092 1376 3146 τὰ
1422 3092 1574 3163 ἔθνη,
1615 3096 1746 3149 ποῖα
1775 3095 1831 3148 δὲ
1857 3097 1901 3148 oi

2014 3091 2280 3148 habitatis
2323 3094 2539 3162 orbem,
2583 3096 2772 3153 dicant
2802 3098 2965 3155 nobis
2999 3100 3130 3169 quid
3151 3101 3344 3159 audire
3370 3112 3427 3157 et
3460 3104 3595 3173 quid

290 3180 693 3243 κατοικοῦντες
741 3180 843 3251 τὴν
888 3182 1220 3252 οἰκουμένην
1246 3199 1270 3250 ;·
1294 3183 1358 3237 Εἰ
1395 3183 1453 3238 δὲ
1484 3185 1578 3238 καὶ
1608 3185 1701 3239 τοῦ
1734 3186 1901 3241 αὐτοῦ

285 3268 451 3335 δντος
486 3274 925 3344 σημαινομένου,
956 3274 1036 3345 τῷ
1071 3276 1146 3347 μὴ
1172 3276 1453 3342 αὐτολεξεδ.
1477 3276 1564 3330 διὰ
1595 3278 1704 3331 τῶν
1728 3280 1901 3333 Πατέ-

295 3378 408 3431 ρων
438 3362 703 3432 εἰρῆσθαι
730 3364 829 3435 τὴν
860 3366 950 3420 διὰ
978 3366 1076 3435 τῆς
1107 3365 1295 3430 δυάδος
1371 3367 1665 3437 ὁμολογίαν
1703 3387 1905 3442 παραι-

292 3450 542 3512 τοῦνται.
583 3452 752 3524 εἴπερ
780 3452 951 3517 ὅντως
992 3454 1205 3508 σκῶλον
1252 3453 1556 3522 ἀξιόλογον,
1600 3456 1697 3510 καὶ
1737 3474 1903 3511 σκαν-

290 3540 457 3593 δάλου
509 3541 692 3595 αἴτιόν
740 3544 857 3597 ἐστι
896 3543 956 3597 τὸ
994 3543 1175 3611 λέγειν
1210 3544 1410 3616 εὐσεϐῆ
1462 3544 1697 3611 ἔννοιαν,
1733 3546 1900 3618 χωρὶς

289 3631 393 3699 τῆς
419 3632 518 3685 ἐπὶ
552 3631 757 3698 λέξεως
785 3635 960 3705 αὐτῆς
1006 3652 1171 3689 τινων
1217 3636 1689 3707 προεγνωσμένων
1722 3637 1899 3691 Πατέ-

293 3741 404 3795 ρων
429 3726 687 3779 εὐσεϐῶν
719 3727 1063 3798 συμφωνίας,
1097 3729 1314 3799 πρῶτον
1343 3731 1442 3800 μὲν
1470 3729 1645 3795 οὐδεὶς
1668 3731 1897 3803 Περσῶν

286 3816 320 3886 ἢ
358 3816 665 3887 Ῥωμαίων
694 3819 727 3889 ἢ
755 3820 1024 3890 Φράγγων
1049 3820 1082 3891 ἤ
1113 3821 1290 3874 Ἰνδῶν
1314 3820 1440 3875 οὐτε
1468 3824 1753 3893 προφήτην
1777 3825 1898 3879 οὐδὲ

286 3909 380 3961 τὸν
428 3909 646 3979 Κύριον
693 3910 861 3963 αὐτὸν
898 3909 1220 3976 ἀποδέξεται
1275 3912 1345 3967 τὰ
1394 3914 1593 3985 εὐσεϐῆ
1650 3915 1898 3986 δόγματα

286 4001 713 4071 διαλεγόμενον,
742 4002 866 4054 ἐπεὶ
900 4003 962 4056 οὐ
1006 4004 1247 4071 γνωσταὶ
1286 4004 1475 4069 αὐτοῖς
1510 4006 1897 4078 προϋπάρχου-

292 4109 376 4144 σιν
402 4093 459 4144 αἱ
505 4084 773 4158 λέξειςᾟί
818 4093 950 4165 παρ’
992 4093 1175 4147 αὐτῶν
1224 4094 1406 4158 ἰδικῶς
1456 4095 1771 4167 λεγόμεναι,
1801 4098 1896 4152 ἐὰν

301 4187 377 4257 μὴ
406 4188 475 4238 δι’
506 4186 719 4260 ἑτέρων
760 4187 947 4250 αὐτοῖς
997 4187 1378 4258 ὲρμηνευθῶσι
1421 4187 1621 4253 λέξεων
1664 4190 1896 4244 ἀλλοίων

295 4295 354 4329 τε
402 4278 605 4346 ιξωνῶν
660 4278 758 4332 καὶ
813 4278 1078 4333 ποικίλων
1133 4280 1551 4353 περιφράσεων·
1606 4280 1782 4345 ἄλλως
1835 4281 1894 4335 δὲ

295 4368 414 4420 οὐδὲ
458 4368 713 4438 Ἑϐραῖοι
772 4370 1188 4442 πεισθήσονται,
1243 4373 1327 4426 ὅτι
1373 4372 1543 4437 ὅντως
1598 4372 1763 4427 εἰκὼν
1795 4373 1891 4428 τοῦ

2002 3182 2237 3238 auribus
2253 3185 2543 3256 percipere
2562 3203 2576 3251 ;
2593 3187 2726 3257 quid
2747 3197 2959 3259 gentes,
2981 3197 3037 3245 et
3060 3190 3195 3260 quid
3218 3192 3312 3261 qui
3338 3193 3593 3249 habitant

2003 3275 2230 3330 orbem?
2262 3274 2319 3331 Si
2344 3291 2477 3332 vero
2511 3286 2567 3332 et
2624 3280 2817 3337 eadem
2851 3297 2911 3337 re
2932 3283 3236 3339 exsistente
3284 3287 3588 3359 designata,

2001 3383 2070 3423 eo
2093 3368 2240 3437 quod
2274 3368 2343 3424 ad
2373 3369 2616 3427 litteram
2664 3387 2695 3427 a
2724 3373 2982 3429 Patribns
3016 3391 3125 3430 non
3157 3376 3302 3433 dicta
3332 3388 3417 3435 est
3455 3396 3594 3435 con-

2002 3459 2168 3516 fessio
2202 3471 2464 3527 renuunt,
2490 3463 2533 3517 si
2568 3472 2749 3519 tamen
2782 3466 2962 3536 reipsa
2987 3467 3380 3525 olfendiculum
3411 3480 3595 3528 atten—

2005 3547 2156 3604 tione
2199 3549 2428 3621 dignum
2481 3559 2538 3607 et
2574 3553 2819 3608 scandali
2865 3570 3034 3612 causa
3083 3566 3170 3613 est
3201 3558 3360 3629 piam
3399 3561 3592 3618 dicere

2000 3641 2286 3697 notionem
2369 3643 2579 3713 absque
2670 3645 2903 3716 loquelae
2977 3648 3151 3718 ipsius
3223 3653 3590 3721 quorumdam

1999 3734 2462 3803 praecognitorum
2523 3735 2744 3790 Patrum
2786 3737 3003 3806 piorum
3071 3739 3382 3805 harmonia,
3409 3743 3590 3811 primo

2000 3825 2224 3895 quidem
2282 3826 2577 3882 Persarum
2635 3838 2731 3883 aut
2774 3829 3184 3898 Romanorum,
3238 3842 3335 3888 aut
3371 3835 3587 3890 Phran-

2000 3930 2195 3986 gorum
2228 3916 2646 3985 (Francorum?)
2700 3925 2798 3972 aut
2838 3918 3124 3985 Indorum,
3163 3921 3282 3977 sive
3338 3923 3588 3992 prophe-

2000 4017 2110 4062 tam
2144 4049 2159 4071 ,
2228 4007 2343 4063 sive
2406 4008 2698 4063 Dominum
2764 4010 2946 4079 ipsum
3024 4011 3261 4080 recipiet
3329 4015 3417 4084 pia
3484 4015 3588 4071 do-

1998 4107 2180 4169 gmata
2234 4108 2633 4168 proponentem
2676 4100 3027 4171 cumignotae
3076 4101 3213 4172 ipsis
3260 4105 3374 4159 sint
3420 4121 3587 4161 voces

1997 4206 2121 4259 qua:
2167 4191 2235 4245 ab
2263 4191 2345 4246 eis
2370 4192 2591 4262 preprie
2641 4192 2924 4259 dicuntur,
2966 4194 3076 4249 nisi
3119 4211 3220 4266 per
3268 4197 3405 4254 alias
3447 4199 3584 4268 ipsis

1998 4282 2437 4354 interpretentur
2466 4300 2631 4340 voces
2658 4293 2714 4341 et
2744 4285 2979 4341 aliorum
3015 4300 3278 4343 sonorum
3306 4297 3366 4345 et
3394 4290 3582 4347 diver-

1999 4390 2184 4431 sarum
2223 4377 2654 4446 periphrasium.
2692 4377 2867 4433 Aliter
2895 4394 3000 4435 nec
3058 4376 3270 4436 llebrzei
3319 4381 3387 4437 ad
3420 4383 3582 4441 ﬁdem

295 4460 432 4513 Θεοῦ
462 4462 563 4515 καὶ
590 4462 882 4535 χαρακτὴρ
912 4465 1008 4517 καὶ
1054 4464 1398 4535 ἀπαύγασμα
1449 4466 1477 4517 ὁ
1510 4465 1683 4534 Λόγος
1727 4465 1891 4520 αὐτοῦ

2006 4467 2318 4532 devenient,
2355 4468 2480 4538 quia
2512 4469 2693 4538 reipsa
2737 4469 2917 4542 imago
2948 4472 3047 4527 Dei
3107 4482 3165 4527 et
3198 4474 3487 4531 character
3527 4487 3586 4535 et

297 4554 469 4619 ἐστιν,
501 4555 630 4606 ἐπεὶ
665 4556 741 4626 μὴ
770 4555 885 4609 ἐστι
938 4554 1100 4609 τοῦτο
1141 4558 1424 4624 αὐτολεξεί
1459 4575 1563 4611 που
1594 4561 1652 4612 ὲν
1683 4562 1747 4630 τῇ
1780 4561 1895 4613 Πα-

295 4644 422 4715 λαιᾷ
449 4661 462 4672 ·
496 4644 627 4699 οὔτε
664 4646 1001 4717 Σαμαρεῖται
1036 4651 1163 4721 περὶ
1196 4649 1434 4720 κρίσεώς
1468 4667 1523 4703 τι
1568 4650 1891 4716 καταδέξον⁴

294 4757 381 4793 ται
410 4742 744 4812 μελλούσης,
764 4745 887 4797 ἐπεὶ
912 4745 1015 4798 οὐκ
1042 4745 1237 4817 ἐλέχθη
1262 4745 1443 4818 ῥητῶς
1469 4746 1537 4800 τὰ
1563 4749 1691 4818 περὶ
1718 4748 1890 4817 αὐτῆς

294 4832 506 4903 Μωῦσῇ
540 4850 619 4902 πη
654 4848 668 4862 ·
700 4833 814 4885 ἀλλ’
850 4834 970 4887 οὐδὲ
1002 4836 1212 4905 Ἀρειοι
1265 4836 1359 4888 καὶ
1407 4835 1665 4904 Εὐνόμιοι
1715 4835 1811 4889 καὶ
1838 4838 1888 4889 οἱ

290 4921 472 4974 λοιποὶ
503 4922 605 4993 τὴν
632 4922 727 4976 τοῦ
755 4925 1045 4992 ὀμοουσίου
1076 4925 1110 4995 ἢ
1143 4927 1414 4978 πναῖδίου
1456 4926 1641 4999 φωνὴν
1671 4928 1764 4980 ἐπὶ
1790 4926 1887 4980 τοῦ

291 5014 517 5083 Πατρδς
544 5015 642 5068 καὶ
681 5014 778 5067 τοῦ
810 5015 944 5068 Υίοῦ
971 5016 1069 5069 καὶ.
1116 5015 1211 5069 τοῦ
1250 5016 1406 5082 ἁγίου
1454 5016 1768 5088 Πνεῦματος
1793 5020 1889 5071 ἁν-

289 5104 529 5171 έξονται,
561 5107 689 5160 ἐπεὶ
711 5110 850 5177 μήτε
877 5111 943 5179 τῇ
974 5109 1108 5180 ἁγίᾳ
1140 5109 1333 5181 Γραφῇ
1375 5102 1454 5181 πη
1481 5111 1697 5180 εἴρηται
1724 5111 1883 5163 αὐτο-

285 5198 436 5262 λεξεὶ
467 5196 620 5265 τάδε,
655 5200 792 5270 μηδὲ
823 5202 937 5266 τοῖς
988 5199 1097 5270 πρὸ
1122 5199 1301 5254 αὐτῶν
1325 5202 1735 5272 Χριστιανικοῖς
1758 5220 1886 5269 συγ-

288 5292 617 5361 γράμμασι-

368 5385 518 5439 ’Δλϊ
545 5385 670 5440 οὐδὲ
691 5386 864 5457 αὐτὴν
890 5386 991 5457 τὴν
1022 5387 1127 5441 ὑπὸ
1157 5387 1253 5441 τοῦ
1278 5387 1491 5459 Πατρὺς
1529 5387 1688 5460 ἡμῶν
1720 5389 1880 5442 Ἀθα-

287 5478 480 5531 να-τίου
513 5477 700 5548 φωνὴν
728 5479 825 5530 ἐπὶ
868 5478 965 5532 τοῦ
1020 5479 1224 5551 Κυρίου
1267 5480 1531 5548 λέγουσαν
1562 5480 1692 5549 μίαν
1720 5479 1881 5550 φύσιν

287 5570 380 5624 τοῦ
416 5568 558 5622 Θεοῦ
606 5571 780 5636 Λίγου
833 5571 1260 5640 σεσαρκωμὲνην
1313 5568 1761 5640 καταδεξάμεοκ’
1819 5569 1878 5621 οὐ

358 5748 382 5781 ί
408 5749 575 5804 Prov.
608 5766 755 5816 ιιι-ιιι,
796 5749 845 5805 1.

1999 4560 2259 4630 splendor
2282 4560 2520 4615 Verbum
2545 4562 2666 4632 ejus
2692 4572 2797 4627 est,
2828 4579 2953 4618 eum
2979 4579 3091 4620 non
3132 4566 3204 4621 sit
3226 4567 3360 4622 illud
3394 4568 3462 4623 ad
3487 4569 3583 4623 lit-

2000 4659 2171 4705 teram
2207 4666 2438 4720 usquam
2492 4651 2545 4705 in
2577 4652 2761 4707 Veteri
2799 4652 3172 4709 Testamento.
3204 4656 3318 4711 Nec
3342 4656 3583 4713 Samari-

1999 4743 2113 4798 tani
2146 4742 2215 4797 de
2253 4742 2465 4812 judicio
2512 4744 2698 4799 futuro
2739 4745 3042 4815 quidquam
3077 4747 3397 4812 admittent,
3451 4765 3580 4804 cum

1996 4850 2105 4889 non
2131 4834 2199 4889 ad
2228 4835 2467 4890 litteram
2511 4851 2739 4905 usquam
2769 4835 2824 4890 in
2860 4837 3043 4909 Moyse
3068 4836 3369 4907 quidquam
3407 4838 3476 4894 de
3511 4856 3580 4897 eo

1995 4923 2231 4994 legatur.
2267 4922 2375 4979 Sed
2402 4940 2504 4979 nec
2535 4924 2726 4980 Ariani
2782 4927 2867 4980 vel
2893 4926 3223 4981 Eunomiani
3269 4936 3326 4982 et
3376 4930 3577 5000 reliqui

1994 5032 2188 5072 vocem
2215 5018 2485 5074 omoousii
2509 5028 2604 5074 aut
2628 5019 3114 5075 consubstantialis
3139 5028 3196 5075 et
3217 5023 3477 5077 coaeterni
3508 5024 3576 5081 de

1992 5108 2156 5163 Patre
2185 5120 2237 5164 et
2270 5110 2410 5165 Filio
2456 5120 2512 5167 et
2553 5111 2763 5182 Spiritu
2793 5120 2986 5167 sancto
3022 5112 3413 5180 sustinebunt,
3448 5130 3577 5173 cum

1990 5200 2187 5255 nullibi
2213 5200 2265 5255 in
2291 5211 2475 5256 sancta
2505 5202 2787 5272 Scriptura
2811 5203 2878 5258 ad
2902 5204 3137 5260 litteram
3159 5205 3277 5261 hzec
3293 5204 3575 5274 dicantur,

1988 5309 2092 5348 nec
2120 5292 2174 5347 in
2208 5292 2539 5349 Christianis
2570 5295 2791 5366 scriptis
2827 5307 2955 5353 ante
2985 5299 3155 5366 ipsos.

2061 5382 2167 5439 Sed
2203 5399 2304 5439 nec
2334 5384 2507 5454 ipsam
2533 5385 2714 5441 Patris
2758 5389 2937 5443 nostri
2962 5388 3247 5446 Athanasii
3281 5407 3471 5447 vocem
3502 5392 3573 5448 de

1986 5476 2219 5532 Domino
2253 5476 2526 5532 dicentem
2563 5494 2727 5533 unam
2772 5478 2869 5535 Dei
2919 5480 3080 5536 Verbi
3109 5491 3359 5538 naturam
3393 5484 3574 5540 incar-

1989 5579 2169 5623 natam
2221 5567 2574 5624 admittemus
2636 5589 2648 5627 :
2702 5586 2814 5626 non
2865 5572 3012 5626 enim
3062 5581 3231 5629 estet
3258 5573 3327 5630 ab
3356 5574 3439 5629 eis
3469 5575 3565 5646 qui
