4034 6420
452 227 592 294 1807

1736 230 1929 293 LEO.\Y
1935 233 1980 290 Τ
1990 230 2043 289 [ι
2090 228 2459 291 liYZANTlN
2467 230 2493 289 Ι

3595 236 3734 305 1808

452 351 582 400 ante
612 340 771 397 illum
799 340 1028 399 fuerunt
1053 340 1225 408 dicta,
1254 341 1386 397 licet
1414 349 1470 397 et
1498 340 1743 397 notionis
1764 342 1934 413 hujus
1966 344 2044 398 vis

2151 342 2259 413 γάρ
2283 340 2402 395 ἐστι
2435 342 2530 395 καὶ
2559 344 2669 406 τοῖς
2706 342 2813 413 πρὸ
2843 345 3012 399 αὐτοῦ
3055 344 3215 415 τυχὸν
3250 346 3540 419 εἰρημένη,
3566 348 3613 400 εἰ
3644 348 3737 401 καὶ

455 433 764 507 antiquitus
792 435 958 491 vixin
975 434 1231 491 confesso
1252 442 1400 490 esset
1432 453 1444 489 :
1479 433 1719 490 Verbum
1743 435 1890 490 enim
1916 451 2044 490 caro

457 527 664 581 factum
698 532 804 592 est,
835 525 1094 580 audimus
1121 541 1151 580 a
1189 525 1471 596 Theologo
1500 538 1517 578 :
1543 524 1692 595 quod
1735 533 1884 580 certe
1936 541 2045 579 una

455 628 656 675 natura
688 617 787 674 Dei
820 618 987 676 Verbi
1021 618 1305 674 incarnata
1336 626 1441 683 est,
1480 633 1593 673 non
1627 616 1947 674 audivimus
1976 620 2047 675 ab

456 712 599 783 ipso,
642 710 740 767 sed
774 726 843 766 ex
875 711 984 767 lioc
1045 711 1202 781 ipso:
1230 710 1474 767 Verbum
1524 725 1654 766 caro
1699 710 1908 766 iactum
1962 718 2047 766 est

455 801 850 858 intelleximus.
906 801 1247 872 Simpliciter
1274 809 1462 856 autem
1497 800 1544 856 si
1586 800 1907 856 notionibus
1932 801 2045 855 suis

456 909 568 950 non
591 893 765 964 magis
786 893 1245 964 obtemperamus
1260 893 1511 964 quolibet
1530 892 1694 948 modo
1709 892 2045 964 praedicatis,

455 987 552 1043 scd
582 986 855 1043 dictiones
883 986 1193 1056 sequimur,
1222 1001 1389 1043 omne
1434 986 1830 1042 documentum
1867 985 2047 1056 primo

460 1079 883 1149 pronuntiatum
915 1078 1172 1149 quamvis
1200 1088 1415 1134 rectum
1448 1094 1683 1151 prorsus
1712 1077 1804 1143 sit,
1835 1079 2049 1133 novita-

458 1179 568 1225 tem
600 1169 853 1226 redolere
875 1170 1218 1241 iudicabitur
1237 1169 1600 1226 etaudientes
1628 1168 2045 1225 scandalizabit.

454 1262 561 1318 Per
594 1261 926 1317 recentioris
952 1262 1103 1317 enim
1137 1262 1560 1333 compositionis
1604 1276 1771 1315 voces
1817 1276 2051 1331 prorsus

452 1355 718 1411 dicuntur
790 1355 1161 1425 praenuntiata
1224 1355 1595 1417 documenta,
1648 1354 1744 1409 ubi
1798 1368 1942 1423 swpe
1992 1362 2049 1407 et

456 1447 608 1517 ipsos
637 1454 843 1502 sanctas
874 1445 1177 1517 Scriptum
1223 1446 1289 1502 ad
1324 1446 1565 1503 litteram
1611 1445 1892 1516 expositos
1928 1454 2040 1499 tex-

455 1550 545 1595 tus
588 1555 688 1610 per
712 1539 921 1610 ingenii
955 1554 1191 1595 acumen
1220 1554 1387 1595 veros
1407 1553 1529 1594 esse
1558 1536 1840 1602 novimus,
1872 1544 1929 1590 ct
1960 1550 2050 1590 sc-

2148 431 2249 499 τῆς
2273 431 2484 495 ἐννοίας
2509 431 2678 504 αὐτῆς
2699 427 2767 504 ἦν
2793 434 2827 504 ἡ
2855 433 3087 507 δύναμις
3117 435 3285 489 πάλαι
3310 434 3733 509 ώμολογημένη·

2162 523 2220 576 '0
2243 524 2417 591 Λόγος
2437 523 2547 594 γὰρ
2571 524 2710 596 σάρξ
2730 527 2967 597 ἐγένετο,
2988 530 3306 598 ἠκούσαμεν
3337 529 3401 580 ἐκ
3429 528 3523 582 τοῦ
3541 530 3738 585 Θεολύ-

2147 628 2245 683 γου
2273 631 2287 644 ·
2319 613 2379 667 τὸ
2411 615 2594 685 μέντοι
2625 616 2755 684 μίαν
2796 616 2957 687 φύσιν
3005 617 3102 671 τοῦ
3124 617 3262 672 Θεοῦ
3307 619 3484 686 Λόγου
3539 636 3737 693 σεσαρ-

2151 705 2411 777 κωμένην
2438 702 2600 772 εἶναι,
2634 709 2734 763 οὐκ
2754 710 3074 781 ἠκούσαμεν
3103 712 3200 766 σὺν
3231 713 3403 784 αὐτῷ.
3439 714 3556 769 ἀλλ’
3585 716 3739 788 ἐνοή-

2152 814 2327 870 σαμεν
2350 797 2409 864 ἐξ
2433 800 2599 854 αὐτοῦ
2628 800 2782 854 τοῦδε
2807 801 2923 867 τοῦ,
2957 822 2974 855 ι
3000 804 3060 857 '0
3082 806 3257 873 Λόγος
3277 806 3412 876 σὰρξ
3440 807 3681 877 ἐγένετο·
3710 828 3730 861 ι

2152 889 2339 955 ἁπλῶς
2370 890 2427 944 δὲ
2454 891 2504 944 εἰ
2546 892 2622 963 μὴ
2647 895 2768 957 ταῖς
2813 894 3042 958 ἐννοίαις
3067 898 3189 960 ταῖς
3218 897 3503 952 εὐσεϐέσιν
3536 899 3738 969 μᾶλλον

2149 980 2456 1052 πειθόμεθα
2487 983 2739 1037 ὁπωσοῦν
2773 984 3288 1058 ὲξαγγελλομέναις,
3335 989 3470 1044 ἀλλά
3496 992 3619 1055 ταῖς
3648 991 3738 1045 λέ-

2151 1073 2297 1139 ξεσιν
2336 1074 2604 1143 ἑπόμεθα,
2647 1078 2799 1130 πᾶσα
2829 1077 3149 1134 διδασκαλία
3179 1078 3411 1150 πρώτως
3439 1081 3736 1154 λεγομένη,

2150 1164 2254 1220 κᾶν
2276 1165 2452 1237 ὀρθῶς
2477 1167 2653 1239 πάντη
2699 1168 2833 1240 ἔχοι,
2873 1174 3234 1241 καινοφωνεῖν
3265 1175 3616 1245 κριθήσεται,
3643 1174 3740 1229 καὶ

2152 1258 2499 1313 σκανδαλίσει
2546 1261 2675 1324 τοὺς
2727 1262 3039 1332 ἀκροατάς·
3095 1265 3183 1320 διὰ
3245 1266 3569 1339 καινοτέρας
3625 1266 3739 1338 γὰρ

2152 1350 2455 1415 συνθέσεως
2487 1349 2687 1419 λέξεων
2718 1353 2935 1417 πάντως
2975 1355 3191 1427 εἴρηται
3228 1357 3299 1412 τὰ
3340 1358 3633 1431 πρόσφατα
3656 1359 3737 1413 δι-

2148 1441 2423 1513 δάγματα,
2455 1443 2590 1497 ὅπου
2640 1461 2705 1513 γε
2757 1444 3017 1511 πολλάκις
3065 1448 3161 1503 καὶ
3205 1449 3377 1514 αὐτάς
3426 1450 3528 1521 τῆς
3574 1451 3740 1521 ἀγίας

2149 1534 2375 1605 Γραφῆς
2430 1536 2527 1601 τὰς
2571 1537 2753 1609 ῥητῶς
2793 1539 3123 1611 ὲγκειμένας
3162 1544 3409 1613 χρήσεις,
3452 1545 3543 1599 διὰ
3582 1564 3744 1618 περι-

454 1631 699 1687 cundum
735 1632 1027 1703 allegorias
1074 1630 1370 1701 aliquando
1424 1638 1684 1699 tanquam
1748 1626 2044 1683 mendaces

2151 1626 2302 1692 νοίας
2344 1627 2687 1698 γινώσκομεν
2720 1629 2942 1701 ἀληθεῖς
2972 1626 3111 1685 εἶναι
3136 1649 3150 1662 ·
3191 1635 3285 1686 καὶ
3327 1633 3469 1688 κατά
3505 1634 3739 1705 ἀλληγο-

454 1721 892 1778 consideramus.
926 1720 1142 1791 Quippe
1187 1738 1201 1773 :
1233 1718 1587 1775 lntroducam
1613 1733 1713 1773 vos
1754 1717 1813 1772 in
1842 1725 2046 1772 terram

451 1815 594 1870 lacte
638 1823 694 1868 et
724 1813 885 1869 melle
932 1819 1248 1869 manantem
1269 1851 1284 1877 ,
1317 1810 1387 1867 de
1427 1809 1605 1882 plagis
1633 1825 1664 1864 a
1703 1807 1943 1865 Jordane
1977 1806 2047 1862 ad

453 1904 790 1974 Euphratem
836 1903 1073 1969 dictum,
1129 1909 1515 1958 commentum
1563 1907 1713 1955 esset
1753 1896 1862 1953 nisi
1890 1896 2049 1967 adju-

457 2006 617 2053 vante
676 1995 1018 2069 imaginandi
1054 1994 1111 2050 vi
1141 2007 1503 2050 nosceremus
1560 1988 1711 2062 quod
1750 1987 1942 2044 herbis
1991 1995 2049 2041 et

452 2089 658 2162 plantis
686 2089 947 2146 fertiliter
986 2086 1517 2151 abundaret-terra;
1556 2083 1653 2139 ubi
1700 2082 1873 2137 multa
1917 2093 2039 2150 pas-

453 2198 578 2249 cua,
621 2180 807 2237 multae
837 2196 972 2237 oves
1004 2188 1063 2237 et
1094 2181 1268 2236 altilia
1309 2185 1367 2235 ct
1396 2192 1619 2250 greges;
1655 2176 1750 2231 ubi
1790 2172 2046 2228 animalia

456 2275 581 2340 ista,
613 2282 667 2330 et
696 2275 859 2331 lactis
911 2274 1109 2346 copia;
1169 2274 1426 2331 similiter
1455 2271 1550 2327 ubi
1599 2271 1803 2341 plantae
1831 2268 2043 2334 multae,

457 2368 712 2439 plurima:
769 2374 899 2423 sunt
940 2383 972 2423 e
1020 2366 1251 2423 ﬂoribus
1292 2364 1675 2422 melliﬁeantes
1728 2377 1897 2433 apes;
1947 2361 2046 2416 ubi

455 2460 648 2532 plures
679 2459 786 2515 illae
857 2459 927 2515 ab
958 2459 1207 2530 ipsisque
1248 2458 1357 2514 mel
1385 2456 1705 2528 copiosum;
1736 2463 1791 2510 et
1821 2453 2046 2525 quando

455 2566 590 2622 ergo
629 2551 767 2606 dicit
801 2568 815 2605 :
850 2570 871 2603 ι
908 2550 967 2606 Si
999 2549 1198 2606 oculus
1241 2556 1373 2604 tuus
1421 2546 1759 2603 scandalizat
1791 2552 1865 2610 te,
1914 2558 2044 2600 eum

455 2644 667 2716 projice
689 2643 787 2699 abs
813 2653 864 2699 te
881 2646 928 2710 ⁷,
958 2662 977 2696 ι
1011 2642 1242 2700 dictioni
1266 2640 1661 2714 cogitationive
1677 2639 1836 2711 prius
1860 2646 2044 2694 atten-

456 2735 724 2802 dendum,
760 2734 1034 2805 siquidem
1065 2734 1247 2790 littera
1276 2733 1500 2800 occidit,
1550 2731 1784 2803 spiritus
1799 2745 1932 2787 vero
1958 2727 2045 2785 vi-

455 2827 663 2896 viﬁcat,
689 2829 834 2885 sicut
870 2843 968 2884 vos
1001 2826 1351 2899 respondetis
1376 2824 1556 2881 nobis.

530 3008 639 3064 Sed
682 3007 891 3078 pariter
935 3007 1004 3063 ad
1039 3008 1145 3063 hoc
1185 3006 1446 3063 diceretis
1478 3024 1491 3061 :
1522 3005 1667 3073 Quid
1700 3017 1853 3075 ergo,
1889 3000 2044 3073 pium

456 3101 675 3172 signum
701 3099 941 3156 habente
971 3099 1149 3170 prima
1200 3114 1335 3156 voce
1381 3098 1684 3155 secundum
1713 3110 1814 3153 vos
1842 3108 2041 3149 novam

455 3187 735 3259 ctilngitis,
765 3188 873 3244 nisi
914 3186 1043 3259 quia
1089 3187 1224 3258 quid
1253 3185 1648 3243 machinamini
1696 3182 1909 3240 notioni
1945 3195 2045 3252 op-

456 3279 699 3351 positum
724 3279 747 3333 ?
776 3279 931 3335 Licet
959 3280 1109 3335 enim
1134 3286 1191 3334 et
1218 3279 1284 3334 ad
1317 3294 1416 3335 vos
1452 3277 1647 3332 merito
1692 3274 1867 3330 licere
1892 3271 2041 3343 quod

454 3388 694 3442 quarum
752 3386 955 3427 vocum
1000 3386 1137 3427 usus
1188 3371 1372 3437 idem,
1440 3371 1637 3425 harum
1700 3361 2044 3422 abundantia

459 3480 642 3532 vana;
697 3464 794 3520 sed
841 3464 1305 3520 considerandum
1351 3461 1630 3534 quomodo
1664 3458 1859 3516 eadem
1889 3466 1945 3514 et
1976 3458 2043 3515 iis

457 3556 553 3628 qui
601 3555 865 3611 emittunt
914 3555 1079 3611 aliam
1110 3555 1410 3612 dictionem
1459 3555 1529 3608 ab
1575 3553 1734 3607 initio
1758 3561 1816 3607 et
1857 3550 1927 3607 iis
1946 3552 2042 3623 qui

457 3665 681 3707 onmem
727 3650 894 3706 talem
922 3649 1070 3720 piam
1101 3648 1507 3704 confessionem
1552 3644 1610 3699 in
1640 3644 1813 3699 dubio
1856 3655 2041 3700 erunt.

455 3744 706 3814 Namque
734 3742 779 3797 si
817 3741 963 3797 idem
987 3749 1072 3798 est
1107 3759 1121 3796 :
1159 3741 1405 3798 Verbum
1438 3752 1570 3792 caro
1599 3735 1807 3791 factum
1832 3744 1938 3801 est,
1987 3744 2043 3791 et

457 3838 644 3892 dicere
675 3849 841 3889 unam
874 3842 1128 3888 naturam
1171 3831 1269 3887 Dei
1312 3829 1482 3886 Verbi
1534 3828 1898 3893 incarnatam,
1941 3842 2044 3881 cur

456 3931 550 3988 illa
578 3929 736 3985 nobis
759 3925 1073 3983 introducta
1094 3923 1348 3980 est?Cur
1375 3922 1421 3977 si
1454 3920 1600 3977 idem
1630 3928 1717 3977 est
1743 3939 1756 3976 :
1794 3938 1814 3972 ι
1850 3919 1965 3991 Ego
1987 3926 2062 4003 et_

458 4027 621 4083 Pater
641 4037 813 4079 unum
847 4036 1040 4078 sumus
1058 4022 1102 4086 ⁸,
1146 4038 1164 4071 ι
1202 4016 1453 4074 additum
1483 4022 1646 4072 estet
1678 4013 2044 4071 consubstan-

408 4190 413 4197 ι
458 4120 589 4176 tiale
617 4118 686 4173 de
734 4118 898 4174 Patre
941 4124 999 4172 et
1025 4114 1206 4171 Filio?
1238 4111 1295 4167 Si
1327 4111 1493 4166 etiam
1516 4118 1744 4180 propter
1772 4104 2041 4177 quosdam

457 4213 598 4268 duas
626 4221 852 4267 naturas
887 4210 942 4264 in
968 4206 1194 4264 Christo
1223 4203 1474 4260 dicentes
1494 4241 1508 4267 ,
1571 4199 1794 4271 propria
1828 4197 2041 4253 haben-

457 4317 567 4363 tem
626 4313 925 4374 utrumque
975 4315 1085 4355 non
1141 4298 1320 4353 solum
1369 4294 1673 4351 secundum
1730 4305 2041 4347 sermonem

2075 1688 2123 1747 B

2158 1720 2280 1792 ρίας
2308 1720 2422 1775 ἔσθ’
2456 1721 2567 1788 ὅτε,
2604 1723 2727 1777 ὲπεί
2746 1725 2831 1777 τοί
2862 1741 2927 1793 γε
2955 1725 3031 1790 ὡς
3058 1725 3274 1796 ψευδεῖς
3298 1728 3645 1801 θεωροῦμεν·
3677 1731 3743 1785 τδ

2154 1813 2286 1885 γὰρ,
2322 1812 2538 1879 Είσάξω
2570 1815 2715 1886 ὑμᾶς
2744 1817 2822 1881 είς
2857 1817 2961 1889 γῆν
3010 1819 3241 1889 ῥέουσαν
3291 1819 3435 1889 γάλα
3466 1821 3561 1876 καὶ
3598 1823 3740 1895 μέλι,

2155 1906 2284 1977 περὶ
2332 1905 2435 1976 τῆς
2491 1905 2600 1960 ἀπὸ
2642 1906 2914 1979 Ἰορδάνου
2971 1910 3165 1982 μέχρις
3219 1910 3507 1982 Εὐφράτου
3555 1914 3742 1986 χώρας

2153 1996 2465 2069 εἰρημένον,
2493 1997 2690 2069 ψευδὲς
2724 1999 2791 2054 ἂν
2838 2001 2944 2071 εἴη,
2978 2003 3025 2055 εί
3060 2002 3137 2074 μὴ
3167 2002 3254 2056 διὰ
3288 2004 3567 2075 περινοίας
3596 2006 3741 2073 γνῶ-

2157 2106 2257 2160 μεν
2280 2091 2362 2143 ὅτι
2386 2089 2697 2160 πολύφυτος
2723 2091 2819 2144 καὶ
2845 2090 3156 2166 βοτανώδης
3180 2096 3211 2165 ὴ
3240 2094 3315 2166 γῆ
3339 2112 3352 2127 ·
3384 2087 3445 2149 οὗ
3467 2096 3523 2150 δὲ
3547 2097 3744 2151 πολλαὶ

2155 2180 2370 2252 βοσκαὶ,
2407 2183 2588 2237 πολλὰ
2626 2184 2799 2256 κτῆνη
2853 2185 2948 2240 καὶ
2995 2185 3289 2257 θρέμματα
3340 2189 3435 2242 καὶ
3473 2191 3738 2261 ποῖμναι·

2152 2266 2212 2327 οὐ
2238 2271 2295 2326 δὲ
2336 2272 2452 2337 ζῶα
2483 2273 2632 2340 τάδε,
2692 2274 2788 2329 καὶ
2819 2275 3092 2345 γάλακτος
3138 2278 3399 2347 ἀφθονία·
3433 2279 3638 2350 ὁμοίως
3678 2298 3741 2335 τε

2151 2364 2289 2419 ὅπου
2324 2364 2518 2418 πολλαὶ
2568 2366 2815 2436 βοτάναι,
2869 2368 3120 2422 πλεῖσταί
3172 2370 3312 2423 εἰσιν
3356 2369 3414 2423 αἱ
3461 2370 3745 2439 ἀνθολόγοι

2156 2452 2431 2524 μέλιτται·
2457 2447 2523 2509 οὗ
2545 2454 2603 2509 δὲ
2628 2454 2851 2521 πλείους
2878 2452 3058 2525 αὗται,
3083 2455 3179 2511 καὶ
3206 2457 3267 2511 τὸ
3314 2460 3379 2513 ὲκ
3415 2458 3581 2512 τῶνδε
3619 2460 3744 2532 μέλι

2152 2543 2320 2600 πολύ·
2356 2546 2451 2599 καὶ
2494 2547 2582 2600 ὅτε
2620 2547 2714 2601 οὖν
2768 2548 2943 2618 λέγει·
2992 2569 3011 2601 ι
3052 2550 3182 2604 Ἐὰν
3228 2552 3257 2603 ὁ
3303 2549 3588 2621 ὀφθαλμός
3642 2567 3739 2605 σου

2153 2634 2482 2710 σκανδαλίζῃ
2512 2654 2593 2704 σε,
2625 2637 2823 2692 ἔκϐαλε
2850 2639 3013 2693 αὐτὸν
3048 2640 3158 2694 ἀπὸ
3199 2641 3318 2709 σοῦ,
3350 2659 3370 2694 ι
3404 2642 3481 2713 τῷ
3516 2642 3667 2714 ρητῷ
3703 2642 3738 2715 ἢ

2150 2732 2217 2801 τῇ
2250 2729 2463 2803 διανοίᾳ
2513 2732 2847 2803 προσεκτέον
2880 2730 3137 2806 πρώτως,
3191 2732 3349 2804 εἴπερ
3392 2733 3454 2787 τὸ
3503 2735 3739 2806 γράμμα

2150 2822 2488 2889 ἀποκτείνει,
2507 2823 2569 2877 τὸ
2596 2823 2653 2877 δὲ
2688 2823 2909 2895 πνεῦμα
2938 2823 3217 2892 ζωοποιεῖ,
3242 2817 3287 2878 ὦ
3309 2818 3479 2893 οῦτοι,
3510 2824 3743 2900 ἀποκρί-

2149 2915 2315 2969 νασθε
2344 2918 2498 2988 ἡμῖν.

2233 3006 2374 3061 Ἀλλ’
2432 3008 2564 3071 ἴσως
2617 3006 2756 3080 πρὸς
2795 3008 2923 3063 τάδε
2956 3009 3161 3063 εἴποιτε
3184 3022 3200 3038 ·
3242 3009 3308 3062 Τί
3335 3008 3429 3064 οῦν
3462 3008 3601 3074 ὅλως
3637 3006 3736 3080 τὴν

2149 3099 2347 3171 εὐσεϐῆ
2380 3100 2657 3171 οημασίαν
2704 3100 2936 3173 ἐχούσης
2966 3105 3066 3174 τῆς
3109 3102 3334 3174 πρώτης
3374 3102 3580 3174 φωνῆς.
3614 3102 3737 3156 δευ-

2148 3194 2313 3265 τέραν
2347 3193 2508 3265 ὑμεῖς
2541 3196 2941 3265 καινουργεῖτε,
2973 3196 3022 3247 εί
3050 3194 3206 3266 μήτι
3241 3196 3566 3267 σκαιωρεϊτε
3593 3192 3738 3248 κατά

2148 3284 2249 3355 τῆς
2275 3284 2519 3353 ἑννοίας;
2550 3283 2673 3351 ἐξὸν
2700 3284 2811 3356 γάρ
2850 3287 3028 3339 εἰπεῖν
3066 3286 3159 3339 καὶ
3195 3284 3332 3357 πρὸς
3371 3287 3513 3357 ὑμᾶς
3546 3282 3735 3337 εὐκαί-

2152 3395 2261 3450 ρως
2288 3378 2373 3432 ὅτι
2403 3371 2478 3432 ὧν
2509 3379 2543 3450 ἡ
2580 3377 2781 3449 χρῆσις
2810 3381 2845 3450 ἡ
2884 3378 3045 3451 αὐτὴ,
3094 3376 3301 3432 τούτων
3333 3379 3366 3449 ἡ
3414 3374 3737 3433 πολυτέλεια

2149 3469 2378 3539 περιττή
2402 3484 2417 3499 ·
2451 3467 2589 3523 ἀλλὰ
2643 3469 2905 3523 σκεπτέον
2948 3468 3025 3532 ὡς
3071 3466 3140 3522 τά
3176 3468 3317 3521 αὐτά
3355 3466 3593 3529 καὶτοῖς
3636 3464 3736 3535 τὴν

2151 3560 2346 3630 ἑτέραν
2381 3558 2567 3631 φωνὴν
2605 3558 2849 3631 ἀρχῆθεν
2892 3558 3379 3630 προϐαλλομένοις,
3421 3556 3518 3611 καὶ
3552 3557 3735 3609 πᾶσαν

2146 3648 2359 3703 τοιάνδε
2384 3649 2585 3720 εὐσεσῆ
2636 3650 2929 3722 ὁμολογίαν
2957 3649 3399 3722 ἀπορηθήσεται.
3430 3646 3496 3700 Τί
3527 3647 3636 3718 γὰρ
3667 3642 3735 3700 ἀν

2149 3742 2199 3795 εί
2221 3740 2417 3796 ταυτόν
2440 3742 2556 3796 ὲστι
2573 3741 2671 3814 τῷ·
2699 3742 2759 3797 '0
2783 3761 2802 3795 ι
2820 3742 2993 3810 Λόγος
3018 3740 3156 3812 σὰρξ
3182 3739 3457 3810 ὲγένετο,»
3481 3735 3540 3791 τὸ
3554 3733 3734 3806 λέγειν

2152 3833 2280 3905 μίαν
2332 3834 2495 3904 φύσιν
2525 3834 2622 3888 τοῦ
2673 3834 2811 3888 Θεοῦ
2857 3835 3031 3904 Λόγου
3085 3831 3536 3904 σεσαρκωμένην,
3592 3828 3735 3898 αὐτη

2146 3925 2281 3995 ἡμῖν
2309 3924 2705 3995 ὲπεισυνέχθη;
2743 3925 2795 3978 τί
2834 3924 2891 3979 δὲ
2926 3926 2974 3978 εἰ
3018 3922 3214 3977 ταυτόν
3249 3923 3365 3975 ἐστι
3397 3919 3499 3992 τῷ·
3544 3937 3563 3971 ι
3586 3916 3736 3988 Ἐγὼ

2149 4015 2245 4073 καὶ
2264 4017 2292 4070 ὁ
2316 4017 2507 4090 Πατὴρ
2532 4018 2591 4072 ἓν
2627 4020 2819 4090 ἐσμεν,
2856 4035 2875 4070 ι
2910 4015 3303 4089 προσεφράσθη
3320 4014 3431 4095 ,καὶ
3452 4013 3515 4068 τὸ
3540 4013 3737 4086 όμοού-

2150 4129 2263 4166 σιον
2288 4109 2381 4165 τοῦ
2408 4110 2619 4183 Πατρὸς
2648 4110 2786 4183 πρὸς
2809 4110 2899 4163 τὸν
2921 4109 3083 4175 Υίόνς
3117 4107 3242 4161 εἰδὲ
3268 4106 3441 4171 οὑτως
3460 4104 3550 4160 διά
3579 4122 3735 4168 τινας

2147 4203 2240 4259 δύο
2274 4202 2464 4273 φύσεις
2489 4203 2751 4273 λέγοντας
2784 4199 3044 4273 Χριστοῦ,
3086 4199 3232 4262 ἰδίως
3271 4198 3503 4268 ἔχουσαν
3542 4197 3736 4252 ἑκατέ-

2151 4312 2252 4368 ραν
2289 4294 2351 4349 οὐ
2411 4295 2575 4366 μόνον
2628 4292 2770 4348 κατὰ
2799 4293 2959 4362 λόγον
3006 4293 3258 4362 φυσικὸν,
3288 4290 3423 4345 ἀλλὰ
3456 4291 3551 4345 καὶ
3590 4288 3736 4344 κατὰ

457 4398 772 4471 physicum,
811 4393 908 4450 sed
942 4401 998 4448 et
1052 4389 1359 4461 secundum
1391 4388 1753 4457 bypostaseos
1794 4384 2040 4438 existeno

2150 4388 2245 4457 τὴν
2282 4384 2520 4457 ὕπαρξιν
2566 4386 2735 4455 αὐτὴν
2787 4384 2890 4454 τῆς
2938 4383 3315 4448 ὑποστάσεως,
3353 4383 3524 4454 ἤγουν
3552 4383 3645 4436 τόν
3672 4399 3733 4434 τε

460 4492 592 4548 tiam
627 4489 840 4545 scilicet
876 4495 934 4542 et
951 4483 1194 4541 Verbum
1219 4489 1276 4536 et
1304 4493 1530 4535 carnem
1564 4474 1803 4539 Domini,
1841 4482 1897 4531 et
1929 4489 2039 4529 non

458 4580 642 4650 ipsum
670 4578 915 4636 Verbum
946 4589 1169 4633 carnem
1205 4570 1568 4641 assumpsisse
1608 4567 2042 4639 dogmatizantes

457 4672 515 4727 in
529 4688 640 4727 una
655 4670 959 4727 secundum
994 4665 1329 4738 hypostasim
1350 4662 1705 4726 adunatione,
1727 4657 2045 4715 necessario

458 4764 707 4835 oportuit
736 4762 924 4817 dicere
960 4758 1180 4814 unicam
1224 4755 1318 4811 Dei
1351 4752 1518 4810 Verbi
1564 4760 1819 4807 naturam
1860 4750 2041 4805 incar-

456 4866 665 4922 natam,
697 4864 760 4910 ut
786 4861 844 4909 et
875 4848 1216 4924 signiﬁcetur
1246 4857 1570 4903 naturarum
1596 4844 1894 4916 duplicitas
1944 4856 2042 4913 per

460 4948 514 5003 id
550 4947 699 5018 quod
726 4945 955 5007 dicitur,
989 4942 1273 4996 incarnata
1296 4946 1493 4994 natura
1522 4938 1682 5008 quasi
1712 4936 1780 4992 ad
1810 4934 2040 5006 aliquid,

460 5053 698 5109 namque
724 5036 792 5092 ad
816 5036 1199 5089 incarnantem
1235 5029 1460 5086 dicitur.
1485 5029 1555 5085 Et
1579 5029 1933 5100 perspicuum
1959 5033 2045 5080 est

460 5132 608 5204 quod
639 5145 749 5186 non
783 5129 840 5183 in
868 5125 1104 5182 monade
1136 5139 1224 5180 res
1248 5124 1315 5180 ad
1362 5121 1569 5193 aliquid
1600 5131 1762 5188 sunt;
1789 5130 1850 5174 ut
1874 5118 2040 5174 etiam

460 5226 624 5279 locus’
646 5220 829 5291 impiis
873 5234 984 5273 non
1035 5216 1197 5272 datus
1241 5216 1315 5273 sit
1357 5224 1591 5287 propter
1634 5215 1836 5270 lemma
1891 5212 2046 5267 vocis

461 5316 699 5371 duarum
723 5322 1051 5366 naturarum
1070 5309 1322 5365 dividere
1342 5307 1690 5381 hiypostasim
1724 5306 1968 5368 unicam.
1990 5305 2045 5357 in

462 5403 913 5478 imprudentibus
958 5402 1155 5459 eodem
1200 5400 1428 5458 nomine
1467 5398 1774 5471 signiﬁcata
1824 5408 2046 5450 natura.

2149 4478 2321 4548 Λόγον
2358 4477 2451 4532 καὶ
2478 4477 2581 4549 τὴν
2615 4477 2794 4548 σάρκα
2817 4475 2914 4529 τοῦ
2938 4475 3167 4546 Κυρίου,
3199 4476 3292 4528 ml.
3315 4473 3417 4527 οὐκ
3446 4473 3616 4526 αὐτὴν
3641 4472 3735 4529 τδν

2147 4570 2323 4638 Λόγον
2352 4568 2739 4640 σεσαρκῶσθαι
2765 4567 3192 4638 δογματίζοντας
3241 4569 3302 4621 ὲν
3343 4566 3444 4637 μιᾷ
3486 4567 3555 4636 τῇ
3608 4565 3734 4618 καθ’

2149 4661 2447 4715 ὑπόστασιν
2494 4659 2708 4726 ἑνώσει,
2769 4659 3082 4728 ἀναγκαίως
3129 4658 3317 4728 ἐδέησε
3370 4657 3554 4726 λέγειν
3604 4657 3737 4727 μίαν

2150 4752 2315 4824 φύσιν
2347 4750 2443 4805 τοῦ
2497 4750 2633 4805 Θεοῦ
2666 4751 2843 4819 Λόγου
2882 4750 3331 4821 σεσαρκωμένην,
3378 4748 3464 4801 ἵνα
3502 4746 3596 4800 καὶ
3637 4763 3737 4817 ση-

2152 4845 2416 4917 μαίνηται
2454 4843 2515 4897 τὸ
2554 4843 2732 4897 διττὸν
2767 4842 2877 4897 τῶν
2908 4842 3125 4911 φύσεων
3174 4840 3262 4895 διὰ
3293 4840 3387 4893 τοῦ
3418 4840 3493 4902 ὡς
3521 4840 3663 4911 πρός
3681 4855 3734 4892 τι

2148 4935 2405 5005 λέγεσθαι
2434 4935 2535 5007 τὴν
2595 4934 3028 5004 σεσαρκωμένην
3072 4931 3259 5001 φύσιν·
3310 4932 3448 5003 πρὸς
3498 4930 3611 5001 γὰρ
3636 4928 3736 5001 τὴν

2152 5027 2521 5101 σαρκώσασαν
2549 5025 2800 5097 εἴρηται.⁸
2836 5027 2931 5079 καὶ
2980 5023 3137 5095 δῆλόν
3190 5026 3359 5089 ἐστιν,
3404 5024 3480 5088 ὡς
3530 5023 3635 5077 οὐκ
3678 5023 3736 5075 ἐν

2150 5116 2341 5190 μονάδι
2367 5117 2436 5170 τά
2460 5116 2598 5188 πρός
2621 5116 2676 5169 τί
2709 5118 2848 5180 ἐστι,
2881 5113 3036 5186 χώρα
3069 5130 3131 5167 τε
3166 5115 3281 5177 τοῖς
3308 5110 3630 5166 δυσσεϐοῦσι
3661 5111 3737 5182 μὴ

2147 5209 2274 5280 δοθῇ
2302 5209 2392 5263 διὰ
2430 5208 2525 5262 τοῦ
2555 5209 2848 5280 λήμματος
2877 5205 2979 5277 τῆς
3017 5206 3128 5261 τῶν
3172 5204 3269 5259 δύο
3311 5204 3527 5275 φύσεων
3553 5207 3738 5274 φωνῆς

2147 5302 2391 5372 δικάζειν
2422 5300 2605 5355 αὐτῶν
2637 5300 2737 5372 τὴν
2769 5301 2900 5370 μίαν
2930 5300 3258 5366 ὑπόστασιν,
3296 5300 3356 5352 ἐν
3389 5299 3504 5361 τοῖς
3534 5299 3735 5366 ἀπερι-

2151 5393 2416 5455 σκέπτοις
2444 5389 2850 5462 ὁμωνυμούσης
2879 5391 2980 5460 τῆς
3030 5388 3277 5459 φύσεως·
3334 5386 3429 5440 καὶ
3475 5384 3738 5447 πολλάκις

459 5496 530 5553 Et
554 5510 698 5565 sape
725 5496 851 5551 loco
867 5495 1120 5551 essentiae
1142 5504 1198 5550 et
1220 5494 1342 5549 loco
1360 5491 1666 5563 personalis
1690 5490 2044 5561 bypostaseos

2154 5487 2274 5540 ἀντὶ
2303 5485 2493 5548 οὐσίας
2525 5484 2622 5539 καὶ
2675 5483 2798 5539 ἀντὶ
2853 5485 3216 5557 προσωπικῆς
3271 5482 3329 5536 δὲ
3381 5479 3739 5543 ὑποστάσεως

533 5670 551 5702 τ
578 5669 767 5727 Matth.
798 5687 852 5741 ν,
883 5670 972 5727 29.
1050 5669 1070 5703 ε
1096 5626 1258 5726 man.
1292 5683 1350 5735 ς,
1388 5663 1475 5719 50.
