4034 6412
302 506 435 572 tsoa
1490 517 1789 578 CONTRA
1831 472 2438 583 MONDPHYSITAS.
2598 505 2607 513 '
3462 515 3597 583 1810

299 625 621 699 λεγομένης,
678 626 809 681 δέον
862 628 977 701 ἄρα
1009 632 1101 684 καὶ
1142 631 1232 686 διὰ
1276 632 1338 685 τὸ
1381 634 1720 705 καινοτέρως
1748 635 1913 689 πάλιν

2043 635 2200 702 lictae,
2235 644 2475 706 oportet,
2516 644 2573 692 et
2601 636 2673 691 ob
2702 635 2756 691 id
2790 634 2936 706 quod
2986 634 3266 690 recentius
3304 633 3510 688 iterum
3544 643 3601 689 et

299 718 396 772 καὶ
423 717 731 784 ἀντιθέτως
774 721 1167 794 ἀσεϐήσαντας
1202 740 1354 788 τινας
1401 724 1532 795 μίαν
1564 725 1726 794 φύσιν
1763 726 1907 801 κατὰ

2048 742 2110 782 er
2142 728 2465 784 antithesim
2499 727 2667 799 impie
2698 727 2967 798 degentes
2985 726 3209 797 quidam
3242 741 3407 781 unam
3437 732 3601 780 natu-

301 809 517 883 τροπὴν
551 809 586 883 ἢ
619 810 901 884 σύγχυσιν
939 815 1246 886 γενομένην
1291 816 1388 871 τοῦ
1417 817 1593 887 Λόγου
1622 817 1723 889 τὴν
1755 820 1909 873 ἐναν-

2043 834 2153 882 am,
2198 819 2354 891 juxta
2407 819 2773 875 mutationem
2813 816 2911 874 aut
2939 817 3347 883 confusionem,
3400 814 3602 871 factam

305 900 597 975 θρώπησιν
658 904 1025 976 δογματίζειν
1052 947 1069 973 ,
1134 909 1537 981 καινουργῆσαι
1601 912 1697 965 καὶ
1759 911 1909 982 ἡμᾶς

2043 910 2179 966 Γιιι-ἰή
2232 910 2718 981 enanthropesim,
2770 909 3183 981 dogmatizant,
3235 916 3477 980 oportet,
3519 906 3606 960 in-

303 995 519 1050 τοιάνδε
553 996 763 1069 φωνὴν,
816 998 950 1070 ἥτις
1000 1001 1093 1056 τόν
1138 1018 1198 1055 τε
1233 1002 1372 1075 πρὸς
1414 1004 1543 1068 τοὺς
1589 1002 1911 1076 εἰρημένους

2043 1018 2206 1074 luam.
2240 1018 2439 1059 novam
2463 1002 2725 1073 etﬁngere
2748 1017 2851 1058 nos
2878 1018 3073 1058 vocem
3094 1001 3257 1056 talem
3285 1016 3409 1071 quae
3438 1000 3602 1055 ﬁnem

304 1089 625 1159 αἰρετικοὺς
660 1090 930 1156 ἐναντίως
955 1090 1150 1163 ἔχοντα
1206 1094 1432 1162 σκοπὸν,
1480 1094 1671 1166 ὥσπερ
1699 1090 1795 1149 οὖν
1818 1095 1914 1149 καὶ

309 1182 343 1252 ἡ
370 1182 475 1253 μία
504 1181 674 1251 φύσις
704 1182 803 1238 τοῦ
834 1183 971 1239 Θεοῦ
1001 1186 1179 1255 Λόγου
1207 1187 1606 1259 σεσαρκωμένη
1627 1187 1911 1257 φυλάττει,

312 1274 408 1328 καὶ
433 1275 547 1329 ἀπὸ
568 1276 682 1330 τῶν
706 1275 939 1348 ὕστερον
963 1279 1321 1348 ἀναφυέντων
1346 1279 1651 1344 κακοδὸξων
1671 1279 1917 1335 διαστέλα

311 1366 488 1434 λεται,
517 1368 666 1439 ὅπερ
691 1369 795 1422 οὑκ
825 1363 976 1440 εἶχεν
1013 1372 1048 1442 ἡ
1075 1369 1270 1441 πρώτη
1308 1371 1520 1440 σαφῶς,
1552 1372 1649 1426 καί.
1688 1371 1785 1426 δύο
1816 1370 1920 1442 φύ-

317 1475 434 1523 σεις
464 1458 562 1513 τοῦ
594 1460 719 1524 ὲνδς
741 1461 987 1534 Χριστοῦ
1018 1463 1308 1534 ἡνωμένας
1338 1463 1483 1518 κατὰ
1513 1464 1615 1531 τὴν
1655 1462 1787 1534 μίαν
1818 1463 1916 1518 αὑ-

316 1550 413 1605 τοῦ
439 1552 755 1609 ὑπόστασιν
798 1555 1088 1625 διασαφεῖν
1108 1572 1121 1585 ⁸
1147 1556 1177 1610 ὃ
1205 1555 1316 1627 γὰρ
1348 1558 1382 1627 ή
1416 1554 1610 1630 πρώτη
1652 1556 1805 1627 φωνὴ
1832 1556 1924 1610 διὰ

316 1645 412 1698 τοῦ
438 1647 694 1715 εἰσάγειν
745 1649 1172 1723 σεσαρκωμένον
1221 1667 1274 1704 τι
1324 1651 1419 1705 καὶ
1475 1650 1714 1721 σαρκοῦν
1745 1649 1923 1719 ἔλεγε,

318 1735 482 1791 τοῦτο
515 1737 663 1809 αῦτη
720 1740 886 1811 μόνον
943 1740 1034 1795 διὰ
1084 1743 1184 1812 τῆς
1233 1742 1425 1807 δυάδος
1480 1741 1632 1811 λέγει
1660 1758 1674 1774 ο
1704 1741 1733 1795 δ
1764 1741 1822 1796 δὲ
1867 1742 1926 1796 ἓν

319 1819 464 1877 εἶναι
521 1825 717 1896 ἐκείνη
769 1827 861 1882 διὰ
908 1828 1011 1897 τῆς
1065 1830 1297 1899 μονάδος
1326 1832 1603 1903 παριστᾷν
1651 1830 1925 1901 βούλεται,

2014 1096 2328 1166 oppositum
2355 1095 2423 1151 ad
2453 1096 2632 1152 dictos
2674 1094 2998 1161 haereticos,
3021 1094 3166 1150 sicut
3192 1101 3251 1149 et
3275 1109 3383 1149 una
3406 1100 3603 1147 natura

2016 1188 2116 1243 Dei
2146 1187 2316 1243 Verbi
2335 1187 2643 1252 incarnata,
2676 1194 3002 1254 servat,eta
3028 1185 3346 1241 novissimis
3374 1199 3605 1240 nascen-

2018 1276 2170 1332 tibus
2196 1278 2340 1332 male
2364 1276 2723 1333 credentibus
2759 1276 3095 1332 secernitur.
3124 1275 3308 1329 Prima
3350 1290 3456 1329 vox
3487 1273 3606 1327 exi-
3660 1286 3687 1312 ο

2022 1375 2140 1423 tum
2172 1369 2322 1425 hunc
2345 1370 2495 1424 clare
2527 1385 2639 1426 non
2669 1369 2888 1437 habuit,
2919 1378 2978 1424 et
3010 1369 3149 1424 duas
3176 1376 3405 1422 naturas
3443 1366 3613 1421 unius

2020 1454 2227 1510 Christi
2279 1456 2549 1513 adunatas
2602 1457 2915 1514 secundum
2962 1458 3187 1513 unicam
3244 1457 3388 1512 hanc
3439 1456 3612 1526 ipsius

2022 1547 2366 1618 hypostasim
2404 1548 2783 1604 manifestare.
2810 1549 2970 1617 Quod
2997 1550 3148 1605 enim
3171 1549 3350 1620 prima
3388 1562 3491 1603 Vox
3526 1546 3613 1601 in-

2025 1642 2371 1698 troducendo
2396 1642 2514 1698 haec
2540 1642 2886 1698 incarnatum
2909 1643 3121 1713 aliquid
3152 1652 3207 1698 et
3234 1641 3614 1697 incantantem

1988 1792 1993 1797 ,
2026 1734 2266 1799 dicebat,
2300 1735 2434 1790 illud
2462 1743 2675 1791 tantum
2712 1751 2812 1805 per
2840 1736 3220 1806 duplicitatem
3246 1734 3421 1789 altera
3445 1732 3613 1788 dicit:

2027 1826 2177 1896 quod
2207 1834 2393 1881 autem
2422 1842 2593 1882 unum
2627 1842 2751 1883 esse
2798 1827 2889 1882 illa
2918 1843 3019 1897 per
3066 1825 3356 1882 monadem
3405 1826 3617 1881 consti-

320 1915 483 1971 τοῦτο
527 1916 677 1989 αῦτη
728 1919 819 1974 διὰ
871 1922 972 1991 τῆς
1005 1923 1127 1987 ἑνὸς
1174 1923 1412 1995 Χριστοῦ
1460 1924 1587 1979 καθ’
1625 1924 1928 1980 ὑπόστασιν

2043 1928 2189 1972 tuere
2241 1917 2501 1984 intendit,
2545 1918 2683 1974 illud
2732 1934 2833 1990 per
2862 1919 3031 1974 unius
3063 1918 3269 1974 Christi
3311 1918 3618 1974 secundum

324 2006 581 2072 ἐνώσεως
636 1986 939 2080 ὀνμολογεϊί
989 2013 1178 2085 ἐκείνη
1217 1986 1317 2086 μὲν
1370 2015 1481 2088 γὰρ
1531 2014 1926 2089 παρεσιώπησε

2043 2008 2371 2079 [typostasim
2394 1986 2785 2063 adunationem
2813 2008 2986 2064 altera
3006 2008 3327 2064 conﬁtetur.
3358 2008 3454 2063 llla
3471 2008 3619 2063 enim

324 2096 427 2167 τὴν
453 2097 659 2153 ἕνωσιν
706 2101 803 2154 καὶ
834 2099 939 2169 τὴν
985 2102 1214 2174 ὀλότητα
1267 2106 1378 2159 τῶν
1403 2105 1721 2177 ήνωμένων,
1757 2106 1924 2178 ἤγουν

328 2188 594 2259 Χριστὸν,
626 2191 965 2261 ἀρκεσθεῖσα
992 2195 1060 2266 τῇ
1088 2194 1189 2264 τῆς
1225 2196 1453 2265 μονάδος
1478 2197 1572 2251 καὶ
1602 2197 1926 2268 συμπλοκῆς

325 2279 532 2351 two-1g,
568 2279 649 2343 ὡς
679 2281 884 2354 ἐχούσῃ
904 2284 1072 2348 δεῖξιν
1100 2284 1194 2339 τοῦ
1218 2302 1278 2339 τε
1307 2286 1497 2341 διπλοῦ
1527 2287 1639 2343 τῶν
1672 2290 1924 2359 συμπλα-

327 2370 538 2427 κέντων
561 2372 662 2427 καὶ
694 2374 901 2429 ὲνιαίου
944 2375 1039 2429 τοῦ
1074 2377 1524 2450 συμπλέγματος,
1558 2379 1656 2434 ἅτε
1694 2380 1750 2434 δὲ
1784 2377 1927 2436 εἶναι

329 2464 431 2534 μὶν
453 2463 554 2519 δύο
572 2466 645 2520 τὰ
673 2467 1019 2539 συγκείμενά
1042 2484 1180 2539 φησι
1201 2487 1217 2502 ο
1241 2468 1367 2524 οὔτε
1388 2470 1446 2523 δὲ
1470 2472 1619 2535 ἰδίως
1640 2472 1927 2544 ὀνομάζειν

325 2556 395 2611 τὰ
427 2556 579 2629 μέρη
636 2558 800 2629 τῆσδε
856 2560 955 2629 τῆς
987 2561 1246 2630 ὁλότητος
1293 2562 1536 2619 σύνοιδεν
1585 2566 1644 2619 ἐν
1698 2566 1775 2635 τῷ
1827 2566 1927 2636 τῆς

327 2649 589 2714 ὲνιὲισεως
614 2651 785 2723 λόγῳ,
825 2652 951 2706 οὗτε
988 2654 1149 2726 σιγᾷν
1176 2654 1280 2728 τὴν
1315 2657 1444 2728 μίαν
1482 2657 1781 2713 ὑπόστασιν
1812 2660 1927 2715 πεί·

328 2740 511 2804 θεται,
542 2739 674 2794 οὔτε
713 2743 1086 2815 παρατρέχειν
1120 2743 1217 2816 τὴν
1251 2745 1446 2800 ἕνωσιν
1479 2752 1774 2819 συγχωρεῖ,
1803 2748 1928 2804 οὔτε

333 2831 411 2902 μὴ
438 2831 741 2903 γνωρίζειν
771 2834 945 2889 ἆπασι
998 2835 1275 2906 βούλεται,
1312 2839 1457 2902 τίνος
1512 2840 1808 2914 προσώπου
1838 2859 1929 2911 γι-

330 2922 578 2978 νώσκειν
593 2919 769 2980 οὖσαν
791 2927 955 2995 τῆσδε
978 2928 1081 2996 τῆς
1111 2930 1350 3001 φυσικῆς
1369 2930 1562 2996 δυάδος
1588 2931 1686 3003 τὴν
1710 2933 1927 3001 ἕνωσιν,

333 3020 430 3072 καὶ
458 3018 564 3089 τὴν
593 3019 967 3091 ὑποστατικὴν
1003 3021 1229 3092 μονάδα,
1268 3021 1325 3077 ἓν
1360 3024 1489 3101 κατ’
1530 3024 1737 3095 ἀμφοῖν
1775 3025 1931 3083 Θείσα

328 3108 397 3162 τὸ
423 3108 628 3177 ὄνομα.

412 3202 563 3272 ’Λρα
592 3197 690 3256 οὖν
722 3202 844 3256 ἐπεὶ
880 3203 975 3257 καὶ
1004 3205 1220 3276 ’Ἄρειος
1279 3204 1406 3275 μίαν
1446 3206 1610 3277 φύσιν
1650 3207 1746 3263 τοῦ
1794 3209 1930 3264 Θεοῦ

334 3293 437 3349 καὶ
464 3293 652 3362 Λόγου
700 3295 1132 3367 σεσαρκωμένην
1181 3299 1339 3368 φησι,
1398 3298 1725 3369 βουλόμενος
1759 3296 1932 3368 δεῖξαι

337 3386 415 3449 ὡς
441 3386 510 3439 οὑ
539 3386 721 3458 πάντη
745 3390 845 3458 τῆς
869 3387 962 3443 τοῦ
994 3388 1211 3461 Πατρὺς
1245 3391 1482 3461 φυσικῆς
1529 3393 1799 3465 ἀτρεψίας
1824 3393 1943 3447 ἐστὶ

339 3476 439 3530 καὶ
489 3477 522 3530 ὀ
564 3477 740 3542 Υἱός·
796 3479 894 3533 καὶ
954 3479 1334 3551 ’Λπολινάριος
1403 3482 1504 3552 τὴν
1560 3482 1736 3555 αὑτὴν
1789 3482 1941 3553 λέγει

340 3567 791 3640 ἀπαραλλάκτως
820 3570 1025 3642 φωνὴν,
1059 3571 1183 3625 ἀντὶ
1210 3571 1304 3625 νοῦ
1337 3571 1573 3643 ψυχικοῦ
1620 3574 1943 3646 βουλόμενος

344 3655 486 3714 εἷναι
510 3661 573 3714 ὲν
609 3659 694 3731 τῷ
720 3661 990 3732 Κυριακῷ
1019 3662 1295 3736 ἀνθρώπῳ
1319 3666 1412 3719 τὸν
1439 3664 1633 3731 Λόγον,
1679 3665 1848 3735 ἧγουν
1874 3669 1941 3739 τῇ

340 3751 671 3823 ψυχωθείσῃ
698 3753 863 3824 σαρκὶ
890 3753 1086 3822 αὑτοῦ,
1115 3755 1311 3824 ἀλόγου
1340 3755 1557 3825 φύσεώς
1583 3774 1729 3820 τινος
1756 3759 1944 3828 ἑτερο-

342 3845 522 3912 φυοῦς
550 3847 692 3917 ἡμῖν
717 3848 1068 3918 παριστάνων
1096 3844 1237 3903 εἶναι
1274 3850 1375 3920 τὴν
1413 3851 1481 3903 ὲκ
1508 3851 1606 3920 τῆς
1633 3850 1947 3921 οἰκονομίας

344 3939 705 4011 εὐεργεσίαν.
737 3940 984 4012 Εὑτυχὴς
1013 3941 1070 3995 δὲ
1100 3942 1161 3995 τὸ
1196 3941 1327 3996 αὑτὸ
1356 3942 1744 4013 ἀπαρατρώτῳ
1766 3944 1943 4013 φωνῇ,

346 4032 470 4087 ἀλλ’
499 4033 627 4105 οὐχὶ
663 4033 847 4105 ἐννοίᾳ
888 4035 1052 4103 φησί’
1082 4033 1159 4097 ὡς
1192 4033 1301 4106 γὰρ
1333 4033 1429 4090 τοῦ
1462 4035 1638 4101 Λόγου
1673 4033 1840 4089 αὑτοῦ
1866 4034 1946 4098 εἰς

350 4126 538 4195 σάρκα
569 4125 1062 4195 μετουσιωθέντος,
1080 4127 1176 4182 καὶ
1196 4126 1350 4181 οὐδὲν
1370 4125 1585 4198 ἔχοντος
1604 4129 1738 4199 ἡμῖν
1760 4126 1948 4199 ὁμοούο

352 4234 470 4271 σιον
498 4217 598 4271 τοῦ
624 4215 838 4287 Κυρίου
865 4217 1015 4286 λέγει
1044 4217 1108 4271 τὸ
1136 4217 1268 4287 μίαν
1300 4218 1463 4287 φύσιν
1492 4219 1586 4272 τοῦ
1619 4218 1755 4273 Θεοῦ
1772 4219 1945 4288 Λόγου

354 4310 819 4383 σεσαρκωμένην,
857 4309 1045 4375 καθὼς
1075 4312 1381 4384 Γρηγόριος
1417 4314 1448 4365 ὁ
1484 4311 1752 4381 Θεολόγος
1780 4312 1839 4366 ὲν
1867 4312 1948 4382 τῷ

356 4401 493 4470 πρὸς
544 4399 852 4471 Κληδόνιόν
882 4418 1018 4471 φησι
1054 4402 1185 4473 περὶ
1220 4402 1429 4457 τούτων
1469 4402 1652 4456 αὑτῶν
1676 4417 1693 4437 ⁸
1736 4404 1818 4456 ὅτι
1848 4403 1949 4465 τὰς

358 4492 460 4561 μὶν
487 4492 741 4556 εὑσεῦεἶς
768 4493 945 4559 λέξεις
969 4493 1292 4564 ὁμολογοῦσι
1324 4494 1451 4565 περί
1484 4492 1553 4558 ἃς
1578 4494 1670 4549 τὸν
1701 4493 1825 4549 νοῦν
1848 4511 1949 4548 κα-

355 4583 663 4656 κουργοῦσι
684 4600 700 4615 ο
732 4585 830 4637 καὶ
870 4585 1009 4653 μετὰ
1037 4584 1244 4656 βραχέα
1271 4585 1454 4649 πάλιν,
1483 4585 1672 4656 ἐπειδὴ
1697 4585 1756 4639 αἰ
1786 4585 1951 4639 αὑταὶ

2031 2097 2258 2169 quidem
2301 2100 2477 2156 tacuit
2519 2100 2915 2156 adunationem
2947 2107 3005 2155 et
3032 2099 3402 2156 adunatorum
3436 2100 3624 2155 totali-

2035 2182 2223 2255 takm,
2276 2190 2491 2247 scilicet
2539 2191 2843 2258 Christum,
2897 2190 3235 2248 sutlicienter
3271 2191 3525 2248 monadis
3566 2200 3633 2249 et;

2033 2281 2399 2339 connexionis
2449 2282 2676 2338 notione
2729 2272 3122 2338 iudicationem
3172 2282 3424 2353 praebens
3465 2284 3637 2353 quasi-

2034 2374 2451 2432 demonstrante
2481 2382 2597 2430 tum
2647 2389 3020 2431 connexorum
3067 2374 3469 2445 dnplicitatem,
3507 2382 3645 2429 tum

2034 2466 2475 2537 singularitatem
2537 2467 3002 2539 compositionis,
3058 2484 3182 2539 quae
3237 2468 3461 2539 quidem
3500 2483 3643 2525 esse

2034 2558 2145 2614 duo
2193 2560 2444 2630 conjecta
2476 2559 2615 2615 dicit
2650 2577 2663 2614 :
2692 2575 2796 2616 nec
2838 2575 2975 2615 vero
3012 2559 3428 2633 particulariter
3459 2559 3626 2631 hujus

2037 2651 2328 2706 totalitatis
2369 2658 2557 2721 partes
2597 2666 2795 2706 vocare
2825 2652 3002 2718 novit,
3041 2666 3149 2708 nec
3195 2658 3376 2707 tacere
3407 2651 3626 2708 unicam

2036 2741 2372 2814 hypostasim
2410 2742 2681 2806 creditur,
2710 2758 2815 2798 nec
2840 2742 3197 2814 praatergredi
3227 2742 3624 2800 adunationem

2036 2833 2190 2899 sinit,
2226 2849 2330 2891 nec
2355 2832 2615 2891 omnibus
2642 2851 2757 2891 non
2799 2835 3094 2891 ostendere
3130 2836 3272 2900 vult,
3309 2837 3469 2909 cujus
3502 2853 3638 2909 per-

2037 2941 2186 2984 sonas
2206 2928 2565 2985 exsistentem
2594 2942 2930 2999 cognoscere
2955 2928 3122 3000 huius
3151 2930 3427 2985 naturalis
3448 2929 3602 3000 dupli
3623 2963 3640 2974 ο

2037 3019 2222 3075 citatis
2278 3019 2675 3077 adunationem
2724 3029 2783 3076 et
2844 3021 3247 3093 bypostaticam
3312 3022 3639 3091 monadem,

2038 3128 2212 3168 unum
2235 3112 2529 3168 amborum
2554 3121 2807 3170 statuens
2834 3129 3063 3169 nomen.

2110 3206 2262 3278 Ergo
2297 3221 2424 3262 cum
2447 3215 2505 3263 et
2524 3205 2696 3263 Arius
2717 3206 2936 3262 unicam
2962 3207 3062 3262 Dei
3093 3215 3151 3263 et
3172 3207 3345 3263 Verbi
3372 3217 3626 3264 naturam

2043 3299 2386 3355 incarnatam
2416 3299 2577 3365 dicit,
2615 3300 2913 3357 ostendere
2955 3302 3171 3364 volens,
3211 3301 3358 3372 quod
3387 3317 3499 3357 non
3529 3317 3629 3373 pe-
3730 3334 3731 3337 η

2046 3390 2199 3445 nitus
2242 3391 2425 3446 Patris
2453 3391 2722 3446 naturalis
2749 3391 3219 3448 immutabilitatis
3251 3401 3336 3448 est
3369 3401 3426 3448 et
3455 3393 3631 3448 Filius

2048 3492 2105 3538 et
2149 3482 2526 3553 Apollinarius
2575 3484 2769 3539 eadem
2836 3483 3012 3538 utitur
3054 3484 3266 3553 absque
3314 3483 3630 3539 diﬁ‘erentia

2048 3590 2208 3641 voce,
2233 3575 2359 3631 loco
2392 3576 2597 3631 mentis
2637 3574 2949 3645 spiritualis
2979 3590 3102 3631 esse
3133 3575 3320 3631 volens
3343 3575 3632 3631 Dominico

2052 3667 2108 3722 in
2154 3666 2381 3723 homine
2418 3665 2685 3732 Verbum,
2732 3666 2947 3723 scilicet
2993 3665 3051 3720 in
3109 3665 3385 3737 spirituali
3432 3665 3632 3721 eﬁ‘ecta

2050 3772 2219 3813 carne
2270 3758 2416 3828 ejus,
2466 3758 2807 3813 irrationalis
2862 3768 3076 3813 natura:
3132 3757 3422 3830 cujusdam
3469 3758 3634 3814 nobis

2049 3849 2305 3920 praebens
2332 3864 2456 3905 esse
2488 3849 2934 3906 benevolentiam
2958 3866 3026 3904 ex
3063 3851 3483 3918 incarnatione;
3517 3851 3634 3905 Eu-

2052 3941 2245 4013 tyches
2267 3955 2401 3996 vero
2425 3941 2641 3996 idem...
2660 3940 3046 4012 ἀπαρατρώτῳ
3082 3957 3239 4007 voce,
3266 3942 3363 3997 sed
3388 3957 3501 3997 non
3534 3958 3633 3997 no—

2056 4033 2206 4088 tione
2233 4032 2373 4088 dicit
2397 4049 2412 4086 :
2440 4032 2516 4087 ita
2561 4033 2710 4090 enim
2739 4032 2918 4088 Verbo
2949 4032 3068 4102 ipso
3093 4031 3149 4087 in
3176 4047 3403 4088 carnem
3457 4041 3635 4088 trans-

2053 4124 2424 4181 substantiato
2454 4131 2511 4180 et
2532 4124 2671 4178 nihil
2702 4124 2942 4179 habente
2979 4124 3128 4195 quod
3164 4124 3329 4180 nobis
3388 4125 3622 4180 consub-

2054 4216 2316 4273 stantiale
2363 4217 2436 4272 sit
2487 4216 2744 4279 Domino,
2768 4215 2902 4270 dicit
2964 4215 3183 4270 unicam
3234 4225 3487 4270 naturam
3540 4217 3635 4272 Dei

2054 4309 2220 4366 Verbi
2270 4310 2635 4373 incarnatam,
2702 4309 2848 4364 sicut
2873 4307 3177 4385 Gregorius
3220 4308 3534 4379 Theologus
3578 4309 3637 4363 in

2056 4407 2294 4454 tractatu
2331 4397 2401 4453 ad
2437 4396 2767 4454 Clcdonium
2813 4398 2996 4468 inquit
3037 4397 3106 4453 de
3148 4397 3304 4467 ipsis,
3340 4399 3469 4468 quia
3513 4398 3643 4468 pias

2054 4491 2280 4562 quidem
2296 4489 2571 4547 dictiones
2599 4490 2937 4546 conﬁtentur
2961 4490 3029 4546 ad
3052 4505 3192 4561 quas
3218 4500 3463 4547 mentem
3491 4492 3643 4546 male

2056 4593 2466 4656 contorquent,
2511 4594 2570 4641 et
2598 4586 2798 4641 iterum
2840 4586 3007 4656 paulo
3044 4586 3208 4650 int‘ra,
3252 4585 3384 4641 dum
3427 4587 3636 4642 eazdcm

355 4669 535 4738 λέξεις
588 4672 776 4737 καλῶς
840 4674 938 4745 μὲν
982 4673 1334 4744 ὲξηγηθεῖσαι
1387 4675 1450 4728 τὺ
1481 4673 1704 4739 εὐσεϐὲς
1739 4674 1937 4746 ἔχουσι,

2052 4675 2335 4733 dictiones
2368 4676 2512 4732 bene
2547 4676 2771 4747 quidem
2812 4676 3078 4747 exposita:
3129 4677 3234 4747 pize
3275 4686 3431 4745 sunt,
3493 4679 3637 4734 male

360 4764 552 4828 κακῶς
575 4765 637 4817 δὲ
656 4766 974 4835 νοούμεναι,
1007 4765 1070 4819 τδ
1093 4766 1348 4830 δυσσεϐὲς
1368 4764 1610 4836 ἔχουσιν.

2056 4768 2332 4839 cogitatae,
2380 4767 2566 4838 impie
2588 4775 2742 4824 sunt.

429 4855 501 4911 Οἰ
534 4855 648 4910 ὰπὸ
678 4855 977 4928 Νεστορίου
1017 4857 1077 4911 δὲ
1111 4858 1207 4912 καὶ
1236 4852 1314 4913 ὧν
1347 4859 1457 4914 ἄπο
1509 4861 1830 4934 Νεστόριος,
1860 4860 1937 4915 δὺι

2131 4860 2236 4926 Qui
2258 4876 2394 4916 vero
2422 4876 2453 4915 a
2490 4861 2775 4927 Nestorio,
2810 4871 2868 4918 et
2894 4861 3183 4918 Nestorius
3214 4860 3283 4915 ab
3318 4860 3475 4930 ipsis,
3502 4859 3640 4915 duas

361 4947 559 5018 φύσεις
585 4947 827 5018 Χριστοῦ
855 4950 1141 5020 ήνωμένας
1164 4949 1487 5022 ἀδιαιρέτως
1528 4952 1770 5021 λέγουσι,
1829 4953 1935 5007 καθ

2058 4960 2291 5008 naturas
2335 4951 2542 5008 Christi
2597 4954 3047 5024 inseparabiliter
3099 4952 3369 5007 adunatas
3412 4951 3636 5016 docent,

358 5039 399 5096 ἃ
433 5043 714 5114 μαρτυρεῖ
732 5043 789 5095 ὲν
826 5045 892 5114 τῇ
922 5044 1059 5113 πρὸς
1091 5044 1393 5099 Σοὺκενσον
1414 5045 1646 5117 δευτέρᾳ
1692 5046 1937 5117 tnta-:01?

2062 5054 2227 5114 prout
2272 5044 2331 5100 in
2367 5046 2609 5102 secunda
2659 5049 2728 5101 ad
2774 5045 3081 5101 Sucensum
3131 5044 3364 5113 epistola
3406 5052 3640 5099 testatur

362 5132 641 5203 Κὺριλλος
672 5134 702 5187 ό
726 5132 1048 5199 διδάσκαλος
1067 5153 1080 5164 ·
1104 5134 1326 5205 λέγουσι
1346 5135 1403 5189 δὲ
1431 5138 1493 5191 τὸ
1515 5137 1828 5211 ἀδιαίρετον
1856 5140 1937 5193 κα¹

2057 5133 2297 5208 Cyrillus
2324 5136 2610 5207 magister,
2643 5136 3016 5206 inseparabile
3046 5148 3103 5191 et
3125 5136 3519 5193 adunationem
3545 5137 3643 5195 isti

361 5224 686 5298 τὴνῑνωσιν
732 5228 829 5281 καὶ
860 5221 1007 5284 οῦτοι
1058 5229 1331 5294 ὑπούλως·
1362 5230 1425 5283 οὐ
1472 5231 1596 5285 καθ’
1656 5232 1957 5286 ὑπόστασιν

362 5319 498 5389 γὰρ,
535 5318 599 5371 οὑ
638 5318 785 5373 κατὰ
814 5321 915 5390 τὴν
969 5320 1082 5374 τῶν
1107 5320 1326 5389 φύσεων
1374 5321 1554 5375 αὑτῶν
1611 5323 1953 5394 συμπλοκὴν,

362 5411 504 5465 ἀλλὰ
542 5415 616 5484 τῇ
666 5412 930 5485 ἰσοτιμίᾳ,
986 5416 1055 5485 τῇ
1120 5414 1502 5487 ταυτοϐουλίᾳ,
1554 5418 1622 5487 τῇ
1676 5416 1956 5488 αὐθεντίᾳ,

363 5502 614 5574 ἡνῶσθαι
640 5503 964 5576 ἀδιαιρέτως
988 5505 1110 5575 μὲν,
1140 5506 1406 5576 sxa-uxrio;
1462 5507 1522 5561 δὲ
1566 5496 1959 5579 ὁμολογοῦντες

363 5595 461 5650 τὸν
485 5595 663 5664 Λόγον
686 5598 752 5666 τῇ
783 5596 987 5676 σαρκί·
1021 5600 1070 5651 εἰ
1100 5599 1198 5652 καὶ
1227 5599 1327 5662 τὰς
1357 5598 1555 5668 φύσεις
1612 5600 1786 5664 αὑτὰς
1813 5600 1956 5654 εἶναι

371 5686 480 5741 τῶν
526 5685 841 5757 προσώπων
869 5686 970 5750 τὰς
1011 5688 1300 5758 ήνωμένας
1326 5689 1469 5743 κατὰ
1498 5688 1727 5760 γνώμην
1772 5693 1967 5759 φασίν.⁴

382 5778 714 5843 ’Λναγκαῖον
740 5777 1010 5831 δέδεικται
1043 5776 1204 5842 εἶναι,
1236 5779 1311 5843 ώς
1356 5779 1533 5849 οἶμαι,
1574 5780 1649 5852 μὴ
1677 5784 1799 5845 ταῖς
1848 5800 1963 5850 (pro-

371 5869 494 5929 ναῖς
522 5866 714 5930 ἁπλῶς
746 5867 1207 5937 προσέχειν,ἁλλὰ
1237 5871 1348 5932 τοῖς
1376 5870 1614 5941 νοήμασι
1638 5888 1651 5901 °
1684 5871 1778 5925 καὶ
1804 5872 1856 5925 εἴ
1879 5890 1961 5936 τις

370 5959 473 6028 μὲν
503 5958 799 6030 καινοτέρα
819 5960 972 6029 φωνὴ
1011 5961 1147 6027 ἐστι,
1174 5964 1238 6031 τῇ
1271 5961 1533 6017 ἀνέκαθεν
1558 5963 1629 6017 ἲὲ-
1649 5965 1743 6019 καὶ
1776 5966 1844 6030 ὲξι
1865 5967 1961 6035 ἀρ-

2054 5241 2281 5296 quoque
2300 5226 2572 5283 fallaciter
2586 5227 2802 5293 dicunt,
2833 5244 2948 5283 non
2964 5227 3114 5283 enim
3133 5230 3439 5284 secundum
3469 5229 3642 5300 hypo-

2059 5318 2278 5386 stasim,
2293 5326 2390 5374 aut
2407 5319 2717 5375 secundum
2735 5329 3061 5375 naturarum
3081 5320 3329 5391 ipsarum
3345 5319 3641 5375 connexio-

2060 5426 2213 5475 nem,
2262 5412 2361 5466 sed
2403 5412 2723 5484 aequalitate
2754 5412 3003 5477 honoris,
3062 5412 3365 5467 voluntatis
3403 5426 3641 5466 consen-

2060 5504 2239 5567 sione,
2277 5504 2611 5560 auctoritate
2636 5504 3082 5575 inseparabiliter
3129 5502 3355 5558 adunati
3388 5502 3643 5572 quidem,

2062 5594 2291 5649 relative
2320 5609 2454 5649 vero
2488 5595 2820 5650 conﬁtentes
2847 5595 3085 5650 Verbum
3112 5608 3237 5647 cum
3274 5607 3481 5656 carne;
3509 5591 3641 5646 licet

2063 5693 2295 5740 naturas
2320 5684 2472 5755 ipsas
2502 5701 2627 5741 esse
2658 5699 3021 5755 personarum
3059 5683 3331 5738 adunatas
3372 5680 3431 5736 ut
3472 5692 3637 5736 autn-

2062 5785 2237 5842 mant,
2280 5776 2490 5832 dicant.
2525 5777 2914 5832 Necessarium
2953 5776 3390 5831 demonstratum
3427 5784 3533 5839 est,
3582 5786 3643 5829 ut

2064 5880 2222 5941 puto,
2249 5884 2360 5923 non
2393 5884 2560 5925 voces
2590 5866 2919 5936 simpliciter
2958 5882 3174 5927 curare,
3207 5866 3301 5921 sed
3347 5865 3638 5927 nationes;

2065 5974 2120 6019 et
2156 5964 2198 6017 si
2243 5978 2363 6034 quae
2396 5964 2618 6032 quidem
2651 5961 2925 6016 recentior
2950 5978 3049 6014 vox
3084 5968 3189 6026 est,
3229 5958 3519 6029 primitirx
3552 5972 3644 6010 ve-
