4034 6394
412 405 541 473 1811

1680 406 1991 469 LEONTII
2029 406 2436 470 ΒΥΖΑΝΤΙΝΙ

3534 407 3667 471 1812

409 541 472 577 ro
516 532 571 577 et
625 523 691 577 ab
743 523 904 578 initio
955 524 1231 593 frequenti
1277 523 1625 580 orthodoxite
1684 523 1987 580 conformis

2112 524 2190 593 [ἧς
2210 523 2615 595 όμολπγουμένῃ
2648 522 2931 593 όρθοδοξίςι
2973 523 3253 591 συμφωνεῖ
3299 518 3438 574 κατὰ
3479 521 3537 575 τὸ
3571 541 3668 593 ση-

406 620 561 688 juxta
605 617 999 686 significatum,
1048 616 1192 671 hanc
1240 615 1617 671 venerabilem
1672 616 1881 670 habere
1934 625 1992 668 et

414 717 677 776 tanquam
707 708 990 777 propriam
1037 707 1295 776 amplecti
1331 715 1571 776 oportet.
1619 705 1676 761 Si
1706 722 1828 776 quae
1855 721 1991 760 vero

417 801 544 853 trita
584 799 639 853 in
673 815 829 853 sacra
866 799 1152 868 Scriptura
1178 806 1376 853 cuncta
1407 808 1463 853 et
1490 798 1635 868 apud
1660 799 1850 853 Patres
1875 813 1995 851 om-

416 906 514 945 nes
559 907 663 944 vox
710 891 1011 955 invenitur,
1043 890 1137 945 sed
1166 899 1397 961 propter
1422 890 1646 959 impiam
1691 888 1990 960 quamdam

416 984 717 1041 novitatem
766 983 1189 1053 excogitationis
1216 999 1246 1037 a
1292 983 1533 1052 quodam
1573 982 1905 1037 transfertur
1936 981 1992 1036 in

417 1077 798 1131 diversitatem
849 1092 879 1130 a
935 1085 1088 1130 recta
1137 1076 1388 1142 notione,
1441 1076 1591 1129 illam
1650 1074 1885 1145 rejicere
1937 1082 1994 1128 et

417 1170 680 1225 detestari
712 1186 811 1224 nos
832 1154 1092 1239 tanquam
1116 1169 1294 1223 bonos
1316 1168 1727 1223 nummularios
1746 1175 1991 1238 oportet,

418 1278 531 1316 non
600 1262 994 1316 numismatum
1063 1260 1297 1331 effigiem
1363 1269 1421 1314 et
1468 1260 1994 1330 superscriptionem

419 1364 679 1411 curantes
719 1364 953 1418 tantum,
990 1355 1088 1409 sed
1139 1362 1195 1409 et
1243 1356 1425 1424 ipsum
1458 1360 1750 1424 argentum
1795 1352 1995 1408 callide

419 1449 842 1504 considerantes
881 1456 937 1502 et
983 1447 1381 1517 investigantes
1427 1446 1472 1502 si
1513 1446 1694 1517 reipsa
1756 1445 1994 1516 probum

420 1550 525 1597 cst.
575 1541 793 1597 Etenim
835 1541 1148 1596 testimonia
1213 1540 1431 1596 Domini
1506 1549 1802 1610 argentum
1869 1538 1998 1609 igne

420 1633 713 1703 probatum
741 1633 1003 1687 dicuntur
1030 1650 1043 1698 ;
1070 1642 1344 1703 quotquot
1380 1635 1527 1687 enim
1556 1630 1767 1701 aliquid
1805 1646 1834 1685 a
1879 1630 1997 1700 pri-

424 1740 515 1777 mo
563 1724 860 1778 verborum
906 1724 1099 1778 auditu
1142 1725 1398 1795 iudicant
1443 1723 1733 1788 virtutem,
1780 1735 1908 1776 cum
1945 1730 2002 1776 et

423 1816 535 1870 sint
576 1816 774 1871 litterte
824 1816 1134 1871 dictionum
1182 1825 1368 1885 partes
1409 1814 1737 1876 efﬁcientes.
1783 1813 2002 1868 discant

423 1909 571 1979 quod
594 1908 639 1964 si
660 1924 804 1979 smpe
826 1909 1014 1965 littera
1038 1909 1264 1974 occidit,
1286 1908 1515 1979 spiritus
1534 1921 1668 1963 vero
1691 1904 1936 1960 vivificat
1954 1905 1996 1970 ’,

423 2000 567 2055 sicut
594 2008 650 2054 et
673 2015 849 2055 mens.

492 2092 635 2159 Quid
665 2107 798 2163 ergo
826 2092 1008 2149 adhuc
1046 2092 1181 2147 mihi
1224 2091 1527 2148 verborum
1571 2090 1809 2160 amplius
1855 2088 2001 2143 circa

425 2184 563 2239 illud
587 2185 610 2238 ?
632 2185 915 2240 Noverunt
943 2186 1091 2241 enim
1120 2201 1314 2241 omnes
1336 2185 1485 2255 quod
1526 2183 1809 2239 Manichazi
1845 2180 2002 2237 Chri-

426 2276 591 2331 stiani
608 2285 661 2331 et
684 2276 1016 2332 Samaritani
1034 2286 1090 2332 et
1109 2277 1321 2332 Hebraei
1346 2285 1403 2333 et
1418 2276 1607 2332 Ariani
1626 2284 1681 2330 et
1702 2274 2001 2331 Sabelliani

426 2377 482 2423 ct
509 2367 880 2424 Valentiniani
907 2379 961 2425 et
993 2370 1330 2425 Marcionita:
1348 2378 1405 2425 et
1423 2368 1735 2424 Nestoriani
1762 2374 1819 2422 et
1842 2366 2005 2436 Apol-

427 2461 695 2517 linaristze
736 2471 792 2516 et
825 2462 1083 2518 universa
1116 2461 1336 2532 proprie
1387 2461 1534 2515 dicta
1558 2460 1700 2515 male
1735 2458 2006 2527 dogmati-

428 2553 673 2606 zantium
730 2553 891 2606 turba
947 2567 979 2607 c
1036 2566 1191 2606 sacra
1245 2550 1534 2620 Scriptura
1603 2557 1721 2603 tum
1789 2546 2001 2607 Veteri,

431 2654 545 2697 tum
594 2644 748 2698 Novo
788 2654 845 2698 et
882 2641 1329 2714 prmcedentibus
1391 2640 1670 2705 Patribus,
1735 2638 2002 2709 quosdam

428 2746 611 2792 textus
634 2746 940 2807 excerpunt
959 2737 1016 2790 in
1040 2737 1281 2807 propriae
1301 2733 1728 2805 c1c0gitationis
1755 2731 2008 2787 testimo-

426 2831 603 2896 nium,
646 2829 803 2900 quasi
836 2830 1027 2884 eadem
1058 2828 1438 2899 significarent
1480 2827 1535 2881 hi
1577 2835 1761 2881 textus
1800 2841 1865 2879 ac
1905 2839 2004 2879 vo-

427 2925 549 2977 lunt
583 2922 710 2993 ipsi.
740 2923 882 2977 Num
911 2938 1044 2993 ergo
1087 2922 1370 2976 notionem
1411 2920 1456 2975 si
1504 2927 1653 2973 recte
1690 2925 1839 2974 esset
1859 2914 2006 2985 apud

431 3017 583 3082 ipsos
620 3015 1022 3083 iudicaremus.
1059 3023 1113 3068 et
1141 3029 1251 3067 non
1293 3028 1463 3067 voces
1498 3009 1863 3081 simpliciter?
1898 3008 2004 3064 Sed

432 3104 734 3174 sopliistice
754 3116 1063 3175 caponente
1090 3105 1333 3160 Sabellio
1356 3103 1493 3158 illud
1524 3120 1537 3157 :
1575 3121 1593 3154 ι
1622 3103 1737 3173 Ego
1760 3109 1817 3155 et
1837 3101 2005 3155 Pater

2096 616 2459 686 μαινόμενον,
2524 614 2730 678 ταύτην
2781 613 3103 666 ποτνιᾶσθαι
3173 615 3265 667 καὶ
3318 614 3394 677 ὡς
3460 615 3669 668 οἰκείαν

2093 708 2509 776 ἀσμσενίζεσθαιι
2555 704 2700 767 εἴτις
2729 704 2786 758 δὲ
2814 706 3153 776 τετριμμένη
3182 723 3243 758 τε
3278 708 3345 777 τῇ
3378 707 3510 778 ἁγίᾳ
3528 708 3669 778 Γραο

2094 802 2167 870 φῇ
2201 800 2350 869 πάσῃ
2371 798 2601 862 καὶτοῖς
2628 798 2909 868 Πατράσιν
2936 797 3080 859 ὅλοις
3132 796 3249 849 ἔστι
3298 799 3473 868 φωνὴ.
3531 799 3672 853 κατά

2092 905 2215 941 τινα
2257 888 2315 941 δὲ
2365 886 2601 957 δυσσεϐῆ
2644 886 3000 955 καινοτομίαν
3049 887 3322 955 νοήματος
3376 887 3482 941 ὑπό
3527 905 3668 951 τινος

2094 981 2429 1053 προφέρεται
2478 982 2559 1042 εἰς
2615 979 2881 1047 διαφορὰν
2939 978 3108 1048 ὀρθῆς
3177 979 3422 1043 ἐννοίας,
3465 981 3672 1047 ταύτην

2095 1073 2525 1141 ἀποδοκιμάζειν
2591 1070 2689 1125 καὶ
2710 1070 3086 1139 βδελύττεσθαι
3114 1070 3189 1132 ὡς
3242 1070 3439 1133 καλοὺς
3462 1087 3672 1140 τραπε-

2095 1166 2250 1231 ζίτας
2274 1164 2393 1218 δέον
2426 1164 2593 1235 ἡμᾶς,
2651 1162 2726 1233 μὴ
2778 1163 2855 1232 τῷ
2889 1162 3194 1231 ὲπιπολαίῳ
3225 1162 3537 1232 χαρακτῆρι
3564 1162 3672 1214 τῶν

2097 1258 2452 1327 νομισμάτων
2469 1257 2579 1309 ικαὶ
2598 1257 2711 1316 τοῖς
2729 1253 3054 1323 χαράγμασι
3096 1254 3460 1324 προσέχοντας
3489 1254 3671 1323 μόνον,

2098 1349 2235 1404 ἀλλὰ
2267 1350 2360 1402 καὶ
2385 1346 2517 1399 αὐτὸ
2544 1345 2605 1398 τὸ
2648 1343 2913 1415 ἀργύριον
2952 1343 3217 1412 ἐντέχνως
3264 1340 3673 1413 παρανοοῦντας

2098 1441 2193 1494 καὶ
2230 1437 2689 1505 κατεξετάζοντας
2724 1436 2773 1488 εί
2795 1436 2966 1498 ὅντως
3015 1434 3236 1503 δόκιμόν
3260 1435 3376 1487 ὲστι
3400 1448 3413 1462 ⁸
3448 1433 3516 1486 τά
3565 1434 3675 1503 γὰρ

2098 1532 2255 1599 λόγια
2275 1532 2506 1601 Κυρίου,
2538 1528 2803 1599 ἀργύριον
2826 1526 3227 1596 πεπυρωμένον
3258 1525 3503 1593 δοκίμιον
3532 1525 3677 1594 εἴρη-

2100 1641 2230 1679 ται·
2262 1625 2377 1677 ὅσοι
2423 1622 2533 1694 γάρ
2575 1639 2628 1673 τι
2677 1620 2819 1673 κατὰ
2870 1618 3095 1688 πρώτην
3134 1619 3303 1688 ἀκοὴν
3333 1617 3444 1669 τῶν
3475 1616 3675 1680 λέξεων

2102 1716 2343 1787 κρίνουσι
2376 1714 2475 1785 τὴν
2502 1713 2755 1783 δύναμιν,
2788 1712 2910 1764 ἐπεὶ
2935 1711 3031 1764 καὶ
3061 1707 3129 1763 τὰ
3150 1709 3455 1781 γράμματα
3476 1706 3677 1771 λέξεων

2102 1807 2241 1858 εἰσιν
2263 1802 2602 1871 ἀπογραφαὶ,
2647 1799 3069 1873 μανθανέτωσαν
3097 1798 3178 1851 ὅτι
3207 1796 3381 1861 οὕτως
3416 1794 3676 1858 πολλάκις

2103 1894 2164 1947 τὸ
2182 1894 2419 1964 γράμμα
2437 1891 2784 1954 ἀποκτέννει,
2804 1887 2865 1942 τὸ
2881 1888 2937 1941 δὲ
2958 1887 3181 1959 πνεῦμα
3205 1886 3480 1951 ζωοποιεῖ,
3499 1886 3674 1939 είτουν

2103 2003 2246 2048 νους.

2181 2079 2246 2129 'l‘f
2270 2077 2335 2147 δὴ
2363 2078 2473 2146 ἆρα
2514 2092 2607 2147 μοι
2640 2075 2824 2145 δεήσει
2844 2074 3019 2143 λόγων
3057 2072 3283 2144 μακρῶν
3313 2071 3450 2144 περὶ
3477 2069 3633 2125 τοῦδε
3659 2087 3674 2136 ;

2104 2173 2236 2224 πᾶσι
2262 2170 2370 2238 γάρ
2400 2168 2640 2237 γνωστὸν
2674 2166 2749 2229 ὡς
2779 2166 3073 2235 Μανιχαῖοι
3120 2163 3438 2235 Χριστιανοὶ
3463 2162 3557 2215 xa‘t
3578 2161 3681 2214 Σα-

2109 2262 2361 2331 μαρεῖται
2390 2258 2484 2310 καὶ
2517 2255 2764 2325 Ἑϐραῖοι
2797 2257 2893 2309 καὶ
2935 2254 3208 2325 Ἀρειανοὶ
3224 2254 3316 2306 καὶ
3335 2249 3681 2306 Σαϐελλιανοὶ

2106 2354 2199 2406 καὶ
2220 2348 2659 2404 (ὶύαλεντινιανοὶ
2672 2347 2768 2401 καὶ
2783 2346 3198 2416 Μαρκιωνισταὶ
3213 2346 3310 2399 καὶ
3326 2341 3682 2414 Νεστοριανοὶ

2106 2447 2199 2497 καὶ
2222 2438 2669 2511 Ἀπολιναρισταὶ
2698 2439 2791 2492 καὶ
2836 2438 2989 2491 πᾶσα
3034 2436 3219 2500 ἁπλῶς
3270 2432 3678 2505 ὁμολογουμένη

2106 2536 2412 2601 κακοδοξία,
2439 2533 2506 2586 εκ
2529 2549 2589 2585 τε
2626 2532 2726 2602 τῆς
2762 2531 2929 2600 άγίας
2975 2528 3199 2600 Γραφῆς
3223 2527 3467 2588 Παλαιᾶς
3490 2541 3550 2577 τε
3587 2523 3682 2575 καὶ

2107 2632 2275 2695 Νέας,
2307 2628 2400 2681 καὶ
2431 2624 2541 2679 τῶν
2562 2622 2945 2695 προλαϐόντων
2975 2622 3234 2690 Πατέρων
3264 2618 3417 2681 τινάς
3460 2616 3683 2686 χρήσεις

2107 2728 2440 2801 παρασπῶσι
2473 2724 2612 2797 πρὸς
2641 2718 2950 2794 μαρτυρίαν
2973 2715 3067 2801 τοῦ
3091 2714 3294 2767 οἰκείου
3314 2708 3681 2781 φρονήματος,
3768 2744 3775 2749 .

2105 2800 2270 2888 ὼςίτὰ
2298 2822 2437 2877 αὐτὰ
2460 2817 2790 2892 βουλομένας
2814 2813 2997 2876 αὐτοῖς
3016 2827 3030 2841 ·
3052 2800 3165 2882 ¹ἄρα
3193 2803 3287 2862 οὖν
3319 2805 3440 2876 οὐχὶ
3466 2804 3567 2874 τὴν
3596 2801 3686 2856 έν-

2108 2933 2257 2971 νοιαν
2294 2914 2344 2968 εί
2371 2912 2547 2985 ὀρθῶς
2566 2910 2751 2971 αὐτοῖς
2779 2905 2893 2976 ἔχοι
2913 2903 3223 2973 κρίνοιμεν,
3243 2897 3340 2953 καὶ
3360 2897 3421 2949 ού
3450 2895 3550 2958 τὰς
3572 2910 3687 2985 φω-

2109 3009 2206 3073 νάς
2225 2983 2441 3071 άπλῶςίς
2476 3001 2639 3056 Ἀλλά
2660 2997 3012 3071 παράγοντος
3050 2990 3342 3046 Σαϐελλίου
3368 2988 3451 3042 τόο
3482 3006 3500 3038 ι
3545 2983 3689 3052 Ἐγὼ

2112 3100 2207 3154 καὶ
2232 3101 2261 3153 ὁ
2291 3095 2484 3166 Πατὴρ
2509 3095 2569 3148 ἓν
2595 3094 2783 3163 ἐσμεν,
2837 3108 2856 3141 ι
2890 3087 2985 3141 καὶ
3037 3082 3389 3165 ἀναιροῦντος
3417 3078 3515 3150 τὴν
3539 3092 3692 3147 τρια-

435 3214 606 3251 unum
650 3213 862 3265 sumus,
901 3218 918 3249 ι
957 3206 1012 3253 et
1046 3198 1247 3252 trinam
1288 3196 1632 3269 hypostasim
1684 3193 2008 3265 rejiciente;

2114 3190 2268 3258 δικὴν
2298 3162 2630 3240 ὑπόστασιν·
2681 3181 2777 3235 καὶ
2813 3162 3081 3247 Εὐνομίου
3127 3171 3573 3244 προϐαλλομένου
3604 3165 3683 3269 τός

432 3298 489 3345 et
512 3290 785 3344 Eunomio
810 3289 1124 3359 proferente
1150 3289 1286 3343 illud
1318 3306 1332 3343 :
1367 3307 1386 3340 ι
1420 3287 1526 3354 Qui
1556 3286 1706 3340 misit
1726 3300 1814 3340 me
1844 3284 2009 3339 Pater

435 3384 609 3453 major
632 3398 716 3438 me
740 3382 893 3446 est",
942 3400 960 3433 ι
990 3390 1047 3436 et
1078 3382 1369 3437 monadem
1401 3380 1725 3434 destruente
1756 3390 1862 3431 nec
1886 3390 2000 3429 non

432 3485 646 3531 naturze
681 3475 1050 3545 mqualitatem
1096 3474 1151 3528 in
1199 3472 1510 3536 divinitate,
1545 3470 1625 3525 sic
1662 3468 1869 3524 insulse
1903 3467 2013 3521 cir-

435 3567 794 3623 cumferimur
839 3567 1062 3637 quidem
1127 3566 1196 3620 ab
1243 3563 1450 3633 impiis,
1484 3571 1581 3616 aut
1608 3560 1794 3631 potius
1827 3559 1885 3614 in
1912 3573 2012 3628 op-

435 3660 675 3730 positum
725 3658 1172 3713 circumferimur
1225 3655 1376 3710 omni
1425 3661 1590 3708 vento
1637 3651 1904 3708 doctrinae
1944 3649 2013 3703 ad

435 3752 646 3807 erroris
668 3751 938 3807 insaniam
966 3750 1181 3821 jactati,
1214 3748 1295 3803 sic
1329 3757 1387 3803 et
1412 3763 1443 3802 a
1473 3748 1656 3817 seipsa
1687 3744 2015 3814 discrepans
2059 3765 2064 3772 -

439 3852 652 3898 tantum
684 3851 953 3914 quantum
999 3857 1030 3895 a
1074 3840 1306 3895 vocibus
1366 3848 1612 3894 sanctam
1668 3836 2013 3907 Scripturam

439 3935 860 3999 concludemus,
887 3941 945 3988 et
995 3932 1281 4004 Evangelii
1331 3931 1619 3987 oraculum
1653 3944 1776 3986 esse
1809 3936 1866 3983 et
1901 3942 2016 3982 non

439 4044 564 4084 esse
595 4029 994 4084 admittemus?
1017 4027 1138 4083 Non
1168 4026 1249 4082 sic
1275 4025 1383 4095 pii,
1400 4039 1511 4079 non
1542 4023 1642 4089 sic,
1687 4021 1785 4077 sed
1832 4020 2017 4089 reipsa

440 4122 754 4177 differentia
776 4121 1111 4175 aestimantes
1128 4118 1221 4189 qui
1245 4133 1342 4187 per
1359 4132 1555 4171 sensus
1569 4113 1847 4169 exercitos
1867 4125 2019 4166 com-

438 4209 787 4280 parationem
824 4208 1100 4261 bonorum
1127 4217 1184 4260 et
1208 4206 1479 4260 malorum
1509 4204 1798 4268 habemus,
1831 4202 2016 4256 omnia

438 4301 797 4366 aestimantes,
827 4299 1035 4355 bonum
1068 4298 1390 4352 retinemus.

521 4475 666 4544 Ergo
731 4472 989 4529 veritatis
1052 4473 1230 4543 gratia
1300 4484 1498 4525 omnes
1546 4470 1641 4539 qui
1711 4468 2016 4525 secundum

2123 3302 2141 3335 ι
2270 3277 2596 3338 ἀποστείλας
2624 3292 2714 3346 με,
2742 3269 2956 3340 Πατὴρ,
2997 3264 3198 3337 μείζων
3225 3261 3324 3335 μού
3361 3262 3500 3324 ἐστι,
3528 3277 3548 3310 ι
3571 3256 3691 3346 -καὶ

2116 3369 2511 3440 ἀνατρέποντος
2558 3342 2657 3433 τὴν
2685 3357 2886 3430 μονάδα
2902 3355 2996 3409 καὶ⁵
3022 3352 3122 3422 τὴν
3152 3348 3403 3440 ίσοφυξίαν
3426 3346 3537 3440 τῇς.
3564 3342 3688 3440 θεό-

2118 3435 2306 3532 τητος,
2332 3454 2530 3511 ούτωσλ
2558 3452 2802 3523 ἀνοήτως
2845 3437 3374 3517 συμπεριφερόμεθα
3398 3436 3523 3532 Δμὲν
3576 3435 3691 3532 τοῖς

2118 3524 2362 3614 ἀσεϐέσι,
2432 3544 2630 3618 μᾶλλον
2659 3543 2717 3596 δὲ
2775 3539 2870 3593 καὶ
2922 3527 3461 3618 άντιπεριφερόμεθα
3526 3524 3696 3618 παντὶ

2123 3643 2309 3712 ἀνέμῳ
2323 3615 2797 3708 τῆς-διδασκαλίας
2823 3629 2959 3701 πρὸς
2985 3626 3083 3698 τὴν
3110 3621 3326 3712 μωρία-ν
3347 3617 3446 3687 τῆς
3482 3615 3692 3712 πλάξνης

2124 3701 2593 3796 κλυδιύνιξόμενοι.
2652 3720 2795 3775 οὕτω
2846 3734 2907 3771 τε
2958 3714 3125 3783 ἑαυτῇ
3185 3709 3511 3780 ἀσύμφωνον
3570 3701 3694 3796 ὅσον

2122 3823 2232 3878 ἀπὸ
2261 3821 2370 3874 τῶν
2404 3792 2599 3888 (ρωνῶν
2622 3814 2719 3885 τὴν
2739 3810 2901 3879 ἁγίαν
2930 3805 3156 3878 Γραφὴν
3184 3796 3541 3870 λογισόμεθα,
3579 3792 3695 3888 ἑκαὶ

2121 3913 2183 3968 τδ
2212 3880 2469 3983 κήρυγμα
2512 3904 2606 3960 τοῦ
2634 3880 2970 3969 Εύαγγελίου
3000 3892 3139 3949 εἷναί
3171 3909 3232 3946 τε
3275 3889 3369 3944 καὶ
3404 3888 3507 3941 οὐκ
3525 3880 3696 3983 *εἶναι

2123 3976 2559 4070 καταδεξόμεθα;
2615 3994 2714 4062 οὐχ
2762 3989 2935 4051 οὕτως
2973 3988 3022 4041 oi
3073 3983 3317 4043 εὐσεϐεῖς
3351 3978 3468 4034 ἀλλ’
3523 3976 3696 4040 ὅντως

2121 4094 2509 4163 δοκιμάζοντες
2540 4087 2607 4141 τὰ
2636 4081 2964 4152 διαφέροντα
3005 4078 3055 4131 οἱ
3085 4074 3175 4128 διὰ
3243 4070 3355 4163 τῶν
3409 4083 3700 4163 ,γεγυμναῗ

2126 4154 2724 4256 σμένωναίσθητηρίων
2753 4172 2851 4234 τὰς
2874 4166 3188 4238 συγκρίσεις
3200 4162 3311 4215 τῶν
3335 4158 3513 4214 καλῶν
3529 4174 3586 4210 τε
3607 4154 3702 4256 καὶ

2124 4247 2309 4333 κακῶν
2368 4247 2703 4340 ποιούμενοι,
2750 4262 2929 4319 πάντα
2971 4254 3379 4340 δοκιμάςοντες,
3428 4250 3489 4305 τδ
3537 4247 3700 4303 καλὸν

2125 4369 2472 4438 κατέχοιμεν.
2504 4418 2509 4425 ,

2196 4458 2405 4517 Οὐκοῦν
2432 4450 2740 4526 φιλαλήθως
2769 4448 2978 4511 πάντας
3017 4444 3143 4508 τοὺς
3179 4440 3321 4495 κατά
3341 4452 3464 4491 τινα
3499 4430 3700 4488 σκοπὸν

440 4565 739 4637 quemdam
778 4564 1169 4620 haereticorum
1219 4563 1385 4617 finem
1424 4561 1619 4615 dicunt
1663 4562 1812 4632 quod
1856 4561 2009 4616 unica

2125 4555 2233 4609 τῶν
2267 4545 2562 4621 αἱρετικῶν
2580 4544 2835 4611 λέγοντας
2862 4539 2923 4592 τὸ
2952 4536 3081 4609 μίαν
3109 4533 3271 4605 φύσιν
3300 4529 3396 4584 τοῦ
3437 4525 3574 4581 Θεοῦ
3598 4525 3701 4576 Λό-

2719 4634 2729 4637 ’
3141 4625 3153 4637 ⁵
3301 4622 3372 4637 *λ’
3400 4621 3413 4637 ε
3518 4618 3555 4637 αἱ
3586 4619 3608 4637 '3
3625 4632 3694 4637 _--

446 4660 522 4712 sit
601 4665 799 4713 natura
874 4656 973 4712 Dei
1076 4653 1236 4709 v’erbi
1318 4653 1602 4708 incarnata
1633 4692 1648 4717 ,
1733 4651 2022 4723 ablegandi

449 4759 613 4817 sunt;
647 4749 742 4805 sed
787 4757 843 4804 et
878 4754 1157 4819 quotquot
1196 4746 1350 4816 juxta
1386 4745 1671 4799 notionem
1728 4741 2022 4812 quamdam

451 4842 677 4911 impiam
723 4847 1015 4901 autumant
1041 4837 1422 4906 duplicitatem
1462 4843 1788 4891 naturarum
1818 4831 2027 4889 Christi

451 4934 815 4988 adunatarum
836 4928 1287 5000 inseparabiliter
1307 4940 1570 4997 respuere
1589 4934 1709 4991 est;
1730 4924 2030 4979 admittere

449 5039 587 5080 vero
619 5041 651 5080 e
693 5032 888 5080 contra
925 5030 1039 5076 tum
1083 5034 1278 5075 omnes
1309 5020 1405 5089 qui
1436 5021 1654 5074 unicam
1686 5018 1882 5073 dicunt
1924 5030 2024 5070 na-

455 5129 635 5172 turam
664 5118 760 5172 Dei
793 5114 959 5170 Verbi
993 5114 1358 5176 incarnatam,
1393 5111 1551 5182 quasi
1580 5112 1768 5166 alterae
1794 5117 2025 5172 naturae,

453 5209 668 5264 scilicet
709 5216 921 5262 naturae
961 5204 1145 5259 carnis
1187 5204 1399 5258 unitam
1452 5212 1708 5257 naturam
1736 5199 1903 5255 Verbi
1932 5212 2023 5253 se-

450 5299 695 5355 cundum
736 5298 1100 5368 bypostasim.
1145 5302 1262 5349 tum
1293 5309 1491 5350 omnes
1516 5292 1611 5363 qui
1643 5291 2027 5361 duplicitatem

452 5390 795 5447 confitentur
840 5397 1157 5442 naturarum
1206 5382 1414 5442 Christi
1455 5383 1825 5439 adunatarum
1877 5380 2027 5434 inse-

452 5484 777 5555 parabiliter
806 5499 915 5537 non
957 5481 1261 5537 secundum
1304 5494 1491 5535 rerum
1540 5478 1688 5531 circa
1732 5473 2027 5530 essentiam

452 5574 932 5627 consideratarum
974 5571 1204 5641 aliquid,
1234 5570 1330 5625 sed
1361 5567 1666 5623 secundum
1691 5566 2027 5637 hypostasim

454 5667 633 5736 ipsam
673 5674 1019 5728 naturarum,
1056 5664 1112 5718 id
1152 5662 1317 5718 estin
1360 5660 1528 5715 unius
1554 5674 1808 5728 personae
1844 5667 2032 5713 osten-

2118 4664 2217 4717 γου
2254 4618 2685 4713 σεσαρκωμένην
2711 4625 3217 4701 ἁποσκορακιστέον
3242 4639 3255 4654 °
3290 4621 3428 4676 ἀλλὰ
3467 4618 3565 4673 καὶ
3584 4619 3700 4717 ὅσοι

2122 4707 2264 4793 κατά
2302 4709 2426 4787 τινα
2450 4730 2657 4784 ἔννοιαν
2680 4721 2919 4791 δυσσεϐῆ
2981 4735 3115 4790 φασι
3164 4713 3332 4769 δυάδα
3362 4710 3579 4782 φύσεων
3593 4707 3703 4760 τῶν

2123 4826 2365 4901 Χριστοῦ
2391 4821 2685 4895 ήνωμένων
2712 4813 3056 4885 ἁδιαιρέτως,
3080 4803 3520 4901 καταπτυστέον·
3566 4800 3704 4853 ἁπο-

2125 4892 2340 4975 δεκτέον
2368 4892 2425 4970 at
2443 4892 2605 4969 πάλιν
2638 4908 2846 4971 πάντας
2872 4902 3000 4964 τούς
3021 4918 3081 4955 τε
3107 4899 3236 4971 μίαν
3254 4897 3417 4967 φύσιν
3442 4892 3702 4961 λέγοντας

2124 5011 2220 5067 τοῦ
2286 5006 2420 5063 Θεοῦ
2462 5004 2639 5072 Λόγου
2686 4992 3137 5067 σεσαρκωμένην,
3173 4989 3250 5052 ὡς
3294 4985 3461 5057 ἑτέρα
3519 4980 3722 5051 φύσειν

2125 5107 2295 5176 ἧγουν
2321 5102 2385 5171 τῇ
2416 5098 2514 5167 τῆς
2544 5090 2747 5164 σαρκὸς
2772 5085 3056 5161 ἡνωμένην
3079 5083 3177 5153 τὴν
3208 5079 3369 5150 φύσιν
3404 5074 3501 5176 τοῦ
3526 5073 3705 5176 Ιξόγου

2129 5165 2251 5253 καθ’
2282 5165 2600 5252 ὑπόστασιν,
2642 5184 2738 5239 καὶ
2772 5181 2981 5242 πάντας
3024 5177 3082 5229 δὲ
3132 5174 3258 5236 τοὺς
3300 5165 3707 5240 ὁμολογοῦντας

2128 5286 2295 5342 δυάδα
2320 5280 2535 5352 φύσεων
2558 5270 2795 5346 Χριστοῦ
2821 5266 3119 5342 ήνωμένων
3145 5261 3463 5352 ἀδιαιρέτως
3484 5258 3546 5309 οὺ
3569 5253 3711 5352 κατά

2130 5397 2193 5434 τε
2224 5346 2344 5431 τῶν
2358 5373 2486 5444 περὶ
2507 5371 2609 5440 τὴν
2636 5366 2825 5420 οὐσίαν
2858 5356 3273 5444 θεωρουμένων,
3301 5351 3438 5406 ἀλλὰ
3457 5346 3712 5444 antra-tim

2135 5470 2432 5522 ὑπόστασιν
2461 5459 2631 5528 αὐτὴν
2680 5454 2787 5508 τῶν
2820 5451 3058 5522 φύσεων,
3116 5443 3398 5498 τουτέστιν
3456 5440 3535 5501 είς
3591 5433 3710 5496 ἑνὸς

2135 5556 2430 5630 προσώπου
2448 5550 2613 5616 δεῖξιν
2634 5546 2728 5601 τοῦ
2751 5545 2971 5617 ἀμφοῖν,
2992 5541 3064 5603 ὡς
3087 5536 3184 5609 τὴν
3205 5533 3372 5605 αὐτὴν
3397 5526 3561 5585 οὖσαν
3580 5527 3712 5580 Exa-

2104 5673 2111 5680 δ
2136 5655 2299 5724 τέραν
2325 5644 2618 5718 ὁμολογίαν
2641 5635 3066 5707 ποτνιωμένους.

450 5742 671 5813 ςὶοιιεηι
723 5758 1031 5823 amborum,
1076 5754 1235 5826 quasi
1283 5750 1536 5807 eamdem
1559 5750 1918 5807 exsistentem
1958 5757 2250 5817 utramque
2291 5737 2694 5798 confessionem
2719 5734 3044 5788 reverenter
3069 5720 3357 5778 habentes.

523 5878 545 5908 ⁸
577 5874 623 5932 ιι
648 5874 775 5931 Cor.
808 5889 884 5941 ιιι,
911 5872 962 5929 6.
1045 5872 1087 5902 ¹⁰
1118 5869 1275 5925 Joan.
1316 5882 1425 5932 xiv,
1458 5865 1546 5921 28.
