4034 6454
354 475 491 542 1813

1520 484 1818 569 CONTRA
1859 484 2457 546 MONOPHYSITAS.

3489 478 3623 543 18M

420 589 548 641 Ὀτι
573 588 686 659 τὰρ
714 589 811 643 καὶ
843 588 1118 661 Κύρελλος
1147 593 1174 645 ό
1202 593 1393 663 Πατὴρ
1448 595 1546 665 τὴν
1594 599 1766 668 αὐτὴν
1806 594 1944 652 οἶδεν

2118 598 2257 669 Quia
2287 599 2437 654 enim
2459 605 2516 652 et
2540 594 2779 668 Cyrillus
2795 597 2957 651 Pater
2980 596 3229 652 eamdem
3258 597 3415 651 nevit
3444 599 3624 651 notio.

348 680 565 735 ἔννοιαν
590 677 731 735 εἶναι
753 682 855 751 τῆς
885 684 1018 750 μιᾶς
1036 683 1252 752 φύσεως
1269 683 1363 737 τοῦ
1382 684 1516 738 Θεοῦ
1540 687 1716 754 Λόγου
1743 704 1942 759 σεσαρ·

348 769 634 839 θεωμένης,
702 770 848 824 κατὰ
890 772 994 842 τὴν
1030 772 1197 826 αὑτοῦ
1251 772 1462 828 ἔννοιαν
1505 776 1810 847 λεγομένης
1848 778 1944 832 καὶ

342 863 459 915 τῶν
494 860 675 932 ὀρθῶς
690 861 965 917 νοούντων
987 863 1084 918 δύο
1121 865 1316 934 φύσεις
1348 866 1588 937 Χριστοῦ
1624 867 1750 920 καθ’
1808 869 1936 922 ὑπό-

346 970 543 1007 στασιν
566 953 705 1023 μίαν
736 956 1050 1025 ήνωμένας,
1082 957 1222 1010 κατὰ
1247 958 1349 1026 τὴν
1370 958 1599 1019 Λέοντός
1631 976 1691 1012 τε
1725 959 1820 1013 τοῦ
1851 978 1942 1013 σο-

342 1045 605 1112 φωτάτου
648 1044 746 1097 καὶ
774 1044 883 1099 τῶν
913 1046 1088 1115 ἁγίων
1110 1047 1368 1118 Πατὲρων
1406 1048 1516 1101 τῶν
1535 1049 1593 1101 ἐν
1640 1050 1706 1119 τῇ
1742 1051 1942 1120 συνόδῳ

337 1134 702 1203 Χαλκηδόνος
732 1134 1053 1206 ὁμολογίαν,
1093 1136 1388 1190 ἀκουστέον
1423 1133 1591 1190 αὑτοῦ
1620 1138 1677 1189 ὲν
1708 1140 1775 1207 τῇ
1803 1137 1941 1207 πρὸς

339 1227 614 1294 Εὑλόγιον
683 1226 1066 1299 πρεσϐύτερον
1123 1228 1383 1298 ἐπιστολῇ
1458 1227 1584 1281 τάδε
1651 1227 1936 1296 λέγοντοςο

347 1322 629 1375 σΚάκεῖνο
658 1320 719 1374 δὲ
755 1320 832 1391 μὴ
858 1320 1229 1389 ἀγνοείτωσαν
1248 1335 1262 1349 ο
1291 1320 1428 1372 ὅπου
1467 1320 1576 1390 γὰρ
1597 1319 1792 1385 ἓνωσις
1823 1321 1941 1374 ὀνο·

345 1412 610 1482 μάζεται,
654 1412 758 1482 οὑχ
786 1411 903 1472 ἑνὸς
933 1411 1265 1480 πράγματος
1305 1413 1634 1483 σημαίνεται
1702 1413 1937 1478 σύνοδος,

342 1503 463 1557 ἀλλ’
496 1504 534 1572 ἢ
565 1503 663 1557 δύο
706 1504 740 1574 ἦ
794 1504 888 1557 καὶ
914 1503 1185 1558 πλειόνων
1227 1505 1322 1558 καὶ
1372 1504 1653 1576 διαφόρων
1685 1505 1941 1576 ἀλλήλοις

341 1595 491 1648 κατὰ
544 1595 645 1666 τὴν
714 1595 902 1665 φύσιν.
939 1596 1003 1649 Ei
1069 1594 1250 1649 τοίνυν
1300 1595 1534 1666 λέγομεν
1570 1595 1674 1667 τὴν
1719 1595 1938 1659 ἕνωσιν,

339 1687 728 1757 ὁμολογοῦμεν
748 1689 833 1741 ὃτι
876 1687 1084 1757 σαρκδς
1108 1687 1472 1758 ἐψυχωμένης
1497 1688 1705 1760 νοερῶς
1730 1689 1824 1743 καὶ
1854 1689 1940 1742 λό-

339 1796 478 1846 γον·
526 1781 626 1831 καὶ
658 1780 711 1833 οἱ
746 1778 842 1831 δύο
866 1779 923 1831 δὲ
958 1778 1212 1847 λέγοντες
1264 1779 1478 1848 φύσεις,
1513 1777 1690 1842 οὕτως
1723 1779 1938 1833 νοοῦσι·

341 1870 489 1942 πλὴν
510 1871 616 1941 τῆς
650 1869 902 1934 ἑνὼσεως
929 1870 1394 1942 όμολογουμένης,
1421 1872 1607 1925 οὐκέτι
1639 1870 1940 1926 διίστανται

2045 704 2172 744 nem
2201 704 2326 745 esse
2345 688 2692 743 unicaailiius
2720 694 2936 742 naturae
2969 687 3067 742 Dei
3098 686 3262 743 Verbi
3294 688 3621 753 incarnataa,

2045 780 2350 836 secundum
2387 780 2509 850 ejus
2543 781 2828 834 notionem
2860 778 3043 844 dictae.
3088 787 3148 834 et
3186 787 3339 834 recte
3379 780 3627 850 cogitan-

2044 872 2184 925 tium
2232 871 2372 926 duas
2421 870 2629 926 Christi
2666 880 2896 925 naturas
2933 869 3625 943 secundum-hypostasim

2044 978 2209 1017 unam
2230 962 2523 1025 adunatas,
2547 963 2703 1032 juxta
2726 961 2929 1016 Leonis
2963 961 3363 1031 sapientissimi
3394 971 3453 1016 et
3496 977 3625 1016 san-

2043 1064 2259 1110 ctorum
2275 1055 2502 1109 Patrum
2517 1052 2712 1124 synodi
2725 1051 3200 1108 Chalcedonensis
3215 1053 3625 1109 confessionem

2043 1146 2237 1200 audire
2269 1154 2357 1200 est
2387 1144 2565 1214 ipsum
2615 1145 2669 1198 in
2702 1143 2943 1214 epistola
2976 1144 3045 1199 ad
3073 1145 3366 1216 Eulogium
3397 1147 3629 1217 presby-

2044 1247 2223 1292 terum
2249 1237 2377 1291 talia
2398 1237 2718 1291 dicentem:
2762 1255 2780 1286 ι
2818 1236 2887 1290 Ει
2916 1235 3155 1291 illudne
3183 1236 3444 1307 ignorent
3483 1254 3498 1291 :
3531 1238 3635 1292 ubi.

2042 1329 2190 1383 enim
2228 1328 2549 1383 nominatur
2577 1328 2869 1393 adunatio,
2909 1342 3020 1383 non
3043 1327 3213 1382 unius
3237 1328 3446 1399 negotii
3480 1328 3628 1382 indi-
3670 1358 3683 1377 ι

2042 1429 2202 1476 catur
2243 1419 2653 1485 convenientia,
2699 1419 2795 1473 sed
2841 1427 2938 1473 aut
2977 1419 3224 1474 duorum
3247 1428 3346 1473 aut
3378 1419 3649 1489 pluriunp

2041 1519 2098 1566 et
2120 1511 2188 1566 ab
2208 1511 2445 1566 invicem
2476 1520 2672 1566 natura
2703 1511 3163 1581 discrepantium.
3193 1511 3250 1567 Si
3298 1512 3468 1582 igitur
3529 1512 3626 1566 ad.

2045 1605 2369 1660 unationem
2399 1604 2657 1670 dicimus,
2690 1604 3022 1660 conﬁtemur
3047 1605 3192 1675 quod
3223 1604 3411 1661 carnis
3451 1604 3619 1674 spiri-
3649 1642 3652 1647 -

2044 1695 2269 1751 tualiter
2311 1697 2570 1752 animatae
2594 1705 2652 1751 et
2679 1696 2844 1751 Verbi
2877 1714 2893 1750 :
2925 1705 2983 1752 et
3011 1697 3150 1753 duas
3173 1697 3271 1768 qui
3303 1696 3500 1752 dicunt
3529 1711 3626 1749 na-

2042 1796 2201 1842 turas
2234 1787 2315 1842 sic
2344 1787 2621 1857 cogitant;
2653 1795 2853 1856 printer
2871 1784 3268 1843 adunationem
3293 1802 3459 1857 quam
3490 1802 3625 1842 con-

2045 1879 2296 1945 ﬁtentur,
2324 1894 2434 1933 non
2457 1878 2697 1948 amplius
2719 1877 3046 1933 dividuntur
3065 1879 3134 1934 ab
3160 1878 3398 1934 invicem
3415 1878 3625 1934 aduna-
3650 1919 3654 1923 .

339 1962 601 2032 ἀλλήλων
629 1963 699 2014 τὰ
722 1960 1017 2026 ἑνωθέντας
1055 1962 1172 2015 ἀλλ’
1197 1956 1277 2026 εἷς
1304 1961 1490 2017 λοιπὸν
1520 1963 1672 2026 Υίδς,
1703 1963 1803 2032 μία
1838 1962 1938 2031 φύ-

2048 1979 2117 2037 ta,
2141 1970 2239 2025 sed
2261 1977 2451 2040 restat
2490 1986 2637 2025 unus
2663 1970 2858 2036 Filius,
2891 1984 3001 2025 una
3050 1979 3249 2027 natura
3294 1973 3416 2041 ejus
3456 1973 3652 2041 quasi.

343 2073 430 2117 σις
468 2053 646 2109 αὑτοῦ
674 2054 752 2119 ὡς
780 2052 1157 2124 σαρκωθέντος
1182 2052 1276 2107 τοῦ
1295 2055 1473 2124 Λόγου
1491 2069 1505 2085 ⁶
1533 2053 1707 2110 ταῦτα
1725 2053 1945 2125 ὡμολό-

343 2164 528 2219 γησαν
556 2149 606 2200 οί
631 2146 735 2216 τῆς
758 2145 1075 2215 ’Λνατολῆς.
1106 2163 1126 2197 ι

417 2240 545 2293 Ἔτι
579 2239 692 2310 μὴν
719 2238 817 2291 καὶ
850 2239 910 2292 ἐν
940 2240 1006 2309 τῇ
1047 2236 1281 2308 δευτέρᾳ
1319 2239 1456 2312 πρὸς
1488 2238 1789 2294 Σούκενσον
1817 2242 1942 2295 ὲπι-

344 2330 510 2401 στολῇ
542 2328 720 2392 οὕτως
758 2329 916 2398 φησὶ,
946 2328 1462 2398 ἀποσκευαζόμενος
1520 2330 1650 2394 τοὺς
1703 2333 1824 2384 κατ’
1855 2331 1943 2384 ἒν-

342 2441 497 2475 νωαν
518 2420 811 2492 μειώσεως
840 2419 875 2488 ἦ
903 2419 1165 2493 φύρσεως.
1186 2420 1297 2474 τῶν
1328 2420 1692 2476 συνελθόντων
1717 2422 1940 2476 διαϐάλ-

338 2516 540 2578 λοντας
573 2513 742 2568 αὑτὸν
774 2512 959 2580 λέγειν
982 2514 1082 2583 τὴν
1124 2513 1252 2583 μίαν
1304 2512 1488 2582 φύσιν.
1526 2532 1545 2564 ι
1590 2514 1652 2568 Εἰ
1683 2513 1788 2584 μὲν
1832 2513 1943 2585 γὰρ

345 2608 599 2670 εἰπόντες
617 2607 785 2675 φύσιν
818 2606 913 2659 τοῦ
937 2606 1112 2674 Λόγον
1138 2608 1533 2676 σεσιγήκαμεν,
1572 2607 1672 2660 οὑκ
1702 2607 1941 2676 ἐπενέγ-

345 2718 542 2763 καντες
572 2700 636 2754 τὸ
658 2697 1165 2767 σεσαρλιαψὲνην,
1198 2696 1312 2750 ἀλλ’
1341 2690 1453 2751 οἷον
1471 2696 1671 2763 ἔξωθεν
1700 2697 1944 2762 τιθέντες

345 2794 445 2862 τὴν
468 2791 814 2862 οἰκονομίαν,
834 2786 905 2861 ἦν
932 2790 1118 2854 αὐτοῖς
1141 2789 1283 2858 τάχα
1304 2802 1407 2842 που
1435 2788 1530 2841 καὶ
1547 2787 1941 2853 οὐκίάπίθανος

345 2887 374 2937 ό
400 2884 584 2951 λόγος,
618 2880 1118 2953 προσποιουμένοις
1163 2879 1374 2950 ἐρωτᾷν
1408 2876 1512 2932 ποῦ
1541 2878 1600 2932 τὸ
1626 2879 1833 2933 τέλειον
1882 2881 1942 2933 ὲν

347 2974 774 3045 ἁνθρωπότητις
813 2970 933 3035 πῶς
965 2970 1276 3040 ὑφέστηκεν
1316 2972 1350 3040 ὴ
1391 2969 1514 3024 καθ’
1562 2972 1712 3040 ἡμᾶς
1741 2971 1939 3037 οὐσίας

347 3067 539 3137 ἐπειδὴ
590 3066 651 3119 δὲ
686 3067 782 3120 καὶ
834 3065 892 3117 ἐν
920 3062 1306 3135 ἅνθρωπότητι
1368 3062 1675 3134 τελειότης,
1727 3064 1942 3135 καὶτῆς

346 3158 473 3211 καθ’
500 3156 654 3226 ἡμᾶς
682 3154 874 3218 οὐσίας
905 3154 938 3223 ἡ
987 3154 1218 3226 δήλωσις
1274 3155 1690 3226 είσκεκόμισται
1723 3154 1818 3209 διὰ
1841 3154 1951 3209 τοῦ.

346 3249 532 3317 λέγειν
557 3246 1054 3316 σεσαρκωμένην,
1079 3244 1506 3309 παυσάσθωσαν,
1523 3263 1543 3297 ι
1573 3245 1670 3298 καὶ
1698 3244 1766 3298 τὰ
1787 3243 1940 3314 ἑξῆς.

349 3343 418 3390 Τί
441 3342 540 3396 οὖν
558 3341 701 3412 πρὸς
728 3342 797 3410 τῇ
833 3340 934 3411 μιᾷ
957 3338 1119 3407 φύσει
1151 3336 1243 3391 τοῦ
1267 3338 1441 3406 Λόγου
1460 3339 1555 3392 καὶ
1584 3338 1943 3410 ἀνθρωπίνην

346 3432 566 3487 τελείαν
595 3430 788 3484 οὑσίαν
851 3428 1181 3499 είσκομίζων
1210 3428 1299 3484 διὰ
1325 3426 1420 3483 τοῦ
1446 3430 1942 3499 σεσαρκωμένην,

346 3530 408 3580 οὑ
435 3524 534 3579 δύο
560 3520 705 3577 εἶναι
736 3521 1021 3591 λογίσεται
1045 3522 1144 3585 τὰς
1170 3520 1382 3590 φύσεις,
1414 3521 1636 3575 ἀκούων
1676 3520 1810 3585 μίαν
1845 3521 1947 3590 φύ-

349 3636 438 3673 σιν
476 3617 577 3670 τοῦ
608 3614 749 3669 Θεοῦ
781 3615 955 3680 Λόγου
990 3613 1454 3685 σεσαρκωμένηνς
1501 3613 1642 3682 Φησὶ
1673 3613 1782 3685 γὰρ
1851 3614 1947 3667 καὶ

350 3710 497 3782 μετὰ
519 3707 736 3779 βραχέα
756 3723 771 3739 ο
798 3725 827 3779 «ι
870 3706 936 3760 Τί
984 3706 1096 3777 γάρ
1130 3709 1276 3759 ἐστιν
1306 3705 1726 3776 ἁνθρωπότητος
1758 3705 1944 3775 φύσις,

347 3802 495 3871 πλὴν
526 3799 613 3853 ὅτι
644 3798 786 3870 σὰρξ
807 3797 1136 3869 ὲψυχωμένη
1176 3796 1422 3869 νοερῶς;
1447 3815 1470 3849 ι

416 3892 529 3945 Τοῦ
568 3891 787 3962 [Ia-:90;
842 3887 939 3943 οὖν
1001 3887 1190 3959 σαφῶς
1247 3890 1382 3959 ἡμῖν
1408 3886 1945 3959 μαρτυροῦντοςτὴν

346 3986 488 4055 πρὸς
514 3984 689 4038 αὐτὸν
708 3984 806 4037 καὶ
841 3983 940 4054 τὴν
962 3981 1224 4053 ἀλήθειαν
1256 3979 1602 4051 συμφωνίαν,
1652 3980 1765 4034 τῶν
1810 3996 1945 4050 νοη-

352 4079 548 4147 μάτων
600 4076 711 4147 ἄρα
742 4075 818 4147 μὴ
842 4073 1088 4137 εὐσεϐῶς
1123 4072 1268 4143 ἔχειν
1305 4071 1652 4145 δηλουμένων
1677 4074 1800 4138 ταῖς
1825 4088 1956 4142 φω--

346 4172 468 4233 ναῖς
492 4171 663 4239 ἡμεῖς
691 4168 754 4220 οὑ
788 4164 1202 4237 προσκείμεθαο
1240 4165 1351 4218 οὐδ’
1376 4163 1447 4217 αὖ
1501 4164 1664 4219 πάλιν
1705 4163 1953 4228 εὑσεῦὦς.

348 4262 590 4331 ἑχόντων
623 4260 724 4324 τὰς
752 4260 939 4329 φωνὰς
969 4257 1441 4329 ἀποστρεφόμεθα
1472 4273 1487 4290 ⁸
1512 4257 1641 4312 οὔτε
1667 4259 1776 4328 γὰρ
1809 4256 1947 4312 ἕνω-

349 4368 433 4413 σις
455 4350 491 4420 ῆ
531 4350 703 4420 μονὰς
741 4347 929 4409 ἁπλῶς
954 4346 1209 4401 ὁπωσοῦν
1238 4345 1677 4418 συμφραζομένη
1702 4345 1816 4398 τισὶ
1845 4346 1947 4409 τὰς

350 4439 549 4509 φύσεις
599 4438 784 4491 αὑτῶν
826 4440 1062 4508 ἀναιρεῖ,
1119 4439 1170 4491 εί
1229 4438 1307 4508 μὴ
1373 4439 1454 4501 είς
1506 4436 1724 4504 φύσεως
1772 4436 1947 4506 αὐτῆς

355 4531 567 4601 μονάδα
587 4530 748 4600 ἥκειν
791 4529 1018 4585 νοοῦντα
1051 4530 1158 4584 ἴδια
1201 4532 1305 4599 τῆς
1340 4528 1484 4582 κατὰ
1513 4528 1784 4599 σύγχυσιν
1814 4527 1946 4581 ἐνώ-

2043 2062 2313 2119 iuearnati
2338 2061 2501 2118 Verbi
2522 2080 2538 2131 ;
2560 2062 2678 2118 haec
2702 2062 2941 2119 confessi
2975 2071 3106 2119 sunt
3121 2062 3214 2133 qui
3236 2062 3305 2117 ab
3323 2062 3575 2119 Oriente.
3599 2082 3649 2112 ι·

2114 2239 2314 2295 Adhuc
2341 2248 2398 2296 et
2431 2240 2487 2294 in
2528 2240 2772 2295 secunda
2797 2240 2867 2296 ad
2900 2239 3208 2297 Sucensum
3253 2240 3511 2311 epistola,
3541 2242 3637 2298 sic-

2042 2331 2179 2387 dicit
2203 2332 2451 2388 refutans
2477 2332 2604 2390 illos
2622 2333 2716 2403 qui
2736 2334 2893 2406 juxta
2923 2333 3330 2389 imminutionis
3353 2345 3445 2390 aut
3487 2333 3623 2390 mis-z
3648 2372 3653 2376 -

2044 2422 2216 2478 tionis
2263 2424 2717 2480 convenientium
2783 2425 3068 2480 notionem
3119 2433 3386 2481 asserunt,
3434 2426 3621 2496 ipsum

2041 2523 2298 2570 naturam
2328 2515 2549 2571 unicam
2578 2515 2771 2572 dicere
2802 2534 2816 2570 :
2850 2534 2869 2568 ι
2895 2516 3116 2572 Etenim
3140 2517 3186 2572 si
3209 2527 3468 2572 naturam
3499 2517 3624 2587 qui-

2043 2605 2376 2663 dem\’erbi
2404 2608 2659 2664 dicentes
2696 2608 2987 2675 siluimus,
3007 2624 3123 2665 non
3143 2608 3414 2665 adversus
3442 2610 3624 2666 incar-

2043 2706 2230 2755 natam
2256 2704 2504 2769 agentes,
2531 2698 2629 2755 sed
2670 2706 2930 2770 tanquam
2989 2701 3063 2755 ab
3109 2708 3266 2757 extra
3297 2707 3616 2758 statuentes

2042 2791 2406 2846 (nconomiam
2449 2790 2873 2857 incarnationis,
2898 2798 3021 2847 erat
3051 2791 3186 2862 ipsis
3215 2793 3330 2848 cito
3372 2809 3478 2849 nec
3514 2809 3626 2849 non

2041 2879 2362 2937 verisimilis
2402 2895 2612 2945 sermo,
2643 2879 3039 2936 all‘ectantibus
3064 2881 3350 2952 inquirere
3376 2882 3471 2939 ubi
3497 2899 3626 2954 per-

2042 2972 2250 3029 fectum
2299 2973 2357 3028 in
2396 2972 2776 3028 humanitate?
2825 2972 2930 3029 Uhi
2956 2973 3205 3030 substitit
3250 2974 3489 3030 essentia
3536 2990 3628 3031 se-

2043 3064 2287 3120 cundum
2342 3065 2481 3120 nos?
2520 3063 2660 3120 Cum
2690 3079 2826 3120 vero
2861 3064 2918 3120 in
2951 3064 3300 3122 humanitate
3328 3066 3624 3137 perfectio,

2042 3164 2101 3210 et
2141 3157 2401 3212 essentia;
2448 3163 2619 3226 prout
2661 3156 2721 3211 in
2765 3156 2929 3212 nobis
2983 3157 3357 3215 manifestatio
3396 3158 3633 3215 affertur:

2046 3248 2678 3313 dieendoincarnatam,
2722 3248 3190 3319 sileantzetquae
3236 3260 3565 3320 sequuntur.
3601 3270 3639 3304 »-

2047 3340 2190 3409 Quid
2224 3356 2358 3412 ergo
2384 3340 2563 3396 unicae
2591 3340 2756 3396 Verbi
2781 3349 2994 3397 natura;
3015 3350 3070 3398 et
3096 3341 3397 3398 humanam
3448 3342 3631 3413 perfe-

2046 3440 2189 3488 ctam
2220 3432 2525 3489 essentiam
2553 3430 2792 3487 aﬂ'erens
2827 3447 2926 3502 per
2950 3433 3314 3499 incarnatam,
3341 3447 3456 3488 non
3487 3433 3629 3489 duas

2045 3540 2168 3581 esse
2190 3522 2675 3594 argumentabitur
2691 3530 2920 3578 naturas
2943 3523 3175 3578 audiens
3192 3537 3356 3579 unam
3372 3529 3627 3578 naturam

2045 3615 2142 3670 Dei
2168 3614 2337 3672 Verbi
2376 3613 2756 3669 incarnatam?
2795 3613 2941 3669 Dicit
2975 3614 3125 3670 enim
3161 3623 3219 3669 et
3267 3615 3429 3684 paulo
3451 3620 3577 3685 post
3611 3632 3626 3668 :

2055 3725 2073 3757 ι
2108 3705 2253 3771 Quid
2281 3705 2433 3760 enim
2471 3713 2557 3758 est
2593 3703 2956 3758 humanitatis
3000 3711 3218 3770 natura,
3262 3715 3627 3774 praeterquam

2045 3811 2174 3852 caro
2197 3795 2439 3849 animata
2474 3793 2885 3863 spiritualiter?
2919 3812 2942 3846 ι
3096 3793 3113 3808 ⁸

2116 3886 2284 3941 Patre
2340 3899 2474 3954 ergo
2528 3884 2677 3939 clare
2707 3881 2872 3938 nobis
2920 3882 3296 3940 testimonium
3349 3882 3515 3938 dante
3561 3882 3631 3938 de

2046 3974 2432 4031 convenientia
2457 3976 2603 4030 inter
2626 3975 2807 4044 ipsum
2827 3983 2886 4030 et
2902 3974 3627 4044 veritatem,.cogitationum

2045 4081 2155 4120 non
2178 4064 2267 4134 pie
2289 4079 2413 4120 esse
2446 4063 2839 4133 apparentium
2867 4062 3100 4117 vocibus
3119 4077 3222 4116 nos
3248 4062 3490 4117 animum
3516 4079 3629 4118 non

2047 4156 2419 4222 intendimus;
2476 4170 2582 4211 nec
2629 4170 2853 4225 quoque
2892 4155 2982 4225 pie
3011 4170 3070 4211 se
3106 4154 3435 4210 habentium
3464 4171 3631 4212 voces

2045 4264 2386 4304 aversantur.
2420 4248 2533 4303 Nec
2562 4247 2713 4303 enim
2740 4246 3003 4301 adunatio
3047 4255 3145 4301 aut
3175 4262 3367 4302 monas
3412 4248 3628 4318 simpli-

2046 4343 2188 4399 citer
2246 4340 2499 4411 quolibet
2568 4340 2735 4395 modo
2792 4339 2939 4394 dicta
2994 4340 3331 4409 quibusdam
3399 4348 3631 4394 naturas

2046 4435 2297 4504 ipsorum
2336 4432 2543 4499 aufert,
2587 4431 2695 4487 nisi
2750 4432 2807 4486 in
2840 4441 3058 4488 naturae
3108 4432 3285 4502 ipsius
3336 4433 3628 4489 monadem

2044 4526 2238 4581 venire
2286 4525 2627 4597 cogitantem
2671 4524 2900 4594 propria
2933 4524 3293 4580 adunationis
3322 4525 3645 4580 secundum

353 4640 496 4686 σεως
516 4639 529 4652 ·
559 4624 733 4694 ἑτέρα
757 4621 868 4691 γὰρ
889 4621 1085 4684 ἐνωσις
1115 4621 1274 4675 τοῦτο
1301 4622 1364 4675 οὑ
1392 4624 1570 4675 ποιεῖ’
1593 4621 1720 4674 οὐδὲ
1747 4622 1780 4692 ἡ
1810 4620 1944 4683 δυὰς

2048 4620 2373 4685 misturam;
2410 4618 2587 4672 altera
2610 4618 2762 4673 enim
2795 4617 3062 4673 adunatio
3093 4616 3157 4703 id
3178 4634 3289 4673 non
3334 4617 3500 4684 facit;
3528 4633 3649 4674 nec-

352 4717 577 4778 πάντως
604 4713 1054 4785 κατηγορηθείσά
1082 4730 1252 4780 τινος,
1276 4715 1372 4767 καὶ
1404 4714 1486 4777 είς
1504 4712 1772 4785 πρόσωπα
1807 4713 1947 4767 διαι-

353 4810 438 4878 ρεί
467 4806 652 4872 τοῦτο,
681 4808 730 4859 εί
764 4807 839 4877 μὴ
890 4806 972 4868 είς
1010 4805 1374 4876 προσωπικὴν
1419 4804 1673 4859 δίπλασιν
1730 4803 1816 4875 εἴη
1859 4802 1947 4875 λη-

352 4900 557 4969 φθεῖσα
573 4914 591 4931 ·
620 4898 704 4962 τίς
735 4897 845 4968 γὰρ
864 4897 930 4952 ἂν
960 4896 1104 4950 εἴποι
1127 4897 1259 4950 διότι
1279 4896 1477 4960 ἓνωσίς
1497 4914 1580 4960 τις
1596 4893 1821 4965 λέγεται
1850 4899 1948 4951 καὶ

355 4990 531 5062 μονὰς
562 4991 596 5060 ἡ
625 4987 721 5042 τοῦ
744 4988 866 5042 ὅλου
908 4987 1223 5057 Ῥωμαῖκοῦ
1249 4988 1411 5059 τυχὸν
1453 4987 1715 5059 στρατοῦ,
1745 4988 1840 5042 καὶ
1888 4988 1950 5043 ἓν

352 5084 449 5137 ἐπὶ
483 5081 707 5135 πάντων
736 5080 844 5134 τῶν
879 5082 939 5133 ὲν
962 5079 1136 5150 ταύτῃ
1170 5098 1235 5132 πε
1247 5076 1736 5150 ριλαμϐανομένων
1765 5082 1950 5134 κεῖται

352 5177 528 5244 lingu
558 5173 668 5227 τῶν
692 5171 1001 5244 ἀνθρώπιον
1025 5172 1122 5225 καὶ
1148 5172 1388 5242 ἡμιόνων
1419 5170 1516 5224 καὶ
1543 5171 1810 5243 καμήλων
1840 5173 1950 5227 τῶν

353 5270 416 5320 ὲν
443 5266 622 5336 αὐτῷ,
659 5265 751 5320 διὰ
776 5265 899 5318 τόδε
928 5266 1024 5319 καὶ
1067 5264 1167 5335 μία
1197 5265 1359 5334 φύσις
1385 5263 1535 5317 ἐστὶν
1565 5264 1595 5316 ὁ
1624 5265 1732 5328 πᾶς
1783 5282 1951 5334 στρα-

352 5361 447 5423 τός
475 5376 492 5426 ἱ
519 5358 640 5411 ἀλλ’
668 5359 833 5429 αὕτη,
868 5358 1058 5429 φησὶν,
1090 5357 1192 5409 οὐκ
1219 5357 1334 5410 ἐστι
1360 5356 1485 5410 καθ’
1513 5355 1817 5410 ὑπόστασιν
1845 5356 1952 5426 φύ-

360 5469 506 5505 σεων
542 5450 756 5511 ἓνωσις.

429 5541 706 5595 Σκεπτέον
737 5536 852 5605 οὖν,
874 5540 903 5593 ὃ
933 5540 1094 5609 ἔφην,
1116 5539 1191 5604 ὡς
1215 5541 1315 5593 οὑκ
1351 5538 1499 5592 ἔστιν
1532 5539 1731 5592 ἕνωσιν
1763 5537 1952 5601 ἁπλῶς

360 5634 537 5686 ποιεῖν
576 5632 710 5702 μίαν
732 5633 897 5702 φύσιν
918 5651 929 5658 ·
960 5632 1078 5685 ἀλλ’
1105 5632 1225 5684 οὐδὲ
1253 5633 1301 5684 εἰ
1329 5632 1452 5683 καθ’
1482 5631 1784 5683 ὑπόστασιν
1813 5630 1951 5683 ἕνω-

365 5743 447 5788 σις
473 5725 561 5794 εἴη
616 5726 777 5796 μόνον
834 5724 1130 5793 λεγομένη,
1188 5723 1393 5791 μονάδα
1439 5726 1660 5793 ποιήσει
1710 5722 1950 5791 φύσεως,

364 5818 480 5870 ἀλλ’
508 5817 542 5885 ἦ
572 5817 741 5887 μόνης
768 5817 1124 5878 ὑποστάσεως
1145 5832 1157 5845 ·
1191 5813 1315 5868 οὕτε
1348 5814 1456 5885 γὰρ
1484 5815 1680 5884 βύὸλος
1714 5814 1746 5883 ἢ
1785 5812 1953 5881 σπόγ-

367 5926 461 5977 γος
487 5910 642 5964 ὕδατι
661 5910 930 5981 ἐμσαφεὶς
957 5911 1049 5962 καὶ
1072 5909 1478 5978 ἀνιμησάμενος
1503 5908 1606 5978 ὅλῳ
1634 5906 1811 5977 ἑαυτῷ
1836 5907 1953 5959 ὅλον

2049 4711 2349 4781 duplicitas
2376 4711 2600 4781 penitus
2629 4712 2991 4780 pronuntiata
3007 4710 3077 4765 de
3100 4711 3308 4780 aliquo,
3332 4718 3389 4766 et
3420 4712 3475 4766 in
3508 4726 3650 4782 ρετ-ς

2049 4817 2217 4858 sonas
2262 4800 2461 4856 dividit
2504 4801 2668 4867 illud,
2706 4801 2815 4858 nisi
2870 4802 2927 4857 in
2979 4801 3309 4872 duplicitate
3353 4800 3645 4872 personati.

2050 4895 2125 4949 sit
2148 4893 2448 4949 intellecta.
2505 4893 2645 4961 Quis
2673 4894 2823 4950 enim
2851 4893 3068 4950 diceret
3094 4909 3163 4948 eo
3187 4893 3334 4963 quod
3364 4893 3631 4948 adunatio

2050 4985 2307 5056 quaedam
2382 4985 2602 5043 dicatur
2630 4995 2690 5042 et
2750 5001 2963 5050 monas,
3016 4984 3313 5039 universus
3369 4998 3633 5040 romanus

2051 5078 2348 5143 exercitus,
2392 5088 2449 5135 et
2484 5095 2656 5133 unum
2707 5078 2775 5134 de
2812 5077 3076 5133 omnibus
3107 5076 3162 5130 in
3214 5076 3334 5145 ipso
3376 5091 3649 5146 comprc-.

2052 5170 2243 5226 hensis
2280 5178 2389 5226 stet
2429 5185 2631 5225 nomen
2685 5169 2972 5224 hominum
3032 5177 3088 5224 et
3141 5169 3519 5238 jumentorum
3575 5175 3632 5221 ct

2053 5261 2391 5315 camelorum
2419 5275 2541 5330 qum
2578 5260 2635 5315 in
2668 5259 2810 5329 ipso,
2849 5259 2997 5330 quod
3060 5268 3353 5329 propterea
3404 5266 3462 5313 et
3523 5272 3630 5319 una

2053 5361 2249 5407 natura
2286 5352 2359 5406 sit
2388 5352 2566 5407 omnis
2604 5352 2926 5407 exercitus?
2963 5351 3072 5407 Sed
3104 5351 3247 5421 ipsa,
3288 5351 3489 5420 inquit,
3519 5365 3641 5406 non.

2053 5455 2135 5501 est
2179 5446 2482 5502 secundum
2535 5447 2872 5516 hypostasim
2913 5454 3237 5499 naturarum
3273 5443 3559 5502 adunatio.

2123 5536 2600 5592 Considerandum
2625 5555 2773 5607 ergo,
2790 5537 2936 5607 quod
2967 5536 3241 5601 dicebam,
3260 5534 3406 5606 quod
3425 5550 3535 5591 non
3558 5535 3633 5589 li-

2055 5638 2145 5684 cet
2166 5629 2565 5684 adunationem
2585 5630 2912 5700 simpliciter
2930 5628 3113 5683 facere
3144 5643 3307 5681 unam
3336 5634 3624 5691 naturam;

2056 5719 2154 5775 sed
2185 5735 2286 5775 nec
2316 5720 2363 5775 si
2395 5720 2702 5775 secundum
2728 5718 3075 5790 hypostasim
3096 5717 3358 5773 adunatio
3389 5718 3463 5771 sit
3506 5726 3632 5772 tau-

2061 5822 2175 5867 tum
2208 5812 2378 5874 dicta,
2421 5811 2712 5866 mouadem
2742 5812 2907 5867 faciet
2944 5820 3180 5876 natum,
3202 5809 3298 5866 sed
3332 5810 3503 5865 solius
3538 5809 3636 5878 hy-

2058 5913 2378 5975 postascos;
2407 5921 2514 5959 non
2541 5904 2687 5959 enim
2720 5918 2959 5977 papyrus
2987 5904 3068 5959 vel
3088 5904 3315 5976 spongia
3351 5903 3407 5958 in
3435 5915 3635 5971 aquam
