4034 6436
362 341 499 406 1815

1639 351 1949 412 LEONTII
1984 349 2388 411 BYZANTINI
2443 315 2450 323 ’

3493 343 3628 408 1816

359 458 620 512 immersa
661 467 717 513 et
766 461 1010 516 totaliter
1052 468 1319 526 extracta,
1345 461 1400 515 in
1451 470 1707 517 naturam
1758 462 1945 517 veniet

2056 463 2187 528 τόδε,
2246 465 2325 526 εἰς
2367 461 2532 531 φύσιν
2576 461 2700 531 ἣκει
2752 461 2882 530 μίαν
2931 460 3030 513 σὺν
3057 459 3135 530 τῷ
3189 459 3361 518 ὕδατι,
3400 457 3516 511 ἀλλ’
3546 461 3628 523 εἰς

361 567 527 606 unam
569 567 692 607 cum
716 569 879 624 aqua,
909 554 1005 610 sed
1037 555 1091 609 in
1134 556 1484 612 existentiam
1508 572 1709 622 unam;
1742 573 1939 627 quem-

358 643 656 698 admodum
719 660 854 716 ergo
903 655 958 701 et
1017 647 1223 701 ferrum
1281 656 1338 702 ct
1383 648 1526 719 ignis
1567 649 1623 702 in
1677 649 1940 703 incande-

359 736 584 791 scentiae
607 736 995 800 existentiam;
1025 748 1081 793 ct
1120 739 1334 808 lapides
1365 748 1422 794 et
1445 740 1588 809 ligna
1639 740 1694 795 in
1744 739 1941 794 domus

358 826 585 896 quidem
650 827 1005 883 existentiam
1070 831 1299 884 alteram
1360 839 1659 898 venerunt,
1715 841 1942 887 naturas

359 933 492 972 vero
530 917 774 984 easdem,
803 919 900 974 sed
927 919 1197 975 adunatas
1219 920 1286 974 ad
1317 920 1576 986 invicem,
1607 921 1943 977 convenien-

363 1015 449 1062 tes
486 1007 542 1063 in
587 1008 753 1079 hujus
805 1011 1267 1080 compositionem
1313 1019 1370 1064 et
1412 1009 1836 1064 fabricationem
1885 1011 1939 1064 in

363 1114 556 1163 unum,
591 1101 804 1154 scilicet
825 1100 1206 1156 exsistentiam
1231 1101 1450 1165 domus,
1477 1101 1705 1155 habent.
1733 1101 1787 1155 Si
1808 1117 1942 1170 ergo

361 1198 418 1243 et
448 1190 502 1243 in
538 1199 794 1245 naturam
826 1207 991 1246 unam
1024 1193 1171 1247 sicut
1202 1208 1351 1247 nunc
1368 1201 1425 1246 et
1457 1191 1513 1247 in
1536 1192 1939 1258 exsistentiam,

361 1282 518 1336 ﬁeret
545 1283 810 1338 adunatio
834 1283 1299 1353 quemadmodum
1332 1284 1393 1338 ﬁt
1424 1284 1494 1340 de
1534 1285 1778 1354 κλαύρας
1821 1283 1945 1356 χίας

361 1373 509 1428 etde
543 1375 756 1430 mollita
807 1375 1168 1446 (μαλθακτοῦ)
1205 1391 1332 1431 cera
1366 1376 1422 1430 in
1459 1377 1760 1432 masticlies
1789 1392 1943 1431 eom-

361 1465 694 1536 positionem
751 1467 1012 1523 adunatis
1067 1467 1314 1530 realiter,
1369 1477 1424 1523 et
1473 1476 1727 1522 naturam
1777 1483 1942 1522 unam

361 1558 548 1614 dicere
593 1575 820 1615 necesse
849 1568 1029 1614 estex
1076 1559 1434 1613 adunatioue.
1465 1558 1943 1614 Considerandum

359 1664 492 1704 vero
514 1651 661 1719 quod
691 1667 795 1707 nec
823 1651 1091 1706 mastiche
1119 1666 1223 1706 nec
1257 1666 1377 1706 sera
1413 1650 1466 1704 in
1500 1651 1745 1720 propriis
1782 1660 1945 1707 natu-

363 1740 570 1795 ralibus
597 1742 1031 1812 specialitatibus
1055 1752 1188 1798 tunc
1216 1754 1272 1796 et
1305 1742 1707 1812 compositione
1752 1752 1809 1798 et
1846 1759 1943 1800 co-

2045 553 2345 606 ὑπόστασιν
2407 554 2534 624 μίαν
2559 569 2572 583 ·
2635 553 2824 622 ῶσπερ
2865 551 2958 605 οὖν
2994 551 3086 604 καὶ
3143 550 3362 622 σίδηρος
3393 549 3627 620 καὶπῦρ

2044 648 2124 710 είς
2168 646 2370 716 μύδρου
2402 647 2733 700 ὑπόστασιν·
2767 646 2860 698 καί
2883 643 3021 696 λίθοι
3072 643 3181 713 γὰρ
3220 643 3316 696 καὶ
3365 642 3498 708 ξύλα
3547 643 3626 704 εἰς

2044 736 2195 790 οἴκου
2227 736 2324 806 μὲν
2351 736 2651 789 ὑπόστασιν
2678 735 2875 804 ἑτέραν
2903 730 3072 805 ἧκαν,
3106 732 3299 801 φύσεις
3329 732 3386 785 δὲ
3413 733 3510 796 τὰς
3536 733 3630 784 αὺ-

2042 827 2163 891 τὰς,
2216 823 2330 878 ἀλλ’
2359 825 2651 896 ἡνωμένας
2691 823 2974 895 ἀλλήλαις,
3014 823 3113 886 τὰς
3149 822 3513 885 συνελθούσας
3549 824 3628 885 είς

2043 915 2143 988 τὴν
2182 916 2339 970 τοῦδε
2377 917 2660 980 σύστασιν,
2695 917 2790 970 καὶ
2823 916 2921 987 τὴν
2967 916 3058 984 ὑφ’
3113 915 3172 968 ἓν
3205 917 3416 978 στάσιν,
3453 915 3630 967 εῐτουν

2046 1008 2348 1062 ὑπόστασιν
2385 1007 2481 1062 τοῦ
2514 1010 2666 1062 οἴκου
2702 1009 2950 1077 ἔχουσινο
2986 1009 3035 1060 εἰ
3075 1007 3257 1078 μέντοι
3294 1006 3391 1060 καὶ
3420 1007 3500 1067 εἰς
3531 1003 3632 1072 φύ-

2047 1115 2133 1152 σιν
2157 1100 2308 1169 μίαν,
2343 1099 2532 1170 ὥσπερ
2567 1098 2660 1154 οὖν
2692 1099 2788 1153 καὶ
2813 1099 3138 1162 ὑπόστασιν,
3174 1096 3386 1164 γένοιτο
3411 1095 3629 1159 ἓνωσις,

2046 1183 2159 1244 οἷον
2183 1190 2396 1260 γίνεται
2423 1191 2518 1244 ἐπὶ
2549 1192 2648 1260 τῆς
2683 1190 2929 1262 κλαὺρας
2958 1191 3104 1260 χίας,
3150 1189 3246 1242 καὶ
3299 1187 3392 1241 τοῦ
3428 1186 3633 1257 μαλθα⁸

2047 1279 2176 1333 κτοῦ
2204 1279 2378 1351 κηροῦ
2408 1281 2490 1344 εἰς
2519 1282 2756 1352 μαστιχή
2769 1299 2937 1351 ματος
2998 1280 3261 1334 σύστασιν
3324 1279 3632 1348 ὲνουμένων

2046 1371 2234 1434 ὅντως,
2267 1373 2362 1427 καὶ
2394 1372 2559 1443 φύσιν
2597 1374 2731 1442 μίαν
2775 1374 2991 1441 ἀνάγκη
3048 1372 3231 1440 λέγειν
3268 1371 3361 1423 ἐπὶ
3399 1371 3466 1439 τῇ
3503 1366 3634 1421 ἐνώ-

2048 1482 2158 1520 σει.
2185 1467 2462 1522 Σκεπτέον
2489 1469 2544 1521 δὲ
2571 1467 2647 1531 ὼς
2677 1465 2802 1520 οῦτε
2827 1469 2860 1536 ἡ
2897 1466 3136 1536 μαστίχη
3163 1463 3289 1517 οὗτε
3309 1463 3336 1516 ὁ
3362 1461 3536 1532 κηρὸς
3574 1461 3632 1514 ὲν

2047 1560 2168 1621 ταῖς
2191 1560 2422 1624 οἰκείαις
2456 1562 2716 1628 φυσικαῖς
2766 1559 2993 1628 ἰδιότησι
3025 1558 3143 1610 τότε
3195 1557 3292 1610 καὶ
3339 1555 3636 1608 συστάσεσι

2048 1651 2148 1704 καὶ
2163 1653 2376 1722 χροιαῖς
2392 1654 2486 1706 καὶ
2501 1652 2716 1715 λοιπαῖς
2737 1652 2988 1720 ποιότησι
3005 1650 3181 1721 πάντη
3199 1649 3426 1720 μένουσι
3448 1645 3636 1700 λοιπὸν

2050 1745 2194 1799 κατά
2233 1747 2394 1817 τήνδε
2423 1745 2521 1817 τὴν
2541 1745 2758 1808 ἕνωσιν,
2789 1742 2916 1798 οῦτε
2955 1744 3074 1796 ἐστι
3107 1741 3321 1813 θατέρῳ
3337 1739 3447 1794 τῶν
3480 1739 3635 1792 ἰδίων

362 1830 574 1886 loribus
599 1841 655 1887 et
690 1833 921 1903 reliquis
959 1833 1323 1903 qualitatibus
1366 1833 1594 1903 penitus
1627 1844 1939 1894 remanent.

2056 1839 2238 1910 μερῶν
2261 1812 2518 1910 ότμοιότηνς
2566 1839 2623 1891 ἐν
2657 1837 2734 1908 τῷ
2775 1837 3152 1907 μαστιχήματι
3182 1832 3464 1904 σωζομένη
3497 1831 3635 1903 πρὸς

361 1931 550 1991 postea
582 1924 888 1979 secundum
913 1925 1061 1979 illam
1088 1924 1480 1980 adunationem
1532 1941 1634 1982 nec
1665 1934 1748 1980 est
1774 1927 1944 1982 alter-

364 2015 474 2069 utri
529 2017 878 2086 propriarum
918 2019 1158 2087 partium
1200 2018 1508 2072 similitudo
1551 2019 1608 2072 in
1649 2020 1945 2074 mastiches

363 2106 766 2174 compositione
810 2116 1028 2163 servata
1072 2108 1139 2161 ad
1181 2124 1246 2162 ea
1294 2125 1417 2178 qua:
1465 2108 1712 2179 ejusdem
1757 2109 1944 2166 forma:

2050 1930 2120 1984 τὰ
2135 1932 2354 2002 ὁμοειδῆ
2373 1949 2388 1965 ο
2406 1931 2532 1984 οὔτε
2555 1932 2664 2001 γὰρ
2679 1930 2825 2000 χίας,
2851 1930 2975 1983 οὐδὲ
2995 1927 3167 1998 κηροῦ
3190 1927 3440 1996 τιὸμοιον
3457 1924 3634 1992 πάντη

2049 2023 2160 2094 ἔχει
2190 2025 2250 2078 τὸ
2272 2025 2528 2080 σύνθετον
2561 2024 2880 2094 μαστίχημα
2905 2037 2920 2054 ⁶
2963 2021 3128 2074 οὐδὲὸ
3161 2019 3425 2091 ἤλεκτρος
3455 2016 3633 2082 πάντη

2050 2115 2254 2184 χρυσοῦ
2292 2112 2433 2180 εἶδος
2462 2117 2558 2171 καὶ
2578 2115 2820 2187 ἀργύρου
2853 2114 3035 2177 σώζει.

362 2207 514 2251 sunt.
541 2199 653 2253 Nec
674 2199 823 2252 enim
848 2199 973 2270 χίας
1002 2215 1108 2254 nec
1160 2215 1301 2254 certe
1333 2201 1514 2256 simile
1549 2201 1681 2266 quid
1716 2217 1944 2271 prorsus
1984 2207 2189 2262 retinet
2249 2208 2621 2278 compositum
2685 2205 3006 2269 mastiehes,
3038 2219 3142 2259 nec
3171 2202 3440 2258 eleCtrum
3477 2211 3638 2270 pror-

363 2309 460 2349 sus
498 2294 855 2349 auriformam
885 2305 942 2350 et
970 2297 1182 2367 argenti
1212 2304 1418 2350 servat.

435 2385 504 2438 Et
541 2385 587 2440 si
624 2386 705 2440 sic
740 2387 929 2444 dicere
968 2389 1036 2444 de
1066 2387 1290 2444 Christo
1329 2389 1492 2444 decet
1531 2389 1945 2459 adunalionem,

363 2476 523 2532 vobis
561 2479 988 2548 relinquendum
1015 2487 1076 2535 ut
1109 2480 1374 2552 judicetis
1415 2481 1563 2550 quod
1620 2496 1723 2537 nec
1768 2482 1947 2552 reipsa

363 2569 532 2630 Deus.
555 2586 659 2626 nec
692 2572 858 2627 homo
887 2576 980 2627 sit.
1045 2573 1102 2628 Si
1151 2588 1289 2628 vero
1339 2576 1524 2642 ipsum
1574 2573 1800 2642 quidem
1835 2589 1946 2628 non

363 2660 550 2716 dicitis
573 2663 675 2726 sic,
713 2665 1006 2734 quemdam
1033 2680 1168 2720 vero
1196 2666 1342 2720 inter
1361 2665 1570 2720 electos
1591 2665 1782 2720 Patres
1804 2665 1948 2720 hanc

365 2752 423 2806 in
455 2763 709 2808 naturam
737 2755 1134 2811 adunatiouem
1164 2755 1474 2812 ostendatis
1502 2755 1805 2820 dicentem,
1831 2770 1952 2811 ces-

365 2843 614 2898 sahimus
660 2860 691 2899 a
737 2847 1120 2902 controversia
1175 2847 1500 2914 vobiscum;
1548 2847 1592 2902 si
1635 2862 1769 2902 vero
1813 2846 1951 2902 illud

366 2934 722 2990 adunationis
748 2936 804 2991 in
839 2947 1096 2994 naturam
1143 2938 1341 3010 dogma
1373 2939 1702 2994 dilaniatum
1755 2949 1812 2994 et
1857 2954 1954 2994 ex-

367 3043 602 3096 pansum
638 3028 945 3085 secundum
985 3031 1295 3094 notionem,
1324 3031 1487 3100 quale
1517 3040 1624 3096 est,
1655 3044 1760 3086 nec
1792 3028 1952 3084 vobis

2129 2393 2238 2448 Καὶ
2261 2394 2309 2446 εἰ
2333 2392 2506 2456 οὕτως
2526 2391 2707 2460 λέγειν
2735 2391 2827 2445 ἐπὶ
2843 2387 3083 2460 Χριστοῦ
3120 2386 3343 2456 εὔλογον
3374 2387 3475 2450 τὴν
3498 2388 3635 2442 ἕνω-

2057 2503 2164 2550 σιν,
2197 2486 2327 2556 ὑμῖν
2373 2482 2843 2552 ’ὲγκαταλειπτέον
2893 2483 3100 2551 κρῖναι,
3153 2480 3229 2543 ὡς
3274 2481 3410 2550 μήτε
3465 2480 3637 2544 ὅντως

2053 2577 2185 2630 Θεὸν
2219 2579 2355 2648 μήτε
2388 2575 2676 2646 ἄνθρωπον
2703 2570 2868 2628 εἷναι’
2907 2577 2956 2626 εἰ
2986 2573 3042 2626 δὲ
3075 2573 3237 2626 αὑτὸν
3279 2573 3376 2642 μὲν
3406 2571 3466 2625 οῦ
3499 2590 3635 2642 φατε

2053 2670 2195 2734 τόδε,
2226 2668 2349 2723 τινὰ
2382 2669 2440 2722 δὲ
2491 2667 2600 2722 τῶν
2639 2666 2915 2734 ἐκκρίτων
2953 2666 3215 2736 Πατέρων
3269 2663 3476 2735 ταύτην
3536 2664 3636 2736 τὴν

2055 2761 2139 2824 εἰς
2178 2761 2338 2830 φύσιν
2369 2761 2566 2814 ἕνωσιν
2596 2758 2826 2826 δείξοιτε
2856 2758 3106 2826 λέγοντα,
3151 2756 3482 2825 παυσόμεθα
3535 2757 3636 2825 τῆς

2056 2853 2194 2925 πρὸς
2240 2854 2386 2924 ὑμᾶς
2449 2851 2944 2924 ἀμφισϐητήσεωςο
2982 2852 3031 2902 εἰ
3072 2849 3128 2901 δὲ
3181 2848 3300 2902 τόδε
3337 2848 3398 2901 τὸ
3433 2849 3530 2917 τῆς
3555 2850 3635 2911 εἰς

2059 2943 2222 3012 φύσιν
2248 2942 2494 3006 ένώσεως
2523 2942 2700 3012 δόγμα
2758 2940 3170 3010 διαξαινόμενον
3211 2940 3352 3002 κατὰ
3409 2939 3510 3010 τὴν
3547 2938 3635 2992 έν-

2057 3050 2230 3098 νοιαν,
2259 3026 2372 3086 οἷόν
2404 3033 2467 3085 τέ
2511 3032 2649 3096 ἐστι,
2699 3031 2841 3102 μήτε
2871 3029 3002 3100 ὑμῖν
3050 3029 3300 3093 δεκτέον,
3349 3030 3485 3099 μήτε
3530 3031 3636 3083 τινὶ

369 3117 796 3186 admittendum,
824 3122 1211 3193 nectcuiquam
1257 3123 1530 3178 divinitus
1555 3122 1950 3193 inspiratorum

2056 3127 2163 3182 τῶν
2200 3125 2476 3197 θεοφόρων
2509 3123 2721 3186 λεκτὸν,
2754 3124 2872 3185 πῶς
2896 3124 3042 3176 δσιον
3065 3120 3239 3186 οὕτως
3259 3120 3349 3175 διὰ
3380 3121 3480 3193 τὴν
3499 3122 3634 3176 ’ἐνωι

371 3208 692 3276 dicendum,
767 3215 1049 3282 quomodo
1117 3215 1329 3284 justum
1412 3216 1494 3270 sic
1563 3230 1663 3285 per
1742 3214 1955 3270 aduna-

374 3303 580 3358 tionem
605 3302 937 3376 simpliciter
989 3315 1087 3361 aut
1109 3307 1275 3362 etiam
1302 3307 1707 3371 exsistentiam,
1730 3305 1955 3360 unicam

371 3405 627 3449 naturam
660 3411 760 3452 vos
792 3400 1135 3467 praetexere?
1168 3399 1289 3454 Non
1343 3407 1656 3454 metuentes
1693 3399 1784 3468 pie
1811 3398 1958 3453 sicut

373 3485 703 3543 divisionem
726 3490 1176 3545 convenientium
1205 3491 1280 3545 ita
1303 3500 1361 3546 et
1378 3507 1569 3546 earum
1590 3490 1954 3545 mutationem

374 3588 431 3632 et
467 3579 851 3638 confusionem
889 3599 991 3653 per
1034 3581 1450 3654 imprudentem
1492 3597 1684 3637 vocem
1708 3583 1955 3638 subscri-

374 3667 508 3724 bere
526 3669 551 3724 ί

454 3762 672 3817 Etenim
699 3771 758 3819 et
785 3763 920 3821 illud
949 3781 1058 3821 non
1092 3782 1193 3821 vos
1236 3773 1551 3836 pratereat,
1591 3764 1739 3834 quod
1773 3763 1958 3819 accin-

376 3853 481 3908 ctis
504 3853 571 3907 ad
595 3855 866 3910 naturalia
888 3871 1032 3927 saepe
1059 3856 1175 3912 visa
1195 3871 1280 3910 οει
1301 3863 1359 3910 et
1387 3853 1774 3909 distinctarum
1805 3853 1955 3908 exsi-

352 3925 709 4001 'stentiarum
749 3925 1312 4018 eﬂ‘ectavquibusdam
1339 3945 1610 4000 naturalis
1649 3943 1953 3999 adunatio:

375 4043 534 4091 aceto
561 4038 850 4108 supposito
880 4050 1004 4110 post
1033 4055 1261 4109 parvum
1308 4038 1664 4093 intervallum
1724 4051 1799 4090 aes
1826 4049 1957 4104 sup-

374 4130 617 4200 positum
644 4131 826 4201 ipsum
857 4133 1083 4202 quidem
1126 4133 1333 4189 acescit
1361 4140 1524 4202 gustu
1576 4129 1953 4200 rubiginosus,

374 4230 434 4275 et
475 4221 699 4278 videtur
748 4224 1159 4294 quodammodo
1205 4225 1261 4280 in
1314 4222 1718 4293 compositione
1773 4219 1961 4275 made-

374 4311 582 4368 factum
626 4325 684 4371 et
729 4315 1012 4384 eil‘usum;
1068 4326 1287 4373 acetum
1333 4331 1468 4372 vero
1513 4312 1862 4370 convolvitur
1899 4312 1956 4366 in

376 4406 807 4462 crassitudinem
831 4410 1228 4464 condensatam
1247 4409 1301 4464 in
1322 4406 1785 4479 coagulationem,
1809 4418 1957 4458 ama-

2060 3237 2146 3276 σιν
2173 3219 2362 3282 ἁπλῶς
2391 3219 2426 3289 ἢ
2460 3217 2556 3272 καὶ
2607 3216 2708 3287 τὴν
2748 3214 3070 3280 ὑπόστασιν,
3131 3214 3232 3285 τὴν
3291 3213 3422 3284 μίαν
3474 3212 3639 3283 φύσιν

2061 3313 2208 3382 ὑμᾶς
2268 3307 2740 3382 προφασίζεσθαι;
2812 3307 2886 3377 μὴ
2953 3305 3337 3378 ὀρρωδοῦντας
3397 3305 3638 3368 εὐσεϐῶς

2058 3403 2248 3474 ῶσπερ
2267 3403 2366 3471 τὴν
2396 3401 2660 3472 διαίρεσιν
2684 3400 2794 3452 τῶν
2813 3398 3200 3460 συνελθόντων,
3226 3397 3396 3462 οὕτως
3421 3399 3516 3454 καὶ
3541 3399 3641 3471 τὴν

2059 3495 2268 3567 τροπὴν
2303 3493 2485 3548 αὐτῶν
2511 3491 2606 3545 καὶ
2639 3489 2922 3561 σύγχυσιν,
2973 3488 3064 3544 διὰ
3099 3489 3201 3560 τῆς
3232 3489 3640 3562 ἀπερισκέπτου

2061 3587 2245 3656 φωνῆς
2263 3583 2606 3654 ὑπογράφειν
2623 3599 2638 3649 ;

2133 3759 2245 3814 Καὶ
2274 3759 2383 3832 γὰρ
2407 3760 2629 3814 κάκεῖνο
2657 3760 2733 3833 μὴ
2763 3760 3027 3830 ἀγνοείτω
3062 3741 3233 3833 ὑμᾶς,
3258 3760 3335 3826 ὡς
3369 3763 3482 3824 τοῖς
3515 3762 3642 3831 περὶ

2063 3851 2272 3922 φυσικὰ
2292 3853 2770 3924 γεγυμνασμένοις
2811 3852 2968 3924 ὤφθη
3026 3852 3291 3917 πολλάκις
3317 3852 3412 3906 καὶ
3460 3852 3642 3908 διακε-

2061 3947 2340 4017 κριμένων
2389 3946 2499 4004 τῶν
2549 3947 2908 4004 ὑποστάσεων
2959 3948 3227 4021 γενομένη
3273 3948 3386 4002 τισὶ
3435 3949 3640 4022 φυσικὴ

2060 4035 2289 4100 ἓνωσιςο
2331 4035 2409 4106 τῷ
2437 4037 2546 4109 γὰρ
2570 4037 2682 4102 ὄξει
2715 4037 3066 4110 ὑποκειμένῳ
3095 4039 3153 4104 ἐξ
3205 4038 3391 4108 ὀλίγου
3419 4039 3642 4111 διαστή-

2065 4141 2235 4195 ματος
2273 4126 2634 4196 ὑποκείμενος
2676 4128 2894 4200 χαλκός,
2926 4129 3090 4193 αὐτὸς
3141 4131 3238 4199 μὲν
3287 4129 3537 4194 ὀξύνεταί
3581 4146 3642 4182 τε

2061 4214 2161 4286 τὴν
2188 4214 2376 4284 γεῦσιν
2411 4215 2678 4287 ἰούμενος,
2707 4218 2802 4272 καὶ
2826 4217 3111 4281 ὀπτίζεταί
3145 4234 3263 4281 πως
3303 4217 3405 4287 τὴν
3441 4216 3644 4271 σύστα-

2066 4323 2151 4360 σιν
2177 4306 2586 4379 ὲκδιαινόμενος
2615 4309 2712 4364 καὶ
2735 4308 3138 4380 ἀναχεόμενος*
3174 4306 3236 4361 τὸ
3273 4307 3331 4360 δὲ
3377 4306 3499 4372 ὅξος
3548 4324 3644 4361 συ-

2066 4397 2362 4470 στρέφεται
2388 4417 2450 4452 τε
2489 4401 2570 4464 εἰς
2599 4399 2891 4472 παχύτητα
2917 4398 3272 4470 γλοιούμενον
3296 4398 3399 4470 τὴν
3441 4397 3647 4454 σύστα-

376 4496 552 4552 rescit
600 4508 790 4565 gustu,
819 4509 876 4555 et
905 4501 1094 4571 aliquo
1124 4502 1288 4557 modo
1331 4478 1519 4557 colore
1563 4501 1860 4555 erubescit.
1890 4501 1951 4556 Et

2067 4507 2171 4558 σιν,
2219 4490 2572 4563 πικραίνεταί
2603 4509 2665 4546 τε
2714 4491 2814 4564 τὴν
2837 4491 3050 4562 γεῦσιν,
3103 4491 3198 4547 καὶ
3227 4489 3501 4561 ὲρυθαίνει
3531 4507 3646 4554 πως

375 4589 710 4659 simpliciter
751 4593 1060 4663 miscentur
1092 4593 1273 4663 quoad
1321 4594 1603 4649 naturales
1639 4594 1955 4660 qualitates,

374 4690 432 4734 et
463 4682 776 4750 separantia
810 4692 867 4739 et
903 4693 1155 4754 separata
1210 4684 1394 4753 quoad
1460 4686 1802 4756 bypostases.
1837 4686 1958 4741 Non

374 4787 508 4844 ergo
529 4774 796 4831 adunatio
819 4775 876 4830 in
899 4784 1157 4831 naturam
1186 4776 1567 4843 indivisibilis,
1589 4777 1957 4833 adunatorum

378 4864 545 4920 ﬁdem
575 4865 726 4934 facit,
759 4869 858 4924 sed
895 4877 1107 4923 tantum
1156 4867 1483 4923 mutationis
1513 4868 1731 4925 illorum
1763 4885 1961 4925 secun-

377 4954 511 5009 dum
541 4958 839 5013 essentiam
893 4959 948 5014 in
997 4958 1373 5014 ostensionem
1420 4960 1660 5014 sumitur
1702 4969 1760 5015 et
1811 4961 1960 5017 clare

375 5048 683 5120 cogitatur;
716 5050 855 5107 illud
885 5051 1036 5110 enim
1068 5051 1293 5122 proprie
1317 5051 1518 5107 exinde
1547 5053 1820 5122 sequitur.

451 5230 559 5287 Sed
583 5231 666 5288 sic
695 5231 920 5302 quidem
955 5231 1070 5296 illa,
1121 5237 1184 5285 ut
1212 5245 1282 5286 ex
1310 5229 1651 5287 abundantia
1697 5231 1960 5287 ostenda-

380 5338 508 5379 mus
554 5337 675 5388 vos,
724 5322 857 5392 quid
889 5335 994 5376 nec
1017 5321 1162 5377 hanc
1195 5320 1493 5376 absurdam
1547 5321 1836 5376 audaciam
1873 5319 1961 5375 di-

379 5414 582 5470 ctionis
603 5415 756 5485 juxta
788 5411 1078 5484 proprium
1114 5413 1394 5486 ingenium
1435 5413 1742 5480 habetis,ut
1785 5413 1961 5469 nostri

379 5506 676 5576 propiores
701 5505 1002 5573 accedatis,
1027 5516 1244 5563 tantum
1287 5523 1424 5564 vero
1451 5523 1552 5578 per
1595 5505 1961 5578 sympathiam

379 5600 676 5668 quamdam
704 5610 761 5654 et
788 5599 1198 5670 imprudentem
1250 5617 1460 5656 morem
1519 5609 1578 5655 et
1619 5601 1962 5668 inexpertem

380 5691 894 5764 priesumptionem,
930 5693 1021 5748 illa
1074 5711 1104 5749 a
1137 5694 1418 5764 primitiva
1463 5701 1518 5745 et
1578 5707 1704 5745 vera
1761 5691 1965 5760 pietate

385 5782 776 5853 abalienantia,
835 5795 890 5842 et
938 5786 1319 5845 hzeresiarcha:
1364 5785 1490 5839 farti
1544 5782 1896 5854 sejungimini
1936 5802 1963 5834 τι

2060 4584 2123 4636 τὸ
2171 4583 2397 4655 χρῶμαο
2430 4583 2528 4638 καὶ
2572 4583 2764 4648 ἁπλῶς
2797 4584 3207 4656 ἀντικίρνανται
3261 4583 3361 4647 τὰς
3407 4582 3644 4652 φυσικὰς

2062 4675 2375 4744 ποιότητας,
2409 4676 2504 4729 καὶ
2531 4675 2794 4730 διεστῶτά
2811 4693 2871 4728 τε
2901 4675 2996 4730 καὶ
3017 4675 3354 4746 διωρισμένα
3388 4673 3486 4739 τὰς
3515 4675 3648 4728 ὑπο-

2063 4769 2316 4832 στάσειςο
2351 4769 2452 4824 οὐκ
2478 4771 2588 4840 ἄρα
2616 4765 2710 4825 οὖν
2745 4771 2778 4839 ἡ
2812 4771 2893 4834 εἰς
2921 4769 3084 4840 φύσιν
3110 4769 3304 4833 ἓνωσις
3339 4769 3438 4822 τοῦ
3474 4769 3647 4823 ἀδιαι-

2063 4861 2244 4936 ρέτου,
2285 4862 2394 4916 τῶν
2439 4862 2749 4917 ἑνωθέντων
2795 4863 3083 4931 πίστωσις,
3133 4862 3272 4917 ἀλλά
3333 4862 3498 4932 μόνον
3546 4861 3644 4931 τῆς

2063 4957 2185 5010 κατ’
2206 4957 2396 5010 οὐσίαν
2421 4956 2762 5020 ἀλλοιώσεως
2805 4955 2987 5010 αὑτῶν
3049 4958 3130 5019 εἰς
3162 4955 3330 5022 δεῖξιν
3373 4956 3646 5028 λαμϐάνε-

2060 5066 2153 5102 ται
2199 5051 2295 5104 καὶ
2358 5052 2559 5104 νοεῖται
2614 5049 2835 5118 σαφῶς·
2886 5050 3052 5104 τοῦτο
3089 5049 3200 5121 γὰρ
3255 5049 3403 5118 ἰδίως
3455 5050 3648 5104 ἕπεται

2062 5141 2210 5196 τῢδε.

2149 5231 2288 5284 Ἀλλ’
2329 5230 2504 5291 οὕτως
2541 5232 2641 5301 μὲν
2685 5233 2837 5298 τάδε,
2874 5232 2963 5287 ἵνα
3015 5235 3081 5287 ὲκ
3120 5233 3445 5304 περιουσίας
3502 5234 3649 5305 ὑμᾶς

2062 5323 2350 5393 δείξωμεν,
2397 5323 2473 5387 ὡς
2497 5324 2618 5377 οὐδὲ
2663 5326 2822 5389 τήνδε
2851 5327 2952 5394 τὴν
2997 5326 3192 5395 ἄλογον
3246 5327 3500 5396 ἀφορμὴν
3551 5325 3649 5395 τῆς

2064 5417 2411 5480 ταυτολεξίας
2458 5415 2608 5486 ἔχετε
2643 5417 2722 5480 εἰς
2753 5417 2852 5486 τὴν
2877 5418 3106 5482 διένεξιν
3145 5418 3247 5488 τὴν
3287 5418 3425 5488 πρὸς
3476 5419 3649 5489 ἡμᾶς.

2071 5510 2228 5578 μόνον
2252 5508 2309 5562 δὲ
2333 5509 2422 5562 διά
2451 5525 2572 5561 τινα
2603 5509 2985 5579 προσπάθειαν
3030 5510 3124 5561 καὶ
3185 5509 3473 5575 ἀλόγιστον
3526 5525 3650 5560 συν-

2066 5601 2255 5670 ήθειαν
2284 5600 2378 5652 καὶ
2403 5599 2763 5653 ἀϐασάνιστον
2796 5599 3067 5670 πρόληψιν
3103 5601 3231 5671 περὶ
3265 5599 3360 5652 τοῦ
3413 5599 3652 5669 ἀρχῆθεν

2067 5695 2164 5761 τῆς
2184 5691 2418 5761 ἀληθοῦς
2441 5690 2725 5754 εὐσεϐείας
2764 5692 3194 5763 ἀποδεδρακότα,
3230 5696 3324 5745 καὶ
3374 5694 3649 5761 αἱρεσιαρ-

2071 5785 2337 5854 χὴσαντές
2371 5785 2525 5854 ὑμεῖς
2558 5783 2884 5853 ἀφορίζεσθε
2940 5783 3118 5854 ἡμῶν,
3155 5786 3184 5855 ἦ
3382 5785 3584 5854 βίῧλον,
3619 5783 3652 5851 ἦ
