4034 6408
296 372 422 438 1817

1464 388 1757 451 CONTRA
1801 390 2397 457 MONOPHYSITAS.

3421 400 3555 465 1818

287 487 692 590 τοὺςγραῗέας
721 493 1096 563 χορηγοῦντες
1128 497 1285 567 ὑμεῖς
1310 499 1732 576 μὴοὰποκάμητε
1749 520 1762 533 ·
1788 506 1866 560 κα¹

1986 510 2170 577 nobis,
2197 520 2293 565 aut
2344 512 2573 567 bibliam
2619 522 2714 569 aut
2768 516 3070 586 scriptores
3110 517 3398 590 dirigendo
3458 538 3555 577 vos

284 579 377 631 οὐκ
403 578 756 649 ἑκλείψωμεν
778 584 910 654 ὑμῖν
934 586 1025 639 διὰ
1053 587 1170 657 βίου
1199 592 1401 655 παντὸς
1422 594 1705 665 Πατρικὰς
1727 599 1870 669 χρή-

284 684 392 731 σεις
419 672 855 737 κατεπάδοντες,
894 676 982 729 ἵνα
1009 679 1106 730 τοῦ
1134 680 1270 751 πρὸς
1302 686 1452 754 ἡμᾶς
1491 688 1870 758 ἀγριαίνεσθαι

283 759 779 827 ὑποθωπεύσαντες
830 769 1297 842 καταπαύσωμεν.

345 849 488 902 Εἰδὲ
510 852 606 904 καὶ
634 853 796 908 τοῦτο
818 855 951 927 ὑμῖν
984 862 1261 929 φορτικὸν,
1324 864 1446 917 ὅσον
1480 865 1544 918 ἐκ
1578 867 1869 939 προχείρου

275 940 465 1008 ἀρκεῖν
489 944 587 994 καὶ
614 945 699 1002 εἰς
734 945 1058 1019 σύμμετρον
1086 951 1310 1021 ἔλεγχον
1344 954 1714 1026 ἀποχρώντως
1731 958 1868 1027 ἔχει,

274 1030 410 1092 τέως
467 1034 871 1108 παραθήσομεν
932 1042 1083 1110 ὑμῖν.
1139 1046 1199 1097 οὐ
1240 1047 1401 1117 μόνον
1462 1046 1570 1101 τῶν
1601 1049 1871 1119 ἐκκρίτων

272 1120 433 1190 ήμῶν
462 1123 736 1194 Πατέρων
763 1131 1098 1203 μαρτυρξαις
1123 1133 1501 1199 δυσωποῦντες
1542 1137 1741 1191 εἰδέναι
1771 1139 1868 1209 φύ-

277 1229 389 1275 σεις
438 1214 538 1267 ἐπὶ
566 1216 665 1269 τοῦ
721 1221 932 1291 Κυρίου
983 1225 1301 1296 σωζομένοις
1354 1229 1491 1298 μετὰ
1521 1231 1620 1299 τὴν
1651 1230 1866 1297 ἕνωσιν,

274 1305 410 1359 ἀλλὰ
457 1308 561 1360 καὶ
628 1310 738 1362 τῶν
773 1312 1061 1386 ὑμετέρων
1123 1317 1520 1389 καθηγεμόνων
1575 1322 1869 1391 ὁμολογίας

274 1396 403 1467 περὶ
435 1399 642 1454 τούτου
662 1403 1003 1472 προάγοντες
1023 1424 1036 1436 ·
1059 1409 1108 1461 εἰ
1140 1407 1218 1473 δὲ,
1252 1409 1329 1471 ὡς
1361 1409 1483 1474 ἔθος
1507 1411 1636 1481 ὑμῖν
1670 1412 1870 1466 πολλά-

273 1504 377 1552 κις,
422 1490 854 1558 γελωτοποιεῖτε
909 1498 1006 1551 καὶ
1063 1502 1201 1570 πρὸς
1226 1503 1399 1556 ταῦτα
1451 1504 1871 1574 ὲφευρίσκοντες

269 1578 474 1647 λέγειν,
506 1582 587 1645 ὡς
611 1585 834 1655 ἀληθῶς
868 1588 1060 1656 φύσεις
1104 1592 1203 1660 μὲν
1236 1594 1506 1663 εἴρηνται,
1545 1594 1662 1647 ἀλλ’
1690 1596 1751 1648 οὐ
1775 1595 1870 1649 δύο

1978 616 2089 654 non
2122 601 2394 656 insudatis
2441 620 2456 669 ;
2486 618 2591 657 nec
2622 604 2782 659 vobis
2819 605 3195 674 relinquamus
3243 622 3343 677 per
3384 617 3552 662 totam

1976 692 2148 746 vitam
2176 693 2401 747 Patrum
2414 710 2702 751 sermones
2730 697 3158 766 permulcentes,
3190 706 3246 752 et
3268 698 3556 755 blandien-

1978 794 2062 839 tes
2104 785 2173 839 ab
2216 787 2588 841 exulcerando
2625 788 2679 843 in
2724 804 2846 853 nos,
2891 790 2947 843 in
2990 806 3125 859 pace
3175 793 3551 861 quiescamus.

2049 876 2106 932 Si
2141 893 2275 933 vero
2307 879 2473 933 etiam
2507 880 2637 934 illud
2662 881 2820 935 vobis
2854 881 3252 954 importunum,
3286 892 3553 953 quantum

1977 967 2213 1023 faciliter
2241 968 2373 1024 satis
2398 984 2519 1024 esse
2547 981 2603 1024 et
2628 971 2683 1024 in
2712 971 2967 1026 idoneam
2998 973 3378 1042 probationem
3404 974 3554 1029 sulli-

1977 1058 2129 1113 ciens
2159 1068 2264 1124 est,
2300 1060 2479 1129 primo
2502 1060 2800 1116 oﬂ‘cremus
2826 1062 2983 1117 vobis
3009 1079 3119 1119 non
3150 1065 3326 1133 solum
3349 1066 3555 1120 electo-

1978 1167 2100 1205 rum
2130 1151 2353 1206 Patrum
2384 1159 2701 1206 nostrorum
2734 1154 3066 1209 testimoniis
3097 1170 3222 1209 cum
3251 1154 3551 1211 difﬁdentia
3603 1193 3609 1198 ς

1976 1239 2245 1295 habentes
2277 1249 2503 1297 naturas
2527 1243 2673 1297 circa
2712 1243 3006 1297 Dominum
3038 1245 3180 1299 scire
3222 1246 3552 1301 salviﬁcatas

1975 1338 2103 1397 post
2132 1328 2546 1395 adunationem,
2582 1332 2680 1386 sed
2727 1341 2783 1388 et
2832 1342 3144 1388 vestrorum
3181 1335 3382 1389 dueum
3415 1353 3547 1390 eon-

1975 1417 2245 1473 l‘essiones
2280 1419 2349 1474 de
2402 1421 2510 1475 hoc
2545 1420 2917 1490 proferemus.
2956 1422 3015 1479 Si
3046 1440 3196 1490 vero,
3223 1426 3364 1480 sicut
3393 1426 3552 1482 vobis

1975 1520 2118 1576 saepe
2147 1521 2268 1562 mos
2316 1515 2424 1573 est,
2472 1508 2722 1574 rideatis,
2772 1518 2828 1563 et
2897 1511 2964 1566 ad
3027 1513 3134 1570 hoc
3175 1514 3552 1585 excogitantes

1975 1597 2163 1653 dicere
2207 1598 2355 1667 quod
2409 1614 2540 1654 vere
2589 1608 2801 1656 natura:
2848 1601 3072 1672 quidem
3122 1603 3404 1668 dicentur,
3454 1606 3551 1660 sed

272 1671 414 1739 μετά
441 1673 549 1742 τὴν
574 1673 777 1729 ἕνωσιν
807 1679 902 1731 ἐπὶ
930 1680 1025 1732 τοῦ
1060 1683 1287 1752 Κυρίου,
1320 1685 1448 1754 ὑμῖν
1475 1686 1866 1757 ἐγκαταλείψο-

1974 1704 2086 1743 non
2131 1688 2242 1743 dno
2283 1699 2407 1758 post
2457 1671 2959 1745 adunationemﬂde
2997 1689 3239 1757 Christo,
3270 1693 3432 1748 vobis
3461 1709 3550 1747 re-

271 1780 373 1831 μεν
394 1764 460 1818 τὸ
482 1765 680 1821 λοιπὸν
700 1768 978 1824 διδάσκειν
1002 1773 1148 1842 ἡμᾶς
1178 1775 1309 1840 ὅσας
1339 1775 1458 1830 δέον
1483 1779 1645 1831 τάσδε
1700 1783 1864 1847 νοεῖν,

1977 1780 2223 1835 manebit
2257 1788 2318 1834 ut
2367 1780 2645 1850 reliquum
2689 1780 2937 1837 doceatis
2979 1797 3100 1847 nos,
3149 1794 3285 1852 quot
3333 1791 3553 1853 oportet

267 1854 429 1926 εἴπερ
457 1857 576 1928 ἄρα
599 1859 704 1929 τὴν
746 1860 1138 1929 φύσινταυτδν
1171 1866 1286 1920 ἴστε
1316 1862 1456 1922 εἶναι
1499 1871 1601 1922 καὶ
1621 1870 1721 1933 τὰς
1768 1870 1866 1940 φύ-

1976 1874 2076 1928 has
2119 1873 2378 1943 cogitare,
2414 1873 2461 1927 si
2491 1887 2625 1942 ergo
2654 1882 2907 1928 naturam
2944 1872 3123 1942 ipsum
3170 1874 3324 1929 scitis
3349 1889 3470 1929 esse
3496 1884 3553 1927 et

268 1963 408 2013 σεις,
439 1951 593 2005 κατὰ
618 1968 681 2021 γε
718 1953 784 2007 τὸ
812 1956 982 2023 ποσὸν
1009 1956 1282 2028 νοούμενα
1300 1976 1313 1990 ⁸
1353 1961 1474 2015 οὐδὲ
1495 1960 1605 2033 γὰρ
1654 1963 1866 2033 τοιῆσδε

1978 1972 2224 2028 naturas,
2249 1962 2477 2018 relative
2504 1962 2572 2017 ad
2595 1963 2961 2033 quantitatem
2987 1963 3243 2034 cogitata.
3272 1965 3385 2019 Nec
3399 1965 3550 2019 enim

266 2040 517 2108 ἀμαθίας
577 2044 928 2113 κατάγνωσιν
980 2048 1176 2120 φέρετε
1199 2093 1213 2117 ,
1270 2052 1345 2123 μὴ
1393 2052 1764 2126 διακρίνοντες
1808 2057 1866 2110 τὸ

1978 2066 2142 2112 tantae
2171 2055 2578 2111 damnationem
2629 2055 2877 2110 toleratis
2926 2056 3266 2127 ignorantiae,
3300 2057 3550 2127 singula-

268 2131 453 2184 ἑνικὸν
473 2134 589 2186 ἀπὸ
612 2135 712 2188 τοῦ
743 2135 1135 2207 πληθυντικοῦ,
1167 2142 1227 2206 ἐξ
1255 2143 1503 2215 ἀνάγκης
1525 2145 1558 2216 ἢ
1597 2145 1813 2211 πλείους
1834 2148 1865 2219 ἢ

1977 2147 2197 2200 ritatem
2238 2160 2267 2197 a
2301 2143 2614 2214 pluralitate
2645 2158 2756 2198 non
2788 2142 3190 2208 discernentes,
3236 2145 3552 2199 necessario

266 2222 366 2276 δύο
391 2224 522 2292 τόγε
550 2225 839 2297 ἐλάχιστον
867 2228 1071 2284 δώσετε
1099 2227 1240 2287 εἶναι
1266 2234 1428 2289 τάσδε
1468 2234 1546 2306 τῷ
1595 2237 1746 2309 ποσῷ
1771 2238 1866 2302 τὰς

1975 2236 2091 2290 sive
2123 2235 2310 2305 plures
2337 2234 2453 2289 sive
2481 2233 2620 2288 duas
2643 2232 2712 2287 ad
2741 2232 3030 2287 minimum
3059 2248 3182 2288 esse
3205 2234 3409 2288 dabitis
3431 2234 3554 2288 illas

268 2314 496 2379 ἐνούσας
526 2318 776 2389 Χριστῷ,
804 2321 902 2376 καὶ
933 2321 1099 2395 οὔσας
1126 2325 1384 2397 Χριστὸν,
1420 2327 1517 2381 καὶ
1542 2330 1601 2382 ἐν
1636 2325 1724 2394 αἷς
1752 2333 1866 2385 ἐστι

1976 2331 2033 2383 in
2064 2327 2374 2399 quantitate
2422 2325 2752 2382 exsistentes
2800 2326 2857 2379 in
2897 2324 3118 2381 Christo
3167 2332 3225 2380 et
3253 2324 3553 2381 efﬁcientes

270 2405 508 2475 Χριστός
530 2422 545 2436 ·
578 2410 645 2461 ὲκ
677 2408 771 2462 δύο
798 2411 907 2482 γὰρ
939 2414 1033 2466 καὶ
1060 2414 1220 2483 μόνον
1246 2417 1535 2484 ἀτρέπτων
1554 2419 1647 2472 καὶ
1669 2420 1866 2490 ἀμειώ-

1973 2418 2280 2483 Christum,
2304 2424 2361 2472 et
2383 2417 2440 2470 in
2465 2415 2668 2486 quibus
2693 2423 2779 2470 est
2796 2414 3071 2470 Christus.
3096 2415 3139 2469 E
3163 2415 3380 2470 duobus
3401 2417 3549 2470 enim

267 2515 378 2551 των
444 2500 545 2553 καὶ
586 2502 620 2571 ἡ
681 2502 877 2567 ἓνωσις
908 2506 1145 2583 Χριττοῦ
1201 2507 1536 2583 ὡμολόγητο
1587 2514 1682 2565 καὶ
1735 2515 1866 2583 ὑμῖν

1973 2520 2030 2564 et
2069 2517 2280 2563 tantum
2325 2506 2764 2562 innuutabilibus
2792 2517 2850 2561 et
2877 2506 3165 2576 completis
3206 2514 3260 2560 et
3290 2506 3554 2560 adUnatio

271 2592 363 2645 καὶ
383 2593 557 2662 ἡμῖν·
599 2593 745 2664 πλὴν
775 2595 869 2649 καὶ
896 2596 990 2650 δύο
1023 2580 1205 2668 ῥητῶς
1250 2580 1513 2670 λέγοντας
1564 2580 1866 2676 δείξωμεν·

1972 2600 2181 2655 Christi
2213 2600 2269 2654 in
2297 2599 2550 2655 confesso
2573 2606 2631 2652 et
2659 2598 2822 2653 nobis
2849 2607 2906 2653 et
2938 2598 3097 2677 vobis
3118 2605 3258 2652 erat.
3295 2600 3552 2653 Attamen

268 2684 329 2738 οὗ
364 2685 533 2754 μόνον
585 2686 644 2739 δὲ
704 2686 884 2750 τοῦτο,
938 2690 1073 2743 ἀλλὰ
1128 2692 1223 2745 καὶ
1274 2694 1376 2764 τὴν
1437 2696 1865 2770 ἀντιλεγομένην

1973 2703 2030 2750 ct
2068 2695 2209 2750 duos
2241 2692 2306 2747 ad
2344 2693 2581 2747 litteram
2630 2702 2970 2762 exponentes
3007 2691 3395 2757 ostendemus;
3438 2707 3550 2745 non

271 2776 400 2844 ἡμῖν
433 2775 571 2847 μίαν
606 2774 794 2845 φύειν,
824 2780 894 2849 ἦν
924 2798 1089 2849 φασιν
1119 2782 1248 2848 οἶδε,
1274 2785 1559 2855 προδήλως
1606 2788 1865 2842 ἀποδοκμ

1974 2788 2152 2842 solum
2187 2794 2371 2840 autem
2406 2784 2563 2850 illud,
2611 2784 2708 2840 sed
2756 2794 2811 2840 et
2859 2793 3273 2838 controversam
3320 2799 3351 2836 a
3395 2781 3553 2838 vobis
3598 2792 3603 2796 ‘

272 2868 573 2936 μὰζοντας,
612 2869 705 2922 ἵνα
742 2871 906 2941 μηδὲν
927 2873 1060 2944 ἡμῖν
1087 2876 1166 2938 εἰς
1201 2876 1501 2941 παντελοῦς
1550 2879 1866 2951 ἀνατροπῆς

1974 2879 2189 2935 unicam
2218 2888 2474 2931 naturam
2515 2892 2677 2946 quam
2731 2875 2921 2929 dicunt
2967 2874 3057 2929 isti
3108 2873 3398 2927 manifeste
3446 2873 3550 2926 im-

271 2960 463 3028 χρείαν
492 2960 862 3032 ὑπολείπηται
892 2964 1031 3034 πρὸς
1072 2966 1271 3031 αὐτούς
1292 2984 1307 2998 ·
1340 2970 1562 3040 πρῶτον
1618 2972 1718 3041 μὲν
1773 2969 1866 3026 οὖν

1974 2970 2294 3040 probantes,
2328 2976 2388 3022 ut
2413 2967 2548 3021 nihil
2585 2983 2615 3021 a
2644 2967 2804 3021 nobis
2834 2964 3168 3036 imperfectae
3197 2963 3552 3018 refutationis

269 3052 394 3114 τοὺς
424 3053 599 3105 οἱονεὶ
617 3053 1038 3122 ύπογραφικοὺς
1070 3057 1330 3128 ὁρισμοὺς
1352 3060 1591 3131 Χριστοῦ
1624 3062 1729 3115 ὑπὸ
1758 3062 1866 3116 τῶν

1973 3076 2138 3132 opere
2194 3060 2338 3115 desit
2389 3075 2518 3130 erga
2580 3058 2746 3128 ipsos.
2784 3058 3029 3112 Primum
3077 3055 3300 3127 quidem
3341 3054 3550 3111 Christi

272 3144 539 3215 Πατέρων
612 3146 944 3217 εἰρημένους
1006 3148 1338 3204 ἀκουστέον·
1398 3154 1532 3222 φασὶ
1601 3156 1710 3227 γὰρ
1770 3155 1866 3209 οὗ·

1973 3152 2325 3209 deﬁnitiones
2350 3151 2507 3222 quasi
2543 3150 2868 3207 summarias
2894 3166 2924 3204 a
2950 3149 3206 3204 Patribus
3237 3148 3414 3203 dictas
3448 3163 3550 3203 au-

271 3247 397 3298 τως⁶
1895 3214 1936 3271 c
1969 3246 2103 3302 dere
2137 3252 2252 3313 est;
2278 3246 2474 3301 dicunt
2491 3245 2638 3301 enim
2669 3243 2782 3299 sic:

280 3417 348 3473 Π
392 3412 578 3470 ΕΣΤΙ
625 3417 1017 3472 ΧΡΙΣΤοΣο
1069 3422 1617 3476 ΠΡΟΣΚΥΝΗΤΟΣ
1647 3424 1859 3478 ΗΜΙΝ.

896 3533 957 3589 Ἀ
964 3535 1283 3592 θανασιου.

344 3670 365 3704 α
392 3651 533 3716 Θεδς
573 3651 674 3705 καὶ
692 3650 980 3723 ἄνθρωπος
1004 3653 1032 3705 ὁ
1062 3651 1245 3717 αὐτὸς,
1286 3648 1366 3717 εἷς
1394 3629 1480 3706 ὢν
1520 3652 1645 3707 καθ’
1690 3650 1869 3723 ὕπαρ-

276 3744 372 3810 ξιν,
402 3744 679 3814 ἀνελλιπῆ
711 3743 779 3798 τὰ
805 3744 1068 3815 ἑκάτερα.
1102 3763 1122 3797 ι
1149 3744 1215 3797 Τί
1235 3745 1292 3799 δέ
1324 3746 1442 3799 ἐστι
1475 3745 1604 3801 τάδε
1631 3745 1700 3798 τὰ
1730 3745 1866 3800 ἑκά-

2007 3426 2181 3493 QUID
2215 3426 2347 3481 EST
2376 3422 2715 3481 CHRISTUS
2745 3420 3167 3476 ADORANDUS
3200 3421 3240 3475 A
3277 3420 3505 3475 NOBIS.

2605 3537 2910 3593 Athanasii.

2050 3674 2068 3707 ‹
2101 3656 2246 3710 Deus
2288 3661 2345 3708 et
2376 3654 2542 3708 homo
2568 3650 2734 3714 idem,
2783 3664 2927 3704 unus
2972 3657 3194 3703 cxstans
3247 3645 3550 3703 secundum

1971 3745 2383 3810 exsistentiam,
2436 3742 2681 3815 perfecta
2730 3752 2987 3813 utraque.
3014 3761 3032 3793 ι
3074 3741 3215 3807 Quid
3250 3755 3381 3796 vero
3421 3747 3552 3794 sunt

271 3853 427 3907 τερα,
468 3838 571 3891 καὶ
600 3834 656 3891 τί
676 3835 811 3901 Θεὸς
840 3838 936 3889 καὶ
964 3835 1272 3907 ἄνθρωπος,
1295 3835 1493 3891 εἴπατε
1531 3838 1581 3891 ει
1607 3834 1803 3908 φύσεις
1828 3835 1863 3906 ἢ

1972 3841 2090 3897 haec
2121 3848 2374 3909 utraque,
2416 3848 2472 3892 et
2517 3836 2647 3906 quid
2695 3836 2840 3890 Deus
2868 3843 2924 3890 et
2952 3833 3139 3899 homo,
3171 3831 3337 3887 dicite
3371 3830 3417 3885 si
3454 3845 3551 3883 na-

373 3928 426 3980 i:

273 3928 391 3998 οὐχί
411 3946 428 3997 ;

903 4020 1248 4075 Βασιλείου.

345 4129 366 4164 ι
399 4109 613 4183 Θεότης
636 4108 869 4181 ἐμψύχῳ
895 4111 1062 4183 σαρκὶ
1088 4110 1431 4182 κεχρημένη.
1464 4129 1483 4162 ι

896 4223 1019 4295 Γρη
1028 4222 1252 4292 γοριου.

350 4332 371 4365 ι
399 4310 586 4381 Καινὴ
631 4310 803 4382 μίξις,
843 4311 976 4375 Θεὸς
1004 4311 1099 4365 καὶ
1124 4310 1435 4383 ἄνθρωπος,
1466 4309 1524 4365 ἓν
1542 4310 1602 4376 ἐξ
1626 4311 1869 4383 ἀμφοῖν,’

278 4406 375 4459 καὶ
404 4406 474 4459 δι’
501 4404 627 4468 ἑνὸς
645 4402 961 4475 ἀμφότερα.
1004 4420 1024 4454 ›

910 4512 1024 4568 Τοῦ
1051 4515 1258 4570 αὐτοῦ.

350 4626 369 4659 ι
404 4607 627 4679 Epist;
655 4604 793 4661 Θεοῦ
817 4607 913 4661 καὶ
947 4606 1172 4677 σαρκὸς,
1196 4605 1286 4661 διὰ
1337 4604 1510 4678 μέσης
1530 4606 1711 4679 ψυχῆς
1743 4625 1861 4663 νοε-

275 4700 400 4767 ρᾶς,
428 4697 829 4770 μεσιτευούσης
861 4698 1077 4766 θεότητι
1103 4697 1196 4753 καὶ
1227 4698 1429 4770 σαρκὸς
1460 4698 1757 4770 παχύτητι.
1791 4729 1864 4742 -—

287 4789 347 4843 '0
380 4790 515 4853 Υἱδς
562 4787 702 4842 Θεοῦ
734 4788 831 4854 ὣν,
876 4790 972 4844 καὶ
1017 4789 1145 4854 Υἱὸς
1203 4773 1496 4859 ἀνθρώπου
1545 4790 1860 4860 γενόμενος,

272 4880 447 4950 ᾶμςω
476 4873 561 4942 εἷς
594 4879 728 4942 Υἱὸς
759 4881 853 4933 καὶ
879 4879 1034 4943 Θεὸς,
1060 4878 1157 4933 τοῦ
1193 4878 1504 4950 κρείττονος
1526 4880 1860 4950 ὲκνικήσαν-

269 4989 384 5035 τος.
445 4990 467 5023 ι
536 4970 730 5026 Ἔστιν
790 4971 901 5042 ἄρα
954 4970 1015 5023 τὺ
1057 4970 1282 5042 νικηθὲν
1347 4970 1445 5025 καὶ
1490 4970 1552 5023 τὸ
1604 4971 1862 5042 νικῆσαν.

272 5094 348 5107 -
376 5082 397 5114 c
447 5062 839 5133 Ἀνθρωπότης
866 5061 1154 5133 χρισθείσα
1183 5062 1421 5133 Θεότητι,
1459 5061 1558 5118 καὶ
1598 5061 1864 5135 γενομένη

269 5155 417 5224 ὅπερ
448 5154 514 5207 τὸ
541 5154 760 5224 χρίσαν,
787 5153 881 5207 καὶ
910 5147 1024 5205 οἷον
1058 5154 1233 5206 εἰπεῖν
1263 5152 1515 5225 ὁμόθεος.
1537 5172 1557 5207 ι

918 5268 973 5320 Κ
973 5266 1247 5334 ι’ριλλου.

349 5376 370 5408 ι
409 5354 509 5420 Εἷς
539 5355 718 5418 ὁΘεδς
736 5354 834 5410 καὶ
864 5355 1176 5428 ἄνθρωπος.
1209 5359 1238 5411 ὁ
1262 5356 1425 5421 αὐτὸς
1447 5356 1609 5411 τοῦτο
1639 5358 1863 5411 κάκεῖνο

274 5449 546 5522 ὑπάρχων
578 5465 638 5501 τε
674 5449 770 5502 καὶ
814 5446 1125 5518 νοούμενος.
1170 5478 1244 5490 —-
1287 5450 1348 5503 Ὀ
1384 5449 1480 5503 τοῦ
1531 5448 1667 5502 Θεοῦ
1694 5449 1865 5517 Λόγος

276 5541 371 5593 καὶ
394 5540 530 5602 Υἱὸς
560 5537 991 5609 ἐνανθρωπὴσας
1038 5539 1136 5592 καὶ
1176 5540 1706 5611 σεσαρκωμένοςη-
1736 5538 1870 5601 Θεὸς

276 5630 333 5681 ὲν
355 5626 667 5698 προσλήψει
691 5627 893 5696 σαρκὸς
914 5644 997 5679 νοε
1008 5626 1116 5699 ρῶς
1141 5626 1520 5698 ὲψυχωμὲνης,
1572 5626 1870 5696 εὐδοκήσας

280 5721 541 5791 γενέσθαι
564 5719 663 5773 καὶ
690 5718 1195 5790 ἄνθρωπος-Μία
1219 5721 1379 5789 φύσις
1401 5721 1496 5774 τοῦ
1527 5720 1663 5773 Θεοῦ
1694 5722 1868 5791 Λόγου

282 5808 705 5882 σεσαρκωμένη.
746 5827 764 5859 ι

1894 4537 1949 4597 D

1972 3942 2112 3987 tum
2140 3938 2270 3986 sunt
2294 3936 2394 3984 aut
2415 3928 2565 3983 non?

2652 4016 2859 4071 Basilii.

2048 4133 2067 4167 ι
2089 4111 2359 4169 Divinitas
2389 4109 2632 4165 animata
2660 4123 2828 4164 carne
2863 4116 3047 4164 utens.
3074 4126 3093 4161 ι

2633 4217 2895 4289 Gregorii.

2049 4334 2068 4366 ι
2090 4313 2241 4369 Nova
2284 4310 2594 4367 commistio
2624 4311 2771 4365 Deus
2796 4318 2852 4365 et
2887 4309 3076 4375 homo,
3108 4321 3283 4364 unum
3326 4321 3398 4362 ex
3424 4321 3550 4362 am-

1971 4407 2172 4474 bobus,
2190 4414 2246 4461 et
2274 4420 2375 4474 per
2405 4417 2575 4458 unum
2610 4410 2869 4472 utraque.
2894 4420 2914 4454 ι

2627 4512 2899 4584 Ejusdem.

2042 4607 2404 4668 «Commistio
2460 4606 2558 4661 Dei
2603 4614 2660 4659 et
2696 4604 2902 4669 carnis,
2932 4619 3034 4674 per
3068 4601 3313 4659 medium
3353 4600 3553 4656 animae

1964 4695 2622 4774 spiritualis'mediantis
2674 4695 2822 4750 inter
2867 4693 3212 4749 divinitatem
3259 4700 3316 4747 et
3364 4691 3555 4747 carnis

1964 4791 2410 4851 crassitudinem.
2431 4788 2602 4844 Filius
2619 4786 2715 4842 Dei
2739 4786 3010 4842 exsistens
3035 4793 3094 4840 et
3116 4783 3290 4838 Filius
3311 4780 3557 4837 hominis

1964 4883 2164 4948 factus,
2181 4881 2344 4936 ambo
2366 4882 2509 4934 otius
2530 4876 2703 4932 Filius
2721 4884 2775 4931 et
2798 4876 2963 4941 Deus,
2978 4872 3206 4927 meliore
3226 4872 3504 4926 vincente.
3524 4888 3548 4923 ι

1965 4974 2064 5029 Est
2080 4987 2210 5043 ergo
2229 4970 2436 5025 victum
2463 4977 2521 5024 et
2545 4967 2894 5023 vincens.—c
2919 4963 3202 5020 Divinitati
3224 4971 3550 5019 consecrata

1966 5065 2283 5121 humanitas
2323 5070 2380 5119 et
2411 5061 2553 5117 facta
2576 5060 2722 5130 quod
2761 5066 2846 5114 est
2892 5071 3243 5122 consecrare,
3271 5062 3352 5123 et,
3388 5062 3451 5110 ut
3477 5054 3552 5109 ita

1969 5158 2170 5223 dicam,
2211 5154 2468 5210 similiter
2494 5153 2659 5208 Deus.
2684 5169 2702 5203 ι

2744 5260 2876 5316 riui.

2744 5261 2876 5316 riui.
3372 5262 3379 5268 ”

2048 5356 2242 5412 «Unus
2278 5355 2422 5411 Deus
2470 5364 2527 5410 ct
2575 5261 2763 5420 horiig,
2815 5352 2958 5408 idem
3009 5350 3145 5407 illud
3193 5349 3463 5406 exsistcns
3498 5360 3555 5404 et

1970 5446 2459 5518 cogitatus—Dei
2500 5446 2742 5523 Verbum
2767 5453 2823 5501 et
2849 5444 3021 5499 Filius
3054 5444 3150 5514 qui
3182 5444 3417 5498 formam
3450 5436 3555 5496 ho-

1970 5541 2136 5596 minis
2161 5539 2342 5594 induit
2388 5548 2444 5595 et
2496 5540 2818 5594 incarnatus
2857 5546 3042 5592 est.-—
3068 5538 3215 5592 Deus
3252 5536 3313 5591 ‘in
3355 5536 3553 5605 adjun—

1971 5631 2157 5685 ctione
2199 5630 2383 5685 carnis
2419 5630 2783 5700 spiritualitcr
2826 5629 3082 5683 animalia
3103 5628 3191 5683 cui
3239 5626 3555 5697 beneplaci-

1974 5731 2088 5775 tum
2136 5731 2222 5776 est
2267 5721 2545 5776 hominem
2597 5720 2950 5775 ficri—Una
3002 5728 3195 5772 natura
3243 5717 3337 5773 Dei
3388 5714 3552 5771 Verbi

1976 5813 2281 5868 incarnata.
2313 5830 2329 5863 ι
