4034 6404
501 433 637 499 1319

498 638 589 707 qui
624 638 750 691 talia
789 638 1079 702 deﬁniunt,
1118 637 1393 708 quomodo
1422 654 1529 693 non
1561 640 1724 694 ambo
1746 641 2080 695 convenien-

503 734 575 787 tia
633 733 688 786 in
731 733 953 788 Christo
991 740 1267 786 noverunt
1296 732 1446 787 salva
1484 747 1795 798 remanere,
1825 742 1880 788 et
1910 750 2077 788 unam

500 835 750 879 naturam
777 825 872 878 Dei
902 826 1065 879 Verbi
1096 826 1436 879 incantatam
1462 841 1585 881 cum
1612 825 1843 880 dicunt?
1866 826 1923 881 Si
1950 842 2079 881 vero

500 916 635 967 illud
674 920 850 980 ambo,
890 915 1002 970 duo
1032 918 1255 986 negotia
1285 917 1494 971 indicat
1529 918 1582 970 in
1614 918 1870 983 Domino,
1895 926 1950 972 et
1978 934 2081 972 nec

498 1006 623 1067 tria,
679 1021 782 1062 nec
836 1024 1031 1072 unum,
1088 1009 1309 1079 negotia
1364 1025 1497 1064 vero
1548 1009 1638 1064 illa
1690 1026 1800 1064 non
1851 1009 2079 1065 fortuita

494 1095 763 1165 qmedam,
819 1098 907 1152 vel
961 1099 1265 1168 phantasia:
1323 1101 1623 1170 simplices,
1673 1100 1771 1155 sed
1824 1101 2081 1156 essentia:

496 1186 744 1254 qumdam
796 1194 946 1252 sunt,
993 1188 1127 1257 quid
1181 1190 1328 1243 aliud
1375 1190 1728 1245 concluditur
1778 1207 1880 1261 per
1916 1206 2082 1246 voces

496 1278 620 1332 illas
648 1277 1003 1347 cogitandum
1026 1281 1131 1335 nisi
1157 1282 1305 1351 quod
1335 1282 1543 1337 Christi
1570 1285 1693 1339 d‘uze
1716 1295 1929 1340 natura:
1950 1296 2082 1340 sunt

497 1368 751 1423 adunatze
776 1371 1084 1426 secundum
1116 1374 1336 1428 unicam
1367 1374 1539 1443 ipsius
1565 1375 1944 1446 hypostasim?
1970 1375 2078 1430 Sed

495 1460 828 1517 festinemus
880 1463 948 1517 ad
996 1463 1144 1519 clare
1188 1468 1548 1521 memorantia
1600 1476 1826 1522 naturas
1872 1467 2079 1523 Christi

497 1554 809 1608 testimonia
833 1557 1055 1611 Patrum
1091 1566 1146 1611 et
1183 1557 1453 1627 imprimis
1492 1560 1733 1626 illorum,
1770 1558 1839 1614 de
1875 1561 2081 1629 quibus

496 1645 746 1712 quolibet
798 1649 963 1706 modo
1006 1667 1116 1705 non
1165 1652 1373 1705 audent
1421 1652 1842 1724 denegationem
1894 1652 2079 1710 facere

495 1737 821 1794 adversarii.

1008 1854 1250 1924 Gregorii
1282 1856 1551 1929 Theologi.

572 1961 589 1990 ι
617 1943 833 1997 Etenim
881 1954 1090 1999 natura:
1130 1949 1353 2016 quidem
1396 1952 1535 2011 dum.
1592 1953 1739 2006 Deus
1785 1962 1842 2007 et
1888 1954 2073 2015 homo,

494 2034 944 2104 mmndoquidein
987 2039 1168 2093 anima
1217 2052 1272 2094 ct
1302 2056 1536 2111 corpus;
1578 2060 1687 2098 non
1734 2047 1844 2099 duo
1889 2055 2075 2100 autem

497 2127 618 2194 ﬁlii,
650 2144 756 2183 nec
785 2128 1063 2183 homines.
1090 2150 1107 2181 ι

1154 2223 1414 2295 Gregorii.

574 2328 593 2360 ε
618 2310 789 2369 Ambo
814 2328 945 2383 ergo
977 2315 1030 2368 in
1058 2315 1275 2377 eodem,
1311 2334 1451 2373 unus
1483 2329 1533 2373 et
1563 2321 1707 2375 Deus
1734 2321 1994 2375 similiter
2020 2331 2079 2378 et

496 2403 684 2468 homo,
722 2404 1069 2462 Emmanuel.
1096 2428 1113 2459 ι

495 2516 789 2582 QUALEM
815 2520 1076 2578 DIGUNT
1099 2523 1611 2648 Αιρῆγῇῖέονωι
1650 2527 1746 2583 DE
1778 2527 2078 2588 CIIIIISTO

1008 2706 1250 2777 Gregorii
1285 2708 1551 2780 leologi.

570 2814 587 2845 ι
610 2795 667 2851 Si
696 2798 826 2867 quis
857 2798 1001 2853 sicut
1043 2800 1096 2854 in
1144 2802 1410 2870 propheta
1445 2802 1580 2855 dicit
1611 2804 1917 2859 secundum
1947 2822 2077 2877 gra-

493 2889 625 2942 tiam
654 2890 987 2959 operavisse,
1022 2893 1115 2948 sed
1149 2910 1257 2947 non
1283 2894 1586 2949 St‘CttlldUlll
1614 2898 1909 2952 essentiam
1942 2914 2078 2953 con-

490 2977 741 3045 iunctum
779 2987 836 3032 et
873 2980 1273 3036 conformatum
1322 2984 1513 3051 fuisse,
1564 2986 1636 3040 sit
1671 3004 1883 3043 vacuus
1906 3006 1935 3043 a
1967 3005 2081 3043 me-

493 3065 633 3119 liore
674 3068 917 3138 energia.
941 3089 959 3119 ι

600 3177 791 3251 Gyrilli
814 3198 841 3235 e
866 3185 1200 3254 propriorum
1230 3189 1462 3257 capitum
1495 3189 1956 3260 interpretatione.

573 3330 938 3389 «Necessario
983 3351 1084 3401 nos
1112 3337 1353 3393 Nestorii
1406 3341 1592 3396 verbis
1632 3352 1942 3413 pugnantes
1982 3345 2080 3399 ad—

497 3424 819 3479 unationem
850 3428 1154 3483 secundum
1182 3431 1516 3501 hypostasim
1549 3432 1667 3489 fieri
1695 3434 1952 3490 dicimus.
1978 3457 1996 3488 ι

812 3603 1058 3671 Eiusdem
1087 3621 1113 3658 ε
1144 3607 1320 3662 littera
1358 3600 1428 3662 da
1449 3608 1763 3666 Suceusum.

579 3713 596 3743 ι
618 3693 760 3764 Ergo
794 3704 850 3750 et
888 3698 931 3749 si
973 3697 1256 3752 diceretur
1298 3700 1660 3754 humanitatis
1689 3711 1746 3757 et
1771 3702 2082 3762 divinitatis

501 3795 703 3839 natura
759 3786 903 3842 circa
955 3788 1299 3854 Emmanuel,
1351 3790 1448 3845 sed
1495 3792 1809 3849 humanitas
1858 3798 2081 3866 propria

498 3874 642 3929 facta
676 3882 760 3929 est
792 3876 985 3944 Verbi;
1019 3888 1075 3933 et
1107 3881 1304 3933 unicus
1338 3880 1510 3934 Filius
1546 3897 1671 3935 cum
1716 3883 1832 3954 ipsa
1870 3888 2081 3958 cogita-

500 3976 611 4020 tur.
640 3988 657 4018 ο
698 3967 840 4039 Ergo
890 3979 1123 4035 naturae,
1159 3971 1308 4041 quod
1352 3974 1638 4042 proprium
1674 3974 1807 4032 fecit
1840 3985 1897 4032 et
1930 3980 2080 4048 quod

500 4060 785 4129 proprium
814 4060 1018 4117 factum
1050 4073 1135 4119 est
1180 4064 1236 4118 in
1265 4064 1602 4135 hypostasim
1628 4066 1752 4138 ejus
1781 4068 1874 4140 qui
1914 4084 2078 4124 suum

498 4153 649 4219 fecit,
674 4160 769 4207 aut
799 4156 949 4209 non?
1968 4140 1971 4145 θ

1152 4269 1427 4341 Ejusdem.

599 4360 901 4417 «Nostrum
953 4363 1101 4416 enim
1150 4362 1356 4426 dicere,
1410 4380 1607 4419 vocare
1665 4366 1802 4421 duas
1852 4375 2081 4423 naturas

504 4468 678 4522 usque
710 4454 779 4508 ad
817 4455 1254 4525 cognoscendam
1305 4455 1470 4510 Verbi
1513 4467 1570 4511 et
1603 4459 1789 4513 carnis
1818 4459 2080 4515 differen-

1753 440 2067 500 LEONTII
2107 441 2514 502 ΒΥΖᾹΝΤΙΝΙ

568 547 709 612 Ergo
737 546 779 600 si
808 547 871 599 ad
908 546 1140 601 invicem
1181 546 1538 602 consentiunt
1567 548 1621 602 in
1646 549 2076 619 cogitationibus
2103 551 2156 610 Α

3634 434 3772 500 3:20

2252 553 2396 624 Ἀρα
2420 547 2513 606 οῦν
2539 549 2593 603 εῐ
2624 566 2689 618 γε
2741 548 2837 602 καὶ
2883 549 3100 610 ἑαυτοῖς
3132 546 3383 617 ἀλλήλοις
3419 545 3773 616 συμφωνοῦσι

2181 647 2294 705 τοῖς
2322 644 2590 713 νοήμασιν
2616 642 2666 693 οἱ
2698 640 2982 711 ὁρίσαντες
3013 638 3159 700 τάδε,
3200 637 3316 700 πῶς
3345 635 3467 706 οὐχὶ
3489 636 3773 704 ἀμφότερα

2180 734 2249 786 τὰ
2290 733 2610 786 συνελθόντα
2647 734 2705 784 ὲν
2735 730 2958 801 Χριστῷ
2982 730 3157 783 οἴδασι
3195 726 3485 793 σώζεσθαι.
3523 727 3615 779 καὶ
3641 726 3769 796 μίαν

2183 825 2347 894 φύσιν
2374 824 2471 878 τοῦ
2500 824 2635 878 Θεοῦ
2657 824 2832 891 Λόγου
2856 822 3291 892 σεσαρκωμένην
3317 817 3408 873 ὅτε
3440 818 3650 886 λέγοιεν
3669 836 3683 883 ;
3701 818 3763 871 El

2181 917 2321 969 δὲτὸ
2358 916 2666 986 ἀμφότερα,
2691 904 2758 967 τὰ
2785 914 2880 967 δύο
2912 914 3220 982 πράγματα
3254 910 3515 982 σημαίνει
3542 908 3769 979 κυρίως,

2183 1008 2278 1060 καὶ
2302 1006 2427 1059 οὔτε
2451 1007 2599 1077 τρία,
2623 1005 2746 1059 οὔτε
2771 1006 2850 1070 ἓν,
2873 1005 2941 1057 τὰ
2961 1005 3018 1058 δὲ
3046 1004 3351 1076 πράγματα
3378 1004 3504 1056 τάδε
3533 1003 3596 1057 οὑ
3630 1018 3768 1071 συμ·

2182 1098 2456 1169 ϐεϐηκότα
2483 1097 2689 1167 τινὰ,“ἦ
2717 1095 3006 1166 φαντασίαι
3037 1095 3217 1164 ψιλαὶ,
3255 1094 3370 1149 ἀλλ’
3396 1093 3576 1148 οὑσίαι
3627 1093 3768 1157 τινές

2182 1194 2309 1255 εἰσι,
2337 1192 2390 1243 τί
2424 1191 2552 1244 ἄλλο
2586 1190 2881 1257 συνάγεται
2920 1188 3007 1240 διὰ
3038 1187 3205 1240 τῶνδε
3231 1186 3340 1240 τῶν
3377 1186 3573 1255 φωνῶν
3606 1188 3768 1243 νοεῖν.

2182 1285 2329 1354 ἢότι
2375 1283 2468 1337 διο
2499 1282 2690 1352 φύσεις
2741 1280 2836 1334 τοῦ
2897 1279 3136 1351 Χριστοῦ
3167 1280 3444 1349 ἡνωμέναι
3471 1280 3579 1333 εἰσὶ
3632 1276 3774 1331 κατὰ

2150 1406 2161 1413 -
2186 1376 2316 1445 μέαν
2343 1376 2442 1445 τὴν
2468 1375 2769 1428 ὑπόστασιν
2808 1372 3006 1439 αὑτοῦ;
3068 1373 3210 1425 Ἀλλ’
3247 1372 3645 1443 ἐπιδράμωμεν
3679 1371 3773 1423 καὶ

2181 1469 2300 1529 ταῖς
2353 1466 2544 1535 σαφῶς
2596 1464 2705 1518 τῶν
2751 1463 2968 1533 φύσεων
3003 1462 3242 1534 Χριστοῦ
3299 1461 3773 1533 μνημονευούσαις

2185 1558 2514 1626 μαρτυρίαις
2569 1558 2900 1626 Πατρικαῖς,
2929 1556 3023 1609 καὶ
3064 1555 3302 1625 μάλιστα
3333 1548 3409 1608 ὧν
3454 1553 3530 1625 μὴ
3588 1554 3772 1607 ὁπωσ-

2178 1646 2275 1698 οῦν
2328 1645 2570 1717 τολμῶσι
2653 1645 2930 1699 ποιεῖσθαι
2999 1643 3373 1716 παραγραφὴν
3444 1646 3493 1697 οἱ
3552 1641 3769 1696 ἀντιλέ-

2180 1754 2391 1805 γοντες.

2570 1851 2903 1920 Γρηγορίου
2936 1850 3043 1903 τοῦ
3068 1849 3391 1918 Θεονῖόγου.

2257 1962 2275 1994 ι
2313 1943 2508 2005 Φύσεις
2536 1942 2634 2013 μὲν
2663 1944 2772 2011 γὰρ
2796 1941 2908 2003 δύο,
2946 1940 3077 2003 Θεὸς
3118 1943 3221 1999 καὶ
3258 1941 3542 2011 ἄνθρωπος
3579 1979 3594 2004 ,
3645 1941 3774 1995 ἐπεὶ

2180 2035 2276 2087 καὶ
2314 2034 2461 2104 ψυχὴ
2513 2035 2607 2088 καὶ
2658 2034 2852 2104 cuius“
2887 2033 2995 2085 υἱοὶ
3036 2031 3092 2083 δὲ
3134 2031 3196 2083 οὐ
3244 2031 3358 2099 δύο,
3403 2031 3523 2085 οὑδὲ
3556 2031 3773 2103 ἄνθρω-

2179 2145 2294 2182 ποι.
2334 2149 2353 2179 ι

2798 2241 3154 2310 Γρηγορίου.

2256 2355 2273 2386 ι
2312 2337 2516 2407 ’Ἄμφω
2544 2335 2600 2390 δὲ
2629 2330 2723 2389 οὗν
2751 2336 2808 2388 ἐν
2857 2333 3060 2401 ταυτῷ,
3098 2326 3179 2396 εἷς
3225 2332 3360 2395 Θεός
3388 2347 3447 2383 τε
3500 2329 3635 2400 ὁμοῦ
3677 2332 3776 2384 καὶ

2179 2425 2486 2497 ἄνθρωπος,
2521 2429 2549 2480 6
2587 2427 2958 2497 Ἐμμανουήλ.
3002 2444 3021 2477 ι

2180 2543 2407 2596 ηυιιΝ
2448 2544 2629 2597 ΦΑΣΙ
2682 2543 2824 2596 ΤΗΝ
2852 2543 2982 2595 Eli!
3012 2540 3334 2595 ΧΡΙΣΤΟΥ
3371 2539 3653 2595 ΕΛὩΣΙΝ
3697 2539 3778 2595 Ol

2796 2613 3152 2665 ΠΑΤΕΡΕΣ.

2555 2725 2889 2793 Γρηγορίου
2935 2723 3041 2777 τοῦ
3089 2724 3409 2794 Θεολόγου.

2256 2836 2275 2867 ι
2306 2815 2471 2877 Eiet;
2500 2814 2573 2877 ὼς
2600 2816 2656 2866 ὲν
2687 2815 2944 2885 προφήτῃ
2976 2812 3125 2880 λέγει
3162 2811 3304 2864 κατὰ
3335 2810 3497 2881 χάριν
3532 2811 3775 2881 ἐνηργη-

2182 2906 2356 2972 κέναι,
2388 2905 2523 2959 arma:
2555 2903 2631 2976 μὴ
2653 2906 2772 2956 κατ’
2799 2904 2989 2957 ούσίαν
3014 2902 3286 2971 συνῆφθαί
3318 2920 3378 2955 τε
3417 2903 3510 2956 καὶ
3541 2920 3780 2955 συνανα-

2182 2996 2513 3058 πεπλάσθαι,
2547 2994 2633 3063 εἴη
2660 2994 2815 3057 κενὸς
2836 2992 2931 3063 τῆς
2957 2993 3269 3063 κρείττονος
3304 2993 3607 3063 ἐνεργείας.
3635 3010 3652 3042 ι

2328 3174 2662 3242 Ιίυρίλνῖου,
2704 3172 2773 3224 ἐκ
2810 3168 2918 3236 τῆς
2951 3170 3267 3238 ἑρμηνείας
3300 3170 3418 3225 τῶν
3467 3170 3633 3224 ἰδίων

2788 3242 3168 3309 Κεραλαίων.

2262 3356 2279 3387 ι
2332 3333 2675 3400 Ἀναγκαίως
2731 3333 2894 3403 ἡμεῖς
2942 3334 3057 3394 τοῖς
3110 3329 3409 3402 Νεστορέου
3473 3332 3776 3403 μαχόμενοι

2182 3428 2383 3495 λόγοις,
2441 3426 2542 3494 τὴν
2590 3424 2712 3478 καθ’
2755 3422 3058 3477 ὑπόστασιν
3100 3423 3297 3476 ἕνωσιν
3354 3424 3613 3491 γενέσθαι
3665 3441 3766 3493 φα-

2186 3519 2306 3587 μέν.
2359 3534 2376 3565 ι

2401 3607 2511 3661 Τοῦ
2544 3604 2755 3669 αὑτοῦ,
2778 3605 2845 3657 ἐκ
2876 3603 2983 3670 τῆς
3008 3605 3158 3673 πρὸς
3189 3606 3559 3659 Σούκενσον.

2260 3717 2278 3747 ι
2313 3696 2522 3750 Οὐκοῦν
2546 3696 2640 3749 καὶ
2679 3698 2728 3749 εἰ
2764 3696 2976 3763 λέγοιτο
3001 3696 3422 3767 ἁνθρωπότητος
3453 3697 3548 3750 καὶ
3579 3696 3776 3768 θεότη-

2183 3808 2273 3852 τος
2314 3789 2474 3858 φύσις
2504 3791 2597 3843 ἐπὶ
2625 3787 2720 3841 τοῦ
2764 3788 3132 3859 Ἐμμανουὴλ,
3187 3788 3303 3841 ἀλλ’
3354 3792 3387 3857 ἡ
3413 3788 3779 3860 ἁνθρωπότης

2188 3881 2292 3935 ἰδία
2316 3882 2507 3950 γέγονε
2554 3878 2650 3931 τοῦ
2683 3879 2895 3947 Λόγονο
2944 3879 3040 3932 καὶ
3091 3881 3118 3932 6
3158 3874 3241 3941 εἷς
3285 3879 3412 3942 Υἱὸς
3446 3882 3646 3933 νοεῖται
3678 3880 3779 3934 σὺν

2183 3974 2344 4044 αὐτῇ.
2419 3969 2566 4044 Ἀρα
2646 3967 2740 4027 οῦν
2791 3970 2981 4040 φύσεις
3038 3971 3099 4025 τδ
3158 3971 3632 4041 ῑδιοποιησάμενον
3679 3972 3780 4026 καὶ

2183 4067 2242 4119 τὸ
2277 4066 2599 4137 ἰδιοποιηοὲν
2632 4067 2711 4130 εἰς
2741 4064 2841 4137 τὴν
2872 4063 2966 4118 τοῦ
2994 4066 3424 4135 οἱκειωσαμένου
3450 4064 3776 4129 ὑπόστασιν,

2183 4157 2214 4210 ’Β
2251 4156 2341 4223 οῦ;

2805 4268 2919 4323 Τοῦ
2942 4267 3152 4325 αὐτοῦ.

2260 4384 2277 4413 ι
2303 4362 2596 4435 Ἢμέτερον
2627 4362 2735 4431 γὰρ
2764 4363 2825 4415 τὸ
2876 4362 3054 4429 λέγειν
3093 4362 3211 4432 ἦτοι
3240 4362 3529 4433 ὀνομάζειν
3545 4361 3637 4415 δύο
3664 4363 3777 4430 φύ-

2186 4476 2297 4522 σεις
2332 4461 2492 4530 μέχρι
2522 4460 2615 4514 τοῦ
2642 4458 2933 4529 γινώσκειν
2957 4459 3054 4529 τὴν
3075 4459 3341 4530 διαφορὰν
3360 4459 3454 4513 τοῦ
3483 4460 3659 4525 Λόγου
3678 4462 3781 4514 καὶ

502 4544 659 4597 tiam.
694 4544 1049 4614 Perspicuum
1090 4555 1175 4600 est
1196 4561 1328 4616 ergo
1356 4547 1503 4615 quod
1529 4548 1621 4617 qui
1650 4566 1760 4604 non
1786 4550 1921 4605 dicit
1943 4551 2081 4607 duas

2199 4552 2282 4618 τῆς
2313 4553 2536 4622 σαρκός.
2576 4570 2594 4603 ι
2632 4552 2800 4623 Δῆλον
2830 4546 2921 4605 οὑν
2945 4551 3020 4615 ὡς
3055 4552 3082 4602 ὁ
3119 4553 3194 4620 μὴ
3223 4552 3399 4620 λέγων
3435 4551 3528 4606 δύο
3556 4552 3778 4619 φύσειε,

503 4644 746 4700 naturas,
795 4636 1167 4692 ditior-entiam
1202 4644 1382 4708 negat,
1411 4646 1466 4690 et
1505 4655 1617 4694 non
1645 4642 1931 4699 cognoscit
1958 4657 2080 4698 eam

504 4725 562 4780 iu
601 4726 842 4783 Christo.
874 4747 894 4780 ι

947 4839 1200 4909 Ejusdem
1245 4857 1308 4894 ex
1352 4842 1654 4913 Glephyris.

586 4932 838 4986 «Etenim
891 4931 1004 4984 duo
1046 4931 1293 5001 quidem,
1349 4934 1445 4997 ait,
1513 4934 1757 4988 volatilia
1798 4934 1957 5004 jubet
1996 4950 2085 4989 as-

503 5023 648 5076 sumi
690 5022 931 5077 viventia
964 5032 1018 5075 et
1053 5023 1277 5085 munda,
1323 5033 1382 5077 ut
1431 5026 1641 5095 cogites
1694 5042 1793 5094 per
1840 5025 2085 5080 volatilia

503 5115 786 5169 caelestem
816 5113 1097 5166 hominem
1125 5122 1181 5167 et
1213 5114 1512 5174 hominem.
1541 5116 1797 5170 similiter
1813 5124 1866 5171 et
1887 5117 2081 5179 Deum,

505 5206 561 5259 in
592 5206 729 5259 duas
755 5213 984 5259 naturas
1003 5205 1220 5276 qualem
1249 5207 1397 5261 venit
1424 5208 1476 5260 in
1512 5208 1750 5261 Verbum
1781 5206 2084 5275 unicuique

505 5297 841 5350 conveniens
874 5295 1133 5350 divisum.
1174 5296 1330 5362 Quod
1373 5300 1522 5352 enim
1562 5315 1629 5351 ex
1663 5300 1775 5352 Deo
1802 5298 1960 5351 Patre
1988 5314 2079 5351 su-

507 5406 603 5458 pra
636 5388 941 5458 refulgebat
973 5390 1212 5443 Verbum
1248 5400 1366 5445 erat
1395 5392 1642 5453 incarne
1677 5391 1940 5444 mulieris.
1969 5410 1986 5440 ι

1028 5502 1265 5573 Gregorii
1298 5496 1559 5571 Tlteologi.

589 5591 777 5644 iDeus
820 5608 946 5646 vero
994 5594 1273 5649 diceretur
1313 5610 1423 5647 non
1459 5593 1641 5658 Verbi,
1692 5592 1788 5647 sed
1823 5593 1944 5661 ejus
1986 5592 2082 5661 qui

505 5683 816 5739 vilehatur.
848 5684 1134 5752 Quomodo
1185 5687 1333 5742 enim
1377 5698 1568 5741 exacte
1602 5694 1748 5741 esset
1778 5686 1874 5740 Dei
1906 5685 2084 5745 Deus?

509 5772 665 5828 Sicut
693 5784 749 5828 et
777 5777 931 5832 Pater
966 5795 1071 5832 non
1104 5779 1223 5849 ejus
1254 5779 1347 5847 qui
1379 5777 1691 5835 videbatur.
1724 5776 1886 5830 Verbi
1922 5791 2076 5831 \ero.

507 5868 737 5937 Quando
766 5888 912 5926 enim
945 5887 974 5926 a
1007 5872 1666 5943 cogitationibusnatum
1699 5868 1984 5935 differunt,
2015 5869 2086 5923 sic

2186 4646 2417 4716 ἤρνηται
2464 4639 2563 4709 τὴν
2594 4642 2860 4714 διαφορὶν
2928 4645 3022 4697 καὶ
3063 4644 3123 4696 ού
3165 4642 3428 4712 γινώσκει
3484 4644 3654 4714 αὑτὴν
3715 4646 3777 4698 ἐν

2183 4734 2426 4806 Χριστῷ.
2476 4754 2493 4785 ι

2460 4847 2568 4901 Τοῦ
2596 4846 2806 4911 αὐτοῦ,
2849 4846 2917 4900 ἐκ
2946 4845 3064 4898 τῶν
3096 4845 3455 4914 Γλαριορῶν.

2261 4956 2280 4989 ‹
2317 4936 2421 4990 Δύο
2460 4936 2559 5006 μὲν
2592 4935 2720 5004 γὰρ,
2778 4935 2934 5002 φησὶ,
2983 4935 3199 5005 ὀρνίθια
3232 4934 3445 4989 κελεύει
3496 4934 3778 5007 ληφθῆναι

2185 5026 2362 5092 ζῶντα
2390 5026 2481 5079 καὶ
2510 5024 2751 5093 καθαρὰ,
2783 5024 2872 5076 ἵνα
2898 5024 3098 5092 νοήσῃς
3130 5024 3216 5075 δια
3245 5024 3510 5077 πετεινῶν
3541 5025 3633 5078 τὸν
3674 5028 3771 5079 οὑ-

2188 5120 2368 5188 ρανιον
2399 5117 2707 5187 ἄνθρωπον,
2738 5114 3027 5181 ἄνθρωπόν
3079 5132 3136 5166 τε
3170 5116 3303 5183 ὁμοῦ
3337 5118 3429 5169 καὶ
3474 5117 3627 5181 Θεὸν,
3690 5118 3781 5182 εἰς

2185 5208 2277 5259 δὲο
2307 5208 2495 5275 φύσεις
2522 5208 2646 5259 ὅσον
2672 5205 2806 5275 ἧκεν
2836 5207 2911 5265 εἰς,
2946 5205 3036 5257 τὸν
3068 5205 3274 5276 ἑκάστῃ
3300 5208 3582 5275 πρέποντα
3614 5208 3780 5274 λόγον

2186 5298 2585 5368 διαιρούμενον.
2643 5298 2812 5362 Λόγος
2858 5296 2965 5366 γὰρ
2994 5292 3061 5367 ἦν
3082 5299 3109 5350 6
3134 5299 3195 5350 ὲκ
3219 5298 3352 5349 Θεοῦ
3380 5299 3591 5369 Πατρὺς
3649 5299 3784 5353 ἀνα-

2187 5389 2404 5460 λάμψας
2431 5391 2486 5440 ὲν
2516 5390 2679 5457 σαρκὶ
2710 5389 2809 5458 τῆς
2838 5389 3116 5454 γυναικός.
3153 5407 3170 5439 ι

2573 5500 2601 5551 l
2610 5499 2905 5567 ’ρηγορίωυ
2932 5498 3038 5551 τοῦ
3071 5502 3393 5570 Θεολόγου.

2264 5608 2283 5640 ι
2307 5590 2435 5651 Θεὸς
2448 5589 2503 5642 δὲ
2527 5588 2736 5656 λέγοιτο
2755 5588 2842 5653 ἂν,
2859 5589 2919 5641 οὑ
2946 5588 3036 5641 τοῦ
3057 5590 3256 5657 Λόγου,
3275 5592 3366 5644 τοῦ
3389 5591 3667 5661 ὁρωμένου
3690 5593 3776 5648 δέ.

2190 5681 2316 5744 Πῶς
2346 5681 2452 5751 γὰρ
2487 5680 2554 5734 ἂν
2587 5680 2672 5750 εἴη
2724 5680 2817 5733 τοῦ
2858 5680 3060 5752 κυρίως
3089 5681 3225 5734 Θεοῦ
3255 5683 3426 5748 Θεός;
3458 5683 3648 5753 ὥσπερ
3679 5686 3782 5737 καὶ

2194 5777 2404 5845 Πατὴρ,
2431 5774 2490 5827 οὑ
2515 5773 2607 5827 τοῦ
2634 5774 2935 5843 ὁρωμένου,
2959 5774 3054 5827 τοῦ
3076 5774 3252 5842 Λόγου
3273 5775 3361 5828 δί’
3390 5776 3554 5844 ἡνίκα
3581 5778 3687 5843 γὰρ
3722 5778 3782 5829 αἱ

2194 5869 2386 5939 φύσεις
2405 5869 2705 5922 Etiam-nat
2730 5869 2844 5931 ταῖς
2868 5868 3157 5934 ἐπινοίαις,
3190 5869 3574 5939 συνδιαιρεῖιετι
3594 5869 3689 5921 καί
3716 5870 3784 5921 τὰ
