4034 6444
415 468 557 536 1823
1688 458 2003 520 LEONTII
2043 459 2454 520 BYZANTINI
3370 466 3375 471 -
3560 455 3695 521 132.;

407 584 561 646 fecit,
598 580 881 652 cognitum
915 591 1014 649 per
1044 575 1286 632 Verbum
1329 589 1433 630 nec
1478 571 1847 637 confundens,
1891 585 1998 627 nec

2125 589 2260 641 τερον
2310 573 2604 626 ἀπετέλεσε
2638 612 2651 633 ,
2704 568 3110 641 γνωριζόμενον
3154 569 3338 639 μέντοι
3400 569 3697 639 ἀσυγχύτῳ

408 674 669 728 dividens
706 688 817 725 non
865 671 920 725 in
960 685 1068 724 una
1095 676 1291 722 natura
1331 665 1517 730 unica,
1552 663 1647 719 sed
1682 664 1739 719 in
1774 663 1995 718 duabus

2125 664 2199 717 ιαὶ
2228 664 2520 735 ἀδιαιρέτῳ
2550 664 2729 733 Λόγῳ,
2757 663 2859 716 οὐκ
2885 663 2943 745 εν
2973 663 3072 734 μιᾷ
3110 663 3247 734 μόνῃ
3278 661 3461 731 φύσει,
3501 659 3617 717 ἀλλ’
3637 665 3697 717 ὲν

411 765 694 836 perfectis.
722 762 883 818 Circa
917 776 1084 816 unam
1127 759 1302 822 enim,
1336 756 1619 828 quomodo
1646 754 1996 811 confusionis

2125 755 2222 809 ῐυσὶ
2255 756 2514 819 τελείαις.
2579 754 2703 808 Ἐπὶ
2747 756 2855 826 γὰρ
2888 755 3039 824 μιᾶς,
3076 752 3194 819 πῶς
3240 755 3300 807 τὸ
3353 753 3696 824 ἀσύγχυτον;

408 855 724 927 exemptio?
769 853 1082 920 QuomodO'
1102 850 1481 906 distinctionis
1507 848 1802 904 absentia?
1842 846 1996 913 Quo-

408 947 574 1002 modo
627 945 890 1001 adunatio
948 943 1089 998 forte
1134 941 1450 997 diceretur?
1486 940 1624 995 Nam
1675 939 1839 994 unica
1885 939 1995 994 sibi

416 1040 519 1109 ipsi
550 1038 697 1093 uniri
730 1045 827 1091 aut
852 1034 1120 1091 confundi
1147 1044 1243 1089 aut
1281 1050 1314 1089 a
1359 1048 1418 1088 se
1445 1033 1563 1103 ipsa
1589 1031 1858 1102 distingui
1898 1046 1997 1085 ne—

407 1127 589 1196 quit.)
635 1127 704 1181 Et
751 1125 916 1195 paulo
979 1132 1134 1193 post:
1170 1124 1418 1176 «lterum
1478 1120 1546 1176 ad
1608 1120 1760 1175 aliud
1804 1120 2002 1174 leviter

408 1233 721 1274 sermonem
755 1215 1150 1271 transferentes
1179 1215 1336 1269 aiunt
1379 1214 1527 1284 quod
1564 1224 1690 1285 post
1713 1214 2002 1269 adunatio—

410 1328 542 1368 nem
574 1312 762 1367 dicere
791 1311 931 1366 duas
957 1317 1186 1365 naturas
1207 1325 1318 1363 non
1334 1317 1584 1379 Oportet;
1604 1309 1828 1363 attende
1852 1308 2003 1362 vocis

412 1402 848 1475 signiﬁcationi:
902 1401 1300 1457 adunationcm
1346 1400 1556 1465 dixisti,
1605 1400 2001 1455 adunationem

411 1510 548 1551 vero
586 1494 750 1549 unius
791 1510 905 1549 non
952 1494 1205 1549 invenies
1248 1493 1469 1548 factam.
1499 1512 1518 1545 ι
1554 1494 1619 1547 Ει
1646 1492 1812 1563 paulo
1844 1499 2001 1562 post:

422 1608 441 1638 ι
462 1586 888 1641 Consueverunt
917 1593 975 1639 et
1003 1584 1054 1639 id
1084 1586 1327 1656 objicere
1355 1602 1369 1640 :
1397 1584 1538 1638 Num
1560 1582 1766 1639 Christi
1799 1598 2005 1651 corpus

413 1689 471 1735 et
500 1679 827 1750 sanguinem
886 1678 1124 1733 ﬁdeliter
1156 1678 1357 1747 pieque
1408 1692 1517 1730 non
1571 1675 1885 1730 sumimus?
1926 1673 2005 1729 lla

416 1780 574 1829 sane,
603 1765 842 1830 dicetur,
868 1780 978 1819 non
1007 1765 1135 1835 quia
1164 1780 1369 1835 corpus
1389 1773 1447 1820 et
1468 1765 1793 1835 sanguinem
1820 1764 2005 1818 divina

417 1871 543 1925 pars
570 1864 699 1910 ante
724 1855 1086 1911 humanitatis
1114 1856 1553 1927 assumptionem
1578 1866 1780 1911 natura
1816 1871 2007 1925 posse-

2102 850 2218 913 πῶς
2258 851 2321 902 τὸ
2360 848 2701 919 ἀδιαίρετον;
2733 847 2852 911 πῶς
2883 849 2917 919 ή
2946 847 3143 910 ἒνωσις
3183 846 3401 919 λεχθείη
3449 847 3580 901 ποτέ
3610 864 3626 914 ;
3657 850 3691 920 ἡ

2102 943 2211 1012 γὰρ
2247 941 2345 1014 μία
2385 943 2555 1013 ἑαυτῇ
2589 941 2863 1007 ὲνοῦσθαι,
2892 941 2926 1004 ἢ
2955 941 3299 1012 συγχεῖσθαι»
3328 941 3362 1013 ἢ
3400 941 3458 1008 ἐξ
3491 943 3696 1013 éawic

2101 1033 2453 1105 διαιρεῖσθαι,
2483 1033 2545 1086 οὐ
2606 1032 2855 1086 δύναται.
2892 1051 2910 1084 ι
2941 1033 3056 1088 Καὶ
3093 1032 3231 1103 μετά
3263 1032 3496 1103 βραχέα·
3527 1050 3546 1083 ι
3583 1032 3698 1086 Πάο

2102 1123 2187 1177 λιν
2214 1124 2300 1178 ἐπ’
2330 1123 2459 1177 ἄλλο
2512 1122 2937 1193 μεταπηδῶντές
2988 1139 3145 1192 φασι,
3200 1123 3341 1191 μετά
3370 1121 3470 1193 τὴν
3498 1123 3696 1178 ἕνωσιν

2110 1217 2185 1286 μὴ
2236 1217 2436 1288 χρῆναι
2478 1216 2659 1284 λέγειν
2690 1215 2784 1269 δύο
2819 1215 3034 1285 φύσεις·
3069 1214 3306 1287 πρόσεχε
3345 1217 3411 1285 τῇ
3448 1212 3694 1285 σημασίᾳ

2103 1311 2198 1364 τοῦ
2232 1310 2422 1383 ῥητοῦ·
2450 1309 2648 1364 ἕνωσιν
2672 1305 2853 1374 εἶπας·
2891 1309 3088 1363 ἕνωσιν
3127 1307 3183 1361 δὲ
3215 1310 3345 1379 μιᾶς
3379 1307 3479 1360 ούκ
3511 1306 3578 1361 ἂν
3605 1306 3696 1360 εὖ-

2108 1420 2223 1474 ροις
2276 1402 2591 1472 γινομένην.
2637 1421 2655 1453 ι
2693 1401 2804 1455 Καὶ
2839 1400 2977 1469 μετά
3012 1399 3243 1471 βραχέα·
3297 1419 3316 1452 ι
3361 1398 3603 1452 Emam
3639 1398 3696 1452 δὲ

2106 1494 2201 1547 καὶ
2239 1494 2396 1547 τοῦτο
2427 1493 2754 1562 προτείνειν·
2789 1493 2934 1565 ’Ἄρα
2964 1493 3027 1547 ού
3053 1493 3115 1545 τὸ
3153 1491 3316 1561 σῶμα
3341 1491 3435 1544 καὶ
3465 1491 3526 1543 τὸ
3558 1484 3699 1559 αἷμα

2106 1586 2201 1639 τοῦ
2235 1584 2373 1639 Θεοῦ
2406 1584 2760 1657 λαμϐάνομεν
2794 1586 3003 1648 πιστῶς
3025 1586 3122 1638 καὶ
3153 1584 3429 1649 εὐσεεὼςς
3462 1584 3592 1648 Ναὶ,
3618 1581 3701 1635 λε-

2109 1678 2287 1732 κτέον·
2314 1678 2413 1750 οὐχ
2437 1679 2517 1732 ὅτι
2544 1676 2704 1748 σῶμα
2736 1678 2830 1733 καὶ
2858 1675 3021 1747 αἷμα,
3057 1676 3121 1730 τὸ
3157 1676 3311 1729 Θεῖον
3344 1676 3451 1746 πρὸ
3483 1675 3579 1745 τῆς
3608 1676 3698 1726 ὲν-

2109 1770 2523 1842 ανθρωπήσεως
2572 1770 2841 1839 ἐκέκτητο
2887 1769 3070 1838 φύσει·
3100 1767 3217 1822 ἀλλ’
3253 1767 3440 1838 ἐπειδὴ
3485 1765 3557 1820 τὰ
3600 1767 3702 1836 τῆς

2115 1863 2319 1933 σαρκὸς
2348 1862 2693 1925 ἰδιοποεῖται,
2728 1862 2874 1933 ἔχειν
2902 1861 3121 1929 λέγεται
3153 1860 3346 1915 ταῦτα·
3378 1858 3424 1912 ὢ
3453 1858 3546 1912 τοῦ
3576 1860 3700 1911 ἀτο-

418 1947 522 2013 dit,
574 1947 671 2003 sed
723 1957 1015 2019 postquam
1060 1949 1288 2020 propria
1340 1948 1526 2005 carnis
1577 1965 1674 2004 sua
1717 1948 1849 2003 fecit
1894 1949 2012 2004 hanc

2125 1927 2405 2029 πή-ματοςι
2440 1957 2485 2009 ὣ
2517 1957 2617 2026 τῆς
2665 1927 2897 2020 ἀσεδοῦς
2930 1927 3204 2017 διανοίαςι
3259 1950 3562 2007 κινδυνεύει
3592 1952 3703 2021 γὰρ

417 2037 629 2093 habere
662 2037 888 2092 dicitur.
930 2039 971 2091 Ο
1006 2038 1345 2093 absurdum!
1378 2038 1421 2091 Ο
1456 2037 1679 2109 impiam
1717 2039 2010 2109 cogitatio-

416 2131 581 2185 nem!
623 2130 682 2185 ln
731 2130 984 2201 periculo
1031 2138 1110 2186 est
1150 2131 1300 2186 enim
1343 2130 1489 2201 apud
1522 2131 1671 2201 ipsos
1699 2130 2012 2186 divinitatis

420 2222 691 2292 dignatio,
740 2230 797 2277 et
843 2222 1045 2277 exinde
1102 2223 1453 2278 Dominicum
1508 2238 1713 2293 corpus
1780 2232 1841 2276 ut
1902 2239 2005 2279 ve-

420 2330 548 2369 rum
591 2330 795 2386 corpus
842 2315 1092 2371 conﬁteri
1139 2331 1251 2371 non
1314 2316 1615 2373 sustinent.
1655 2317 1767 2372 Per
1838 2317 2013 2373 dicto-

424 2423 547 2461 rum
589 2408 738 2464 enim
773 2409 1034 2465 astutiam
1093 2418 1362 2465 mutatum
1399 2410 1571 2465 fuisse
1624 2409 1760 2464 illud
1786 2409 1839 2463 in
1867 2409 2013 2464 divi-

423 2502 653 2557 nitatem
685 2517 825 2557 vane
847 2504 1182 2573 excogitant,
1209 2503 1430 2557 unicam
1458 2502 1657 2557 exinde
1682 2500 2013 2573 efﬁngentes

424 2602 705 2657 naturam,
724 2603 780 2650 et
800 2595 947 2649 illam
971 2610 1080 2649 non
1107 2595 1455 2650 invenientes
1477 2595 1661 2650 dicere
1680 2595 1859 2665 qualis
1875 2595 1966 2650 sit.
1991 2614 2009 2646 ι

501 2687 567 2741 Ει
602 2686 769 2755 paulo
807 2694 929 2759 post
967 2703 981 2741 :
1026 2706 1044 2737 ι
1090 2686 1385 2758 Fugiamus
1427 2687 1551 2741 illos
1591 2686 1684 2756 qui
1725 2686 2015 2753 dividunt;

428 2777 473 2830 si
509 2777 655 2831 enim
688 2783 744 2833 et
775 2778 975 2847 duplex
1009 2786 1229 2840 natura.
1266 2778 1435 2849 igitur
1465 2778 1821 2833 indivisibilis
1852 2787 1909 2834 et
1940 2779 2021 2834 lae

427 2869 603 2923 cerari
642 2885 763 2940 quae
795 2871 986 2941 nequit
1023 2871 1288 2926 adunatio
1327 2872 1381 2925 in
1418 2888 1526 2926 una
1563 2870 1806 2928 ﬁlietatis
1849 2870 2021 2927 conli-

430 2961 595 3017 tenda
622 2978 858 3033 persona
886 2973 944 3019 et
973 2981 1081 3019 una
1110 2965 1427 3036 hypostasi;
1463 2963 1738 3036 fugiamus
1770 2965 1896 3021 illos
1924 2965 2019 3035 qui

435 3067 598 3106 unam
629 3061 878 3107 naturam
909 3063 1033 3124 post
1061 3053 1455 3109 adunationem
1487 3053 1829 3107 mendaciter
1853 3067 2024 3122 expo-

432 3153 575 3199 nunt
609 3162 623 3199 :
657 3160 784 3200 nam
821 3146 987 3201 unius
1020 3146 1246 3202 notione
1267 3187 1282 3213 ,
1318 3145 1386 3201 ad
1420 3145 1733 3216 passionem
1770 3145 2023 3216 impassi-

433 3236 531 3292 bili
565 3237 677 3294 Deo
707 3237 1117 3293 attribuendam
1152 3238 1515 3294 inducuntur.
1556 3257 1574 3289 ι

494 3350 682 3423 Cynlli
709 3368 735 3406 ε
765 3353 1076 3408 tractatibus
1106 3362 1291 3408 contra
1324 3351 1633 3408 Nestorium
1660 3352 1715 3406 in
1742 3350 1969 3406 secundo

1098 3440 1360 3477 sermone.

516 3531 534 3561 α
564 3511 746 3568 Unum
772 3512 1059 3577 conﬁtere,
1087 3520 1309 3568 naturas
1337 3527 1449 3567 non
1477 3511 1755 3578 dividens,
1783 3508 1946 3565 simul
1971 3518 2027 3563 et

438 3611 620 3667 sciens
652 3605 805 3678 quod
835 3604 1021 3660 carnis
1047 3602 1273 3673 quidem
1302 3610 1387 3658 est
1420 3616 1601 3657 sermo
1631 3601 1790 3665 alter,
1822 3598 2028 3654 divini-

440 3702 573 3758 tatis
591 3716 724 3756 vero
747 3699 842 3769 qui
868 3698 1041 3768 ipsam
1068 3697 1236 3751 solam
1265 3694 1446 3751 decet.
1480 3712 1499 3745 ι
1528 3693 1671 3748 Ecce
1700 3706 1833 3763 ergo
1877 3692 2028 3746 clare

441 3796 508 3851 ad
538 3810 647 3849 non
681 3790 1033 3847 auferendam
1064 3788 1477 3859 duplicitatem,
1503 3786 1599 3841 sed
1631 3800 1741 3840 non
1773 3784 2027 3841 dividen-

442 3889 569 3942 dam
594 3885 850 3940 hortatur
876 3882 1022 3937 illam
1049 3897 1171 3952 quaa
1196 3880 1400 3949 duplex
1424 3878 1580 3949 juxta
1617 3886 1846 3932 naturas
1886 3878 2031 3933 exsi-

441 3979 574 4045 stit,
615 3983 673 4031 et
707 3973 1151 4047 cognoscendum
1198 3971 1252 4025 in
1297 3969 1444 4040 quali
1470 3967 1623 4025 verbi
1657 3968 2028 4026 diﬂ'erentiam

442 4070 677 4127 alterius
721 4066 789 4123 ad
839 4067 1067 4122 alteram
1113 4063 1264 4129 vult,
1311 4070 1540 4117 naturas
1587 4059 1781 4117 dicens
1824 4070 1881 4118 et
1925 4062 2031 4117 alia

446 4162 639 4219 verba.

482 4276 743 4348 Ejusdem
777 4290 840 4328 ea:
870 4270 1306 4348 interpretatione
1335 4265 1592 4348 Episton
1625 4266 1695 4321 ad
1730 4264 1993 4332 Hebrwos,

1021 4340 1250 4396 secunda
1287 4347 1460 4410 parte.

527 4456 547 4490 ι
582 4435 664 4492 Ad
699 4435 935 4490 invicem
970 4429 1327 4486 incﬂ'abiliter
1354 4434 1411 4481 ct
1443 4440 1611 4495 supra
1641 4441 1867 4480 sensum
1902 4440 2037 4482 con-

447 4535 726 4585 venerunt
754 4524 1017 4581 divinitas
1044 4531 1098 4575 et
1127 4517 1463 4578 humanitas.
1488 4525 1546 4572 et
1572 4516 1891 4572 diﬂerentes
1915 4516 2037 4587 qui-

2113 2051 2244 2121 παρ’
2272 2049 2456 2113 αὐτοῖς
2495 2048 2595 2117 τῆς
2642 2048 2899 2120 θεότητος
2927 2048 2989 2101 τὸ
3017 2046 3258 2117 ἀξίωμα,
3301 2045 3397 2098 καὶ
3443 2042 3609 2098 πάλιν
3640 2042 3702 2096 τὸ

2112 2141 2395 2211 κυριακὸν
2446 2141 2611 2212 σῶμα
2655 2140 2733 2204 ὡς
2780 2140 3034 2211 ἀληθινὸν
3083 2139 3243 2210 σῶμα
3277 2137 3563 2208 ὁμολογεῖν
3601 2136 3704 2190 οὐκ

2119 2234 2429 2305 ἀνέχονται·
2459 2233 2527 2287 δι’
2558 2233 2802 2297 ἐπινοίας
2829 2232 2937 2304 γὰρ
2971 2232 3170 2297 λέξεων
3208 2230 3516 2301 τετράφθαι
3543 2228 3706 2283 τοῦτο

2116 2330 2196 2391 εἰς
2220 2326 2455 2395 θεότητα
2482 2326 2872 2396 φαντάζονται,
2907 2324 3037 2395 μίαν
3064 2322 3319 2378 ἐντεῦθεν
3349 2320 3705 2376 κατασκευά-

2117 2419 2304 2483 ζοντες
2334 2417 2516 2487 φύσιν·
2547 2419 2642 2472 καὶ
2671 2416 2843 2487 αὐτὴν
2872 2416 3018 2480 τίνος
3049 2411 3213 2480 εἶναι,
3244 2414 3319 2486 μὴ
3352 2412 3706 2485 εὑρίσκοντες

2116 2510 2322 2580 λέγειν.
2360 2529 2378 2561 ι

2215 2687 2326 2741 Καὶ
2397 2689 2517 2754 μετ’
2583 2687 2765 2755 ὀλίγα·
2824 2706 2843 2739 ι
2901 2687 3170 2757 Φύγωμεν
3231 2682 3360 2740 τοὺς
3438 2680 3711 2753 διαιροῦντ

2120 2797 2239 2845 τας·
2266 2782 2314 2833 εί
2341 2779 2451 2850 γὰρ
2499 2779 2593 2833 καὶ
2626 2779 2779 2850 διττὴ
2816 2780 2849 2851 ἡ
2899 2778 3084 2847 φύσις,
3119 2776 3234 2830 ἀλλ’
3258 2773 3352 2829 οὖν
3402 2774 3708 2845 ἀδιαίρετος

2122 2877 2216 2926 καὶ
2243 2873 2609 2936 ἀδιάσπαστος
2643 2874 2676 2943 ή
2711 2872 2927 2937 ἓνωσις.
2960 2875 3018 2926 ὲν
3049 2870 3131 2924 ἐνὶ
3168 2871 3268 2942 τῆς
3303 2869 3550 2939 υίότητος
3587 2870 3713 2939 ὁμου

2120 2964 2431 3035 λογουμένη
2469 2961 2772 3034 προσώπῳ,
2806 2962 2901 3017 καὶ
2950 2963 3049 3034 μιᾷ
3081 2962 3405 3016 ὑποστάσει·
3445 2958 3711 3030 φύγωμεν

2123 3057 2250 3121 τοὺς
2298 3055 2427 3128 μίαν
2460 3056 2623 3126 φύσιν
2656 3054 2795 3126 μετά
2837 3055 2937 3126 τὴ)
2967 3054 3165 3107 ἕνωσιν
3216 3050 3710 3125 τερατευομένους·

2124 3150 2188 3221 τῇ
2218 3147 2327 3220 γὰρ
2355 3147 2457 3219 τῆς
2506 3147 2636 3218 μιᾶς
2677 3146 2913 3218 ἐπινοίᾳ,
2969 3145 3048 3218 τῷ
3105 3144 3310 3200 ἀπαθεῖ
3357 3144 3479 3216 Θεῷ
3539 3142 3716 3205 πάθος

2126 3240 2465 3312 προσάπτειν
2503 3237 2840 3308 ἐπείγονται.
2875 3257 2892 3290 ι

2127 3355 2438 3424 Κυρίλλου
2464 3354 2535 3408 ὲκ
2560 3351 2678 3407 τῶν
2709 3352 2860 3408 κατὰ
2891 3353 3224 3424 Νεπορίου
3249 3350 3321 3406 ἐν
3344 3349 3427 3418 τῷ
3451 3347 3715 3419 δευτέρῳ

2818 3423 2999 3478 λόγω.

2818 3427 2897 3478 ,ιό
2984 3462 2999 3477 .

2206 3537 2225 3570 ι
2273 3517 2641 3589 Ὀμολόγησον
2666 3516 2786 3581 ἕνα,
2844 3440 3171 3587 μζῖιαῳῶν
3208 3512 3307 3576 τὰς
3335 3511 3548 3584 φύσεις,
3575 3510 3719 3582 μετά

2128 3610 2226 3664 τοῦ
2256 3610 2458 3664 εἰδέναι
2490 3611 2573 3663 δτι
2605 3607 2808 3679 σαρκὸς
2841 3607 2941 3679 μὲν
2987 3606 3176 3677 ἔτερος
3231 3606 3413 3675 λόγος,
3458 3603 3716 3674 θεότητος

2129 3701 2186 3754 δὲ
2217 3703 2245 3754 ὁ
2279 3701 2417 3772 αὐτῇ
2449 3700 2543 3754 καὶ
2573 3699 2708 3770 μόνῃ
2738 3697 2989 3767 πρέπων.
3030 3716 3050 3750 ›
3090 3696 3222 3751 Ἰδοὺ
3261 3691 3357 3749 οὗν
3386 3692 3594 3764 σαφῶς,
3615 3694 3717 3747 ούκ

2132 3796 2373 3866 ἀναιρεῖν
2396 3792 2495 3864 τὴν
2519 3792 2707 3856 δυάδα,
2738 3790 2875 3845 ἀλλὰ
2909 3791 2984 3861 μὴ
3013 3790 3246 3861 διαιρεῖν
3276 3788 3534 3858 παραινεῖ
3557 3785 3716 3857 τήνδε

2130 3886 2228 3958 τὴν
2283 3886 2426 3940 κατὰ
2461 3885 2560 3947 τὰς
2594 3884 2805 3954 φύσεις,
2836 3879 3129 3958 γινώσκειν
3175 3896 3237 3933 τε
3286 3878 3424 3949 πρὸς
3447 3876 3532 3950 ,τῷ
3563 3876 3718 3948 ποσῷ

2132 3955 2228 4035 καὶ
2275 3980 2374 4050 τὴν
2421 3976 2690 4048 διαφορὰν
2730 3973 2826 4029 τοῦ
2875 3974 3035 4042 λόγου
3070 3955 3308 4041 θατέρας
3342 3968 3481 4040 πρὸς
3518 3966 3718 4039 ἑτέραν

2135 4071 2407 4145 βούλεται,
2444 4070 2636 4142 φύσεις
2664 4086 2727 4123 τε
2757 4066 2929 4122 εἰπὼν
2957 4066 3052 4121 καὶ
3086 4064 3311 4137 ἐτέρους
3338 4061 3553 4132 λόγους.

2141 4276 2252 4331 Τοῦ
2279 4273 2465 4332 αὑτοῦ
2497 4275 2566 4329 ἐκ
2588 4272 2698 4338 τῆς
2730 4269 3051 4341 ἑρμηνείας
3074 4266 3184 4336 τῆς
3211 4264 3363 4335 πρὸς
3412 4260 3720 4332 Ἐϐραίους

2664 4339 2947 4410 δεύτέρου
2976 4339 3182 4408 τόμου.

2213 4458 2232 4492 ι
2275 4436 2594 4509 Συνέϐησαν
2618 4436 2675 4491 δὲ
2715 4432 2974 4504 ἀλλήλαις
3005 4430 3339 4501 ἁποῤῥήτως
3362 4443 3423 4480 τε
3448 4425 3543 4480 καὶ
3576 4423 3720 4495 ὑπὲρ

2137 4533 2263 4588 νοῦν
2301 4532 2493 4603 θεότης
2539 4529 2636 4583 καὶ
2682 4524 3061 4596 ἀνθρωπότης·
3101 4521 3196 4574 καὶ
3233 4519 3484 4589 διάφοροι
3531 4516 3628 4587 μὲν
3662 4517 3718 4568 αἱ

446 4622 578 4677 dem
619 4628 832 4675 naturas
872 4617 928 4672 in
968 4614 1243 4676 confesso,
1280 4625 1424 4665 unus
1464 4618 1646 4664 tamen
1683 4616 1741 4663 ct
1778 4608 1929 4663 solus
1966 4624 2019 4664 ei

2140 4625 2333 4697 φύσεις
2370 4620 2857 4695 ὁμολογουμένως,
2899 4617 3041 4687 πλὴν
3082 4608 3163 4678 εἷς
3213 4630 3273 4666 τε
3311 4611 3407 4666 καὶ
3457 4609 3617 4681 μόνος
3663 4604 3724 4672 ἐξ

445 4714 722 4771 ambobus
757 4711 949 4767 Filius.
993 4728 1011 4759 ι
1052 4704 1210 4773 Quod
1244 4720 1376 4776 ergo
1409 4702 1761 4766 ditl‘erentes,
1798 4700 1947 4771 quod
1980 4709 2037 4757 et

447 4818 665 4865 natura:
688 4816 837 4869 sunt,
867 4801 1039 4858 novit.
1077 4799 1134 4855 Si
1165 4812 1296 4868 ergo
1327 4812 1437 4850 non
1467 4803 1697 4849 naturas
1726 4805 1852 4864 post
1885 4809 2038 4850 com-

448 4896 785 4970 positionem
814 4891 948 4948 dicit
964 4931 976 4955 ,
1004 4902 1106 4943 nec
1127 4886 1375 4940 diversas
1398 4883 1742 4938 divinitatem
1766 4890 1823 4938 et
1846 4882 2042 4938 huma-

452 4990 707 5044 nitatem.

757 5075 1012 5148 Ejusdem
1045 5087 1109 5126 ea:
1141 5069 1346 5134 eadem,
1379 5078 1529 5124 sexta
1563 5076 1738 5137 parte.

535 5194 552 5225 ι
594 5172 650 5228 Si
689 5171 836 5226 enim
879 5167 1194 5237 cogitantur
1230 5160 1462 5216 diversa:
1501 5168 1558 5215 et
1596 5159 1742 5214 inter
1780 5172 1837 5212 se
1883 5156 2045 5212 dissi-

456 5264 618 5325 miles
654 5278 684 5316 a
723 5259 893 5316 rebus
926 5257 981 5309 in
1017 5252 1409 5308 adunationem
1445 5247 1905 5305 convenientibus
1943 5262 2046 5303 na-

452 5366 616 5421 turae,
643 5364 806 5410 carne
831 5348 956 5404 dico
978 5356 1033 5402 et
1056 5347 1189 5409 Deo,
1214 5343 1380 5416 igitur
1402 5358 1547 5398 unus
1569 5351 1625 5397 et
1649 5342 1799 5396 solus
1820 5354 1952 5395 vere
1978 5355 2046 5394 ex

457 5445 731 5503 ambobus
773 5440 935 5495 filius.
990 5457 1008 5490 ι
1053 5435 1295 5493 Evidens
1335 5443 1421 5489 est
1462 5448 1595 5505 ergo
1639 5431 1785 5503 quod
1826 5431 2048 5501 quando

461 5554 609 5596 unus
651 5552 718 5593 ex
763 5533 1051 5596 ambobus,
1097 5538 1228 5584 tunc
1270 5528 1583 5599 cogitantur
1620 5535 1675 5581 et
1719 5535 1952 5588 natura},
1994 5531 2050 5577 et

461 5628 534 5683 ab
573 5627 812 5682 invicem
848 5620 1144 5678 dissimiles
1177 5619 1325 5674 circa
1357 5616 1641 5673 Christum
1678 5622 1803 5685 post
1833 5612 2046 5668 aduna-

459 5719 699 5776 tionem.

677 5834 929 5905 Ejusdem
962 5851 988 5888 ε
1021 5830 1353 5889 Scholiorum
1382 5822 1609 5880 secundo
1639 5820 1835 5889 capite.

547 5944 569 5981 ι
606 5925 742 5997 Quia
780 5928 987 5999 absque
1023 5923 1343 5982 confusione
1385 5919 1768 5973 remanserunt
1806 5920 2046 5976 naturae,

506 6020 541 6035 κ

2138 4721 2343 4791 ἀμφοῖν
2371 4717 2519 4778 Υἱός.
2558 4715 2712 4768 »Ὅτι
2747 4729 2808 4765 τε
2836 4706 2930 4765 οὖν
2961 4709 3231 4779 διάφοροι,
3268 4704 3365 4760 καὶ
3394 4703 3482 4757 ὅτι
3510 4701 3604 4755 καὶ
3629 4698 3725 4769 φύ-

2142 4829 2257 4874 σεις
2282 4808 2411 4874 eici,
2439 4804 2600 4862 οἶδεν·
2633 4806 2682 4859 εἰ
2712 4798 2808 4859 οὖν
2838 4802 2912 4873 μὴ
2943 4800 3135 4871 φύσεις
3161 4797 3300 4870 μετά
3325 4796 3424 4866 τὴν
3450 4792 3723 4865 σύμϐασιν

2138 4903 2310 4973 λέγει,
2336 4898 2460 4955 οὕτε
2488 4897 2778 4969 διαφόρους
2808 4893 3040 4963 θεότητα
3075 4890 3173 4945 καὶ
3200 4885 3619 4958 ἀνθρωπότητα.

2362 5059 2471 5115 Τοῦ
2514 5055 2703 5113 αὑτοῦ
2735 5054 2803 5107 ἐκ
2845 5051 2958 5121 τῆς
2988 5048 3181 5117 αὐτῆς
3213 5049 3399 5117 τόμου
3437 5042 3493 5111 ς’

2138 5144 2143 5149 ’
2223 5172 2242 5205 ι
2297 5154 2361 5206 El
2404 5151 2515 5222 γὰρ
2569 5148 2665 5202 καὶ
2720 5144 2967 5201 νοοῦνταὶ
3021 5142 3291 5211 διάφοροι,
3327 5137 3424 5192 καὶ
3467 5135 3729 5206 ἀλλήλαις

2145 5248 2320 5303 ἄνισοι
2358 5243 2467 5296 τῶν
2489 5243 2571 5305 είς
2609 5237 2840 5308 ἑνότητα
2876 5229 3399 5305 συνδεδραμηκότων
3423 5227 3479 5281 αἱ
3513 5224 3729 5294 φύσεις,

2150 5336 2351 5408 σαρκὸς
2384 5334 2447 5401 δὴ
2477 5331 2624 5399 λέγω
2650 5329 2744 5384 καὶ
2785 5324 2945 5391 Θεοῦ,
2973 5324 3089 5379 ἀλλ’
3121 5317 3215 5377 οὖν
3256 5315 3337 5384 εἷς
3360 5336 3422 5373 τε
3449 5318 3544 5373 καὶ

2149 5431 2178 5482 ὁ
2204 5402 2261 5494 ἐξ
2284 5426 2489 5496 ἀμφοῖν
2518 5422 2648 5485 Υἱὸς
2675 5418 2914 5490 ἀληθῶς.
2951 5437 2970 5468 ι
3009 5416 3177 5485 Δῆλον
3199 5412 3307 5482 ἄρα
3333 5412 3415 5465 δτι
3435 5411 3536 5473 ,ὅτε
3567 5402 3648 5471 εἷς
3676 5406 3735 5472 te

2151 5520 2378 5589 ἀμφοῖν,
2412 5516 2534 5570 τότε
2562 5515 2657 5568 καὶ
2685 5510 2933 5566 νοοῦνται
2979 5508 3078 5561 καὶ
3114 5504 3330 5576 φύσεις,
3354 5503 3451 5557 καὶ
3474 5498 3736 5570 ἀλλήλαις

2153 5610 2325 5664 ἄνισοι
2355 5608 2449 5661 ἐπὶ
2485 5604 2724 5678 Χριστοῦ
2767 5600 2905 5673 μετά
2933 5600 3033 5669 τὴν
3058 5598 3272 5652 ἕνωσιν.

2160 5815 2269 5870 Τοῦ
2305 5812 2493 5868 αὐτοῦ
2544 5812 2612 5866 ἐκ
2659 5811 2762 5865 τοῦ
2805 5816 2876 5863 ια’
2915 5803 3249 5875 κεφαλαίου
3295 5800 3414 5855 τῶν
3443 5795 3735 5866 Σχοῑίων.

2235 5924 2253 5958 ι
2294 5905 2417 5957 Ὀτι
2446 5903 2501 5957 δὲ
2550 5901 2848 5972 ἀσύγχυτοι
2892 5895 3271 5969 μεμενήκασιν
3300 5891 3354 5943 αἱ
3391 5888 3602 5959 φύσεις,
3639 5878 3738 5937 εἴτ’
