4034 6406
299 240 425 307 1825

1476 249 1772 309 CONTRA
1812 250 2414 316 MONOPHYSITAS.

3444 273 3586 343 1826

292 350 383 407 οὖν
415 352 776 415 ὑποστάσεις.
803 340 837 404 ³.
871 354 1005 408 Ἰδοὺ
1055 352 1147 407 οὖν
1171 354 1252 408 ὅτι
1285 351 1390 410 οἶδε
1417 358 1516 423 τὰς
1554 358 1747 429 φύσεις
1789 377 1885 429 με-

1992 359 2162 430 igitur
2209 370 2264 416 et
2314 364 2671 420 cxsistentim.
2724 386 2741 418 ι
2794 369 2932 423 Ecce
2982 386 3114 441 ergo
3160 375 3316 429 novit
3359 390 3584 438 naturas

293 445 491 508 νούσας
527 445 673 516 μετὰ
699 445 799 517 τὴν
829 445 1032 499 ἕνωσιν
1071 448 1129 498 ἐν
1158 449 1402 520 Χριστῷ,
1429 451 1716 521 διωνύμως
1751 453 1885 523 ὁμο-

286 535 438 604 λογεῖ
466 534 667 600 εἰπὼν,
702 535 802 589 εἴτ’
828 532 926 589 οὖν
988 537 1338 603 ὑποστάσεις-
1377 539 1595 608 λέγεται
1639 542 1749 613 γὰρ
1795 543 1889 595 καὶ

287 629 597 692 ὑπόστασις
648 629 804 700 παρὰ
858 629 924 682 τὸ
972 631 1346 702 ὑφεστηκέναι
1386 635 1419 703 ἡ
1480 633 1676 703 φύσις’
1728 637 1777 688 εἰ
1832 635 1889 687 δὲ

286 718 482 789 ὥσπερ
534 718 764 772 εἰώθασι
820 720 1202 788 γελωτοποιῶς
1235 724 1657 793 ἀποκρίνασθαι,
1689 727 1886 780 οὐκοῦν

284 807 381 856 καὶ
411 804 688 875 πρόσωπα
713 805 809 860 δύο
837 807 1118 877 μένουσιν⁶
1150 810 1252 881 ἔφη
1286 813 1393 883 γὰρ
1423 814 1516 866 καὶ
1534 815 1884 882 ὑποστάσεις,

282 893 513 963 πρῶτον
550 895 655 965 μὲν
688 897 881 966 σαφῶς
914 900 1140 965 ἑαυτοὺς
1181 905 1540 975 ἀπεκάλυψαν
1575 907 1689 979 ἰδίῳ
1722 909 1887 964 πάθει

282 984 674 1050 δουλεύοντας,
704 989 800 1042 καὶ
832 991 965 1054 τοὺς
992 992 1244 1064 Πατέρας
1272 994 1510 1065 βάλλειν,
1544 999 1639 1053 καὶ
1673 1017 1884 1072 πατρα-

281 1075 425 1131 λοται
458 1079 716 1145 γίνεσθαι
751 1083 826 1152 μὴ
854 1082 1226 1155 ’ὑφορώμε-ωι,
1261 1088 1423 1158 μόνον
1458 1091 1516 1143 δὲ
1551 1094 1651 1160 τῆς
1675 1093 1886 1165 πλάνης

285 1168 501 1222 ἑαυτῶν
532 1172 969 1243 προεστηκότες
995 1174 1092 1229 τοῦ
1140 1176 1250 1249 γὰρ
1276 1179 1491 1252 [ἰατρὸς
1533 1183 1662 1236 τάδε
1696 1184 1901 1255 λέγοιμ

284 1276 398 1324 τος,
441 1262 494 1313 εἰ
526 1260 707 1326 οὕτως
732 1264 918 1317 νοοῦσι
948 1266 1045 1319 καὶ
1071 1267 1169 1321 νῦν
1193 1270 1485 1340 πρόσωπον
1516 1274 1614 1345 τὴν
1647 1276 1885 1331 ὑπόστα-

286 1367 392 1413 σιν,
424 1352 655 1425 ἀνάγκη
693 1355 824 1418 τοὺς
854 1359 967 1420 τοῖς
1007 1359 1320 1429 εἰρημένοις
1354 1364 1745 1434 προσέχοντας,
1788 1370 1885 1421 καὶ

284 1443 453 1514 μηδὲν
508 1447 1015 1515 προσεπινοοῦντας
1070 1451 1103 1521 ἢ
1143 1451 1513 1524 ὑφαιροῦντας
1541 1457 1722 1527 νόημα
1752 1475 1766 1490 ·
1819 1459 1881 1512 ού

280 1536 392 1607 γὰρ
423 1536 592 1608 Θέμις
623 1538 704 1609 τῷ
742 1540 921 1610 ὀρθῶς
949 1541 1208 1612 κρίνοντι,
1241 1544 1333 1599 τὸν
1373 1546 1784 1617 πολεμιώτατον
1813 1553 1881 1620 τῇ

278 1627 581 1700 δυσσεὸεἰα
609 1631 937 1702 Νεστορίου,
985 1634 1453 1705 συνομολογοῦντα
1491 1638 1642 1710 αὐτῷ
1675 1641 1770 1693 νῦν
1811 1641 1882 1694 τὰ

1992 462 2279 509 manentes
2305 465 2430 525 post
2455 455 2845 513 adunationem
2877 461 2930 515 in
2960 461 3212 530 Christo,
3240 465 3457 526 duobus
3484 488 3585 528 no-

1991 542 2236 599 minibus
2267 547 2568 602 conﬁtetur
2597 549 2817 616 dicens,
2856 552 3023 622 igitur
3053 564 3108 610 et
3140 557 3517 616 exsistentias.
3561 584 3578 616 ι

1989 634 2200 689 Dicitur
2238 637 2384 691 enim
2427 639 2749 695 exsistentia
2790 643 2860 696 ab
2898 644 3217 700 exsistendo
3260 656 3483 705 natura.
3524 652 3582 708 Si

1989 742 2123 781 vero
2142 727 2287 782 sicut
2306 741 2713 787 consueverunt
2734 734 3047 789 scurriliter
3067 738 3427 805 respondere,
3451 757 3583 814 ergo

1987 826 2313 889 etpersonaa
2342 821 2464 878 duae
2495 833 2752 891 manent;
2787 826 3007 882 dicebat
3038 829 3187 883 enim
3222 840 3278 886 et
3309 834 3583 889 exsisten-

1990 915 2111 965 ttas.
2153 911 2337 968 Primo
2375 914 2598 983 quidem
2635 916 2925 971 evidenter
2967 918 3178 990 seipsos
3215 923 3585 992 prodiderunt

1987 1002 2225 1072 propriae
2267 1005 2508 1073 passiOni
2551 1006 2877 1071 servientes,
2916 1018 2973 1064 et
3014 1011 3207 1068 Patres
3246 1016 3479 1087 rejicere
3525 1026 3583 1072 et

1987 1095 2293 1162 parricidas
2326 1096 2443 1151 fieri
2479 1113 2588 1152 non
2626 1108 2965 1165 metuentes,
2999 1111 3212 1159 tantum
3246 1121 3381 1162 vero
3415 1123 3579 1164 erro-

1988 1199 2102 1237 rem
2138 1201 2299 1241 suum
2332 1187 2706 1244 ostendentes.
2744 1190 2871 1245 Haec
2904 1193 3054 1245 enim
3090 1193 3308 1250 dicente
3332 1197 3498 1253 Patre
3531 1198 3581 1254 si

1986 1276 2065 1330 sic
2112 1278 2356 1348 cogitant
2400 1287 2456 1333 et
2507 1295 2656 1335 nunc
2719 1296 3010 1351 personam
3087 1285 3430 1356 hypostasin,
3479 1304 3581 1343 ne-

1985 1382 2139 1422 cesse
2175 1378 2261 1423 est
2298 1369 2463 1425 dictis
2501 1373 2854 1428 attendentes
2889 1383 2946 1428 et
2988 1375 3127 1429 nihil
3170 1377 3312 1431 ultra
3357 1379 3582 1450 excogi-

1986 1465 2167 1515 tantes
2185 1469 2283 1515 aut
2302 1462 2693 1519 imminuentes
2709 1465 3028 1536 cogitatum.
3047 1468 3165 1522 Non
3186 1469 3332 1523 enim
3355 1486 3575 1543 aequum

1983 1559 2063 1605 est
2107 1561 2255 1607 recte
2285 1554 2578 1624 iudicanti,
2612 1556 3050 1613 infensissimum
3091 1561 3331 1616 Nestorii
3373 1563 3578 1634 impie-

1987 1643 2115 1708 tati,
2149 1645 2505 1700 conﬁtentem
2541 1662 2667 1702 cum
2703 1649 2822 1718 ipso
2855 1665 3007 1705 nunc
3038 1652 3231 1707 eadem
3267 1654 3575 1720 aestimare,

279 1720 424 1775 αὐτὰ
449 1720 726 1799 καθορᾷν,
763 1726 1076 1794 μαχόμενον
1102 1727 1158 1781 δὲ
1183 1728 1330 1799 αὺτῷ
1360 1731 1623 1803 μυριάκις
1646 1731 1877 1804 κράζον-

1988 1732 2047 1787 in
2091 1733 2271 1803 ipsum
2312 1750 2445 1793 vero
2490 1748 2860 1810 pugnantem,
2903 1742 3105 1797 millies
3148 1744 3477 1800 clamantem
3522 1764 3578 1802 ιιι

282 1829 338 1865 τι
376 1814 438 1866 ὲν
470 1816 541 1885 τῇ
571 1815 716 1887 πρὸς
754 1815 1050 1888 Ἐϐραίους
1077 1819 1335 1891 ἐξηγήσει
1367 1823 1459 1875 καὶ
1485 1824 1544 1877 ὲν
1567 1824 1795 1894 ἑτέροις,
1818 1826 1879 1877 οὐ

281 1902 375 1956 δύο
406 1898 553 1957 εἰναι
579 1904 900 1974 προσώπων
947 1906 1160 1961 ἕνωσιν·
1191 1908 1295 1981 ἔφη
1324 1911 1435 1980 γὰρ
1465 1913 1594 1981 περὶ
1638 1913 1734 1967 τοῦ
1775 1931 1883 1985 μα-

279 1994 613 2067 ταιόφρονος
626 1996 731 2067 τὴν
754 1997 866 2051 τῶν
883 1999 1194 2070 προσώπων
1216 2001 1410 2056 ἕνωσιν
1437 2004 1539 2058 οὐκ
1571 2000 1687 2058 οἴδα
1718 2006 1883 2060 πόθεν

282 2087 675 2159 ἔξευρηκότος’
708 2088 868 2148 eis:
892 2090 1166 2146 ὲνωθέντα
1192 2091 1369 2149 ταῦτά
1414 2096 1667 2166 φησικαί
1702 2101 1881 2168 μεῖναι

281 2177 575 2248 ἀσύτχυτα
624 2179 748 2235 νῦν.
802 2181 867 2234 Εἰ
916 2177 1013 2236 οὖν
1042 2182 1120 2247 ὼς
1148 2185 1415 2255 πρόσωπα
1441 2187 1590 2256 λέγει
1620 2189 1719 2253 τὰς
1751 2190 1883 2244 ὑπο-

286 2268 508 2332 στάσεις
538 2269 917 2341 ἀσυγχύτους,
946 2273 1168 2344 γέγονεν
1218 2276 1556 2343 ὑπόσπονδος
1590 2280 1667 2350 τῷ
1697 2281 1885 2334 ἀσεϐεῖ

284 2359 629 2431 δπολέμιος·
661 2362 782 2416 ἀλλ’
820 2365 870 2417 οἰ
918 2364 1031 2418 τῶν
1065 2366 1212 2420 ἰδίων
1254 2369 1590 2439 ἀμνήμονες,
1644 2371 1759 2434 πῶς
1788 2372 1884 2425 νῦν

281 2452 383 2504 οὐκ
401 2452 836 2523 ἀποφαίνονται,
866 2457 950 2510 ὅτι
975 2458 1069 2512 ἐπὶ
1093 2458 1186 2512 τοῦ
1212 2459 1318 2529 τῆς
1345 2462 1660 2532 οἰκονομίας
1685 2463 1882 2531 Λόγου,

284 2542 448 2613 φύσιν
472 2561 534 2598 τε
568 2545 671 2599 καὶ
730 2547 1034 2602 ὑπόστασιν
1057 2549 1254 2603 ταυτὸν
1273 2545 1414 2604 οἶδεν
1440 2551 1469 2604 ὅ
1494 2568 1552 2604 τε
1566 2552 1885 2615 διδάσκαλος

283 2635 562 2707 Κύριλλος
593 2638 693 2691 καὶ
741 2638 944 2709 ἡμετςς
981 2640 1087 2694 Ἕκ
1120 2657 1178 2693 τε
1228 2634 1322 2694 οὖν
1374 2640 1600 2705 τούτων,
1657 2643 1717 2695 τὸ
1768 2646 1886 2697 ἐκεῖ

282 2725 502 2794 ψευδές·
535 2729 636 2782 καὶ
658 2732 725 2783 ὲκ
752 2729 864 2783 τῶν
892 2731 1029 2799 ἐκεῖ,
1051 2731 1085 2800 ὴ
1114 2729 1302 2785 ἐνθάδε
1332 2730 1678 2803 σύρεσιλογία
1705 2735 1908 2796 αὐτῶν,

287 2820 617 2889 κατάδηλος.

297 2911 591 2969 Ἰωάννου
632 2915 740 2970 τοῦ
771 2918 1209 2989 Χρυσοοζτόμου
1236 2919 1304 2989 ἐκ
1334 2917 1446 2987 τῆς
1476 2919 1627 2989 πρὸς
1658 2921 1884 2976 Καισά-

822 3004 962 3056 pter
996 2987 1353 3057 ἐπιστολῆς.

359 3100 379 3135 ι
427 3079 849 3154 Γνωριζόμενον
881 3078 981 3149 μὲν
1012 3076 1093 3148 τῷ
1136 3076 1431 3149 ἀσυγχύτῳ
1468 3081 1561 3133 καὶ
1598 3080 1889 3152 ἀδιαιρέτῳ
1912 3085 1957 3149 C

298 3176 475 3248 λόγῳ,
523 3176 631 3228 οὐκ
685 3176 746 3227 ἐν
809 3172 911 3243 μιᾷ
956 3170 1147 3240 φύσει,
1186 3169 1303 3223 ἀλλ’
1337 3171 1394 3223 ἐν
1419 3170 1537 3224 δυσὶ
1561 3171 1817 3236 τελείαις.
1858 3192 1878 3224 ι

284 3271 394 3325 Καὶ
442 3267 565 3339 μετ’
590 3265 772 3336 ὀλίγα.
823 3284 843 3317 ι
900 3265 1062 3326 Ποῐος
1093 3258 1186 3317 οὖν
1218 3263 1354 3336 ᾅδης
1384 3262 1716 3335 ἐξηρεύξατο
1755 3266 1883 3335 μίαν

285 3362 385 3415 ὲπδ.
416 3360 517 3414 τοῦ
550 3355 794 3430 Χριστοῦ
829 3356 1011 3426 λέγειν
1043 3354 1236 3424 φύσιν;
1274 3373 1294 3407 ι
1318 3353 1433 3408 Καὶ
1466 3356 1608 3423 μετὰ
1650 3355 1880 3428 βραχέα·

276 3438 310 3505 ἰ
345 3454 410 3507 Εἰ
443 3451 561 3523 γὰρ
589 3451 686 3505 καὶ
712 3449 865 3520 διττὴ
896 3450 930 3518 ὴ
970 3446 1155 3517 φύσις,
1181 3445 1300 3501 ἀλλ’
1325 3442 1421 3499 οὖν
1447 3445 1754 3517 ἀδιαίρετος
1788 3447 1883 3502 καὶ

284 3546 664 3607 ἀδιάσπαστος
688 3544 724 3612 ἡ
750 3540 969 3607 ἓνωσις,
997 3540 1058 3593 ἐν
1082 3539 1163 3593 ἐνὶ
1188 3538 1292 3608 τῆς
1316 3537 1565 3608 υἰότητος
1592 3538 1885 3610 ὁμολογου-

287 3637 422 3708 μένη
458 3632 770 3707 προσώπῳ.
805 3650 825 3685 ι

290 3750 401 3805 Τοῦ
430 3750 617 3818 ἁγίου
660 3745 1005 3818 ’Ῑουστίνου
1052 3743 1355 3818 μάρτυρος
1399 3744 1469 3799 ἐκ
1526 3746 1637 3818 τοῦ
1681 3747 1881 3814 τρίτου

346 3814 639 3948 ,ςιᾷλίουξ
656 3817 765 3871 τοῦ
814 3815 950 3885 περὶ
1013 3814 1127 3884 τῆς
1179 3815 1354 3885 ἁγίας
1403 3815 1649 3884 Τριάδος
1704 3832 1885 3885 κεφα-

392 3907 540 3944 αιου
572 3907 592 3942 ι
646 3929 658 3942 .
890 3914 893 3917 -

348 3894 540 3945 ⁹τοίου
572 3894 658 3948 ιζ’.
890 3914 893 3917 -

359 4001 379 4033 ι
418 3982 601 4035 Ὅταν
628 3974 724 4033 οῦν
752 3967 997 4049 ἀκούσης
1031 3974 1127 4029 τοῦ
1159 3977 1277 4039 ἑνὸς
1308 3975 1438 4031 Υἰοῦ
1487 3976 1588 4042 τὰς
1632 3976 1884 4042 ἐναντίας

283 4072 493 4143 φωνὰς,
529 4069 889 4140 καταλλήλως
941 4065 1135 4140 μέριζε
1186 4070 1308 4132 ταῖς
1336 4068 1534 4138 φύσεσι
1562 4070 1632 4124 τὰ
1663 4069 1884 4140 λεγόμε-

281 4183 368 4221 να.
407 4184 427 4218 ι
466 4164 585 4218 Καὶ
626 4162 769 4234 μετὰ
806 4160 1007 4232 βραχύν
1043 4178 1061 4212 ι
1120 4159 1389 4233 Έκάστης
1423 4160 1459 4214 ἃ
1498 4161 1709 4231 πέφυκε
1734 4162 1886 4233 δεχο-

284 4260 454 4329 μένης
494 4256 741 4327 φύσεως.
779 4273 799 4305 ι
854 4254 966 4307 Καὶ
999 4252 1118 4322 μετ’
1147 4252 1327 4322 ὀλίγα·
1370 4271 1388 4304 ι
1430 4253 1644 4325 Ὥσπερ
1669 4247 1750 4317 εἷς
1783 4255 1884 4326 μέν

282 4354 430 4406 ἐστιν
460 4348 929 4419 ἅνθρωπος,-ἒχει
965 4347 1022 4401 δὲ
1063 4346 1161 4400 δύο
1202 4347 1395 4417 φύσεις
1443 4346 1752 4419 διαφόρους,
1788 4348 1883 4402 καὶ

1984 1829 2383 1883 commentario
2417 1830 2483 1884 ad
2521 1831 2779 1887 Hebraeos
2815 1840 2871 1887 et
2914 1833 2969 1887 in
3010 1834 3153 1901 aliis,
3191 1851 3300 1890 non
3340 1837 3578 1893 duarum

1983 1932 2105 1973 esse
2151 1934 2515 1988 personarum
2566 1922 2993 1992 adunationem;
3043 1926 3264 1981 dicebat
3310 1930 3457 1984 enim
3507 1930 3578 1986 de

1985 2006 2183 2062 insano
2203 2049 2216 2073 ,
2243 2025 2600 2079 personarum
2633 2011 3026 2067 adunationem
3053 2053 3067 2077 ,
3094 2016 3282 2070 nescio
3313 2017 3461 2071 unde
3489 2018 3576 2073 in-

1983 2096 2262 2152 venientc.
2287 2097 2539 2154 Adunata
2564 2115 2693 2153 vero
2720 2100 2837 2155 haec
2862 2101 2997 2156 dicit
3020 2111 3075 2157 et
3100 2118 3325 2159 manere
3377 2106 3576 2161 incon-

1984 2185 2106 2241 fusa
2148 2203 2318 2243 nunc.
2364 2188 2421 2245 Si
2461 2204 2593 2261 ergo
2634 2198 2894 2260 tanquam
2938 2208 3205 2262 personas
3246 2194 3579 2266 hypostases

1984 2277 2305 2336 inconfusus
2332 2281 2489 2346 dicit,
2517 2282 2702 2337 socius
2734 2282 2908 2337 factus
2935 2291 3021 2338 est
3053 2284 3438 2354 impii'hostis.
3464 2286 3575 2343 Sed

1984 2371 2078 2440 qui
2104 2373 2453 2442 propriarum
2473 2373 2877 2428 obliviscuntur
2893 2390 3100 2439 rerum,
3121 2377 3399 2446 quomodo
3420 2394 3575 2434 nunc

1983 2477 2095 2516 non
2122 2464 2534 2519 convincuntur
2556 2465 2706 2535 quod
2731 2466 2801 2520 de
2825 2466 3222 2522 incarnationis
3241 2466 3446 2535 Verbo,
3473 2486 3576 2525 na-

1988 2562 2168 2608 turam
2203 2563 2260 2610 et
2297 2556 2638 2627 hypostasim
2668 2572 2796 2611 eum
2832 2558 2987 2612 novit
3022 2567 3135 2617 tum
3173 2560 3434 2631 magister
3463 2561 3574 2632 Cy-

1987 2649 2167 2714 rillus,
2202 2657 2317 2704 tum
2350 2650 2605 2705 novimus
2632 2651 2797 2704 etiam
2829 2651 2965 2706 nos?
2991 2651 3073 2705 Ex
3103 2651 3224 2707 istis
3252 2668 3405 2722 ergo,
3436 2653 3575 2709 illud

1986 2738 2064 2793 ibi
2091 2738 2383 2807 fallaciter,
2409 2748 2466 2795 et
2490 2756 2556 2794 ex
2582 2741 2693 2796 illis
2720 2741 2795 2795 ibi
2826 2741 3134 2810 loquacitas
3156 2742 3355 2797 exinde
3379 2758 3573 2799 eorum

1986 2831 2298 2886 manifesta.
2938 2832 2949 2838 ’

2058 2922 2290 2977 Joannis
2327 2922 2682 2995 Cltrgsostomi
2710 2910 3050 2997 ex’Epistola
3085 2927 3156 2981 ad
3188 2926 3500 2984 Camurium.

2065 3094 2085 3127 ι
2134 3076 2425 3150 Cognitum
2472 3079 2694 3149 quidem
2782 3078 3076 3134 inconfuso
3117 3089 3174 3135 et
3218 3079 3575 3150 inscparabiii

1985 3169 2180 3237 verbo,
2204 3184 2316 3225 non
2343 3171 2400 3226 in
2428 3187 2536 3225 una
2562 3181 2781 3237 natura,
2807 3172 2903 3226 sed
2933 3173 2987 3226 in
3019 3172 3234 3227 duabus
3258 3173 3568 3243 perfectis.»

1985 3259 2057 3315 Et
2092 3270 2219 3331 post
2251 3262 2440 3318 brevia
2478 3280 2494 3318 :
2542 3282 2561 3314 ι
2600 3262 2791 3329 Qualis
2826 3264 2995 3334 igitur
3028 3263 3279 3320 infernus
3315 3281 3477 3320 unam
3516 3267 3574 3321 in

1984 3351 2208 3408 Christo
2230 3355 2505 3410 eructavit
2531 3354 2716 3409 dicere
2740 3356 3032 3409 naturam?
3062 3377 3079 3407 ι
3110 3356 3178 3409 Et
3204 3364 3331 3426 post
3354 3372 3526 3426 pauca
3553 3375 3569 3413 :

1993 3461 2010 3493 ι
2045 3440 2103 3497 Si
2131 3443 2279 3497 enim
2310 3452 2366 3498 et
2393 3443 2595 3515 duplex
2625 3454 2842 3509 natura,
2870 3446 2965 3500 sed
2995 3445 3348 3500 indivisibilis
3373 3454 3431 3501 et
3458 3464 3580 3503 non-

1985 3530 2303 3586 dilanianda
2337 3531 2600 3587 adunatio
2634 3548 2799 3602 quam
2835 3534 2890 3588 in
2926 3548 3034 3588 una
3068 3533 3313 3589 ﬁlietatis
3347 3535 3575 3591 conﬁte-

1984 3636 2110 3676 mur
2136 3637 2395 3691 persona.
2428 3642 2447 3675 ι

1984 3730 2169 3786 Sancti
2191 3731 2392 3787 Justini
2419 3734 2673 3804 martyris
2699 3750 2727 3786 e
2753 3735 2908 3787 tertio
2937 3732 3072 3788 libro
3095 3734 3159 3788 de
3179 3744 3369 3792 sancta
3394 3738 3579 3793 Trini-

2365 3814 2493 3868 tate,
2524 3804 2696 3875 capite
2724 3804 2925 3859 decimo
2954 3806 3197 3875 septimo.

2064 3978 2083 4009 ι
2118 3959 2349 4027 Quando
2380 3976 2510 4031 ergo
2540 3960 2801 4016 audivisti
2836 3962 3001 4016 unius
3024 3961 3145 4016 Filii
3166 3964 3449 4034 oppositas
3475 3982 3572 4020 νος

1984 4067 2095 4118 ces,
2122 4053 2190 4108 ab
2218 4052 2451 4107 invicem
2482 4052 2670 4107 divide
2698 4069 2798 4122 pro
2822 4054 3038 4110 naturis
3063 4054 3233 4110 dicta.
3264 4076 3282 4109 ι
3311 4056 3380 4111 Ει
3406 4060 3585 4128 paulo

1983 4154 2108 4216 post
2134 4164 2147 4200 :
2181 4165 2198 4197 ι
2228 4145 2583 4216 Unaquaeque
2606 4161 2729 4216 qua:
2749 4146 2940 4217 genuit
2966 4146 3266 4217 accipiente
3296 4158 3511 4205 natura.
3545 4170 3573 4203 ι

1984 4237 2053 4292 Et
2085 4238 2249 4308 paulo
2281 4246 2403 4308 post
2438 4258 2450 4293 :
2492 4257 2510 4289 ι
2546 4235 3020 4304 Quemadmodum
3053 4252 3198 4292 unus
3226 4237 3455 4308 quidem
3486 4248 3583 4295 est

1984 4329 2174 4391 homo.
2206 4329 2345 4384 duas
2371 4344 2504 4385 vero
2532 4338 2759 4384 naturas
2787 4327 2955 4382 habet
2987 4327 3257 4393 diversas,
3287 4338 3454 4400 atque
3483 4346 3582 4387 se-

283 4445 404 4498 κατ⁹
441 4443 577 4498 ἄλλο
615 4442 715 4512 μὲν
752 4439 1071 4509 λογίζεται,
1116 4439 1240 4493 κατ’
1275 4438 1405 4493 ἄλλο
1448 4438 1503 4491 δὲ
1531 4438 1592 4492 τὸ
1626 4438 1880 4507 λογισοὲν

1987 4422 2227 4478 cundum
2281 4422 2508 4477 alteram
2561 4420 2785 4491 quidem
2834 4420 3219 4485 ratiocinator,
3265 4422 3585 4477 secundum

280 4537 519 4606 ἐνεργεῖ.
564 4552 583 4585 ι
617 4528 753 4586 Εἶτα
774 4531 1007 4598 ἐπάγει·
1053 4549 1072 4583 ι
1106 4528 1295 4595 Οὕτως
1327 4532 1356 4583 ὁ
1394 4529 1522 4593 Υἰὸς
1558 4523 1637 4594 εἷς
1667 4529 1743 4585 ὣν
1789 4529 1883 4584 καὶ

281 4626 375 4680 δύο
417 4625 642 4694 φύσεις,
685 4620 807 4675 κατ’
833 4620 1003 4692 ἄλλην
1038 4620 1135 4691 μὲν
1162 4619 1263 4683 τὰς
1291 4618 1623 4691 θεοσημείας
1651 4620 1884 4692 ἐργάζε-

281 4737 393 4782 ται,
442 4717 573 4772 κατ’
597 4715 767 4785 ἄλλην
806 4714 863 4767 δὲ
916 4713 985 4767 τὰ
1034 4712 1271 4766 ταπεινὰ
1321 4711 1681 4782 παρεδέξατο.
1719 4731 1739 4763 ι
1772 4710 1883 4763 Καὶ

286 4810 411 4881 μεθ’
438 4809 630 4879 ἔτερα·
670 4825 692 4857 ι
722 4800 816 4871 Εἷς
844 4805 1017 4877 ἥλιος,
1043 4803 1317 4874 φύσειςδὲ
1349 4801 1463 4866 δύο,
1496 4803 1529 4872 ἠ
1554 4802 1652 4871 μὲν
1682 4802 1879 4881 φωτρς,

281 4904 316 4973 ἡ
333 4899 390 4956 δὲ
417 4899 677 4971 σώματος
702 4897 948 4968 ἡλιακοῦσ
981 4895 1156 4960 οὕτως
1187 4893 1469 4950 κάνταῦθα
1495 4889 1576 4957 εἷς
1629 4893 1728 4964 μὲν
1754 4892 1882 4957 Υἰδς

280 4996 378 5048 καὶ
423 4996 639 5064 Κύριος
700 4992 795 5044 καὶ
826 4990 1066 5060 Χριστὸς
1097 4991 1192 5043 καὶ
1226 4986 1562 5058 Μονογενὴς,
1599 4988 1795 5056 φύσεις
1822 4986 1881 5039 δὲ

278 5085 395 5150 δύο,
443 5086 483 5155 ἡ
529 5083 632 5155 μὲν
664 5082 805 5153 ὑπὲρ
836 5082 1007 5152 ἡμᾶς,
1056 5080 1093 5153 ἡ
1122 5079 1180 5133 δὲ
1201 5077 1473 5150 ἡμετέρα.
1518 5096 1538 5130 ι

285 5262 397 5319 Τοῦ
440 5262 621 5331 ἁγίου
681 5259 1045 5330 Ἀμόροσίου
1102 5258 1444 5331 ἐπισκόπου
1496 5254 1884 5331 Μεδιολάνων

421 5328 502 5388 ἐνί
545 5329 657 5399 τῆς
686 5328 1009 5401 ἑρμηνείας
1041 5328 1152 5382 τοῦ
1190 5328 1366 5398 ἁγίου
1397 5328 1733 5395 συμϐόλου.

350 5446 373 5482 ι
414 5426 561 5491 Τοὺς
613 5426 675 5479 δὲ
723 5424 988 5493 λέγοντας
1036 5421 1203 5492 (μετὰ
1239 5423 1310 5474 τὰ
1338 5421 1395 5473 ὲν
1425 5420 1577 5491 μέσῳ
1603 5418 1749 5487 τινὰ)
1782 5418 1885 5482 τὰς

283 5519 473 5588 φύσεις
518 5516 613 5571 τοῦ
668 5513 918 5587 Χριστοῦ
961 5513 1105 5568 κατὰ
1158 5512 1467 5584 ἁνόικριισιν¹
1513 5510 1879 5580 συγχυθείσας

286 5610 411 5674 μίαν
442 5607 703 5677 γενέσθαι
737 5606 925 5674 φύσιν,
970 5605 1066 5658 καὶ
1104 5603 1178 5674 μὴ
1218 5601 1618 5673 ὁμολογοῦντας
1652 5600 1743 5653 τὸν
1772 5601 1877 5653 Κύ-

286 5717 395 5765 ριον
428 5699 592 5772 ἡμῶν
637 5699 855 5769 Ἰησοῦν
886 5694 1150 5768 Χριστὸν,
1181 5695 1276 5750 δύο
1306 5690 1447 5749 εἶναι
1487 5692 1681 5763 φύσεις
1705 5694 1874 5761 ἀσυγ-

1973 4515 2215 4586 alteram
2249 4528 2372 4584 quae
2405 4513 2747 4568 ratiocinans
2775 4522 2861 4568 est
2888 4521 3177 4583 operatur.
3212 4533 3229 4565 ι
3265 4513 3406 4568 Dein
3438 4514 3575 4569 sub-

1981 4605 2163 4676 jungit
2199 4622 2212 4658 :
2257 4623 2275 4655 ‹
2320 4603 2409 4660 Sic
2444 4604 2618 4659 Filius
2653 4608 2747 4674 qui
2781 4619 2927 4659 unus
2959 4612 3044 4659 est
3076 4612 3133 4660 et
3167 4605 3286 4661 dua:
3323 4615 3575 4670 natura).

1984 4697 2288 4754 secundum
2328 4697 2557 4750 alteram
2597 4697 2822 4767 quidem
2862 4697 3049 4753 divina
3090 4696 3339 4768 prodigia
3378 4712 3582 4768 cpera-

1986 4798 2097 4852 tur,
2133 4789 2436 4844 secundum
2482 4789 2713 4843 alteram
2753 4788 2965 4855 abjecta
3006 4788 3248 4843 admisit.
3290 4807 3309 4838 ι
3346 4788 3412 4843 Et
3448 4802 3585 4859 post

1984 4880 2090 4935 alia
2122 4898 2135 4934 :
2176 4900 2194 4931 ι
2230 4880 2384 4936 Unus
2411 4882 2513 4945 sol,
2542 4890 2756 4935 natura:
2780 4894 2913 4933 vero
2943 4880 3086 4945 dum,
3118 4880 3292 4935 altera
3319 4879 3587 4943 luminis,

1984 4969 2234 5040 corporis
2263 4970 2450 5025 solarii
2478 4969 2680 5034 altera;
2713 4968 2792 5023 sic
2819 4978 2875 5023 et
2907 4968 2980 5022 ibi
3013 4983 3158 5022 unus
3183 4967 3360 5022 Fiiius
3384 4976 3442 5022 et
3466 4968 3583 5022 Do-

1984 5061 2169 5115 minus
2198 5068 2255 5113 et
2281 5058 2537 5114 Christus
2564 5066 2621 5112 et
2652 5057 2991 5128 unigenitus,
3021 5063 3237 5111 naturae
3262 5070 3400 5110 vero
3430 5054 3590 5120 dum,

1983 5153 2157 5208 altera
2189 5164 2352 5222 supra
2381 5166 2505 5216 nos,
2535 5149 2709 5204 altera
2738 5156 2948 5204 nostra.
2986 5166 3006 5200 ι

2020 5257 2205 5316 Sancti
2232 5258 2501 5313 Ambrosii
2525 5257 3006 5313 Mediolanenaium
3036 5255 3287 5328 Episcopi
3315 5273 3342 5310 e
3371 5265 3555 5310 sanctr

2422 5328 2646 5401 symboli
2675 5329 3137 5399 interpretatione.

2060 5444 2078 5476 ι
2120 5424 2229 5479 Eos
2269 5424 2361 5494 qui
2410 5423 2605 5478 dicunt
2645 5422 2807 5493 (post
2847 5436 2912 5476 ea
2957 5435 3080 5489 quae
3124 5420 3180 5474 in
3223 5418 3406 5474 medio
3450 5426 3587 5475 sun!

1983 5514 2269 5586 quaedam)
2305 5526 2533 5569 naturas
2569 5513 2623 5567 in
2660 5511 2882 5568 Christo
2916 5526 3017 5581 per
3046 5510 3333 5565 misturam
3367 5523 3586 5579 coagu-

1981 5603 2120 5656 latas
2150 5601 2368 5655 unicam
2403 5599 2523 5655 ﬁeri
2550 5608 2801 5654 naturam
2823 5639 2841 5665 ,
2866 5613 2971 5653 nec
3000 5598 3292 5652 Dominum
3323 5604 3585 5651 nostrum

1980 5691 2167 5748 Jesum
2208 5690 2492 5747 Christum
2531 5688 2866 5746 conﬁtentur
2896 5688 3036 5744 duas
3072 5703 3194 5743 esse
3233 5696 3462 5743 naturas
3499 5687 3584 5742 ins-
