4034 6404
478 329 603 393 1831

1746 321 2060 384 LEONTII
2099 318 2505 382 BYZANTINI

3604 323 3738 388 1832

468 445 655 500 carnis
695 445 873 499 oculis
918 444 1218 514 quidquam
1267 441 1651 501 considerare,
1696 453 1807 492 non
1865 436 2047 506 reipsa

2156 432 2435 503 θεωρεῖται
2476 450 2550 498 τι,
2583 432 2684 486 οὐκ
2727 432 2895 498 ὅντως
2930 427 3069 489 εἶναι
3100 435 3218 489 τόδε
3246 437 3470 490 οἴονται·
3501 437 3611 509 ἄρα
3645 435 3739 493 οὖν

470 552 592 591 esse
630 536 767 591 illud
810 536 1171 590 arbitrantur.
1202 534 1373 606 lgitur
1393 547 1497 587 nec
1517 529 1744 601 angelus
1774 543 1879 583 nee
1906 528 2052 582 Deus

400 630 403 633 ’
477 628 608 691 erit,
634 642 736 683 nec
766 629 898 699 quid
932 627 1305 697 Spiritualium
1330 623 1675 694 simpliciter.
1710 640 1728 672 ι

524 745 802 816 Ejusdem,
836 761 899 797 ex
929 760 972 808 c;
992 742 1147 797 istola
1179 744 1248 796 ad
1276 741 1488 795 Jus'nm
1526 739 1707 795 Romae
1732 756 1759 792 ε
1782 738 2053 807 iiscOpum.

549 916 567 947 ι
596 896 710 966 Ego
735 896 881 950 enim
908 910 1010 949 nec
1030 898 1331 950 convineor
1353 894 1447 964 qui
1470 894 1621 948 aliud
1651 892 1787 962 quid
1810 906 2051 960 unquam

474 988 849 1058 cogitaverim,
870 1002 1035 1056 quam
1066 986 1215 1057 quod
1238 986 1525 1041 conforme
1555 984 1777 1039 videtur
1809 982 2051 1047 veritati,

475 1094 579 1134 nec
613 1078 928 1149 passibilem
971 1078 1083 1132 dixi
1123 1093 1364 1147 unquam
1408 1077 1654 1133 divinam
1686 1075 1855 1133 Verbi
1888 1083 2051 1129 natu-

475 1186 615 1224 ram.
652 1189 670 1221 ι
718 1170 787 1223 Ει
821 1169 986 1239 paulo
1018 1175 1142 1238 post
1173 1186 1188 1223 :
1225 1189 1241 1219 ι
1271 1168 1408 1224 Novi
1436 1177 1494 1224 et
1521 1165 1917 1238 impassibilem
1957 1166 2050 1221 Dei

474 1270 727 1315 naturam
754 1269 811 1316 et
837 1259 1050 1314 ﬁrmam
1077 1266 1134 1315 et
1161 1259 1585 1324 immutabilem,
1614 1260 1746 1314 licet
1775 1259 1829 1313 in
1855 1259 2051 1313 huma-

466 1353 657 1407 nitatis
686 1360 909 1418 natura,
936 1361 994 1407 et
1021 1367 1192 1407 unum
1225 1354 1281 1407 in
1307 1351 1582 1407 ambobus
1611 1358 1670 1406 et
1690 1366 1759 1406 ex
1782 1349 2054 1405 ambobus

467 1444 771 1499 Christum.
802 1463 822 1497 ι

472 1557 752 1610 Athanasii
794 1557 850 1610 in
892 1555 1285 1612 Commentario
1338 1566 1506 1611 textus
1546 1571 1564 1610 :
1598 1575 1618 1606 ς
1658 1555 1846 1617 Amen,
1893 1571 2050 1609 amen

505 1627 619 1680 dico
642 1627 803 1692 vobis,
833 1635 1119 1697 antequam
1143 1627 1409 1681 Abraham
1430 1627 1602 1696 ﬁeret,
1634 1642 1728 1696 ego
1749 1642 1867 1679 sum
1894 1626 1961 1680 ¹³.
1989 1644 2007 1677 ι

546 1737 563 1768 ι
607 1717 953 1788 Impudentia
992 1717 1281 1772 evidenter
1317 1732 1430 1772 non
1464 1716 1761 1789 dupliciter
1803 1718 2049 1788 cogitare

2156 524 2279 577 οὐδὲ
2307 524 2560 594 ἄγγελος,
2607 524 2729 577 οὐδὲ
2766 524 2899 588 Θεὸς
2946 524 3120 591 ἔσται,
3146 525 3269 579 ούδὲ
3310 544 3365 579 τι
3392 527 3503 581 τῶν
3535 528 3740 601 νοητῶν

2156 616 2365 680 ἅπλῶς.
2404 635 2424 670 ι

2161 728 2272 784 Τοῦ
2329 728 2540 799 αὐτοῦ,
2583 729 2651 782 ἐκ
2704 727 2814 797 τῆς
2868 731 3015 797 πρὸς
3084 732 3359 787 Ἰοῦστον
3398 732 3742 789 ἐπίσκοπον

2649 799 2876 869 Ῥώμης
2904 801 3259 871 ἐπιστολῆς.

2232 909 2253 942 ι
2307 889 2454 958 Ἐγὼ
2495 889 2606 961 γὰρ
2652 890 2779 944 οὔτε
2824 892 3124 963 ὲλέγχομαι
3163 895 3526 966 πεφροντικὼς
3550 896 3738 963 ἕτερόν

2153 1001 2207 1036 τι
2238 982 2457 1035 πώποτε
2492 983 2642 1053 παρά
2683 982 2746 1037 τὸ
2776 983 2968 1039 δοκοῦν
3020 987 3088 1056 τῇ
3128 986 3383 1059 ἀληθείᾳ,
3404 985 3528 1041 οὔτε
3555 987 3735 1057 παθη-

2153 1075 2253 1147 τὴν
2275 1074 2474 1147 εῐρηκά
2501 1092 2639 1129 ποτε
2671 1076 2772 1148 τὴν
2814 1076 2968 1130 θείαν
2993 1077 3089 1131 τοῦ
3121 1076 3299 1147 Λόγού
3350 1079 3533 1148 φύσιν.
3571 1098 3591 1132 ι
3625 1082 3735 1136 Καὶ

2157 1166 2298 1237 μετά
2338 1164 2536 1236 βραχύο
2575 1184 2595 1218 ι
2636 1160 2767 1220 Οἶδα
2797 1165 2854 1219 δὲ
2883 1167 2979 1219 καὶ
3006 1166 3197 1237 ἀπαθῆ
3219 1166 3320 1238 τὴν
3347 1167 3442 1221 τοῦ
3471 1167 3607 1221 Θεοῦ
3636 1167 3735 1236 φύ-

2154 1275 2240 1312 σιν
2272 1258 2367 1313 καὶ
2397 1259 2668 1329 ἄτρεπτον
2716 1260 2811 1314 καὶ
2852 1259 3216 1315 ἀναλλοίωτον
3266 1261 3373 1314 κάν
3416 1263 3483 1329 τῇ
3516 1260 3614 1329 τῆς
3648 1261 3738 1312 ἀνι

2153 1348 2504 1421 θρωπότητος
2555 1350 2737 1420 φύσει,
2783 1351 2879 1404 καὶ
2917 1349 3015 1403 ενα
3061 1350 3122 1405 έν
3160 1351 3366 1421 ἀμφοῖν
3396 1350 3494 1405 καὶ
3529 1350 3590 1416 ἐξ
3627 1351 3738 1420 ἀμ-

2153 1440 2274 1508 φοῖν
2313 1438 2406 1493 τὸν
2434 1438 2690 1511 Χριστόν.
2723 1458 2742 1491 ι

2165 1551 2513 1606 Ἀθανασίου
2544 1551 2615 1605 ἐν
2642 1550 2717 1620 τῇ
2745 1550 3032 1621 ἐξηγήσει
3080 1549 3188 1605 τοῦ
3210 1567 3226 1583 ο
3271 1569 3290 1603 ι
3334 1550 3534 1621 Ἀμὴν,
3571 1550 3739 1619 ἀμὴν

2206 1621 2361 1691 λέγω
2388 1621 2550 1691 ὑμῖν,
2580 1622 2724 1689 πρὶν
2764 1620 3012 1690 Ἀϐραὰμ
3030 1621 3307 1689 γενέσθαι
3331 1620 3446 1691 ἐγώ
3473 1623 3609 1690 ειμι.
3653 1640 3670 1678 ι

2228 1730 2249 1764 ι
2300 1713 2684 1783 ’Δναισχυντία
2715 1711 2904 1781 σαφῶς
2930 1711 2991 1764 τὸ
3028 1711 3104 1782 μὴ
3131 1709 3294 1782 διχῶς
3325 1710 3580 1765 νοεῖν-τὶν
3599 1711 3737 1781 Χρι-

469 1810 770 1876 Christum,
816 1812 1008 1866 divine
1038 1821 1096 1866 et
1122 1812 1458 1867 humaniter.
1499 1831 1518 1863 ι
1553 1812 1613 1867 ιιι
1661 1812 1822 1867 tertio
1856 1819 2049 1867 contra

2156 1805 2278 1858 στὸν
2310 1803 2509 1869 θεῖκῶς
2553 1821 2612 1858 τε
2643 1804 2739 1858 καὶ
2776 1803 3157 1876 ἀνθρωπίνως.
3196 1822 3215 1855 ι
3249 1801 3342 1857 Ἐν
3366 1802 3427 1856 δὲ
3463 1803 3540 1874 τῷ
3591 1802 3739 1856 κατά

470 1903 702 1958 Arianos
730 1918 984 1959 sermone
1028 1903 1205 1958 dicit:
1242 1921 1258 1954 ι
1289 1902 1485 1958 Omnia
1530 1919 1654 1974 qua:
1698 1904 1754 1958 in
1787 1904 2049 1958 humani-

470 1994 598 2048 tatis
647 2003 893 2065 tempore
932 2010 963 2049 a
999 1994 1284 2051 Salvatore
1327 1995 1551 2052 Christo
1593 1998 1733 2053 facta
1778 2007 1910 2054 sunt
1955 2004 2051 2051 aut

474 2085 643 2150 dicta,
671 2099 729 2142 et
757 2086 899 2141 facta
925 2096 982 2141 et
1011 2087 1159 2142 dicta
1181 2088 1445 2144 unitatem
1469 2089 1658 2145 formae
1687 2105 1795 2144 non.
1825 2090 2049 2156 habent,

467 2176 785 2231 differentia
818 2193 953 2232 vero
975 2185 1079 2233 est.
1118 2198 1139 2231 ι

562 2285 747 2340 Sancti
777 2286 965 2358 Cyrilli
994 2304 1059 2342 ex
1081 2287 1405 2343 allocutione
1436 2291 1507 2343 ad
1530 2289 1945 2344 Atexandrinos.

546 2459 563 2489 ι
594 2440 896 2497 Inetl‘abilis
925 2441 1190 2499 adunatio
1220 2458 1382 2514 quam
1410 2453 1560 2500 recte
1595 2445 1902 2517 cogitantes
1922 2462 2054 2502 con-

470 2530 697 2586 ﬁtentur
726 2532 917 2588 ambas
942 2533 1118 2588 salvat
1148 2534 1464 2591 inconfusas
1493 2545 1742 2603 naturas,
1791 2547 1847 2593 et
1877 2554 2051 2593 unum

475 2623 694 2693 perlicit
714 2632 771 2678 et
800 2640 867 2680 ex
901 2625 1173 2680 ambobus
1206 2626 1387 2681 visum
1411 2625 1718 2693 Christum,
1755 2628 1928 2684 Deum
1954 2645 2054 2700 pa-

469 2715 608 2767 riter
662 2723 717 2769 et
763 2714 1046 2770 hominem
1096 2716 1300 2771 factum
1343 2723 1599 2773 eumdem
1646 2728 1704 2774 et
1749 2734 1864 2774 non
1913 2720 2055 2775 duos

464 2804 738 2871 Christos,
760 2822 929 2861 unum
956 2823 1090 2863 vero
1121 2816 1334 2863 tantum
1367 2810 1691 2877 adunatum,
1723 2818 1780 2866 et
1813 2826 1926 2867 non
1949 2812 2054 2867 mi-

470 2907 640 2952 stum.
692 2896 751 2951 Si
786 2898 934 2953 enim
962 2899 1265 2958 miscentur
1291 2900 1415 2956 dua:
1450 2911 1662 2958 natura:
1678 2903 1743 2957 in
1768 2904 2054 2958 misturam

471 3004 637 3044 unam
676 2989 897 3045 diversa
922 2990 1254 3047 exsistentes
1276 3001 1491 3059 natura,
1534 3009 1638 3050 nec
1682 3004 1914 3065 utraque
1944 2997 2055 3052 sal-

468 3079 712 3147 vanitur,
744 3080 840 3137 sed
875 3082 1049 3137 ambae
1090 3098 1198 3138 una
1236 3083 1430 3139 infusa:
1462 3085 1534 3139 ab
1551 3086 1739 3141 ‘oculis
1778 3086 2056 3158 subrepta:

469 3181 627 3234 sunt,
662 3189 766 3228 nec
809 3173 1158 3230 intervallum
1205 3175 1275 3231 ab
1326 3176 1565 3232 invicem
1611 3186 1709 3232 aut
1742 3178 2056 3235 distinctio-

469 3278 595 3316 num
630 3263 930 3319 admittunt
961 3268 1296 3337 conjunctae;
1330 3267 1525 3323 mortis
1556 3276 1803 3339 tempore
1828 3270 2057 3327 sublata:

468 3363 599 3408 sunt
646 3364 701 3408 ct
750 3363 1049 3425 separatae;
1093 3366 1151 3412 et
1187 3358 1371 3413 anima
1424 3375 1453 3414 a
1500 3374 1735 3429 corpore
1786 3361 1843 3415 in
1889 3361 2057 3417 infer-

468 3459 601 3498 num
631 3459 755 3499 cum
803 3445 1090 3502 divinitate
1133 3447 1442 3514 descendit,
1502 3458 1558 3503 et
1583 3465 1785 3520 corpus
1825 3451 1897 3506 ab
1933 3452 2056 3506 ani-

469 3552 556 3591 ma
590 3536 648 3590 in
685 3549 1041 3594 monumento
1082 3555 1226 3595 novo
1279 3542 1541 3611 positum,
1593 3543 1749 3614 juxta
1800 3560 1910 3599 non
1953 3543 2057 3599 ial-

466 3631 616 3686 laces
666 3648 694 3684 a
740 3632 961 3687 Christo
1011 3648 1179 3689 voces
1218 3634 1395 3689 dictas
1436 3654 1447 3688 :
1484 3653 1503 3686 ι
1542 3635 1750 3691 Solvite
1791 3637 2057 3715 templum

470 3723 599 3788 hoc,
625 3734 682 3780 et
712 3725 765 3780 in
792 3727 971 3782 tribus
1007 3726 1201 3782 diebus
1231 3726 1485 3783 excitabo
1518 3728 1653 3785 illud
1677 3729 1749 3799 “;
1792 3749 1811 3782 ι
1853 3740 1909 3786 et
1942 3730 2055 3786 sol-

469 3814 619 3869 vitur
682 3817 905 3886 quidem
983 3819 1251 3889 templum
1327 3819 1381 3873 in
1452 3827 1699 3893 tempore
1762 3821 2059 3893 sepulturae

470 3906 642 3961 trium
670 3907 908 3976 dierum,
954 3919 1121 3979 prout
1148 3910 1370 3965 volebat
1414 3911 1551 3982 ipse,
1587 3920 1644 3967 et
1678 3912 1879 3968 iterum
1918 3912 2056 3968 illud

473 4000 882 4069 ressuscitavit;
918 4002 1007 4056 cui
1058 4001 1324 4059 inen‘abili
1370 4011 1427 4059 et
1458 4004 1813 4061 inenarrabili
1842 4005 2056 4060 ratione

468 4095 744 4147 adunatus
772 4099 877 4159 est,
909 4108 1018 4148 non
1055 4094 1109 4149 in
1150 4094 1336 4165 seipse
1366 4095 1563 4151 mistus
1593 4104 1690 4151 aut
1743 4095 1800 4150 in
1831 4111 2054 4151 carnem

471 4193 742 4249 mutatus,
780 4183 877 4239 sed
908 4184 965 4238 in
998 4186 1180 4255 seipse
1215 4186 1432 4240 salvans
1461 4194 1784 4241 naturarum
1823 4186 2057 4243 diversa:

467 4275 729 4330 cSSentite
775 4274 1094 4330 inconfusas
1126 4277 1529 4346 prOprietates;
1573 4291 1857 4346 nunquam
1907 4281 2055 4335 enim

464 4368 774 4422 commista:
809 4376 939 4421 sunt
976 4374 1204 4422 naturae.
1246 4387 1263 4419 ι
1300 4366 1509 4422 Deinde
1535 4368 1915 4425 testimonium
1969 4372 2055 4427 in-

2151 1897 2451 1968 Ἀρειανῶν
2467 1898 2636 1970 τρίτῳ
2653 1896 2799 1968 λόγῳ
2816 1896 2971 1967 φησί·
2995 1914 3013 1947 ι
3040 1895 3225 1949 Πάντα
3247 1896 3316 1949 τὰ
3328 1898 3471 1950 κατά
3498 1896 3591 1949 τὸν
3621 1913 3738 1949 και-

2156 1993 2247 2064 ρδν
2270 1993 2369 2062 τῆς
2402 1990 2874 2063 ένανθρωπήσεως
2912 1988 2993 2061 τῷ
3023 1990 3238 2061 Σωτῆρι
3265 1988 3486 2061 Χριστῷ
3515 2004 3737 2060 πεπρα-

2152 2082 2354 2153 γμένα,
2376 2080 2549 2154 ἤγουν
2574 2079 2901 2149 λελεγμένα,
2939 2079 3247 2151 πράγματά
3269 2095 3329 2133 τε
3361 2079 3455 2133 καὶ
3483 2079 3734 2150 ῥήματα,

2151 2174 2214 2227 τὸ
2245 2173 2519 2245 μονοειδὲς
2546 2173 2647 2226 οὐκ
2680 2171 2815 2242 ἔχει,
2846 2171 3083 2242 διάφορα
3119 2170 3176 2225 δέ
3206 2172 3341 2225 ἔστι.
3373 2189 3395 2224 ι

2158 2286 2271 2342 Τοῦ
2301 2286 2476 2357 ἁγίου
2502 2285 2810 2354 Κυρίλλου
2843 2284 2913 2339 ἐκ
2961 2284 3069 2357 τοῦ
3116 2284 3269 2353 πρὸς
3317 2281 3735 2352 Ἀλεξανδρεῖς

2568 2356 3072 2425 προσφωνητικού
3108 2358 3318 2426 λόγου.

2229 2465 2251 2499 ι
2308 2445 2375 2500 Ἠ
2421 2445 2479 2499 δὲ
2508 2446 2745 2517 apem;
2778 2444 2971 2509 ῑνωσις
3023 2445 3174 2517 παρά
3216 2446 3327 2499 τῶν
3384 2445 3561 2518 ὀρθῶς
3596 2462 3739 2517 φρο-

2154 2536 2391 2592 νούντων
2432 2536 2842 2607 ὁμολογουμένη
2871 2577 2887 2603 ,
2928 2537 3248 2607 ἀμφοτέρας
3286 2536 3450 2603 σώζει
3490 2538 3734 2609 ἀσυγχύ-

2152 2647 2281 2695 τους
2310 2629 2409 2693 τάς
2432 2629 2646 2699 φύσεις,
2678 2631 2773 2683 καὶ
2800 2630 2898 2683 ἕνα
2931 2630 3187 2683 ἀποτελεῖ
3214 2631 3309 2684 καὶ
3326 2629 3387 2698 ἐξ
3418 2632 3623 2701 ἀμφοῖν
3641 2630 3734 2685 τὸν

2153 2724 2388 2794 ὀφθέντα
2419 2724 2676 2795 Χριστὸν,
2710 2721 2843 2777 Θεόν
2872 2739 2932 2776 τε
2967 2721 3103 2791 ὁμοῦ
3134 2724 3228 2777 καὶ
3256 2723 3541 2793 ἄνθρωπον
3577 2723 3736 2792 γενό-

2159 2832 2320 2888 μενον
2346 2816 2436 2870 τὸν
2469 2815 2652 2882 αὑτὸν,
2676 2815 2769 2869 καὶ
2809 2815 2871 2868 ού
2910 2815 3004 2869 δύο
3027 2816 3450 2888 Χριστοὺς,νένα
3480 2815 3536 2869 δὲ
3573 2814 3737 2885 μόνον

2152 2904 2433 2960 ένωθέντα
2478 2906 2575 2960 καὶ
2610 2906 2673 2959 οὐ
2726 2906 3089 2976 κεκραμένον·
3142 2908 3190 2960 εί
3216 2907 3325 2979 γὰρ
3352 2908 3650 2977 κέκρανται
3676 2907 3740 2962 αἱ

2151 2998 2248 3051 δύο
2273 2997 2460 3069 φύσεις
2505 2999 2587 3062 είς
2617 2997 2768 3070 μίξιν
2801 2999 2931 3070 μίαν
2980 2998 3312 3072 έτεροούσιοι
3342 3000 3736 3073 τυγχάνουσαι,

2156 3091 2277 3146 οὐδὲ
2315 3090 2553 3162 ὁποτέρα
2590 3090 2847 3157 σώζεται,
2878 3092 2994 3145 ἀλλ’
3026 3094 3336 3166 ἀμφότεραι
3380 3095 3740 3166 συγχυθείσαι

2156 3184 2566 3259 ἠφανίσθησαν,
2622 3186 2719 3239 καὶ
2772 3184 2898 3239 οὔτε
2950 3186 3230 3257 χωρισμὸν
3276 3187 3371 3241 ἀπ’
3421 3186 3666 3256 ἀλλήλων
3700 3186 3738 3258 ἢ

2155 3276 2421 3347 διαίρεσιν
2477 3275 2817 3344 ἐπιδέχονται
2879 3275 3245 3347 κεκραμέναιο
3313 3275 3647 3349 διῃρέθησαν
3677 3274 3742 3330 δὲ

2156 3369 2235 3439 τῷ
2279 3369 2458 3441 καιρῷ
2501 3368 2597 3422 τοῦ
2645 3368 2878 3422 θανάτου
2911 3368 3006 3422 καὶ
3037 3360 3436 3437 ἐχωρίσθησαν
3467 3367 3739 3438 καὶψυχὴ

2157 3460 2267 3515 ἀπὸ
2309 3458 2561 3531 σώματος
2590 3461 2669 3523 εἰς
2702 3458 2830 3531 ᾅδου
2865 3458 3003 3528 μετά
3033 3457 3132 3527 τῆς
3162 3457 3415 3527 θεότητος
3445 3457 3742 3512 κατελθοῦ-

2159 3570 2251 3616 σα,
2283 3551 2381 3605 καὶ
2412 3551 2571 3621 σῶμα
2603 3551 2711 3604 ἀπὸ
2736 3550 2915 3621 ψυχῆς
2949 3551 3008 3603 ὲν
3039 3550 3289 3621 μνήματι
3324 3549 3495 3621 καινῷ
3533 3552 3736 3604 ἀποτε-

2159 3640 2254 3694 θὲν
2287 3640 2428 3693 κατά
2459 3641 2561 3704 τὰς
2586 3639 2840 3710 ἀψευδεῖς
2881 3639 2975 3692 τοῦ
3021 3639 3260 3709 Χριστοῦ
3293 3641 3477 3709 φωνὰς
3520 3641 3619 3704 τάς
3646 3640 3741 3694 λε-

2158 3733 2383 3804 γούσας·
2412 3752 2430 3785 ι
2464 3734 2680 3787 Λύσατε
2707 3731 2799 3785 τὸν
2832 3730 2959 3784 ναὸν
2980 3731 3193 3794 τοῦτον,
3219 3731 3314 3784 καὶ
3334 3734 3390 3785 ἐν
3406 3733 3741 3804 τρισὶνήμέ-

2159 3842 2285 3896 ραις
2307 3823 2483 3896 ἐγερῶ
2504 3823 2686 3878 αὐτόν*
2704 3842 2723 3874 ι
2755 3823 2852 3876 καὶ
2880 3821 3068 3876 λύεται
3095 3820 3240 3892 μὲνό
3269 3821 3395 3885 ναὸς
3420 3823 3479 3875 ὲν
3503 3820 3582 3893 τῷ
3610 3839 3740 3876 και-

2162 3918 2241 3989 ρῷ
2273 3918 2375 3987 τῆς
2420 3917 2721 3988 τριημέρου
2772 3914 2977 3984 ταφῆς,
3025 3912 3353 3985 βουλομένου
3385 3912 3551 3969 αὐτοῦ
3578 3953 3597 3980 ,
3640 3914 3739 3967 καὶ

2159 4008 2323 4062 πάλιν
2378 4006 2676 4078 ἀνέστησεν
2731 4004 2916 4068 αὑτὸν,
2963 4004 3056 4057 καὶ
3097 4002 3280 4075 ήνώθη
3311 4003 3461 4076 αὐτῷ
3509 4004 3738 4076 ἀρρήτῳ

2160 4098 2255 4154 καὶ
2302 4096 2570 4168 ἀφράστῳ
2619 4095 2785 4165 λόγῳ,
2814 4094 2876 4148 οὐ
2907 4094 3251 4166 κεκραμένος
3275 4095 3334 4147 έν
3360 4092 3510 4163 αὐτῷ
3538 4093 3573 4164 ἢ
3601 4093 3739 4146 ἀπο-

2161 4189 2606 4261 σεσαρκωμένος,
2631 4186 2749 4241 ἀλλ’
2769 4183 3069 4249 ἀττοσώξων
3102 4186 3161 4240 έν
3181 4183 3361 4257 ἑαυτῷ
3388 4183 3495 4239 τῶν
3519 4184 3734 4253 φύσεωι

2157 4282 2264 4336 τῶν
2304 4279 2661 4353 ἑτεροουσίων
2687 4276 3025 4349 ἀσυγχύτους
3070 4277 3170 4341 τὰς
3218 4277 3508 4347 ίδιότηταςο
3538 4277 3598 4329 οὐ
3625 4275 3741 4348 γὰρ

2158 4374 2333 4445 δήπου
2362 4371 2675 4443 ὲκράθησαν
2708 4369 2765 4422 αι
2799 4367 3007 4436 φύσεις.
3045 4387 3064 4421 ι
3108 4362 3245 4422 Εἶτα
3279 4368 3550 4435 ἐπάγεται
3595 4383 3739 4439 μαρ-

470 4459 632 4513 ducit
674 4459 846 4513 sancti
895 4458 1179 4513 Athanasii
1230 4458 1285 4514 in
1317 4459 1484 4515 idem.
1521 4481 1540 4514 ι
1578 4460 1803 4517 Duabus
1841 4465 2053 4521 naturis

2158 4463 2352 4534 τυρίαν
2388 4460 2482 4515 τοῦ
2512 4461 2572 4514 ὲν
2602 4459 2777 4529 ἁγίοις
2813 4458 3131 4513 Ἀθανασίου
3163 4458 3329 4523 αὐτὸς
3359 4459 3539 4531 τήνδε·
3564 4473 3585 4508 ι
3628 4458 3739 4513 Δύο

468 4550 819 4604 diversarum
864 4548 1228 4603 essentiarum
1286 4550 1343 4603 in
1382 4564 1495 4604 uno
1539 4548 1761 4605 Christo
1808 4560 1866 4607 et
1912 4553 2053 4611 Filio

472 4641 572 4695 1)ρὶ
610 4640 797 4704 salvis,
844 4654 948 4693 nec
992 4638 1256 4707 confusis,
1280 4655 1384 4696 nec
1404 4640 1727 4711 deperditis,
1764 4658 1868 4700 nec
1897 4645 2051 4701 abla-

478 4742 579 4787 ιιε.
628 4748 647 4781 ι

859 4838 1139 4910 Ejusdem,
1179 4856 1207 4893 e
1245 4848 1484 4897 textuum
1513 4842 1664 4899 libro.

558 4949 574 4981 ι
614 4931 681 4986 Ει
710 4930 802 4985 alii
828 4946 992 4984 unam
1020 4939 1273 4986 naturam
1310 4932 1379 4986 ad
1402 4935 1745 5005 ereptionem
1774 4939 2059 4995 associatze

472 5038 508 5075 e
534 5022 693 5078 nobis
715 5038 746 5076 a
770 5021 866 5078 Dei
893 5021 1077 5077 Verbo
1097 5022 1355 5093 perfecta:
1376 5024 1736 5084 humanitatis
1756 5045 1855 5099 pro
1877 5030 2053 5085 salute

476 5107 867 5162 universorum
910 5109 1142 5177 docent;
1173 5110 1265 5166 alii
1295 5111 1433 5168 duas
1473 5113 1818 5186 hypostases,
1841 5119 2054 5174 scilicet

474 5208 729 5265 naturas,
776 5199 1082 5254 secundum
1115 5201 1524 5276 distinctionem
1558 5213 1615 5261 et
1648 5209 2053 5278 separationem

473 5290 700 5355 docent,
724 5291 821 5347 sed
850 5310 959 5347 non
995 5295 1299 5351 secundum
1334 5296 1727 5354 adunationem
1755 5318 1876 5372 qua:
1898 5304 2053 5374 juxta

478 5382 774 5437 essentiam
805 5392 908 5449 est,
936 5394 1099 5454 prout
1134 5397 1345 5442 rectum
1376 5391 1581 5446 sanctis
1612 5392 1868 5449 Patribus
1897 5395 2051 5450 vide-

479 5479 591 5527 tur.
621 5475 776 5531 Unde
810 5477 1031 5548 utrique
1061 5494 1092 5533 a
1116 5479 1350 5536 veritate
1380 5490 1590 5536 errant.
1632 5500 1650 5534 ι
1680 5481 1823 5549 Quid
1860 5484 2055 5541 horum

475 5565 822 5625 evidentius?
854 5578 1065 5626 tantum
1094 5587 1161 5627 eo
1206 5573 1354 5643 quod
1402 5574 1708 5630 secundum
1744 5576 2057 5635 distinctio-

554 5727 599 5761 “
624 5727 781 5785 Joan.
815 5745 934 5797 vm,
974 5729 1060 5787 58.
1141 5729 1185 5763 "
1211 5728 1367 5786 Joan.
1403 5745 1465 5797 ιι,
1494 5731 1579 5787 l9.

2160 4554 2376 4626 φύσεων
2411 4551 2522 4607 τῶν
2577 4551 2931 4622 ἑτεροουσίων
2971 4552 3029 4606 ὲν
3072 4551 3155 4605 ἐνὶ
3188 4551 3409 4624 Χριστῷ
3463 4551 3557 4605 καὶ
3619 4552 3739 4623 Υίῷ

2158 4646 2254 4701 τοῦ
2294 4644 2434 4699 Θεοῦ
2478 4645 2826 4715 σωζομένων,
2859 4644 2954 4698 καὶ
2996 4644 3133 4715 μήτε
3167 4643 3552 4715 συγχεομένων
3588 4646 3737 4715 μήτε

2160 4737 2554 4809 ἀπολλυμένων
2585 4737 2618 4807 ἢ
2647 4736 3042 4808 διαιρεθεισῶν.
3086 4756 3107 4788 ι
3129 4768 3148 4785 .

2299 4850 2409 4906 Τοῦ
2437 4847 2649 4914 αὑτοῦ,
2686 4847 2755 4901 ἐκ
2790 4844 2900 4913 τῆς
2927 4844 3151 4911 ,βίϐλου
3173 4846 3292 4902 τῶν
3313 4846 3609 4917 χρήσθω.

2234 4963 2253 4998 ι
2282 4938 2389 4996 Καὶ
2406 4941 2455 4993 oi
2489 4940 2588 5011 μὲν
2605 4938 2736 5009 μίαν
2767 4938 2929 5006 φύσιν
2960 4938 3097 5008 πρὸς
3123 4940 3410 5011 ἀναίρεσιν
3430 4939 3532 5011 τῆς
3560 4955 3734 5013 προσ-

2152 5035 2455 5108 ληφθείσης
2503 5031 2564 5098 ἐξ
2596 5029 2754 5101 ἡμῶν
2795 5029 2901 5083 ύπδ
2936 5029 3032 5084 τοῦ
3104 5030 3244 5085 Θιοῦ
3288 5032 3466 5101 Λόγου
3518 5032 3735 5097 τελείας

2160 5128 2261 5184 ἀνθ
2272 5126 2585 5199 ρωπότητος
2630 5123 2727 5175 ἐπὶ
2773 5123 3019 5194 σωτηρίᾳ
3052 5122 3165 5177 τῶν
3194 5122 3334 5178 ὅλων
3381 5123 3734 5178 ἐκδιδάσκου-

2162 5235 2248 5273 σιν
2268 5234 2282 5249 ·
2315 5217 2366 5270 oi
2396 5215 2457 5269 δὲ
2478 5213 2573 5268 δύο
2604 5213 2956 5279 ὑποστάσεις,
2985 5214 3154 5285 ἤγουν
3189 5217 3405 5284 φύσεις,
3431 5215 3576 5269 κατά
3598 5215 3737 5269 διαί-

2161 5326 2312 5379 ρεσιν
2367 5306 2465 5360 καὶ
2515 5305 2797 5376 χωρισμὸν
2839 5304 3275 5373 ἔκπαιδεύουσιν,
3326 5306 3445 5361 ἀλλ’
3485 5306 3551 5360 οὐ
3610 5304 3737 5361 καθ’

2160 5403 2354 5455 ἕνωσιν
2392 5399 2493 5470 τὴν
2528 5398 2650 5452 κατ’
2672 5396 2861 5451 οὐσίαν
2893 5397 2970 5462 ὡς
2998 5398 3112 5462 τοῖς
3141 5397 3318 5467 ἁγίοις
3339 5400 3488 5453 δοκεί
3511 5398 3734 5469 Πατρά-

2157 5512 2242 5548 σιν
2266 5510 2278 5522 ο
2312 5492 2387 5556 ὡς
2417 5490 2715 5561 ἑκατέρους
2748 5489 2945 5552 αὐτοὺς
2979 5489 3079 5560 τῆς
3121 5489 3382 5561 ἀληθείας
3421 5490 3729 5562 διαμαρτά-

2158 5602 2291 5639 νειν.
2318 5603 2336 5637 ι
2379 5583 2445 5636 Τί
2478 5581 2683 5637 τούτων
2723 5579 3088 5650 σαφέστερον;
3124 5580 3288 5652 μόνον
3328 5580 3438 5652 γὰρ
3479 5579 3557 5652 τῷ
3588 5576 3713 5639 κατέ
