  <div class='ocr_page' id='page_1' title='image "/cluster/home/n/w/nwhite01/storage/ocr_20150623/86:pt.2/coo.31924054869890/048.png"; bbox 0 0 4034 6404; ppageno 0'>
   <div class='ocr_carea' id='block_1_1' title="bbox 328 383 454 450">
    <p class='ocr_par' dir='ltr' id='par_1_1' title="bbox 328 383 454 450">
     <span class='ocr_line' id='line_1_1' title="bbox 328 383 454 450; baseline 0 0"><span class='ocrx_word' id='word_1_1' title='bbox 328 383 454 450; x_wconf 71' lang='grc'><strong>1812</strong></span> 
     </span>
    </p>
   </div>
   <div class='ocr_carea' id='block_1_2' title="bbox 1505 391 2442 456">
    <p class='ocr_par' dir='ltr' id='par_1_2' title="bbox 1505 391 2442 456">
     <span class='ocr_line' id='line_1_2' title="bbox 1505 391 2442 456; baseline -0.006 0"><span class='ocrx_word' id='word_1_2' title='bbox 1505 394 1803 456; x_wconf 78' lang='lat' dir='ltr'><strong>CONTRA</strong></span> <span class='ocrx_word' id='word_1_3' title='bbox 1842 391 2442 453; x_wconf 66' lang='lat' dir='ltr'><strong>MONOFH-YSMAS.</strong></span> 
     </span>
    </p>
   </div>
   <div class='ocr_carea' id='block_1_3' title="bbox 3439 382 3576 446">
    <p class='ocr_par' dir='ltr' id='par_1_3' title="bbox 3439 382 3576 446">
     <span class='ocr_line' id='line_1_3' title="bbox 3439 382 3576 446; baseline 0.015 -2"><span class='ocrx_word' id='word_1_4' title='bbox 3439 382 3576 446; x_wconf 71' lang='grc'><strong>1842</strong></span> 
     </span>
    </p>
   </div>
   <div class='ocr_carea' id='block_1_4' title="bbox 327 497 1916 574">
    <p class='ocr_par' dir='ltr' id='par_1_4' title="bbox 327 499 1908 574">
     <span class='ocr_line' id='line_1_4' title="bbox 327 499 1908 574; baseline 0 -18"><span class='ocrx_word' id='word_1_5' title='bbox 327 503 514 571; x_wconf 75' lang='grc' dir='ltr'>θεότης</span> <span class='ocrx_word' id='word_1_6' title='bbox 557 499 802 564; x_wconf 59' lang='grc' dir='ltr'>ἔπαθεντ</span> <span class='ocrx_word' id='word_1_7' title='bbox 833 501 1014 569; x_wconf 75' lang='grc' dir='ltr'>ἄπαγε</span> <span class='ocrx_word' id='word_1_8' title='bbox 1043 502 1104 556; x_wconf 83' lang='grc' dir='ltr'>τὸ</span> <span class='ocrx_word' id='word_1_9' title='bbox 1131 503 1578 568; x_wconf 80' lang='grc' dir='ltr'>δυσμενὲς-τοῦτο</span> <span class='ocrx_word' id='word_1_10' title='bbox 1606 505 1698 558; x_wconf 77' lang='grc' dir='ltr'>καὶ</span> <span class='ocrx_word' id='word_1_11' title='bbox 1742 503 1908 574; x_wconf 83' lang='grc' dir='ltr'>βλάσ-</span> 
     </span>
    </p>
   </div>
   <div class='ocr_carea' id='block_1_5' title="bbox 2023 497 3581 574">
    <p class='ocr_par' dir='ltr' id='par_1_5' title="bbox 2023 497 3581 572">
     <span class='ocr_line' id='line_1_5' title="bbox 2023 497 3581 572; baseline -0.004 -16"><span class='ocrx_word' id='word_1_12' title='bbox 2023 517 2163 572; x_wconf 71' lang='lat' dir='ltr'><strong>gans.</strong></span> <span class='ocrx_word' id='word_1_13' title='bbox 2217 503 2438 556; x_wconf 79' lang='lat' dir='ltr'><strong>Patitur</strong></span> <span class='ocrx_word' id='word_1_14' title='bbox 2481 515 2590 555; x_wconf 89' lang='lat' dir='ltr'><strong>non</strong></span> <span class='ocrx_word' id='word_1_15' title='bbox 2643 499 2995 564; x_wconf 79' lang='lat' dir='ltr'><strong>déitate,sed</strong></span> <span class='ocrx_word' id='word_1_16' title='bbox 3040 497 3408 552; x_wconf 74' lang='lat' dir='ltr'><strong>humanitate.</strong></span> <span class='ocrx_word' id='word_1_17' title='bbox 3465 497 3581 550; x_wconf 81' lang='lat' dir='ltr'><strong>Hoc</strong></span> 
     </span>
    </p>
   </div>
   <div class='ocr_carea' id='block_1_6' title="bbox 327 586 1907 676">
    <p class='ocr_par' dir='ltr' id='par_1_6' title="bbox 327 586 1907 676">
     <span class='ocr_line' id='line_1_6' title="bbox 327 586 1907 676; baseline 0.001 -30"><span class='ocrx_word' id='word_1_18' title='bbox 327 610 526 663; x_wconf 70' lang='grc' dir='ltr'>φημον,</span> <span class='ocrx_word' id='word_1_19' title='bbox 567 586 612 646; x_wconf 84' lang='grc' dir='ltr'>ὧ</span> <span class='ocrx_word' id='word_1_20' title='bbox 639 592 871 646; x_wconf 86' lang='grc' dir='ltr'>δείλαιε·</span> <span class='ocrx_word' id='word_1_21' title='bbox 975 592 1238 664; x_wconf 81' lang='grc' dir='ltr'><strong>ληφθεῖσα</strong></span> <span class='ocrx_word' id='word_1_22' title='bbox 1278 597 1478 668; x_wconf 81' lang='grc' dir='ltr'><strong>πάσχει</strong></span> <span class='ocrx_word' id='word_1_23' title='bbox 1525 596 1707 666; x_wconf 77' lang='grc' dir='ltr'>φύσις,</span> <span class='ocrx_word' id='word_1_24' title='bbox 1759 599 1792 666; x_wconf 87' lang='grc' dir='ltr'><strong>ή</strong></span> <span class='ocrx_word' id='word_1_25' title='bbox 1851 594 1907 648; x_wconf 77' lang='grc' dir='ltr'>δὲ</span> 
     </span>
    </p>
   </div>
   <div class='ocr_carea' id='block_1_7' title="bbox 327 683 1085 755">
    <p class='ocr_par' dir='ltr' id='par_1_7' title="bbox 327 683 1085 755">
     <span class='ocr_line' id='line_1_7' title="bbox 327 683 1085 755; baseline 0.003 -19"><span class='ocrx_word' id='word_1_26' title='bbox 327 683 570 738; x_wconf 76' lang='grc' dir='ltr'>λαϐοῦσα</span> <span class='ocrx_word' id='word_1_27' title='bbox 596 684 819 754; x_wconf 80' lang='grc' dir='ltr'>ἀπαθὴς</span> <span class='ocrx_word' id='word_1_28' title='bbox 849 685 1023 755; x_wconf 78' lang='grc' dir='ltr'>μένει.</span> <span class='ocrx_word' id='word_1_29' title='bbox 1053 704 1085 738; x_wconf 75' lang='grc'><strong>»-</strong></span> 
     </span>
    </p>
   </div>
   <div class='ocr_carea' id='block_1_8' title="bbox 324 967 1912 1039">
    <p class='ocr_par' dir='ltr' id='par_1_8' title="bbox 324 967 1912 1039">
     <span class='ocr_line' id='line_1_8' title="bbox 324 967 1912 1039; baseline 0.002 -16"><span class='ocrx_word' id='word_1_30' title='bbox 324 967 664 1037; x_wconf 76' lang='grc' dir='ltr'>Γρηγορίου</span> <span class='ocrx_word' id='word_1_31' title='bbox 700 969 961 1038; x_wconf 63' lang='lat' dir='ltr'><strong>Nil-6011c</strong></span> <span class='ocrx_word' id='word_1_32' title='bbox 991 969 1060 1024; x_wconf 79' lang='grc' dir='ltr'>ἐκ</span> <span class='ocrx_word' id='word_1_33' title='bbox 1112 971 1218 1025; x_wconf 81' lang='grc' dir='ltr'>τοῦ</span> <span class='ocrx_word' id='word_1_34' title='bbox 1250 973 1338 1038; x_wconf 83' lang='grc' dir='ltr'><strong>εις</strong></span> <span class='ocrx_word' id='word_1_35' title='bbox 1371 971 1701 1039; x_wconf 66' lang='grc' dir='ltr'>παρθενίαν</span> <span class='ocrx_word' id='word_1_36' title='bbox 1742 973 1912 1026; x_wconf 82' lang='grc' dir='ltr'>ἐπαι-</span> 
     </span>
    </p>
   </div>
   <div class='ocr_carea' id='block_1_9' title="bbox 1057 1057 1192 1094">
    <p class='ocr_par' dir='ltr' id='par_1_9' title="bbox 1057 1057 1192 1094">
     <span class='ocr_line' id='line_1_9' title="bbox 1057 1057 1192 1094; baseline 0.007 -1"><span class='ocrx_word' id='word_1_37' title='bbox 1057 1057 1192 1094; x_wconf 77' lang='grc' dir='ltr'>νου.</span> 
     </span>
    </p>
   </div>
   <div class='ocr_carea' id='block_1_10' title="bbox 329 1127 1834 1204">
    <p class='ocr_par' dir='ltr' id='par_1_10' title="bbox 329 1127 1834 1204">
     <span class='ocr_line' id='line_1_10' title="bbox 329 1127 1834 1204; baseline 0.005 -24"><span class='ocrx_word' id='word_1_38' title='bbox 329 1127 542 1182; x_wconf 80' lang='grc' dir='ltr'>«Ἦλθε</span> <span class='ocrx_word' id='word_1_39' title='bbox 567 1129 703 1193; x_wconf 81' lang='grc' dir='ltr'><strong>Θεὸς</strong></span> <span class='ocrx_word' id='word_1_40' title='bbox 735 1131 931 1200; x_wconf 87' lang='grc' dir='ltr'>θνητός</span> <span class='ocrx_word' id='word_1_41' title='bbox 959 1148 1040 1195; x_wconf 81' lang='grc' dir='ltr'><strong>τε,</strong></span> <span class='ocrx_word' id='word_1_42' title='bbox 1064 1131 1256 1200; x_wconf 83' lang='grc' dir='ltr'>φύσεις</span> <span class='ocrx_word' id='word_1_43' title='bbox 1278 1133 1374 1186; x_wconf 90' lang='grc' dir='ltr'><strong>δύο</strong></span> <span class='ocrx_word' id='word_1_44' title='bbox 1413 1135 1494 1196; x_wconf 81' lang='grc' dir='ltr'>είς</span> <span class='ocrx_word' id='word_1_45' title='bbox 1522 1133 1581 1187; x_wconf 85' lang='grc' dir='ltr'>ἒν</span> <span class='ocrx_word' id='word_1_46' title='bbox 1608 1134 1834 1204; x_wconf 83' lang='grc' dir='ltr'>διείρας,</span> 
     </span>
    </p>
   </div>
   <div class='ocr_carea' id='block_1_11' title="bbox 323 1219 1798 1296">
    <p class='ocr_par' dir='ltr' id='par_1_11' title="bbox 323 1219 1798 1296">
     <span class='ocr_line' id='line_1_11' title="bbox 323 1219 1798 1296; baseline 0.007 -26"><span class='ocrx_word' id='word_1_47' title='bbox 323 1219 434 1290; x_wconf 80' lang='grc' dir='ltr'>Τὴν</span> <span class='ocrx_word' id='word_1_48' title='bbox 456 1221 560 1291; x_wconf 73' lang='grc' dir='ltr'>μὲν</span> <span class='ocrx_word' id='word_1_49' title='bbox 582 1221 945 1293; x_wconf 80' lang='grc' dir='ltr'>κευθομένην,</span> <span class='ocrx_word' id='word_1_50' title='bbox 962 1224 1060 1294; x_wconf 80' lang='grc' dir='ltr'><strong>τὴν</strong></span> <span class='ocrx_word' id='word_1_51' title='bbox 1080 1223 1126 1276; x_wconf 87' lang='grc' dir='ltr'>δ’</span> <span class='ocrx_word' id='word_1_52' title='bbox 1157 1224 1438 1296; x_wconf 76' lang='grc' dir='ltr'><strong>ἀμφαδίην</strong></span> <span class='ocrx_word' id='word_1_53' title='bbox 1460 1226 1748 1296; x_wconf 85' lang='grc' dir='ltr'>μερόπεσι.</span> <span class='ocrx_word' id='word_1_54' title='bbox 1779 1247 1798 1280; x_wconf 72' lang='grc' dir='ltr'><strong>ι</strong></span> 
     </span>
    </p>
   </div>
   <div class='ocr_carea' id='block_1_12' title="bbox 400 1384 1912 1465">
    <p class='ocr_par' dir='ltr' id='par_1_12' title="bbox 400 1384 1912 1465">
     <span class='ocr_line' id='line_1_12' title="bbox 400 1384 1912 1465; baseline 0.007 -22"><span class='ocrx_word' id='word_1_55' title='bbox 400 1391 552 1444; x_wconf 82' lang='grc' dir='ltr'>Ἀλλ’</span> <span class='ocrx_word' id='word_1_56' title='bbox 585 1384 753 1446; x_wconf 76' lang='grc' dir='ltr'>αὗται</span> <span class='ocrx_word' id='word_1_57' title='bbox 792 1395 893 1462; x_wconf 81' lang='grc' dir='ltr'>μὲν</span> <span class='ocrx_word' id='word_1_58' title='bbox 941 1393 1054 1447; x_wconf 88' lang='grc' dir='ltr'><strong>τῶν</strong></span> <span class='ocrx_word' id='word_1_59' title='bbox 1103 1395 1390 1465; x_wconf 78' lang='grc' dir='ltr'><strong>ἡμετέρων</strong></span> <span class='ocrx_word' id='word_1_60' title='bbox 1417 1413 1431 1428; x_wconf 78' lang='grc' dir='ltr'><strong>ο</strong></span> <span class='ocrx_word' id='word_1_61' title='bbox 1465 1397 1649 1450; x_wconf 81' lang='grc' dir='ltr'>αὐτῶν</span> <span class='ocrx_word' id='word_1_62' title='bbox 1695 1398 1752 1451; x_wconf 79' lang='grc' dir='ltr'>δὲ</span> <span class='ocrx_word' id='word_1_63' title='bbox 1801 1399 1912 1455; x_wconf 87' lang='grc' dir='ltr'><strong>τῶν</strong></span> 
     </span>
    </p>
   </div>
   <div class='ocr_carea' id='block_1_13' title="bbox 321 1483 1912 1553">
    <p class='ocr_par' dir='ltr' id='par_1_13' title="bbox 321 1483 1912 1553">
     <span class='ocr_line' id='line_1_13' title="bbox 321 1483 1912 1553; baseline 0.007 -18"><span class='ocrx_word' id='word_1_64' title='bbox 321 1483 447 1535; x_wconf 79' lang='grc' dir='ltr'>καθ’</span> <span class='ocrx_word' id='word_1_65' title='bbox 479 1485 640 1553; x_wconf 76' lang='grc' dir='ltr'>ἡμῶν</span> <span class='ocrx_word' id='word_1_66' title='bbox 670 1484 995 1540; x_wconf 81' lang='grc' dir='ltr'><strong>λυττώντων</strong></span> <span class='ocrx_word' id='word_1_67' title='bbox 1015 1526 1030 1551; x_wconf 93' lang='grc'><strong>,</strong></span> <span class='ocrx_word' id='word_1_68' title='bbox 1065 1487 1113 1538; x_wconf 84' lang='grc' dir='ltr'><strong>εί</strong></span> <span class='ocrx_word' id='word_1_69' title='bbox 1144 1487 1385 1540; x_wconf 78' lang='grc' dir='ltr'><strong>ἑκούσιοι</strong></span> <span class='ocrx_word' id='word_1_70' title='bbox 1427 1491 1572 1542; x_wconf 84' lang='grc' dir='ltr'>κατὰ</span> <span class='ocrx_word' id='word_1_71' title='bbox 1601 1489 1753 1545; x_wconf 65' lang='grc' dir='ltr'>θελαν</span> <span class='ocrx_word' id='word_1_72' title='bbox 1783 1509 1912 1546; x_wconf 89' lang='grc' dir='ltr'>συν-</span> 
     </span>
    </p>
   </div>
   <div class='ocr_carea' id='block_1_14' title="bbox 322 1571 1912 1652">
    <p class='ocr_par' dir='ltr' id='par_1_14' title="bbox 322 1571 1912 1652">
     <span class='ocr_line' id='line_1_14' title="bbox 322 1571 1912 1652; baseline 0.006 -24"><span class='ocrx_word' id='word_1_73' title='bbox 322 1577 514 1628; x_wconf 79' lang='grc' dir='ltr'>ἐλασιν</span> <span class='ocrx_word' id='word_1_74' title='bbox 553 1577 589 1646; x_wconf 76' lang='grc' dir='ltr'><strong>ἢ</strong></span> <span class='ocrx_word' id='word_1_75' title='bbox 633 1575 883 1630; x_wconf 83' lang='grc' dir='ltr'>ἀκούσιοι</span> <span class='ocrx_word' id='word_1_76' title='bbox 921 1577 1024 1630; x_wconf 85' lang='grc' dir='ltr'>οὐκ</span> <span class='ocrx_word' id='word_1_77' title='bbox 1054 1571 1193 1644; x_wconf 83' lang='grc' dir='ltr'>οῐδα,</span> <span class='ocrx_word' id='word_1_78' title='bbox 1241 1579 1446 1632; x_wconf 82' lang='grc' dir='ltr'><strong>τοιαίδε</strong></span> <span class='ocrx_word' id='word_1_79' title='bbox 1472 1579 1529 1632; x_wconf 79' lang='grc' dir='ltr'>δὲ</span> <span class='ocrx_word' id='word_1_80' title='bbox 1557 1581 1706 1652; x_wconf 81' lang='grc' dir='ltr'>ὅμως</span> <span class='ocrx_word' id='word_1_81' title='bbox 1736 1585 1912 1652; x_wconf 75' lang='grc' dir='ltr'>φωναὶ</span> 
     </span>
    </p>
   </div>
   <div class='ocr_carea' id='block_1_15' title="bbox 320 1666 614 1736">
    <p class='ocr_par' dir='ltr' id='par_1_15' title="bbox 320 1666 614 1736">
     <span class='ocr_line' id='line_1_15' title="bbox 320 1666 614 1736; baseline 0.003 -18"><span class='ocrx_word' id='word_1_82' title='bbox 320 1666 387 1733; x_wconf 61' lang='lat' dir='ltr'><strong>ipe</strong></span> <span class='ocrx_word' id='word_1_83' title='bbox 395 1681 614 1736; x_wconf 84' lang='grc' dir='ltr'>ρονται.</span> 
     </span>
    </p>
   </div>
   <div class='ocr_carea' id='block_1_16' title="bbox 332 1777 1912 1854">
    <p class='ocr_par' dir='ltr' id='par_1_16' title="bbox 332 1777 1912 1854">
     <span class='ocr_line' id='line_1_16' title="bbox 332 1777 1912 1854; baseline 0.01 -25"><span class='ocrx_word' id='word_1_84' title='bbox 332 1777 854 1854; x_wconf 38' lang='grc' dir='ltr'>Ἀμςριλοχίου-ῖοιξ</span> <span class='ocrx_word' id='word_1_85' title='bbox 885 1778 1090 1854; x_wconf 65' lang='grc' dir='ltr'>Σίδης,</span> <span class='ocrx_word' id='word_1_86' title='bbox 1113 1779 1186 1854; x_wconf 58' lang='grc' dir='ltr'>δὴ</span> <span class='ocrx_word' id='word_1_87' title='bbox 1207 1797 1356 1854; x_wconf 73' lang='grc' dir='ltr'>φασι</span> <span class='ocrx_word' id='word_1_88' title='bbox 1369 1784 1566 1854; x_wconf 60' lang='grc' dir='ltr'>μόνον</span> <span class='ocrx_word' id='word_1_89' title='bbox 1593 1786 1912 1854; x_wconf 80' lang='grc' dir='ltr'>ἀπροσπα-</span> 
     </span>
    </p>
   </div>
   <div class='ocr_carea' id='block_1_17' title="bbox 2007 591 3579 663">
    <p class='ocr_par' dir='ltr' id='par_1_17' title="bbox 2007 591 3579 663">
     <span class='ocr_line' id='line_1_17' title="bbox 2007 591 3579 663; baseline -0.006 -13"><span class='ocrx_word' id='word_1_90' title='bbox 2007 595 2264 651; x_wconf 85' lang='lat' dir='ltr'><strong>Christus</strong></span> <span class='ocrx_word' id='word_1_91' title='bbox 2298 609 2499 663; x_wconf 90' lang='lat' dir='ltr'><strong>passus</strong></span> <span class='ocrx_word' id='word_1_92' title='bbox 2545 601 2630 647; x_wconf 90' lang='lat' dir='ltr'><strong>est</strong></span> <span class='ocrx_word' id='word_1_93' title='bbox 2671 607 2886 646; x_wconf 90' lang='lat' dir='ltr'><strong>carne:</strong></span> <span class='ocrx_word' id='word_1_94' title='bbox 2934 591 3080 646; x_wconf 86' lang='lat' dir='ltr'><strong>haud</strong></span> <span class='ocrx_word' id='word_1_95' title='bbox 3129 605 3405 660; x_wconf 89' lang='lat' dir='ltr'><strong>quaquam</strong></span> <span class='ocrx_word' id='word_1_96' title='bbox 3443 603 3579 642; x_wconf 89' lang='lat' dir='ltr'><strong>vero</strong></span> 
     </span>
    </p>
   </div>
   <div class='ocr_carea' id='block_1_18' title="bbox 2009 680 3583 758">
    <p class='ocr_par' dir='ltr' id='par_1_18' title="bbox 2009 680 3583 758">
     <span class='ocr_line' id='line_1_18' title="bbox 2009 680 3583 758; baseline -0.005 -17"><span class='ocrx_word' id='word_1_97' title='bbox 2009 700 2168 758; x_wconf 83' lang='lat' dir='ltr'><strong>passa</strong></span> <span class='ocrx_word' id='word_1_98' title='bbox 2224 695 2310 740; x_wconf 92' lang='lat' dir='ltr'><strong>est</strong></span> <span class='ocrx_word' id='word_1_99' title='bbox 2355 685 2556 740; x_wconf 87' lang='lat' dir='ltr'><strong>deitas.</strong></span> <span class='ocrx_word' id='word_1_100' title='bbox 2591 685 2872 747; x_wconf 84' lang='lat' dir='ltr'><strong>Facessat,</strong></span> <span class='ocrx_word' id='word_1_101' title='bbox 2910 684 3113 737; x_wconf 84' lang='lat' dir='ltr'><strong>iniserl</strong></span> <span class='ocrx_word' id='word_1_102' title='bbox 3164 682 3393 737; x_wconf 90' lang='lat' dir='ltr'><strong>inimica</strong></span> <span class='ocrx_word' id='word_1_103' title='bbox 3428 680 3583 735; x_wconf 80' lang='lat' dir='ltr'><strong>blas-</strong></span> 
     </span>
    </p>
   </div>
   <div class='ocr_carea' id='block_1_19' title="bbox 2009 773 3582 844">
    <p class='ocr_par' dir='ltr' id='par_1_19' title="bbox 2009 773 3582 844">
     <span class='ocr_line' id='line_1_19' title="bbox 2009 773 3582 844; baseline -0.003 -15"><span class='ocrx_word' id='word_1_104' title='bbox 2009 776 2319 844; x_wconf 89' lang='lat' dir='ltr'><strong>phemaque</strong></span> <span class='ocrx_word' id='word_1_105' title='bbox 2370 783 2456 829; x_wconf 90' lang='lat' dir='ltr'><strong>est</strong></span> <span class='ocrx_word' id='word_1_106' title='bbox 2501 774 2619 828; x_wconf 68' lang='lat' dir='ltr'><strong>hinc</strong></span> <span class='ocrx_word' id='word_1_107' title='bbox 2661 774 2873 842; x_wconf 81' lang='lat' dir='ltr'><strong>Opinio.</strong></span> <span class='ocrx_word' id='word_1_108' title='bbox 2917 773 3129 828; x_wconf 82' lang='lat' dir='ltr'><strong>Patitur</strong></span> <span class='ocrx_word' id='word_1_109' title='bbox 3173 780 3454 842; x_wconf 89' lang='lat' dir='ltr'><strong>assumpta</strong></span> <span class='ocrx_word' id='word_1_110' title='bbox 3485 785 3582 826; x_wconf 81' lang='lat' dir='ltr'><strong>na-</strong></span> 
     </span>
    </p>
   </div>
   <div class='ocr_carea' id='block_1_20' title="bbox 1971 864 3540 935">
    <p class='ocr_par' dir='ltr' id='par_1_20' title="bbox 1971 864 3540 935">
     <span class='ocr_line' id='line_1_20' title="bbox 1971 864 3540 935; baseline -0.004 -15"><span class='ocrx_word' id='word_1_111' title='bbox 1971 882 1975 886; x_wconf 82' lang='lat'>&#39;</span> <span class='ocrx_word' id='word_1_112' title='bbox 2009 876 2135 920; x_wconf 91' lang='lat' dir='ltr'><strong>tura</strong></span> <span class='ocrx_word' id='word_1_113' title='bbox 2152 883 2176 920; x_wconf 65' lang='grc' dir='ltr'><strong>τε</strong></span> <span class='ocrx_word' id='word_1_114' title='bbox 2216 881 2339 935; x_wconf 70' lang='lat' dir='ltr'><strong>qua:</strong></span> <span class='ocrx_word' id='word_1_115' title='bbox 2374 875 2564 921; x_wconf 90' lang='lat' dir='ltr'><strong>autem</strong></span> <span class='ocrx_word' id='word_1_116' title='bbox 2596 866 2901 934; x_wconf 83' lang='lat' dir='ltr'><strong>assumpsit</strong></span> <span class='ocrx_word' id='word_1_117' title='bbox 2930 872 3121 920; x_wconf 87' lang='lat' dir='ltr'><strong>manet</strong></span> <span class='ocrx_word' id='word_1_118' title='bbox 3148 864 3490 934; x_wconf 89' lang='lat' dir='ltr'><strong>impatibilis.</strong></span> <span class='ocrx_word' id='word_1_119' title='bbox 3522 883 3540 914; x_wconf 79' lang='grc' dir='ltr'><strong>ι</strong></span> 
     </span>
    </p>
   </div>
   <div class='ocr_carea' id='block_1_21' title="bbox 2187 981 3416 1053">
    <p class='ocr_par' dir='ltr' id='par_1_21' title="bbox 2187 981 3416 1053">
     <span class='ocr_line' id='line_1_21' title="bbox 2187 981 3416 1053; baseline -0.005 -15"><span class='ocrx_word' id='word_1_120' title='bbox 2187 981 2427 1052; x_wconf 72' lang='lat' dir='ltr'><strong>Gregorii</strong></span> <span class='ocrx_word' id='word_1_121' title='bbox 2455 981 2678 1053; x_wconf 85' lang='lat' dir='ltr'><strong>Nysseni</strong></span> <span class='ocrx_word' id='word_1_122' title='bbox 2706 998 2768 1035; x_wconf 82' lang='lat' dir='ltr'><strong>ea:</strong></span> <span class='ocrx_word' id='word_1_123' title='bbox 2793 981 3047 1035; x_wconf 86' lang='lat' dir='ltr'><strong>Encomio</strong></span> <span class='ocrx_word' id='word_1_124' title='bbox 3074 981 3416 1050; x_wconf 81' lang='lat' dir='ltr'><strong>virginitatis.</strong></span> 
     </span>
    </p>
   </div>
   <div class='ocr_carea' id='block_1_22' title="bbox 2087 1134 3584 1204">
    <p class='ocr_par' dir='ltr' id='par_1_22' title="bbox 2087 1134 3584 1204">
     <span class='ocr_line' id='line_1_22' title="bbox 2087 1134 3584 1204; baseline 0.001 -18"><span class='ocrx_word' id='word_1_125' title='bbox 2087 1153 2106 1186; x_wconf 82' lang='grc' dir='ltr'><strong>ι</strong></span> <span class='ocrx_word' id='word_1_126' title='bbox 2145 1134 2312 1191; x_wconf 82' lang='lat' dir='ltr'><strong>Venit</strong></span> <span class='ocrx_word' id='word_1_127' title='bbox 2333 1135 2482 1190; x_wconf 88' lang='lat' dir='ltr'><strong>Deus</strong></span> <span class='ocrx_word' id='word_1_128' title='bbox 2509 1135 2873 1204; x_wconf 85' lang='lat' dir='ltr'><strong>mortalisque</strong></span> <span class='ocrx_word' id='word_1_129' title='bbox 2899 1135 3038 1189; x_wconf 87' lang='lat' dir='ltr'><strong>duas</strong></span> <span class='ocrx_word' id='word_1_130' title='bbox 3069 1135 3123 1188; x_wconf 88' lang='lat' dir='ltr'><strong>in</strong></span> <span class='ocrx_word' id='word_1_131' title='bbox 3151 1149 3325 1188; x_wconf 89' lang='lat' dir='ltr'><strong>unum</strong></span> <span class='ocrx_word' id='word_1_132' title='bbox 3356 1140 3584 1188; x_wconf 88' lang='lat' dir='ltr'><strong>naturas</strong></span> 
     </span>
    </p>
   </div>
   <div class='ocr_carea' id='block_1_23' title="bbox 2010 1226 3590 1296">
    <p class='ocr_par' dir='ltr' id='par_1_23' title="bbox 2010 1226 3590 1296">
     <span class='ocr_line' id='line_1_23' title="bbox 2010 1226 3590 1296; baseline -0.004 -11"><span class='ocrx_word' id='word_1_133' title='bbox 2010 1243 2330 1292; x_wconf 81' lang='lat' dir='ltr'><strong>consuetis,</strong></span> <span class='ocrx_word' id='word_1_134' title='bbox 2383 1243 2547 1281; x_wconf 89' lang='lat' dir='ltr'><strong>unam</strong></span> <span class='ocrx_word' id='word_1_135' title='bbox 2604 1228 2834 1296; x_wconf 83' lang='lat' dir='ltr'><strong>quidem</strong></span> <span class='ocrx_word' id='word_1_136' title='bbox 2879 1227 3293 1290; x_wconf 88' lang='lat' dir='ltr'><strong>absconditam,</strong></span> <span class='ocrx_word' id='word_1_137' title='bbox 3351 1226 3590 1280; x_wconf 85' lang='lat' dir='ltr'><strong>alteram</strong></span> 
     </span>
    </p>
   </div>
   <div class='ocr_carea' id='block_1_24' title="bbox 2011 1320 3020 1377">
    <p class='ocr_par' dir='ltr' id='par_1_24' title="bbox 2011 1320 3020 1377">
     <span class='ocr_line' id='line_1_24' title="bbox 2011 1320 3020 1377; baseline -0.006 0"><span class='ocrx_word' id='word_1_138' title='bbox 2011 1331 2196 1377; x_wconf 84' lang='lat' dir='ltr'><strong>autem</strong></span> <span class='ocrx_word' id='word_1_139' title='bbox 2234 1320 2556 1375; x_wconf 91' lang='lat' dir='ltr'><strong>hominibus</strong></span> <span class='ocrx_word' id='word_1_140' title='bbox 2597 1320 2968 1374; x_wconf 75' lang='lat' dir='ltr'><strong>manifestam.</strong></span> <span class='ocrx_word' id='word_1_141' title='bbox 3001 1337 3020 1370; x_wconf 73' lang='grc' dir='ltr'><strong>ι</strong></span> 
     </span>
    </p>
   </div>
   <div class='ocr_carea' id='block_1_25' title="bbox 2083 1408 3587 1480">
    <p class='ocr_par' dir='ltr' id='par_1_25' title="bbox 2083 1408 3587 1480">
     <span class='ocr_line' id='line_1_25' title="bbox 2083 1408 3587 1480; baseline -0.003 -14"><span class='ocrx_word' id='word_1_142' title='bbox 2083 1411 2211 1466; x_wconf 67' lang='lat' dir='ltr'><strong>Htec</strong></span> <span class='ocrx_word' id='word_1_143' title='bbox 2242 1419 2374 1466; x_wconf 89' lang='lat' dir='ltr'><strong>sunt</strong></span> <span class='ocrx_word' id='word_1_144' title='bbox 2400 1411 2626 1480; x_wconf 82' lang='lat' dir='ltr'><strong>quidem</strong></span> <span class='ocrx_word' id='word_1_145' title='bbox 2662 1419 2982 1465; x_wconf 88' lang='lat' dir='ltr'><strong>nostrorum</strong></span> <span class='ocrx_word' id='word_1_146' title='bbox 3009 1409 3197 1464; x_wconf 89' lang='lat' dir='ltr'><strong>verba.</strong></span> <span class='ocrx_word' id='word_1_147' title='bbox 3223 1408 3448 1461; x_wconf 85' lang='lat' dir='ltr'><strong>Illorum</strong></span> <span class='ocrx_word' id='word_1_148' title='bbox 3485 1423 3587 1462; x_wconf 78' lang='lat' dir='ltr'><strong>air-</strong></span> 
     </span>
    </p>
   </div>
   <div class='ocr_carea' id='block_1_26' title="bbox 2015 1500 3586 1572">
    <p class='ocr_par' dir='ltr' id='par_1_26' title="bbox 2015 1500 3586 1572">
     <span class='ocr_line' id='line_1_26' title="bbox 2015 1500 3586 1572; baseline -0.003 -15"><span class='ocrx_word' id='word_1_149' title='bbox 2015 1512 2125 1558; x_wconf 86' lang='lat' dir='ltr'><strong>tem</strong></span> <span class='ocrx_word' id='word_1_150' title='bbox 2161 1505 2256 1572; x_wconf 90' lang='lat' dir='ltr'><strong>qui</strong></span> <span class='ocrx_word' id='word_1_151' title='bbox 2288 1503 2342 1557; x_wconf 92' lang='lat' dir='ltr'><strong>in</strong></span> <span class='ocrx_word' id='word_1_152' title='bbox 2372 1518 2474 1557; x_wconf 91' lang='lat' dir='ltr'><strong>nos</strong></span> <span class='ocrx_word' id='word_1_153' title='bbox 2509 1503 2757 1556; x_wconf 81' lang='lat' dir='ltr'><strong>furentes</strong></span> <span class='ocrx_word' id='word_1_154' title='bbox 2791 1510 2954 1565; x_wconf 91' lang='lat' dir='ltr'><strong>sunt,</strong></span> <span class='ocrx_word' id='word_1_155' title='bbox 2981 1516 3147 1555; x_wconf 86' lang='lat' dir='ltr'><strong>voces</strong></span> <span class='ocrx_word' id='word_1_156' title='bbox 3177 1501 3292 1554; x_wconf 86' lang='lat' dir='ltr'><strong>sive</strong></span> <span class='ocrx_word' id='word_1_157' title='bbox 3330 1500 3586 1554; x_wconf 84' lang='lat' dir='ltr'><strong>volunta-</strong></span> 
     </span>
    </p>
   </div>
   <div class='ocr_carea' id='block_1_27' title="bbox 2012 1590 3591 1662">
    <p class='ocr_par' dir='ltr' id='par_1_27' title="bbox 2012 1590 3591 1662">
     <span class='ocr_line' id='line_1_27' title="bbox 2012 1590 3591 1662; baseline -0.003 -13"><span class='ocrx_word' id='word_1_158' title='bbox 2012 1594 2108 1649; x_wconf 66' lang='grc' dir='ltr'><strong>τίω</strong></span> <span class='ocrx_word' id='word_1_159' title='bbox 2130 1593 2434 1648; x_wconf 90' lang='lat' dir='ltr'><strong>secundum</strong></span> <span class='ocrx_word' id='word_1_160' title='bbox 2475 1593 2718 1647; x_wconf 84' lang='lat' dir='ltr'><strong>divinam</strong></span> <span class='ocrx_word' id='word_1_161' title='bbox 2746 1593 3160 1662; x_wconf 89' lang='lat' dir='ltr'><strong>impulsionem,</strong></span> <span class='ocrx_word' id='word_1_162' title='bbox 3185 1591 3302 1646; x_wconf 85' lang='lat' dir='ltr'><strong>sive</strong></span> <span class='ocrx_word' id='word_1_163' title='bbox 3333 1590 3591 1644; x_wconf 84' lang='lat' dir='ltr'><strong>involun-</strong></span> 
     </span>
    </p>
   </div>
   <div class='ocr_carea' id='block_1_28' title="bbox 2014 1680 2952 1745">
    <p class='ocr_par' dir='ltr' id='par_1_28' title="bbox 2014 1680 2952 1745">
     <span class='ocr_line' id='line_1_28' title="bbox 2014 1680 2952 1745; baseline -0.001 -11"><span class='ocrx_word' id='word_1_164' title='bbox 2014 1681 2188 1745; x_wconf 69' lang='lat' dir='ltr'><strong>tarize,</strong></span> <span class='ocrx_word' id='word_1_165' title='bbox 2216 1682 2429 1745; x_wconf 91' lang='lat' dir='ltr'><strong>nescio,</strong></span> <span class='ocrx_word' id='word_1_166' title='bbox 2457 1681 2596 1735; x_wconf 90' lang='lat' dir='ltr'><strong>tales</strong></span> <span class='ocrx_word' id='word_1_167' title='bbox 2621 1680 2952 1734; x_wconf 73' lang='lat' dir='ltr'><strong>afferuntur.</strong></span> 
     </span>
    </p>
   </div>
   <div class='ocr_carea' id='block_1_29' title="bbox 2016 1788 3596 1861">
    <p class='ocr_par' dir='ltr' id='par_1_29' title="bbox 2016 1788 3596 1861">
     <span class='ocr_line' id='line_1_29' title="bbox 2016 1788 3596 1861; baseline -0.004 -15"><span class='ocrx_word' id='word_1_168' title='bbox 2016 1791 2364 1861; x_wconf 80' lang='lat' dir='ltr'><strong>Amphilochii</strong></span> <span class='ocrx_word' id='word_1_169' title='bbox 2395 1789 2649 1851; x_wconf 85' lang='lat' dir='ltr'><strong>Sidensis,</strong></span> <span class='ocrx_word' id='word_1_170' title='bbox 2679 1807 2832 1861; x_wconf 85' lang='lat' dir='ltr'><strong>quem</strong></span> <span class='ocrx_word' id='word_1_171' title='bbox 2878 1790 3050 1844; x_wconf 80' lang='lat' dir='ltr'><strong>solum</strong></span> <span class='ocrx_word' id='word_1_172' title='bbox 3096 1788 3358 1861; x_wconf 77' lang='lat' dir='ltr'><strong>intrepido</strong></span> <span class='ocrx_word' id='word_1_173' title='bbox 3409 1790 3596 1841; x_wconf 78' lang='lat' dir='ltr'><strong>animo</strong></span> 
     </span>
    </p>
   </div>
   <div class='ocr_carea' id='block_1_30' title="bbox 394 1848 1916 1930">
    <p class='ocr_par' dir='ltr' id='par_1_30' title="bbox 394 1848 1907 1930">
     <span class='ocr_line' id='line_1_30' title="bbox 394 1848 1907 1930; baseline 0.009 -30"><span class='ocrx_word' id='word_1_174' title='bbox 394 1849 515 1927; x_wconf 64' lang='grc' dir='ltr'><strong>θῷς</strong></span> <span class='ocrx_word' id='word_1_175' title='bbox 559 1848 893 1930; x_wconf 36' lang='grc' dir='ltr'>καλὰδεῶς</span> <span class='ocrx_word' id='word_1_176' title='bbox 919 1851 1089 1916; x_wconf 75' lang='grc' dir='ltr'>ἔχειν</span> <span class='ocrx_word' id='word_1_177' title='bbox 1127 1848 1240 1930; x_wconf 52' lang='grc' dir='ltr'><strong>τὴν</strong></span> <span class='ocrx_word' id='word_1_178' title='bbox 1283 1848 1778 1930; x_wconf 39' lang='grc' dir='ltr'>ἀκτῇ-συνόδῳ,</span> <span class='ocrx_word' id='word_1_179' title='bbox 1837 1861 1907 1915; x_wconf 78' lang='grc' dir='ltr'>ἐκ</span> 
     </span>
    </p>
   </div>
   <div class='ocr_carea' id='block_1_31' title="bbox 2023 1848 3601 1930">
    <p class='ocr_par' dir='ltr' id='par_1_31' title="bbox 2080 1848 3601 1930">
     <span class='ocr_line' id='line_1_31' title="bbox 2080 1848 3601 1930; baseline -0.003 -16"><span class='ocrx_word' id='word_1_180' title='bbox 2080 1848 2240 1930; x_wconf 80' lang='lat' dir='ltr'><strong>fuisse</strong></span> <span class='ocrx_word' id='word_1_181' title='bbox 2275 1862 2483 1928; x_wconf 74' lang='lat' dir='ltr'><strong>ferunt;</strong></span> <span class='ocrx_word' id='word_1_182' title='bbox 2522 1877 2584 1914; x_wconf 77' lang='lat' dir='ltr'><strong>ea:</strong></span> <span class='ocrx_word' id='word_1_183' title='bbox 2621 1848 2845 1919; x_wconf 79' lang='lat' dir='ltr'><strong>epistola</strong></span> <span class='ocrx_word' id='word_1_184' title='bbox 2884 1869 3067 1914; x_wconf 81' lang='lat' dir='ltr'><strong>contra</strong></span> <span class='ocrx_word' id='word_1_185' title='bbox 3098 1848 3357 1929; x_wconf 61' lang='lat' dir='ltr'><strong>synodum</strong></span> <span class='ocrx_word' id='word_1_186' title='bbox 3386 1861 3601 1924; x_wconf 60' lang='lat' dir='ltr'><strong>scripta»</strong></span> 
     </span>
    </p>
   </div>
   <div class='ocr_carea' id='block_1_32' title="bbox 395 1918 1911 2000">
    <p class='ocr_par' dir='ltr' id='par_1_32' title="bbox 395 1918 1911 2000">
     <span class='ocr_line' id='line_1_32' title="bbox 395 1918 1911 2000; baseline 0.011 -32"><span class='ocrx_word' id='word_1_187' title='bbox 395 1918 509 2000; x_wconf 72' lang='grc' dir='ltr'><strong>τῆς</strong></span> <span class='ocrx_word' id='word_1_188' title='bbox 563 1919 689 2000; x_wconf 60' lang='grc' dir='ltr'>κατ’</span> <span class='ocrx_word' id='word_1_189' title='bbox 725 1918 916 2000; x_wconf 77' lang='grc' dir='ltr'>αὐτῆς</span> <span class='ocrx_word' id='word_1_190' title='bbox 979 1923 1318 2000; x_wconf 45' lang='grc' dir='ltr'>’γραφείσης</span> <span class='ocrx_word' id='word_1_191' title='bbox 1359 1918 1520 1988; x_wconf 76' lang='grc' dir='ltr'><strong>αὐτῷ</strong></span> <span class='ocrx_word' id='word_1_192' title='bbox 1578 1918 1911 2000; x_wconf 56' lang='lat' dir='ltr'><strong>amotas;</strong></span> 
     </span>
    </p>
   </div>
   <div class='ocr_carea' id='block_1_33' title="bbox 393 1987 1248 2054">
    <p class='ocr_par' dir='ltr' id='par_1_33' title="bbox 393 1987 1248 2054">
     <span class='ocr_line' id='line_1_33' title="bbox 393 1987 1248 2054; baseline 0.006 -16"><span class='ocrx_word' id='word_1_193' title='bbox 393 1987 549 2054; x_wconf 82' lang='grc' dir='ltr'><strong>πρὸς</strong></span> <span class='ocrx_word' id='word_1_194' title='bbox 582 1987 813 2041; x_wconf 79' lang='grc' dir='ltr'><strong>Λέοντα</strong></span> <span class='ocrx_word' id='word_1_195' title='bbox 833 1989 943 2040; x_wconf 83' lang='grc' dir='ltr'><strong>τὸν</strong></span> <span class='ocrx_word' id='word_1_196' title='bbox 961 1987 1248 2052; x_wconf 78' lang='grc' dir='ltr'>βασιλέα.</span> 
     </span>
    </p>
   </div>
   <div class='ocr_carea' id='block_1_34' title="bbox 400 2077 1916 2154">
    <p class='ocr_par' dir='ltr' id='par_1_34' title="bbox 400 2077 1916 2154">
     <span class='ocr_line' id='line_1_34' title="bbox 400 2077 1916 2154; baseline 0.011 -25"><span class='ocrx_word' id='word_1_197' title='bbox 400 2095 420 2128; x_wconf 86' lang='grc' dir='ltr'><strong>ι</strong></span> <span class='ocrx_word' id='word_1_198' title='bbox 446 2077 904 2146; x_wconf 78' lang='grc' dir='ltr'>Καταφεύξονται</span> <span class='ocrx_word' id='word_1_199' title='bbox 951 2077 1064 2149; x_wconf 77' lang='grc' dir='ltr'><strong>γὰρ</strong></span> <span class='ocrx_word' id='word_1_200' title='bbox 1115 2080 1196 2143; x_wconf 85' lang='grc' dir='ltr'><strong>εῐς</strong></span> <span class='ocrx_word' id='word_1_201' title='bbox 1235 2099 1389 2148; x_wconf 84' lang='grc' dir='ltr'>τινας</span> <span class='ocrx_word' id='word_1_202' title='bbox 1431 2085 1790 2154; x_wconf 83' lang='grc' dir='ltr'>διδασκάλους</span> <span class='ocrx_word' id='word_1_203' title='bbox 1820 2090 1916 2146; x_wconf 91' lang='grc' dir='ltr'><strong>δύο</strong></span> 
     </span>
    </p>
   </div>
   <div class='ocr_carea' id='block_1_35' title="bbox 321 2166 908 2240">
    <p class='ocr_par' dir='ltr' id='par_1_35' title="bbox 321 2166 908 2240">
     <span class='ocr_line' id='line_1_35' title="bbox 321 2166 908 2240; baseline 0.003 -20"><span class='ocrx_word' id='word_1_204' title='bbox 321 2166 522 2235; x_wconf 80' lang='grc' dir='ltr'>φύσεις</span> <span class='ocrx_word' id='word_1_205' title='bbox 546 2170 859 2240; x_wconf 79' lang='grc' dir='ltr'><strong>εἰρηκότας.</strong></span> <span class='ocrx_word' id='word_1_206' title='bbox 887 2188 908 2222; x_wconf 74' lang='grc' dir='ltr'><strong>ι</strong></span> 
     </span>
    </p>
   </div>
   <div class='ocr_carea' id='block_1_36' title="bbox 322 2279 1916 2360">
    <p class='ocr_par' dir='ltr' id='par_1_36' title="bbox 322 2279 1916 2360">
     <span class='ocr_line' id='line_1_36' title="bbox 322 2279 1916 2360; baseline 0.009 -25"><span class='ocrx_word' id='word_1_207' title='bbox 322 2279 597 2360; x_wconf 61' lang='grc' dir='ltr'>Σεᾷιὶρου</span> <span class='ocrx_word' id='word_1_208' title='bbox 628 2284 737 2360; x_wconf 57' lang='lat' dir='ltr'><strong>tot?</strong></span> <span class='ocrx_word' id='word_1_209' title='bbox 752 2287 1064 2360; x_wconf 58' lang='lat' dir='ltr'><strong>uigentem?</strong></span> <span class='ocrx_word' id='word_1_210' title='bbox 1085 2287 1191 2342; x_wconf 85' lang='grc' dir='ltr'>τοῦ</span> <span class='ocrx_word' id='word_1_211' title='bbox 1206 2289 1611 2360; x_wconf 72' lang='grc' dir='ltr'>μιξοςουσίτου</span> <span class='ocrx_word' id='word_1_212' title='bbox 1632 2296 1761 2360; x_wconf 80' lang='grc' dir='ltr'>ταῖς</span> <span class='ocrx_word' id='word_1_213' title='bbox 1777 2297 1916 2350; x_wconf 81' lang='grc' dir='ltr'>Ἰου-</span> 
     </span>
    </p>
   </div>
   <div class='ocr_carea' id='block_1_37' title="bbox 394 2353 1914 2490">
    <p class='ocr_par' dir='ltr' id='par_1_37' title="bbox 394 2353 1914 2490">
     <span class='ocr_line' id='line_1_37' title="bbox 394 2353 1914 2490; baseline 0.013 -89"><span class='ocrx_word' id='word_1_214' title='bbox 394 2353 676 2490; x_wconf 48' lang='grc' dir='ltr'>ΐὲῖυτοέαι</span> <span class='ocrx_word' id='word_1_215' title='bbox 715 2355 1071 2424; x_wconf 78' lang='grc' dir='ltr'>Ἀμϐροσίου</span> <span class='ocrx_word' id='word_1_216' title='bbox 1123 2353 1422 2428; x_wconf 62' lang='grc' dir='ltr'>χρῆσεοίιν</span> <span class='ocrx_word' id='word_1_217' title='bbox 1469 2363 1658 2428; x_wconf 78' lang='grc' dir='ltr'>οὕτως</span> <span class='ocrx_word' id='word_1_218' title='bbox 1712 2353 1914 2420; x_wconf 50' lang='grc' dir='ltr'><strong>ἐξηλέ-</strong></span> 
     </span>
    </p>
   </div>
   <div class='ocr_carea' id='block_1_38' title="bbox 401 2533 1917 2618">
    <p class='ocr_par' dir='ltr' id='par_1_38' title="bbox 401 2533 1917 2618">
     <span class='ocr_line' id='line_1_38' title="bbox 401 2533 1917 2618; baseline 0.012 -34"><span class='ocrx_word' id='word_1_219' title='bbox 401 2553 420 2584; x_wconf 79' lang='grc' dir='ltr'><strong>ι</strong></span> <span class='ocrx_word' id='word_1_220' title='bbox 458 2533 522 2589; x_wconf 89' lang='grc' dir='ltr'>Ὀ</span> <span class='ocrx_word' id='word_1_221' title='bbox 549 2535 606 2587; x_wconf 78' lang='grc' dir='ltr'>δὲ</span> <span class='ocrx_word' id='word_1_222' title='bbox 637 2537 734 2589; x_wconf 74' lang='grc' dir='ltr'>καὶ</span> <span class='ocrx_word' id='word_1_223' title='bbox 755 2537 825 2592; x_wconf 72' lang='grc' dir='ltr'>τὰ</span> <span class='ocrx_word' id='word_1_224' title='bbox 858 2538 969 2593; x_wconf 84' lang='grc' dir='ltr'>τδια</span> <span class='ocrx_word' id='word_1_225' title='bbox 989 2539 1293 2609; x_wconf 84' lang='grc' dir='ltr'>γινώσκων,</span> <span class='ocrx_word' id='word_1_226' title='bbox 1323 2544 1415 2598; x_wconf 80' lang='grc' dir='ltr'>καὶ</span> <span class='ocrx_word' id='word_1_227' title='bbox 1441 2545 1541 2616; x_wconf 82' lang='grc' dir='ltr'>τὴν</span> <span class='ocrx_word' id='word_1_228' title='bbox 1570 2547 1766 2602; x_wconf 76' lang='grc' dir='ltr'>ἕνωσιν</span> <span class='ocrx_word' id='word_1_229' title='bbox 1815 2566 1917 2618; x_wconf 84' lang='grc' dir='ltr'>φυ-</span> 
     </span>
    </p>
   </div>
   <div class='ocr_carea' id='block_1_39' title="bbox 323 2624 1914 2708">
    <p class='ocr_par' dir='ltr' id='par_1_39' title="bbox 323 2624 1914 2708">
     <span class='ocr_line' id='line_1_39' title="bbox 323 2624 1914 2708; baseline 0.011 -32"><span class='ocrx_word' id='word_1_230' title='bbox 323 2624 542 2679; x_wconf 66' lang='grc' dir='ltr'>λάττων</span> <span class='ocrx_word' id='word_1_231' title='bbox 567 2669 583 2692; x_wconf 90' lang='grc'><strong>,</strong></span> <span class='ocrx_word' id='word_1_232' title='bbox 625 2627 752 2681; x_wconf 79' lang='grc' dir='ltr'>οὔτε</span> <span class='ocrx_word' id='word_1_233' title='bbox 782 2630 880 2694; x_wconf 79' lang='grc' dir='ltr'><strong>τὰς</strong></span> <span class='ocrx_word' id='word_1_234' title='bbox 918 2630 1109 2700; x_wconf 86' lang='grc' dir='ltr'>φύσεις</span> <span class='ocrx_word' id='word_1_235' title='bbox 1135 2634 1417 2704; x_wconf 76' lang='grc' dir='ltr'><strong>ψεύδεται,</strong></span> <span class='ocrx_word' id='word_1_236' title='bbox 1446 2635 1570 2691; x_wconf 75' lang='grc' dir='ltr'>οὔτε</span> <span class='ocrx_word' id='word_1_237' title='bbox 1598 2640 1694 2708; x_wconf 78' lang='grc' dir='ltr'>τὴν</span> <span class='ocrx_word' id='word_1_238' title='bbox 1721 2639 1914 2694; x_wconf 68' lang='grc' dir='ltr'>ἕνωσιν</span> 
     </span>
    </p>
   </div>
   <div class='ocr_carea' id='block_1_40' title="bbox 323 2721 661 2789">
    <p class='ocr_par' dir='ltr' id='par_1_40' title="bbox 323 2721 661 2789">
     <span class='ocr_line' id='line_1_40' title="bbox 323 2721 661 2789; baseline 0 -17"><span class='ocrx_word' id='word_1_239' title='bbox 323 2721 618 2789; x_wconf 82' lang='grc' dir='ltr'>ἀγνοήσει.</span> <span class='ocrx_word' id='word_1_240' title='bbox 642 2738 661 2772; x_wconf 73' lang='grc' dir='ltr'><strong>ι</strong></span> 
     </span>
    </p>
   </div>
   <div class='ocr_carea' id='block_1_41' title="bbox 438 2830 1808 2910">
    <p class='ocr_par' dir='ltr' id='par_1_41' title="bbox 438 2830 1808 2910">
     <span class='ocr_line' id='line_1_41' title="bbox 438 2830 1808 2910; baseline 0.009 -25"><span class='ocrx_word' id='word_1_241' title='bbox 438 2830 555 2886; x_wconf 79' lang='grc' dir='ltr'><strong>Τοῦ</strong></span> <span class='ocrx_word' id='word_1_242' title='bbox 578 2832 773 2887; x_wconf 83' lang='grc' dir='ltr'>αὐτοῦ</span> <span class='ocrx_word' id='word_1_243' title='bbox 799 2834 868 2888; x_wconf 82' lang='grc' dir='ltr'>ἐκ</span> <span class='ocrx_word' id='word_1_244' title='bbox 895 2834 1015 2890; x_wconf 78' lang='grc' dir='ltr'><strong>τῶν</strong></span> <span class='ocrx_word' id='word_1_245' title='bbox 1047 2839 1199 2892; x_wconf 80' lang='grc' dir='ltr'>κατὰ</span> <span class='ocrx_word' id='word_1_246' title='bbox 1228 2839 1336 2894; x_wconf 84' lang='grc' dir='ltr'>τοῦ</span> <span class='ocrx_word' id='word_1_247' title='bbox 1363 2843 1808 2910; x_wconf 81' lang='grc' dir='ltr'>Γραμματικοῦ.</span> 
     </span>
    </p>
   </div>
   <div class='ocr_carea' id='block_1_42' title="bbox 402 2940 1917 3024">
    <p class='ocr_par' dir='ltr' id='par_1_42' title="bbox 402 2940 1917 3024">
     <span class='ocr_line' id='line_1_42' title="bbox 402 2940 1917 3024; baseline 0.011 -32"><span class='ocrx_word' id='word_1_248' title='bbox 402 2959 422 2992; x_wconf 79' lang='grc' dir='ltr'><strong>ι</strong></span> <span class='ocrx_word' id='word_1_249' title='bbox 457 2940 570 2995; x_wconf 84' lang='grc' dir='ltr'>Δύο</span> <span class='ocrx_word' id='word_1_250' title='bbox 598 2943 697 3008; x_wconf 78' lang='grc' dir='ltr'>τὰς</span> <span class='ocrx_word' id='word_1_251' title='bbox 731 2943 924 3012; x_wconf 86' lang='grc' dir='ltr'>φύσεις</span> <span class='ocrx_word' id='word_1_252' title='bbox 950 2947 1007 2999; x_wconf 84' lang='grc' dir='ltr'>ὲν</span> <span class='ocrx_word' id='word_1_253' title='bbox 1039 2947 1118 3018; x_wconf 82' lang='grc' dir='ltr'>τῷ</span> <span class='ocrx_word' id='word_1_254' title='bbox 1142 2949 1366 3020; x_wconf 81' lang='grc' dir='ltr'>Χριστῷ</span> <span class='ocrx_word' id='word_1_255' title='bbox 1397 2951 1649 3021; x_wconf 81' lang='grc' dir='ltr'>νοοῦμεν,</span> <span class='ocrx_word' id='word_1_256' title='bbox 1684 2953 1783 3024; x_wconf 78' lang='grc' dir='ltr'>τὴν</span> <span class='ocrx_word' id='word_1_257' title='bbox 1818 2955 1917 3024; x_wconf 81' lang='grc' dir='ltr'>μὲν</span> 
     </span>
    </p>
   </div>
   <div class='ocr_carea' id='block_1_43' title="bbox 328 3033 1918 3116">
    <p class='ocr_par' dir='ltr' id='par_1_43' title="bbox 328 3033 1918 3116">
     <span class='ocr_line' id='line_1_43' title="bbox 328 3033 1918 3116; baseline 0.008 -30"><span class='ocrx_word' id='word_1_258' title='bbox 328 3033 580 3104; x_wconf 77' lang='grc' dir='ltr'>κτιστὴν,</span> <span class='ocrx_word' id='word_1_259' title='bbox 619 3036 722 3102; x_wconf 75' lang='grc' dir='ltr'>τὴν</span> <span class='ocrx_word' id='word_1_260' title='bbox 753 3036 812 3089; x_wconf 82' lang='grc' dir='ltr'>δὲ</span> <span class='ocrx_word' id='word_1_261' title='bbox 852 3035 1129 3106; x_wconf 74' lang='grc' dir='ltr'>ἄκτιστον,</span> <span class='ocrx_word' id='word_1_262' title='bbox 1159 3039 1275 3093; x_wconf 82' lang='grc' dir='ltr'>ἀλλ’</span> <span class='ocrx_word' id='word_1_263' title='bbox 1299 3041 1474 3105; x_wconf 77' lang='grc' dir='ltr'>οὐδεὶς</span> <span class='ocrx_word' id='word_1_264' title='bbox 1512 3043 1790 3113; x_wconf 80' lang='grc' dir='ltr'>ἐγράψατο</span> <span class='ocrx_word' id='word_1_265' title='bbox 1820 3045 1918 3116; x_wconf 77' lang='grc' dir='ltr'>τὴν</span> 
     </span>
    </p>
   </div>
   <div class='ocr_carea' id='block_1_44' title="bbox 330 3125 1913 3209">
    <p class='ocr_par' dir='ltr' id='par_1_44' title="bbox 330 3125 1913 3209">
     <span class='ocr_line' id='line_1_44' title="bbox 330 3125 1913 3209; baseline 0.01 -33"><span class='ocrx_word' id='word_1_266' title='bbox 330 3127 392 3178; x_wconf 80' lang='grc' dir='ltr'>ὲν</span> <span class='ocrx_word' id='word_1_267' title='bbox 426 3125 742 3196; x_wconf 74' lang='grc' dir='ltr'>Χαλκηδόνι</span> <span class='ocrx_word' id='word_1_268' title='bbox 785 3128 1032 3193; x_wconf 84' lang='grc' dir='ltr'>σύνοδον,</span> <span class='ocrx_word' id='word_1_269' title='bbox 1069 3131 1168 3202; x_wconf 85' lang='grc' dir='ltr'>τὴν</span> <span class='ocrx_word' id='word_1_270' title='bbox 1193 3132 1387 3201; x_wconf 87' lang='grc' dir='ltr'>ἄλογον</span> <span class='ocrx_word' id='word_1_271' title='bbox 1421 3135 1624 3207; x_wconf 86' lang='grc' dir='ltr'>ταύτην</span> <span class='ocrx_word' id='word_1_272' title='bbox 1652 3139 1874 3209; x_wconf 85' lang='grc' dir='ltr'>γραφήν</span> <span class='ocrx_word' id='word_1_273' title='bbox 1898 3155 1913 3172; x_wconf 87' lang='grc'><strong>·</strong></span> 
     </span>
    </p>
   </div>
   <div class='ocr_carea' id='block_1_45' title="bbox 329 3215 1914 3299">
    <p class='ocr_par' dir='ltr' id='par_1_45' title="bbox 329 3215 1914 3299">
     <span class='ocr_line' id='line_1_45' title="bbox 329 3215 1914 3299; baseline 0.009 -31"><span class='ocrx_word' id='word_1_274' title='bbox 329 3215 383 3268; x_wconf 80' lang='grc' dir='ltr'><strong>τί</strong></span> <span class='ocrx_word' id='word_1_275' title='bbox 417 3215 623 3284; x_wconf 80' lang='grc' dir='ltr'>δήποτε</span> <span class='ocrx_word' id='word_1_276' title='bbox 646 3216 739 3270; x_wconf 88' lang='grc' dir='ltr'><strong>δύο</strong></span> <span class='ocrx_word' id='word_1_277' title='bbox 773 3219 968 3286; x_wconf 83' lang='grc' dir='ltr'>φύσεις</span> <span class='ocrx_word' id='word_1_278' title='bbox 995 3221 1285 3291; x_wconf 79' lang='grc' dir='ltr'>ὠνόμασαν</span> <span class='ocrx_word' id='word_1_279' title='bbox 1311 3225 1442 3296; x_wconf 81' lang='grc' dir='ltr'>περὶ</span> <span class='ocrx_word' id='word_1_280' title='bbox 1465 3226 1562 3295; x_wconf 85' lang='grc' dir='ltr'><strong>τῆς</strong></span> <span class='ocrx_word' id='word_1_281' title='bbox 1589 3227 1681 3280; x_wconf 81' lang='grc' dir='ltr'>τοῦ</span> <span class='ocrx_word' id='word_1_282' title='bbox 1700 3229 1914 3299; x_wconf 72' lang='grc' dir='ltr'>Ἐμμα-</span> 
     </span>
    </p>
   </div>
   <div class='ocr_carea' id='block_1_46' title="bbox 329 3307 1916 3391">
    <p class='ocr_par' dir='ltr' id='par_1_46' title="bbox 329 3307 1916 3391">
     <span class='ocr_line' id='line_1_46' title="bbox 329 3307 1916 3391; baseline 0.009 -33"><span class='ocrx_word' id='word_1_283' title='bbox 329 3307 498 3375; x_wconf 76' lang='grc' dir='ltr'>νουήλ</span> <span class='ocrx_word' id='word_1_284' title='bbox 527 3308 780 3371; x_wconf 71' lang='grc' dir='ltr'>ἑνὼσεως</span> <span class='ocrx_word' id='word_1_285' title='bbox 797 3310 1294 3381; x_wconf 68' lang='grc' dir='ltr'>διαλαμϐάνοντεςς</span> <span class='ocrx_word' id='word_1_286' title='bbox 1322 3316 1722 3389; x_wconf 83' lang='grc' dir='ltr'>οὐδε“ις.ταύτην</span> <span class='ocrx_word' id='word_1_287' title='bbox 1753 3321 1916 3391; x_wconf 77' lang='grc' dir='ltr'>ἐστή-</span> 
     </span>
    </p>
   </div>
   <div class='ocr_carea' id='block_1_47' title="bbox 332 3397 1914 3477">
    <p class='ocr_par' dir='ltr' id='par_1_47' title="bbox 332 3397 1914 3477">
     <span class='ocr_line' id='line_1_47' title="bbox 332 3397 1914 3477; baseline 0.009 -29"><span class='ocrx_word' id='word_1_288' title='bbox 332 3413 462 3450; x_wconf 86' lang='grc' dir='ltr'>σατο</span> <span class='ocrx_word' id='word_1_289' title='bbox 509 3397 615 3468; x_wconf 82' lang='grc' dir='ltr'>τὴν</span> <span class='ocrx_word' id='word_1_290' title='bbox 662 3402 1031 3472; x_wconf 73' lang='grc' dir='ltr'>κατηγορίαν,</span> <span class='ocrx_word' id='word_1_291' title='bbox 1078 3403 1193 3456; x_wconf 79' lang='grc' dir='ltr'>ἀλλ’</span> <span class='ocrx_word' id='word_1_292' title='bbox 1231 3406 1450 3476; x_wconf 78' lang='grc' dir='ltr'>ἐκείνην</span> <span class='ocrx_word' id='word_1_293' title='bbox 1485 3408 1630 3477; x_wconf 85' lang='grc' dir='ltr'>μάλα</span> <span class='ocrx_word' id='word_1_294' title='bbox 1659 3409 1914 3474; x_wconf 85' lang='grc' dir='ltr'>δικαίως·</span> 
     </span>
    </p>
   </div>
   <div class='ocr_carea' id='block_1_48' title="bbox 329 3489 1918 3572">
    <p class='ocr_par' dir='ltr' id='par_1_48' title="bbox 329 3489 1918 3572">
     <span class='ocr_line' id='line_1_48' title="bbox 329 3489 1918 3572; baseline 0.009 -32"><span class='ocrx_word' id='word_1_295' title='bbox 329 3489 384 3541; x_wconf 82' lang='grc' dir='ltr'><strong>τί</strong></span> <span class='ocrx_word' id='word_1_296' title='bbox 412 3489 620 3560; x_wconf 83' lang='grc' dir='ltr'>δήποτε</span> <span class='ocrx_word' id='word_1_297' title='bbox 690 3492 766 3560; x_wconf 86' lang='grc' dir='ltr'>μὴ</span> <span class='ocrx_word' id='word_1_298' title='bbox 821 3493 1288 3564; x_wconf 81' lang='grc' dir='ltr'>ἀκολουθήσαντες</span> <span class='ocrx_word' id='word_1_299' title='bbox 1341 3497 1419 3567; x_wconf 84' lang='grc' dir='ltr'><strong>τῷ</strong></span> <span class='ocrx_word' id='word_1_300' title='bbox 1482 3499 1623 3569; x_wconf 74' lang='grc' dir='ltr'>ἁγίῳ</span> <span class='ocrx_word' id='word_1_301' title='bbox 1663 3501 1918 3572; x_wconf 83' lang='grc' dir='ltr'>Κυρίλλιρ</span> 
     </span>
    </p>
   </div>
   <div class='ocr_carea' id='block_1_49' title="bbox 332 3581 1920 3662">
    <p class='ocr_par' dir='ltr' id='par_1_49' title="bbox 332 3581 1920 3662">
     <span class='ocr_line' id='line_1_49' title="bbox 332 3581 1920 3662; baseline 0.008 -28"><span class='ocrx_word' id='word_1_302' title='bbox 332 3582 396 3634; x_wconf 66' lang='lat' dir='ltr'><strong>ix</strong></span> <span class='ocrx_word' id='word_1_303' title='bbox 427 3581 527 3635; x_wconf 88' lang='grc' dir='ltr'><strong>δύο</strong></span> <span class='ocrx_word' id='word_1_304' title='bbox 564 3583 786 3649; x_wconf 83' lang='grc' dir='ltr'>φύσεων</span> <span class='ocrx_word' id='word_1_305' title='bbox 828 3584 1044 3650; x_wconf 77' lang='grc' dir='ltr'>ἔφασαν</span> <span class='ocrx_word' id='word_1_306' title='bbox 1083 3581 1225 3640; x_wconf 80' lang='grc' dir='ltr'>εἶναι</span> <span class='ocrx_word' id='word_1_307' title='bbox 1251 3588 1343 3642; x_wconf 85' lang='grc' dir='ltr'>τὸν</span> <span class='ocrx_word' id='word_1_308' title='bbox 1365 3590 1634 3662; x_wconf 80' lang='grc' dir='ltr'>Χριστόν⁶</span> <span class='ocrx_word' id='word_1_309' title='bbox 1673 3592 1746 3647; x_wconf 85' lang='grc' dir='ltr'>ού.</span> <span class='ocrx_word' id='word_1_310' title='bbox 1777 3611 1920 3648; x_wconf 83' lang='grc' dir='ltr'>παυ-</span> 
     </span>
    </p>
   </div>
   <div class='ocr_carea' id='block_1_50' title="bbox 332 3672 1920 3755">
    <p class='ocr_par' dir='ltr' id='par_1_50' title="bbox 332 3672 1920 3755">
     <span class='ocr_line' id='line_1_50' title="bbox 332 3672 1920 3755; baseline 0.009 -31"><span class='ocrx_word' id='word_1_311' title='bbox 332 3672 543 3742; x_wconf 82' lang='grc' dir='ltr'>σόμεθα</span> <span class='ocrx_word' id='word_1_312' title='bbox 584 3673 839 3742; x_wconf 76' lang='grc' dir='ltr'>λέγοντες</span> <span class='ocrx_word' id='word_1_313' title='bbox 898 3675 1101 3742; x_wconf 84' lang='grc' dir='ltr'>τοίνυν,</span> <span class='ocrx_word' id='word_1_314' title='bbox 1166 3678 1243 3742; x_wconf 84' lang='grc' dir='ltr'><strong>ὡς</strong></span> <span class='ocrx_word' id='word_1_315' title='bbox 1294 3680 1516 3746; x_wconf 78' lang='grc' dir='ltr'>Δείξατο</span> <span class='ocrx_word' id='word_1_316' title='bbox 1568 3683 1656 3746; x_wconf 85' lang='grc' dir='ltr'>τίς</span> <span class='ocrx_word' id='word_1_317' title='bbox 1708 3684 1812 3755; x_wconf 87' lang='grc' dir='ltr'>τὴν</span> <span class='ocrx_word' id='word_1_318' title='bbox 1859 3686 1920 3739; x_wconf 81' lang='grc' dir='ltr'>ὲν</span> 
     </span>
    </p>
   </div>
   <div class='ocr_carea' id='block_1_51' title="bbox 331 3764 1918 3844">
    <p class='ocr_par' dir='ltr' id='par_1_51' title="bbox 331 3764 1918 3844">
     <span class='ocr_line' id='line_1_51' title="bbox 331 3764 1918 3844; baseline 0.008 -26"><span class='ocrx_word' id='word_1_319' title='bbox 331 3764 644 3834; x_wconf 76' lang='grc' dir='ltr'>Χαλκηδόνι</span> <span class='ocrx_word' id='word_1_320' title='bbox 691 3765 1003 3840; x_wconf 78' lang='grc' dir='ltr'>σύνοδον,</span> <span class='ocrx_word' id='word_1_321' title='bbox 1037 3768 1129 3822; x_wconf 85' lang='grc' dir='ltr'>τὸν</span> <span class='ocrx_word' id='word_1_322' title='bbox 1183 3770 1349 3840; x_wconf 86' lang='grc' dir='ltr'>τόμον</span> <span class='ocrx_word' id='word_1_323' title='bbox 1379 3773 1630 3838; x_wconf 76' lang='grc' dir='ltr'>Λέοντος,</span> <span class='ocrx_word' id='word_1_324' title='bbox 1657 3773 1756 3844; x_wconf 84' lang='grc' dir='ltr'>τὴν</span> <span class='ocrx_word' id='word_1_325' title='bbox 1792 3776 1918 3830; x_wconf 82' lang='grc' dir='ltr'>καθ’</span> 
     </span>
    </p>
   </div>
   <div class='ocr_carea' id='block_1_52' title="bbox 296 3854 1921 3936">
    <p class='ocr_par' dir='ltr' id='par_1_52' title="bbox 296 3854 1921 3936">
     <span class='ocr_line' id='line_1_52' title="bbox 296 3854 1921 3936; baseline 0.009 -30"><span class='ocrx_word' id='word_1_326' title='bbox 296 3896 300 3899; x_wconf 92' lang='grc'>.</span> <span class='ocrx_word' id='word_1_327' title='bbox 331 3854 686 3909; x_wconf 70' lang='grc' dir='ltr'>ὑπόστασιν</span> <span class='ocrx_word' id='word_1_328' title='bbox 706 3855 929 3910; x_wconf 77' lang='grc' dir='ltr'>ἕνωσιν</span> <span class='ocrx_word' id='word_1_329' title='bbox 962 3857 1425 3928; x_wconf 74' lang='grc' dir='ltr'>ὁμολογήσαντας,</span> <span class='ocrx_word' id='word_1_330' title='bbox 1451 3862 1484 3934; x_wconf 79' lang='grc' dir='ltr'>ἢ</span> <span class='ocrx_word' id='word_1_331' title='bbox 1516 3861 1921 3936; x_wconf 78' lang='grc' dir='ltr'>σύνοδονφυσι-</span> 
     </span>
    </p>
   </div>
   <div class='ocr_carea' id='block_1_53' title="bbox 333 3944 1920 4024">
    <p class='ocr_par' dir='ltr' id='par_1_53' title="bbox 333 3944 1920 4024">
     <span class='ocr_line' id='line_1_53' title="bbox 333 3944 1920 4024; baseline 0.008 -26"><span class='ocrx_word' id='word_1_332' title='bbox 333 3944 454 4014; x_wconf 80' lang='grc' dir='ltr'>κὴν,</span> <span class='ocrx_word' id='word_1_333' title='bbox 488 3944 523 4016; x_wconf 80' lang='grc' dir='ltr'>ἢ</span> <span class='ocrx_word' id='word_1_334' title='bbox 573 3946 634 4010; x_wconf 74' lang='grc' dir='ltr'>ἐξ</span> <span class='ocrx_word' id='word_1_335' title='bbox 675 3947 880 4015; x_wconf 71' lang='grc' dir='ltr'>ἀμφοῖν</span> <span class='ocrx_word' id='word_1_336' title='bbox 922 3946 1020 4000; x_wconf 73' lang='grc' dir='ltr'>ἕνα</span> <span class='ocrx_word' id='word_1_337' title='bbox 1063 3949 1320 4019; x_wconf 82' lang='grc' dir='ltr'>Χριστὸν,</span> <span class='ocrx_word' id='word_1_338' title='bbox 1361 3952 1395 4024; x_wconf 78' lang='grc' dir='ltr'>ἢ</span> <span class='ocrx_word' id='word_1_339' title='bbox 1440 3953 1571 4022; x_wconf 79' lang='grc' dir='ltr'>μίαν</span> <span class='ocrx_word' id='word_1_340' title='bbox 1617 3955 1780 4024; x_wconf 72' lang='grc' dir='ltr'>φύσιν</span> <span class='ocrx_word' id='word_1_341' title='bbox 1823 3957 1920 4012; x_wconf 80' lang='grc' dir='ltr'><strong>τοῦ</strong></span> 
     </span>
    </p>
   </div>
   <div class='ocr_carea' id='block_1_54' title="bbox 331 4035 1921 4116">
    <p class='ocr_par' dir='ltr' id='par_1_54' title="bbox 331 4035 1921 4116">
     <span class='ocr_line' id='line_1_54' title="bbox 331 4035 1921 4116; baseline 0.008 -28"><span class='ocrx_word' id='word_1_342' title='bbox 331 4035 467 4089; x_wconf 80' lang='grc' dir='ltr'>Θεοῦ</span> <span class='ocrx_word' id='word_1_343' title='bbox 505 4037 687 4104; x_wconf 79' lang='grc' dir='ltr'>Λόγου</span> <span class='ocrx_word' id='word_1_344' title='bbox 731 4040 1209 4107; x_wconf 78' lang='grc' dir='ltr'>σεσαρκωμένην</span> <span class='ocrx_word' id='word_1_345' title='bbox 1232 4055 1246 4072; x_wconf 84' lang='lat'><strong><em>°</em></strong></span> <span class='ocrx_word' id='word_1_346' title='bbox 1294 4045 1390 4096; x_wconf 80' lang='grc' dir='ltr'>καὶ</span> <span class='ocrx_word' id='word_1_347' title='bbox 1426 4039 1548 4098; x_wconf 83' lang='grc' dir='ltr'>τότε</span> <span class='ocrx_word' id='word_1_348' title='bbox 1593 4047 1921 4116; x_wconf 85' lang='grc' dir='ltr'>γνωσόμεθα</span> 
     </span>
    </p>
   </div>
   <div class='ocr_carea' id='block_1_55' title="bbox 333 4124 1921 4211">
    <p class='ocr_par' dir='ltr' id='par_1_55' title="bbox 333 4124 1921 4211">
     <span class='ocr_line' id='line_1_55' title="bbox 333 4124 1921 4211; baseline 0.007 -30"><span class='ocrx_word' id='word_1_349' title='bbox 333 4128 408 4189; x_wconf 85' lang='grc' dir='ltr'><strong>ὡς</strong></span> <span class='ocrx_word' id='word_1_350' title='bbox 441 4128 589 4181; x_wconf 82' lang='grc' dir='ltr'>κατὰ</span> <span class='ocrx_word' id='word_1_351' title='bbox 626 4127 722 4180; x_wconf 77' lang='grc' dir='ltr'>τὸν</span> <span class='ocrx_word' id='word_1_352' title='bbox 749 4124 1367 4200; x_wconf 69' lang='grc' dir='ltr'>σοφώτατονιίύριλλον</span> <span class='ocrx_word' id='word_1_353' title='bbox 1392 4132 1598 4206; x_wconf 81' lang='grc' dir='ltr'>θεωρίᾳ</span> <span class='ocrx_word' id='word_1_354' title='bbox 1622 4137 1761 4211; x_wconf 76' lang='grc' dir='ltr'>μόνῃ</span> <span class='ocrx_word' id='word_1_355' title='bbox 1785 4139 1921 4192; x_wconf 81' lang='grc' dir='ltr'>ἀνα-</span> 
     </span>
    </p>
   </div>
   <div class='ocr_carea' id='block_1_56' title="bbox 331 4219 1922 4300">
    <p class='ocr_par' dir='ltr' id='par_1_56' title="bbox 331 4219 1922 4300">
     <span class='ocr_line' id='line_1_56' title="bbox 331 4219 1922 4300; baseline 0.009 -30"><span class='ocrx_word' id='word_1_356' title='bbox 331 4219 617 4287; x_wconf 82' lang='grc' dir='ltr'>κρίνοντες</span> <span class='ocrx_word' id='word_1_357' title='bbox 643 4219 746 4289; x_wconf 81' lang='grc' dir='ltr'>τὴν</span> <span class='ocrx_word' id='word_1_358' title='bbox 794 4219 1025 4290; x_wconf 82' lang='grc' dir='ltr'>ούσιώδη</span> <span class='ocrx_word' id='word_1_359' title='bbox 1053 4220 1318 4292; x_wconf 73' lang='grc' dir='ltr'>διαφορὰν</span> <span class='ocrx_word' id='word_1_360' title='bbox 1343 4225 1453 4278; x_wconf 85' lang='grc' dir='ltr'><strong>τῶν</strong></span> <span class='ocrx_word' id='word_1_361' title='bbox 1492 4229 1922 4300; x_wconf 86' lang='grc' dir='ltr'>συνενεχθέντων</span> 
     </span>
    </p>
   </div>
   <div class='ocr_carea' id='block_1_57' title="bbox 334 4309 1920 4391">
    <p class='ocr_par' dir='ltr' id='par_1_57' title="bbox 334 4309 1920 4391">
     <span class='ocr_line' id='line_1_57' title="bbox 334 4309 1920 4391; baseline 0.009 -30"><span class='ocrx_word' id='word_1_362' title='bbox 334 4309 675 4382; x_wconf 67' lang='grc' dir='ltr'><strong>ἀπορῥήτως</strong></span> <span class='ocrx_word' id='word_1_363' title='bbox 705 4312 787 4372; x_wconf 76' lang='grc' dir='ltr'>εἰς</span> <span class='ocrx_word' id='word_1_364' title='bbox 816 4309 876 4362; x_wconf 79' lang='grc' dir='ltr'>ἓν</span> <span class='ocrx_word' id='word_1_365' title='bbox 914 4313 1097 4365; x_wconf 83' lang='grc' dir='ltr'>ῐσασι·</span> <span class='ocrx_word' id='word_1_366' title='bbox 1130 4313 1224 4366; x_wconf 77' lang='grc' dir='ltr'>καὶ</span> <span class='ocrx_word' id='word_1_367' title='bbox 1254 4313 1332 4378; x_wconf 83' lang='grc' dir='ltr'><strong>ὡς</strong></span> <span class='ocrx_word' id='word_1_368' title='bbox 1364 4315 1527 4388; x_wconf 73' lang='grc' dir='ltr'>ἑτέρα</span> <span class='ocrx_word' id='word_1_369' title='bbox 1559 4319 1593 4388; x_wconf 78' lang='grc' dir='ltr'>ἡ</span> <span class='ocrx_word' id='word_1_370' title='bbox 1623 4319 1717 4372; x_wconf 79' lang='grc' dir='ltr'><strong>τοῦ</strong></span> <span class='ocrx_word' id='word_1_371' title='bbox 1745 4321 1920 4391; x_wconf 79' lang='grc' dir='ltr'>Λόγου</span> 
     </span>
    </p>
   </div>
   <div class='ocr_carea' id='block_1_58' title="bbox 335 4400 1922 4475">
    <p class='ocr_par' dir='ltr' id='par_1_58' title="bbox 335 4400 1922 4475">
     <span class='ocr_line' id='line_1_58' title="bbox 335 4400 1922 4475; baseline 0.01 -24"><span class='ocrx_word' id='word_1_372' title='bbox 335 4400 519 4470; x_wconf 69' lang='grc' dir='ltr'>φύσις,</span> <span class='ocrx_word' id='word_1_373' title='bbox 565 4403 661 4455; x_wconf 59' lang='grc' dir='ltr'><strong>κοιλ⁵</strong></span> <span class='ocrx_word' id='word_1_374' title='bbox 693 4401 862 4472; x_wconf 75' lang='grc' dir='ltr'>ἑτέρα</span> <span class='ocrx_word' id='word_1_375' title='bbox 899 4403 932 4473; x_wconf 79' lang='grc' dir='ltr'><strong>ή</strong></span> <span class='ocrx_word' id='word_1_376' title='bbox 963 4403 1060 4474; x_wconf 83' lang='grc' dir='ltr'><strong>τῆς</strong></span> <span class='ocrx_word' id='word_1_377' title='bbox 1094 4404 1318 4475; x_wconf 82' lang='grc' dir='ltr'>σαρκὸς,</span> <span class='ocrx_word' id='word_1_378' title='bbox 1347 4410 1443 4460; x_wconf 74' lang='grc' dir='ltr'>καὶ</span> <span class='ocrx_word' id='word_1_379' title='bbox 1465 4407 1542 4472; x_wconf 81' lang='grc' dir='ltr'><strong>ὡς</strong></span> <span class='ocrx_word' id='word_1_380' title='bbox 1589 4409 1683 4462; x_wconf 78' lang='grc' dir='ltr'><strong>δύο</strong></span> <span class='ocrx_word' id='word_1_381' title='bbox 1722 4411 1790 4466; x_wconf 82' lang='grc' dir='ltr'>τὰ</span> <span class='ocrx_word' id='word_1_382' title='bbox 1826 4413 1922 4467; x_wconf 86' lang='grc' dir='ltr'><strong>ἀλ-</strong></span> 
     </span>
    </p>
   </div>
   <div class='ocr_carea' id='block_1_59' title="bbox 2090 1930 2930 2004">
    <p class='ocr_par' dir='ltr' id='par_1_59' title="bbox 2090 1930 2930 2004">
     <span class='ocr_line' id='line_1_59' title="bbox 2090 1930 2930 2004; baseline 0 -20"><span class='ocrx_word' id='word_1_383' title='bbox 2090 1932 2160 1984; x_wconf 84' lang='lat' dir='ltr'><strong>ad</strong></span> <span class='ocrx_word' id='word_1_384' title='bbox 2185 1930 2410 1985; x_wconf 87' lang='lat' dir='ltr'><strong>Leonem</strong></span> <span class='ocrx_word' id='word_1_385' title='bbox 2439 1932 2930 2004; x_wconf 73' lang='lat' dir='ltr'><strong>imperatorem(2).</strong></span> 
     </span>
    </p>
   </div>
   <div class='ocr_carea' id='block_1_60' title="bbox 2091 2080 3590 2154">
    <p class='ocr_par' dir='ltr' id='par_1_60' title="bbox 2091 2080 3590 2154">
     <span class='ocr_line' id='line_1_60' title="bbox 2091 2080 3590 2154; baseline -0.003 -18"><span class='ocrx_word' id='word_1_386' title='bbox 2091 2103 2110 2136; x_wconf 83' lang='grc' dir='ltr'><strong>ι</strong></span> <span class='ocrx_word' id='word_1_387' title='bbox 2147 2084 2480 2154; x_wconf 79' lang='lat' dir='ltr'><strong>Confugient</strong></span> <span class='ocrx_word' id='word_1_388' title='bbox 2514 2083 2581 2139; x_wconf 87' lang='lat' dir='ltr'><strong>ad</strong></span> <span class='ocrx_word' id='word_1_389' title='bbox 2611 2082 2880 2153; x_wconf 88' lang='lat' dir='ltr'><strong>quosdam</strong></span> <span class='ocrx_word' id='word_1_390' title='bbox 2912 2093 3302 2153; x_wconf 67' lang='lat' dir='ltr'><strong>praeceptores,</strong></span> <span class='ocrx_word' id='word_1_391' title='bbox 3337 2080 3430 2151; x_wconf 90' lang='lat' dir='ltr'><strong>qui</strong></span> <span class='ocrx_word' id='word_1_392' title='bbox 3451 2080 3590 2134; x_wconf 82' lang='lat' dir='ltr'><strong>duas</strong></span> 
     </span>
    </p>
   </div>
   <div class='ocr_carea' id='block_1_61' title="bbox 2014 2176 2718 2246">
    <p class='ocr_par' dir='ltr' id='par_1_61' title="bbox 2014 2176 2718 2246">
     <span class='ocr_line' id='line_1_61' title="bbox 2014 2176 2718 2246; baseline -0.003 -18"><span class='ocrx_word' id='word_1_393' title='bbox 2014 2186 2245 2232; x_wconf 88' lang='lat' dir='ltr'><strong>naturas</strong></span> <span class='ocrx_word' id='word_1_394' title='bbox 2271 2176 2662 2246; x_wconf 57' lang='lat' dir='ltr'><strong>pradicarunt.</strong></span> <span class='ocrx_word' id='word_1_395' title='bbox 2699 2194 2718 2226; x_wconf 78' lang='grc' dir='ltr'><strong>ι</strong></span> 
     </span>
    </p>
   </div>
   <div class='ocr_carea' id='block_1_62' title="bbox 2017 2287 3600 2361">
    <p class='ocr_par' dir='ltr' id='par_1_62' title="bbox 2017 2287 3600 2361">
     <span class='ocr_line' id='line_1_62' title="bbox 2017 2287 3600 2361; baseline -0.006 -13"><span class='ocrx_word' id='word_1_396' title='bbox 2017 2290 2246 2348; x_wconf 75' lang='lat' dir='ltr'><strong>Severus</strong></span> <span class='ocrx_word' id='word_1_397' title='bbox 2281 2292 2554 2346; x_wconf 64' lang='lat' dir='ltr'><strong>haereticus</strong></span> <span class='ocrx_word' id='word_1_398' title='bbox 2585 2292 2961 2361; x_wconf 74' lang='lat' dir='ltr'><strong>mixophysita,</strong></span> <span class='ocrx_word' id='word_1_399' title='bbox 3006 2288 3405 2361; x_wconf 70' lang='lat' dir='ltr'><strong>auctoritatibus</strong></span> <span class='ocrx_word' id='word_1_400' title='bbox 3458 2287 3600 2341; x_wconf 80' lang='lat' dir='ltr'><strong>Julii.</strong></span> 
     </span>
    </p>
   </div>
   <div class='ocr_carea' id='block_1_63' title="bbox 2465 2360 3136 2415">
    <p class='ocr_par' dir='ltr' id='par_1_63' title="bbox 2465 2360 3136 2415">
     <span class='ocr_line' id='line_1_63' title="bbox 2465 2360 3136 2415; baseline -0.001 -1"><span class='ocrx_word' id='word_1_401' title='bbox 2465 2369 2515 2414; x_wconf 88' lang='lat' dir='ltr'><strong>et</strong></span> <span class='ocrx_word' id='word_1_402' title='bbox 2537 2360 2920 2415; x_wconf 72' lang='lat' dir='ltr'><strong>Ambrosii/ioc</strong></span> <span class='ocrx_word' id='word_1_403' title='bbox 2943 2360 3136 2414; x_wconf 78' lang='lat' dir='ltr'><strong>subdit.</strong></span> 
     </span>
    </p>
   </div>
   <div class='ocr_carea' id='block_1_64' title="bbox 2093 2533 3602 2608">
    <p class='ocr_par' dir='ltr' id='par_1_64' title="bbox 2093 2533 3602 2608">
     <span class='ocr_line' id='line_1_64' title="bbox 2093 2533 3602 2608; baseline -0.005 -18"><span class='ocrx_word' id='word_1_404' title='bbox 2093 2558 2111 2590; x_wconf 84' lang='grc' dir='ltr'><strong>ι</strong></span> <span class='ocrx_word' id='word_1_405' title='bbox 2133 2537 2235 2603; x_wconf 83' lang='lat' dir='ltr'><strong>Qui</strong></span> <span class='ocrx_word' id='word_1_406' title='bbox 2251 2537 2617 2608; x_wconf 86' lang='lat' dir='ltr'><strong>proprietates</strong></span> <span class='ocrx_word' id='word_1_407' title='bbox 2633 2536 2901 2608; x_wconf 77' lang='lat' dir='ltr'><strong>agnoscit,</strong></span> <span class='ocrx_word' id='word_1_408' title='bbox 2917 2536 3122 2606; x_wconf 89' lang='lat' dir='ltr'><strong>quique</strong></span> <span class='ocrx_word' id='word_1_409' title='bbox 3144 2533 3602 2605; x_wconf 76' lang='lat' dir='ltr'><strong>conjunctionem-</strong></span> 
     </span>
    </p>
   </div>
   <div class='ocr_carea' id='block_1_65' title="bbox 2017 2622 3604 2698">
    <p class='ocr_par' dir='ltr' id='par_1_65' title="bbox 2017 2622 3604 2698">
     <span class='ocr_line' id='line_1_65' title="bbox 2017 2622 3604 2698; baseline -0.006 -15"><span class='ocrx_word' id='word_1_410' title='bbox 2017 2629 2314 2698; x_wconf 81' lang='lat' dir='ltr'><strong>diligenter</strong></span> <span class='ocrx_word' id='word_1_411' title='bbox 2345 2629 2643 2692; x_wconf 89' lang='lat' dir='ltr'><strong>observat,</strong></span> <span class='ocrx_word' id='word_1_412' title='bbox 2683 2628 2730 2683; x_wconf 85' lang='lat' dir='ltr'><strong>is</strong></span> <span class='ocrx_word' id='word_1_413' title='bbox 2761 2641 2942 2696; x_wconf 87' lang='lat' dir='ltr'><strong>neque</strong></span> <span class='ocrx_word' id='word_1_414' title='bbox 2977 2633 3204 2680; x_wconf 83' lang='lat' dir='ltr'><strong>naturas</strong></span> <span class='ocrx_word' id='word_1_415' title='bbox 3229 2622 3604 2686; x_wconf 69' lang='lat' dir='ltr'><strong>inﬁciabitur,</strong></span> 
     </span>
    </p>
   </div>
   <div class='ocr_carea' id='block_1_66' title="bbox 1923 2719 3063 2790">
    <p class='ocr_par' dir='ltr' id='par_1_66' title="bbox 1923 2719 3063 2790">
     <span class='ocr_line' id='line_1_66' title="bbox 1923 2719 3063 2790; baseline -0.005 -15"><span class='ocrx_word' id='word_1_416' title='bbox 1923 2741 1930 2748; x_wconf 74' lang='lat'><em>&#39;</em></span> <span class='ocrx_word' id='word_1_417' title='bbox 2017 2735 2120 2775; x_wconf 91' lang='lat' dir='ltr'><strong>nec</strong></span> <span class='ocrx_word' id='word_1_418' title='bbox 2151 2719 2395 2790; x_wconf 89' lang='lat' dir='ltr'><strong>ipsarum</strong></span> <span class='ocrx_word' id='word_1_419' title='bbox 2427 2719 2680 2789; x_wconf 86' lang='lat' dir='ltr'><strong>copulam</strong></span> <span class='ocrx_word' id='word_1_420' title='bbox 2714 2719 3008 2790; x_wconf 80' lang='lat' dir='ltr'><strong>ignorabit.</strong></span> <span class='ocrx_word' id='word_1_421' title='bbox 3045 2736 3063 2769; x_wconf 71' lang='grc' dir='ltr'><strong>ι</strong></span> 
     </span>
    </p>
   </div>
   <div class='ocr_carea' id='block_1_67' title="bbox 2209 2834 3412 2906">
    <p class='ocr_par' dir='ltr' id='par_1_67' title="bbox 2209 2834 3412 2906">
     <span class='ocr_line' id='line_1_67' title="bbox 2209 2834 3412 2906; baseline -0.005 -15"><span class='ocrx_word' id='word_1_422' title='bbox 2209 2836 2466 2906; x_wconf 79' lang='lat' dir='ltr'><strong>Ejusdem</strong></span> <span class='ocrx_word' id='word_1_423' title='bbox 2494 2851 2558 2889; x_wconf 75' lang='lat' dir='ltr'><strong>ex</strong></span> <span class='ocrx_word' id='word_1_424' title='bbox 2582 2834 2726 2889; x_wconf 80' lang='lat' dir='ltr'><strong>libris</strong></span> <span class='ocrx_word' id='word_1_425' title='bbox 2752 2843 2937 2890; x_wconf 82' lang='lat' dir='ltr'><strong>contra</strong></span> <span class='ocrx_word' id='word_1_426' title='bbox 2970 2834 3412 2890; x_wconf 81' lang='lat' dir='ltr'><strong>Grammaticum.</strong></span> 
     </span>
    </p>
   </div>
   <div class='ocr_carea' id='block_1_68' title="bbox 2092 2945 3610 3015">
    <p class='ocr_par' dir='ltr' id='par_1_68' title="bbox 2092 2945 3610 3015">
     <span class='ocr_line' id='line_1_68' title="bbox 2092 2945 3610 3015; baseline -0.005 -13"><span class='ocrx_word' id='word_1_427' title='bbox 2092 2969 2113 3002; x_wconf 84' lang='grc' dir='ltr'><strong>ι</strong></span> <span class='ocrx_word' id='word_1_428' title='bbox 2157 2949 2304 3004; x_wconf 89' lang='lat' dir='ltr'><strong>Duas</strong></span> <span class='ocrx_word' id='word_1_429' title='bbox 2347 2949 2403 3004; x_wconf 90' lang='lat' dir='ltr'><strong>in</strong></span> <span class='ocrx_word' id='word_1_430' title='bbox 2454 2949 2676 3005; x_wconf 88' lang='lat' dir='ltr'><strong>Christo</strong></span> <span class='ocrx_word' id='word_1_431' title='bbox 2715 2956 2948 3002; x_wconf 87' lang='lat' dir='ltr'><strong>naturas</strong></span> <span class='ocrx_word' id='word_1_432' title='bbox 2995 2945 3382 3015; x_wconf 88' lang='lat' dir='ltr'><strong>concipimus,</strong></span> <span class='ocrx_word' id='word_1_433' title='bbox 3427 2957 3610 2997; x_wconf 82' lang='lat' dir='ltr'><strong>unam.</strong></span> 
     </span>
    </p>
   </div>
   <div class='ocr_carea' id='block_1_69' title="bbox 2019 3037 3606 3106">
    <p class='ocr_par' dir='ltr' id='par_1_69' title="bbox 2019 3037 3606 3106">
     <span class='ocr_line' id='line_1_69' title="bbox 2019 3037 3606 3106; baseline -0.004 -9"><span class='ocrx_word' id='word_1_434' title='bbox 2019 3050 2282 3106; x_wconf 89' lang='lat' dir='ltr'><strong>creatam,</strong></span> <span class='ocrx_word' id='word_1_435' title='bbox 2329 3042 2572 3097; x_wconf 90' lang='lat' dir='ltr'><strong>alteram-</strong></span> <span class='ocrx_word' id='word_1_436' title='bbox 2600 3043 2924 3097; x_wconf 87' lang='lat' dir='ltr'><strong>increatam.</strong></span> <span class='ocrx_word' id='word_1_437' title='bbox 2950 3041 3125 3095; x_wconf 87' lang='lat' dir='ltr'><strong>Nemo</strong></span> <span class='ocrx_word' id='word_1_438' title='bbox 3176 3054 3310 3094; x_wconf 90' lang='lat' dir='ltr'><strong>vero</strong></span> <span class='ocrx_word' id='word_1_439' title='bbox 3357 3037 3606 3094; x_wconf 77' lang='lat' dir='ltr'><strong>concilio-</strong></span> 
     </span>
    </p>
   </div>
   <div class='ocr_carea' id='block_1_70' title="bbox 2018 3128 3617 3201">
    <p class='ocr_par' dir='ltr' id='par_1_70' title="bbox 2018 3128 3617 3201">
     <span class='ocr_line' id='line_1_70' title="bbox 2018 3128 3617 3201; baseline -0.005 -13"><span class='ocrx_word' id='word_1_440' title='bbox 2018 3132 2468 3188; x_wconf 67' lang='lat' dir='ltr'><strong>Chalcedonensi</strong></span> <span class='ocrx_word' id='word_1_441' title='bbox 2482 3133 2793 3189; x_wconf 85' lang='lat' dir='ltr'><strong>ridiculum-</strong></span> <span class='ocrx_word' id='word_1_442' title='bbox 2811 3134 2918 3187; x_wconf 92' lang='lat' dir='ltr'><strong>hoc</strong></span> <span class='ocrx_word' id='word_1_443' title='bbox 2942 3132 3156 3188; x_wconf 86' lang='lat' dir='ltr'><strong>crimen</strong></span> <span class='ocrx_word' id='word_1_444' title='bbox 3191 3130 3419 3201; x_wconf 90' lang='lat' dir='ltr'><strong>objecit,</strong></span> <span class='ocrx_word' id='word_1_445' title='bbox 3446 3128 3617 3198; x_wconf 77' lang='lat' dir='ltr'><strong>quod.</strong></span> 
     </span>
    </p>
   </div>
   <div class='ocr_carea' id='block_1_71' title="bbox 2021 3223 3596 3288">
    <p class='ocr_par' dir='ltr' id='par_1_71' title="bbox 2021 3223 3596 3288">
     <span class='ocr_line' id='line_1_71' title="bbox 2021 3223 3596 3288; baseline -0.002 -11"><span class='ocrx_word' id='word_1_446' title='bbox 2021 3223 2075 3278; x_wconf 92' lang='lat' dir='ltr'><strong>in</strong></span> <span class='ocrx_word' id='word_1_447' title='bbox 2098 3224 2461 3280; x_wconf 86' lang='lat' dir='ltr'><strong>Emmanuele</strong></span> <span class='ocrx_word' id='word_1_448' title='bbox 2481 3224 2620 3279; x_wconf 91' lang='lat' dir='ltr'><strong>duas</strong></span> <span class='ocrx_word' id='word_1_449' title='bbox 2637 3233 2865 3278; x_wconf 83' lang='lat' dir='ltr'><strong>naturas</strong></span> <span class='ocrx_word' id='word_1_450' title='bbox 2883 3223 3214 3288; x_wconf 87' lang='lat' dir='ltr'><strong>asserucrit;</strong></span> <span class='ocrx_word' id='word_1_451' title='bbox 3243 3237 3405 3275; x_wconf 89' lang='lat' dir='ltr'><strong>nemo</strong></span> <span class='ocrx_word' id='word_1_452' title='bbox 3429 3235 3596 3284; x_wconf 87' lang='lat' dir='ltr'><strong>unus,</strong></span> 
     </span>
    </p>
   </div>
   <div class='ocr_carea' id='block_1_72' title="bbox 2025 3313 3597 3386">
    <p class='ocr_par' dir='ltr' id='par_1_72' title="bbox 2025 3313 3597 3386">
     <span class='ocr_line' id='line_1_72' title="bbox 2025 3313 3597 3386; baseline -0.003 -17"><span class='ocrx_word' id='word_1_453' title='bbox 2025 3316 2274 3385; x_wconf 88' lang='lat' dir='ltr'><strong>inquam,</strong></span> <span class='ocrx_word' id='word_1_454' title='bbox 2305 3317 2411 3371; x_wconf 92' lang='lat' dir='ltr'><strong>hoc</strong></span> <span class='ocrx_word' id='word_1_455' title='bbox 2445 3317 2676 3386; x_wconf 85' lang='lat' dir='ltr'><strong>objecit,</strong></span> <span class='ocrx_word' id='word_1_456' title='bbox 2707 3317 2806 3371; x_wconf 84' lang='lat' dir='ltr'><strong>sed</strong></span> <span class='ocrx_word' id='word_1_457' title='bbox 2825 3315 2960 3369; x_wconf 73' lang='lat' dir='ltr'><strong>illud</strong></span> <span class='ocrx_word' id='word_1_458' title='bbox 2997 3314 3186 3384; x_wconf 89' lang='lat' dir='ltr'><strong>potius</strong></span> <span class='ocrx_word' id='word_1_459' title='bbox 3218 3316 3267 3368; x_wconf 94' lang='lat' dir='ltr'><strong>ei</strong></span> <span class='ocrx_word' id='word_1_460' title='bbox 3304 3313 3442 3366; x_wconf 90' lang='lat' dir='ltr'><strong>vitio</strong></span> <span class='ocrx_word' id='word_1_461' title='bbox 3470 3325 3597 3366; x_wconf 88' lang='lat' dir='ltr'><strong>ver-</strong></span> 
     </span>
    </p>
   </div>
   <div class='ocr_carea' id='block_1_73' title="bbox 2022 3401 3602 3476">
    <p class='ocr_par' dir='ltr' id='par_1_73' title="bbox 2022 3401 3602 3476">
     <span class='ocr_line' id='line_1_73' title="bbox 2022 3401 3602 3476; baseline -0.004 -16"><span class='ocrx_word' id='word_1_462' title='bbox 2022 3405 2250 3460; x_wconf 88' lang='lat' dir='ltr'><strong>tendum</strong></span> <span class='ocrx_word' id='word_1_463' title='bbox 2291 3407 2544 3475; x_wconf 85' lang='lat' dir='ltr'><strong>putavit;</strong></span> <span class='ocrx_word' id='word_1_464' title='bbox 2590 3406 2738 3476; x_wconf 89' lang='lat' dir='ltr'><strong>quod</strong></span> <span class='ocrx_word' id='word_1_465' title='bbox 2779 3405 3000 3460; x_wconf 87' lang='lat' dir='ltr'><strong>concilii</strong></span> <span class='ocrx_word' id='word_1_466' title='bbox 3045 3405 3236 3459; x_wconf 91' lang='lat' dir='ltr'><strong>Patres</strong></span> <span class='ocrx_word' id='word_1_467' title='bbox 3275 3418 3343 3457; x_wconf 76' lang='lat' dir='ltr'><strong>ex</strong></span> <span class='ocrx_word' id='word_1_468' title='bbox 3382 3401 3602 3455; x_wconf 90' lang='lat' dir='ltr'><strong>duabus</strong></span> 
     </span>
    </p>
   </div>
   <div class='ocr_carea' id='block_1_74' title="bbox 2021 3488 3597 3562">
    <p class='ocr_par' dir='ltr' id='par_1_74' title="bbox 2021 3488 3597 3562">
     <span class='ocr_line' id='line_1_74' title="bbox 2021 3488 3597 3562; baseline -0.002 -18"><span class='ocrx_word' id='word_1_469' title='bbox 2021 3493 2250 3546; x_wconf 86' lang='lat' dir='ltr'><strong>naturis</strong></span> <span class='ocrx_word' id='word_1_470' title='bbox 2282 3491 2578 3547; x_wconf 85' lang='lat' dir='ltr'><strong>Christum</strong></span> <span class='ocrx_word' id='word_1_471' title='bbox 2613 3491 2984 3562; x_wconf 84' lang='lat' dir='ltr'><strong>compositum</strong></span> <span class='ocrx_word' id='word_1_472' title='bbox 3006 3531 3020 3555; x_wconf 92' lang='lat'><strong>,</strong></span> <span class='ocrx_word' id='word_1_473' title='bbox 3072 3490 3342 3562; x_wconf 84' lang='lat' dir='ltr'><strong>Cyrillum</strong></span> <span class='ocrx_word' id='word_1_474' title='bbox 3385 3488 3597 3552; x_wconf 86' lang='lat' dir='ltr'><strong>secuti,</strong></span> 
     </span>
    </p>
   </div>
   <div class='ocr_carea' id='block_1_75' title="bbox 2021 3581 3601 3648">
    <p class='ocr_par' dir='ltr' id='par_1_75' title="bbox 2021 3581 3601 3648">
     <span class='ocr_line' id='line_1_75' title="bbox 2021 3581 3601 3648; baseline -0.003 -13"><span class='ocrx_word' id='word_1_475' title='bbox 2021 3581 2252 3638; x_wconf 85' lang='lat' dir='ltr'><strong>minime</strong></span> <span class='ocrx_word' id='word_1_476' title='bbox 2292 3583 2604 3638; x_wconf 90' lang='lat' dir='ltr'><strong>docuerint.</strong></span> <span class='ocrx_word' id='word_1_477' title='bbox 2660 3583 2772 3638; x_wconf 89' lang='lat' dir='ltr'><strong>Nos</strong></span> <span class='ocrx_word' id='word_1_478' title='bbox 2823 3592 3008 3637; x_wconf 90' lang='lat' dir='ltr'><strong>autem</strong></span> <span class='ocrx_word' id='word_1_479' title='bbox 3062 3581 3266 3636; x_wconf 91' lang='lat' dir='ltr'><strong>instare</strong></span> <span class='ocrx_word' id='word_1_480' title='bbox 3316 3593 3601 3648; x_wconf 86' lang='lat' dir='ltr'><strong>nunquam</strong></span> 
     </span>
    </p>
   </div>
   <div class='ocr_carea' id='block_1_76' title="bbox 2024 3668 3600 3744">
    <p class='ocr_par' dir='ltr' id='par_1_76' title="bbox 2024 3668 3600 3744">
     <span class='ocr_line' id='line_1_76' title="bbox 2024 3668 3600 3744; baseline -0.004 -16"><span class='ocrx_word' id='word_1_481' title='bbox 2024 3673 2388 3729; x_wconf 79' lang='lat' dir='ltr'><strong>cessabimus.</strong></span> <span class='ocrx_word' id='word_1_482' title='bbox 2423 3673 2692 3729; x_wconf 90' lang='lat' dir='ltr'><strong>Ostendat</strong></span> <span class='ocrx_word' id='word_1_483' title='bbox 2726 3673 2930 3743; x_wconf 89' lang='lat' dir='ltr'><strong>aliquis</strong></span> <span class='ocrx_word' id='word_1_484' title='bbox 2978 3671 3248 3744; x_wconf 85' lang='lat' dir='ltr'><strong>synodum</strong></span> <span class='ocrx_word' id='word_1_485' title='bbox 3295 3668 3600 3725; x_wconf 85' lang='lat' dir='ltr'><strong>Chalcedo-</strong></span> 
     </span>
    </p>
   </div>
   <div class='ocr_carea' id='block_1_77' title="bbox 2024 3761 3605 3830">
    <p class='ocr_par' dir='ltr' id='par_1_77' title="bbox 2024 3761 3605 3830">
     <span class='ocr_line' id='line_1_77' title="bbox 2024 3761 3605 3830; baseline -0.003 -12"><span class='ocrx_word' id='word_1_486' title='bbox 2024 3779 2255 3819; x_wconf 86' lang='lat' dir='ltr'><strong>nensem</strong></span> <span class='ocrx_word' id='word_1_487' title='bbox 2289 3774 2386 3820; x_wconf 90' lang='lat' dir='ltr'><strong>aut</strong></span> <span class='ocrx_word' id='word_1_488' title='bbox 2415 3765 2656 3820; x_wconf 88' lang='lat' dir='ltr'><strong>Leonem</strong></span> <span class='ocrx_word' id='word_1_489' title='bbox 2687 3766 2741 3819; x_wconf 90' lang='lat' dir='ltr'><strong>in</strong></span> <span class='ocrx_word' id='word_1_490' title='bbox 2769 3765 2884 3819; x_wconf 90' lang='lat' dir='ltr'><strong>suis</strong></span> <span class='ocrx_word' id='word_1_491' title='bbox 2915 3763 3075 3819; x_wconf 89' lang='lat' dir='ltr'><strong>libris</strong></span> <span class='ocrx_word' id='word_1_492' title='bbox 3109 3762 3363 3818; x_wconf 89' lang='lat' dir='ltr'><strong>conliteri</strong></span> <span class='ocrx_word' id='word_1_493' title='bbox 3393 3762 3477 3815; x_wconf 85' lang='lat' dir='ltr'><strong>vel</strong></span> <span class='ocrx_word' id='word_1_494' title='bbox 3510 3761 3605 3830; x_wconf 83' lang='lat' dir='ltr'><strong>hy-</strong></span> 
     </span>
    </p>
   </div>
   <div class='ocr_carea' id='block_1_78' title="bbox 2025 3853 3616 3922">
    <p class='ocr_par' dir='ltr' id='par_1_78' title="bbox 2025 3853 3616 3922">
     <span class='ocr_line' id='line_1_78' title="bbox 2025 3853 3616 3922; baseline 0 -15"><span class='ocrx_word' id='word_1_495' title='bbox 2025 3857 2344 3922; x_wconf 82' lang='lat' dir='ltr'><strong>pcstaticam</strong></span> <span class='ocrx_word' id='word_1_496' title='bbox 2376 3857 2646 3919; x_wconf 84' lang='lat' dir='ltr'><strong>unionem,</strong></span> <span class='ocrx_word' id='word_1_497' title='bbox 2673 3857 2759 3910; x_wconf 91' lang='lat' dir='ltr'><strong>vel</strong></span> <span class='ocrx_word' id='word_1_498' title='bbox 2786 3855 3094 3910; x_wconf 81' lang='lat' dir='ltr'><strong>naturalem</strong></span> <span class='ocrx_word' id='word_1_499' title='bbox 3131 3853 3616 3922; x_wconf 89' lang='lat' dir='ltr'><strong>conjunctionem,-</strong></span> 
     </span>
    </p>
   </div>
   <div class='ocr_carea' id='block_1_79' title="bbox 2023 3945 3603 4023">
    <p class='ocr_par' dir='ltr' id='par_1_79' title="bbox 2023 3945 3603 4023">
     <span class='ocr_line' id='line_1_79' title="bbox 2023 3945 3603 4023; baseline 0.001 -24"><span class='ocrx_word' id='word_1_500' title='bbox 2023 3947 2110 4000; x_wconf 88' lang='lat' dir='ltr'><strong>vel</strong></span> <span class='ocrx_word' id='word_1_501' title='bbox 2151 3961 2221 4002; x_wconf 80' lang='lat' dir='ltr'><strong>ex</strong></span> <span class='ocrx_word' id='word_1_502' title='bbox 2260 3947 2480 4002; x_wconf 89' lang='lat' dir='ltr'><strong>duabus</strong></span> <span class='ocrx_word' id='word_1_503' title='bbox 2530 3948 2748 4002; x_wconf 86' lang='lat' dir='ltr'><strong>naturis</strong></span> <span class='ocrx_word' id='word_1_504' title='bbox 2785 3963 2956 4001; x_wconf 91' lang='lat' dir='ltr'><strong>unum</strong></span> <span class='ocrx_word' id='word_1_505' title='bbox 3003 3946 3310 4008; x_wconf 89' lang='lat' dir='ltr'><strong>Christum,</strong></span> <span class='ocrx_word' id='word_1_506' title='bbox 3361 3945 3448 4023; x_wconf 87' lang='lat' dir='ltr'><strong>vel</strong></span> <span class='ocrx_word' id='word_1_507' title='bbox 3503 3946 3603 4000; x_wconf 88' lang='lat' dir='ltr'><strong>Dei</strong></span> 
     </span>
    </p>
   </div>
   <div class='ocr_carea' id='block_1_80' title="bbox 2024 4035 3616 4105">
    <p class='ocr_par' dir='ltr' id='par_1_80' title="bbox 2024 4035 3616 4105">
     <span class='ocr_line' id='line_1_80' title="bbox 2024 4035 3616 4105; baseline -0.003 -13"><span class='ocrx_word' id='word_1_508' title='bbox 2024 4037 2191 4095; x_wconf 84' lang='lat' dir='ltr'><strong>Verbi</strong></span> <span class='ocrx_word' id='word_1_509' title='bbox 2243 4047 2500 4094; x_wconf 89' lang='lat' dir='ltr'><strong>naturam</strong></span> <span class='ocrx_word' id='word_1_510' title='bbox 2553 4054 2721 4093; x_wconf 90' lang='lat' dir='ltr'><strong>unam</strong></span> <span class='ocrx_word' id='word_1_511' title='bbox 2782 4039 3163 4101; x_wconf 82' lang='lat' dir='ltr'><strong>incarnatam;</strong></span> <span class='ocrx_word' id='word_1_512' title='bbox 3219 4035 3296 4097; x_wconf 89' lang='lat' dir='ltr'><strong>id,</strong></span> <span class='ocrx_word' id='word_1_513' title='bbox 3352 4037 3616 4105; x_wconf 36' lang='lat' dir='ltr'><strong>inquam”</strong></span> 
     </span>
    </p>
   </div>
   <div class='ocr_carea' id='block_1_81' title="bbox 2025 4127 3607 4199">
    <p class='ocr_par' dir='ltr' id='par_1_81' title="bbox 2025 4127 3607 4199">
     <span class='ocr_line' id='line_1_81' title="bbox 2025 4127 3607 4199; baseline -0.004 -11"><span class='ocrx_word' id='word_1_514' title='bbox 2025 4131 2298 4189; x_wconf 88' lang='lat' dir='ltr'><strong>ostendat.</strong></span> <span class='ocrx_word' id='word_1_515' title='bbox 2313 4131 2382 4186; x_wconf 86' lang='lat' dir='ltr'><strong>Et</strong></span> <span class='ocrx_word' id='word_1_516' title='bbox 2403 4142 2536 4186; x_wconf 90' lang='lat' dir='ltr'><strong>tunc</strong></span> <span class='ocrx_word' id='word_1_517' title='bbox 2553 4146 2663 4184; x_wconf 90' lang='lat' dir='ltr'><strong>una</strong></span> <span class='ocrx_word' id='word_1_518' title='bbox 2675 4145 2800 4184; x_wconf 91' lang='lat' dir='ltr'><strong>cum</strong></span> <span class='ocrx_word' id='word_1_519' title='bbox 2822 4129 3226 4198; x_wconf 83' lang='lat' dir='ltr'><strong>sapientissimo</strong></span> <span class='ocrx_word' id='word_1_520' title='bbox 3238 4127 3442 4199; x_wconf 81' lang='lat' dir='ltr'><strong>Cyrillo</strong></span> <span class='ocrx_word' id='word_1_521' title='bbox 3457 4127 3607 4182; x_wconf 88' lang='lat' dir='ltr'><strong>dice-</strong></span> 
     </span>
    </p>
   </div>
   <div class='ocr_carea' id='block_1_82' title="bbox 2025 4220 3607 4292">
    <p class='ocr_par' dir='ltr' id='par_1_82' title="bbox 2025 4220 3607 4292">
     <span class='ocr_line' id='line_1_82' title="bbox 2025 4220 3607 4292; baseline -0.004 -12"><span class='ocrx_word' id='word_1_522' title='bbox 2025 4241 2150 4280; x_wconf 89' lang='lat' dir='ltr'><strong>mus</strong></span> <span class='ocrx_word' id='word_1_523' title='bbox 2183 4240 2279 4281; x_wconf 91' lang='lat' dir='ltr'><strong>eos</strong></span> <span class='ocrx_word' id='word_1_524' title='bbox 2311 4231 2495 4279; x_wconf 90' lang='lat' dir='ltr'><strong>mente</strong></span> <span class='ocrx_word' id='word_1_525' title='bbox 2521 4223 2646 4278; x_wconf 88' lang='lat' dir='ltr'><strong>sola.</strong></span> <span class='ocrx_word' id='word_1_526' title='bbox 2665 4221 3086 4292; x_wconf 88' lang='lat' dir='ltr'><strong>deprehendere</strong></span> <span class='ocrx_word' id='word_1_527' title='bbox 3112 4221 3433 4283; x_wconf 86' lang='lat' dir='ltr'><strong>discrimen,</strong></span> <span class='ocrx_word' id='word_1_528' title='bbox 3457 4220 3607 4289; x_wconf 91' lang='lat' dir='ltr'><strong>quod</strong></span> 
     </span>
    </p>
   </div>
   <div class='ocr_carea' id='block_1_83' title="bbox 2026 4311 3620 4384">
    <p class='ocr_par' dir='ltr' id='par_1_83' title="bbox 2026 4311 3620 4384">
     <span class='ocr_line' id='line_1_83' title="bbox 2026 4311 3620 4384; baseline -0.002 -15"><span class='ocrx_word' id='word_1_529' title='bbox 2026 4314 2172 4374; x_wconf 88' lang='lat' dir='ltr'><strong>inter</strong></span> <span class='ocrx_word' id='word_1_530' title='bbox 2194 4315 2291 4368; x_wconf 82' lang='lat' dir='ltr'><strong>illa</strong></span> <span class='ocrx_word' id='word_1_531' title='bbox 2323 4313 2457 4378; x_wconf 76' lang='lat' dir='ltr'><strong>duo,</strong></span> <span class='ocrx_word' id='word_1_532' title='bbox 2491 4330 2615 4384; x_wconf 69' lang='lat' dir='ltr'><strong>quae</strong></span> <span class='ocrx_word' id='word_1_533' title='bbox 2639 4313 2906 4368; x_wconf 80' lang='lat' dir='ltr'><strong>ineffabili</strong></span> <span class='ocrx_word' id='word_1_534' title='bbox 2936 4311 3101 4377; x_wconf 85' lang='lat' dir='ltr'><strong>modo</strong></span> <span class='ocrx_word' id='word_1_535' title='bbox 3130 4312 3424 4382; x_wconf 87' lang='lat' dir='ltr'><strong>conjuncta</strong></span> <span class='ocrx_word' id='word_1_536' title='bbox 3455 4321 3620 4372; x_wconf 55' lang='lat' dir='ltr'><strong>suntF</strong></span> 
     </span>
    </p>
   </div>
   <div class='ocr_carea' id='block_1_84' title="bbox 2026 4401 3607 4486">
    <p class='ocr_par' dir='ltr' id='par_1_84' title="bbox 2026 4401 3607 4486">
     <span class='ocr_line' id='line_1_84' title="bbox 2026 4401 3607 4486; baseline -0.003 -28"><span class='ocrx_word' id='word_1_537' title='bbox 2026 4403 2354 4486; x_wconf 70' lang='lat' dir='ltr'><strong>intercedit,</strong></span> <span class='ocrx_word' id='word_1_538' title='bbox 2399 4411 2566 4473; x_wconf 87' lang='lat' dir='ltr'><strong>atque</strong></span> <span class='ocrx_word' id='word_1_539' title='bbox 2611 4403 2938 4473; x_wconf 80' lang='lat' dir='ltr'><strong>dignoscere</strong></span> <span class='ocrx_word' id='word_1_540' title='bbox 2980 4410 3281 4470; x_wconf 91' lang='lat' dir='ltr'><strong>utrumque</strong></span> <span class='ocrx_word' id='word_1_541' title='bbox 3329 4401 3384 4455; x_wconf 92' lang='lat' dir='ltr'><strong>in</strong></span> <span class='ocrx_word' id='word_1_542' title='bbox 3432 4415 3607 4454; x_wconf 90' lang='lat' dir='ltr'><strong>unum</strong></span> 
     </span>
    </p>
   </div>
   <div class='ocr_carea' id='block_1_85' title="bbox 334 4491 1916 4571">
    <p class='ocr_par' dir='ltr' id='par_1_85' title="bbox 334 4491 1916 4571">
     <span class='ocr_line' id='line_1_85' title="bbox 334 4491 1916 4571; baseline 0.009 -27"><span class='ocrx_word' id='word_1_543' title='bbox 334 4491 516 4563; x_wconf 79' lang='grc' dir='ltr'>λήλοις</span> <span class='ocrx_word' id='word_1_544' title='bbox 549 4494 996 4565; x_wconf 80' lang='grc' dir='ltr'>συνενηνεγμένα</span> <span class='ocrx_word' id='word_1_545' title='bbox 1024 4495 1304 4568; x_wconf 81' lang='grc' dir='ltr'>καθορῶσι</span> <span class='ocrx_word' id='word_1_546' title='bbox 1330 4497 1406 4570; x_wconf 82' lang='grc' dir='ltr'>τῷ</span> <span class='ocrx_word' id='word_1_547' title='bbox 1441 4501 1538 4571; x_wconf 79' lang='grc' dir='ltr'>νῷ,</span> <span class='ocrx_word' id='word_1_548' title='bbox 1571 4499 1820 4557; x_wconf 87' lang='grc' dir='ltr'>διιστῶσι</span> <span class='ocrx_word' id='word_1_549' title='bbox 1860 4503 1916 4558; x_wconf 73' lang='grc' dir='ltr'>δὲ</span> 
     </span>
    </p>
   </div>
   <div class='ocr_carea' id='block_1_86' title="bbox 2023 4491 3616 4571">
    <p class='ocr_par' dir='ltr' id='par_1_86' title="bbox 2027 4494 3616 4559">
     <span class='ocr_line' id='line_1_86' title="bbox 2027 4494 3616 4559; baseline -0.003 -8"><span class='ocrx_word' id='word_1_550' title='bbox 2027 4495 2378 4559; x_wconf 85' lang='lat' dir='ltr'><strong>convenisse,</strong></span> <span class='ocrx_word' id='word_1_551' title='bbox 2416 4505 2474 4550; x_wconf 92' lang='lat' dir='ltr'><strong>et</strong></span> <span class='ocrx_word' id='word_1_552' title='bbox 2502 4496 2667 4550; x_wconf 88' lang='lat' dir='ltr'><strong>aliam</strong></span> <span class='ocrx_word' id='word_1_553' title='bbox 2698 4511 2822 4551; x_wconf 91' lang='lat' dir='ltr'><strong>esse</strong></span> <span class='ocrx_word' id='word_1_554' title='bbox 2848 4502 3105 4550; x_wconf 70' lang='lat' dir='ltr'><strong>natur’am</strong></span> <span class='ocrx_word' id='word_1_555' title='bbox 3147 4494 3330 4558; x_wconf 86' lang='lat' dir='ltr'><strong>Verbi,</strong></span> <span class='ocrx_word' id='word_1_556' title='bbox 3355 4501 3411 4549; x_wconf 92' lang='lat' dir='ltr'><strong>et</strong></span> <span class='ocrx_word' id='word_1_557' title='bbox 3444 4495 3616 4548; x_wconf 84' lang='lat' dir='ltr'><strong>aliam</strong></span> 
     </span>
    </p>
   </div>
   <div class='ocr_carea' id='block_1_87' title="bbox 335 4584 662 4654">
    <p class='ocr_par' dir='ltr' id='par_1_87' title="bbox 335 4584 662 4654">
     <span class='ocr_line' id='line_1_87' title="bbox 335 4584 662 4654; baseline -0.009 -15"><span class='ocrx_word' id='word_1_558' title='bbox 335 4584 613 4654; x_wconf 75' lang='grc' dir='ltr'>αὑδαμῶς.</span> <span class='ocrx_word' id='word_1_559' title='bbox 641 4602 662 4636; x_wconf 75' lang='grc' dir='ltr'><strong>ι</strong></span> 
     </span>
    </p>
   </div>
   <div class='ocr_carea' id='block_1_88' title="bbox 403 4847 1918 4928">
    <p class='ocr_par' dir='ltr' id='par_1_88' title="bbox 403 4847 1918 4928">
     <span class='ocr_line' id='line_1_88' title="bbox 403 4847 1918 4928; baseline 0.007 -28"><span class='ocrx_word' id='word_1_560' title='bbox 403 4847 603 4902; x_wconf 85' lang='grc' dir='ltr'>Καίτοι</span> <span class='ocrx_word' id='word_1_561' title='bbox 643 4863 712 4916; x_wconf 89' lang='grc' dir='ltr'><strong>γε</strong></span> <span class='ocrx_word' id='word_1_562' title='bbox 777 4850 806 4902; x_wconf 87' lang='grc' dir='ltr'><strong>ό</strong></span> <span class='ocrx_word' id='word_1_563' title='bbox 855 4848 1032 4906; x_wconf 79' lang='grc' dir='ltr'>ταῦτα</span> <span class='ocrx_word' id='word_1_564' title='bbox 1087 4850 1285 4921; x_wconf 82' lang='grc' dir='ltr'>λέγων,</span> <span class='ocrx_word' id='word_1_565' title='bbox 1326 4852 1385 4906; x_wconf 69' lang='grc' dir='ltr'>ὲν</span> <span class='ocrx_word' id='word_1_566' title='bbox 1432 4857 1500 4925; x_wconf 80' lang='grc' dir='ltr'><strong>τῇ</strong></span> <span class='ocrx_word' id='word_1_567' title='bbox 1551 4854 1770 4909; x_wconf 79' lang='grc' dir='ltr'>ἐκθέσει</span> <span class='ocrx_word' id='word_1_568' title='bbox 1819 4857 1918 4928; x_wconf 81' lang='grc' dir='ltr'><strong>τῆς</strong></span> 
     </span>
    </p>
   </div>
   <div class='ocr_carea' id='block_1_89' title="bbox 335 4939 1920 5016">
    <p class='ocr_par' dir='ltr' id='par_1_89' title="bbox 335 4939 1920 5016">
     <span class='ocr_line' id='line_1_89' title="bbox 335 4939 1920 5016; baseline 0.006 -24"><span class='ocrx_word' id='word_1_569' title='bbox 335 4940 576 5003; x_wconf 81' lang='grc' dir='ltr'>πίστεως</span> <span class='ocrx_word' id='word_1_570' title='bbox 607 4939 779 4996; x_wconf 82' lang='grc' dir='ltr'>αὑτοῦ</span> <span class='ocrx_word' id='word_1_571' title='bbox 810 4942 945 5013; x_wconf 75' lang='grc' dir='ltr'><strong>πρὸς</strong></span> <span class='ocrx_word' id='word_1_572' title='bbox 979 4943 1282 5013; x_wconf 83' lang='grc' dir='ltr'>Νηφά).ιον,</span> <span class='ocrx_word' id='word_1_573' title='bbox 1317 4947 1344 4999; x_wconf 92' lang='grc' dir='ltr'><strong>ό</strong></span> <span class='ocrx_word' id='word_1_574' title='bbox 1367 4947 1530 5010; x_wconf 78' lang='grc' dir='ltr'>αὑτός</span> <span class='ocrx_word' id='word_1_575' title='bbox 1561 4964 1694 5016; x_wconf 83' lang='grc' dir='ltr'>φησι</span> <span class='ocrx_word' id='word_1_576' title='bbox 1720 4961 1733 4976; x_wconf 78' lang='grc'><strong><em>⁸</em></strong></span> <span class='ocrx_word' id='word_1_577' title='bbox 1784 4965 1803 4998; x_wconf 83' lang='grc' dir='ltr'><strong>ι</strong></span> <span class='ocrx_word' id='word_1_578' title='bbox 1845 4949 1920 5002; x_wconf 83' lang='grc' dir='ltr'><strong>Τὸ</strong></span> 
     </span>
    </p>
   </div>
   <div class='ocr_carea' id='block_1_90' title="bbox 334 5031 1919 5108">
    <p class='ocr_par' dir='ltr' id='par_1_90' title="bbox 334 5031 1919 5108">
     <span class='ocr_line' id='line_1_90' title="bbox 334 5031 1919 5108; baseline 0.006 -27"><span class='ocrx_word' id='word_1_579' title='bbox 334 5031 519 5098; x_wconf 82' lang='grc' dir='ltr'>λέγειν</span> <span class='ocrx_word' id='word_1_580' title='bbox 550 5031 648 5084; x_wconf 87' lang='grc' dir='ltr'><strong>δύο</strong></span> <span class='ocrx_word' id='word_1_581' title='bbox 680 5031 870 5100; x_wconf 81' lang='grc' dir='ltr'>φύσεις</span> <span class='ocrx_word' id='word_1_582' title='bbox 912 5033 1006 5087; x_wconf 76' lang='grc' dir='ltr'><strong>ἐπὶ</strong></span> <span class='ocrx_word' id='word_1_583' title='bbox 1052 5035 1312 5105; x_wconf 74' lang='grc' dir='ltr'>Χριστοῦ,</span> <span class='ocrx_word' id='word_1_584' title='bbox 1347 5037 1528 5108; x_wconf 84' lang='grc' dir='ltr'>πάσης</span> <span class='ocrx_word' id='word_1_585' title='bbox 1581 5038 1919 5108; x_wconf 79' lang='grc' dir='ltr'>κατηγορίας</span> 
     </span>
    </p>
   </div>
   <div class='ocr_carea' id='block_1_91' title="bbox 333 5123 1918 5201">
    <p class='ocr_par' dir='ltr' id='par_1_91' title="bbox 333 5123 1918 5201">
     <span class='ocr_line' id='line_1_91' title="bbox 333 5123 1918 5201; baseline 0.006 -27"><span class='ocrx_word' id='word_1_586' title='bbox 333 5123 656 5191; x_wconf 67' lang='grc' dir='ltr'>ἑπίμεστον,</span> <span class='ocrx_word' id='word_1_587' title='bbox 691 5124 741 5176; x_wconf 84' lang='grc' dir='ltr'><strong>εί</strong></span> <span class='ocrx_word' id='word_1_588' title='bbox 769 5125 863 5177; x_wconf 68' lang='grc' dir='ltr'>καὶ</span> <span class='ocrx_word' id='word_1_589' title='bbox 892 5125 998 5178; x_wconf 78' lang='grc' dir='ltr'><strong>ὑπὸ</strong></span> <span class='ocrx_word' id='word_1_590' title='bbox 1027 5126 1295 5180; x_wconf 85' lang='grc' dir='ltr'>πλειόνων</span> <span class='ocrx_word' id='word_1_591' title='bbox 1326 5129 1497 5197; x_wconf 80' lang='grc' dir='ltr'>ἁγίων</span> <span class='ocrx_word' id='word_1_592' title='bbox 1544 5130 1810 5201; x_wconf 86' lang='grc' dir='ltr'>Πατέρων</span> <span class='ocrx_word' id='word_1_593' title='bbox 1840 5130 1918 5183; x_wconf 79' lang='grc' dir='ltr'><strong>ετ·-</strong></span> 
     </span>
    </p>
   </div>
   <div class='ocr_carea' id='block_1_92' title="bbox 336 5213 1916 5292">
    <p class='ocr_par' dir='ltr' id='par_1_92' title="bbox 336 5213 1916 5292">
     <span class='ocr_line' id='line_1_92' title="bbox 336 5213 1916 5292; baseline 0.011 -29"><span class='ocrx_word' id='word_1_594' title='bbox 336 5229 523 5282; x_wconf 84' lang='grc' dir='ltr'>ρηται.</span> <span class='ocrx_word' id='word_1_595' title='bbox 559 5232 580 5266; x_wconf 66' lang='lat'><strong>)</strong></span> <span class='ocrx_word' id='word_1_596' title='bbox 619 5213 730 5267; x_wconf 77' lang='grc' dir='ltr'><strong>Καὶ</strong></span> <span class='ocrx_word' id='word_1_597' title='bbox 770 5214 887 5284; x_wconf 82' lang='grc' dir='ltr'>μεθ’</span> <span class='ocrx_word' id='word_1_598' title='bbox 931 5216 1096 5285; x_wconf 75' lang='grc' dir='ltr'>ἕτερα</span> <span class='ocrx_word' id='word_1_599' title='bbox 1128 5233 1141 5246; x_wconf 78' lang='grc'><em>’</em></span> <span class='ocrx_word' id='word_1_600' title='bbox 1173 5236 1191 5269; x_wconf 88' lang='grc' dir='ltr'><strong>ι</strong></span> <span class='ocrx_word' id='word_1_601' title='bbox 1223 5219 1333 5271; x_wconf 79' lang='lat' dir='ltr'><strong>Kal.</strong></span> <span class='ocrx_word' id='word_1_602' title='bbox 1386 5219 1458 5289; x_wconf 82' lang='grc' dir='ltr'><strong>μὴ</strong></span> <span class='ocrx_word' id='word_1_603' title='bbox 1512 5220 1673 5291; x_wconf 77' lang='grc' dir='ltr'><strong>εἴπῃς</strong></span> <span class='ocrx_word' id='word_1_604' title='bbox 1719 5221 1794 5285; x_wconf 77' lang='grc' dir='ltr'>ὡς</span> <span class='ocrx_word' id='word_1_605' title='bbox 1850 5222 1916 5292; x_wconf 81' lang='grc' dir='ltr'><strong>τῇ</strong></span> 
     </span>
    </p>
   </div>
   <div class='ocr_carea' id='block_1_93' title="bbox 331 5301 1916 5382">
    <p class='ocr_par' dir='ltr' id='par_1_93' title="bbox 331 5301 1916 5382">
     <span class='ocr_line' id='line_1_93' title="bbox 331 5301 1916 5382; baseline 0.005 -26"><span class='ocrx_word' id='word_1_606' title='bbox 331 5301 478 5370; x_wconf 75' lang='grc' dir='ltr'>λέξει</span> <span class='ocrx_word' id='word_1_607' title='bbox 503 5303 614 5357; x_wconf 85' lang='grc' dir='ltr'><strong>τῶν</strong></span> <span class='ocrx_word' id='word_1_608' title='bbox 643 5303 738 5356; x_wconf 89' lang='grc' dir='ltr'><strong>δύο</strong></span> <span class='ocrx_word' id='word_1_609' title='bbox 761 5305 978 5373; x_wconf 81' lang='grc' dir='ltr'>φύσεων</span> <span class='ocrx_word' id='word_1_610' title='bbox 995 5308 1140 5371; x_wconf 80' lang='grc' dir='ltr'>τινὲς</span> <span class='ocrx_word' id='word_1_611' title='bbox 1163 5308 1273 5362; x_wconf 80' lang='grc' dir='ltr'><strong>τῶν</strong></span> <span class='ocrx_word' id='word_1_612' title='bbox 1303 5311 1560 5381; x_wconf 80' lang='grc' dir='ltr'>Πατέρων</span> <span class='ocrx_word' id='word_1_613' title='bbox 1593 5312 1916 5382; x_wconf 77' lang='grc' dir='ltr'>ἐχρήσαντο·</span> 
     </span>
    </p>
   </div>
   <div class='ocr_carea' id='block_1_94' title="bbox 333 5393 1914 5472">
    <p class='ocr_par' dir='ltr' id='par_1_94' title="bbox 333 5393 1914 5472">
     <span class='ocr_line' id='line_1_94' title="bbox 333 5393 1914 5472; baseline 0.008 -27"><span class='ocrx_word' id='word_1_614' title='bbox 333 5393 645 5464; x_wconf 75' lang='grc' dir='ltr'>ἐχρήσαντο</span> <span class='ocrx_word' id='word_1_615' title='bbox 685 5394 797 5466; x_wconf 81' lang='grc' dir='ltr'><strong>γὰρ</strong></span> <span class='ocrx_word' id='word_1_616' title='bbox 817 5395 1183 5468; x_wconf 78' lang='grc' dir='ltr'>ἀδιαὸλήτως,</span> <span class='ocrx_word' id='word_1_617' title='bbox 1215 5398 1408 5471; x_wconf 79' lang='grc' dir='ltr'>ὥσπερ</span> <span class='ocrx_word' id='word_1_618' title='bbox 1469 5401 1726 5472; x_wconf 74' lang='grc' dir='ltr'>εἴπομεν·</span> <span class='ocrx_word' id='word_1_619' title='bbox 1769 5403 1914 5458; x_wconf 76' lang='grc' dir='ltr'>κατὰ</span> 
     </span>
    </p>
   </div>
   <div class='ocr_carea' id='block_1_95' title="bbox 404 5574 1924 5652">
    <p class='ocr_par' dir='ltr' id='par_1_95' title="bbox 404 5574 1924 5652">
     <span class='ocr_line' id='line_1_95' title="bbox 404 5574 1924 5652; baseline 0.004 -23"><span class='ocrx_word' id='word_1_620' title='bbox 404 5575 481 5652; x_wconf 57' lang='grc' dir='ltr'><strong>(ξ)</strong></span> <span class='ocrx_word' id='word_1_621' title='bbox 525 5574 764 5652; x_wconf 77' lang='lat' dir='ltr'><strong>Scripsit</strong></span> <span class='ocrx_word' id='word_1_622' title='bbox 810 5577 978 5652; x_wconf 67' lang='lat' dir='ltr'><strong>igitur</strong></span> <span class='ocrx_word' id='word_1_623' title='bbox 1019 5577 1112 5632; x_wconf 93' lang='lat' dir='ltr'><strong>hic</strong></span> <span class='ocrx_word' id='word_1_624' title='bbox 1145 5578 1801 5652; x_wconf 6' lang='lat' dir='ltr'><strong>Amphilochiuspcontra</strong></span> <span class='ocrx_word' id='word_1_625' title='bbox 1835 5596 1924 5652; x_wconf 86' lang='lat' dir='ltr'><strong>sy-</strong></span> 
     </span>
    </p>
   </div>
   <div class='ocr_carea' id='block_1_96' title="bbox 334 5645 1914 5718">
    <p class='ocr_par' dir='ltr' id='par_1_96' title="bbox 334 5645 1914 5718">
     <span class='ocr_line' id='line_1_96' title="bbox 334 5645 1914 5718; baseline 0.005 -23"><span class='ocrx_word' id='word_1_626' title='bbox 334 5645 542 5718; x_wconf 81' lang='lat' dir='ltr'><strong>nodum</strong></span> <span class='ocrx_word' id='word_1_627' title='bbox 586 5646 656 5698; x_wconf 91' lang='lat' dir='ltr'><strong>ad</strong></span> <span class='ocrx_word' id='word_1_628' title='bbox 706 5645 852 5716; x_wconf 51' lang='lat' dir='ltr'><strong>imp;</strong></span> <span class='ocrx_word' id='word_1_629' title='bbox 893 5647 1131 5704; x_wconf 81' lang='lat' dir='ltr'><strong>Leonem</strong></span> <span class='ocrx_word' id='word_1_630' title='bbox 1157 5665 1171 5713; x_wconf 89' lang='lat'><strong>;</strong></span> <span class='ocrx_word' id='word_1_631' title='bbox 1197 5645 1355 5718; x_wconf 84' lang='lat' dir='ltr'><strong>cujus</strong></span> <span class='ocrx_word' id='word_1_632' title='bbox 1392 5653 1471 5706; x_wconf 89' lang='lat' dir='ltr'><strong>rei</strong></span> <span class='ocrx_word' id='word_1_633' title='bbox 1504 5650 1652 5703; x_wconf 91' lang='lat' dir='ltr'><strong>nulla</strong></span> <span class='ocrx_word' id='word_1_634' title='bbox 1686 5645 1914 5713; x_wconf 73' lang='lat' dir='ltr'><strong>mentio,</strong></span> 
     </span>
    </p>
   </div>
   <div class='ocr_carea' id='block_1_97' title="bbox 334 5715 1919 5788">
    <p class='ocr_par' dir='ltr' id='par_1_97' title="bbox 334 5715 1919 5788">
     <span class='ocr_line' id='line_1_97' title="bbox 334 5715 1919 5788; baseline 0.005 -22"><span class='ocrx_word' id='word_1_635' title='bbox 334 5715 614 5788; x_wconf 75' lang='lat' dir='ltr'><strong>quodego</strong></span> <span class='ocrx_word' id='word_1_636' title='bbox 635 5715 835 5788; x_wconf 79' lang='lat' dir='ltr'><strong>sciam,</strong></span> <span class='ocrx_word' id='word_1_637' title='bbox 868 5718 1010 5786; x_wconf 85' lang='lat' dir='ltr'><strong>apud</strong></span> <span class='ocrx_word' id='word_1_638' title='bbox 1043 5715 1450 5774; x_wconf 73' lang='lat' dir='ltr'><strong>ecclesiasticos</strong></span> <span class='ocrx_word' id='word_1_639' title='bbox 1475 5721 1792 5788; x_wconf 84' lang='lat' dir='ltr'><strong>scriptorcs.</strong></span> <span class='ocrx_word' id='word_1_640' title='bbox 1822 5721 1919 5774; x_wconf 90' lang='lat' dir='ltr'><strong>llic</strong></span> 
     </span>
    </p>
   </div>
   <div class='ocr_carea' id='block_1_98' title="bbox 277 5785 1920 5861">
    <p class='ocr_par' dir='ltr' id='par_1_98' title="bbox 277 5785 1920 5861">
     <span class='ocr_line' id='line_1_98' title="bbox 277 5785 1920 5861; baseline 0.006 -25"><span class='ocrx_word' id='word_1_641' title='bbox 277 5805 280 5808; x_wconf 93' lang='grc'>·</span> <span class='ocrx_word' id='word_1_642' title='bbox 336 5785 761 5849; x_wconf 58' lang='lat' dir='ltr'><strong>Amphilochius</strong></span> <span class='ocrx_word' id='word_1_643' title='bbox 810 5785 1062 5842; x_wconf 78' lang='lat' dir='ltr'><strong>interfuit</strong></span> <span class='ocrx_word' id='word_1_644' title='bbox 1109 5790 1342 5845; x_wconf 85' lang='lat' dir='ltr'><strong>concilio</strong></span> <span class='ocrx_word' id='word_1_645' title='bbox 1383 5808 1471 5844; x_wconf 88' lang='lat' dir='ltr'><strong>an.</strong></span> <span class='ocrx_word' id='word_1_646' title='bbox 1519 5785 1643 5857; x_wconf 65' lang='lat'><strong>451,</strong></span> <span class='ocrx_word' id='word_1_647' title='bbox 1692 5793 1920 5861; x_wconf 77' lang='lat' dir='ltr'><strong>cjusquc</strong></span> 
     </span>
    </p>
   </div>
   <div class='ocr_carea' id='block_1_99' title="bbox 1944 4545 1998 4605">
    <p class='ocr_par' dir='ltr' id='par_1_99' title="bbox 1944 4545 1998 4605">
     <span class='ocr_line' id='line_1_99' title="bbox 1944 4545 1998 4605; baseline 0 0"><span class='ocrx_word' id='word_1_648' title='bbox 1944 4545 1998 4605; x_wconf 93' lang='lat' dir='ltr'><strong>D</strong></span> 
     </span>
    </p>
   </div>
   <div class='ocr_carea' id='block_1_100' title="bbox 2029 4583 3610 4652">
    <p class='ocr_par' dir='ltr' id='par_1_100' title="bbox 2029 4583 3610 4652">
     <span class='ocr_line' id='line_1_100' title="bbox 2029 4583 3610 4652; baseline -0.002 -15"><span class='ocrx_word' id='word_1_649' title='bbox 2029 4591 2287 4638; x_wconf 87' lang='lat' dir='ltr'><strong>naturam</strong></span> <span class='ocrx_word' id='word_1_650' title='bbox 2319 4583 2522 4645; x_wconf 85' lang='lat' dir='ltr'><strong>carnis.</strong></span> <span class='ocrx_word' id='word_1_651' title='bbox 2552 4599 2674 4652; x_wconf 65' lang='lat' dir='ltr'><strong>quin</strong></span> <span class='ocrx_word' id='word_1_652' title='bbox 2695 4583 2803 4637; x_wconf 92' lang='lat' dir='ltr'><strong>sibi</strong></span> <span class='ocrx_word' id='word_1_653' title='bbox 2827 4583 3063 4637; x_wconf 83' lang='lat' dir='ltr'><strong>invicem</strong></span> <span class='ocrx_word' id='word_1_654' title='bbox 3092 4583 3369 4652; x_wconf 89' lang='lat' dir='ltr'><strong>copulata,</strong></span> <span class='ocrx_word' id='word_1_655' title='bbox 3401 4591 3456 4636; x_wconf 94' lang='lat' dir='ltr'><strong>et</strong></span> <span class='ocrx_word' id='word_1_656' title='bbox 3477 4596 3610 4635; x_wconf 90' lang='lat' dir='ltr'><strong>con-</strong></span> 
     </span>
    </p>
   </div>
   <div class='ocr_carea' id='block_1_101' title="bbox 2022 4669 3646 4740">
    <p class='ocr_par' dir='ltr' id='par_1_101' title="bbox 2022 4669 3646 4740">
     <span class='ocr_line' id='line_1_101' title="bbox 2022 4669 3646 4740; baseline -0.003 -16"><span class='ocrx_word' id='word_1_657' title='bbox 2022 4671 2216 4740; x_wconf 86' lang='lat' dir='ltr'><strong>juncta</strong></span> <span class='ocrx_word' id='word_1_658' title='bbox 2251 4669 2363 4723; x_wconf 89' lang='lat' dir='ltr'><strong>duo</strong></span> <span class='ocrx_word' id='word_1_659' title='bbox 2406 4684 2632 4724; x_wconf 89' lang='lat' dir='ltr'><strong>manere</strong></span> <span class='ocrx_word' id='word_1_660' title='bbox 2672 4679 2858 4724; x_wconf 91' lang='lat' dir='ltr'><strong>mente</strong></span> <span class='ocrx_word' id='word_1_661' title='bbox 2899 4669 3230 4740; x_wconf 87' lang='lat' dir='ltr'><strong>percipient,</strong></span> <span class='ocrx_word' id='word_1_662' title='bbox 3268 4669 3488 4725; x_wconf 88' lang='lat' dir='ltr'><strong>etiamsi</strong></span> <span class='ocrx_word' id='word_1_663' title='bbox 3518 4683 3646 4723; x_wconf 45' lang='lat' dir='ltr'><strong>re».</strong></span> 
     </span>
    </p>
   </div>
   <div class='ocr_carea' id='block_1_102' title="bbox 2029 4756 2914 4828">
    <p class='ocr_par' dir='ltr' id='par_1_102' title="bbox 2029 4756 2914 4828">
     <span class='ocr_line' id='line_1_102' title="bbox 2029 4756 2914 4828; baseline -0.002 -18"><span class='ocrx_word' id='word_1_664' title='bbox 2029 4758 2147 4827; x_wconf 90' lang='lat' dir='ltr'><strong>ipsa</strong></span> <span class='ocrx_word' id='word_1_665' title='bbox 2173 4756 2401 4810; x_wconf 90' lang='lat' dir='ltr'><strong>minime</strong></span> <span class='ocrx_word' id='word_1_666' title='bbox 2437 4756 2846 4828; x_wconf 81' lang='lat' dir='ltr'><strong>disjungantur.</strong></span> <span class='ocrx_word' id='word_1_667' title='bbox 2893 4775 2914 4808; x_wconf 73' lang='grc' dir='ltr'><strong>ι</strong></span> 
     </span>
    </p>
   </div>
   <div class='ocr_carea' id='block_1_103' title="bbox 2100 4859 3609 4933">
    <p class='ocr_par' dir='ltr' id='par_1_103' title="bbox 2100 4859 3609 4933">
     <span class='ocr_line' id='line_1_103' title="bbox 2100 4859 3609 4933; baseline 0.001 -20"><span class='ocrx_word' id='word_1_668' title='bbox 2100 4859 2426 4930; x_wconf 88' lang='lat' dir='ltr'><strong>Quanquam</strong></span> <span class='ocrx_word' id='word_1_669' title='bbox 2453 4861 2550 4930; x_wconf 92' lang='lat' dir='ltr'><strong>qui</strong></span> <span class='ocrx_word' id='word_1_670' title='bbox 2577 4861 2695 4916; x_wconf 65' lang='lat' dir='ltr'><strong>hmc</strong></span> <span class='ocrx_word' id='word_1_671' title='bbox 2727 4861 2886 4924; x_wconf 88' lang='lat' dir='ltr'><strong>dicit,</strong></span> <span class='ocrx_word' id='word_1_672' title='bbox 2913 4860 3056 4914; x_wconf 87' lang='lat' dir='ltr'><strong>idem</strong></span> <span class='ocrx_word' id='word_1_673' title='bbox 3091 4861 3145 4914; x_wconf 92' lang='lat' dir='ltr'><strong>in</strong></span> <span class='ocrx_word' id='word_1_674' title='bbox 3176 4876 3274 4916; x_wconf 90' lang='lat' dir='ltr'><strong>sua</strong></span> <span class='ocrx_word' id='word_1_675' title='bbox 3301 4860 3366 4916; x_wconf 85' lang='lat' dir='ltr'><strong>ad</strong></span> <span class='ocrx_word' id='word_1_676' title='bbox 3400 4861 3474 4933; x_wconf 79' lang='grc'><strong>(5)</strong></span> <span class='ocrx_word' id='word_1_677' title='bbox 3504 4861 3609 4914; x_wconf 84' lang='lat' dir='ltr'><strong>Nc-</strong></span> 
     </span>
    </p>
   </div>
   <div class='ocr_carea' id='block_1_104' title="bbox 2026 4945 3608 5017">
    <p class='ocr_par' dir='ltr' id='par_1_104' title="bbox 2026 4945 3608 5017">
     <span class='ocr_line' id='line_1_104' title="bbox 2026 4945 3608 5017; baseline 0 -17"><span class='ocrx_word' id='word_1_678' title='bbox 2026 4945 2275 5017; x_wconf 86' lang='lat' dir='ltr'><strong>phalium</strong></span> <span class='ocrx_word' id='word_1_679' title='bbox 2323 4945 2451 5002; x_wconf 84' lang='lat' dir='ltr'><strong>ﬁdei</strong></span> <span class='ocrx_word' id='word_1_680' title='bbox 2491 4948 2729 5002; x_wconf 86' lang='lat' dir='ltr'><strong>formula</strong></span> <span class='ocrx_word' id='word_1_681' title='bbox 2766 4955 3003 5001; x_wconf 87' lang='lat' dir='ltr'><strong>testatur</strong></span> <span class='ocrx_word' id='word_1_682' title='bbox 3061 4961 3182 5000; x_wconf 86' lang='lat' dir='ltr'><strong>esse</strong></span> <span class='ocrx_word' id='word_1_683' title='bbox 3239 4967 3256 4999; x_wconf 83' lang='grc' dir='ltr'><strong>ι</strong></span> <span class='ocrx_word' id='word_1_684' title='bbox 3303 4947 3608 5002; x_wconf 86' lang='lat' dir='ltr'><strong>absurdum</strong></span> 
     </span>
    </p>
   </div>
   <div class='ocr_carea' id='block_1_105' title="bbox 2026 5037 3611 5109">
    <p class='ocr_par' dir='ltr' id='par_1_105' title="bbox 2026 5037 3611 5109">
     <span class='ocr_line' id='line_1_105' title="bbox 2026 5037 3611 5109; baseline -0.004 -13"><span class='ocrx_word' id='word_1_685' title='bbox 2026 5041 2278 5097; x_wconf 88' lang='lat' dir='ltr'><strong>omnium</strong></span> <span class='ocrx_word' id='word_1_686' title='bbox 2317 5041 2617 5094; x_wconf 69' lang='lat' dir='ltr'><strong>max-imum</strong></span> <span class='ocrx_word' id='word_1_687' title='bbox 2648 5040 2786 5094; x_wconf 87' lang='lat' dir='ltr'><strong>duas</strong></span> <span class='ocrx_word' id='word_1_688' title='bbox 2805 5040 2872 5094; x_wconf 90' lang='lat' dir='ltr'><strong>de</strong></span> <span class='ocrx_word' id='word_1_689' title='bbox 2904 5039 3127 5094; x_wconf 90' lang='lat' dir='ltr'><strong>Christo</strong></span> <span class='ocrx_word' id='word_1_690' title='bbox 3156 5049 3381 5094; x_wconf 86' lang='lat' dir='ltr'><strong>naturas</strong></span> <span class='ocrx_word' id='word_1_691' title='bbox 3412 5037 3611 5109; x_wconf 77' lang='lat' dir='ltr'><strong>praedi-</strong></span> 
     </span>
    </p>
   </div>
   <div class='ocr_carea' id='block_1_106' title="bbox 2029 5126 3607 5198">
    <p class='ocr_par' dir='ltr' id='par_1_106' title="bbox 2029 5126 3607 5198">
     <span class='ocr_line' id='line_1_106' title="bbox 2029 5126 3607 5198; baseline -0.004 -16"><span class='ocrx_word' id='word_1_692' title='bbox 2029 5143 2177 5194; x_wconf 83' lang='lat' dir='ltr'><strong>care,</strong></span> <span class='ocrx_word' id='word_1_693' title='bbox 2220 5128 2474 5198; x_wconf 87' lang='lat' dir='ltr'><strong>quamvis</strong></span> <span class='ocrx_word' id='word_1_694' title='bbox 2515 5127 2569 5181; x_wconf 89' lang='lat' dir='ltr'><strong>id</strong></span> <span class='ocrx_word' id='word_1_695' title='bbox 2601 5143 2630 5180; x_wconf 90' lang='lat' dir='ltr'><strong>a</strong></span> <span class='ocrx_word' id='word_1_696' title='bbox 2670 5127 2950 5196; x_wconf 88' lang='lat' dir='ltr'><strong>plerisque</strong></span> <span class='ocrx_word' id='word_1_697' title='bbox 2990 5128 3199 5181; x_wconf 79' lang='lat' dir='ltr'><strong>sanctis</strong></span> <span class='ocrx_word' id='word_1_698' title='bbox 3233 5126 3489 5181; x_wconf 81' lang='lat' dir='ltr'><strong>I’atribus</strong></span> <span class='ocrx_word' id='word_1_699' title='bbox 3518 5137 3607 5177; x_wconf 88' lang='lat' dir='ltr'><strong>as-</strong></span> 
     </span>
    </p>
   </div>
   <div class='ocr_carea' id='block_1_107' title="bbox 2027 5216 3604 5286">
    <p class='ocr_par' dir='ltr' id='par_1_107' title="bbox 2027 5216 3604 5286">
     <span class='ocr_line' id='line_1_107' title="bbox 2027 5216 3604 5286; baseline -0.003 -14"><span class='ocrx_word' id='word_1_700' title='bbox 2027 5227 2236 5273; x_wconf 89' lang='lat' dir='ltr'><strong>sertum</strong></span> <span class='ocrx_word' id='word_1_701' title='bbox 2278 5219 2468 5272; x_wconf 88' lang='lat' dir='ltr'><strong>l‘uerit.</strong></span> <span class='ocrx_word' id='word_1_702' title='bbox 2496 5238 2513 5268; x_wconf 74' lang='grc' dir='ltr'><strong>ι</strong></span> <span class='ocrx_word' id='word_1_703' title='bbox 2551 5219 2618 5272; x_wconf 89' lang='grc' dir='ltr'><strong>Ει</strong></span> <span class='ocrx_word' id='word_1_704' title='bbox 2655 5227 2780 5286; x_wconf 90' lang='lat' dir='ltr'><strong>post</strong></span> <span class='ocrx_word' id='word_1_705' title='bbox 2814 5219 2969 5272; x_wconf 66' lang='lat' dir='ltr'><strong>haec:</strong></span> <span class='ocrx_word' id='word_1_706' title='bbox 3007 5238 3025 5270; x_wconf 84' lang='grc' dir='ltr'><strong>ι</strong></span> <span class='ocrx_word' id='word_1_707' title='bbox 3067 5218 3145 5273; x_wconf 88' lang='lat' dir='ltr'><strong>Ne</strong></span> <span class='ocrx_word' id='word_1_708' title='bbox 3179 5218 3354 5277; x_wconf 87' lang='lat' dir='ltr'><strong>dicas.</strong></span> <span class='ocrx_word' id='word_1_709' title='bbox 3402 5216 3604 5285; x_wconf 88' lang='lat' dir='ltr'><strong>inquit,</strong></span> 
     </span>
    </p>
   </div>
   <div class='ocr_carea' id='block_1_108' title="bbox 2027 5309 3604 5364">
    <p class='ocr_par' dir='ltr' id='par_1_108' title="bbox 2027 5309 3604 5364">
     <span class='ocr_line' id='line_1_108' title="bbox 2027 5309 3604 5364; baseline -0.003 -1"><span class='ocrx_word' id='word_1_710' title='bbox 2027 5309 2326 5364; x_wconf 87' lang='lat' dir='ltr'><strong>nonnullos</strong></span> <span class='ocrx_word' id='word_1_711' title='bbox 2371 5310 2562 5363; x_wconf 88' lang='lat' dir='ltr'><strong>Patres</strong></span> <span class='ocrx_word' id='word_1_712' title='bbox 2617 5309 2723 5364; x_wconf 91' lang='lat' dir='ltr'><strong>hoc</strong></span> <span class='ocrx_word' id='word_1_713' title='bbox 2765 5309 2937 5364; x_wconf 85' lang='lat' dir='ltr'><strong>verbo</strong></span> <span class='ocrx_word' id='word_1_714' title='bbox 2988 5311 3226 5364; x_wconf 89' lang='lat' dir='ltr'><strong>duarum</strong></span> <span class='ocrx_word' id='word_1_715' title='bbox 3284 5318 3604 5363; x_wconf 85' lang='lat' dir='ltr'><strong>naturarum</strong></span> 
     </span>
    </p>
   </div>
   <div class='ocr_carea' id='block_1_109' title="bbox 2020 5401 3608 5468">
    <p class='ocr_par' dir='ltr' id='par_1_109' title="bbox 2020 5401 3608 5468">
     <span class='ocr_line' id='line_1_109' title="bbox 2020 5401 3608 5468; baseline -0.004 -12"><span class='ocrx_word' id='word_1_716' title='bbox 2020 5417 2143 5456; x_wconf 86' lang='lat' dir='ltr'><strong>esse</strong></span> <span class='ocrx_word' id='word_1_717' title='bbox 2187 5417 2353 5468; x_wconf 90' lang='lat' dir='ltr'><strong>usos;</strong></span> <span class='ocrx_word' id='word_1_718' title='bbox 2396 5417 2524 5455; x_wconf 85' lang='lat' dir='ltr'><strong>nam</strong></span> <span class='ocrx_word' id='word_1_719' title='bbox 2564 5411 2681 5456; x_wconf 90' lang='lat' dir='ltr'><strong>tum</strong></span> <span class='ocrx_word' id='word_1_720' title='bbox 2720 5417 2791 5456; x_wconf 90' lang='lat' dir='ltr'><strong>eo</strong></span> <span class='ocrx_word' id='word_1_721' title='bbox 2835 5402 3110 5456; x_wconf 90' lang='lat' dir='ltr'><strong>vocabulo</strong></span> <span class='ocrx_word' id='word_1_722' title='bbox 3156 5401 3235 5456; x_wconf 91' lang='lat' dir='ltr'><strong>uti</strong></span> <span class='ocrx_word' id='word_1_723' title='bbox 3269 5401 3351 5455; x_wconf 90' lang='lat' dir='ltr'><strong>eis</strong></span> <span class='ocrx_word' id='word_1_724' title='bbox 3380 5401 3608 5468; x_wconf 78' lang='lat' dir='ltr'><strong>impune</strong></span> 
     </span>
    </p>
   </div>
   <div class='ocr_carea' id='block_1_110' title="bbox 2034 5579 3107 5648">
    <p class='ocr_par' dir='ltr' id='par_1_110' title="bbox 2034 5579 3107 5648">
     <span class='ocr_line' id='line_1_110' title="bbox 2034 5579 3107 5648; baseline -0.002 -12"><span class='ocrx_word' id='word_1_725' title='bbox 2034 5579 2236 5648; x_wconf 87' lang='lat' dir='ltr'><strong>scripta</strong></span> <span class='ocrx_word' id='word_1_726' title='bbox 2271 5590 2537 5634; x_wconf 88' lang='lat' dir='ltr'><strong>memorat</strong></span> <span class='ocrx_word' id='word_1_727' title='bbox 2582 5581 2808 5636; x_wconf 90' lang='lat' dir='ltr'><strong>Photius</strong></span> <span class='ocrx_word' id='word_1_728' title='bbox 2841 5581 2952 5634; x_wconf 82' lang='lat' dir='ltr'><strong>cod.</strong></span> <span class='ocrx_word' id='word_1_729' title='bbox 2986 5579 3107 5634; x_wconf 70' lang='lat'><strong>228.</strong></span> 
     </span>
    </p>
   </div>
   <div class='ocr_carea' id='block_1_111' title="bbox 2099 5645 3620 5719">
    <p class='ocr_par' dir='ltr' id='par_1_111' title="bbox 2099 5645 3620 5719">
     <span class='ocr_line' id='line_1_111' title="bbox 2099 5645 3620 5719; baseline -0.002 -15"><span class='ocrx_word' id='word_1_730' title='bbox 2099 5645 2173 5716; x_wconf 49' lang='lat'><strong>(5&#39;)</strong></span> <span class='ocrx_word' id='word_1_731' title='bbox 2215 5650 2478 5703; x_wconf 77' lang='lat' dir='ltr'><strong>Memorat</strong></span> <span class='ocrx_word' id='word_1_732' title='bbox 2503 5653 2607 5704; x_wconf 84' lang='lat' dir='ltr'><strong>hoc</strong></span> <span class='ocrx_word' id='word_1_733' title='bbox 2639 5668 2777 5719; x_wconf 87' lang='lat' dir='ltr'><strong>opus</strong></span> <span class='ocrx_word' id='word_1_734' title='bbox 2810 5651 3130 5706; x_wconf 80' lang='lat' dir='ltr'><strong>Anastasius</strong></span> <span class='ocrx_word' id='word_1_735' title='bbox 3162 5648 3218 5704; x_wconf 86' lang='lat' dir='ltr'><strong>in</strong></span> <span class='ocrx_word' id='word_1_736' title='bbox 3244 5645 3474 5716; x_wconf 73' lang='lat' dir='ltr'><strong>Iiodego,</strong></span> <span class='ocrx_word' id='word_1_737' title='bbox 3506 5660 3620 5701; x_wconf 73' lang='lat' dir='ltr'><strong>nec</strong></span> 
     </span>
    </p>
   </div>
   <div class='ocr_carea' id='block_1_112' title="bbox 2027 5721 2740 5790">
    <p class='ocr_par' dir='ltr' id='par_1_112' title="bbox 2027 5721 2740 5790">
     <span class='ocr_line' id='line_1_112' title="bbox 2027 5721 2740 5790; baseline 0.001 -16"><span class='ocrx_word' id='word_1_738' title='bbox 2027 5736 2135 5774; x_wconf 89' lang='lat' dir='ltr'><strong>non</strong></span> <span class='ocrx_word' id='word_1_739' title='bbox 2172 5721 2460 5790; x_wconf 78' lang='lat' dir='ltr'><strong>Evagrius,</strong></span> <span class='ocrx_word' id='word_1_740' title='bbox 2517 5721 2604 5788; x_wconf 87' lang='lat' dir='ltr'><strong>Ill,</strong></span> <span class='ocrx_word' id='word_1_741' title='bbox 2655 5721 2740 5776; x_wconf 76' lang='grc'><strong>55.</strong></span> 
     </span>
    </p>
   </div>
  </div>
