4034 6412
480 349 616 413 1813

1748 358 2060 420 LEONTII
2098 360 2505 424 ΒΥΖΛΝΤΙΝΙ

3600 368 3736 435 1844

474 465 656 529 licuit,
679 473 741 518 ut
766 467 878 535 jam
907 436 1173 532 disimus,
1209 485 1320 523 non
1354 470 1485 524 item
1516 477 1571 524 ct
1600 470 1664 524 D.
1700 469 1890 541 Cyrilli
1916 482 2024 527 tem

2154 474 2212 529 δὲ
2265 475 2357 529 τὸν
2409 477 2603 547 χρόνον
2641 476 2737 531 τοῦ
2786 478 2946 547 ἁγίου
2992 480 3263 551 Κυρίλλου
3295 482 3400 552 τῆς
3428 483 3583 537 νόσου
3623 484 3736 541 τῶν

473 572 629 625 pore,
665 574 799 627 quo,
833 559 963 613 dum
989 575 1085 629 per
1115 560 1389 615 Ecclesias
1411 560 1736 621 Nestoriana
1757 562 1878 618 lues
1900 579 2054 634 gras-

472 649 720 717 sabatur,
749 667 814 705 ea
849 667 954 705 vox
976 652 1147 722 magis
1178 652 1460 722 magisque
1489 654 1690 723 rejecta
1713 653 1839 710 fuit.
1883 673 1902 707 ι

542 741 601 797 Si
635 743 711 797 ita
738 751 843 808 est,
872 744 1088 810 insane,
1116 745 1320 815 rejecta
1348 760 1479 816 ergo
1496 746 1606 815 jam
1637 753 1803 800 antea
1832 745 1959 811 fuit,
1993 756 2051 802 et

471 834 649 889 multo
702 835 877 906 magis
914 845 1040 905 post
1083 835 1428 891 Nestorium.
1457 836 1613 902 Quod
1662 851 1788 892 cum
1831 837 1907 891 ita
1954 836 2049 903 sit,

468 926 748 993 quomodo
798 942 931 997 ergo
974 927 1233 981 Patribus
1283 926 1393 981 illis
1437 942 1500 981 ea
1548 943 1683 983 voce
1727 929 1808 982 uti
1844 928 2051 983 licuit?

467 1016 740 1071 Praeterea
770 1017 815 1071 si
849 1018 1183 1073 vocabulum
1211 1019 1347 1073 illud
1374 1021 1640 1091 rejectum
1676 1019 1781 1074 fuit
1811 1020 1866 1074 in
1894 1021 2047 1091 judi-

466 1104 555 1161 eio
579 1118 772 1162 contra
799 1108 1144 1173 Nestorium,
1177 1125 1277 1165 cur
1303 1125 1466 1166 nemo
1501 1118 1706 1166 coetum
1739 1110 2016 1167 Cbalcedo

463 1214 692 1255 nensem
720 1201 978 1256 Nestorio
1022 1202 1385 1272 posteriorem
1422 1203 1489 1258 de
1532 1203 1638 1257 hoc
1674 1202 1814 1272 ipso,
1855 1219 1966 1272 quo
2001 1202 2050 1260 is

464 1305 599 1345 usus
644 1298 751 1356 est,
796 1292 1114 1364 redarguit?
1147 1294 1244 1350 sed
1286 1294 1340 1349 id
1387 1310 1560 1348 unum
1599 1294 1651 1349 ei
1678 1295 1814 1349 vitio
1854 1296 2044 1362 vertit,

462 1383 612 1452 quod
641 1398 673 1439 e
698 1386 915 1441 naturis
959 1386 1177 1442 duabus
1219 1387 1447 1443 minime
1485 1388 1854 1457 compositum
1881 1386 2046 1443 Chri-

462 1485 610 1532 stum
637 1488 872 1546 asserat,
906 1496 1011 1537 nec
1052 1496 1242 1537 earum
1283 1482 1338 1537 in
1376 1498 1485 1536 una
1523 1479 1879 1538 subsistentia
1915 1495 2047 1534 eon-

456 1570 805 1639 junctionem
856 1572 1202 1642 profiteatur.
1235 1572 1392 1639 Quod
1435 1580 1619 1628 autem
1668 1572 1773 1627 hoc
1810 1570 1958 1626 dicat
1987 1579 2046 1627 et

460 1676 615 1717 saera
644 1665 909 1735 synodus,
933 1666 1059 1735 quis
1090 1665 1346 1720 dubitat?
1365 1665 1410 1719 si
1436 1665 1583 1719 enim
1609 1663 1701 1718 illa
1721 1662 1841 1718 suis
1861 1663 2044 1718 ferens

457 1753 545 1811 dis
583 1755 828 1811 decretis
866 1756 943 1811 ita
976 1757 1267 1827 loquitur:
1307 1776 1324 1809 ι
1357 1756 1707 1827 Suscipimus
1745 1755 1811 1810 D.
1848 1754 2041 1826 Cyrilli

2153 568 2456 640 Νεστορίου
2506 571 2882 640 καινοφωνιῶν
2915 573 3015 637 τὰς
3057 573 3384 646 Ἐκκλησιας
3409 578 3734 649 ἐπινεμομέ-

2153 676 2272 729 νης.
2302 661 2395 714 ἐπὶ
2427 661 2591 715 πλέον
2619 663 2650 732 ή
2676 662 2823 727 λέξις
2848 664 3290 737 ἀπεδοκιμάσθη.
3323 683 3344 718 ι

2227 752 2390 806 Ὥστε
2429 749 2540 817 οὖν,
2588 747 2633 807 ὦ
2671 750 2849 819 οὗτος,
2899 756 2995 810 καὶ
3035 758 3203 810 πάλαι
3238 759 3475 830 ἀδόκιμα
3505 761 3598 814 καὶ
3636 761 3732 814 ἐπὶ

2152 842 2319 896 πλέον
2353 846 2493 914 μετὰ
2524 846 2850 917 Νεστόριον·
2886 848 3006 911 πῶς
3047 844 3141 903 οὗν
3186 850 3531 921 ἀδιαϐλήτως
3568 855 3732 925 ἐχρή-

2152 952 2317 991 σαντο
2347 937 2525 1006 curii;
2570 932 2692 991 εἶτα
2733 937 2791 992 δὲ
2834 939 2883 992 εί
2931 938 3286 1009 διαϐέϐληται
3332 943 3429 995 καὶ
3469 944 3728 997 ἀπεδοκι-

2153 1026 2336 1096 μάσθη
2366 1026 2513 1079 κατὰ
2552 1028 2873 1098 Νεστόριον,
2907 1031 3023 1093 πῶς
3050 1032 3111 1083 οὐ
3139 1033 3279 1084 κατὰ
3305 1032 3424 1085 τόδε
3458 1034 3727 1104 γράφεται

2147 1118 2290 1189 τιςή
2329 1121 2627 1189 κατηγορεῖ
2676 1120 2778 1189 τῆς
2840 1122 2902 1174 ὲν
2957 1122 3262 1194 Χαλκηδόνι
3300 1126 3520 1178 συνόδου
3587 1110 3727 1193 μετὰ

2147 1210 2446 1281 Νεστόριον
2489 1210 2686 1282 οὕσης;
2724 1212 2862 1266 ἀλλὰ
2904 1213 3040 1268 διότι
3094 1216 3170 1286 μή
3219 1215 3314 1269 καὶ
3341 1217 3404 1269 ὲκ
3434 1216 3529 1269 δύο
3552 1217 3723 1285 λέγει,

2148 1302 2244 1355 καὶ
2293 1301 2393 1374 τὴν
2423 1304 2545 1357 καθ’
2575 1304 2877 1359 ὑπόστασιν
2915 1306 3114 1360 ἕνωσιν
3137 1307 3374 1377 Χριστοῦ
3399 1325 3413 1340 ·
3446 1309 3529 1361 ὅτι
3555 1307 3612 1361 δὲ
3640 1308 3729 1361 λέ-

2146 1407 2236 1458 γει
2261 1392 2409 1459 τάδε,
2440 1392 2526 1457 τίς
2554 1393 2931 1464 ἀμφιϐάλλεις
2968 1414 2987 1447 ι
3014 1397 3077 1449 Εἰ
3103 1397 3216 1465 γὰρ
3241 1397 3275 1468 ή
3311 1396 3532 1460 σύνοδος
3553 1398 3728 1467 ψηφι-

2150 1483 2359 1554 ζομένη
2402 1485 2571 1554 φησιν
2611 1484 2807 1551 οὕτως,
2856 1487 2959 1549 τὰς
2994 1486 3088 1541 τοῦ
3135 1490 3410 1559 μακαρίου
3456 1490 3727 1559 Κυρίλλου

2143 1574 2237 1630 τοῦ
2256 1575 2358 1646 τῆς
2383 1576 2780 1647 Ἀλεξανδρέων
2804 1577 3003 1649 Ἐκκλη
3013 1579 3133 1642 σίας
3159 1580 3449 1650 γενομένου
3468 1580 3729 1649 ποιμένος

2146 1666 2433 1741 συνοδικᾲς
2464 1667 2755 1730 ἐπιστολὰς
2803 1667 2940 1739 πρὸς
2990 1668 3287 1739 Νεστόριον
3312 1669 3408 1722 καὶ
3438 1669 3575 1737 πρὸς
3599 1670 3729 1733 τοὺς

2143 1758 2241 1828 τῆς
2266 1758 2558 1827 Ἀνατολῆς
2585 1759 2858 1830 δεχόμεθα
2888 1761 3154 1831 ἁρμοδίας
3183 1761 3351 1824 οὔσας
3380 1763 3461 1824 τίς
3504 1762 3729 1832 ἔλεγχον

455 1843 552 1913 qui
584 1845 1261 1903 Ecclesize‘Alexandrinte
1307 1847 1551 1918 praefuit,
1602 1854 1795 1903 contra
1835 1847 2026 1901 Nesto-

2141 1848 2244 1918 τῆς
2278 1848 2574 1935 Νεστορίου
2622 1851 3072 1922 φρενοϐλαϐείας,
3106 1869 3126 1905 ι
3167 1847 3259 1917 αἷς
3290 1853 3600 1916 ἐπιστολαῖς
3632 1853 3729 1907 καὶ

453 1936 599 1990 rium
646 1947 705 1992 et
747 1937 1059 1995 Orientales
1089 1941 1381 2009 episcopos
1419 1940 1714 2012 synodales
1751 1938 2035 2008 epistolas,

451 2041 575 2095 qua:
599 2026 919 2083 Nestorium
950 2030 1131 2100 ipsum
1170 2045 1283 2085 sua:
1316 2030 1611 2086 dementiae
1631 2032 1777 2088 clare
1810 2032 2040 2088 convin-

450 2125 606 2173 cunt.
636 2137 654 2169 ι
681 2118 894 2185 Quibus
916 2119 970 2173 in
993 2121 1245 2190 epistolis
1275 2129 1501 2177 sanctus
1528 2121 1693 2177 Pater
1727 2123 2038 2178 naturalem

2144 1940 2242 2011 τὴν
2270 1941 2505 2011 φυσικήν
2552 1942 2649 1996 καὶ
2690 1945 2789 2014 τὴν
2838 1945 2962 1998 καθ’
3003 1945 3304 1999 ὑπόστασιν
3338 1946 3537 2000 ἕνωσιν
3566 1946 3668 2016 ἔφη
3698 1947 3727 1999 6

2144 2031 2356 2100 Πατήρ,
2384 2032 2502 2096 πῶς
2528 2032 2649 2107 οὐχι
2673 2033 2743 2087 τὰ
2767 2034 2908 2088 αὐτὰ
2930 2035 3202 2106 ὁμολογεῖ,
3233 2030 3276 2107 ᾧ
3305 2040 3603 2110 συμφωνεῖ,
3629 2041 3724 2092 καὶ

2143 2121 2203 2175 δν
2236 2122 2561 2193 ἀποδέχεται
2590 2125 2649 2177 ὲν
2681 2126 2893 2192 τοῖσδε;

450 2211 905 2281 conjunctionem
947 2214 1000 2267 in
1033 2228 1142 2267 una
1165 2213 1471 2284 eademque
1535 2214 1896 2269 subsistentia
1960 2214 2298 2271 confitetur:
2332 2215 2615 2285 quomodo
2684 2215 2928 2288 synodus
2968 2216 3085 2288 ipsa
3128 2233 3241 2273 non
3280 2228 3367 2274 est
3430 2219 3486 2273 in
3527 2218 3722 2274 eadem

448 2305 746 2371 sententia,
804 2321 869 2362 ac
914 2306 1028 2372 ille,
1080 2307 1304 2387 quicum
1347 2309 1577 2364 omnino
1635 2310 1934 2375 consentit,
1980 2318 2038 2365 et
2068 2325 2230 2381 quem
2257 2310 2361 2366 hac
2393 2311 2445 2366 in
2481 2327 2542 2368 re
2573 2313 2813 2367 maxime
2844 2311 3044 2382 probat
3073 2312 3576 2383 amplectiturque?

517 2397 658 2453 Cum
679 2413 847 2467 porro
866 2414 969 2453 nos
992 2414 1101 2452 uno
1126 2414 1220 2453 ore
1246 2399 1538 2465 fateamur,
1557 2398 2032 2468 praedicemusque

446 2487 732 2549 Christum
771 2488 1065 2543 Dominum
1099 2505 1166 2544 ex
1203 2489 1421 2545 duabus
1463 2489 1683 2544 naturis
1724 2504 1844 2545 esse
1875 2505 2030 2545 com-

445 2578 709 2648 positum,
742 2578 1111 2650 eamdemque
1155 2580 1320 2635 simul
1351 2581 1405 2635 in
1443 2580 1664 2635 duabus
1694 2562 1895 2636 iisdem
1932 2597 2031 2635 na-

445 2667 590 2722 turis
645 2668 1076 2735 subsistentem;
1120 2684 1359 2740 cumque
1408 2686 1719 2727 asseramus
1781 2679 1836 2726 et
1890 2686 2025 2726 con-

438 2760 787 2829 iunctionem
853 2770 911 2816 et
974 2771 1231 2817 naturam
1293 2772 1602 2833 utramque,
1665 2764 1864 2834 parati,
1938 2764 2028 2819 vel

443 2852 698 2922 angelum
759 2854 941 2924 ipsum
980 2870 1012 2909 e
1057 2854 1199 2910 coelo
1244 2854 1697 2919 descendentem,
1736 2857 1844 2911 nisi
1882 2856 2028 2911 idem

441 2944 718 3009 crederet,
766 2945 1078 3009 exsecrari;
1125 2960 1227 3000 cur
1276 2944 1470 3000 eadem
1515 2954 1574 3000 et
1604 2946 1709 3015 ipsi
1748 2961 1859 3001 non
1902 2962 2028 3002 cre-

2213 2401 2403 2470 Ἦμῶν
2430 2402 2488 2454 δὲ
2530 2400 2911 2471 προλεγόντων
2940 2417 3001 2453 τε
3032 2402 3128 2454 καὶ
3156 2400 3530 2469 συλλεγόντων
3562 2400 3625 2456 τὸ
3656 2404 3725 2458 ἐκ

2131 2491 2225 2545 δύο
2252 2491 2468 2561 φύσεων
2498 2488 2638 2547 εἶναι
2665 2492 2757 2546 τὸν
2786 2491 3012 2563 Κύριον,
3045 2491 3184 2563 μετὰ
3209 2491 3300 2546 τοῦ
3321 2494 3484 2546 καὶέν
3500 2493 3592 2551 δύο
3613 2494 3723 2566 φύ-

2131 2598 2280 2637 σεσιν
2300 2578 2465 2647 εἶναι,
2490 2585 2581 2637 καὶ
2605 2583 2874 2652 λεγόντων
2904 2584 2999 2637 καὶ
3022 2583 3121 2655 τὴν
3146 2584 3390 2649 σύνοδον,
3421 2587 3515 2638 καὶ
3536 2587 3722 2641 πᾶσαν

2128 2672 2313 2740 φύσιν,
2343 2673 2437 2726 καὶ
2462 2672 2694 2742 ἄγγελον
2718 2672 2777 2738 ἐξ
2799 2672 3052 2745 ούρανοῦ,
3083 2676 3132 2727 εί
3165 2675 3238 2744 μὴ
3260 2674 3433 2738 οὕτως
3458 2677 3722 2745 ἐφρόνουν

2131 2761 2662 2833 ἀναθεματιζόντων,
2685 2764 2775 2816 διὰ
2797 2764 2850 2816 τί
2879 2763 2953 2834 μὴ
2983 2764 3374 2835 καταδὲχονται
3402 2765 3560 2819 αὐτοὶ
3589 2766 3717 2819 τάδε

2135 2851 2545 2922 σϐνομολογεϊν,
2579 2853 2835 2921 λέγοντες
2881 2853 2977 2907 καὶ
3029 2855 3090 2907 τὸ
3121 2857 3185 2908 ὲκ
3237 2856 3333 2909 δύο
3365 2857 3505 2927 μετὰ
3529 2857 3626 2910 τοῦ
3659 2858 3722 2911 ὲν

2131 2942 2225 2995 δύο
2255 2943 2353 2995 σὺν
2384 2945 2517 3014 ήμῖν
2543 2961 2558 3010 ;
2591 2946 2687 2997 καὶ
2712 2945 2975 3014 Σεϐῆρον,
3008 2944 3104 2998 καὶ
3131 2946 3445 3018 Διόσκορον,
3471 2949 3563 3002 καὶ
3590 2952 3721 3016 τοὺς

330 3351 334 3354 ‹
441 3321 589 3367 tores
615 3313 776 3367 aliter
799 3313 1128 3376 sentientes,
1164 3328 1275 3367 non
1299 3311 1562 3367 damnant
1586 3324 1750 3383 atque
1782 3312 2022 3383 proscri-

441 3035 582 3091 dunt
650 3036 1094 3107 proﬁtenturque
1141 3036 1433 3092 nobiscum
1477 3037 1761 3093 Christum
1807 3053 1932 3093 cum
1960 3053 2026 3094 ex

2135 3034 2254 3103 μετ’
2287 3033 2492 3099 αὐτῶν,
2540 3036 2590 3087 εί
2644 3034 2720 3105 μὴ
2769 3034 2943 3097 οὕτως
2973 3036 3262 3106 ἐφρόνουν,
3293 3038 3717 3109 ἀναθεματίζειν

441 3128 660 3184 duabus
689 3128 908 3183 naturis
940 3129 1223 3199 componi,
1261 3139 1374 3185 tum
1408 3131 1463 3186 in
1496 3131 1649 3186 hisce
1675 3130 2026 3186 subsistere?

2133 3122 2480 3194 αίρούμενοι;
2514 3122 2819 3177 Φλαϐιανοῦ
2851 3141 2909 3177 τε
2936 3125 3035 3177 τοῦ
3074 3127 3379 3196 μακαρίτου
3418 3129 3519 3199 τῆς
3566 3130 3722 3183 έκθέ-

438 3220 554 3276 Cur
578 3229 635 3274 et
671 3220 962 3287 Severum,
999 3230 1057 3276 et
1117 3222 1464 3287 Dioscorum,
1508 3237 1818 3292 eorumque
1846 3230 2026 3277 secta-

2136 3231 2277 3279 σιως
2303 3216 2538 3285 ἐχούσης
2577 3216 2697 3278 καὶ,
2728 3233 2748 3267 ι
2785 3215 2931 3269 Μίαν
2958 3215 3017 3269 δὲ
3050 3217 3213 3284 φύσιν
3230 3217 3325 3272 τοῦ
3352 3218 3488 3273 Θεοῦ
3512 3220 3713 3288 Λόγου,

2129 3307 2558 3377 σεσαρκωμένην
2607 3307 2793 3375 μέντοι
2827 3309 2922 3360 καὶ
2973 3309 3499 3378 ὲνανθρωπήσασαν.
3530 3310 3715 3379 λέγειν

439 3403 625 3460 bunt?
666 3404 737 3458 Et
782 3420 910 3460 cum
961 3404 1141 3461 felicis
1180 3405 1462 3459 memoriae
1493 3404 1787 3459 Flavianus
1820 3404 1879 3457 in
1917 3418 2019 3458 sua

2130 3401 2186 3454 οὐ
2205 3398 2623 3472 παραιτούμεθα
2642 3399 2730 3454 διὰ
2758 3401 2850 3454 τὸν
2873 3400 2935 3465 ἐξ
2960 3402 3167 3469 ἀμφοῖν
3200 3402 3297 3455 ἕνα
3325 3402 3532 3473 Κύριον
3555 3403 3715 3472 ἡμῶν

440 3494 566 3549 ﬁdei
596 3494 944 3565 expositione
977 3495 1145 3560 dicat,
1182 3514 1199 3547 ι
1241 3496 1417 3552 Unam
1446 3496 1545 3551 Dei
1571 3494 1739 3549 Verbi
1761 3501 2017 3550 naturam

2139 3492 2354 3563 Ἰησοῦν
2386 3492 2655 3563 Χριστόνο
2692 3511 2708 3543 ι
2744 3494 2840 3546 καὶ
2859 3492 3018 3545 τοῦτο
3036 3494 3137 3563 τῆς
3156 3493 3375 3547 συνόδου
3407 3490 3737 3564 ποτνιωμέο’

358 3587 379 3606 '
437 3586 804 3653 incarnatam,
846 3587 1624 3657 eamdemquebumanitatem
1652 3585 2020 3655 assumpsisse

2130 3600 2248 3654 νης,
2280 3582 2396 3646 πῶς
2420 3582 2544 3652 οὐχὶ
2563 3583 2707 3637 κατὰ
2741 3582 2921 3637 πάντα
2944 3583 3075 3638 τάδε
3104 3583 3319 3649 τούτοις
3349 3583 3708 3654 συμφθέγγι-
3744 3652 3757 3659 _

436 3678 740 3748 praedicare
812 3693 922 3732 non
999 3678 1365 3745 dubitamus,
1422 3685 1715 3748 pmpterea
1771 3676 1902 3746 quia
1951 3692 2021 3731 ex

2130 3692 2220 3729 ται
2246 3675 2283 3746 ή
2312 3673 2529 3735 σύνοδος
2544 3691 2560 3739 ;

434 3772 651 3826 duabus
675 3772 891 3827 naturis
911 3787 1054 3827 unus
1076 3772 1342 3827 Dominus
1371 3780 1562 3826 noster
1582 3770 1744 3826 Jesus
1773 3767 2031 3825 Christus
2068 3768 2451 3837 componitur;
2487 3786 2505 3819 ι
2542 3782 2784 3837 cumque
2826 3780 2984 3822 sacra
3053 3766 3299 3838 synodus
3361 3766 3555 3823 eadem
3592 3764 3713 3820 hac
3814 3830 3832 3839 -

433 3872 752 3930 veneretur,
804 3864 1081 3935 quomodo
1111 3880 1227 3919 non
1268 3863 1417 3919 idem
1445 3863 1502 3917 in
1546 3860 1634 3916 his
1665 3861 1926 3915 omnibus
1953 3868 2011 3916 et
2050 3859 2167 3929 ipsa
2188 3873 2316 3913 cum
2346 3859 2609 3915 Flaviano
2633 3844 2847 3915 sentit?

503 3957 675 4012 Divus
702 3966 888 4013 autem
920 3958 1033 4014 Leo
1056 3958 1337 4014 sententia
1360 3965 1417 4013 et
1438 3956 1665 4011 decreto
1687 3972 1793 4011 suo
1822 3955 2019 4013 conﬁr-

432 4058 549 4105 mat
587 4061 817 4120 rataque
839 4050 1013 4105 habet
1035 4050 1225 4105 omnia
1250 4063 1374 4117 qua:
1395 4047 1451 4102 in
1472 4047 1710 4103 concilio
1736 4048 2018 4117 Ephesino

433 4150 624 4195 contra
670 4140 988 4195 Nestorium
1016 4155 1045 4194 a
1077 4138 1206 4193 divo
1242 4137 1449 4210 Cyrillo
1499 4137 1714 4205 prolata
1767 4135 2014 4191 fuerunt.

438 4254 457 4286 ι
505 4233 689 4288 Firma
740 4240 1022 4299 maneant,
1068 4231 1270 4300 inquit,
1313 4228 1539 4286 concilii
1588 4227 1852 4298 Ephesini
1890 4226 2016 4298 (cui

430 4326 612 4382 felicis
642 4324 1047 4381 recordationis
1073 4322 1313 4395 Cyrillus
1336 4322 1574 4392 praefuit)
1597 4327 1788 4376 contra
1819 4319 2017 4375 Nesto-

433 4419 576 4473 rium
603 4426 746 4483 acta,
778 4432 850 4472 ne
887 4417 1033 4473 forte
1062 4424 1180 4471 tum
1213 4415 1472 4470 damnata
1500 4413 1757 4482 impietas
1789 4427 1884 4481 per
1913 4411 2020 4466 hoc

433 4508 612 4577 ipsum
653 4507 770 4561 ullo
808 4506 972 4561 modo
1010 4519 1069 4560 se
1107 4502 1369 4572 decipiat.
1412 4498 1873 4568 Quandoquidem
1904 4499 2018 4554 Eu-

432 4600 623 4671 tyches
650 4599 773 4670 jure
805 4613 869 4653 ac
889 4602 1092 4654 merito
1121 4613 1153 4651 a
1180 4594 1387 4651 Christi
1420 4591 1666 4647 fidelium
1697 4590 2016 4646 communi-

2194 3954 2347 4007 Λέων
2388 3952 2447 4005 δὲ
2495 3955 2526 4006 ό
2568 3952 2877 4022 θαυμάσιος
2929 3953 3029 4024 μιᾷ
3071 3951 3310 4024 κυρώσει
3353 3956 3449 4008 καὶ
3485 3955 3706 4026 συνόψει

2124 4043 2305 4098 πάντα
2360 4042 2489 4097 τάδε
2541 4046 2613 4097 τὰ
2675 4043 2822 4097 κατὰ
2864 4043 3167 4115 Νεστορίου
3214 4046 3485 4116 εἰρημένα
3537 4050 3597 4101 ἐν
3638 4051 3705 4122 τῇ

2123 4137 2182 4189 έν
2212 4134 2428 4206 Ἐφέσῳ
2460 4135 2663 4206 συνόδῳ
2697 4134 2805 4188 ὑπὸ
2834 4133 2932 4188 τοῦ
2967 4135 3244 4207 μακαρίου
3277 4138 3551 4207 Κυρίλλου
3582 4141 3706 4193 sm-

2124 4225 2489 4297 σφραγίζετω
2520 4227 2613 4279 καὶ
2641 4229 2825 4297 κυροῖ»
2862 4227 3071 4295 λέγων·
3129 4247 3149 4280 ο
3183 4229 3265 4282 Τὰ
3302 4230 3484 4298 μέντοι
3511 4247 3574 4300 γε
3603 4232 3708 4302 τῆς

2125 4319 2393 4390 πρότερον
2433 4321 2491 4373 ὲν
2520 4317 2735 4389 Ἐφέσῳ
2764 4318 2986 4372 συνόδου
3006 4360 3020 4385 ,
3074 4315 3299 4392 ἧστινος
3335 4324 3364 4374 ὁ
3422 4324 3518 4395 τῆς
3547 4325 3707 4389 ὁσίας

2123 4408 2347 4478 μνήμης
2379 4408 2650 4480 Κύριλλος
2680 4410 2802 4463 τότε
2830 4411 3195 4482 προήδρευεν,
3233 4414 3377 4467 κατὰ
3402 4415 3704 4487 Νεστορίου

2121 4498 2307 4563 ίδικῶς
2358 4499 2677 4570 πραχθέντα
2699 4504 2742 4567 ,”“
2771 4501 3186 4572 διαμενέτωσαν
3206 4519 3221 4534 °
3283 4507 3483 4575 μήπως
3517 4509 3549 4576 ή
3578 4508 3703 4562 τότε

2119 4592 2589 4646 καταδικασθείσα
2613 4592 2925 4660 δυσσέϐεια,
2950 4596 3019 4649 δι’
3045 4596 3177 4650 αὐτὸ
3197 4596 3355 4651 τοῦτο
3377 4592 3504 4652 καθ’
3523 4599 3704 4654 ὁτιοῦν

433 4665 545 4750 tate
580 4665 847 4761 expulsus
890 4698 997 4757 est,
1040 4697 1097 4745 ct
1137 4688 1206 4744 ab
1257 4684 1388 4741 sede
1435 4698 1534 4739 sua
1576 4683 1843 4754 dejectus.
1876 4681 2011 4738 Nam

2130 4684 2321 4754 ἑαυτὴν
2352 4685 2635 4757 ἀπατήσῃ,
2667 4686 2865 4758 ὅτιπερ
2897 4687 3145 4757 Εὐτυχής
3176 4688 3404 4752 δικαίως
3432 4691 3707 4760 ἀναθεμα-

429 4800 571 4856 pura
616 4782 773 4849 fides,
820 4790 878 4837 et
910 4798 975 4837 ea
1023 4778 1436 4850 simplicissima
1485 4776 1777 4847 disciplina
1824 4775 2011 4847 (quam

430 4891 532 4932 nos
554 4889 643 4941 eo,
672 4890 785 4945 quo
815 4873 995 4929 sancti
1025 4874 1238 4935 Patres,
1265 4872 1452 4926 animo
1490 4878 1546 4925 et
1580 4867 1779 4941 aﬂectu
1809 4867 2009 4937 praedi-

429 4969 642 5038 camus)
672 4968 868 5023 eadem
904 4963 1182 5020 sententia
1222 4962 1447 5017 damnat
1488 4976 1653 5031 prava
1678 4958 1921 5014 Nestorii
1953 4968 2011 5015 et

429 5057 771 5130 Eutychetis,
842 5070 1148 5125 eorumque
1208 5062 1542 5109 sectatorum
1585 5050 1858 5120 dogmata,
1893 5063 2012 5104 om-

428 5151 694 5218 niumque
729 5148 960 5203 istorum
988 5146 1258 5200 nefariam
1293 5141 1625 5199 sententiam
1651 5139 1851 5195 iisdem
1884 5139 2009 5194 telis

426 5239 675 5312 conligit.
703 5259 721 5291 ›

495 5331 604 5387 Sed
629 5331 924 5386 redeamus
956 5327 1156 5383 iterum
1182 5325 1251 5381 ad
1276 5341 1427 5391 eum,
1457 5325 1552 5396 qui
1585 5324 1790 5381 fatetur
1817 5324 2007 5395 plures

426 5433 648 5479 sanctos
678 5423 873 5477 Patres
905 5418 1111 5474 dixisse
1140 5418 1423 5474 Christum
1453 5417 1672 5473 duabus
1707 5418 1760 5471 in
1788 5418 2004 5472 naturis

423 5511 760 5577 subsistere;
784 5508 1083 5564 concilium
1109 5523 1241 5563 vero
1268 5505 1718 5563 Cbalcedonense
1743 5521 1854 5560 non
1879 5506 2004 5559 ideo

424 5602 799 5675 reprehendi,
859 5600 1006 5672 quod
1066 5601 1118 5657 id
1174 5601 1355 5671 ipsum
1416 5599 1659 5663 dixerit,
1717 5597 1816 5652 sed
1870 5597 2001 5667 quia

420 5692 703 5750 Christum
740 5692 998 5749 eumdem
1049 5708 1115 5746 ex
1169 5693 1384 5748 duabus
1438 5689 1802 5760 compositum
1853 5687 2001 5741 haud

422 5785 742 5852 afﬁrmavit;
780 5794 832 5841 ct
864 5785 1096 5856 reliqua,
1124 5800 1247 5855 quae
1281 5783 1395 5853 ipse
1427 5782 1753 5838 deblaterat.
1796 5780 1998 5837 Verum

2119 4773 2323 4840 τισθεὶς
2345 4774 2779 4847 καταϐέϐληται’
2808 4779 2842 4847 ή
2870 4776 3184 4847 καθαρότης
3207 4778 3317 4850 γὰρ
3342 4779 3439 4849 τῆς
3463 4780 3703 4845 πίστεως

2118 4865 2214 4919 καὶ
2242 4865 2597 4931 διδασκαλία,
2634 4865 2701 4940 ἢν
2731 4867 2809 4937 τῷ
2840 4867 2994 4937 αὐτῷ
3023 4867 3299 4939 πνεύματι
3329 4887 3398 4939 κη
3411 4870 3698 4941 ρύττομεν,

2113 4956 2304 5026 ὥσπερ
2336 4960 2386 5011 οἱ
2419 4958 2571 5026 ἆγιοι
2600 4958 2847 5029 Πατέρες
2874 4959 3034 5029 ήμῶν
3055 4999 3069 5024 ,
3120 4962 3215 5014 καὶ
3252 4961 3353 5032 τήν
3376 4963 3698 5032 Νεστορίου,

2116 5047 2211 5101 καὶ
2261 5047 2360 5117 τὴν
2405 5048 2719 5119 Εὐτυχοῦς,
2781 5050 2923 5120 μετὰ
2970 5050 3082 5103 τῶν
3120 5051 3444 5122 ήγουμένων
3483 5052 3695 5118 αὐτῶν,

2116 5142 2205 5197 ἐπ’
2230 5141 2353 5212 ίσης
2384 5141 2736 5205 καταδικάζει
2768 5142 2864 5196 καὶ
2889 5141 3077 5197 διώκει
3104 5142 3450 5209 κακοδοξίαν.
3484 5163 3504 5198 ι

2084 5320 2089 5327 “
2195 5320 2515 5375 Ἀκουστέον
2554 5320 2611 5373 δὲ
2657 5320 2741 5375 ῑτι
2773 5321 2870 5375 τοῦ
2899 5321 3157 5390 λέγοντος
3205 5322 3290 5376 ὅτι
3338 5324 3432 5378 καὶ
3473 5322 3699 5384 πλείους

2109 5413 2219 5467 τῶν
2243 5413 2506 5484 Πατέρων
2534 5413 2877 5485 ἀδιαϐλήτως
2904 5416 3214 5485 ἐχρήσαντο
3247 5419 3398 5485 φωνῇ
3426 5418 3489 5485 τῇ
3520 5417 3578 5468 ὲν
3600 5414 3695 5468 δύο

2114 5506 2207 5559 ἐπὶ
2232 5502 2493 5575 Χριστοῦ,
2527 5505 2620 5558 καὶ
2646 5506 2730 5557 ὅτι
2759 5505 2858 5575 οὐχ
2882 5506 3256 5575 ὡνλὲγουσαν
3280 5508 3342 5560 τὸ
3364 5510 3422 5559 ἐν
3445 5507 3538 5561 δύο
3559 5507 3696 5577 γρά-

2113 5614 2273 5666 φεται
2301 5597 2401 5667 τὴν
2429 5596 2648 5650 σύνοδον
2668 5638 2683 5662 ,
2725 5597 2842 5651 ἀλλ’
2873 5598 2947 5664 ὡς
2979 5599 3042 5653 τδ
3072 5602 3137 5654 ὲκ
3165 5599 3259 5654 δύο
3291 5600 3365 5671 μὴ
3394 5598 3687 5653 εἰποῦσαν·

2110 5690 2203 5744 καὶ
2233 5687 2300 5742 τὰ
2327 5686 2489 5744 λοιπὰ
2516 5688 2552 5743 ἅ.
2577 5706 2742 5759 φησιν
2764 5708 2777 5723 ο
2810 5693 2910 5747 οὐκ
2931 5689 3048 5749 οἶδα
3072 5692 3182 5766 γὰρ
3213 5694 3330 5758 πῶς
3355 5692 3533 5747 λαθὼν
3562 5693 3692 5745 ἑαυ-

2108 5780 2199 5835 τὸν
2236 5779 2426 5851 ὥσπερ
2458 5779 2661 5835 ἔνυπνα
2691 5782 2892 5851 λαλῶν,
2931 5788 2989 5839 ὲν
3021 5788 3137 5850 τοῖς
3165 5784 3367 5839 ἑαυτοῦ
3397 5781 3689 5856 συγγράμο
