4034 6406
297 357 423 421 1815

1485 356 1782 427 CONTRA
1820 357 2419 424 MONOPHYSITAS.

3412 320 3546 401 1346

292 486 419 539 μασι
444 469 613 524 πάλιν
635 472 774 542 φησι
792 488 807 503 ο
844 489 865 525 ι
883 471 1129 543 Νύκτωρ
1152 472 1250 527 καὶ
1275 470 1395 545 μεθ’
1416 474 1632 545 ἡμέραν
1651 474 1772 536 ταῖς
1793 470 1872 543 βί-

1988 468 2255 524 ξηίιηνετο
2277 464 2343 528 is,
2365 461 2555 518 nescio
2581 456 2859 532 quomodo
2883 454 3083 511 suimet
3109 450 3283 523 ipsius
3321 446 3546 513 oblitus,

287 561 432 625 σλοις
461 561 576 616 τῶν
602 540 873 635 Πατέρων
904 540 1312 637 στρεφόμενος,
1365 540 1672 621 οὕιτωντινά
1704 540 1868 637 μέγρι

1988 570 2030 617 at
2062 559 2218 630 quasi
2249 555 2577 613 somniando
2599 553 2730 609 alibi
2762 550 2880 607 suis
2906 549 2961 603 in
2988 545 3149 602 libris
3174 544 3249 599 ita
3268 540 3545 637 loquitur:

287 656 379 709 καὶ
427 653 530 709 νῦν
576 656 690 710 τῶν
730 657 1000 728 Πατέρων
1039 658 1223 730 εὑρεῖν
1250 658 1515 731 ἐδυνήθην
1544 659 1737 727 φύσεις
1775 657 1871 709 ἐπὶ

1981 668 2000 701 ι
2044 649 2158 721 Ego
2190 648 2283 704 die
2322 655 2604 715 noctuque
2645 643 2933 699 revolvens
2967 646 3284 694 sanctorum
3323 633 3552 690 Patrum

287 746 531 817 Χριστοῦ
585 746 682 801 δύο
724 724 1061 816 δοξάέοντα,
1107 724 1371 820 ’καθάπερ
1398 724 1871 817 οξτὲννΧαλκηδόνι

1988 741 2281 803 volumina,
2311 738 2588 794 neminem
2617 735 2798 790 adhuc
2825 731 3076 787 invenire
3100 727 3277 801 potui,
3301 725 3396 797 qui
3417 724 3554 781 duas

288 837 643 902 συνελθόντες
677 838 977 906 ἐδόξασαν,
1033 841 1132 894 καὶ
1173 841 1234 894 ἑν
1268 839 1421 893 δυσὶν
1452 839 1616 893 αὐτὸν
1649 838 1871 909 ἀπεφή-

287 945 449 982 ναντο
479 928 735 996 φύσεσιν.
762 949 784 983 ι
827 928 1019 984 Ταῦτά
1041 946 1127 998 γε,
1163 930 1213 983 εἰ
1243 929 1319 1001 μὴ
1347 929 1408 983 τὸ
1431 929 1535 999 τῆς
1563 927 1876 991 ὑποθέσεως

286 1018 395 1071 τῶν
441 1020 801 1090 ζητουμένων
832 1020 1034 1075 σεπτὸν
1067 1020 1205 1092 πρὸς
1232 1020 1520 1075 εὐλάϐειαν
1548 1021 1748 1091 ἄγχει,
1786 1019 1876 1072 τὸν

288 1110 576 1181 ἀκροατὴν
608 1112 714 1164 οὐκ
741 1113 823 1174 εἰς
852 1111 1095 1184 ἄμετρον
1127 1112 1351 1183 ὲκχύσει
1378 1112 1628 1179 γέλωτα,
1676 1109 1879 1164 οὑτωσὶ

287 1197 459 1251 αὐτοῦ
494 1199 725 1263 ἑαυτὸν,
764 1201 1104 1271 ἀμνημόνως
1135 1201 1167 1272 ἢ
1199 1200 1593 1271 άταλαφρόνως
1619 1199 1653 1271 ἢ
1682 1198 1880 1270 θεηλά-

287 1303 396 1348 τως
426 1287 533 1339 οὐκ
557 1283 681 1341 οἶδα
714 1288 829 1350 πῶς
857 1288 1065 1356 λέγειν,
1097 1290 1735 1360 άντικαταρῤάσσοντοςς
1770 1289 1881 1342 Καὶ

288 1378 425 1446 ἡμῖν
460 1378 667 1439 σκοπὸς
709 1379 813 1432 οὐκ
840 1375 940 1450 ἦν,
977 1379 1053 1441 ὡς
1084 1384 1113 1434 6
1143 1379 1348 1451 Κύριος
1380 1379 1595 1450 μάρτυς
1616 1416 1632 1443 ,
1685 1379 1882 1450 ἀνδρὸς

284 1468 570 1536 όμφωῦς
598 1468 828 1537 ἄγνοιαν
854 1468 1164 1535 ὀνειδίζειν,
1195 1469 1228 1541 ἢ
1257 1469 1357 1524 σαθ
1367 1470 1572 1541 ρότητα
1593 1469 1769 1538 λόγων
1789 1468 1885 1522 ἀλ.

286 1556 525 1625 λοτρξων
560 1557 780 1628 ἑτέροις
812 1558 1195 1628 δημοσιεύειν·
1232 1558 1348 1612 ἀλλ’
1381 1559 1507 1613 ἐπεὶ
1539 1557 1603 1612 τδ
1633 1558 1733 1628 μὲν
1762 1557 1884 1612 κατ’

286 1646 457 1697 αὐτὸν
503 1645 688 1715 δόγμα
735 1649 1064 1716 κεκίνηται,
1115 1647 1143 1699 ὀ
1174 1646 1233 1700 δὲ
1275 1645 1496 1717 θερμῶς
1529 1643 1888 1716 ἁντιποιησάο

287 1749 456 1802 μενος
489 1732 657 1788 τοῦδε
686 1734 784 1789 τοῦ
810 1735 1107 1806 δόγματος,
1141 1735 1306 1800 αὐτὸς
1332 1734 1488 1789 οὔπω
1518 1734 1659 1806 ἔφθη
1682 1750 1888 1793 πανεκτ

1978 834 2159 888 inesse
2202 831 2422 887 Christo
2464 837 2695 883 naturas
2732 823 3036 887 aﬂirmarit,
3064 827 3125 875 ut
3164 817 3557 891 judicaverunt

1979 919 2202 977 concilii
2246 915 2712 973 Chalcedonensis
2751 922 2958 984 patres,
3003 910 3097 980 qui
3138 916 3196 963 et
3239 906 3297 961 in
3339 904 3556 959 duabus

1982 1009 2196 1066 naturis
2221 1024 2347 1065 eum
2386 1007 2692 1061 subsistere
2720 1003 3179 1074 pronuntiarunt.
3211 1018 3230 1051 ι
3272 997 3420 1061 Haec,
3448 994 3557 1049 nisi

1983 1099 2248 1157 sanctitas
2292 1097 2603 1169 argumenti
2661 1096 2729 1166 de
2779 1110 2909 1171 quo
2940 1093 3142 1161 agitur,
3188 1086 3556 1145 reverentiam

1984 1191 2331 1247 auditoribus
2346 1191 2638 1254 incuteret,
2663 1202 2846 1242 nonne
2866 1186 3034 1240 risum
3050 1193 3214 1253 atque
3230 1181 3560 1236 cachinnum

1984 1284 2068 1340 eis
2090 1282 2411 1338 moverent?
2433 1280 2673 1345 Etenim,
2703 1278 2789 1334 sui
2819 1273 3224 1348 quodammodo
3246 1272 3471 1334 oblitus,
3501 1276 3562 1324 ut

1986 1373 2225 1439 aiebam,
2256 1373 2342 1428 vel
2374 1372 2578 1428 mentis
2619 1369 3026 1433 imbecillitate,
3065 1365 3152 1421 vel
3194 1365 3270 1419 ita
3300 1364 3413 1418 Deo
3437 1376 3564 1432 per—

1986 1471 2243 1525 mittente
2293 1474 2425 1539 (quo
2466 1469 2615 1523 enim
2664 1466 2837 1522 verbo
2893 1471 3017 1518 utar
3066 1458 3301 1530 nescio),
3342 1456 3566 1513 sibimet

1989 1561 2098 1631 ipsi
2130 1558 2372 1632 turpiter
2404 1558 2756 1615 contradicit.
2803 1557 2977 1611 Porro
3010 1553 3174 1608 nobis
3214 1548 3563 1621 propositum

1989 1667 2103 1707 non
2139 1660 2260 1707 erat
2306 1650 2507 1722 (testor
2555 1648 2761 1717 Deum)
2796 1645 3009 1703 homini
3044 1642 3260 1708 eadem,
3300 1656 3409 1712 qua
3441 1654 3562 1700 nos,

1992 1744 2373 1800 imbecillitate
2406 1742 2641 1813 praedito
2676 1740 3015 1811 exprobrare
3046 1735 3433 1810 ignorantiam,
3463 1746 3575 1787 nec

286 1824 505 1895 κλησεῳ
540 1825 754 1897 συνόδῳ
786 1828 1195 1899 κατακριθῆναι
1218 1865 1236 1892 ,
1293 1826 1433 1881 ἀλλὰ
1478 1826 1685 1897 ψήφοις
1713 1825 1883 1898 βασι-

1988 1836 2162 1906 ipsius
2182 1833 2608 1889 inconstantiam
2631 1832 2902 1888 sermonis
2924 1829 3067 1902 apud
3091 1829 3227 1884 alios
3248 1827 3582 1889 decantare,-

286 1916 472 1977 λικαῖς
522 1917 625 1970 καὶ
672 1917 984 1990 ἱερατικαῑς
1025 1916 1363 1990 ἐκϐληθῆναι
1411 1917 1506 1971 τοῦ
1543 1916 1736 1984 θρόνου
1782 1915 1886 1986 τῆς

299 2006 630 2076 Ἀντιοχέων
652 2049 669 2073 ,
706 2009 1010 2078 ἀναγκαῖον
1065 2012 1424 2081 παραστῆσαι
1477 2008 1580 2080 τὴν
1622 2008 1887 2080 ποιότητα

286 2096 384 2151 τοῦ
418 2099 621 2169 ἀνδρός
640 2115 656 2131 ⁸
711 2101 911 2171 μήπως
949 2104 1016 2156 ἐκ
1044 2102 1145 2173 τῆς
1176 2119 1342 2156 τινων
1373 2102 1504 2173 περὶ
1531 2100 1699 2156 αὑτοῦ
1742 2117 1889 2174 φραγ⁴

286 2188 632 2260 τριαστικῆς
660 2190 725 2245 τὸ
748 2192 869 2246 ὅλον
897 2192 1225 2264 προλήψεων
1250 2193 1493 2263 ἐνδόξου,
1520 2196 1642 2258 ταῖς
1668 2194 1885 2248 ἐκείνου

287 2279 671 2346 διδασκαλίαις
720 2281 1106 2348 ἀϐασανίστως
1158 2285 1210 2338 oi
1258 2283 1595 2357 νηπιώτεροι
1638 2284 1885 2340 κατασύ-

290 2388 505 2443 ροιντο’
548 2372 671 2427 ἐστι
701 2373 815 2446 γὰρ
844 2374 1055 2429 τοιόσδε
1103 2376 1132 2428 ὀ
1164 2375 1304 2446 ἀνὴρ
1337 2377 1434 2430 καὶ
1467 2378 1526 2430 ἑν
1557 2375 1742 2441 ἄλλοις
1773 2376 1887 2441 τοῖς

287 2463 768 2535 ὑποτεταγμένοις
817 2465 986 2522 αὐτοῦ
1045 2469 1450 2539 συγγράμμασι
1504 2468 1887 2540 θεωρούμενος

286 2556 386 2609 καὶ
426 2556 761 2627 σύμφωνος,
801 2556 878 2624 ὡς
905 2558 1121 2626 εἰπεῖν,
1158 2559 1261 2630 τὴν
1290 2559 1656 2631 ἀσυμφωνιαν
1686 2557 1884 2614 ἑαυτοῦ

288 2648 729 2718 γινωσκόμενος.
984 2665 988 2669 ‘

1986 1926 2086 1982 sed
2130 1925 2402 1982 adversus
2448 1926 2570 1996 ejus
2614 1924 2811 1995 dogma
2869 1923 3139 1979 duntaxat
3177 1933 3360 1975 sermo
3404 1914 3566 1970 nobis

1984 2024 2280 2088 susceptus
2316 2024 2422 2071 est.
2455 2015 2556 2071 Cui
2582 2014 2820 2087 dogmati
2846 2029 2973 2070 cum
3007 2013 3053 2069 is
3082 2009 3365 2066 mordicus
3392 2006 3568 2062 haere-

1990 2118 2099 2171 ret,
2121 2123 2361 2178 cumque
2395 2107 2683 2179 sejudicio
2717 2106 3046 2162 universalis
3068 2102 3291 2159 concilii
3314 2100 3569 2155 commit-

1989 2208 2109 2256 tere
2141 2199 2338 2264 nollet,
2373 2207 2540 2270 atque
2582 2206 2879 2270 propterea
2922 2195 3204 2267 regalibus
3243 2190 3482 2247 decretis
3510 2196 3569 2244 ct

1989 2289 2369 2345 ecclesiastica
2404 2291 2682 2346 sententia
2724 2289 2893 2345 fuerit
2939 2287 3010 2344 ab
3052 2287 3182 2343 sede
3226 2282 3569 2341 Antiochena

1989 2379 2239 2452 deiectus
2271 2399 2285 2436 :
2319 2397 2549 2438 necesse
2599 2380 2705 2436 fuit
2745 2390 3002 2438 accurate
3049 2378 3367 2436 describere
3412 2376 3583 2445 inge~

1989 2469 2146 2526 nium
2184 2483 2352 2543 atque
2394 2471 2635 2527 indolem
2666 2472 2899 2543 hujusce
2926 2471 3054 2535 viri,
3085 2487 3154 2525 ne
3185 2468 3325 2523 forte
3356 2466 3570 2535 simpli-

1990 2562 2170 2618 ciores
2188 2562 2445 2618 homines
2466 2562 2588 2633 ejus
2613 2561 2935 2617 celebritate
2983 2569 3040 2616 et
3068 2559 3209 2617 fama
3242 2544 3311 2612 de
3344 2570 3412 2611 eo
3439 2569 3587 2610 con:

1990 2662 2150 2725 cepta
2181 2653 2598 2724 deciperentur,
2642 2654 3076 2723 exciperentque
3104 2650 3255 2705 nulla
3285 2646 3570 2719 praemissa

289 2735 729 2809 disquisitione,
783 2742 1230 2814 qualemcunque
1295 2743 1472 2814 ipsius
1528 2742 1868 2800 doctrinam.
1935 2743 2087 2801 Talis
2144 2746 2295 2802 enim
2332 2745 2420 2800 vir
2460 2745 2563 2805 ille
2592 2745 3033 2817 deprehenditur
3097 2751 3155 2799 et
3193 2743 3250 2797 in
3289 2740 3413 2797 aliis
3448 2756 3595 2812 quan.-

293 2836 700 2907 suhjiciuntur,
750 2839 876 2910 ejus
917 2839 1205 2910 operibus,
1254 2839 1351 2897 ubi
1403 2849 1684 2911 constans,
1716 2849 1779 2895 ut
1808 2840 1883 2896 ita
1920 2839 2122 2905 dicam,
2152 2840 2522 2898 inconstantia
2558 2856 2780 2912 semper
2799 2840 3062 2897 occurrit.
3103 2857 3123 2891 ι

297 2953 563 3023 Σεσήρου
622 2953 697 3008 ἐκ
744 2952 866 3025 τῶν
912 2952 1067 3009 κατὰ
1108 2954 1216 3010 τοῦ
1245 2953 1668 3025 Γραμματικοῦ
1697 2953 1887 3025 λόγου

655 3024 890 3093 τρίτου,
930 3025 1270 3095 κεφαλαίου
1296 3024 1343 3080 θ’
1372 3025 1413 3095 ἦ
1437 3027 1528 3095 ιγ’.

377 3158 398 3192 ι
420 3137 590 3194 Ἀλλὰ
611 3138 797 3206 λέγεις
825 3139 903 3203 ὡς
929 3138 1033 3193 οὐκ
1057 3139 1302 3209 ἀρνεῖται
1327 3141 1359 3194 6
1378 3120 1749 3211 δοκιμώτατος
1772 3139 1893 3194 Κύδ

301 3232 479 3306 ριλλος
518 3231 619 3285 δύο
648 3230 844 3300 φύσεις
876 3228 1170 3301 ὀνομάζειν
1192 3245 1207 3262 ο
1262 3230 1426 3302 ἑτέρα
1451 3231 1562 3302 γὰρ
1593 3233 1625 3302 ἡ
1654 3230 1749 3285 τοῦ
1776 3229 1883 3285 Δό-

1995 2950 2252 3024 Ejusdem
2299 2951 2499 3020 Seueri,
2541 2969 2607 3008 ea:
2647 2952 2738 3008 lib.
2782 2952 2875 3024 Ill,
2903 2960 3089 3024 contra
3121 2949 3567 3020 Grammaticum;

2555 3041 2671 3095 cap.
2708 3024 2763 3091 9,
2792 3022 2876 3078 uel
2916 3023 2999 3079 l5.

2070 3155 2090 3189 ι
2132 3137 2336 3192 Verum
2381 3136 2517 3192 duas
2564 3145 2811 3202 naturas,
2853 3138 3058 3209 inquis,
3102 3138 3251 3195 haud
3289 3139 3568 3195 inﬁciatur

1993 3227 2337 3283 clarissimus
2359 3226 2629 3300 Cyrillus;
2661 3229 3113 3299 quandoquidem
3142 3230 3235 3287 ille
3273 3230 3569 3287 conﬁtetur

300 3305 436 3395 γου,
478 3323 581 3377 καὶ
614 3322 783 3395 ἑτέρα
828 3324 862 3394 ἠ
897 3322 1001 3391 τῆς
1034 3321 1286 3393 ἐμψύχου
1333 3322 1432 3376 καὶ
1463 3318 1616 3377 ἐννου
1651 3322 1852 3393 σαρκός
1874 3337 1887 3350 ·

1992 3316 2154 3370 aliam
2196 3331 2321 3372 esse
2372 3325 2627 3372 naturam
2672 3318 2769 3373 Dei
2820 3318 3007 3384 Verbi,
3057 3328 3115 3375 et
3161 3320 3324 3395 aliam
3364 3319 3566 3384 carnis,

304 3417 572 3487 σύμφημι
599 3415 781 3484 κάγὼ,
806 3418 901 3469 καὶ
923 3417 1002 3479 ὡς
1029 3417 1078 3470 οἱ
1105 3418 1162 3471 ὲν
1182 3416 1492 3488 Χαλκηδόνι
1519 3415 1890 3481 συνελθόντες,

300 3509 337 3565 ἃ
365 3510 467 3579 μὲν
494 3507 864 3577 συνομολογεϊ
889 3508 985 3561 καὶ
1009 3508 1304 3579 Νεστόριος
1323 3511 1458 3580 ἡμῖν
1483 3510 1548 3564 ὲκ
1568 3508 1676 3562 τῶν
1698 3507 1896 3581 Κυρῐλ-

302 3602 395 3656 λου
447 3599 652 3670 φωνῶν
701 3598 1135 3669 παρατίθενται,
1183 3601 1388 3673 δηλαδὴ
1428 3602 1492 3655 τὸ
1527 3599 1723 3670 φύσεις
1751 3597 1893 3655 εἶναι

301 3692 396 3746 δύο
417 3730 435 3751 .
490 3689 593 3744 καὶ
637 3689 937 3762 διαφόρους
979 3689 1081 3760 τὴν
1108 3689 1299 3746 οὐσίαν
1330 3690 1564 3764 θεότητά
1587 3708 1648 3746 τε
1676 3690 1774 3746 καὶ⁹
1795 3691 1894 3747 άν-

302 3781 660 3854 θρωπότητα.
688 3798 710 3834 ι

310 3982 421 4041 τοῦ
469 3984 664 4039 αὐτοῦ
721 3983 794 4038 ἐκ
844 3982 969 4039 τῶν
1017 3981 1169 4039 κατὰ
1212 3983 1320 4038 τοῦ
1363 3984 1554 4040 αὐτοῦ
1605 3983 1896 4041 Ἰωάννου

374 4053 812 4126 Γραμματικοῦ
877 4054 983 4110 τοῦ
1038 4053 1402 4124 Καισαρέως,
1435 4056 1625 4125 λόγου
1660 4053 1712 4126 τ’
1726 4094 1743 4123 ,
1793 4072 1898 4112 κε·-

372 4122 648 4194 ςσαλαίου
680 4122 811 4202 ιζ’,ξ

379 4254 402 4289 ι
432 4234 551 4308 Τὴν
577 4234 851 4306 διαφορὰν
877 4233 1190 4305 δεξάμενοι,
1208 4233 1305 4289 δύο
1327 4234 1428 4299 τὰς
1453 4234 1646 4305 φύσεις
1666 4236 1726 4292 ιν
1744 4236 1898 4310 αὐτῷ

307 4325 564 4398 νοοῦμεν,
598 4327 702 4397 τὴν
729 4326 830 4398 μὲν
857 4326 1106 4398 κτιστὴν,
1141 4326 1244 4400 τὴν
1267 4326 1329 4381 δὲ
1359 4326 1641 4384 ἄκτιστον.
1670 4346 1691 4382 ι

706 4524 818 4580 Τοῦ
840 4524 1052 4591 αὑτοῦ,
1086 4526 1421 4595 κεφαλαίου
1446 4523 1514 4581 θ’.

1994 3408 2176 3464 anima
2205 3417 2263 3463 et
2295 3409 2511 3465 ratione
2547 3409 2813 3480 praedite.
2848 3410 3047 3467 Fateor
3073 3411 3129 3466 id
3163 3412 3341 3482 ipsum
3367 3420 3424 3468 et
3444 3427 3569 3484 ego,

1994 3502 2460 3571 quemadmodum
2515 3516 2622 3557 nec
2673 3501 2810 3557 illud
2866 3519 3042 3573 nego,
3102 3504 3320 3559 concilii
3371 3519 3571 3575 nempe

1990 3591 2456 3648 Chalcedonensis
2471 3593 2681 3657 Patres,
2699 3593 2811 3649 divi
2832 3593 3020 3665 Cyrilli
3041 3596 3228 3651 verbis
3250 3596 3572 3652 inlucrendo

1992 3681 2379 3754 pronuntiasse
2401 3680 2572 3754 (quod
2598 3681 2890 3737 nobiscum
2923 3682 3127 3739 fatetur
3156 3693 3212 3738 et
3232 3683 3568 3752 Nestorius),

1995 3774 2133 3829 duas
2157 3773 2215 3829 in
2237 3773 2461 3830 Christo
2489 3782 2741 3839 naturas,
2775 3775 2846 3830 ah
2877 3790 2936 3831 se
2985 3776 3246 3843 invicem,
3279 3775 3574 3833 divinitate

1994 3871 2053 3920 et
2081 3863 2447 3931 humanitate,
2482 3865 2645 3936 plane
2670 3865 2936 3922 diversas.
2984 3885 3003 3919 ι

1995 3986 2273 4060 Ejusdem,
2298 4002 2363 4043 ea:
2391 3985 2482 4042 lib.
2511 3985 2600 4060 I_II
2623 3995 2810 4060 contra
2850 3988 3098 4042 eumdem
3114 3988 3208 4060 ilo.
3241 3987 3570 4046 Grammati~

2360 4074 2480 4113 cum
2511 4056 2910 4123 Cwsariensem,
2943 4074 3064 4129 cap.
3104 4059 3193 4114 17.

2073 4250 2092 4286 ι
2133 4233 2281 4288 Duas
2314 4229 2371 4287 in
2394 4229 2517 4302 ipso
2533 4239 2760 4288 naturas
2787 4231 3174 4304 intelligimus,
3208 4250 3374 4292 unam
3409 4252 3570 4295 crea-

1996 4333 2130 4391 tam,
2161 4322 2393 4379 alteram
2416 4324 2738 4388 increatam,
2775 4322 2925 4380 inter
2945 4339 3084 4396 quas
3110 4339 3369 4399 magnum
3395 4325 3575 4384 inter-

1995 4430 2119 4473 esse
2140 4413 2442 4471 discrimen
2468 4412 2815 4470 conﬁtemur.
2850 4434 2872 4468 ι

2516 4522 2794 4595 Ejusdem,
2821 4541 2943 4597 cap.
2972 4526 3043 4581 9..

390 4662 410 4696 ι
443 4642 522 4695 T6
551 4640 652 4696 δύο
680 4641 876 4710 φύσεις
901 4639 1113 4709 λέγειν,
1149 4642 1332 4697 εῐτουν
1359 4642 1677 4710 ὀνομάζειν,
1716 4643 1898 4698 κοινὸν
1931 4658 1974 4714 ι)
2079 4649 2101 4685 ε
2144 4633 2292 4689 Duas
2319 4631 2389 4687 de
2413 4630 2636 4687 (Ἃπίείο
2663 4642 2891 4691 naturas
2920 4635 3247 4706 ρνωᾱὶοετε,
3273 4641 3577 4695 οοωηιυηεί

309 4737 448 4806 ημῖν
499 4735 601 4786 καὶ⁵
646 4732 931 4805 Νεστορὶῳ
988 4732 1154 4804 μέχρι
1202 4732 1298 4787 τοῦ
1338 4732 1632 4801 γινώσκειν
1657 4730 1758 4806 τὴν
1782 4732 1899 4788 δια-

310 4827 487 4897 φορὰν
514 4824 611 4879 τοῦ
638 4824 779 4878 Θεοῦ
803 4826 981 4894 Λόγου
1012 4827 1111 4879 καὶ
1135 4826 1239 4897 τῆς
1262 4826 1486 4896 σαρκός.
1518 4846 1540 4879 ι

319 4940 437 4994 Τοῦ
470 4936 666 5012 αὐτοῦ
691 4937 777 5012 ’ἐκ
806 4935 919 5012 τῆς
951 4938 1103 5005 πρὸς
1130 4937 1378 5012 Σόλωνα
1403 4938 1738 5007 ἐπιστολῆς
1756 4980 1773 5006 ,
1825 4934 1902 5012 ἧς

488 5008 528 5074 ἡ
558 5007 742 5075 ἁρχὴ,
762 5024 783 5059 ι
806 5003 1034 5063 Ἦλθεν⁵
1060 5012 1148 5075 εις
1171 5008 1327 5078 ἐμὴν
1340 5003 1744 5078 μετριότητά-ι

380 5139 404 5175 ε
443 5121 530 5176 τὰ
569 5119 630 5187 ἐξ
662 5113 741 5173 ὧν
776 5122 807 5174 ὀ
842 5120 1199 5192 Ἐμμανουὴλ
1234 5123 1569 5191 ὑφεστήκει,
1621 5123 1718 5176 καὶ
1758 5122 1895 5190 μετὰ

1997 4723 2160 4780 nobis
2188 4731 2274 4779 est
2299 4739 2425 4779 cum
2452 4723 2736 4792 Nestorio;
2778 4726 3246 4796 quemadmodum
3275 4739 3334 4785 et
3362 4727 3566 4786 discri-

1996 4831 2123 4871 men
2144 4814 2293 4871 inter
2317 4823 2607 4885 utramque
2630 4815 2901 4872 conﬁteri.
2934 4836 2957 4871 ι

1994 4926 2269 5004 Ejusdem,
2316 4926 2775 5004 ex_epistota_ad‘
2802 4929 3062 5004 Solonem
3110 4935 3263 5004 cujus
3302 4935 3565 4993 initium:

2140 5017 2158 5050 ι
2200 4998 2439 5054 Pervenit
2458 4998 2529 5052 ad
2555 4999 2965 5055 moderationem
2991 4998 3229 5059 nostrain
3257 5005 3356 5075 (4).
3399 5024 3418 5056 ι

2072 5131 2091 5164 ι
2119 5111 2195 5168 Ea
2220 5128 2288 5167 cx
2310 5112 2514 5182 quibus
2540 5112 2865 5170 Emmanuel
2896 5116 3151 5173 subsistit
3177 5127 3302 5189 post
3330 5121 3567 5190 conjun-

305 5215 408 5285 τὴν
439 5216 645 5268 ἕνωσιν
673 5214 734 5266 ού
763 5214 1088 5283 τέτραπται,
1116 5217 1391 5285 ὑφέστηκε
1416 5214 1473 5269 δὲ
1504 5220 1561 5269 ὲν
1588 5219 1653 5287 τῇ
1680 5217 1887 5279 ὲνώσει,

1988 5205 2248 5270 ctionem,
2280 5205 2413 5275 quin
2438 5221 2608 5260 unum
2646 5207 2699 5262 in
2731 5209 2878 5263 aliud
2897 5221 3272 5277 convertatur,
3303 5214 3565 5270 substite-

306 5308 401 5358 καὶ
431 5307 494 5356 ἐν
525 5306 626 5375 μιᾷ
651 5303 959 5357 ὑποστάσει
987 5304 1361 5377 θεωρούμενα,
1387 5307 1481 5359 καὶ
1504 5307 1603 5359 οὐκ
1626 5308 1684 5357 ὲν
1708 5306 1898 5373 μονάδι

1988 5306 2119 5352 runt
2159 5308 2213 5352 et
2258 5296 2312 5349 in
2360 5296 2479 5368 ipsa
2524 5301 2764 5354 naturali
2815 5303 3227 5373 conjunctione,
3269 5321 3390 5374 quas
3428 5321 3562 5362 sane

307 5396 428 5449 κατ’
460 5394 603 5447 ἰδεαν
638 5393 943 5447 ὑπόστασιν
964 5435 981 5459 ,
1038 5394 1272 5449 ἕκαστον
1310 5395 1621 5459 ἱδιοστάτως
1654 5395 1887 5468 θεωρού-

1990 5390 2322 5445 considerari
2371 5388 2578 5447 debent
2624 5393 2678 5446 in
2731 5410 2837 5448 una
2883 5397 3190 5467 eademque
3245 5399 3557 5469 hypastasi,

309 5503 497 5557 μενον.
536 5504 556 5538 ι

377 5754 457 5823 (ι)
503 5752 696 5810 Severi
722 5751 968 5825 Epistola
1007 5750 1073 5808 ad
1099 5748 1356 5807 Solonem
1388 5758 1581 5807 contra
1613 5748 1891 5821 Euchytas

1987 5495 2168 5548 neque
2197 5495 2294 5550 per
2308 5495 2365 5535 se
2388 5484 2824 5554 unumquodque
2845 5488 3148 5544 subsistere
3171 5489 3436 5561 peculiari
3459 5503 3561 5546 sua

1989 5568 2340 5647 subsistemia
2370 5573 2575 5628 fretum
2604 5566 2952 5646 intelligitur.
2983 5598 3001 5631 ι

2070 5753 2295 5802 oratura
2317 5748 2587 5818 Fabricio,
2628 5750 2763 5808 Bibi.
2794 5751 2960 5811 Cra’r.
2992 5763 3122 5812 tom.
3152 5755 3241 5822 lx,
3271 5771 3324 5828 p.
3358 5755 3476 5812 318.
