4034 6446
445 342 578 406 1847

1614 366 1621 373 ’
1733 348 2046 411 LEONTII
2084 349 2494 412 BYZANTlNI

3565 353 3710 418 1848

438 458 722 530 Ejusdem,
761 476 824 514 ea:
862 460 953 516 lib.
996 460 1052 515 Η
1090 478 1210 532 cap.
1256 462 1306 528 l,
1344 462 1542 517 Contra
1573 461 2016 519 Grammaticum.

2146 463 2237 517 Γοῦ
2258 463 2447 519 αὑτοῦ
2469 463 2538 519 ἐκ
2559 462 2679 518 τῶν
2697 462 2850 534 πρὸς
2871 464 2980 520 τόν
2996 467 3447 539 -Γραμματικὸν,
3464 471 3599 539 λότ.
3612 474 3675 536 ,ϐ’
3682 513 3702 537 ,

517 630 535 662 ι
583 612 932 669 Manentibus
965 615 1196 686 integris
1223 624 1280 671 et
1303 616 1606 673 immutatis
1633 618 1703 673 iis
1721 633 1788 673 ex
1814 618 2019 689 quibus

440 704 758 774 conjunctio
784 706 927 760 facta
951 716 1055 773 est,
1100 724 1223 779 quas
1250 710 1475 779 quidem
1520 711 1575 766 in
1616 712 2019 782 compositione

440 795 772 862 subsistunt,
804 815 916 855 non
959 808 1143 856 tamen
1187 801 1244 856 in
1288 801 1602 858 unitatibus
1637 804 1862 873 propria
1886 804 2020 859 sub-

439 888 690 944 sistentia
715 892 983 961 praeditis.
1031 913 1049 945 ι

508 980 591 1035 Εη
630 983 847 1051 cogitur
880 983 1039 1039 fateri
1087 986 1355 1057 integrum
1388 987 1694 1042 secundum
1738 988 2021 1059 quantita-

442 1080 572 1138 tem,
609 1082 665 1128 et
702 1075 1036 1130 immutabile
1091 1078 1401 1133 secundum
1438 1080 1751 1135 naturalem
1787 1079 2023 1149 qualita-

441 1173 573 1218 tem.
608 1165 675 1219 Et
713 1179 840 1231 post
878 1168 1131 1237 quaedam
1169 1170 1316 1225 alia:
1354 1190 1373 1223 ‹
1409 1172 1486 1227 Ea
1523 1188 1593 1227 ex
1632 1172 1837 1242 quibus
1865 1171 2026 1227 Chri-

438 1265 558 1312 stus
587 1261 962 1329 componitur,
1005 1262 1060 1316 in
1093 1263 1502 1333 compositione
1542 1264 1663 1334 ipsa
1703 1272 2025 1318 manserunt

440 1348 656 1419 integra
685 1360 742 1404 et
773 1351 1042 1419 perfecta.
1085 1372 1103 1404 ι

440 1455 622 1512 Severi
676 1476 741 1513 ex
788 1461 1027 1531 ejusdem
1068 1464 1293 1533 epistola
1327 1464 1388 1536 II
1428 1465 1498 1518 ad
1547 1462 1788 1536 Sergium
1827 1464 2025 1521 Gram-

1040 1536 1292 1589 maticum
1325 1534 1423 1606 (5).

520 1637 538 1669 ι
584 1620 754 1677 Valde
792 1623 967 1678 miror
1009 1631 1061 1679 te
1094 1625 1556 1695 compositionem
1596 1639 1796 1680 vocare
1840 1624 2025 1680 carnis

2787 552 2919 604 76850.
2957 535 3028 589 ἄ.

2199 644 2218 676 ‹
2264 624 2377 678 Καὶ
2423 624 2535 678 τῶν
2584 621 2644 689 ἐξ
2684 618 2760 679 ὧν
2806 626 2840 694 ἡ
2872 623 3070 688 ἒνωσις
3110 623 3383 694 μενόντων
3413 627 3708 697 ἀμιώτων

2123 715 2218 767 καὶ
2269 714 2677 778 ὰναλλοιὼτων,
2730 716 2789 768 ὲν
2831 714 3082 768 συνθέσει
3118 715 3176 768 δὲ
3218 716 3570 783 ὑφεστώτων,
3607 719 3707 773 καὶ

2124 808 2224 860 οὐκ
2254 808 2311 859 ἐν
2339 806 2563 875 μονάσιν
2596 805 3043 868 ίδιοσυστάτοις,ι
3084 806 3219 859 Ἰδοὺ
3250 808 3314 860 τό
3338 826 3405 862 τε
3429 810 3705 880 ἀμείωτον

2126 894 2268 948 κατὰ
2295 894 2489 959 ποσὸν,
2526 895 2623 947 καὶ
2655 892 3015 947 ἀναλλοίωτον
3046 894 3189 947 κατά
3216 895 3371 949 ποιὸν
3394 896 3575 964 λέγειν
3601 913 3708 966 (pu-
3756 938 3763 943 .

2126 985 2278 1037 σικὸν
2328 984 2670 1039 συνωθεῖται.
2734 984 2843 1038 Καὶ
2886 984 3039 1053 μετὰ
3085 1001 3259 1038 τινα*
3323 1004 3344 1038 ‹
3389 988 3501 1040 Καὶ
3529 988 3605 1050 ὡς
3633 985 3709 1040 τὰ

2125 1076 2185 1141 ἐξ
2226 1067 2303 1128 ὧν
2348 1068 2431 1137 εἷς
2470 1074 2499 1126 ό
2543 1073 2779 1144 Χριστὸς
2819 1074 2880 1127 ὲν
2919 1076 2987 1145 τῇ
3029 1074 3300 1143 συνθέσει,
3336 1077 3579 1143 τελείως
3608 1074 3707 1130 καὶ

2125 1166 2419 1235 ἁμειὼτως
2446 1165 2772 1236 ὑφέστηκεν.
2804 1184 2825 1218 ι

2130 1470 2245 1525 Τοῦ
2288 1469 2477 1526 αὐτοῦ
2520 1466 2785 1536 Σεὸήρου
2841 1466 2910 1521 ἐκ
2950 1465 3063 1535 τῆς
3106 1466 3260 1535 πρὸς
3301 1465 3551 1535 Σέργιον
3596 1468 3710 1524 τὸν

2355 1537 2780 1607 Γραμματικὸν
2807 1536 3092 1605 δευτέρας
3117 1537 3474 1602 ἐπιστολῆς.

2205 1645 2225 1678 ι
2267 1626 2380 1679 Καὶ
2430 1624 2904 1696 καταπέπληγμαι
2947 1625 3101 1692 λίαν,
3156 1625 3275 1689 πῶς
3320 1626 3415 1679 καὶ
3455 1625 3710 1680 σύνθεσιν

446 1712 907 1780 assumptionem,
944 1712 1038 1783 qui
1072 1714 1203 1769 alibi
1232 1715 1501 1785 praedicas
1532 1731 1697 1771 unam
1722 1716 1778 1770 in
1804 1716 2026 1775 Christo

2146 1717 2421 1788 lvopdCst;
2453 1717 2552 1787 τὴν
2585 1717 2864 1787 σάρκωσιν
2886 1731 2900 1746 δ
2958 1715 3109 1769 ἔστιν
3137 1716 3270 1769 ὅπου
3308 1717 3401 1769 καὶ
3432 1716 3595 1769 πάλιν
3618 1716 3713 1769 λέ-

445 1802 766 1867 essentiam,
800 1811 858 1858 et
890 1804 1236 1874 qualitatem.
1279 1804 1547 1875 Nunquid
1589 1822 1657 1861 ex
1699 1805 2025 1862 confusione

2146 1795 2283 1878 fug,
2336 1809 2468 1879 μιᾶς
2512 1807 2896 1879 γεγενημένης
2942 1806 3203 1871 καθάπαξ
3240 1807 3433 1872 οὐσίας
3478 1807 3510 1879 ἢ
3551 1807 3710 1862 ποιό-

445 1895 613 1965 cmpit
644 1897 986 1966 conjunctio,
1019 1906 1074 1953 et
1111 1898 1169 1953 in
1195 1899 1497 1953 essentiam
1531 1915 1699 1953 unam
1733 1888 1890 1955 versa
1925 1900 2024 1955 (1ο-

446 1986 539 2039 siit
592 1987 776 2044 omnis
826 1989 1201 2059 compositio?
1229 1997 1291 2044 ut
1325 2009 1343 2041 ι
1374 1998 1565 2045 sancta
1595 1991 1870 2055 Trinitas,
1920 1993 2022 2056 ais,

445 2089 667 2136 maneat
713 2082 982 2149 Trinitas,
1022 2099 1165 2139 neve
1214 2099 1680 2152 supervacaneam
1731 2099 2025 2155 personam

445 2178 714 2224 assumat.
739 2189 758 2222 ι
785 2170 854 2224 Et
883 2188 1138 2227 rursum:
1164 2190 1181 2222 ι
1200 2171 1269 2225 Ει
1294 2178 1478 2241 putas,
1507 2170 1604 2236 ait,
1627 2171 1735 2226 hoc
1752 2171 1820 2226 ad
1840 2186 2028 2228 essen-

446 2261 578 2315 tiam
627 2277 791 2316 unam
839 2262 1089 2336 redigere
1118 2272 1344 2318 naturas
1377 2263 1536 2325 duas,
1568 2264 1834 2333 qualitate
1871 2273 2028 2319 natu-

446 2352 572 2419 rali,
625 2351 919 2409 divinitate
962 2355 1178 2410 scilicet
1218 2364 1276 2409 et
1326 2354 1697 2420 humanitate,
1742 2354 1903 2425 plane
1937 2355 2028 2410 di-

444 2462 654 2511 versas,
687 2463 753 2502 ex
789 2448 995 2518 quibus
1024 2447 1255 2518 integris
1295 2456 1460 2516 atque
1490 2446 1770 2502 distinctis
1803 2463 2029 2502 manen-

446 2538 598 2594 tibus
615 2539 756 2594 citra
772 2538 1157 2596 confusionem
1184 2555 1404 2595 omnem
1426 2538 1679 2595 subsistit
1703 2537 1976 2595 Christus.
2001 2558 2020 2593 ι

447 2651 704 2724 Ejusdem
755 2654 1024 2720 haretici,
1082 2669 1149 2724 ea;
1204 2652 1426 2723 epistola
1486 2651 1575 2707 III
1651 2652 1721 2707 ad
1785 2652 2027 2706 eumdem

1114 2723 1379 2795 Sergium.

522 2833 542 2866 ι
589 2812 741 2869 Scito
775 2830 891 2869 rem
942 2829 1054 2870 non
1094 2814 1170 2869 ita
1209 2828 1269 2868 se
1307 2813 1536 2878 habere,
1596 2828 1720 2869 cum
1758 2827 1861 2883 ego
1910 2812 2029 2883 pla-

449 2922 577 2960 num
611 2905 865 2971 fecerim,
894 2904 1436 2975 auctoritatibusque
1466 2904 1609 2959 bene
1638 2903 1830 2958 multis
1848 2911 2032 2958 osten-

447 2997 624 3052 derim
656 2998 763 3053 dici
791 3013 905 3053 non
949 3006 1214 3068 oportere
1250 2996 1667 3052 Emmanuelem
1707 3010 1831 3051 esse
1865 2994 2051 3050 unius

448 3096 506 3143 et
544 3088 796 3158 ejusdem
827 3088 1105 3155 essentiae,
1146 3097 1204 3144 et
1242 3089 1544 3159 qualitatis,
1581 3088 1749 3159 atque
1778 3086 2033 3158 proprie-

450 3178 634 3233 tatis.»
664 3177 734 3232 Et
752 3194 972 3249 rursus:
1004 3178 1213 3235 «Nemo
1226 3195 1360 3236 sana
1389 3188 1575 3236 mente
1605 3179 1870 3249 praeditus
1886 3176 2035 3232 dicet

452 3279 708 3326 naturam
745 3272 843 3326 Dei
869 3271 1059 3338 Verbi,
1103 3271 1464 3343 ejusdemque
1495 3287 1717 3329 carnem
1758 3271 1942 3325 anima
1979 3276 2036 3323 et

454 3362 671 3417 ratione
698 3361 1007 3431 praeditam,
1031 3362 1087 3417 in
1123 3378 1231 3418 una
1255 3361 1611 3418 subsistentia
1642 3360 1747 3431 ipsi
1806 3360 2038 3428 conjun-

452 3461 599 3507 ctam
634 3467 756 3508 esse
788 3452 956 3508 unius
984 3453 1262 3515 essentize.
1294 3462 1352 3508 et
1375 3452 1623 3525 ejusdem
1657 3448 1964 3521 qualitatis.
2011 3466 2030 3500 ι

730 3565 1006 3638 Ejusdem,
1045 3583 1109 3622 ex
1138 3565 1362 3638 epistola
1391 3564 1461 3619 ad
1497 3562 1763 3618 eumdem.

536 3702 555 3734 ι
601 3682 647 3739 Α
682 3681 890 3738 Christi
938 3681 1183 3738 ﬁdelium
1227 3680 1629 3737 communitate
1670 3676 2039 3748 segregandos

456 3773 773 3846 iudicamus
800 3789 917 3840 eos,
954 3774 1050 3845 qui
1081 3780 1207 3844 post
1246 3778 1586 3841 assumptam
1621 3783 1845 3824 carnem
1877 3766 2040 3823 Chri-

462 3875 610 3921 stum
638 3864 896 3921 dividunt
915 3865 972 3920 in
988 3874 1216 3921 naturas
1231 3862 1406 3926 duas;
1439 3860 1588 3932 quod
1614 3875 1747 3917 sane
1770 3858 2043 3931 supplicio

461 3960 659 4032 dignos
676 3974 773 4015 eos
801 3974 1112 4023 censemus,
1135 3972 1244 4013 non
1270 3954 1419 4026 quod
1454 3954 1644 4024 plures
1671 3962 1920 4019 naturas,
1950 3960 2047 4008 aut

462 4051 856 4122 proprietates,
882 4057 978 4105 aut
1003 4047 1364 4120 operationes
1384 4044 1595 4111 dicant,
1615 4044 1715 4100 sed
1749 4043 1878 4115 quia
1907 4042 2048 4097 duas

461 4158 584 4200 esse
613 4134 930 4215 praedicant.
970 4161 989 4194 ι

537 4238 609 4295 At
634 4239 680 4292 si
713 4248 961 4301 naturas,
981 4250 1153 4291 unam
1178 4245 1363 4296 nemo,
1385 4245 1456 4285 ne
1483 4229 1795 4284 litterarum
1822 4226 2049 4297 quidem

469 4344 667 4399 expers
689 4327 925 4393 dixerit;
947 4341 1045 4382 eos
1067 4339 1201 4380 vero
1216 4322 1314 4393 qui
1336 4319 1475 4376 duas
1493 4324 1771 4384 asserunt,
1791 4331 1822 4372 a
1842 4315 2047 4372 Christi

2128 1916 2290 1967 τητος
2310 1914 2324 1928 ·
2371 1898 2479 1968 ἄρα
2509 1899 2620 1968 γὰρ
2649 1898 2830 1969 ἧρχθη
2857 1898 2958 1968 μὲν
2988 1900 3021 1968 ἠ
3050 1898 3244 1961 ἓνωσις
3276 1899 3340 1951 ὲκ
3367 1897 3710 1968 συγχύσεως,

2130 1992 2225 2046 καὶ
2275 1991 2554 2045 πέπαυται
2594 1990 2652 2045 δὲ
2702 1993 2738 2059 ἡ
2784 1990 3068 2055 σύνθεσις,
3120 1989 3216 2043 καὶ
3249 1992 3331 2053 εἰς
3365 1990 3494 2060 μίαν
3519 1990 3715 2043 οὐσίαν

2132 2079 2536 2154 μετεχώρησεν,
2577 2082 2683 2147 ἵνα,
2705 2082 2783 2146 ὡς
2807 2081 3010 2151 λέγεις,
3039 2083 3073 2152 ἡ
3102 2082 3235 2149 ἁγία
3259 2080 3430 2151 Τριὰς
3456 2080 3708 2152 φυλαχθῇ

2129 2172 2300 2239 Τριὰς
2324 2211 2340 2237 ,
2392 2174 2490 2227 καὶ
2526 2173 2602 2244 μὴ
2636 2173 2893 2242 περιττὸν
2924 2173 3221 2243 πρόσωπον
3253 2171 3644 2242 παραδέξεται.
3683 2190 3707 2224 ο

2128 2264 2241 2319 Καὶ
2277 2264 2498 2321 πάλιν
2522 2284 2542 2318 ι
2568 2263 2781 2334 Καὶςείη
2812 2261 2972 2316 τοῦτο
3003 2262 3141 2334 πρὸς
3169 2261 3299 2332 μίαν
3322 2263 3510 2316 οὐσίαν
3532 2263 3714 2330 ἄγειν,

2129 2359 2199 2413 τὰ
2229 2361 2295 2429 τῇ
2328 2359 2533 2429 φυσικῇ
2565 2357 2814 2427 ποιότητι
2843 2354 3198 2425 διαφέροντα,
3234 2353 3466 2424 θεότητα
3495 2354 3589 2408 καὶ
3613 2355 3716 2407 ἀν-

2130 2449 2495 2522 θρωπότητα,
2532 2449 2594 2514 ἐξ
2620 2440 2695 2504 ὧν
2725 2447 3051 2520 ἀσυγχύτως
3086 2446 3183 2501 καὶ
3214 2445 3503 2516 ἅμειόηως
3533 2445 3717 2517 ὑπάρ-

2130 2560 2214 2613 χει
2240 2542 2496 2614 Χριστός.
2525 2561 2544 2595 ο

2136 2658 2246 2714 Τοῦ
2275 2657 2463 2714 αὐτοῦ
2491 2655 2789 2727 αἱρετικοῦ
2819 2656 2887 2710 ἐκ
2910 2656 3023 2727 τῆς
3049 2655 3338 2727 πρὸςῌτύν
3362 2652 3550 2709 αὐτὸν
3572 2654 3718 2721 Σέρο

2547 2723 2684 2798 γιον
2710 2729 2917 2796 τρίτης
2941 2723 3293 2792 ἐπιστολῆς.

2209 2840 2228 2875 ι
2255 2820 2395 2875 Ἵσθι
2431 2818 2524 2873 οῦν
2577 2817 2653 2890 μὴ
2694 2816 2867 2880 οὕτως
2906 2816 3051 2886 ἔχειν
3081 2814 3143 2868 τὸ
3170 2813 3389 2883 ἀληθὲς,
3418 2813 3515 2869 καὶ
3544 2829 3716 2886 προσ-

2132 2907 2523 2980 αποφήσαντός
2583 2923 2686 2976 μου
2763 2906 2885 2982 καὶ,
2921 2903 3011 2958 διὰ
3074 2902 3342 2963 πλειόνων
3397 2902 3719 2974 μαρτυριῶν

2132 2998 2551 3063 ἀποδείξαντος,
2613 2997 2690 3060 ὡς
2742 2996 2803 3050 οὐ
2847 2995 2957 3066 χρὴ
3001 2994 3186 3063 λέγειν
3232 2993 3324 3049 τὸν
3366 2993 3723 3064 Ἐμμανουήλ

2138 3091 2270 3161 μιᾶς
2296 3088 2488 3151 οὐσίας
2516 3104 2578 3141 τε
2623 3086 2719 3140 καὶ
2754 3085 3047 3156 ποιότητος
3076 3084 3174 3138 καὶ
3202 3083 3321 3146 ἐνὸς
3353 3081 3664 3153 ίδιώ⁶ματος.
3694 3101 3715 3135 ι

2140 3181 2252 3236 Καὶ
2284 3179 2507 3234 πάλιν·
2575 3196 2594 3230 ι
2638 3177 2753 3231 Οὐκ
2787 3176 2852 3231 ἄν
2881 3193 2965 3240 τις
2999 3174 3123 3229 νοῦν
3153 3174 3294 3244 ἔχων
3323 3174 3469 3226 εἴποι
3499 3173 3599 3241 τὴν
3626 3172 3724 3226 τοῦ

2140 3273 2278 3327 Θεοῦ
2324 3273 2541 3341 Λόγου,
2597 3270 2694 3324 καὶ
2740 3270 2840 3341 τὴν
2879 3267 3124 3340 ἔμψυχον
3173 3266 3268 3320 καὶ
3306 3265 3488 3320 ἔννουν
3518 3265 3722 3336 σάρκα,

2141 3365 2241 3434 τὴν
2289 3362 2587 3417 ἐνωθεῖσαν
2635 3359 2787 3431 αὐτῷ
2833 3359 2956 3414 καθ’
3005 3358 3340 3434 ὑπόστασιν,
3376 3354 3727 3426 ⁸γεγενῆσθαι

2146 3431 2277 3525 μιᾶς
2305 3454 2497 3517 οὐσίας
2526 3453 2623 3507 καὶ⁵
2650 3450 2962 3523 ποιότητος.
2990 3469 3008 3503 ι
3191 3431 3205 3440 ’

2206 3564 2317 3619 Τοῦ
2340 3563 2527 3618 αὑτοῦ
2556 3562 2625 3616 ἐκ
2650 3561 2763 3631 τῆς
2791 3560 2943 3630 πρὸς
2968 3560 3077 3614 τὸν
3099 3560 3289 3614 αὑτὸν
3312 3556 3673 3625 ἐπιστολῆς.

2224 3694 2244 3727 ι
2287 3672 2808 3746 ’Δναθεματίζοντες
2847 3672 3033 3726 τοίνυν
3078 3671 3208 3735 τοὺς
3248 3669 3596 3741 διαιροῦντας
3637 3668 3733 3723 τὸν

2148 3771 2245 3825 ἕνα
2271 3769 2511 3842 Χριστὸν
2548 3768 2691 3840 μετὰ
2715 3768 2815 3838 τὴν
2840 3767 3038 3820 ἕνωσιν
3067 3769 3135 3837 τῇ
3162 3766 3318 3820 δυάδι
3347 3764 3458 3820 τῶν
3489 3763 3731 3833 φύσεων,

2149 3864 2213 3916 οὐ
2243 3862 2312 3916 δι’
2334 3861 2467 3916 αὐτὸ
2497 3861 2558 3915 τὸ
2587 3860 2768 3929 λέγειν
2794 3858 2986 3928 φύσεις
3017 3858 3050 3930 ἢ
3087 3858 3359 3928 ἰδιότητας
3387 3857 3421 3928 ἢ
3449 3854 3735 3926 ἐνεργείας

2152 3951 2767 4023 ὑπαναθεματισθέντες
2803 3948 2967 4004 τοῦτό
3001 3964 3181 4018 φαμεν
3202 3988 3218 4013 ,
3271 3947 3410 4001 ἀλλὰ
3444 3945 3536 4000 διὰ
3558 3946 3619 3998 τὺ
3641 3943 3736 3997 λέ-

2152 4065 2271 4114 γειν
2295 4045 2443 4100 δύο.»
2463 4042 2605 4098 Ἀλλ’
2627 4044 2677 4097 ει
2693 4043 2842 4113 μίαν
2862 4037 3006 4096 εἶναι
3030 4039 3130 4105 τὰς
3155 4040 3372 4109 φύσεις
3395 4037 3504 4092 οὐδ’
3521 4036 3739 4107 ἀγράμ-

2157 4140 2328 4212 ματός
2373 4150 2460 4200 τις
2492 4137 2648 4207 ὲρεῖ,
2698 4135 2793 4188 δύο
2819 4133 2878 4187 δὲ
2929 4132 3060 4195 τοὺς
3100 4131 3362 4199 λέγοντας
3398 4128 3569 4192 αὑτὰς
3598 4123 3738 4181 εἶναι

2155 4232 2602 4308 ἀναθεματίζεις,
2635 4231 2670 4302 ἢ
2698 4232 2850 4301 τρεῖς
2882 4228 2918 4299 ἢ
2948 4229 3228 4299 τέσσαρας
3256 4225 3291 4295 ἢ
3317 4225 3450 4279 δέκα
3478 4223 3512 4292 ἦ
3541 4223 3741 4277 ἑκατὸν

2158 4327 2298 4384 εἶναι
2346 4325 2519 4389 αὐτας
2568 4322 2630 4389 ἐξ
2669 4323 2916 4391 ἀνάγκης
2946 4319 3337 4391 ὁμολογήσεις·
3395 4316 3597 4388 πλῆθος
3626 4314 3741 4386 γὰρ

474 4420 721 4476 fidelium
765 4419 1033 4476 societate
1081 4412 1454 4486 segregandos
1500 4408 1720 4482 judicas
1766 4427 1779 4462 :
1826 4407 2042 4464 fatearis

2159 4422 2313 4478 οὐδὲν
2340 4417 2743 4509 ἀναρίθμητον,
2774 4415 2823 4467 εἰ
2852 4412 2929 4485 μὴ
2956 4410 3019 4465 τὸ
3044 4411 3293 4482 ἄπειρον.

473 4522 693 4581 oportet
725 4529 819 4569 eas
843 4527 966 4568 esse
1010 4508 1098 4565 vel
1130 4516 1266 4571 tres,
1293 4504 1378 4560 vel
1418 4510 1681 4574 quatuor,
1715 4501 1802 4556 vel
1836 4501 2054 4566 decem,
2081 4487 2135 4547 D

454 4608 565 4680 ‘vel
596 4616 837 4664 centum.

477 4720 719 4789 Severus,
751 4738 814 4776 ea:
839 4720 926 4776 lib.
958 4726 1145 4789 contra
1180 4715 1341 4771 Joan.
1366 4713 1785 4789 (grammaticum
1808 4711 2064 4770 Cwsarew

1058 4788 1359 4859 episcopum
1381 4782 1478 4855 (6).

563 4968 581 5000 ι
625 4948 910 5016 Quamvis,
952 4946 1049 5011 ait,
1086 4958 1212 5000 cum
1257 4942 1350 4996 alii
1393 4939 1658 4996 Ecclesiae
1697 4940 1912 5002 Patres,
1940 4947 2059 4993 tum

481 5040 647 5095 etiam
669 5038 909 5110 Cyrillus
935 5037 1072 5107 ipse,
1104 5034 1365 5098 dixerint,
1383 5032 1661 5088 Christum
1687 5041 1814 5101 post
1841 5040 2064 5085 natura-

482 5131 590 5187 lem
634 5130 1085 5203 conjunctionem
1134 5126 1191 5181 in
1236 5125 1454 5181 duabus
1506 5123 1786 5180 distinctis
1847 5122 2067 5178 naturis

486 5224 795 5279 subsistere
828 5240 845 5290 ;
891 5236 1018 5279 cum
1058 5218 1468 5291 posterioribus
1503 5226 1686 5274 tamen
1724 5216 2070 5288 temporibus

484 5315 720 5370 verbum
761 5314 871 5369 hoc
896 5313 1183 5383 explosum
1224 5311 1422 5375 fuerit,
1449 5309 1917 5382 quemadmodum
1956 5308 2072 5364 dis-

488 5410 816 5466 tinctionem
875 5406 1258 5463 asserentibus
1311 5414 1368 5461 et
1410 5390 1547 5460 illud
1584 5404 1771 5460 dicere
1809 5402 2068 5470 vetitum,

491 5499 778 5559 Christum
811 5498 1052 5553 humana
1095 5512 1261 5552 carne
1290 5511 1533 5566 passum,
1566 5494 1715 5564 quod
1760 5493 1831 5548 ab
1875 5492 2070 5548 ortho-

564 5680 642 5749 (l‘i)
697 5678 932 5748 Scripsit
987 5675 1227 5749 Severus
1274 5672 1341 5728 ad
1398 5670 1650 5749 Sergium
1705 5669 1897 5725 saltem
1952 5677 2067 5723 tres

493 5743 773 5821 epistolas,
825 5743 896 5821 'ut_
936 5763 1001 5802 ex
1039 5747 1231 5802 codice
1267 5753 1457 5821 nostro
1485 5743 1680 5821 liquet,
1713 5755 2063 5821 exh-quarum

496 5811 604 5877 una
660 5827 836 5876 exstat
877 5818 1243 5890 fragmentum
1301 5814 1357 5868 in
1407 5812 1556 5867 Actis
1609 5811 1831 5868 concilii
1882 5811 2064 5865 Later.

2168 4709 2278 4767 Τοῦ
2319 4704 2508 4763 αὑτοῦ
2547 4702 2811 4772 Σεὸήρου
2835 4700 2932 4772 ίέκ
2974 4697 3109 4772 τῆςΔ
3137 4694 3308 4772 κατα-
3326 4692 3433 4747 τοῦ
3464 4692 3749 4772 Γραμμα-

2231 4759 2715 4833 adsuetam;
2751 4771 2860 4826 τοῦ
2888 4759 3232 4824 ἐπισκόπου
3257 4762 3616 4830 Καισαρείας
3644 4759 3747 4824 ,βί-

2233 4852 2489 4994 ﬁgam
2515 4936 2578 4991 τὸ
2603 4936 2789 5004 λέγειν
2819 4934 2877 4986 ὲν
2901 4930 2996 4984 δύο
3021 4927 3250 4999 φύσεσιν
3278 4919 3611 4993 ἀδιαιρέτοις
3639 4919 3744 4986 ὕφ-

2167 5031 2384 5086 ιστὰναι
2428 5030 2522 5084 τὸν
2563 5024 2800 5098 Χριστὸν
2854 5020 2992 5093 μετὰ
3038 5019 3139 5088 τὴν
3173 5016 3372 5071 ἒνωσιν
3414 5013 3602 5083 εἴρητό
3633 5025 3745 5063 τισι

2166 5123 2276 5178 τῶν
2308 5122 2481 5177 πάλαι
2509 5116 2848 5173 διδασκάλων
2879 5114 2978 5183 τῆς
3016 5109 3369 5179 Ἑκκλησίας,
3404 5105 3438 5176 ἢ
3471 5104 3567 5158 καὶ
3598 5102 3747 5171 αὐτῷ

2168 5215 2446 5287 Κυρίλλφ,
2485 5211 2625 5284 μετὰ
2651 5207 2826 5263 ταῦτα
2850 5206 2908 5259 δὲ
2935 5203 3288 5275 ἀπηγόρευτο
3309 5217 3323 5231 ·
3362 5196 3619 5266 καθάπερ
3653 5196 3752 5247 καὶ

2167 5307 2231 5361 τὸ
2274 5307 2459 5375 λέγειν
2506 5306 2574 5375 τῇ
2621 5300 2784 5372 φύσει
2831 5299 2932 5369 τῆς
2966 5294 3394 5367 ἀνθρωπότητος
3421 5290 3631 5345 ’παθεῖν
3659 5288 3752 5340 τὸν

2169 5399 2407 5472 Χριστὸν
2435 5396 2619 5460 καλῶς
2652 5394 2763 5447 ὑπὸ
2789 5392 2900 5444 τῶν
2930 5387 3234 5461 δρθοδόξων
3260 5384 3557 5453 λεγόμενον
3579 5422 3594 5443 ,
3644 5380 3754 5472 ἀπ-

2173 5469 2444 5563 ηγόρευσε
2472 5487 2679 5558 λέγειν,
2702 5485 2815 5548 τοῖς
2836 5480 3053 5538 νοσοῦσι
3082 5480 3181 5551 τὴν
3203 5477 3470 5547 διαίρεσιν
3499 5469 3755 5563 axioma.

2169 5665 2499 5807 ἓηίθὶϐἒῗοω
2540 5733 2822 5807 Joannem
2842 5728 3003 5807 illum
3026 5714 3759 5807 Grammatieumiadquem

2172 5792 2410 5865 Severus
2456 5804 2700 5875 scripsit,
2746 5800 2919 5856 fuisse
2964 5796 3227 5853 Caesarea:
3271 5792 3614 5863 episc0pum.
