4034 6454
304 374 447 441 1819

1521 385 1822 450 CONTRA
1860 390 2173 453 MONOPH
2182 392 2461 455 YSITAS.

3458 400 3594 468 1850

304 510 471 564 μενος
496 512 512 527 ·
566 493 693 550 om
742 495 891 550 οὕτω
937 470 1079 562 τοῖς.
1103 496 1163 552 ὲν
1204 497 1512 571 Χαλκηδόνι
1552 502 1900 558 συνελθοῦσιν

2012 505 2160 579 doris
2181 518 2343 565 antea
2369 518 2515 566 recte
2540 512 2797 582 usurpari
2825 526 3238 572 consueverat:
3258 519 3444 575 nullus
3466 538 3585 591 pro.

299 587 610 657 ἀπολογίας
638 605 726 652 τις
754 588 1088 643 ὑπελείπετο
1113 590 1334 663 τρόπος,
1356 593 1713 663 ὁρισαμένοις
1732 596 1790 649 ὲν
1813 595 1911 649 δύο

296 672 539 747 φύσεσιν
566 680 906 753 ἀδιαιρέτοις
932 681 1309 754 γνωρίζεσθαι
1334 683 1426 738 τὸν
1450 686 1711 757 Χριστόν.
1738 706 1758 739 ι

487 970 605 1026 Τοῦ
630 972 822 1028 αὑτοῦ
854 974 925 1027 ἐν
953 972 1035 1040 τῷ
1067 974 1158 1028 ὅτι
1183 973 1423 1042 ἀπαθὴς
1451 977 1487 1030 δ
1508 976 1721 1045 Λόγος.

374 1079 398 1113 ι
430 1063 552 1116 Καὶ
577 1066 647 1135 τῇ
674 1064 1001 1136 διδασκαλίᾳ
1024 1065 1138 1120 τῶν
1163 1065 1322 1135 ίερῶν
1344 1066 1699 1136 Γραμμάτων
1721 1066 1904 1121 πειθό-

302 1169 492 1222 μενοι,
551 1155 941 1225 κηρυττόντων
984 1156 1153 1210 αὐτὸν
1194 1155 1530 1209 πεπονθέναι
1574 1157 1773 1228 σαρκὶ,
1813 1158 1909 1212 καί

301 1244 503 1311 σαφῶς
555 1246 767 1309 εἰδότες
817 1247 895 1310 ὡς
937 1247 1002 1301 τὸ
1035 1247 1210 1308 πάθος
1255 1247 1316 1300 ού
1350 1247 1497 1317 πέρα
1529 1247 1625 1301 τοῦ
1656 1247 1906 1318 παθητοῢ

296 1334 638 1405 διαϐήσεται
684 1337 940 1408 σώματος
960 1353 976 1369 θ
1034 1337 1345 1410 προσψαύει
1376 1339 1487 1411 γὰρ
1521 1339 1779 1410 οὐδαμῶς
1811 1341 1907 1397 τοῦ

297 1427 565 1492 ἀπαθοῦς
592 1430 697 1499 τῆς
727 1429 1007 1500 θεότητος.
1031 1448 1051 1482 ι

300 1541 599 1609 τιμοθέιου
645 1543 756 1597 τοῦ
780 1544 1080 1611 Δὶλούρου
1112 1544 1220 1599 τοῦ
1248 1544 1548 1611 αἱρετικοῦ
1576 1544 1685 1600 τοῦ
1711 1548 1908 1601 Μονο-

365 1614 646 1684 ςρυσίτοιξ
666 1651 681 1673 ,
717 1612 933 1684 ἐκᾲτῆς
961 1614 1114 1682 πρὸς
1138 1613 1246 1669 τὸν
1280 1614 1679 1684 Ἀλεξανδρέα
1705 1616 1910 1671 Καλῶ-

368 1696 582 1749 νυμον
609 1681 960 1749 διαλέξεως.

373 1792 396 1825 ι
434 1774 727 1844 Κύριλλός
758 1777 908 1829 ἐστιν
940 1778 970 1830 ὀ
997 1777 1099 1849 τῆς
1132 1777 1532 1850 ’Λλεξανδρέων
1561 1781 1864 1847 ἐπίσκοπος
1886 1799 1901 1816 ·

2008 607 2198 667 pterea
2222 598 2567 656 defensionis
2603 602 2763 659 locus
2801 605 3140 674 relinquitur
3172 609 3398 663 concilii
3433 611 3585 668 Chal-

2007 689 2341 746 cedonensis
2404 693 2708 759 Patribus,
2767 696 2864 764 qui
2920 696 3205 753 Christum
3271 701 3326 755 in
3376 702 3597 762 duabus

2007 777 2221 832 naturis
2262 778 2332 833 ab
2367 792 2426 834 se
2470 780 2710 837 invicem
2748 782 3037 841 distinctis
3064 788 3374 847 subsistere
3408 792 3594 851 decla-

2008 874 2224 921 rarunt.
2273 887 2291 919 ι

2006 975 2262 1068 Ejusdem
2279 996 2350 1068 ex
2377 985 2618 1068 oratione
2646 986 2786 1056 quod
2801 988 3123 1057 impossibile
3149 994 3218 1045 sit
3246 992 3465 1050 Verbum
3495 998 3593 1068 (7).

2083 1079 2103 1113 ι
2129 1062 2343 1130 Verbis,
2373 1067 2571 1136 inquit,
2605 1069 2939 1126 inhaerentes
2972 1089 3255 1130 sacrarum
3282 1062 3600 1149 Scriptura-

2008 1168 2152 1219 rum,
2184 1170 2307 1224 quae
2340 1173 2507 1215 carne
2546 1159 2827 1217 Christum
2854 1179 3076 1234 passum
3106 1182 3226 1223 esse
3268 1172 3592 1239 praedicant,

2007 1253 2065 1299 et
2100 1248 2274 1315 probe
2316 1250 2558 1308 scientes
2595 1255 2910 1324 passionem
2952 1268 3105 1314 extra
3160 1240 3419 1331 passibile
3466 1281 3592 1320 cor-

2007 1352 2114 1407 pus
2140 1338 2286 1393 haud
2312 1342 2529 1412 egredi,
2566 1360 2691 1400 cum
2722 1346 2882 1402 dolor
2914 1348 3186 1421 attingere
3218 1363 3457 1423 nequeat
3491 1355 3597 1410 im-

2008 1432 2326 1500 passibilem
2373 1435 2817 1495 divinitatem...
2848 1459 2866 1492 ι

2006 1543 2261 1600 Timothei
2279 1546 2472 1627 Αιιίιινί
2497 1551 2573 1620 (8)
2591 1551 3261 1627 _h_teretici_lllonophysitw
3291 1556 3393 1627 (9),
3419 1574 3484 1612 ea:
3515 1560 3598 1615 di—

2213 1572 2260 1600 σι
2279 1572 2469 1602 amur!
2497 1572 2573 1620 tu)
2610 1572 2844 1607 marcum
2876 1572 3034 1608 mana
3076 1572 3106 1607 It
3144 1572 3261 1610 sua:
3291 1572 3391 1627 (υ),

2207 1621 2506 1687 epulatione
2530 1621 2601 1674 ad
2618 1620 2988 1678 Alexandrum
3019 1572 3391 1697 galgmymum.

2084 1787 2103 1821 ι
2128 1769 2384 1841 Cyrillus,
2403 1772 2744 1830 Alexandriae
2765 1775 3078 1847 episcopus,
3103 1776 3322 1833 sibimet
3342 1778 3444 1847 ipsi
3468 1793 3599 1832 con-

295 1858 463 1929 οὖτος
496 1866 614 1936 γὰρ
662 1868 941 1939 διαφόρως
980 1870 1046 1922 τὸ
1080 1871 1241 1939 σοφὸν
1271 1872 1372 1941 τῆς
1400 1873 1716 1944 ὁρθοδοξίας
1742 1876 1900 1947 διαρ-

2012 1862 2260 1929 tradicit;
2317 1864 2521 1934 quippe
2571 1867 2668 1936 qui
2726 1867 2917 1921 multis
2970 1868 3025 1921 in
3083 1868 3220 1922 locis
3273 1877 3439 1923 recta:
3470 1867 3598 1923 ﬁdei

298 1954 534 2024 θρὼσας
557 1958 849 2027 κήρυγμα,
888 1959 1229 2030 παλίμϐολος
1254 1965 1471 2031 φανεὶς,
1498 1967 1761 2020 τάναντία
1781 1967 1906 2036 δογ-

300 2047 555 2117 ματίσας
584 2048 907 2120 ἐλέγχεται·
941 2052 1070 2105 ἐπεὶ
1103 2053 1233 2122 μίαν
1260 2054 1422 2123 φύσιν
1448 2057 1542 2111 τοῦ
1566 2057 1704 2112 Θεοῦ
1728 2060 1904 2128 Λόγου

301 2138 754 2210 σεσαρκωμένην
821 2142 930 2213 χρὴ
991 2142 1173 2212 λέγειν
1239 2147 1616 2219 ὑποθέμενος,
1680 2151 1907 2204 ἀναλύει

298 2229 365 2283 τὸ
397 2230 493 2282 ὑπ’
521 2230 700 2285 αὑτοῦ
729 2233 1132 2303 δογματισθὲν,
1184 2239 1279 2291 καὶ
1308 2239 1403 2292 δύο
1429 2241 1622 2309 φύσεις
1654 2244 1748 2295 ἐπὶ
1771 2245 1908 2314 Χρι-

303 2322 439 2375 στοῦ
472 2323 808 2394 πρεσϐεύων
841 2326 1128 2382 ἁλίσκεται
1156 2343 1169 2358 ⁸
1232 2331 1329 2384 καὶ
1361 2332 1390 2384 ὃ
1418 2348 1482 2400 γε
1514 2335 1680 2404 σαρκὶ
1708 2334 1907 2388 παθεῖν

182 2452 201 2469 .
300 2413 396 2464 τὸν
445 2412 587 2466 Θεὸν
638 2417 1070 2486 ἀποφηνάμενος
1115 2421 1312 2489 Λόγον,
1376 2424 1690 2477 τούναντίον
1739 2430 1907 2496 φησὶν

301 2504 487 2556 οὐδενὶ
531 2506 731 2577 τρόπῳ
779 2508 843 2561 τὸ
887 2510 1032 2579 ὑπὲρ
1074 2512 1232 2581 ἡμῶν
1280 2514 1648 2580 ἀναδέξασθαι
1693 2518 1902 2580 πάθος·

300 2593 424 2646 ἀλλ’
455 2595 711 2659 ὲναντίος
739 2600 852 2662 τοῖς
882 2601 1105 2664 οἰκείοις
1132 2602 1314 2671 λόγοις
1343 2606 1660 2675 γενόμενος,
1687 2608 1787 2678 τὴν
1810 2607 1906 2662 νῦν

300 2686 624 2755 κρατοῦσαν
657 2689 718 2741 ὲν
745 2692 869 2753 ταῖς
897 2692 1248 2762 Ἑκκλησίαις
1276 2694 1698 2751 δυσδιάλλακτον
1727 2698 1908 2769 μάχην

302 2776 641 2847 ἑνέσπειρε,
699 2781 798 2833 καὶ
843 2779 1037 2852 ὥσπερ
1067 2784 1191 2837 τινὰ
1230 2785 1407 2853 φλόγα
1450 2774 1791 2859 λαϐροτάτην
1816 2788 1906 2853 ἐξ·

303 2868 475 2937 ἅψας,
512 2870 611 2923 τὸν
640 2871 747 2941 τῆς
776 2873 993 2941 υίγιοῦς
1019 2876 1259 2942 πίστεως
1295 2878 1454 2947 λόγον
1478 2880 1814 2952 ἐνέπρησεν
1857 2882 1906 2935 εἰ

306 2959 384 3031 μὴ
415 2960 614 3017 θεόθεν
645 2964 842 3042 φανεὶς
876 2963 905 3016 ό
935 2968 1281 3038 πατριάρχης
1305 2967 1570 3039 Σεδῆρος,
1597 2974 1709 3034 τοῖς
1739 2972 1907 3042 ἱεροῖς

301 3050 472 3104 αὐτοῦ
526 3039 968 3124 συγγράμμασιν
1021 3057 1212 3111 ἰάσατο
1246 3060 1515 3129 Κυρίλλου
1563 3060 1624 3114 τὸ
1670 3039 1906 3117 ἄστατον

303 3144 401 3245 καὶ
429 3143 777 3250 παλίμϐολον
800 3185 816 3209 ,
846 3147 1102 3219 καθάπερ
1131 3167 1216 3212 τις
1240 3151 1558 3222 φιλοπάτωρ
1582 3153 1700 3218 υίὸς
1725 3153 1906 3228 λώϐην
1930 3191 1974 3252 C

306 3233 400 3287 τοῦ
428 3234 707 3304 φύσαντος
736 3238 960 3327 οἰκείοις
990 3241 1293 3314 ὲσθήμασιν
1321 3243 1625 3315 ἀμφιάσας.
1666 3263 1686 3298 ι

390 3492 557 3547 Ἀλλά
584 3494 641 3548 τί
669 3496 809 3564 πρὸς
840 3496 1015 3551 ταῦτα
1041 3499 1216 3554 πάντα
1248 3500 1382 3569 φασὶ
1408 3500 1571 3554 πάλιν
1595 3502 1729 3573 ἡμῖν
1754 3504 1803 3555 οἱ
1827 3502 1905 3567 ὡς

309 3582 539 3649 ἀσπῖδες
566 3587 638 3638 τὰ
681 3575 799 3641 ὦτα
836 3587 1059 3657 βύοντες
1083 3631 1099 3656 ,
1128 3591 1224 3644 καὶ
1246 3595 1347 3660 τῆς
1373 3592 1481 3645 τῶν
1515 3593 1781 3663 Πατέρων
1808 3610 1905 3646 σοι·

310 3676 420 3745 φῆς
449 3678 676 3749 ἐπῳδῆς
732 3680 836 3733 οὐκ
886 3680 1300 3749 είσακούοντες;
1329 3682 1508 3737 τοιάδε
1542 3684 1654 3753 γὰρ
1684 3684 1905 3747 πάντως

306 3769 442 3838 ἡμῖν
474 3770 822 3836 ἀντιλέξουσι
862 3771 957 3825 καὶ
987 3771 1126 3843 πρὸς
1160 3773 1292 3827 τάδε
1315 3789 1329 3804 ·
1364 3773 1430 3825 Τί
1456 3773 1596 3842 δῆτα
1636 3773 1905 3842 μελιττῶν

307 3859 471 3930 δίκην
502 3861 644 3913 πᾶσι
673 3863 789 3923 τοῖς
810 3864 1111 3934 Πατρικοίς
1138 3863 1572 3933 συγγράμμασιν
1597 3864 1905 3935 ἐφιπτάμε-

305 3967 411 4017 νοι,
443 3951 508 4004 τὸ
550 3950 653 4021 μὲν
705 3952 830 4005 καθ’
858 3952 1058 4023 ἡδονὴν
1083 3954 1213 4022 ὑμῖν
1248 3953 1591 4022 ἀνθολογεῖτε
1619 3953 1728 4007 τῶν
1768 3954 1904 4025 χρή-

308 4058 470 4106 σεων,
501 4041 601 4094 καὶ
627 4042 1022 4113 περιϐομϐεῖτε
1050 4045 1198 4114 ἡμᾶς
1226 4044 1443 4107 τούτοις
1475 4044 1805 4113 ὲνδελεχῶς;
1832 4045 1903 4099 τά

304 4130 364 4186 δὲ
392 4132 637 4202 πολέμια
658 4136 774 4196 τοῖς
800 4135 1090 4204 ὑμετέροις
1120 4136 1471 4207 φρονήμασιν
1497 4135 1899 4205 ύπερίπτασθε,

309 4227 442 4295 σιγῇ
471 4224 685 4278 τούτων
733 4227 1192 4296 ἀποπηδήσαντες
1222 4244 1239 4295 ;
1267 4228 1379 4281 Καὶ
1408 4227 1544 4298 πρὸς
1573 4227 1736 4281 τοῦτο
1767 4228 1901 4296 γοῦν

307 4316 571 4387 ἐροῦμεν,
604 4317 685 4381 ὡς
716 4317 888 4383 ὅντως
910 4320 1006 4372 καὶ
1038 4319 1108 4374 τὰ
1135 4319 1397 4374 δοκοῦντα
1420 4321 1552 4391 ὑμῖν
1583 4323 1901 4391 συμφωνεῖν

306 4404 565 4477 Πατρικά
596 4408 821 4477 ῥήματα
845 4409 958 4473 τοῖς
999 4408 1290 4480 ὑμετέροις
1312 4398 1571 4480 δόγμασι,
1600 4409 1802 4481 μᾶλλον
1832 4411 1902 4465 τὰ

2010 1953 2190 2022 capita
2247 1956 2619 2023 recensendo,
2674 1958 3102 2013 inconstantiam
3170 1974 3284 2028 prae
3335 1974 3394 2014 se
3455 1959 3595 2027 fert,

2008 2053 2174 2115 atque
2213 2045 2321 2101 sibi
2370 2046 2608 2102 invicem
2641 2050 2917 2104 contraria
2945 2049 3201 2119 dogmata
3239 2050 3456 2106 tradere
3490 2052 3594 2105 de-
3664 2100 3670 2109 .

2008 2138 2396 2207 prehenditur.
2459 2140 2595 2195 Nam
2661 2156 2789 2196 cum
2839 2142 2887 2197 is
2950 2149 3207 2196 naturam
3264 2159 3431 2199 unam
3499 2144 3598 2200 Dei

2008 2229 2175 2284 Verbi
2223 2229 2563 2285 incarnatam
2608 2231 2717 2287 dici
2756 2240 3013 2303 oportere
3060 2233 3362 2299 statuisset,
3393 2236 3596 2291 evertit

2008 2329 2197 2390 postea
2232 2337 2392 2401 suum
2432 2322 2540 2377 hoc
2591 2324 2809 2395 dogma,
2841 2325 2978 2379 duas
3019 2324 3088 2379 de
3116 2324 3337 2380 Christo
3368 2335 3598 2381 naturas

2006 2413 2379 2482 praedicando.
2415 2415 2565 2470 Idem
2599 2421 2723 2470 cu'm
2764 2424 2924 2471 antea
2956 2416 3186 2471 dixisset
3220 2417 3317 2471 Dei
3351 2417 3593 2472 Verbum

2009 2519 2173 2558 carne
2211 2520 2455 2574 passum,
2513 2507 2643 2561 alibi
2692 2516 2884 2577 postea
2918 2507 3025 2561 sibi
3076 2507 3484 2571 contradicens,
3512 2525 3600 2563 as-

2009 2594 2145 2649 serit
2179 2594 2359 2663 ipsum
2402 2611 2503 2664 pro
2537 2587 2719 2651 nobis
2766 2597 2877 2666 pati
2926 2596 3082 2651 nullo
3119 2605 3279 2666 pacto
3327 2598 3595 2667 potuisse.

2007 2685 2186 2755 Atque
2241 2687 2318 2741 ita
2382 2688 2607 2742 sibimet
2660 2687 2763 2758 ipsi
2813 2689 3152 2753 contrarius,
3219 2687 3600 2742 disseminavit

2008 2778 2417 2833 atrocissimum
2464 2779 2599 2834 illud
2631 2778 2838 2832 bellum
2876 2779 3024 2848 quod
3051 2795 3199 2832 nunc
3241 2779 3294 2832 in
3331 2779 3600 2834 Ecclesiis

2008 2880 2287 2940 grassatur
2320 2878 2379 2925 et
2422 2872 2514 2945 vix
2549 2887 2614 2926 ac
2666 2885 2734 2926 ne
2765 2870 2857 2925 vix
2883 2869 3107 2941 quidem
3164 2869 3347 2925 sedari
3378 2878 3594 2939 potest;

2009 2960 2406 3031 suscitavitque
2441 2948 2742 3016 maximum
2791 2961 3130 3027 incendium,
3160 2976 3290 3031 _quo
3342 2968 3491 3018 recta
3529 2961 3595 3015 ﬁ-

2009 3051 2107 3107 des
2207 3054 2438 3123 ejusque
2496 3053 2748 3124 dogmata
2805 3054 2917 3124 jam
2973 3052 3424 3124 conﬂagrassent,
3487 3053 3596 3109 nisi

2009 3143 2324 3213 patriarcha
2372 3142 2611 3198 Severus
2647 3159 2677 3198 a
2699 3144 2813 3198 Deo
2849 3143 3051 3197 missus
3083 3151 3458 3211 opportunum
3484 3143 3594 3216 Cy-

2006 3235 2117 3289 rilli
2173 3226 2372 3290 morbo
2408 3235 2713 3289 remedium
2733 3235 3031 3298 attulisset,
3052 3222 3209 3304 quasi
3235 3233 3382 3289 ﬁlius
3412 3251 3601 3289 aman-

2007 3323 2256 3378 tissimus
2288 3324 2465 3394 patris
2508 3323 2709 3377 vulnus
2750 3324 2867 3379 suis
2891 3322 3009 3393 ipse
3046 3322 3296 3378 vestibus
3339 3323 3599 3393 operiens

2007 3420 2330 3483 tegensque.
2362 3431 2382 3465 ι

2074 3502 2220 3568 Quid
2269 3502 2339 3557 ad
2382 3502 2501 3557 haec
2528 3509 2803 3571 reponent
2837 3501 2898 3566 ii,
2939 3502 3034 3571 qui
3066 3516 3194 3557 suas
3223 3515 3410 3565 aures,
3438 3500 3599 3571 quasi
3650 3496 3654 3500 ’

2005 3592 2225 3662 aspides
2270 3591 2555 3658 obturant,
2609 3593 3003 3663 negliguntque
3049 3593 3457 3663 sapientissima
3491 3593 3597 3647 Pa-

2005 3692 2153 3739 trum
2197 3685 2459 3740 or‘acula?
2509 3684 2663 3740 Talia
2713 3684 2964 3755 profecto
3017 3684 3054 3738 ii
3116 3684 3596 3754 respondebunt:

2005 3774 2215 3844 thuid
2240 3790 2406 3845 apum
2450 3776 2625 3830 instar
2654 3775 2950 3830 volitantes
2978 3790 3144 3844 supra
3160 3787 3471 3829 sanctorum
3494 3775 3599 3829 Pa~

2005 3870 2154 3919 trum
2175 3865 2402 3934 scripta,
2424 3866 2581 3934 quasi
2602 3864 2768 3921 ﬁores
2803 3881 2869 3921 ex
2888 3865 2977 3920 his
2994 3866 3292 3935 decerpitis
3334 3866 3601 3921 duntaxat

2003 3955 2153 4024 quod
2187 3955 2348 4011 vobis
2393 3956 2572 4021 lubet,
2637 3956 2806 4026 idque
2855 3957 3002 4011 circa
3059 3971 3162 4012 nos
3201 3958 3596 4026 obstrependo,

2004 4055 2275 4116 perpetuo
2329 4045 2636 4101 decantatis
2668 4086 2682 4111 ,
2736 4062 2802 4101 ea
2872 4047 3127 4109 consulto
3176 4057 3595 4116 praetereuntes,

2002 4150 2129 4205 quae
2162 4142 2360 4190 vestrae
2385 4134 2676 4189 sententia:
2706 4135 2942 4190 maxime
2963 4136 3368 4190 adversantur?
3401 4137 3600 4192 Facilis

2001 4233 2087 4280 est
2119 4222 2187 4279 ad
2219 4224 2340 4281 haec
2391 4233 2448 4280 et
2477 4225 2734 4295 expedita
2758 4227 3080 4296 responsio;
3121 4243 3249 4281 nam
3282 4242 3345 4281 ea
3376 4243 3599 4298 quoque

2003 4316 2226 4371 Patrum
2258 4306 2433 4381 dicta,
2462 4333 2586 4387 quae
2602 4326 2801 4372 vestrae
2822 4316 3089 4372 doctrinae
3122 4317 3360 4373 maxime
3394 4318 3599 4373 suffra-

2001 4407 2120 4478 gari
2150 4406 2433 4471 videntur,
2456 4409 2633 4480 magis
2654 4408 2937 4479 magisque
2965 4409 3220 4479 dogmata
3256 4416 3445 4463 nostra
3468 4423 3599 4463 con-

309 4499 565 4572 ἠμέτερα
602 4503 938 4570 συνιστάνει,
968 4503 1195 4566 δεόντως
1226 4502 1593 4574 ἐξεταζόμενα
1620 4503 1765 4558 κατὰ
1797 4504 1896 4574 τὴν

2012 4498 2246 4562 ﬁrmant,
2278 4498 2323 4553 si
2350 4514 2415 4554 ea
2432 4513 2564 4553 sana
2588 4505 2795 4564 mente,
2827 4509 2888 4553 ut
2908 4498 3068 4552 initio
3095 4498 3231 4563 dixi,
3254 4508 3596 4568 spectentur.

308 4592 543 4659 ἔννοιαν,
576 4592 766 4658 καθὼς
811 4594 873 4659 ἐξ
917 4595 1091 4667 ἀρχῆς
1122 4596 1385 4666 ἐλέγομεν
1408 4612 1423 4627 ο
1454 4596 1516 4648 οὐ
1559 4595 1669 4664 γάρ
1714 4595 1779 4663 δή
1818 4611 1904 4656 τις

2012 4591 2173 4645 Nemo
2205 4589 2354 4644 enim
2399 4588 2712 4657 sapientum
2752 4589 2979 4643 Patrum
3015 4588 3072 4642 in
3111 4589 3182 4643 iis
3211 4604 3336 4658 qua:
3377 4587 3443 4642 ad
3498 4604 3597 4642 ve-

307 4684 416 4738 τῶν
469 4684 751 4755 ἐκκρίτων
798 4686 1059 4755 Πατέρων
1098 4686 1432 4757 ἀσύμφωνος
1465 4685 1646 4755 ἑαυτῷ
1689 4682 1901 4754 ὲστινῆ

304 4778 426 4840 τοῖς
457 4776 751 4847 ὁμοτίμοις
776 4775 925 4847 αὐτῷ
949 4777 1091 4830 κατά
1112 4778 1211 4849 τὴν
1252 4778 1465 4831 ἔννοιαν
1505 4778 1606 4846 τῆς
1635 4776 1899 4839 πίστεως,

308 4869 358 4922 εί
380 4869 480 4923 καὶ
509 4868 580 4922 δι’
610 4868 816 4939 ἑτέρων
844 4869 1045 4934 λέξεων
1070 4871 1161 4924 καὶ
1188 4870 1365 4939 λόγων
1394 4869 1718 4940 φερόμενος,
1750 4867 1905 4920 ἐναν-

307 4961 425 5026 τίος
481 4963 614 5033 ὑμῖν
645 4962 799 5016 δοκεῖ
824 4959 989 5027 εἶναι,
1018 4963 1117 5026 τὰς
1142 4962 1342 5029 λέξεις,
1377 4961 1474 5016 καὶ
1518 4961 1581 5014 ού
1613 4959 1715 5021 τὰς
1738 4957 1904 5014 δυνά-

380 5118 461 5189 (7)
496 5118 634 5189 Haec
665 5134 779 5189 ms.
806 5129 1148 5175 memoratur
1190 5136 1220 5176 a
1270 5120 1528 5186 Fabricio
1560 5122 1705 5178 Bibl.
1732 5124 1901 5180 Gneo.

482 5188 580 5254 IX,
624 5204 684 5258 p.
719 5188 847 5254 545,
901 5190 1045 5259 apud
1099 5191 1170 5246 cl.
1222 5191 1406 5247 virum
1464 5192 1787 5250 Michaelem
1827 5193 1905 5248 Le

304 5261 633 5415 ρυᾷῗῇυῇ
669 5328 1144 5415 bicjimptheus
1164 5331 1472 5415 monachus
1509 5330 1905 5415 AigyptiusLin

303 5400 688 5471 ecclesiastica
733 5399 969 5471 historia
1009 5404 1443 5467 celeberrimus;
1469 5399 1750 5471 .qui'cum
1800 5404 1908 5458 Eu-

306 5470 698 5543 tycliianorum
745 5470 1038 5543 erroribus
1064 5473 1313 5543 impense
1345 5470 1574 5535 faveret,
1606 5472 1902 5543 damnatus

304 5538 769 5614 proscriptusque
829 5538 938 5614 fuit
988 5542 1043 5595 in
1069 5538 1326 5614 concilio
1376 5542 1615 5614 quodam
1646 5542 1901 5614 Egyptio

307 5608 407 5689 cui
453 5608 689 5689 pneluit
723 5610 1033 5689 [fret-crius.
1064 5613 1324 5689 Fortasse
1368 5608 1765 5667 denominath
1787 5608 1900 5667 ‘l‘uit

307 5678 556 5752 Aulurus
584 5681 678 5752 ἀπ’
706 5679 897 5743 αὐλοῦ,
917 5696 1101 5752 canna
1129 5678 1367 5752 quadam
1391 5697 1585 5747 vacua,
1609 5698 1717 5752 qua
1743 5698 1896 5747 usus,

305 5748 373 5802 ad
410 5750 814 5806 monachorum
848 5751 1074 5808 cellulas
1101 5748 1365 5808 accedere
1393 5760 1557 5807 noctu
1597 5748 1901 5808 consueve-

310 5828 417 5891 rat,
456 5836 515 5875 sc
546 5823 805 5892 angelum
840 5835 872 5873 ει
906 5821 1016 5878 Deo
1054 5824 1283 5879 missum
1331 5822 1896 5895 proﬁtendo,.cosque

2001 4667 2196 4738 stram.
2226 4679 2356 4736 ﬁdei
2407 4681 2652 4751 regulam
2685 4688 2963 4750 spectant,
2992 4681 3215 4735 sibimet
3242 4680 3368 4751 ipsi,
3399 4681 3482 4735 vel
3512 4680 3598 4734 sui

2001 4773 2281 4829 similibus
2320 4772 2690 4838 adversatur;
2722 4772 2941 4827 etiamsi
2968 4772 3040 4827 ob
3072 4772 3442 4841 quorumdam
3472 4786 3600 4826 ver-

2001 4867 2206 4922 borum
2247 4864 2464 4935 ,quibus
2505 4865 2671 4919 Pater
2722 4865 2916 4930 utitur,
2951 4864 3275 4919 varietatem
3322 4865 3427 4920 sibi
3459 4878 3595 4918 con-

2004 4957 2281 5013 tradicere
2328 4956 2492 5012 vobis
2545 4956 2829 5020 videatur,
2886 4956 2979 5026 qui
3034 4955 3182 5010 nuda
3244 4956 3433 5020 verba,
3484 4969 3596 5009 non

2009 5120 2303 5198 hortando,
2341 5119 2814 5198 ut_Timo_theum'_
2842 5119 2922 5198 (se
2957 5115 3237 5198 videlicet)
3269 5115 3423 5185 sequi
3456 5116 3596 5198 malo

2010 5193 2148 5257 lent,
2199 5207 2364 5261 quam
2406 5191 2739 5246 Proterium.
2777 5185 3010 5255 Quidam
3066 5185 3318 5261 Aﬁlurum
3351 5186 3597 5261 cumdi-

2012 5254 2163 5317 ctum
2216 5254 2506 5317 autumant
2566 5261 2635 5314 ab
2681 5254 2955 5328 σίλουρος,
2986 5256 3134 5327 quod
3181 5255 3370 5328 Graece
3432 5254 3593 5310 felem

2012 5330 2308 5408 signiﬁcat.
2338 5331 2439 5385 Hic
2470 5346 2641 5408 porro
2668 5327 2889 5399 scripsit
2917 5327 3591 5408 dissertatipnernquai‘n-

2013 5395 2162 5466 dam,
2215 5403 2376 5471 cuius
2413 5395 2679 5454 n'ienioria
2711 5395 2817 5455 una
2857 5414 2982 5454 cum
3014 5412 3178 5471 opere
3211 5396 3329 5465 ipso
3359 5397 3468 5463 jam
3498 5395 3595 5450 diu

2004 5470 2309 5547 intercidit.
2363 5470 2902 5547 E_x_hac_Leon_tius
2931 5470 3141 5547 profert
3190 5480 3592 5547 quienscquun-

2001 5542 2367 5615 tur,rq_uibus
2409 5541 2552 5615 idem
2601 5539 2868 5615 Leontius
2916 5534 3136 5615 abunde
3176 5534 3461 5589 satisfacit.
3540 5602 3552 5615 _

2075 5611 2150 5677 (9)
2168 5611 2306 5683 _Hoc
2332 5612 2556 5683 nomine
2591 5610 3035 5683 appellabantur,
3072 5613 3133 5659 ut
3163 5619 3332 5683 supra
3365 5610 3588 5683 monui-

1999 5673 2144 5752 mus,
2168 5680 2516 5752 Eutychiani,
2560 5673 2854 5752 propterea
2879 5678 3007 5747 quia
3042 5690 3210 5731 unam
3239 5673 3510 5729 duntaxat
3531 5673 3592 5729 in

1998 5750 2219 5807 Christo
2255 5749 2508 5807 naturam
2542 5749 2929 5807 admittebant.
