  <div class='ocr_page' id='page_1' title='image "/cluster/home/n/w/nwhite01/storage/ocr_20150623/86:pt.2/coo.31924054869890/053.png"; bbox 0 0 4034 6400; ppageno 0'>
   <div class='ocr_carea' id='block_1_1' title="bbox 502 331 633 397">
    <p class='ocr_par' dir='ltr' id='par_1_1' title="bbox 502 331 633 397">
     <span class='ocr_line' id='line_1_1' title="bbox 502 331 633 397; baseline -0.031 0"><span class='ocrx_word' id='word_1_1' title='bbox 502 331 633 397; x_wconf 73' lang='grc'><strong>1851</strong></span> 
     </span>
    </p>
   </div>
   <div class='ocr_carea' id='block_1_2' title="bbox 1777 326 2538 408">
    <p class='ocr_par' dir='ltr' id='par_1_2' title="bbox 1777 326 2538 408">
     <span class='ocr_line' id='line_1_2' title="bbox 1777 326 2538 408; baseline 0.003 -17"><span class='ocrx_word' id='word_1_2' title='bbox 1777 331 2088 392; x_wconf 69' lang='lat' dir='ltr'><strong>LEONTII</strong></span> <span class='ocrx_word' id='word_1_3' title='bbox 2130 326 2538 408; x_wconf 79' lang='lat' dir='ltr'><strong>BYZANTINI</strong></span> 
     </span>
    </p>
   </div>
   <div class='ocr_carea' id='block_1_3' title="bbox 3634 332 3767 397">
    <p class='ocr_par' dir='ltr' id='par_1_3' title="bbox 3634 332 3767 397">
     <span class='ocr_line' id='line_1_3' title="bbox 3634 332 3767 397; baseline 0.015 -2"><span class='ocrx_word' id='word_1_4' title='bbox 3634 332 3767 397; x_wconf 74' lang='grc'><strong>1852</strong></span> 
     </span>
    </p>
   </div>
   <div class='ocr_carea' id='block_1_4' title="bbox 488 441 2071 515">
    <p class='ocr_par' dir='ltr' id='par_1_4' title="bbox 488 441 2071 512">
     <span class='ocr_line' id='line_1_4' title="bbox 488 441 2071 512; baseline -0.002 -12"><span class='ocrx_word' id='word_1_5' title='bbox 488 445 790 500; x_wconf 77' lang='lat' dir='ltr'><strong>verborum</strong></span> <span class='ocrx_word' id='word_1_6' title='bbox 843 457 1067 498; x_wconf 87' lang='lat' dir='ltr'><strong>sensum</strong></span> <span class='ocrx_word' id='word_1_7' title='bbox 1113 441 1514 497; x_wconf 88' lang='lat' dir='ltr'><strong>attendendum</strong></span> <span class='ocrx_word' id='word_1_8' title='bbox 1540 441 1766 512; x_wconf 91' lang='lat' dir='ltr'><strong>putatis.</strong></span> <span class='ocrx_word' id='word_1_9' title='bbox 1800 442 1911 497; x_wconf 81' lang='lat' dir='ltr'><strong>Vos</strong></span> <span class='ocrx_word' id='word_1_10' title='bbox 1937 458 2071 511; x_wconf 70' lang='lat' dir='ltr'><strong>pra:-</strong></span> 
     </span>
    </p>
   </div>
   <div class='ocr_carea' id='block_1_5' title="bbox 2175 441 3762 515">
    <p class='ocr_par' dir='ltr' id='par_1_5' title="bbox 2191 442 3762 515">
     <span class='ocr_line' id='line_1_5' title="bbox 2191 442 3762 515; baseline 0.003 -20"><span class='ocrx_word' id='word_1_11' title='bbox 2191 459 2258 512; x_wconf 79' lang='grc' dir='ltr'><strong>με</strong></span> <span class='ocrx_word' id='word_1_12' title='bbox 2268 460 2313 504; x_wconf 91' lang='grc' dir='ltr'><strong>ις</strong></span> <span class='ocrx_word' id='word_1_13' title='bbox 2340 442 2450 497; x_wconf 84' lang='grc' dir='ltr'><strong>τῶν</strong></span> <span class='ocrx_word' id='word_1_14' title='bbox 2477 443 2653 512; x_wconf 87' lang='grc' dir='ltr'>λόγων</span> <span class='ocrx_word' id='word_1_15' title='bbox 2679 443 3034 515; x_wconf 72' lang='grc' dir='ltr'>συμδιδάξειν</span> <span class='ocrx_word' id='word_1_16' title='bbox 3055 443 3352 500; x_wconf 75' lang='grc' dir='ltr'>ὶθέλουσιν.</span> <span class='ocrx_word' id='word_1_17' title='bbox 3370 444 3512 500; x_wconf 84' lang='grc' dir='ltr'>Ἀλλ’</span> <span class='ocrx_word' id='word_1_18' title='bbox 3536 446 3762 513; x_wconf 79' lang='grc' dir='ltr'>ιίκότως</span> 
     </span>
    </p>
   </div>
   <div class='ocr_carea' id='block_1_6' title="bbox 489 532 2071 603">
    <p class='ocr_par' dir='ltr' id='par_1_6' title="bbox 489 532 2071 603">
     <span class='ocr_line' id='line_1_6' title="bbox 489 532 2071 603; baseline -0.003 -12"><span class='ocrx_word' id='word_1_19' title='bbox 489 546 640 591; x_wconf 89' lang='lat' dir='ltr'><strong>terea</strong></span> <span class='ocrx_word' id='word_1_20' title='bbox 698 535 836 589; x_wconf 88' lang='lat' dir='ltr'><strong>latet</strong></span> <span class='ocrx_word' id='word_1_21' title='bbox 895 542 1286 603; x_wconf 79' lang='lat' dir='ltr'><strong>argumentum</strong></span> <span class='ocrx_word' id='word_1_22' title='bbox 1333 532 1404 587; x_wconf 87' lang='lat' dir='ltr'><strong>ab</strong></span> <span class='ocrx_word' id='word_1_23' title='bbox 1451 533 1618 588; x_wconf 84' lang='lat' dir='ltr'><strong>simili</strong></span> <span class='ocrx_word' id='word_1_24' title='bbox 1662 533 1914 594; x_wconf 89' lang='lat' dir='ltr'><strong>ductum,</strong></span> <span class='ocrx_word' id='word_1_25' title='bbox 1968 548 2071 587; x_wconf 90' lang='lat' dir='ltr'><strong>nec</strong></span> 
     </span>
    </p>
   </div>
   <div class='ocr_carea' id='block_1_7' title="bbox 486 622 2069 696">
    <p class='ocr_par' dir='ltr' id='par_1_7' title="bbox 486 622 2069 696">
     <span class='ocr_line' id='line_1_7' title="bbox 486 622 2069 696; baseline -0.003 -14"><span class='ocrx_word' id='word_1_26' title='bbox 486 625 800 696; x_wconf 85' lang='lat' dir='ltr'><strong>intelligitis</strong></span> <span class='ocrx_word' id='word_1_27' title='bbox 850 640 947 679; x_wconf 81' lang='lat' dir='ltr'><strong>vos</strong></span> <span class='ocrx_word' id='word_1_28' title='bbox 994 623 1049 678; x_wconf 87' lang='lat' dir='ltr'><strong>id</strong></span> <span class='ocrx_word' id='word_1_29' title='bbox 1105 623 1287 692; x_wconf 90' lang='lat' dir='ltr'><strong>ipsum</strong></span> <span class='ocrx_word' id='word_1_30' title='bbox 1341 622 1533 677; x_wconf 85' lang='lat' dir='ltr'><strong>latere.</strong></span> <span class='ocrx_word' id='word_1_31' title='bbox 1595 622 2069 689; x_wconf 84' lang='lat' dir='ltr'><strong>Quemadmodum</strong></span> 
     </span>
    </p>
   </div>
   <div class='ocr_carea' id='block_1_8' title="bbox 485 713 2074 784">
    <p class='ocr_par' dir='ltr' id='par_1_8' title="bbox 485 713 2074 784">
     <span class='ocr_line' id='line_1_8' title="bbox 485 713 2074 784; baseline -0.002 -13"><span class='ocrx_word' id='word_1_32' title='bbox 485 718 635 771; x_wconf 88' lang='lat' dir='ltr'><strong>enim</strong></span> <span class='ocrx_word' id='word_1_33' title='bbox 667 716 770 769; x_wconf 86' lang='lat' dir='ltr'><strong>sub</strong></span> <span class='ocrx_word' id='word_1_34' title='bbox 795 714 992 769; x_wconf 86' lang='lat' dir='ltr'><strong>iisdem</strong></span> <span class='ocrx_word' id='word_1_35' title='bbox 1016 713 1200 767; x_wconf 83' lang='lat' dir='ltr'><strong>verbis</strong></span> <span class='ocrx_word' id='word_1_36' title='bbox 1219 713 1361 767; x_wconf 85' lang='lat' dir='ltr'><strong>male</strong></span> <span class='ocrx_word' id='word_1_37' title='bbox 1386 714 1661 783; x_wconf 87' lang='lat' dir='ltr'><strong>perceptis</strong></span> <span class='ocrx_word' id='word_1_38' title='bbox 1687 714 1859 770; x_wconf 82' lang='lat' dir='ltr'><strong>latere</strong></span> <span class='ocrx_word' id='word_1_39' title='bbox 1889 723 2074 784; x_wconf 87' lang='lat' dir='ltr'><strong>potest</strong></span> 
     </span>
    </p>
   </div>
   <div class='ocr_carea' id='block_1_9' title="bbox 487 804 2072 877">
    <p class='ocr_par' dir='ltr' id='par_1_9' title="bbox 487 804 2072 877">
     <span class='ocr_line' id='line_1_9' title="bbox 487 804 2072 877; baseline -0.001 -16"><span class='ocrx_word' id='word_1_40' title='bbox 487 806 817 877; x_wconf 80' lang='lat' dir='ltr'><strong>significatio</strong></span> <span class='ocrx_word' id='word_1_41' title='bbox 851 806 1012 873; x_wconf 87' lang='lat' dir='ltr'><strong>plane</strong></span> <span class='ocrx_word' id='word_1_42' title='bbox 1040 804 1292 869; x_wconf 86' lang='lat' dir='ltr'><strong>diversa;</strong></span> <span class='ocrx_word' id='word_1_43' title='bbox 1330 804 1405 858; x_wconf 89' lang='lat' dir='ltr'><strong>ita</strong></span> <span class='ocrx_word' id='word_1_44' title='bbox 1433 804 1537 859; x_wconf 87' lang='lat' dir='ltr'><strong>sub</strong></span> <span class='ocrx_word' id='word_1_45' title='bbox 1565 805 1799 860; x_wconf 81' lang='lat' dir='ltr'><strong>vocibus</strong></span> <span class='ocrx_word' id='word_1_46' title='bbox 1835 805 2072 861; x_wconf 79' lang='lat' dir='ltr'><strong>diversis</strong></span> 
     </span>
    </p>
   </div>
   <div class='ocr_carea' id='block_1_10' title="bbox 488 896 2066 970">
    <p class='ocr_par' dir='ltr' id='par_1_10' title="bbox 488 896 2066 970">
     <span class='ocr_line' id='line_1_10' title="bbox 488 896 2066 970; baseline 0.002 -18"><span class='ocrx_word' id='word_1_47' title='bbox 488 908 637 954; x_wconf 90' lang='lat' dir='ltr'><strong>recte</strong></span> <span class='ocrx_word' id='word_1_48' title='bbox 660 900 895 967; x_wconf 85' lang='lat' dir='ltr'><strong>sumptis</strong></span> <span class='ocrx_word' id='word_1_49' title='bbox 914 896 1185 952; x_wconf 87' lang='lat' dir='ltr'><strong>contineri</strong></span> <span class='ocrx_word' id='word_1_50' title='bbox 1201 905 1403 970; x_wconf 58' lang='lat' dir='ltr'><strong>.potest</strong></span> <span class='ocrx_word' id='word_1_51' title='bbox 1434 897 1578 953; x_wconf 90' lang='lat' dir='ltr'><strong>idem</strong></span> <span class='ocrx_word' id='word_1_52' title='bbox 1600 900 1826 953; x_wconf 86' lang='lat' dir='ltr'><strong>omnino</strong></span> <span class='ocrx_word' id='word_1_53' title='bbox 1852 914 2066 955; x_wconf 88' lang='lat' dir='ltr'><strong>sensus.</strong></span> 
     </span>
    </p>
   </div>
   <div class='ocr_carea' id='block_1_11' title="bbox 487 988 2073 1060">
    <p class='ocr_par' dir='ltr' id='par_1_11' title="bbox 487 988 2073 1060">
     <span class='ocr_line' id='line_1_11' title="bbox 487 988 2073 1060; baseline -0.001 -15"><span class='ocrx_word' id='word_1_54' title='bbox 487 989 723 1046; x_wconf 88' lang='lat' dir='ltr'><strong>Prodeat</strong></span> <span class='ocrx_word' id='word_1_55' title='bbox 766 989 936 1059; x_wconf 78' lang='lat' dir='ltr'><strong>igitur</strong></span> <span class='ocrx_word' id='word_1_56' title='bbox 970 989 1025 1043; x_wconf 91' lang='lat' dir='ltr'><strong>in</strong></span> <span class='ocrx_word' id='word_1_57' title='bbox 1073 988 1348 1055; x_wconf 89' lang='lat' dir='ltr'><strong>medium,</strong></span> <span class='ocrx_word' id='word_1_58' title='bbox 1404 989 1453 1044; x_wconf 88' lang='lat' dir='ltr'><strong>si</strong></span> <span class='ocrx_word' id='word_1_59' title='bbox 1504 991 1632 1060; x_wconf 90' lang='lat' dir='ltr'><strong>quis</strong></span> <span class='ocrx_word' id='word_1_60' title='bbox 1660 998 1884 1045; x_wconf 85' lang='lat' dir='ltr'><strong>sanctus</strong></span> <span class='ocrx_word' id='word_1_61' title='bbox 1910 991 2073 1045; x_wconf 84' lang='lat' dir='ltr'><strong>Pater</strong></span> 
     </span>
    </p>
   </div>
   <div class='ocr_carea' id='block_1_12' title="bbox 485 1080 2072 1150">
    <p class='ocr_par' dir='ltr' id='par_1_12' title="bbox 485 1080 2072 1150">
     <span class='ocr_line' id='line_1_12' title="bbox 485 1080 2072 1150; baseline 0.001 -16"><span class='ocrx_word' id='word_1_62' title='bbox 485 1080 645 1135; x_wconf 76' lang='lat' dir='ltr'><strong>vobis</strong></span> <span class='ocrx_word' id='word_1_63' title='bbox 698 1089 784 1135; x_wconf 88' lang='lat' dir='ltr'><strong>est</strong></span> <span class='ocrx_word' id='word_1_64' title='bbox 821 1086 911 1150; x_wconf 79' lang='lat' dir='ltr'><strong>(ex</strong></span> <span class='ocrx_word' id='word_1_65' title='bbox 961 1095 1154 1135; x_wconf 90' lang='lat' dir='ltr'><strong>eorum</strong></span> <span class='ocrx_word' id='word_1_66' title='bbox 1182 1096 1440 1146; x_wconf 88' lang='lat' dir='ltr'><strong>numero,</strong></span> <span class='ocrx_word' id='word_1_67' title='bbox 1474 1097 1617 1150; x_wconf 89' lang='lat' dir='ltr'><strong>quos</strong></span> <span class='ocrx_word' id='word_1_68' title='bbox 1650 1093 1711 1136; x_wconf 87' lang='lat' dir='ltr'><strong>ut</strong></span> <span class='ocrx_word' id='word_1_69' title='bbox 1733 1081 2072 1136; x_wconf 82' lang='lat' dir='ltr'><strong>orthodoxos</strong></span> 
     </span>
    </p>
   </div>
   <div class='ocr_carea' id='block_1_13' title="bbox 484 1172 2073 1244">
    <p class='ocr_par' dir='ltr' id='par_1_13' title="bbox 484 1172 2073 1244">
     <span class='ocr_line' id='line_1_13' title="bbox 484 1172 2073 1244; baseline 0 -17"><span class='ocrx_word' id='word_1_70' title='bbox 484 1188 685 1227; x_wconf 86' lang='lat' dir='ltr'><strong>omnes</strong></span> <span class='ocrx_word' id='word_1_71' title='bbox 739 1184 1048 1243; x_wconf 82' lang='lat' dir='ltr'><strong>agnoscunt</strong></span> <span class='ocrx_word' id='word_1_72' title='bbox 1089 1180 1147 1229; x_wconf 85' lang='lat' dir='ltr'><strong>et</strong></span> <span class='ocrx_word' id='word_1_73' title='bbox 1195 1172 1409 1244; x_wconf 90' lang='lat' dir='ltr'><strong>colunt)</strong></span> <span class='ocrx_word' id='word_1_74' title='bbox 1458 1175 1553 1244; x_wconf 90' lang='lat' dir='ltr'><strong>qui</strong></span> <span class='ocrx_word' id='word_1_75' title='bbox 1611 1182 1811 1229; x_wconf 70' lang='lat' dir='ltr'><strong>vestra:</strong></span> <span class='ocrx_word' id='word_1_76' title='bbox 1848 1183 2073 1229; x_wconf 89' lang='lat' dir='ltr'><strong>senten-</strong></span> 
     </span>
    </p>
   </div>
   <div class='ocr_carea' id='block_1_14' title="bbox 485 1264 2073 1337">
    <p class='ocr_par' dir='ltr' id='par_1_14' title="bbox 485 1264 2073 1337">
     <span class='ocr_line' id='line_1_14' title="bbox 485 1264 2073 1337; baseline 0.003 -19"><span class='ocrx_word' id='word_1_77' title='bbox 485 1265 577 1319; x_wconf 64' lang='lat' dir='ltr'><strong>tia:</strong></span> <span class='ocrx_word' id='word_1_78' title='bbox 628 1264 825 1334; x_wconf 24' lang='lat' dir='ltr'><strong>favere.</strong></span> <span class='ocrx_word' id='word_1_79' title='bbox 868 1266 1159 1332; x_wconf 82' lang='lat' dir='ltr'><strong>videatur;</strong></span> <span class='ocrx_word' id='word_1_80' title='bbox 1205 1274 1262 1321; x_wconf 91' lang='lat' dir='ltr'><strong>et</strong></span> <span class='ocrx_word' id='word_1_81' title='bbox 1313 1266 1359 1322; x_wconf 84' lang='lat' dir='ltr'><strong>si</strong></span> <span class='ocrx_word' id='word_1_82' title='bbox 1410 1266 1556 1337; x_wconf 90' lang='lat' dir='ltr'><strong>quod</strong></span> <span class='ocrx_word' id='word_1_83' title='bbox 1602 1267 1905 1337; x_wconf 84' lang='lat' dir='ltr'><strong>genuinum</strong></span> <span class='ocrx_word' id='word_1_84' title='bbox 1951 1267 2073 1336; x_wconf 87' lang='lat' dir='ltr'><strong>ejus</strong></span> 
     </span>
    </p>
   </div>
   <div class='ocr_carea' id='block_1_15' title="bbox 484 1357 2072 1430">
    <p class='ocr_par' dir='ltr' id='par_1_15' title="bbox 484 1357 2072 1430">
     <span class='ocr_line' id='line_1_15' title="bbox 484 1357 2072 1430; baseline 0.001 -18"><span class='ocrx_word' id='word_1_85' title='bbox 484 1357 777 1412; x_wconf 91' lang='lat' dir='ltr'><strong>oraculum</strong></span> <span class='ocrx_word' id='word_1_86' title='bbox 809 1373 874 1412; x_wconf 82' lang='lat' dir='ltr'><strong>ex</strong></span> <span class='ocrx_word' id='word_1_87' title='bbox 904 1366 1125 1414; x_wconf 85' lang='lat' dir='ltr'><strong>vetusto</strong></span> <span class='ocrx_word' id='word_1_88' title='bbox 1163 1359 1352 1430; x_wconf 91' lang='lat' dir='ltr'><strong>aliquo</strong></span> <span class='ocrx_word' id='word_1_89' title='bbox 1390 1358 1583 1416; x_wconf 91' lang='lat' dir='ltr'><strong>codice</strong></span> <span class='ocrx_word' id='word_1_90' title='bbox 1609 1359 1939 1430; x_wconf 90' lang='lat' dir='ltr'><strong>depromere</strong></span> <span class='ocrx_word' id='word_1_91' title='bbox 1969 1374 2072 1429; x_wconf 81' lang='lat' dir='ltr'><strong>po-</strong></span> 
     </span>
    </p>
   </div>
   <div class='ocr_carea' id='block_1_16' title="bbox 488 1449 1125 1517">
    <p class='ocr_par' dir='ltr' id='par_1_16' title="bbox 488 1449 1125 1517">
     <span class='ocr_line' id='line_1_16' title="bbox 488 1449 1125 1517; baseline 0 -12"><span class='ocrx_word' id='word_1_92' title='bbox 488 1450 667 1517; x_wconf 83' lang='lat' dir='ltr'><strong>testis,</strong></span> <span class='ocrx_word' id='word_1_93' title='bbox 719 1449 857 1506; x_wconf 92' lang='lat' dir='ltr'><strong>illud</strong></span> <span class='ocrx_word' id='word_1_94' title='bbox 910 1450 1125 1508; x_wconf 83' lang='lat' dir='ltr'><strong>afferte.</strong></span> 
     </span>
    </p>
   </div>
   <div class='ocr_carea' id='block_1_17' title="bbox 2178 530 3760 608">
    <p class='ocr_par' dir='ltr' id='par_1_17' title="bbox 2178 530 3760 608">
     <span class='ocr_line' id='line_1_17' title="bbox 2178 530 3760 608; baseline 0.006 -25"><span class='ocrx_word' id='word_1_95' title='bbox 2178 530 2274 584; x_wconf 75' lang='grc' dir='ltr'>καὶ</span> <span class='ocrx_word' id='word_1_96' title='bbox 2302 531 2461 585; x_wconf 83' lang='grc' dir='ltr'>τοῦτο</span> <span class='ocrx_word' id='word_1_97' title='bbox 2499 534 2645 601; x_wconf 80' lang='grc' dir='ltr'>ὑμᾶς</span> <span class='ocrx_word' id='word_1_98' title='bbox 2682 532 2940 588; x_wconf 77' lang='grc' dir='ltr'>λανθάνει</span> <span class='ocrx_word' id='word_1_99' title='bbox 2970 535 3034 588; x_wconf 86' lang='grc' dir='ltr'><strong>τό</strong></span> <span class='ocrx_word' id='word_1_100' title='bbox 3065 551 3132 603; x_wconf 80' lang='grc' dir='ltr'><strong>γε</strong></span> <span class='ocrx_word' id='word_1_101' title='bbox 3164 536 3349 606; x_wconf 79' lang='grc' dir='ltr'>ὅμοιον</span> <span class='ocrx_word' id='word_1_102' title='bbox 3390 539 3760 608; x_wconf 72' lang='grc' dir='ltr'>προηγνοηκύ·</span> 
     </span>
    </p>
   </div>
   <div class='ocr_carea' id='block_1_18' title="bbox 2176 622 3761 701">
    <p class='ocr_par' dir='ltr' id='par_1_18' title="bbox 2176 622 3761 701">
     <span class='ocr_line' id='line_1_18' title="bbox 2176 622 3761 701; baseline 0.008 -28"><span class='ocrx_word' id='word_1_103' title='bbox 2176 637 2282 685; x_wconf 87' lang='grc' dir='ltr'><strong>τσς</strong></span> <span class='ocrx_word' id='word_1_104' title='bbox 2314 637 2327 652; x_wconf 87' lang='grc'><strong>·</strong></span> <span class='ocrx_word' id='word_1_105' title='bbox 2366 622 2558 696; x_wconf 77' lang='grc' dir='ltr'>ὥσπερ</span> <span class='ocrx_word' id='word_1_106' title='bbox 2583 624 2694 697; x_wconf 80' lang='grc' dir='ltr'><strong>γὰρ</strong></span> <span class='ocrx_word' id='word_1_107' title='bbox 2718 626 2837 681; x_wconf 76' lang='grc' dir='ltr'>ἐστι</span> <span class='ocrx_word' id='word_1_108' title='bbox 2879 626 2972 682; x_wconf 84' lang='grc' dir='ltr'>διὰ</span> <span class='ocrx_word' id='word_1_109' title='bbox 2998 626 3108 681; x_wconf 85' lang='grc' dir='ltr'><strong>τῶν</strong></span> <span class='ocrx_word' id='word_1_110' title='bbox 3135 627 3317 682; x_wconf 84' lang='grc' dir='ltr'>αὐτῶν</span> <span class='ocrx_word' id='word_1_111' title='bbox 3342 629 3540 698; x_wconf 79' lang='grc' dir='ltr'>φωνῶν</span> <span class='ocrx_word' id='word_1_112' title='bbox 3575 631 3761 701; x_wconf 85' lang='grc' dir='ltr'>διάφο-</span> 
     </span>
    </p>
   </div>
   <div class='ocr_carea' id='block_1_19' title="bbox 2179 715 3759 792">
    <p class='ocr_par' dir='ltr' id='par_1_19' title="bbox 2179 715 3759 792">
     <span class='ocr_line' id='line_1_19' title="bbox 2179 715 3759 792; baseline 0.007 -27"><span class='ocrx_word' id='word_1_113' title='bbox 2179 729 2271 783; x_wconf 89' lang='grc' dir='ltr'><strong>ρον</strong></span> <span class='ocrx_word' id='word_1_114' title='bbox 2296 715 2509 768; x_wconf 75' lang='grc' dir='ltr'>ἔννοιαν</span> <span class='ocrx_word' id='word_1_115' title='bbox 2533 718 2895 787; x_wconf 83' lang='grc' dir='ltr'><strong>σημαίνεσθαι</strong></span> <span class='ocrx_word' id='word_1_116' title='bbox 2921 720 3147 774; x_wconf 77' lang='grc' dir='ltr'>ἐπὶτῶν</span> <span class='ocrx_word' id='word_1_117' title='bbox 3168 720 3539 791; x_wconf 62' lang='grc' dir='ltr'>δυσεμφάτωχ</span> <span class='ocrx_word' id='word_1_118' title='bbox 3558 722 3759 792; x_wconf 79' lang='grc' dir='ltr'>λόγων,</span> 
     </span>
    </p>
   </div>
   <div class='ocr_carea' id='block_1_20' title="bbox 2173 805 3758 883">
    <p class='ocr_par' dir='ltr' id='par_1_20' title="bbox 2173 805 3758 883">
     <span class='ocr_line' id='line_1_20' title="bbox 2173 805 3758 883; baseline 0.007 -25"><span class='ocrx_word' id='word_1_119' title='bbox 2173 805 2320 860; x_wconf 79' lang='grc' dir='ltr'>οὕτω</span> <span class='ocrx_word' id='word_1_120' title='bbox 2370 807 2468 861; x_wconf 71' lang='grc' dir='ltr'>καὶ</span> <span class='ocrx_word' id='word_1_121' title='bbox 2525 809 2591 862; x_wconf 79' lang='grc' dir='ltr'>ὲκ</span> <span class='ocrx_word' id='word_1_122' title='bbox 2653 810 2929 882; x_wconf 85' lang='grc' dir='ltr'>διαφόρων</span> <span class='ocrx_word' id='word_1_123' title='bbox 2975 811 3153 880; x_wconf 89' lang='grc' dir='ltr'>λόγων</span> <span class='ocrx_word' id='word_1_124' title='bbox 3185 813 3285 882; x_wconf 82' lang='grc' dir='ltr'>τὴν</span> <span class='ocrx_word' id='word_1_125' title='bbox 3323 813 3497 883; x_wconf 79' lang='grc' dir='ltr'>αὐτὴν</span> <span class='ocrx_word' id='word_1_126' title='bbox 3542 813 3758 869; x_wconf 72' lang='grc' dir='ltr'>ἑννοιαν</span> 
     </span>
    </p>
   </div>
   <div class='ocr_carea' id='block_1_21' title="bbox 2176 894 3761 972">
    <p class='ocr_par' dir='ltr' id='par_1_21' title="bbox 2176 894 3761 972">
     <span class='ocr_line' id='line_1_21' title="bbox 2176 894 3761 972; baseline 0.008 -25"><span class='ocrx_word' id='word_1_127' title='bbox 2176 894 2528 964; x_wconf 82' lang='grc' dir='ltr'>συνάγεσθαι,</span> <span class='ocrx_word' id='word_1_128' title='bbox 2564 898 2657 951; x_wconf 72' lang='grc' dir='ltr'><strong>ἐπὶ</strong></span> <span class='ocrx_word' id='word_1_129' title='bbox 2685 898 2793 952; x_wconf 85' lang='grc' dir='ltr'><strong>τῶν</strong></span> <span class='ocrx_word' id='word_1_130' title='bbox 2828 900 3186 970; x_wconf 85' lang='grc' dir='ltr'>πολυφράδων</span> <span class='ocrx_word' id='word_1_131' title='bbox 3217 901 3532 972; x_wconf 82' lang='grc' dir='ltr'>νοημάτων.</span> <span class='ocrx_word' id='word_1_132' title='bbox 3567 901 3631 956; x_wconf 77' lang='lat' dir='ltr'><strong>El</strong></span> <span class='ocrx_word' id='word_1_133' title='bbox 3664 898 3761 960; x_wconf 75' lang='grc' dir='ltr'>οὖν</span> 
     </span>
    </p>
   </div>
   <div class='ocr_carea' id='block_1_22' title="bbox 2172 986 3755 1064">
    <p class='ocr_par' dir='ltr' id='par_1_22' title="bbox 2172 986 3755 1064">
     <span class='ocr_line' id='line_1_22' title="bbox 2172 986 3755 1064; baseline 0.007 -26"><span class='ocrx_word' id='word_1_134' title='bbox 2172 1002 2295 1039; x_wconf 88' lang='grc' dir='ltr'>τινα</span> <span class='ocrx_word' id='word_1_135' title='bbox 2322 986 2475 1056; x_wconf 74' lang='grc' dir='ltr'>ἔχετε</span> <span class='ocrx_word' id='word_1_136' title='bbox 2490 988 2600 1042; x_wconf 86' lang='grc' dir='ltr'><strong>τῶν</strong></span> <span class='ocrx_word' id='word_1_137' title='bbox 2624 990 3065 1063; x_wconf 77' lang='grc' dir='ltr'>ὡμολογημένων</span> <span class='ocrx_word' id='word_1_138' title='bbox 3086 994 3181 1046; x_wconf 75' lang='grc' dir='ltr'>καὶ</span> <span class='ocrx_word' id='word_1_139' title='bbox 3202 994 3465 1059; x_wconf 83' lang='grc' dir='ltr'><strong>γνωστῶν</strong></span> <span class='ocrx_word' id='word_1_140' title='bbox 3492 994 3755 1064; x_wconf 86' lang='grc' dir='ltr'>Πατέρων</span> 
     </span>
    </p>
   </div>
   <div class='ocr_carea' id='block_1_23' title="bbox 2174 1077 3759 1152">
    <p class='ocr_par' dir='ltr' id='par_1_23' title="bbox 2174 1077 3759 1152">
     <span class='ocr_line' id='line_1_23' title="bbox 2174 1077 3759 1152; baseline 0.006 -23"><span class='ocrx_word' id='word_1_141' title='bbox 2174 1077 2508 1149; x_wconf 81' lang='grc' dir='ltr'>ὀρθοδόξων,</span> <span class='ocrx_word' id='word_1_142' title='bbox 2543 1080 2640 1133; x_wconf 75' lang='grc' dir='ltr'>καὶ</span> <span class='ocrx_word' id='word_1_143' title='bbox 2685 1080 2778 1134; x_wconf 76' lang='grc' dir='ltr'>διὰ</span> <span class='ocrx_word' id='word_1_144' title='bbox 2810 1082 3040 1152; x_wconf 78' lang='grc' dir='ltr'><strong>τεύχους</strong></span> <span class='ocrx_word' id='word_1_145' title='bbox 3068 1083 3300 1138; x_wconf 89' lang='grc' dir='ltr'>παλαιοῦ</span> <span class='ocrx_word' id='word_1_146' title='bbox 3339 1084 3433 1137; x_wconf 81' lang='grc' dir='ltr'>καὶ</span> <span class='ocrx_word' id='word_1_147' title='bbox 3468 1082 3759 1138; x_wconf 83' lang='grc' dir='ltr'>ἀνοθεύτου</span> 
     </span>
    </p>
   </div>
   <div class='ocr_carea' id='block_1_24' title="bbox 2173 1168 3758 1247">
    <p class='ocr_par' dir='ltr' id='par_1_24' title="bbox 2173 1168 3758 1247">
     <span class='ocr_line' id='line_1_24' title="bbox 2173 1168 3758 1247; baseline 0.004 -25"><span class='ocrx_word' id='word_1_148' title='bbox 2173 1168 2543 1223; x_wconf 69' lang='grc' dir='ltr'><strong>ἐπιδεικνύναι</strong></span> <span class='ocrx_word' id='word_1_149' title='bbox 2571 1188 2624 1224; x_wconf 92' lang='grc' dir='ltr'><strong>τι</strong></span> <span class='ocrx_word' id='word_1_150' title='bbox 2653 1176 2766 1237; x_wconf 79' lang='grc' dir='ltr'>τοῖς</span> <span class='ocrx_word' id='word_1_151' title='bbox 2817 1175 3112 1247; x_wconf 76' lang='grc' dir='ltr'><strong>ὑμετέροις</strong></span> <span class='ocrx_word' id='word_1_152' title='bbox 3155 1175 3391 1247; x_wconf 74' lang='grc' dir='ltr'>συνᾷδον</span> <span class='ocrx_word' id='word_1_153' title='bbox 3449 1176 3712 1246; x_wconf 76' lang='grc' dir='ltr'><strong>εἰρηκότα</strong></span> <span class='ocrx_word' id='word_1_154' title='bbox 3738 1215 3758 1242; x_wconf 82' lang='grc'><em>,</em></span> 
     </span>
    </p>
   </div>
   <div class='ocr_carea' id='block_1_25' title="bbox 2174 1263 3761 1339">
    <p class='ocr_par' dir='ltr' id='par_1_25' title="bbox 2174 1263 3761 1339">
     <span class='ocr_line' id='line_1_25' title="bbox 2174 1263 3761 1339; baseline 0.006 -27"><span class='ocrx_word' id='word_1_155' title='bbox 2174 1263 2558 1332; x_wconf 83' lang='grc' dir='ltr'>προσαγάγετε</span> <span class='ocrx_word' id='word_1_156' title='bbox 2589 1281 2606 1298; x_wconf 79' lang='grc' dir='ltr'><strong>ο</strong></span> <span class='ocrx_word' id='word_1_157' title='bbox 2661 1265 2761 1327; x_wconf 82' lang='grc' dir='ltr'>τὰς</span> <span class='ocrx_word' id='word_1_158' title='bbox 2808 1267 2918 1337; x_wconf 82' lang='grc' dir='ltr'><strong>γάρ</strong></span> <span class='ocrx_word' id='word_1_159' title='bbox 2977 1266 3378 1339; x_wconf 82' lang='grc' dir='ltr'>κρυψωνύμους</span> <span class='ocrx_word' id='word_1_160' title='bbox 3422 1270 3516 1321; x_wconf 78' lang='grc' dir='ltr'>καὶ</span> <span class='ocrx_word' id='word_1_161' title='bbox 3563 1268 3761 1337; x_wconf 77' lang='grc' dir='ltr'>φαλσοο</span> 
     </span>
    </p>
   </div>
   <div class='ocr_carea' id='block_1_26' title="bbox 2173 1352 3760 1430">
    <p class='ocr_par' dir='ltr' id='par_1_26' title="bbox 2173 1352 3760 1430">
     <span class='ocr_line' id='line_1_26' title="bbox 2173 1352 3760 1430; baseline 0.004 -25"><span class='ocrx_word' id='word_1_162' title='bbox 2173 1352 2422 1422; x_wconf 85' lang='grc' dir='ltr'>γράφους</span> <span class='ocrx_word' id='word_1_163' title='bbox 2450 1354 2604 1424; x_wconf 82' lang='grc' dir='ltr'>ὑμῶν</span> <span class='ocrx_word' id='word_1_164' title='bbox 2634 1358 2858 1427; x_wconf 81' lang='grc' dir='ltr'><strong>χρήσεις</strong></span> <span class='ocrx_word' id='word_1_165' title='bbox 2885 1357 2997 1428; x_wconf 82' lang='grc'><strong>(10)</strong></span> <span class='ocrx_word' id='word_1_166' title='bbox 3038 1358 3186 1423; x_wconf 63' lang='lat' dir='ltr'><strong>am:</strong></span> <span class='ocrx_word' id='word_1_167' title='bbox 3223 1360 3319 1412; x_wconf 85' lang='grc' dir='ltr'>καὶ</span> <span class='ocrx_word' id='word_1_168' title='bbox 3350 1359 3433 1424; x_wconf 75' lang='grc' dir='ltr'>δὶς</span> <span class='ocrx_word' id='word_1_169' title='bbox 3478 1358 3760 1430; x_wconf 82' lang='grc' dir='ltr'>φωραθεί-</span> 
     </span>
    </p>
   </div>
   <div class='ocr_carea' id='block_1_27' title="bbox 2177 1444 3757 1521">
    <p class='ocr_par' dir='ltr' id='par_1_27' title="bbox 2177 1444 3757 1521">
     <span class='ocr_line' id='line_1_27' title="bbox 2177 1444 3757 1521; baseline 0.004 -26"><span class='ocrx_word' id='word_1_170' title='bbox 2177 1458 2279 1506; x_wconf 90' lang='grc' dir='ltr'><strong>σας</strong></span> <span class='ocrx_word' id='word_1_171' title='bbox 2328 1444 2388 1497; x_wconf 76' lang='grc' dir='ltr'>ὲν</span> <span class='ocrx_word' id='word_1_172' title='bbox 2447 1444 2694 1519; x_wconf 83' lang='grc' dir='ltr'>ἀκεραίῳ</span> <span class='ocrx_word' id='word_1_173' title='bbox 2750 1446 3021 1518; x_wconf 78' lang='grc' dir='ltr'><strong>ἁπλότητι</strong></span> <span class='ocrx_word' id='word_1_174' title='bbox 3071 1447 3262 1502; x_wconf 80' lang='grc' dir='ltr'>λοιπὸν</span> <span class='ocrx_word' id='word_1_175' title='bbox 3315 1452 3378 1503; x_wconf 82' lang='grc' dir='ltr'>οὐ</span> <span class='ocrx_word' id='word_1_176' title='bbox 3446 1450 3757 1521; x_wconf 82' lang='grc' dir='ltr'>παραδεχό-</span> 
     </span>
    </p>
   </div>
   <div class='ocr_carea' id='block_1_28' title="bbox 2076 1534 2345 1605">
    <p class='ocr_par' dir='ltr' id='par_1_28' title="bbox 2076 1534 2345 1605">
     <span class='ocr_line' id='line_1_28' title="bbox 2076 1534 2345 1605; baseline 0.019 -20"><span class='ocrx_word' id='word_1_177' title='bbox 2076 1579 2085 1585; x_wconf 90' lang='grc'>.</span> <span class='ocrx_word' id='word_1_178' title='bbox 2177 1534 2345 1605; x_wconf 84' lang='grc' dir='ltr'>μεθα.</span> 
     </span>
    </p>
   </div>
   <div class='ocr_carea' id='block_1_29' title="bbox 557 1629 2072 1700">
    <p class='ocr_par' dir='ltr' id='par_1_29' title="bbox 557 1629 2072 1700">
     <span class='ocr_line' id='line_1_29' title="bbox 557 1629 2072 1700; baseline 0.001 -16"><span class='ocrx_word' id='word_1_179' title='bbox 557 1629 694 1684; x_wconf 89' lang='lat' dir='ltr'><strong>Nam</strong></span> <span class='ocrx_word' id='word_1_180' title='bbox 724 1629 871 1700; x_wconf 88' lang='lat' dir='ltr'><strong>quod</strong></span> <span class='ocrx_word' id='word_1_181' title='bbox 922 1631 1121 1685; x_wconf 84' lang='lat' dir='ltr'><strong>attinet</strong></span> <span class='ocrx_word' id='word_1_182' title='bbox 1159 1631 1227 1686; x_wconf 89' lang='lat' dir='ltr'><strong>ad</strong></span> <span class='ocrx_word' id='word_1_183' title='bbox 1272 1631 1629 1686; x_wconf 79' lang='lat' dir='ltr'><strong>auctoritates</strong></span> <span class='ocrx_word' id='word_1_184' title='bbox 1669 1645 1700 1686; x_wconf 89' lang='lat' dir='ltr'><strong>a</strong></span> <span class='ocrx_word' id='word_1_185' title='bbox 1733 1630 1891 1686; x_wconf 83' lang='lat' dir='ltr'><strong>vobis</strong></span> <span class='ocrx_word' id='word_1_186' title='bbox 1935 1630 2072 1686; x_wconf 87' lang='lat' dir='ltr'><strong>alla-</strong></span> 
     </span>
    </p>
   </div>
   <div class='ocr_carea' id='block_1_30' title="bbox 490 1721 2073 1793">
    <p class='ocr_par' dir='ltr' id='par_1_30' title="bbox 490 1721 2073 1793">
     <span class='ocr_line' id='line_1_30' title="bbox 490 1721 2073 1793; baseline 0.003 -21"><span class='ocrx_word' id='word_1_187' title='bbox 490 1726 595 1785; x_wconf 88' lang='lat' dir='ltr'><strong>tas,</strong></span> <span class='ocrx_word' id='word_1_188' title='bbox 648 1735 773 1775; x_wconf 90' lang='lat' dir='ltr'><strong>cum</strong></span> <span class='ocrx_word' id='word_1_189' title='bbox 815 1736 959 1789; x_wconf 60' lang='lat' dir='ltr'><strong>sape</strong></span> <span class='ocrx_word' id='word_1_190' title='bbox 1010 1721 1338 1776; x_wconf 70' lang='lat' dir='ltr'><strong>adulterina:</strong></span> <span class='ocrx_word' id='word_1_191' title='bbox 1372 1737 1438 1777; x_wconf 91' lang='lat' dir='ltr'><strong>ac</strong></span> <span class='ocrx_word' id='word_1_192' title='bbox 1467 1722 1667 1793; x_wconf 68' lang='lat' dir='ltr'><strong>spuriaa</strong></span> <span class='ocrx_word' id='word_1_193' title='bbox 1709 1721 2073 1792; x_wconf 67' lang='lat' dir='ltr'><strong>deprehensae</strong></span> 
     </span>
    </p>
   </div>
   <div class='ocr_carea' id='block_1_31' title="bbox 486 1812 2073 1885">
    <p class='ocr_par' dir='ltr' id='par_1_31' title="bbox 486 1812 2073 1885">
     <span class='ocr_line' id='line_1_31' title="bbox 486 1812 2073 1885; baseline 0.002 -19"><span class='ocrx_word' id='word_1_194' title='bbox 486 1812 714 1876; x_wconf 88' lang='lat' dir='ltr'><strong>fuerint,</strong></span> <span class='ocrx_word' id='word_1_195' title='bbox 762 1828 858 1868; x_wconf 89' lang='lat' dir='ltr'><strong>eas</strong></span> <span class='ocrx_word' id='word_1_196' title='bbox 910 1813 1146 1882; x_wconf 89' lang='lat' dir='ltr'><strong>amplius</strong></span> <span class='ocrx_word' id='word_1_197' title='bbox 1201 1822 1262 1868; x_wconf 92' lang='lat' dir='ltr'><strong>ut</strong></span> <span class='ocrx_word' id='word_1_198' title='bbox 1302 1813 1543 1884; x_wconf 86' lang='lat' dir='ltr'><strong>integras</strong></span> <span class='ocrx_word' id='word_1_199' title='bbox 1593 1824 1761 1883; x_wconf 85' lang='lat' dir='ltr'><strong>atque</strong></span> <span class='ocrx_word' id='word_1_200' title='bbox 1804 1815 2073 1885; x_wconf 85' lang='lat' dir='ltr'><strong>genuinas</strong></span> 
     </span>
    </p>
   </div>
   <div class='ocr_carea' id='block_1_32' title="bbox 486 1901 2072 1971">
    <p class='ocr_par' dir='ltr' id='par_1_32' title="bbox 486 1901 2072 1971">
     <span class='ocr_line' id='line_1_32' title="bbox 486 1901 2072 1971; baseline 0.001 -15"><span class='ocrx_word' id='word_1_201' title='bbox 486 1901 781 1956; x_wconf 74' lang='lat' dir='ltr'><strong>admittere</strong></span> <span class='ocrx_word' id='word_1_202' title='bbox 824 1917 934 1956; x_wconf 91' lang='lat' dir='ltr'><strong>non</strong></span> <span class='ocrx_word' id='word_1_203' title='bbox 972 1918 1284 1971; x_wconf 88' lang='lat' dir='ltr'><strong>possumus.</strong></span> <span class='ocrx_word' id='word_1_204' title='bbox 1335 1902 1649 1957; x_wconf 82' lang='lat' dir='ltr'><strong>Asserimus</strong></span> <span class='ocrx_word' id='word_1_205' title='bbox 1696 1912 1877 1957; x_wconf 76' lang='lat' dir='ltr'><strong>tamen</strong></span> <span class='ocrx_word' id='word_1_206' title='bbox 1923 1910 1981 1958; x_wconf 90' lang='lat' dir='ltr'><strong>et</strong></span> <span class='ocrx_word' id='word_1_207' title='bbox 2015 1904 2072 1958; x_wconf 90' lang='lat' dir='ltr'><strong>in</strong></span> 
     </span>
    </p>
   </div>
   <div class='ocr_carea' id='block_1_33' title="bbox 487 1992 2071 2062">
    <p class='ocr_par' dir='ltr' id='par_1_33' title="bbox 487 1992 2071 2062">
     <span class='ocr_line' id='line_1_33' title="bbox 487 1992 2071 2062; baseline 0.002 -17"><span class='ocrx_word' id='word_1_208' title='bbox 487 1992 576 2046; x_wconf 91' lang='lat' dir='ltr'><strong>his</strong></span> <span class='ocrx_word' id='word_1_209' title='bbox 623 1993 758 2060; x_wconf 86' lang='lat' dir='ltr'><strong>ipsis</strong></span> <span class='ocrx_word' id='word_1_210' title='bbox 792 1993 1220 2046; x_wconf 83' lang='lat' dir='ltr'><strong>auctoritatibus</strong></span> <span class='ocrx_word' id='word_1_211' title='bbox 1248 1993 1453 2062; x_wconf 88' lang='lat' dir='ltr'><strong>quibus</strong></span> <span class='ocrx_word' id='word_1_212' title='bbox 1482 1993 1637 2046; x_wconf 90' lang='lat' dir='ltr'><strong>abuti</strong></span> <span class='ocrx_word' id='word_1_213' title='bbox 1670 1994 1879 2058; x_wconf 86' lang='lat' dir='ltr'><strong>soletis,</strong></span> <span class='ocrx_word' id='word_1_214' title='bbox 1912 2010 2071 2048; x_wconf 90' lang='lat' dir='ltr'><strong>men-</strong></span> 
     </span>
    </p>
   </div>
   <div class='ocr_carea' id='block_1_34' title="bbox 485 2081 2070 2153">
    <p class='ocr_par' dir='ltr' id='par_1_34' title="bbox 485 2081 2070 2153">
     <span class='ocr_line' id='line_1_34' title="bbox 485 2081 2070 2153; baseline 0.001 -18"><span class='ocrx_word' id='word_1_215' title='bbox 485 2082 695 2137; x_wconf 81' lang='lat' dir='ltr'><strong>tionem</strong></span> <span class='ocrx_word' id='word_1_216' title='bbox 749 2097 893 2153; x_wconf 74' lang='lat' dir='ltr'><strong>sarpe</strong></span> <span class='ocrx_word' id='word_1_217' title='bbox 947 2081 1064 2136; x_wconf 83' lang='lat' dir='ltr'><strong>ﬁeri</strong></span> <span class='ocrx_word' id='word_1_218' title='bbox 1107 2097 1232 2137; x_wconf 91' lang='lat' dir='ltr'><strong>cum</strong></span> <span class='ocrx_word' id='word_1_219' title='bbox 1283 2092 1495 2137; x_wconf 69' lang='lat' dir='ltr'><strong>naturae</strong></span> <span class='ocrx_word' id='word_1_220' title='bbox 1537 2096 1594 2138; x_wconf 89' lang='lat' dir='ltr'><strong>et</strong></span> <span class='ocrx_word' id='word_1_221' title='bbox 1640 2082 1915 2144; x_wconf 67' lang='lat' dir='ltr'><strong>essentiaa,</strong></span> <span class='ocrx_word' id='word_1_222' title='bbox 1954 2093 2070 2138; x_wconf 89' lang='lat' dir='ltr'><strong>tum</strong></span> 
     </span>
    </p>
   </div>
   <div class='ocr_carea' id='block_1_35' title="bbox 484 2174 2071 2245">
    <p class='ocr_par' dir='ltr' id='par_1_35' title="bbox 484 2174 2071 2245">
     <span class='ocr_line' id='line_1_35' title="bbox 484 2174 2071 2245; baseline 0.001 -18"><span class='ocrx_word' id='word_1_223' title='bbox 484 2174 858 2242; x_wconf 54' lang='lat' dir='ltr'><strong>subsistentia:</strong></span> <span class='ocrx_word' id='word_1_224' title='bbox 904 2182 960 2228; x_wconf 90' lang='lat' dir='ltr'><strong>et</strong></span> <span class='ocrx_word' id='word_1_225' title='bbox 1010 2189 1281 2243; x_wconf 70' lang='lat' dir='ltr'><strong>personze.</strong></span> <span class='ocrx_word' id='word_1_226' title='bbox 1309 2174 1429 2229; x_wconf 89' lang='lat' dir='ltr'><strong>Non</strong></span> <span class='ocrx_word' id='word_1_227' title='bbox 1470 2175 1619 2229; x_wconf 91' lang='lat' dir='ltr'><strong>enim</strong></span> <span class='ocrx_word' id='word_1_228' title='bbox 1649 2175 1876 2245; x_wconf 87' lang='lat' dir='ltr'><strong>proprio</strong></span> <span class='ocrx_word' id='word_1_229' title='bbox 1905 2189 2071 2229; x_wconf 86' lang='lat' dir='ltr'><strong>sensu</strong></span> 
     </span>
    </p>
   </div>
   <div class='ocr_carea' id='block_1_36' title="bbox 485 2266 2073 2341">
    <p class='ocr_par' dir='ltr' id='par_1_36' title="bbox 485 2266 2073 2341">
     <span class='ocr_line' id='line_1_36' title="bbox 485 2266 2073 2341; baseline 0.002 -22"><span class='ocrx_word' id='word_1_230' title='bbox 485 2276 710 2334; x_wconf 74' lang='lat' dir='ltr'><strong>semper</strong></span> <span class='ocrx_word' id='word_1_231' title='bbox 756 2274 1072 2321; x_wconf 89' lang='lat' dir='ltr'><strong>sumuntur.</strong></span> <span class='ocrx_word' id='word_1_232' title='bbox 1122 2266 1258 2321; x_wconf 81' lang='lat' dir='ltr'><strong>Nam</strong></span> <span class='ocrx_word' id='word_1_233' title='bbox 1306 2281 1431 2320; x_wconf 89' lang='lat' dir='ltr'><strong>cum</strong></span> <span class='ocrx_word' id='word_1_234' title='bbox 1476 2282 1706 2337; x_wconf 80' lang='lat' dir='ltr'><strong>magnus</strong></span> <span class='ocrx_word' id='word_1_235' title='bbox 1738 2267 2073 2341; x_wconf 45' lang='lat' dir='ltr'><strong>chanasius</strong></span> 
     </span>
    </p>
   </div>
   <div class='ocr_carea' id='block_1_37' title="bbox 485 2356 2069 2429">
    <p class='ocr_par' dir='ltr' id='par_1_37' title="bbox 485 2356 2069 2429">
     <span class='ocr_line' id='line_1_37' title="bbox 485 2356 2069 2429; baseline 0.002 -19"><span class='ocrx_word' id='word_1_236' title='bbox 485 2364 543 2410; x_wconf 92' lang='lat' dir='ltr'><strong>et</strong></span> <span class='ocrx_word' id='word_1_237' title='bbox 573 2356 804 2412; x_wconf 86' lang='lat' dir='ltr'><strong>Proclus</strong></span> <span class='ocrx_word' id='word_1_238' title='bbox 848 2373 1117 2427; x_wconf 87' lang='lat' dir='ltr'><strong>personas</strong></span> <span class='ocrx_word' id='word_1_239' title='bbox 1163 2366 1218 2413; x_wconf 91' lang='lat' dir='ltr'><strong>et</strong></span> <span class='ocrx_word' id='word_1_240' title='bbox 1250 2358 1571 2429; x_wconf 84' lang='lat' dir='ltr'><strong>hypostases</strong></span> <span class='ocrx_word' id='word_1_241' title='bbox 1603 2359 1657 2412; x_wconf 91' lang='lat' dir='ltr'><strong>in</strong></span> <span class='ocrx_word' id='word_1_242' title='bbox 1684 2358 1904 2413; x_wconf 87' lang='lat' dir='ltr'><strong>Christo</strong></span> <span class='ocrx_word' id='word_1_243' title='bbox 1933 2374 2069 2414; x_wconf 88' lang='lat' dir='ltr'><strong>con-</strong></span> 
     </span>
    </p>
   </div>
   <div class='ocr_carea' id='block_1_38' title="bbox 482 2449 2072 2521">
    <p class='ocr_par' dir='ltr' id='par_1_38' title="bbox 482 2449 2072 2521">
     <span class='ocr_line' id='line_1_38' title="bbox 482 2449 2072 2521; baseline 0.004 -20"><span class='ocrx_word' id='word_1_244' title='bbox 482 2449 704 2518; x_wconf 86' lang='lat' dir='ltr'><strong>junctas</strong></span> <span class='ocrx_word' id='word_1_245' title='bbox 759 2459 1020 2504; x_wconf 87' lang='lat' dir='ltr'><strong>asserunt</strong></span> <span class='ocrx_word' id='word_1_246' title='bbox 1055 2451 1202 2517; x_wconf 84' lang='lat' dir='ltr'><strong>(ll);</strong></span> <span class='ocrx_word' id='word_1_247' title='bbox 1258 2460 1375 2505; x_wconf 92' lang='lat' dir='ltr'><strong>tum</strong></span> <span class='ocrx_word' id='word_1_248' title='bbox 1443 2451 1639 2504; x_wconf 89' lang='lat' dir='ltr'><strong>beatus</strong></span> <span class='ocrx_word' id='word_1_249' title='bbox 1687 2450 1925 2521; x_wconf 86' lang='lat' dir='ltr'><strong>Cyrillus</strong></span> <span class='ocrx_word' id='word_1_250' title='bbox 1957 2451 2072 2507; x_wconf 63' lang='lat' dir='ltr'><strong>haec</strong></span> 
     </span>
    </p>
   </div>
   <div class='ocr_carea' id='block_1_39' title="bbox 487 2540 2071 2613">
    <p class='ocr_par' dir='ltr' id='par_1_39' title="bbox 487 2540 2071 2613">
     <span class='ocr_line' id='line_1_39' title="bbox 487 2540 2071 2613; baseline 0.003 -20"><span class='ocrx_word' id='word_1_251' title='bbox 487 2540 693 2595; x_wconf 84' lang='lat' dir='ltr'><strong>habet:</strong></span> <span class='ocrx_word' id='word_1_252' title='bbox 719 2542 765 2595; x_wconf 78' lang='lat' dir='ltr'><strong>si</strong></span> <span class='ocrx_word' id='word_1_253' title='bbox 782 2543 901 2612; x_wconf 75' lang='lat' dir='ltr'><strong>quis</strong></span> <span class='ocrx_word' id='word_1_254' title='bbox 919 2545 1228 2613; x_wconf 75' lang='lat' dir='ltr'><strong>hypostases</strong></span> <span class='ocrx_word' id='word_1_255' title='bbox 1249 2542 1551 2612; x_wconf 79' lang='lat' dir='ltr'><strong>distinguit.</strong></span> <span class='ocrx_word' id='word_1_256' title='bbox 1577 2543 1750 2597; x_wconf 88' lang='lat' dir='ltr'><strong>Porro</strong></span> <span class='ocrx_word' id='word_1_257' title='bbox 1775 2544 1819 2597; x_wconf 92' lang='lat' dir='ltr'><strong>si</strong></span> <span class='ocrx_word' id='word_1_258' title='bbox 1848 2544 2071 2612; x_wconf 89' lang='lat' dir='ltr'><strong>propria</strong></span> 
     </span>
    </p>
   </div>
   <div class='ocr_carea' id='block_1_40' title="bbox 487 2630 2072 2701">
    <p class='ocr_par' dir='ltr' id='par_1_40' title="bbox 487 2630 2072 2701">
     <span class='ocr_line' id='line_1_40' title="bbox 487 2630 2072 2701; baseline 0.002 -18"><span class='ocrx_word' id='word_1_259' title='bbox 487 2630 891 2699; x_wconf 77' lang='lat' dir='ltr'><strong>signiﬁcatione</strong></span> <span class='ocrx_word' id='word_1_260' title='bbox 913 2646 1079 2684; x_wconf 84' lang='lat' dir='ltr'><strong>voces</strong></span> <span class='ocrx_word' id='word_1_261' title='bbox 1098 2631 1233 2685; x_wconf 86' lang='lat' dir='ltr'><strong>istas</strong></span> <span class='ocrx_word' id='word_1_262' title='bbox 1254 2642 1550 2700; x_wconf 89' lang='lat' dir='ltr'><strong>usurpatas</strong></span> <span class='ocrx_word' id='word_1_263' title='bbox 1571 2631 2072 2701; x_wconf 84' lang='lat' dir='ltr'><strong>intelligamus,eas</strong></span> 
     </span>
    </p>
   </div>
   <div class='ocr_carea' id='block_1_41' title="bbox 480 2722 2075 2791">
    <p class='ocr_par' dir='ltr' id='par_1_41' title="bbox 480 2722 2075 2791">
     <span class='ocr_line' id='line_1_41' title="bbox 480 2722 2075 2791; baseline 0.001 -17"><span class='ocrx_word' id='word_1_264' title='bbox 480 2723 606 2791; x_wconf 86' lang='lat' dir='ltr'><strong>jure</strong></span> <span class='ocrx_word' id='word_1_265' title='bbox 643 2736 708 2775; x_wconf 89' lang='lat' dir='ltr'><strong>ac</strong></span> <span class='ocrx_word' id='word_1_266' title='bbox 748 2722 952 2776; x_wconf 91' lang='lat' dir='ltr'><strong>merito</strong></span> <span class='ocrx_word' id='word_1_267' title='bbox 1001 2722 1161 2775; x_wconf 89' lang='lat' dir='ltr'><strong>nobis</strong></span> <span class='ocrx_word' id='word_1_268' title='bbox 1212 2722 1398 2776; x_wconf 86' lang='lat' dir='ltr'><strong>statim</strong></span> <span class='ocrx_word' id='word_1_269' title='bbox 1446 2722 1748 2776; x_wconf 89' lang='lat' dir='ltr'><strong>ohtrudent</strong></span> <span class='ocrx_word' id='word_1_270' title='bbox 1785 2732 1843 2776; x_wconf 89' lang='lat' dir='ltr'><strong>et</strong></span> <span class='ocrx_word' id='word_1_271' title='bbox 1878 2722 2075 2777; x_wconf 84' lang='lat' dir='ltr'><strong>Nesto-</strong></span> 
     </span>
    </p>
   </div>
   <div class='ocr_carea' id='block_1_42' title="bbox 486 2811 2069 2883">
    <p class='ocr_par' dir='ltr' id='par_1_42' title="bbox 486 2811 2069 2883">
     <span class='ocr_line' id='line_1_42' title="bbox 486 2811 2069 2883; baseline 0.002 -18"><span class='ocrx_word' id='word_1_272' title='bbox 486 2811 650 2876; x_wconf 88' lang='lat' dir='ltr'><strong>riani,</strong></span> <span class='ocrx_word' id='word_1_273' title='bbox 696 2812 789 2882; x_wconf 92' lang='lat' dir='ltr'><strong>qui</strong></span> <span class='ocrx_word' id='word_1_274' title='bbox 822 2829 1088 2883; x_wconf 88' lang='lat' dir='ltr'><strong>personas</strong></span> <span class='ocrx_word' id='word_1_275' title='bbox 1117 2814 1170 2867; x_wconf 90' lang='lat' dir='ltr'><strong>in</strong></span> <span class='ocrx_word' id='word_1_276' title='bbox 1203 2812 1425 2868; x_wconf 88' lang='lat' dir='ltr'><strong>Christo</strong></span> <span class='ocrx_word' id='word_1_277' title='bbox 1455 2812 1715 2883; x_wconf 76' lang='lat' dir='ltr'><strong>conjungi</strong></span> <span class='ocrx_word' id='word_1_278' title='bbox 1759 2821 2069 2868; x_wconf 85' lang='lat' dir='ltr'><strong>autumant.</strong></span> 
     </span>
    </p>
   </div>
   <div class='ocr_carea' id='block_1_43' title="bbox 485 2901 2069 2975">
    <p class='ocr_par' dir='ltr' id='par_1_43' title="bbox 485 2901 2069 2975">
     <span class='ocr_line' id='line_1_43' title="bbox 485 2901 2069 2975; baseline 0.003 -20"><span class='ocrx_word' id='word_1_279' title='bbox 485 2901 779 2967; x_wconf 86' lang='lat' dir='ltr'><strong>Quomodo</strong></span> <span class='ocrx_word' id='word_1_280' title='bbox 832 2912 1016 2958; x_wconf 87' lang='lat' dir='ltr'><strong>autem</strong></span> <span class='ocrx_word' id='word_1_281' title='bbox 1065 2904 1172 2959; x_wconf 88' lang='lat' dir='ltr'><strong>hoc</strong></span> <span class='ocrx_word' id='word_1_282' title='bbox 1205 2919 1370 2959; x_wconf 91' lang='lat' dir='ltr'><strong>sensu</strong></span> <span class='ocrx_word' id='word_1_283' title='bbox 1408 2904 1560 2973; x_wconf 92' lang='lat' dir='ltr'><strong>loqui</strong></span> <span class='ocrx_word' id='word_1_284' title='bbox 1599 2904 1779 2973; x_wconf 89' lang='lat' dir='ltr'><strong>potuit</strong></span> <span class='ocrx_word' id='word_1_285' title='bbox 1810 2903 2069 2975; x_wconf 80' lang='lat' dir='ltr'><strong>Cyrillus,</strong></span> 
     </span>
    </p>
   </div>
   <div class='ocr_carea' id='block_1_44' title="bbox 486 2993 2071 3065">
    <p class='ocr_par' dir='ltr' id='par_1_44' title="bbox 486 2993 2071 3065">
     <span class='ocr_line' id='line_1_44' title="bbox 486 2993 2071 3065; baseline 0.002 -19"><span class='ocrx_word' id='word_1_286' title='bbox 486 2994 583 3062; x_wconf 90' lang='lat' dir='ltr'><strong>qui</strong></span> <span class='ocrx_word' id='word_1_287' title='bbox 635 2994 688 3047; x_wconf 62' lang='grc' dir='ltr'>δ’</span> <span class='ocrx_word' id='word_1_288' title='bbox 734 2995 928 3049; x_wconf 88' lang='lat' dir='ltr'><strong>anath.</strong></span> <span class='ocrx_word' id='word_1_289' title='bbox 976 2995 1094 3049; x_wconf 87' lang='lat' dir='ltr'><strong>ait:</strong></span> <span class='ocrx_word' id='word_1_290' title='bbox 1129 3013 1147 3044; x_wconf 81' lang='grc' dir='ltr'><strong>ι</strong></span> <span class='ocrx_word' id='word_1_291' title='bbox 1180 2993 1235 3049; x_wconf 92' lang='lat' dir='ltr'><strong>Si</strong></span> <span class='ocrx_word' id='word_1_292' title='bbox 1268 2995 1395 3065; x_wconf 89' lang='lat' dir='ltr'><strong>quis</strong></span> <span class='ocrx_word' id='word_1_293' title='bbox 1421 2995 1640 3049; x_wconf 90' lang='lat' dir='ltr'><strong>duabus</strong></span> <span class='ocrx_word' id='word_1_294' title='bbox 1671 2996 1945 3065; x_wconf 87' lang='lat' dir='ltr'><strong>personis,</strong></span> <span class='ocrx_word' id='word_1_295' title='bbox 1986 2995 2071 3049; x_wconf 78' lang='lat' dir='ltr'><strong>vel</strong></span> 
     </span>
    </p>
   </div>
   <div class='ocr_carea' id='block_1_45' title="bbox 2245 1625 3759 1701">
    <p class='ocr_par' dir='ltr' id='par_1_45' title="bbox 2245 1625 3759 1701">
     <span class='ocr_line' id='line_1_45' title="bbox 2245 1625 3759 1701; baseline 0.005 -22"><span class='ocrx_word' id='word_1_296' title='bbox 2245 1625 2852 1700; x_wconf 81' lang='grc' dir='ltr'>Πρρδιαμαρτυρόμεθα</span> <span class='ocrx_word' id='word_1_297' title='bbox 2865 1628 2921 1683; x_wconf 75' lang='grc' dir='ltr'>δὲ</span> <span class='ocrx_word' id='word_1_298' title='bbox 2939 1629 3090 1699; x_wconf 85' lang='grc' dir='ltr'>ὅμως</span> <span class='ocrx_word' id='word_1_299' title='bbox 3108 1629 3262 1684; x_wconf 74' lang='lat' dir='ltr'><strong>61:th</strong></span> <span class='ocrx_word' id='word_1_300' title='bbox 3279 1632 3618 1701; x_wconf 79' lang='grc' dir='ltr'>καταχρήσει</span> <span class='ocrx_word' id='word_1_301' title='bbox 3638 1630 3759 1686; x_wconf 76' lang='grc' dir='ltr'>εστι</span> 
     </span>
    </p>
   </div>
   <div class='ocr_carea' id='block_1_46' title="bbox 2175 1718 3759 1793">
    <p class='ocr_par' dir='ltr' id='par_1_46' title="bbox 2175 1718 3759 1793">
     <span class='ocr_line' id='line_1_46' title="bbox 2175 1718 3759 1793; baseline 0.003 -22"><span class='ocrx_word' id='word_1_302' title='bbox 2175 1718 2445 1783; x_wconf 74' lang='grc' dir='ltr'>πολλάκις</span> <span class='ocrx_word' id='word_1_303' title='bbox 2490 1722 2905 1792; x_wconf 86' lang='grc' dir='ltr'>μεταγενόμενα</span> <span class='ocrx_word' id='word_1_304' title='bbox 2948 1724 3132 1792; x_wconf 86' lang='grc' dir='ltr'>εὑρεῖν</span> <span class='ocrx_word' id='word_1_305' title='bbox 3177 1721 3369 1776; x_wconf 79' lang='grc' dir='ltr'>καὶτὰ</span> <span class='ocrx_word' id='word_1_306' title='bbox 3411 1724 3511 1793; x_wconf 82' lang='grc' dir='ltr'>τῆς</span> <span class='ocrx_word' id='word_1_307' title='bbox 3541 1722 3759 1793; x_wconf 87' lang='grc' dir='ltr'>φύσεως</span> 
     </span>
    </p>
   </div>
   <div class='ocr_carea' id='block_1_47' title="bbox 2105 1794 3760 1884">
    <p class='ocr_par' dir='ltr' id='par_1_47' title="bbox 2105 1794 3760 1884">
     <span class='ocr_line' id='line_1_47' title="bbox 2105 1794 3760 1884; baseline 0.002 -20"><span class='ocrx_word' id='word_1_308' title='bbox 2105 1794 2145 1849; x_wconf 74' lang='grc' dir='ltr'><strong>Β</strong></span> <span class='ocrx_word' id='word_1_309' title='bbox 2174 1810 2271 1864; x_wconf 78' lang='grc' dir='ltr'>καὶ</span> <span class='ocrx_word' id='word_1_310' title='bbox 2281 1812 2472 1878; x_wconf 79' lang='grc' dir='ltr'>οὐσίας</span> <span class='ocrx_word' id='word_1_311' title='bbox 2489 1814 2587 1867; x_wconf 74' lang='grc' dir='ltr'>καὶ</span> <span class='ocrx_word' id='word_1_312' title='bbox 2609 1814 2964 1879; x_wconf 79' lang='grc' dir='ltr'>ὑποστάσεως</span> <span class='ocrx_word' id='word_1_313' title='bbox 2983 1814 3080 1868; x_wconf 77' lang='grc' dir='ltr'>καὶ</span> <span class='ocrx_word' id='word_1_314' title='bbox 3094 1812 3390 1884; x_wconf 82' lang='grc' dir='ltr'>προσώπου</span> <span class='ocrx_word' id='word_1_315' title='bbox 3409 1814 3650 1884; x_wconf 83' lang='grc' dir='ltr'>ὀνόματα</span> <span class='ocrx_word' id='word_1_316' title='bbox 3662 1814 3760 1867; x_wconf 67' lang='grc' dir='ltr'><strong>ἰπὶ</strong></span> 
     </span>
    </p>
   </div>
   <div class='ocr_carea' id='block_1_48' title="bbox 2171 1904 3759 1977">
    <p class='ocr_par' dir='ltr' id='par_1_48' title="bbox 2171 1904 3759 1977">
     <span class='ocr_line' id='line_1_48' title="bbox 2171 1904 3759 1977; baseline 0.002 -21"><span class='ocrx_word' id='word_1_317' title='bbox 2171 1904 2272 1973; x_wconf 86' lang='grc' dir='ltr'>τῆς</span> <span class='ocrx_word' id='word_1_318' title='bbox 2306 1905 2620 1974; x_wconf 77' lang='grc' dir='ltr'>οἰκονομίας</span> <span class='ocrx_word' id='word_1_319' title='bbox 2639 1921 2655 1938; x_wconf 80' lang='grc' dir='ltr'><strong>ο</strong></span> <span class='ocrx_word' id='word_1_320' title='bbox 2681 1907 2742 1958; x_wconf 82' lang='grc' dir='ltr'>οὺ</span> <span class='ocrx_word' id='word_1_321' title='bbox 2774 1907 2883 1977; x_wconf 79' lang='grc' dir='ltr'>γὰρ</span> <span class='ocrx_word' id='word_1_322' title='bbox 2912 1907 3122 1977; x_wconf 81' lang='grc' dir='ltr'>κυρίως</span> <span class='ocrx_word' id='word_1_323' title='bbox 3150 1906 3240 1960; x_wconf 76' lang='grc' dir='ltr'><strong>ἀεὶ</strong></span> <span class='ocrx_word' id='word_1_324' title='bbox 3260 1908 3441 1960; x_wconf 87' lang='grc' dir='ltr'>κεῖται</span> <span class='ocrx_word' id='word_1_325' title='bbox 3459 1945 3474 1960; x_wconf 93' lang='grc'><strong>.</strong></span> <span class='ocrx_word' id='word_1_326' title='bbox 3520 1904 3759 1959; x_wconf 81' lang='grc' dir='ltr'>Ἀθανά-</span> 
     </span>
    </p>
   </div>
   <div class='ocr_carea' id='block_1_49' title="bbox 2174 1993 3758 2070">
    <p class='ocr_par' dir='ltr' id='par_1_49' title="bbox 2174 1993 3758 2070">
     <span class='ocr_line' id='line_1_49' title="bbox 2174 1993 3758 2070; baseline 0.001 -23"><span class='ocrx_word' id='word_1_327' title='bbox 2174 1994 2289 2059; x_wconf 83' lang='grc' dir='ltr'>σιύς</span> <span class='ocrx_word' id='word_1_328' title='bbox 2313 2012 2374 2049; x_wconf 85' lang='grc' dir='ltr'><strong>τε</strong></span> <span class='ocrx_word' id='word_1_329' title='bbox 2403 1997 2513 2066; x_wconf 87' lang='grc' dir='ltr'><strong>γάρ</strong></span> <span class='ocrx_word' id='word_1_330' title='bbox 2547 1999 2576 2051; x_wconf 99' lang='lat'><strong>6</strong></span> <span class='ocrx_word' id='word_1_331' title='bbox 2632 1998 2825 2067; x_wconf 89' lang='grc' dir='ltr'>μέγας,</span> <span class='ocrx_word' id='word_1_332' title='bbox 2859 2000 2955 2052; x_wconf 68' lang='grc' dir='ltr'>καὶ</span> <span class='ocrx_word' id='word_1_333' title='bbox 2980 1997 3292 2070; x_wconf 83' lang='grc' dir='ltr'>προσώπων</span> <span class='ocrx_word' id='word_1_334' title='bbox 3321 1996 3518 2051; x_wconf 64' lang='grc' dir='ltr'>ἕνωσιν</span> <span class='ocrx_word' id='word_1_335' title='bbox 3538 1996 3632 2050; x_wconf 71' lang='grc' dir='ltr'><strong>ἐπὶ</strong></span> <span class='ocrx_word' id='word_1_336' title='bbox 3655 1993 3758 2052; x_wconf 73' lang='grc' dir='ltr'><strong>τοῧ</strong></span> 
     </span>
    </p>
   </div>
   <div class='ocr_carea' id='block_1_50' title="bbox 2172 2083 3751 2159">
    <p class='ocr_par' dir='ltr' id='par_1_50' title="bbox 2172 2083 3751 2159">
     <span class='ocr_line' id='line_1_50' title="bbox 2172 2083 3751 2159; baseline 0.002 -22"><span class='ocrx_word' id='word_1_337' title='bbox 2172 2083 2408 2153; x_wconf 81' lang='grc' dir='ltr'>Χριστοῦ</span> <span class='ocrx_word' id='word_1_338' title='bbox 2457 2086 2856 2157; x_wconf 76' lang='grc' dir='ltr'>διισχυρίζεται</span> <span class='ocrx_word' id='word_1_339' title='bbox 2881 2126 2896 2150; x_wconf 86' lang='grc'><strong><em>,</em></strong></span> <span class='ocrx_word' id='word_1_340' title='bbox 2933 2088 3029 2141; x_wconf 72' lang='grc' dir='ltr'>καὶ</span> <span class='ocrx_word' id='word_1_341' title='bbox 3071 2088 3319 2159; x_wconf 84' lang='grc' dir='ltr'>Πρόκλος</span> <span class='ocrx_word' id='word_1_342' title='bbox 3345 2088 3699 2141; x_wconf 84' lang='grc' dir='ltr'>ὑποστάσιων</span> <span class='ocrx_word' id='word_1_343' title='bbox 3732 2100 3751 2116; x_wconf 84' lang='grc'>⁶</span> 
     </span>
    </p>
   </div>
   <div class='ocr_carea' id='block_1_51' title="bbox 2172 2171 3760 2247">
    <p class='ocr_par' dir='ltr' id='par_1_51' title="bbox 2172 2171 3760 2247">
     <span class='ocr_line' id='line_1_51' title="bbox 2172 2171 3760 2247; baseline 0.002 -21"><span class='ocrx_word' id='word_1_344' title='bbox 2172 2174 2444 2244; x_wconf 80' lang='grc' dir='ltr'>Κύριλλός</span> <span class='ocrx_word' id='word_1_345' title='bbox 2458 2192 2517 2229; x_wconf 81' lang='grc' dir='ltr'><strong>τε</strong></span> <span class='ocrx_word' id='word_1_346' title='bbox 2539 2178 2568 2230; x_wconf 90' lang='lat'><strong>6</strong></span> <span class='ocrx_word' id='word_1_347' title='bbox 2592 2178 2882 2247; x_wconf 86' lang='grc' dir='ltr'>μακάριος,</span> <span class='ocrx_word' id='word_1_348' title='bbox 2916 2177 2988 2232; x_wconf 77' lang='lat' dir='ltr'><strong>Et</strong></span> <span class='ocrx_word' id='word_1_349' title='bbox 3009 2194 3100 2243; x_wconf 86' lang='grc' dir='ltr'><strong>τις</strong></span> <span class='ocrx_word' id='word_1_350' title='bbox 3124 2176 3341 2245; x_wconf 77' lang='grc' dir='ltr'>διαιρεῖ</span> <span class='ocrx_word' id='word_1_351' title='bbox 3357 2177 3465 2242; x_wconf 80' lang='grc' dir='ltr'>τὰς</span> <span class='ocrx_word' id='word_1_352' title='bbox 3485 2171 3760 2232; x_wconf 73' lang='grc' dir='ltr'>ὑποστόρ-</span> 
     </span>
    </p>
   </div>
   <div class='ocr_carea' id='block_1_52' title="bbox 2172 2263 3755 2337">
    <p class='ocr_par' dir='ltr' id='par_1_52' title="bbox 2172 2263 3755 2337">
     <span class='ocr_line' id='line_1_52' title="bbox 2172 2263 3755 2337; baseline 0 -19"><span class='ocrx_word' id='word_1_353' title='bbox 2172 2279 2329 2331; x_wconf 83' lang='grc' dir='ltr'>σεις,</span> <span class='ocrx_word' id='word_1_354' title='bbox 2356 2267 2586 2335; x_wconf 73' lang='grc' dir='ltr'>ἔφησεν.</span> <span class='ocrx_word' id='word_1_355' title='bbox 2624 2268 2750 2321; x_wconf 83' lang='grc' dir='ltr'><strong>Ἐὰν</strong></span> <span class='ocrx_word' id='word_1_356' title='bbox 2775 2263 2960 2330; x_wconf 80' lang='grc' dir='ltr'>οὗνῶς</span> <span class='ocrx_word' id='word_1_357' title='bbox 2984 2266 3332 2337; x_wconf 81' lang='grc' dir='ltr'>κυριολεξίας</span> <span class='ocrx_word' id='word_1_358' title='bbox 3351 2266 3484 2320; x_wconf 72' lang='grc' dir='ltr'>ὄντα</span> <span class='ocrx_word' id='word_1_359' title='bbox 3502 2267 3595 2319; x_wconf 81' lang='grc' dir='ltr'>καὶ</span> <span class='ocrx_word' id='word_1_360' title='bbox 3624 2265 3755 2320; x_wconf 68' lang='grc' dir='ltr'>τάδε</span> 
     </span>
    </p>
   </div>
   <div class='ocr_carea' id='block_1_53' title="bbox 2172 2354 3755 2426">
    <p class='ocr_par' dir='ltr' id='par_1_53' title="bbox 2172 2354 3755 2426">
     <span class='ocr_line' id='line_1_53' title="bbox 2172 2354 3755 2426; baseline -0.001 -18"><span class='ocrx_word' id='word_1_361' title='bbox 2172 2354 2444 2418; x_wconf 83' lang='grc' dir='ltr'>νοοῦνται,</span> <span class='ocrx_word' id='word_1_362' title='bbox 2489 2355 2599 2408; x_wconf 82' lang='grc' dir='ltr'>ίδοὺ</span> <span class='ocrx_word' id='word_1_363' title='bbox 2622 2357 2719 2408; x_wconf 79' lang='grc' dir='ltr'>καὶ</span> <span class='ocrx_word' id='word_1_364' title='bbox 2751 2359 2798 2409; x_wconf 84' lang='grc' dir='ltr'>οἱ</span> <span class='ocrx_word' id='word_1_365' title='bbox 2832 2356 3190 2426; x_wconf 79' lang='grc' dir='ltr'>Νεστοριανοὶ</span> <span class='ocrx_word' id='word_1_366' title='bbox 3211 2355 3393 2418; x_wconf 86' lang='grc' dir='ltr'>καλῶς</span> <span class='ocrx_word' id='word_1_367' title='bbox 3424 2356 3555 2425; x_wconf 80' lang='grc' dir='ltr'>ήμῐν</span> <span class='ocrx_word' id='word_1_368' title='bbox 3577 2354 3755 2407; x_wconf 80' lang='grc' dir='ltr'>ταῦτα</span> 
     </span>
    </p>
   </div>
   <div class='ocr_carea' id='block_1_54' title="bbox 2175 2445 3758 2517">
    <p class='ocr_par' dir='ltr' id='par_1_54' title="bbox 2175 2445 3758 2517">
     <span class='ocr_line' id='line_1_54' title="bbox 2175 2445 3758 2517; baseline 0.001 -19"><span class='ocrx_word' id='word_1_369' title='bbox 2175 2445 2265 2498; x_wconf 77' lang='grc' dir='ltr'><strong>ἀεὶ</strong></span> <span class='ocrx_word' id='word_1_370' title='bbox 2293 2445 2709 2515; x_wconf 77' lang='grc' dir='ltr'>προϐάλλονται,</span> <span class='ocrx_word' id='word_1_371' title='bbox 2743 2448 3093 2500; x_wconf 82' lang='grc' dir='ltr'>ύποστάσεων</span> <span class='ocrx_word' id='word_1_372' title='bbox 3128 2448 3222 2500; x_wconf 73' lang='grc' dir='ltr'>καὶ</span> <span class='ocrx_word' id='word_1_373' title='bbox 3264 2446 3572 2517; x_wconf 82' lang='grc' dir='ltr'>προσώπων</span> <span class='ocrx_word' id='word_1_374' title='bbox 3619 2445 3758 2499; x_wconf 73' lang='grc' dir='ltr'>ῑνω-</span> 
     </span>
    </p>
   </div>
   <div class='ocr_carea' id='block_1_55' title="bbox 2176 2535 3752 2609">
    <p class='ocr_par' dir='ltr' id='par_1_55' title="bbox 2176 2535 3752 2609">
     <span class='ocr_line' id='line_1_55' title="bbox 2176 2535 3752 2609; baseline 0.005 -22"><span class='ocrx_word' id='word_1_375' title='bbox 2176 2551 2261 2588; x_wconf 90' lang='grc' dir='ltr'><strong>σιν</strong></span> <span class='ocrx_word' id='word_1_376' title='bbox 2288 2535 2712 2605; x_wconf 75' lang='grc' dir='ltr'>δογματίζοντες</span> <span class='ocrx_word' id='word_1_377' title='bbox 2740 2538 2799 2590; x_wconf 87' lang='grc' dir='ltr'>ὲν</span> <span class='ocrx_word' id='word_1_378' title='bbox 2826 2540 2892 2607; x_wconf 79' lang='grc' dir='ltr'><strong>τῇ</strong></span> <span class='ocrx_word' id='word_1_379' title='bbox 2932 2537 3247 2609; x_wconf 76' lang='grc' dir='ltr'>οίκονομίᾳο</span> <span class='ocrx_word' id='word_1_380' title='bbox 3284 2538 3401 2600; x_wconf 83' lang='grc' dir='ltr'>πῶς</span> <span class='ocrx_word' id='word_1_381' title='bbox 3427 2538 3487 2592; x_wconf 81' lang='grc' dir='ltr'>δὲ</span> <span class='ocrx_word' id='word_1_382' title='bbox 3525 2536 3594 2591; x_wconf 76' lang='grc' dir='ltr'>ἂν</span> <span class='ocrx_word' id='word_1_383' title='bbox 3626 2537 3752 2595; x_wconf 66' lang='grc' dir='ltr'>τόδε</span> 
     </span>
    </p>
   </div>
   <div class='ocr_carea' id='block_1_56' title="bbox 2173 2624 3751 2697">
    <p class='ocr_par' dir='ltr' id='par_1_56' title="bbox 2173 2624 3751 2697">
     <span class='ocr_line' id='line_1_56' title="bbox 2173 2624 3751 2697; baseline 0.001 -19"><span class='ocrx_word' id='word_1_384' title='bbox 2173 2624 2345 2688; x_wconf 81' lang='grc' dir='ltr'>οὕτως</span> <span class='ocrx_word' id='word_1_385' title='bbox 2381 2627 2509 2695; x_wconf 76' lang='grc' dir='ltr'><strong>ἔφη.</strong></span> <span class='ocrx_word' id='word_1_386' title='bbox 2539 2628 2568 2679; x_wconf 90' lang='lat'><strong>6</strong></span> <span class='ocrx_word' id='word_1_387' title='bbox 2610 2630 2670 2680; x_wconf 77' lang='grc' dir='ltr'>ὲν</span> <span class='ocrx_word' id='word_1_388' title='bbox 2698 2629 2943 2697; x_wconf 83' lang='grc' dir='ltr'>τετάρτῳ</span> <span class='ocrx_word' id='word_1_389' title='bbox 2973 2626 3405 2697; x_wconf 82' lang='grc' dir='ltr'>άναοεματισμῷ</span> <span class='ocrx_word' id='word_1_390' title='bbox 3431 2626 3602 2679; x_wconf 87' lang='grc' dir='ltr'>είπὼν</span> <span class='ocrx_word' id='word_1_391' title='bbox 3635 2626 3751 2680; x_wconf 87' lang='grc' dir='ltr'>Πα-</span> 
     </span>
    </p>
   </div>
   <div class='ocr_carea' id='block_1_57' title="bbox 2174 2715 3752 2788">
    <p class='ocr_par' dir='ltr' id='par_1_57' title="bbox 2174 2715 3752 2788">
     <span class='ocr_line' id='line_1_57' title="bbox 2174 2715 3752 2788; baseline 0.002 -21"><span class='ocrx_word' id='word_1_392' title='bbox 2174 2715 2279 2785; x_wconf 74' lang='grc' dir='ltr'>τὴρ</span> <span class='ocrx_word' id='word_1_393' title='bbox 2325 2715 2626 2785; x_wconf 77' lang='grc' dir='ltr'>Κύριλλος,</span> <span class='ocrx_word' id='word_1_394' title='bbox 2663 2735 2683 2769; x_wconf 86' lang='grc' dir='ltr'><strong>ι</strong></span> <span class='ocrx_word' id='word_1_395' title='bbox 2721 2718 2788 2770; x_wconf 72' lang='lat' dir='ltr'><strong>Et</strong></span> <span class='ocrx_word' id='word_1_396' title='bbox 2842 2734 2927 2779; x_wconf 88' lang='grc' dir='ltr'><strong>τις</strong></span> <span class='ocrx_word' id='word_1_397' title='bbox 2984 2717 3301 2788; x_wconf 80' lang='grc' dir='ltr'>προσώποις</span> <span class='ocrx_word' id='word_1_398' title='bbox 3354 2717 3513 2770; x_wconf 77' lang='grc' dir='ltr'>δυσὶν</span> <span class='ocrx_word' id='word_1_399' title='bbox 3580 2716 3752 2788; x_wconf 66' lang='grc' dir='ltr'>ἧγουν</span> 
     </span>
    </p>
   </div>
   <div class='ocr_carea' id='block_1_58' title="bbox 2177 2808 3754 2880">
    <p class='ocr_par' dir='ltr' id='par_1_58' title="bbox 2177 2808 3754 2880">
     <span class='ocr_line' id='line_1_58' title="bbox 2177 2808 3754 2880; baseline 0 -20"><span class='ocrx_word' id='word_1_400' title='bbox 2177 2808 2510 2861; x_wconf 86' lang='grc' dir='ltr'>ὑποστάσεσι</span> <span class='ocrx_word' id='word_1_401' title='bbox 2534 2809 2779 2876; x_wconf 82' lang='grc' dir='ltr'>διανέμει</span> <span class='ocrx_word' id='word_1_402' title='bbox 2800 2810 3009 2876; x_wconf 79' lang='grc' dir='ltr'>φωνάς,</span> <span class='ocrx_word' id='word_1_403' title='bbox 3036 2827 3055 2860; x_wconf 74' lang='grc' dir='ltr'><strong>ι</strong></span> <span class='ocrx_word' id='word_1_404' title='bbox 3084 2808 3267 2863; x_wconf 79' lang='grc' dir='ltr'>καὶτὰ</span> <span class='ocrx_word' id='word_1_405' title='bbox 3296 2808 3460 2876; x_wconf 73' lang='grc' dir='ltr'>ἑξῆςς</span> <span class='ocrx_word' id='word_1_406' title='bbox 3497 2808 3585 2860; x_wconf 84' lang='grc' dir='ltr'>Ἐν</span> <span class='ocrx_word' id='word_1_407' title='bbox 3601 2808 3659 2860; x_wconf 76' lang='grc' dir='ltr'>δὲ</span> <span class='ocrx_word' id='word_1_408' title='bbox 3681 2809 3754 2880; x_wconf 72' lang='grc' dir='ltr'>τῇ</span> 
     </span>
    </p>
   </div>
   <div class='ocr_carea' id='block_1_59' title="bbox 2176 2899 3754 2972">
    <p class='ocr_par' dir='ltr' id='par_1_59' title="bbox 2176 2899 3754 2972">
     <span class='ocr_line' id='line_1_59' title="bbox 2176 2899 3754 2972; baseline -0.001 -20"><span class='ocrx_word' id='word_1_409' title='bbox 2176 2899 2314 2972; x_wconf 73' lang='grc' dir='ltr'>πρὸς</span> <span class='ocrx_word' id='word_1_410' title='bbox 2372 2900 2598 2969; x_wconf 80' lang='grc' dir='ltr'>βασιλέα</span> <span class='ocrx_word' id='word_1_411' title='bbox 2649 2900 2932 2953; x_wconf 79' lang='grc' dir='ltr'>Θεοδόσιον</span> <span class='ocrx_word' id='word_1_412' title='bbox 2983 2900 3264 2969; x_wconf 73' lang='grc' dir='ltr'>ἐπιστολῇ,</span> <span class='ocrx_word' id='word_1_413' title='bbox 3297 2899 3433 2953; x_wconf 81' lang='grc' dir='ltr'>ἀλλὰ</span> <span class='ocrx_word' id='word_1_414' title='bbox 3466 2900 3562 2953; x_wconf 77' lang='grc' dir='ltr'>καὶ</span> <span class='ocrx_word' id='word_1_415' title='bbox 3612 2899 3754 2969; x_wconf 75' lang='grc' dir='ltr'>πρὸς</span> 
     </span>
    </p>
   </div>
   <div class='ocr_carea' id='block_1_60' title="bbox 2190 2986 3756 3062">
    <p class='ocr_par' dir='ltr' id='par_1_60' title="bbox 2190 2986 3756 3062">
     <span class='ocr_line' id='line_1_60' title="bbox 2190 2986 3756 3062; baseline -0.002 -19"><span class='ocrx_word' id='word_1_416' title='bbox 2190 2990 2443 3060; x_wconf 80' lang='grc' dir='ltr'>Ἰωάννην</span> <span class='ocrx_word' id='word_1_417' title='bbox 2479 2990 2570 3043; x_wconf 81' lang='grc' dir='ltr'>τὸν</span> <span class='ocrx_word' id='word_1_418' title='bbox 2611 2990 2946 3062; x_wconf 70' lang='grc' dir='ltr'>Ἀντιοχείας</span> <span class='ocrx_word' id='word_1_419' title='bbox 2970 2990 3132 3058; x_wconf 74' lang='grc' dir='ltr'>φησί’</span> <span class='ocrx_word' id='word_1_420' title='bbox 3166 3007 3187 3041; x_wconf 80' lang='grc' dir='ltr'><strong>ι</strong></span> <span class='ocrx_word' id='word_1_421' title='bbox 3227 2990 3340 3049; x_wconf 70' lang='grc' dir='ltr'>Τὰς</span> <span class='ocrx_word' id='word_1_422' title='bbox 3385 2986 3756 3055; x_wconf 74' lang='grc' dir='ltr'>εὑαγγελικὰς</span> 
     </span>
    </p>
   </div>
   <div class='ocr_carea' id='block_1_61' title="bbox 488 3079 2071 3175">
    <p class='ocr_par' dir='ltr' id='par_1_61' title="bbox 488 3084 2071 3175">
     <span class='ocr_line' id='line_1_61' title="bbox 488 3084 2071 3175; baseline 0.001 -37"><span class='ocrx_word' id='word_1_423' title='bbox 488 3084 871 3139; x_wconf 81' lang='lat' dir='ltr'><strong>subsistentiis</strong></span> <span class='ocrx_word' id='word_1_424' title='bbox 893 3085 1316 3157; x_wconf 80' lang='lat' dir='ltr'><strong>tribuitvocem,</strong></span> <span class='ocrx_word' id='word_1_425' title='bbox 1348 3104 1367 3137; x_wconf 74' lang='grc' dir='ltr'><strong>ι</strong></span> <span class='ocrx_word' id='word_1_426' title='bbox 1398 3094 1454 3141; x_wconf 92' lang='lat' dir='ltr'><strong>et</strong></span> <span class='ocrx_word' id='word_1_427' title='bbox 1482 3101 1605 3156; x_wconf 67' lang='lat' dir='ltr'><strong>qua:</strong></span> <span class='ocrx_word' id='word_1_428' title='bbox 1631 3086 1971 3175; x_wconf 64' lang='lat' dir='ltr'><strong>sequuntur?</strong></span> <span class='ocrx_word' id='word_1_429' title='bbox 2007 3086 2071 3139; x_wconf 85' lang='lat' dir='ltr'><strong>Et</strong></span> 
     </span>
    </p>
   </div>
   <div class='ocr_carea' id='block_1_62' title="bbox 2175 3079 3753 3175">
    <p class='ocr_par' dir='ltr' id='par_1_62' title="bbox 2180 3079 3753 3152">
     <span class='ocr_line' id='line_1_62' title="bbox 2180 3079 3753 3152; baseline -0.001 -18"><span class='ocrx_word' id='word_1_430' title='bbox 2180 3083 2276 3136; x_wconf 80' lang='grc' dir='ltr'>καὶ</span> <span class='ocrx_word' id='word_1_431' title='bbox 2301 3082 2665 3145; x_wconf 77' lang='grc' dir='ltr'>ἀποστολικὰς</span> <span class='ocrx_word' id='word_1_432' title='bbox 2698 3083 2825 3152; x_wconf 79' lang='grc' dir='ltr'>περὶ</span> <span class='ocrx_word' id='word_1_433' title='bbox 2848 3081 2942 3136; x_wconf 83' lang='grc' dir='ltr'>τοῦ</span> <span class='ocrx_word' id='word_1_434' title='bbox 2969 3082 3177 3150; x_wconf 80' lang='grc' dir='ltr'>Κυρίου</span> <span class='ocrx_word' id='word_1_435' title='bbox 3218 3081 3405 3149; x_wconf 85' lang='grc' dir='ltr'>φωνάς</span> <span class='ocrx_word' id='word_1_436' title='bbox 3443 3079 3602 3148; x_wconf 86' lang='grc' dir='ltr'>ίσμεν</span> <span class='ocrx_word' id='word_1_437' title='bbox 3624 3080 3753 3141; x_wconf 82' lang='grc' dir='ltr'>τοὺς</span> 
     </span>
    </p>
   </div>
   <div class='ocr_carea' id='block_1_63' title="bbox 487 3156 2074 3246">
    <p class='ocr_par' dir='ltr' id='par_1_63' title="bbox 487 3156 2074 3246">
     <span class='ocr_line' id='line_1_63' title="bbox 487 3156 2074 3246; baseline -0.001 -15"><span class='ocrx_word' id='word_1_438' title='bbox 487 3177 651 3246; x_wconf 89' lang='lat' dir='ltr'><strong>epist.</strong></span> <span class='ocrx_word' id='word_1_439' title='bbox 705 3178 782 3231; x_wconf 74' lang='lat' dir='ltr'><strong>ad</strong></span> <span class='ocrx_word' id='word_1_440' title='bbox 834 3156 1224 3246; x_wconf 84' lang='lat' dir='ltr'><strong>imperatorem</strong></span> <span class='ocrx_word' id='word_1_441' title='bbox 1268 3178 1643 3233; x_wconf 87' lang='lat' dir='ltr'><strong>Theodosium</strong></span> <span class='ocrx_word' id='word_1_442' title='bbox 1686 3156 1791 3232; x_wconf 42' lang='lat' dir='ltr'><strong>hac</strong></span> <span class='ocrx_word' id='word_1_443' title='bbox 1842 3191 1953 3230; x_wconf 92' lang='lat' dir='ltr'><strong>non</strong></span> <span class='ocrx_word' id='word_1_444' title='bbox 2005 3175 2074 3230; x_wconf 89' lang='lat' dir='ltr'><strong>ad</strong></span> 
     </span>
    </p>
   </div>
   <div class='ocr_carea' id='block_1_64' title="bbox 484 3266 2075 3338">
    <p class='ocr_par' dir='ltr' id='par_1_64' title="bbox 484 3266 2075 3338">
     <span class='ocr_line' id='line_1_64' title="bbox 484 3266 2075 3338; baseline -0.002 -14"><span class='ocrx_word' id='word_1_445' title='bbox 484 3267 643 3324; x_wconf 79' lang='lat' dir='ltr'><strong>Joan.</strong></span> <span class='ocrx_word' id='word_1_446' title='bbox 689 3266 947 3323; x_wconf 85' lang='lat' dir='ltr'><strong>Antioch.</strong></span> <span class='ocrx_word' id='word_1_447' title='bbox 982 3285 996 3322; x_wconf 89' lang='lat'><strong>:</strong></span> <span class='ocrx_word' id='word_1_448' title='bbox 1032 3288 1049 3319; x_wconf 80' lang='grc' dir='ltr'><strong>ι</strong></span> <span class='ocrx_word' id='word_1_449' title='bbox 1078 3270 1365 3334; x_wconf 83' lang='lat' dir='ltr'><strong>Novimus,</strong></span> <span class='ocrx_word' id='word_1_450' title='bbox 1392 3270 1591 3337; x_wconf 86' lang='lat' dir='ltr'><strong>inquit,</strong></span> <span class='ocrx_word' id='word_1_451' title='bbox 1630 3267 1973 3338; x_wconf 83' lang='lat' dir='ltr'><strong>evangelicas</strong></span> <span class='ocrx_word' id='word_1_452' title='bbox 2018 3275 2075 3321; x_wconf 91' lang='lat' dir='ltr'><strong>et</strong></span> 
     </span>
    </p>
   </div>
   <div class='ocr_carea' id='block_1_65' title="bbox 488 3358 2073 3427">
    <p class='ocr_par' dir='ltr' id='par_1_65' title="bbox 488 3358 2073 3427">
     <span class='ocr_line' id='line_1_65' title="bbox 488 3358 2073 3427; baseline 0 -16"><span class='ocrx_word' id='word_1_453' title='bbox 488 3359 820 3427; x_wconf 72' lang='lat' dir='ltr'><strong>apostolicas</strong></span> <span class='ocrx_word' id='word_1_454' title='bbox 844 3359 912 3413; x_wconf 92' lang='lat' dir='ltr'><strong>de</strong></span> <span class='ocrx_word' id='word_1_455' title='bbox 943 3359 1165 3414; x_wconf 87' lang='lat' dir='ltr'><strong>Christo</strong></span> <span class='ocrx_word' id='word_1_456' title='bbox 1183 3376 1347 3415; x_wconf 85' lang='lat' dir='ltr'><strong>voces</strong></span> <span class='ocrx_word' id='word_1_457' title='bbox 1367 3359 1648 3413; x_wconf 91' lang='lat' dir='ltr'><strong>interdum</strong></span> <span class='ocrx_word' id='word_1_458' title='bbox 1674 3374 1704 3413; x_wconf 93' lang='lat' dir='ltr'><strong>a</strong></span> <span class='ocrx_word' id='word_1_459' title='bbox 1745 3359 1948 3413; x_wconf 88' lang='lat' dir='ltr'><strong>sanctis</strong></span> <span class='ocrx_word' id='word_1_460' title='bbox 1970 3358 2073 3412; x_wconf 84' lang='lat' dir='ltr'><strong>Pa-</strong></span> 
     </span>
    </p>
   </div>
   <div class='ocr_carea' id='block_1_66' title="bbox 490 3446 2075 3518">
    <p class='ocr_par' dir='ltr' id='par_1_66' title="bbox 490 3446 2075 3518">
     <span class='ocr_line' id='line_1_66' title="bbox 490 3446 2075 3518; baseline -0.001 -17"><span class='ocrx_word' id='word_1_461' title='bbox 490 3447 672 3503; x_wconf 87' lang='lat' dir='ltr'><strong>tribus</strong></span> <span class='ocrx_word' id='word_1_462' title='bbox 703 3449 824 3517; x_wconf 87' lang='lat' dir='ltr'><strong>capi</strong></span> <span class='ocrx_word' id='word_1_463' title='bbox 857 3449 1169 3518; x_wconf 88' lang='lat' dir='ltr'><strong>promiscue</strong></span> <span class='ocrx_word' id='word_1_464' title='bbox 1197 3456 1455 3517; x_wconf 91' lang='lat' dir='ltr'><strong>tanquam</strong></span> <span class='ocrx_word' id='word_1_465' title='bbox 1476 3447 1544 3501; x_wconf 89' lang='lat' dir='ltr'><strong>de</strong></span> <span class='ocrx_word' id='word_1_466' title='bbox 1564 3463 1668 3501; x_wconf 83' lang='lat' dir='ltr'><strong>una</strong></span> <span class='ocrx_word' id='word_1_467' title='bbox 1692 3461 1956 3517; x_wconf 88' lang='lat' dir='ltr'><strong>persona;</strong></span> <span class='ocrx_word' id='word_1_468' title='bbox 1986 3446 2075 3500; x_wconf 84' lang='lat' dir='ltr'><strong>in-</strong></span> 
     </span>
    </p>
   </div>
   <div class='ocr_carea' id='block_1_67' title="bbox 493 3537 2068 3610">
    <p class='ocr_par' dir='ltr' id='par_1_67' title="bbox 493 3537 2068 3610">
     <span class='ocr_line' id='line_1_67' title="bbox 493 3537 2068 3610; baseline 0 -17"><span class='ocrx_word' id='word_1_469' title='bbox 493 3540 707 3594; x_wconf 91' lang='lat' dir='ltr'><strong>terdum</strong></span> <span class='ocrx_word' id='word_1_470' title='bbox 721 3539 916 3602; x_wconf 88' lang='lat' dir='ltr'><strong>dividi,</strong></span> <span class='ocrx_word' id='word_1_471' title='bbox 930 3538 1532 3610; x_wconf 66' lang='lat' dir='ltr'><strong>etprmdicariqnaside</strong></span> <span class='ocrx_word' id='word_1_472' title='bbox 1556 3539 1767 3593; x_wconf 90' lang='lat' dir='ltr'><strong>naturis</strong></span> <span class='ocrx_word' id='word_1_473' title='bbox 1783 3537 2017 3593; x_wconf 89' lang='lat' dir='ltr'><strong>duabus.</strong></span> <span class='ocrx_word' id='word_1_474' title='bbox 2048 3555 2068 3592; x_wconf 75' lang='grc' dir='ltr'><strong>ι</strong></span> 
     </span>
    </p>
   </div>
   <div class='ocr_carea' id='block_1_68' title="bbox 559 3628 2075 3699">
    <p class='ocr_par' dir='ltr' id='par_1_68' title="bbox 559 3628 2075 3699">
     <span class='ocr_line' id='line_1_68' title="bbox 559 3628 2075 3699; baseline 0.001 -17"><span class='ocrx_word' id='word_1_475' title='bbox 559 3628 814 3683; x_wconf 84' lang='lat' dir='ltr'><strong>Profecto</strong></span> <span class='ocrx_word' id='word_1_476' title='bbox 858 3630 904 3684; x_wconf 91' lang='lat' dir='ltr'><strong>si</strong></span> <span class='ocrx_word' id='word_1_477' title='bbox 956 3639 1182 3684; x_wconf 86' lang='lat' dir='ltr'><strong>sanctus</strong></span> <span class='ocrx_word' id='word_1_478' title='bbox 1223 3629 1385 3684; x_wconf 85' lang='lat' dir='ltr'><strong>Pater</strong></span> <span class='ocrx_word' id='word_1_479' title='bbox 1408 3644 1626 3697; x_wconf 86' lang='lat' dir='ltr'><strong>semper</strong></span> <span class='ocrx_word' id='word_1_480' title='bbox 1652 3637 1708 3683; x_wconf 92' lang='lat' dir='ltr'><strong>et</strong></span> <span class='ocrx_word' id='word_1_481' title='bbox 1740 3628 1946 3699; x_wconf 90' lang='lat' dir='ltr'><strong>ubique</strong></span> <span class='ocrx_word' id='word_1_482' title='bbox 1972 3645 2075 3684; x_wconf 90' lang='lat' dir='ltr'><strong>na-</strong></span> 
     </span>
    </p>
   </div>
   <div class='ocr_carea' id='block_1_69' title="bbox 492 3720 2071 3792">
    <p class='ocr_par' dir='ltr' id='par_1_69' title="bbox 492 3720 2071 3792">
     <span class='ocr_line' id='line_1_69' title="bbox 492 3720 2071 3792; baseline 0.003 -19"><span class='ocrx_word' id='word_1_483' title='bbox 492 3732 671 3773; x_wconf 85' lang='lat' dir='ltr'><strong>turam</strong></span> <span class='ocrx_word' id='word_1_484' title='bbox 718 3729 774 3774; x_wconf 92' lang='lat' dir='ltr'><strong>et</strong></span> <span class='ocrx_word' id='word_1_485' title='bbox 819 3721 1158 3792; x_wconf 89' lang='lat' dir='ltr'><strong>hypostasim</strong></span> <span class='ocrx_word' id='word_1_486' title='bbox 1213 3721 1332 3791; x_wconf 88' lang='lat' dir='ltr'><strong>(ubi</strong></span> <span class='ocrx_word' id='word_1_487' title='bbox 1375 3720 1443 3775; x_wconf 93' lang='lat' dir='ltr'><strong>de</strong></span> <span class='ocrx_word' id='word_1_488' title='bbox 1479 3721 1702 3776; x_wconf 88' lang='lat' dir='ltr'><strong>Christo</strong></span> <span class='ocrx_word' id='word_1_489' title='bbox 1736 3736 1918 3777; x_wconf 90' lang='lat' dir='ltr'><strong>sermo</strong></span> <span class='ocrx_word' id='word_1_490' title='bbox 1964 3721 2071 3789; x_wconf 88' lang='lat' dir='ltr'><strong>est)</strong></span> 
     </span>
    </p>
   </div>
   <div class='ocr_carea' id='block_1_70' title="bbox 491 3808 2073 3880">
    <p class='ocr_par' dir='ltr' id='par_1_70' title="bbox 491 3808 2073 3880">
     <span class='ocr_line' id='line_1_70' title="bbox 491 3808 2073 3880; baseline 0.004 -18"><span class='ocrx_word' id='word_1_491' title='bbox 491 3808 636 3863; x_wconf 89' lang='lat' dir='ltr'><strong>idem</strong></span> <span class='ocrx_word' id='word_1_492' title='bbox 687 3825 809 3865; x_wconf 89' lang='lat' dir='ltr'><strong>esse</strong></span> <span class='ocrx_word' id='word_1_493' title='bbox 850 3817 1028 3880; x_wconf 90' lang='lat' dir='ltr'><strong>putat,</strong></span> <span class='ocrx_word' id='word_1_494' title='bbox 1078 3809 1352 3864; x_wconf 80' lang='lat' dir='ltr'><strong>fateamur</strong></span> <span class='ocrx_word' id='word_1_495' title='bbox 1398 3817 1619 3879; x_wconf 85' lang='lat' dir='ltr'><strong>oportet</strong></span> <span class='ocrx_word' id='word_1_496' title='bbox 1668 3826 1863 3866; x_wconf 86' lang='lat' dir='ltr'><strong>omnes</strong></span> <span class='ocrx_word' id='word_1_497' title='bbox 1904 3811 2073 3868; x_wconf 90' lang='lat' dir='ltr'><strong>hosce</strong></span> 
     </span>
    </p>
   </div>
   <div class='ocr_carea' id='block_1_71' title="bbox 486 3900 2071 3972">
    <p class='ocr_par' dir='ltr' id='par_1_71' title="bbox 486 3900 2071 3972">
     <span class='ocr_line' id='line_1_71' title="bbox 486 3900 2071 3972; baseline 0.001 -17"><span class='ocrx_word' id='word_1_498' title='bbox 486 3900 710 3955; x_wconf 86' lang='lat' dir='ltr'><strong>divinos</strong></span> <span class='ocrx_word' id='word_1_499' title='bbox 734 3901 928 3956; x_wconf 87' lang='lat' dir='ltr'><strong>Patres</strong></span> <span class='ocrx_word' id='word_1_500' title='bbox 977 3901 1193 3971; x_wconf 88' lang='lat' dir='ltr'><strong>percuti</strong></span> <span class='ocrx_word' id='word_1_501' title='bbox 1248 3901 1608 3957; x_wconf 88' lang='lat' dir='ltr'><strong>anathemate</strong></span> <span class='ocrx_word' id='word_1_502' title='bbox 1666 3902 1780 3965; x_wconf 91' lang='lat' dir='ltr'><strong>illo,</strong></span> <span class='ocrx_word' id='word_1_503' title='bbox 1828 3916 1940 3972; x_wconf 91' lang='lat' dir='ltr'><strong>quo</strong></span> <span class='ocrx_word' id='word_1_504' title='bbox 1988 3901 2071 3957; x_wconf 86' lang='lat' dir='ltr'><strong>fe-</strong></span> 
     </span>
    </p>
   </div>
   <div class='ocr_carea' id='block_1_72' title="bbox 490 3992 2072 4064">
    <p class='ocr_par' dir='ltr' id='par_1_72' title="bbox 490 3992 2072 4064">
     <span class='ocr_line' id='line_1_72' title="bbox 490 3992 2072 4064; baseline 0.003 -18"><span class='ocrx_word' id='word_1_505' title='bbox 490 3993 718 4048; x_wconf 87' lang='lat' dir='ltr'><strong>riuntur</strong></span> <span class='ocrx_word' id='word_1_506' title='bbox 767 3993 803 4047; x_wconf 90' lang='lat' dir='ltr'><strong>ii</strong></span> <span class='ocrx_word' id='word_1_507' title='bbox 857 3994 953 4064; x_wconf 91' lang='lat' dir='ltr'><strong>qui</strong></span> <span class='ocrx_word' id='word_1_508' title='bbox 1017 3993 1086 4049; x_wconf 89' lang='lat' dir='ltr'><strong>de</strong></span> <span class='ocrx_word' id='word_1_509' title='bbox 1140 3992 1357 4048; x_wconf 90' lang='lat' dir='ltr'><strong>duabus</strong></span> <span class='ocrx_word' id='word_1_510' title='bbox 1409 3994 1565 4063; x_wconf 91' lang='lat' dir='ltr'><strong>quasi</strong></span> <span class='ocrx_word' id='word_1_511' title='bbox 1633 3993 1852 4048; x_wconf 90' lang='lat' dir='ltr'><strong>naturis</strong></span> <span class='ocrx_word' id='word_1_512' title='bbox 1909 4008 2072 4050; x_wconf 82' lang='lat' dir='ltr'><strong>voces</strong></span> 
     </span>
    </p>
   </div>
   <div class='ocr_carea' id='block_1_73' title="bbox 489 4083 2071 4155">
    <p class='ocr_par' dir='ltr' id='par_1_73' title="bbox 489 4083 2071 4155">
     <span class='ocr_line' id='line_1_73' title="bbox 489 4083 2071 4155; baseline 0 -18"><span class='ocrx_word' id='word_1_513' title='bbox 489 4084 757 4153; x_wconf 87' lang='lat' dir='ltr'><strong>quasdam</strong></span> <span class='ocrx_word' id='word_1_514' title='bbox 792 4085 1113 4152; x_wconf 64' lang='lat' dir='ltr'><strong>praedicant.</strong></span> <span class='ocrx_word' id='word_1_515' title='bbox 1153 4084 1232 4139; x_wconf 87' lang='lat' dir='ltr'><strong>Ne</strong></span> <span class='ocrx_word' id='word_1_516' title='bbox 1279 4088 1468 4155; x_wconf 88' lang='lat' dir='ltr'><strong>itaque</strong></span> <span class='ocrx_word' id='word_1_517' title='bbox 1499 4084 1790 4153; x_wconf 80' lang='lat' dir='ltr'><strong>proferatis</strong></span> <span class='ocrx_word' id='word_1_518' title='bbox 1822 4083 2071 4152; x_wconf 61' lang='lat' dir='ltr'><strong>quaedam</strong></span> 
     </span>
    </p>
   </div>
   <div class='ocr_carea' id='block_1_74' title="bbox 489 4175 2073 4245">
    <p class='ocr_par' dir='ltr' id='par_1_74' title="bbox 489 4175 2073 4245">
     <span class='ocr_line' id='line_1_74' title="bbox 489 4175 2073 4245; baseline 0.003 -15"><span class='ocrx_word' id='word_1_519' title='bbox 489 4178 677 4230; x_wconf 91' lang='lat' dir='ltr'><strong>minus</strong></span> <span class='ocrx_word' id='word_1_520' title='bbox 726 4176 949 4245; x_wconf 88' lang='lat' dir='ltr'><strong>proprie</strong></span> <span class='ocrx_word' id='word_1_521' title='bbox 1004 4175 1150 4231; x_wconf 89' lang='lat' dir='ltr'><strong>dicta</strong></span> <span class='ocrx_word' id='word_1_522' title='bbox 1211 4176 1480 4231; x_wconf 81' lang='lat' dir='ltr'><strong>adversus</strong></span> <span class='ocrx_word' id='word_1_523' title='bbox 1548 4191 1641 4238; x_wconf 88' lang='lat' dir='ltr'><strong>ea,</strong></span> <span class='ocrx_word' id='word_1_524' title='bbox 1678 4190 1801 4245; x_wconf 65' lang='lat' dir='ltr'><strong>quae</strong></span> <span class='ocrx_word' id='word_1_525' title='bbox 1852 4177 2073 4245; x_wconf 86' lang='lat' dir='ltr'><strong>proprie</strong></span> 
     </span>
    </p>
   </div>
   <div class='ocr_carea' id='block_1_75' title="bbox 491 4266 2071 4332">
    <p class='ocr_par' dir='ltr' id='par_1_75' title="bbox 491 4266 2071 4332">
     <span class='ocr_line' id='line_1_75' title="bbox 491 4266 2071 4332; baseline 0.001 -11"><span class='ocrx_word' id='word_1_526' title='bbox 491 4267 786 4332; x_wconf 88' lang='lat' dir='ltr'><strong>dicuntur;</strong></span> <span class='ocrx_word' id='word_1_527' title='bbox 835 4266 931 4321; x_wconf 80' lang='lat' dir='ltr'><strong>sed</strong></span> <span class='ocrx_word' id='word_1_528' title='bbox 981 4282 1048 4321; x_wconf 75' lang='lat' dir='ltr'><strong>ex</strong></span> <span class='ocrx_word' id='word_1_529' title='bbox 1099 4267 1476 4330; x_wconf 85' lang='lat' dir='ltr'><strong>convenienti.</strong></span> <span class='ocrx_word' id='word_1_530' title='bbox 1521 4281 1789 4331; x_wconf 89' lang='lat' dir='ltr'><strong>consono,</strong></span> <span class='ocrx_word' id='word_1_531' title='bbox 1829 4276 1886 4322; x_wconf 90' lang='lat' dir='ltr'><strong>et</strong></span> <span class='ocrx_word' id='word_1_532' title='bbox 1915 4284 2071 4323; x_wconf 89' lang='lat' dir='ltr'><strong>com-</strong></span> 
     </span>
    </p>
   </div>
   <div class='ocr_carea' id='block_1_76' title="bbox 489 4356 2071 4431">
    <p class='ocr_par' dir='ltr' id='par_1_76' title="bbox 489 4356 2071 4431">
     <span class='ocr_line' id='line_1_76' title="bbox 489 4356 2071 4431; baseline 0.004 -20"><span class='ocrx_word' id='word_1_533' title='bbox 489 4356 731 4411; x_wconf 88' lang='lat' dir='ltr'><strong>muniori</strong></span> <span class='ocrx_word' id='word_1_534' title='bbox 776 4371 1032 4412; x_wconf 81' lang='lat' dir='ltr'><strong>sermone</strong></span> <span class='ocrx_word' id='word_1_535' title='bbox 1081 4357 1423 4429; x_wconf 88' lang='lat' dir='ltr'><strong>conjicienda</strong></span> <span class='ocrx_word' id='word_1_536' title='bbox 1470 4357 1634 4413; x_wconf 89' lang='lat' dir='ltr'><strong>nobis</strong></span> <span class='ocrx_word' id='word_1_537' title='bbox 1681 4366 1766 4412; x_wconf 91' lang='lat' dir='ltr'><strong>est</strong></span> <span class='ocrx_word' id='word_1_538' title='bbox 1805 4358 2071 4431; x_wconf 82' lang='lat' dir='ltr'><strong>vobisque</strong></span> 
     </span>
    </p>
   </div>
   <div class='ocr_carea' id='block_1_77' title="bbox 2184 3166 3755 3243">
    <p class='ocr_par' dir='ltr' id='par_1_77' title="bbox 2184 3166 3755 3243">
     <span class='ocr_line' id='line_1_77' title="bbox 2184 3166 3755 3243; baseline -0.004 -18"><span class='ocrx_word' id='word_1_539' title='bbox 2184 3171 2483 3242; x_wconf 84' lang='grc' dir='ltr'>Θεηγόρους</span> <span class='ocrx_word' id='word_1_540' title='bbox 2538 3171 2758 3242; x_wconf 75' lang='grc' dir='ltr'>ἄνδρας,</span> <span class='ocrx_word' id='word_1_541' title='bbox 2801 3172 2900 3236; x_wconf 81' lang='grc' dir='ltr'><strong>τὰς</strong></span> <span class='ocrx_word' id='word_1_542' title='bbox 2950 3171 3050 3243; x_wconf 72' lang='grc' dir='ltr'>μὶν</span> <span class='ocrx_word' id='word_1_543' title='bbox 3089 3169 3530 3231; x_wconf 80' lang='grc' dir='ltr'>κοινοποιοῦντας</span> <span class='ocrx_word' id='word_1_544' title='bbox 3563 3166 3637 3231; x_wconf 82' lang='grc' dir='ltr'><strong>ὡς</strong></span> <span class='ocrx_word' id='word_1_545' title='bbox 3666 3167 3755 3235; x_wconf 71' lang='grc' dir='ltr'><strong>ἐφ’</strong></span> 
     </span>
    </p>
   </div>
   <div class='ocr_carea' id='block_1_78' title="bbox 2177 3255 3754 3332">
    <p class='ocr_par' dir='ltr' id='par_1_78' title="bbox 2177 3255 3754 3332">
     <span class='ocr_line' id='line_1_78' title="bbox 2177 3255 3754 3332; baseline -0.001 -17"><span class='ocrx_word' id='word_1_546' title='bbox 2177 3261 2296 3325; x_wconf 56' lang='lat' dir='ltr'><strong>ivli;</strong></span> <span class='ocrx_word' id='word_1_547' title='bbox 2353 3261 2689 3331; x_wconf 82' lang='grc' dir='ltr'>προσώπου,</span> <span class='ocrx_word' id='word_1_548' title='bbox 2737 3262 2837 3326; x_wconf 82' lang='grc' dir='ltr'>τὰς</span> <span class='ocrx_word' id='word_1_549' title='bbox 2883 3260 2943 3315; x_wconf 70' lang='grc' dir='ltr'>δὲ</span> <span class='ocrx_word' id='word_1_550' title='bbox 2998 3259 3343 3332; x_wconf 78' lang='grc' dir='ltr'>διαιροῦντας</span> <span class='ocrx_word' id='word_1_551' title='bbox 3392 3258 3469 3322; x_wconf 85' lang='grc' dir='ltr'>ὼς</span> <span class='ocrx_word' id='word_1_552' title='bbox 3517 3256 3613 3313; x_wconf 74' lang='grc' dir='ltr'><strong>ἐπὶ</strong></span> <span class='ocrx_word' id='word_1_553' title='bbox 3657 3255 3754 3313; x_wconf 77' lang='grc' dir='ltr'><strong>δύο</strong></span> 
     </span>
    </p>
   </div>
   <div class='ocr_carea' id='block_1_79' title="bbox 2178 3353 2476 3424">
    <p class='ocr_par' dir='ltr' id='par_1_79' title="bbox 2178 3353 2476 3424">
     <span class='ocr_line' id='line_1_79' title="bbox 2178 3353 2476 3424; baseline -0.003 -18"><span class='ocrx_word' id='word_1_554' title='bbox 2178 3353 2419 3424; x_wconf 81' lang='grc' dir='ltr'>φύσεων.</span> <span class='ocrx_word' id='word_1_555' title='bbox 2455 3369 2476 3405; x_wconf 75' lang='grc' dir='ltr'><strong>ι</strong></span> 
     </span>
    </p>
   </div>
   <div class='ocr_carea' id='block_1_80' title="bbox 2249 3609 3753 3686">
    <p class='ocr_par' dir='ltr' id='par_1_80' title="bbox 2249 3609 3753 3686">
     <span class='ocr_line' id='line_1_80' title="bbox 2249 3609 3753 3686; baseline -0.006 -17"><span class='ocrx_word' id='word_1_556' title='bbox 2249 3615 2312 3669; x_wconf 86' lang='grc' dir='ltr'>Εί</span> <span class='ocrx_word' id='word_1_557' title='bbox 2336 3614 2448 3686; x_wconf 83' lang='grc' dir='ltr'><strong>γὰρ</strong></span> <span class='ocrx_word' id='word_1_558' title='bbox 2474 3613 2727 3685; x_wconf 87' lang='grc' dir='ltr'>πανταχῆ</span> <span class='ocrx_word' id='word_1_559' title='bbox 2762 3614 2853 3667; x_wconf 70' lang='grc' dir='ltr'><strong>ἐπὶ</strong></span> <span class='ocrx_word' id='word_1_560' title='bbox 2888 3615 2987 3685; x_wconf 77' lang='grc' dir='ltr'>τῆς</span> <span class='ocrx_word' id='word_1_561' title='bbox 3020 3612 3334 3682; x_wconf 77' lang='grc' dir='ltr'>οἰκονομίας</span> <span class='ocrx_word' id='word_1_562' title='bbox 3368 3609 3753 3680; x_wconf 67' lang='grc' dir='ltr'>άποκληρωτιι-</span> 
     </span>
    </p>
   </div>
   <div class='ocr_carea' id='block_1_81' title="bbox 2176 3700 3754 3777">
    <p class='ocr_par' dir='ltr' id='par_1_81' title="bbox 2176 3700 3754 3777">
     <span class='ocr_line' id='line_1_81' title="bbox 2176 3700 3754 3777; baseline -0.005 -16"><span class='ocrx_word' id='word_1_563' title='bbox 2176 3707 2289 3771; x_wconf 82' lang='grc' dir='ltr'><strong>κῶς</strong></span> <span class='ocrx_word' id='word_1_564' title='bbox 2340 3708 2504 3777; x_wconf 89' lang='grc' dir='ltr'>φύσιν</span> <span class='ocrx_word' id='word_1_565' title='bbox 2534 3709 2629 3760; x_wconf 80' lang='grc' dir='ltr'>καὶ</span> <span class='ocrx_word' id='word_1_566' title='bbox 2656 3707 2956 3760; x_wconf 84' lang='grc' dir='ltr'>ὑπόστασιν</span> <span class='ocrx_word' id='word_1_567' title='bbox 2988 3706 3186 3759; x_wconf 76' lang='grc' dir='ltr'>ταυτὸν</span> <span class='ocrx_word' id='word_1_568' title='bbox 3220 3700 3360 3758; x_wconf 72' lang='grc' dir='ltr'>οἶδεν</span> <span class='ocrx_word' id='word_1_569' title='bbox 3398 3706 3426 3759; x_wconf 87' lang='lat'><strong>6</strong></span> <span class='ocrx_word' id='word_1_570' title='bbox 3458 3702 3671 3773; x_wconf 79' lang='grc' dir='ltr'>Πατὴρ,</span> <span class='ocrx_word' id='word_1_571' title='bbox 3701 3701 3754 3753; x_wconf 74' lang='lat' dir='ltr'><strong>oi</strong></span> 
     </span>
    </p>
   </div>
   <div class='ocr_carea' id='block_1_82' title="bbox 2173 3793 3753 3873">
    <p class='ocr_par' dir='ltr' id='par_1_82' title="bbox 2173 3793 3753 3873">
     <span class='ocr_line' id='line_1_82' title="bbox 2173 3793 3753 3873; baseline -0.006 -18"><span class='ocrx_word' id='word_1_572' title='bbox 2173 3801 2509 3873; x_wconf 78' lang='grc' dir='ltr'>διαιροῦντες</span> <span class='ocrx_word' id='word_1_573' title='bbox 2524 3799 2597 3862; x_wconf 79' lang='grc' dir='ltr'><strong>ὡς</strong></span> <span class='ocrx_word' id='word_1_574' title='bbox 2621 3800 2716 3853; x_wconf 64' lang='grc' dir='ltr'><strong>ἐπὶ</strong></span> <span class='ocrx_word' id='word_1_575' title='bbox 2738 3798 2832 3851; x_wconf 89' lang='grc' dir='ltr'><strong>δύο</strong></span> <span class='ocrx_word' id='word_1_576' title='bbox 2849 3798 3065 3866; x_wconf 82' lang='grc' dir='ltr'>φύσεων</span> <span class='ocrx_word' id='word_1_577' title='bbox 3086 3799 3183 3860; x_wconf 81' lang='grc' dir='ltr'>τὰς</span> <span class='ocrx_word' id='word_1_578' title='bbox 3210 3797 3412 3865; x_wconf 69' lang='grc' dir='ltr'>φωνὰς,</span> <span class='ocrx_word' id='word_1_579' title='bbox 3442 3800 3521 3865; x_wconf 79' lang='grc' dir='ltr'>τῷ</span> <span class='ocrx_word' id='word_1_580' title='bbox 3550 3793 3753 3863; x_wconf 51' lang='lat' dir='ltr'><strong>suos.</strong></span> 
     </span>
    </p>
   </div>
   <div class='ocr_carea' id='block_1_83' title="bbox 2178 3882 3754 3963">
    <p class='ocr_par' dir='ltr' id='par_1_83' title="bbox 2178 3882 3754 3963">
     <span class='ocr_line' id='line_1_83' title="bbox 2178 3882 3754 3963; baseline -0.007 -18"><span class='ocrx_word' id='word_1_581' title='bbox 2178 3891 2407 3963; x_wconf 87' lang='grc' dir='ltr'>ματιτῷ</span> <span class='ocrx_word' id='word_1_582' title='bbox 2435 3889 2657 3943; x_wconf 72' lang='grc' dir='ltr'>ἐπὶτῶν</span> <span class='ocrx_word' id='word_1_583' title='bbox 2690 3889 2784 3943; x_wconf 90' lang='grc' dir='ltr'><strong>δύο</strong></span> <span class='ocrx_word' id='word_1_584' title='bbox 2813 3888 3146 3943; x_wconf 72' lang='grc' dir='ltr'>ὑποστάσεσι</span> <span class='ocrx_word' id='word_1_585' title='bbox 3174 3885 3538 3956; x_wconf 88' lang='grc' dir='ltr'>διανεμόντων</span> <span class='ocrx_word' id='word_1_586' title='bbox 3564 3882 3754 3952; x_wconf 69' lang='grc' dir='ltr'>φωνὰς</span> 
     </span>
    </p>
   </div>
   <div class='ocr_carea' id='block_1_84' title="bbox 2174 3974 3751 4053">
    <p class='ocr_par' dir='ltr' id='par_1_84' title="bbox 2174 3974 3751 4053">
     <span class='ocr_line' id='line_1_84' title="bbox 2174 3974 3751 4053; baseline -0.007 -14"><span class='ocrx_word' id='word_1_587' title='bbox 2174 3983 2416 4053; x_wconf 78' lang='grc' dir='ltr'>κειμένῳ</span> <span class='ocrx_word' id='word_1_588' title='bbox 2459 3980 2974 4052; x_wconf 77' lang='grc' dir='ltr'>καθυποσέδληνται</span> <span class='ocrx_word' id='word_1_589' title='bbox 3018 3980 3219 4041; x_wconf 89' lang='grc' dir='ltr'>πάντες</span> <span class='ocrx_word' id='word_1_590' title='bbox 3250 3978 3298 4031; x_wconf 81' lang='lat' dir='ltr'><strong>oi</strong></span> <span class='ocrx_word' id='word_1_591' title='bbox 3331 3975 3608 4046; x_wconf 80' lang='grc' dir='ltr'>θεηγόροι.</span> <span class='ocrx_word' id='word_1_592' title='bbox 3656 3974 3751 4045; x_wconf 78' lang='grc' dir='ltr'><strong>Μὴ</strong></span> 
     </span>
    </p>
   </div>
   <div class='ocr_carea' id='block_1_85' title="bbox 2176 4066 3754 4146">
    <p class='ocr_par' dir='ltr' id='par_1_85' title="bbox 2176 4066 3754 4146">
     <span class='ocr_line' id='line_1_85' title="bbox 2176 4066 3754 4146; baseline -0.007 -16"><span class='ocrx_word' id='word_1_593' title='bbox 2176 4073 2271 4130; x_wconf 73' lang='grc' dir='ltr'>οὖν</span> <span class='ocrx_word' id='word_1_594' title='bbox 2311 4074 2382 4129; x_wconf 82' lang='grc' dir='ltr'><strong>τὰ</strong></span> <span class='ocrx_word' id='word_1_595' title='bbox 2431 4075 2506 4146; x_wconf 80' lang='grc' dir='ltr'>μὴ</span> <span class='ocrx_word' id='word_1_596' title='bbox 2545 4073 2754 4144; x_wconf 85' lang='grc' dir='ltr'>κυρίως</span> <span class='ocrx_word' id='word_1_597' title='bbox 2825 4071 2969 4125; x_wconf 83' lang='grc' dir='ltr'>κατὰ</span> <span class='ocrx_word' id='word_1_598' title='bbox 3012 4070 3124 4125; x_wconf 86' lang='grc' dir='ltr'><strong>τῶν</strong></span> <span class='ocrx_word' id='word_1_599' title='bbox 3186 4070 3393 4138; x_wconf 77' lang='grc' dir='ltr'>κυρίως</span> <span class='ocrx_word' id='word_1_600' title='bbox 3441 4066 3754 4138; x_wconf 73' lang='grc' dir='ltr'>εἰρημένων</span> 
     </span>
    </p>
   </div>
   <div class='ocr_carea' id='block_1_86' title="bbox 2174 4154 3753 4240">
    <p class='ocr_par' dir='ltr' id='par_1_86' title="bbox 2174 4154 3753 4240">
     <span class='ocr_line' id='line_1_86' title="bbox 2174 4154 3753 4240; baseline -0.006 -19"><span class='ocrx_word' id='word_1_601' title='bbox 2174 4167 2526 4240; x_wconf 84' lang='grc' dir='ltr'>προφέροιτε,</span> <span class='ocrx_word' id='word_1_602' title='bbox 2555 4163 2671 4218; x_wconf 78' lang='grc' dir='ltr'>ἀλλ’</span> <span class='ocrx_word' id='word_1_603' title='bbox 2688 4166 2752 4217; x_wconf 82' lang='grc' dir='ltr'>ὲκ</span> <span class='ocrx_word' id='word_1_604' title='bbox 2773 4163 2866 4217; x_wconf 82' lang='grc' dir='ltr'>τοῦ</span> <span class='ocrx_word' id='word_1_605' title='bbox 2885 4165 3186 4233; x_wconf 75' lang='grc' dir='ltr'>πρέποντος</span> <span class='ocrx_word' id='word_1_606' title='bbox 3209 4159 3367 4227; x_wconf 78' lang='grc' dir='ltr'>λόγου</span> <span class='ocrx_word' id='word_1_607' title='bbox 3399 4160 3495 4213; x_wconf 71' lang='grc' dir='ltr'>καὶ</span> <span class='ocrx_word' id='word_1_608' title='bbox 3523 4154 3753 4228; x_wconf 80' lang='grc' dir='ltr'>συμφώ-</span> 
     </span>
    </p>
   </div>
   <div class='ocr_carea' id='block_1_87' title="bbox 2174 4250 3753 4328">
    <p class='ocr_par' dir='ltr' id='par_1_87' title="bbox 2174 4250 3753 4328">
     <span class='ocr_line' id='line_1_87' title="bbox 2174 4250 3753 4328; baseline -0.008 -13"><span class='ocrx_word' id='word_1_609' title='bbox 2174 4278 2266 4315; x_wconf 90' lang='grc' dir='ltr'><strong>νου</strong></span> <span class='ocrx_word' id='word_1_610' title='bbox 2287 4260 2380 4313; x_wconf 77' lang='grc' dir='ltr'>καὶ</span> <span class='ocrx_word' id='word_1_611' title='bbox 2402 4258 2710 4328; x_wconf 85' lang='grc' dir='ltr'>κοινοτέρου</span> <span class='ocrx_word' id='word_1_612' title='bbox 2728 4257 2825 4309; x_wconf 75' lang='grc' dir='ltr'>καὶ</span> <span class='ocrx_word' id='word_1_613' title='bbox 2840 4257 3005 4308; x_wconf 80' lang='grc' dir='ltr'>πᾶσιν</span> <span class='ocrx_word' id='word_1_614' title='bbox 3027 4253 3475 4324; x_wconf 79' lang='grc' dir='ltr'>ὡμολογημένου,</span> <span class='ocrx_word' id='word_1_615' title='bbox 3506 4252 3604 4321; x_wconf 77' lang='grc' dir='ltr'>τῆς</span> <span class='ocrx_word' id='word_1_616' title='bbox 3624 4250 3753 4321; x_wconf 77' lang='grc' dir='ltr'>άλη·</span> 
     </span>
    </p>
   </div>
   <div class='ocr_carea' id='block_1_88' title="bbox 2174 4340 3791 4420">
    <p class='ocr_par' dir='ltr' id='par_1_88' title="bbox 2174 4340 3791 4420">
     <span class='ocr_line' id='line_1_88' title="bbox 2174 4340 3791 4420; baseline -0.005 -15"><span class='ocrx_word' id='word_1_617' title='bbox 2174 4350 2326 4415; x_wconf 79' lang='grc' dir='ltr'>θείας</span> <span class='ocrx_word' id='word_1_618' title='bbox 2364 4347 2691 4420; x_wconf 83' lang='grc' dir='ltr'>στοχαστέον</span> <span class='ocrx_word' id='word_1_619' title='bbox 2719 4348 2856 4417; x_wconf 86' lang='grc' dir='ltr'>ήμῖν</span> <span class='ocrx_word' id='word_1_620' title='bbox 2886 4362 2948 4400; x_wconf 79' lang='grc' dir='ltr'><strong>τε</strong></span> <span class='ocrx_word' id='word_1_621' title='bbox 2985 4346 3081 4400; x_wconf 71' lang='grc' dir='ltr'>καὶ</span> <span class='ocrx_word' id='word_1_622' title='bbox 3107 4346 3237 4414; x_wconf 81' lang='grc' dir='ltr'>ὑμῖν</span> <span class='ocrx_word' id='word_1_623' title='bbox 3289 4343 3434 4397; x_wconf 82' lang='grc' dir='ltr'>κατὰ</span> <span class='ocrx_word' id='word_1_624' title='bbox 3463 4344 3644 4417; x_wconf 54' lang='grc' dir='ltr'>πάγτα</span> <span class='ocrx_word' id='word_1_625' title='bbox 3679 4340 3751 4397; x_wconf 78' lang='grc' dir='ltr'>τὰ</span> <span class='ocrx_word' id='word_1_626' title='bbox 3786 4380 3791 4385; x_wconf 88' lang='grc'><strong>-</strong></span> 
     </span>
    </p>
   </div>
   <div class='ocr_carea' id='block_1_89' title="bbox 487 4443 2071 4530">
    <p class='ocr_par' dir='ltr' id='par_1_89' title="bbox 487 4447 1997 4519">
     <span class='ocr_line' id='line_1_89' title="bbox 487 4447 1997 4519; baseline 0.002 -15"><span class='ocrx_word' id='word_1_627' title='bbox 487 4448 653 4504; x_wconf 88' lang='lat' dir='ltr'><strong>simul</strong></span> <span class='ocrx_word' id='word_1_628' title='bbox 693 4447 899 4503; x_wconf 81' lang='lat' dir='ltr'><strong>veritas</strong></span> <span class='ocrx_word' id='word_1_629' title='bbox 940 4462 1130 4503; x_wconf 90' lang='lat' dir='ltr'><strong>eorum</strong></span> <span class='ocrx_word' id='word_1_630' title='bbox 1167 4449 1415 4502; x_wconf 89' lang='lat' dir='ltr'><strong>omnium</strong></span> <span class='ocrx_word' id='word_1_631' title='bbox 1456 4464 1580 4519; x_wconf 68' lang='lat' dir='ltr'><strong>quae</strong></span> <span class='ocrx_word' id='word_1_632' title='bbox 1620 4450 1997 4518; x_wconf 86' lang='lat' dir='ltr'><strong>proferuntur.</strong></span> 
     </span>
    </p>
   </div>
   <div class='ocr_carea' id='block_1_90' title="bbox 2175 4443 2560 4530">
    <p class='ocr_par' dir='ltr' id='par_1_90' title="bbox 2176 4443 2560 4513">
     <span class='ocr_line' id='line_1_90' title="bbox 2176 4443 2560 4513; baseline 0 -16"><span class='ocrx_word' id='word_1_633' title='bbox 2176 4443 2560 4513; x_wconf 85' lang='grc' dir='ltr'>παραγόμενα.</span> 
     </span>
    </p>
   </div>
   <div class='ocr_carea' id='block_1_91' title="bbox 565 4538 2071 4609">
    <p class='ocr_par' dir='ltr' id='par_1_91' title="bbox 565 4538 2071 4609">
     <span class='ocr_line' id='line_1_91' title="bbox 565 4538 2071 4609; baseline 0.005 -16"><span class='ocrx_word' id='word_1_634' title='bbox 565 4538 631 4594; x_wconf 80' lang='lat' dir='ltr'><strong>At</strong></span> <span class='ocrx_word' id='word_1_635' title='bbox 652 4538 959 4605; x_wconf 88' lang='lat' dir='ltr'><strong>Nestorius,</strong></span> <span class='ocrx_word' id='word_1_636' title='bbox 984 4539 1264 4609; x_wconf 86' lang='lat' dir='ltr'><strong>inquiunt,</strong></span> <span class='ocrx_word' id='word_1_637' title='bbox 1300 4539 1507 4595; x_wconf 83' lang='lat' dir='ltr'><strong>abusus</strong></span> <span class='ocrx_word' id='word_1_638' title='bbox 1531 4548 1617 4594; x_wconf 89' lang='lat' dir='ltr'><strong>est</strong></span> <span class='ocrx_word' id='word_1_639' title='bbox 1637 4542 1905 4597; x_wconf 82' lang='lat' dir='ltr'><strong>vocabulo</strong></span> <span class='ocrx_word' id='word_1_640' title='bbox 1929 4545 2071 4600; x_wconf 87' lang='lat' dir='ltr'><strong>dua-</strong></span> 
     </span>
    </p>
   </div>
   <div class='ocr_carea' id='block_1_92' title="bbox 491 4629 2072 4704">
    <p class='ocr_par' dir='ltr' id='par_1_92' title="bbox 491 4629 2072 4704">
     <span class='ocr_line' id='line_1_92' title="bbox 491 4629 2072 4704; baseline 0.005 -19"><span class='ocrx_word' id='word_1_641' title='bbox 491 4646 615 4686; x_wconf 90' lang='lat' dir='ltr'><strong>rum</strong></span> <span class='ocrx_word' id='word_1_642' title='bbox 639 4633 694 4685; x_wconf 90' lang='lat' dir='ltr'><strong>in</strong></span> <span class='ocrx_word' id='word_1_643' title='bbox 713 4629 935 4687; x_wconf 88' lang='lat' dir='ltr'><strong>Christo</strong></span> <span class='ocrx_word' id='word_1_644' title='bbox 960 4641 1302 4695; x_wconf 84' lang='lat' dir='ltr'><strong>naturarum,</strong></span> <span class='ocrx_word' id='word_1_645' title='bbox 1326 4646 1434 4701; x_wconf 90' lang='lat' dir='ltr'><strong>qua</strong></span> <span class='ocrx_word' id='word_1_646' title='bbox 1462 4645 1595 4687; x_wconf 85' lang='lat' dir='ltr'><strong>voce</strong></span> <span class='ocrx_word' id='word_1_647' title='bbox 1623 4646 1721 4687; x_wconf 79' lang='lat' dir='ltr'><strong>vos</strong></span> <span class='ocrx_word' id='word_1_648' title='bbox 1742 4648 1963 4704; x_wconf 91' lang='lat' dir='ltr'><strong>quoque</strong></span> <span class='ocrx_word' id='word_1_649' title='bbox 1989 4637 2072 4692; x_wconf 89' lang='lat' dir='ltr'><strong>uti</strong></span> 
     </span>
    </p>
   </div>
   <div class='ocr_carea' id='block_1_93' title="bbox 488 4723 2072 4794">
    <p class='ocr_par' dir='ltr' id='par_1_93' title="bbox 488 4723 2072 4794">
     <span class='ocr_line' id='line_1_93' title="bbox 488 4723 2072 4794; baseline 0.004 -16"><span class='ocrx_word' id='word_1_650' title='bbox 488 4723 885 4779; x_wconf 85' lang='lat' dir='ltr'><strong>soletis.—Ad</strong></span> <span class='ocrx_word' id='word_1_651' title='bbox 925 4724 1041 4779; x_wconf 80' lang='lat' dir='ltr'><strong>haec</strong></span> <span class='ocrx_word' id='word_1_652' title='bbox 1078 4725 1500 4794; x_wconf 84' lang='lat' dir='ltr'><strong>respondemus,</strong></span> <span class='ocrx_word' id='word_1_653' title='bbox 1541 4740 1667 4780; x_wconf 92' lang='lat' dir='ltr'><strong>eum</strong></span> <span class='ocrx_word' id='word_1_654' title='bbox 1701 4742 1860 4781; x_wconf 89' lang='lat' dir='ltr'><strong>usum</strong></span> <span class='ocrx_word' id='word_1_655' title='bbox 1902 4730 2072 4785; x_wconf 89' lang='lat' dir='ltr'><strong>etiam</strong></span> 
     </span>
    </p>
   </div>
   <div class='ocr_carea' id='block_1_94' title="bbox 488 4815 2067 4887">
    <p class='ocr_par' dir='ltr' id='par_1_94' title="bbox 488 4815 2067 4887">
     <span class='ocr_line' id='line_1_94' title="bbox 488 4815 2067 4887; baseline 0.002 -15"><span class='ocrx_word' id='word_1_656' title='bbox 488 4831 611 4873; x_wconf 86' lang='lat' dir='ltr'><strong>esse</strong></span> <span class='ocrx_word' id='word_1_657' title='bbox 648 4816 905 4885; x_wconf 90' lang='lat' dir='ltr'><strong>pluribus</strong></span> <span class='ocrx_word' id='word_1_658' title='bbox 930 4816 1057 4870; x_wconf 89' lang='lat' dir='ltr'><strong>aliis</strong></span> <span class='ocrx_word' id='word_1_659' title='bbox 1088 4831 1371 4871; x_wconf 90' lang='lat' dir='ltr'><strong>sacrarum</strong></span> <span class='ocrx_word' id='word_1_660' title='bbox 1403 4815 1813 4886; x_wconf 88' lang='lat' dir='ltr'><strong>Scripturarum</strong></span> <span class='ocrx_word' id='word_1_661' title='bbox 1848 4820 2067 4887; x_wconf 81' lang='lat' dir='ltr'><strong>verbis;</strong></span> 
     </span>
    </p>
   </div>
   <div class='ocr_carea' id='block_1_95' title="bbox 488 4906 2072 4979">
    <p class='ocr_par' dir='ltr' id='par_1_95' title="bbox 488 4906 2072 4979">
     <span class='ocr_line' id='line_1_95' title="bbox 488 4906 2072 4979; baseline 0.003 -17"><span class='ocrx_word' id='word_1_662' title='bbox 488 4906 689 4978; x_wconf 89' lang='lat' dir='ltr'><strong>ecquid</strong></span> <span class='ocrx_word' id='word_1_663' title='bbox 744 4908 1071 4979; x_wconf 84' lang='lat' dir='ltr'><strong>propterea?</strong></span> <span class='ocrx_word' id='word_1_664' title='bbox 1121 4907 1374 4978; x_wconf 88' lang='lat' dir='ltr'><strong>nunquid</strong></span> <span class='ocrx_word' id='word_1_665' title='bbox 1427 4908 1496 4963; x_wconf 90' lang='lat' dir='ltr'><strong>ab</strong></span> <span class='ocrx_word' id='word_1_666' title='bbox 1548 4908 1635 4964; x_wconf 89' lang='lat' dir='ltr'><strong>his</strong></span> <span class='ocrx_word' id='word_1_667' title='bbox 1697 4910 1864 4966; x_wconf 88' lang='lat' dir='ltr'><strong>etiam</strong></span> <span class='ocrx_word' id='word_1_668' title='bbox 1910 4912 2072 4968; x_wconf 86' lang='lat' dir='ltr'><strong>nobis</strong></span> 
     </span>
    </p>
   </div>
   <div class='ocr_carea' id='block_1_96' title="bbox 488 4999 2070 5073">
    <p class='ocr_par' dir='ltr' id='par_1_96' title="bbox 488 4999 2070 5073">
     <span class='ocr_line' id='line_1_96' title="bbox 488 4999 2070 5073; baseline 0.001 -17"><span class='ocrx_word' id='word_1_669' title='bbox 488 5000 918 5056; x_wconf 82' lang='lat' dir='ltr'><strong>abstinendum?</strong></span> <span class='ocrx_word' id='word_1_670' title='bbox 943 5000 1078 5070; x_wconf 90' lang='lat' dir='ltr'><strong>quid</strong></span> <span class='ocrx_word' id='word_1_671' title='bbox 1098 4999 1324 5056; x_wconf 78' lang='lat' dir='ltr'><strong>?Ariani</strong></span> <span class='ocrx_word' id='word_1_672' title='bbox 1354 5017 1575 5072; x_wconf 91' lang='lat' dir='ltr'><strong>quoque</strong></span> <span class='ocrx_word' id='word_1_673' title='bbox 1603 5003 1849 5058; x_wconf 89' lang='lat' dir='ltr'><strong>omnium</strong></span> <span class='ocrx_word' id='word_1_674' title='bbox 1881 5004 2070 5073; x_wconf 89' lang='lat' dir='ltr'><strong>primi,</strong></span> 
     </span>
    </p>
   </div>
   <div class='ocr_carea' id='block_1_97' title="bbox 486 5091 2073 5161">
    <p class='ocr_par' dir='ltr' id='par_1_97' title="bbox 486 5091 2073 5161">
     <span class='ocr_line' id='line_1_97' title="bbox 486 5091 2073 5161; baseline 0.002 -15"><span class='ocrx_word' id='word_1_675' title='bbox 486 5091 1018 5161; x_wconf 60' lang='lat' dir='ltr'><strong>et.Apollinaristae,</strong></span> <span class='ocrx_word' id='word_1_676' title='bbox 1070 5099 1128 5146; x_wconf 91' lang='lat' dir='ltr'><strong>et</strong></span> <span class='ocrx_word' id='word_1_677' title='bbox 1177 5092 1268 5146; x_wconf 88' lang='lat' dir='ltr'><strong>alii</strong></span> <span class='ocrx_word' id='word_1_678' title='bbox 1316 5092 1557 5147; x_wconf 83' lang='lat' dir='ltr'><strong>haeretici</strong></span> <span class='ocrx_word' id='word_1_679' title='bbox 1611 5103 1864 5148; x_wconf 88' lang='lat' dir='ltr'><strong>naturam</strong></span> <span class='ocrx_word' id='word_1_680' title='bbox 1906 5110 2073 5149; x_wconf 88' lang='lat' dir='ltr'><strong>unam</strong></span> 
     </span>
    </p>
   </div>
   <div class='ocr_carea' id='block_1_98' title="bbox 490 5181 2071 5253">
    <p class='ocr_par' dir='ltr' id='par_1_98' title="bbox 490 5181 2071 5253">
     <span class='ocr_line' id='line_1_98' title="bbox 490 5181 2071 5253; baseline 0 -17"><span class='ocrx_word' id='word_1_681' title='bbox 490 5181 591 5236; x_wconf 87' lang='lat' dir='ltr'><strong>Dei</strong></span> <span class='ocrx_word' id='word_1_682' title='bbox 627 5181 791 5236; x_wconf 84' lang='lat' dir='ltr'><strong>Verbi</strong></span> <span class='ocrx_word' id='word_1_683' title='bbox 826 5183 1168 5237; x_wconf 90' lang='lat' dir='ltr'><strong>incarnatam</strong></span> <span class='ocrx_word' id='word_1_684' title='bbox 1215 5192 1616 5248; x_wconf 89' lang='lat' dir='ltr'><strong>asseruerunt;</strong></span> <span class='ocrx_word' id='word_1_685' title='bbox 1650 5182 1905 5253; x_wconf 90' lang='lat' dir='ltr'><strong>nunquid</strong></span> <span class='ocrx_word' id='word_1_686' title='bbox 1940 5197 2071 5251; x_wconf 89' lang='lat' dir='ltr'><strong>pro-</strong></span> 
     </span>
    </p>
   </div>
   <div class='ocr_carea' id='block_1_99' title="bbox 491 5272 2074 5345">
    <p class='ocr_par' dir='ltr' id='par_1_99' title="bbox 491 5272 2074 5345">
     <span class='ocr_line' id='line_1_99' title="bbox 491 5272 2074 5345; baseline -0.001 -17"><span class='ocrx_word' id='word_1_687' title='bbox 491 5282 681 5345; x_wconf 87' lang='lat' dir='ltr'><strong>pterea</strong></span> <span class='ocrx_word' id='word_1_688' title='bbox 730 5273 786 5327; x_wconf 89' lang='lat' dir='ltr'><strong>id</strong></span> <span class='ocrx_word' id='word_1_689' title='bbox 839 5273 1018 5342; x_wconf 87' lang='lat' dir='ltr'><strong>ipsum</strong></span> <span class='ocrx_word' id='word_1_690' title='bbox 1049 5288 1150 5329; x_wconf 92' lang='lat' dir='ltr'><strong>nos</strong></span> <span class='ocrx_word' id='word_1_691' title='bbox 1199 5288 1443 5330; x_wconf 86' lang='lat' dir='ltr'><strong>asserere</strong></span> <span class='ocrx_word' id='word_1_692' title='bbox 1467 5290 1579 5329; x_wconf 91' lang='lat' dir='ltr'><strong>non</strong></span> <span class='ocrx_word' id='word_1_693' title='bbox 1609 5273 1944 5343; x_wconf 81' lang='lat' dir='ltr'><strong>possumus?</strong></span> <span class='ocrx_word' id='word_1_694' title='bbox 1973 5272 2074 5326; x_wconf 78' lang='lat' dir='ltr'><strong>Mi-</strong></span> 
     </span>
    </p>
   </div>
   <div class='ocr_carea' id='block_1_100' title="bbox 565 5400 2074 5478">
    <p class='ocr_par' dir='ltr' id='par_1_100' title="bbox 565 5400 2074 5478">
     <span class='ocr_line' id='line_1_100' title="bbox 565 5400 2074 5478; baseline 0.002 -23"><span class='ocrx_word' id='word_1_695' title='bbox 565 5400 675 5478; x_wconf 66' lang='grc' dir='ltr'><strong>(Ψ)</strong></span> <span class='ocrx_word' id='word_1_696' title='bbox 711 5402 881 5478; x_wconf 86' lang='lat' dir='ltr'><strong>_Liber</strong></span> <span class='ocrx_word' id='word_1_697' title='bbox 902 5405 1144 5478; x_wconf 67' lang='grc' dir='ltr'>χρήσεων</span> <span class='ocrx_word' id='word_1_698' title='bbox 1165 5405 1668 5478; x_wconf 78' lang='lat' dir='ltr'><strong>Menophysitarum</strong></span> <span class='ocrx_word' id='word_1_699' title='bbox 1692 5412 1866 5460; x_wconf 78' lang='lat' dir='ltr'><strong>exstat</strong></span> <span class='ocrx_word' id='word_1_700' title='bbox 1885 5418 2074 5474; x_wconf 87' lang='lat' dir='ltr'><strong>reapse</strong></span> 
     </span>
    </p>
   </div>
   <div class='ocr_carea' id='block_1_101' title="bbox 494 5472 2073 5546">
    <p class='ocr_par' dir='ltr' id='par_1_101' title="bbox 494 5472 2073 5546">
     <span class='ocr_line' id='line_1_101' title="bbox 494 5472 2073 5546; baseline 0.003 -21"><span class='ocrx_word' id='word_1_701' title='bbox 494 5472 865 5546; x_wconf 56' lang='lat' dir='ltr'><strong>in‘Vaticano</strong></span> <span class='ocrx_word' id='word_1_702' title='bbox 903 5472 1158 5543; x_wconf 76' lang='lat' dir='ltr'><strong>qundam</strong></span> <span class='ocrx_word' id='word_1_703' title='bbox 1207 5472 1421 5541; x_wconf 66' lang='lat' dir='ltr'><strong>codice;</strong></span> <span class='ocrx_word' id='word_1_704' title='bbox 1467 5477 1537 5531; x_wconf 89' lang='lat' dir='ltr'><strong>de</strong></span> <span class='ocrx_word' id='word_1_705' title='bbox 1586 5489 1696 5544; x_wconf 91' lang='lat' dir='ltr'><strong>quo</strong></span> <span class='ocrx_word' id='word_1_706' title='bbox 1734 5491 1836 5546; x_wconf 81' lang='lat' dir='ltr'><strong>ego</strong></span> <span class='ocrx_word' id='word_1_707' title='bbox 1884 5472 2073 5544; x_wconf 78' lang='lat' dir='ltr'><strong>postea</strong></span> 
     </span>
    </p>
   </div>
   <div class='ocr_carea' id='block_1_102' title="bbox 496 5543 971 5598">
    <p class='ocr_par' dir='ltr' id='par_1_102' title="bbox 496 5543 971 5598">
     <span class='ocr_line' id='line_1_102' title="bbox 496 5543 971 5598; baseline -0.002 0"><span class='ocrx_word' id='word_1_708' title='bbox 496 5543 787 5598; x_wconf 83' lang='lat' dir='ltr'><strong>locuturus</strong></span> <span class='ocrx_word' id='word_1_709' title='bbox 830 5560 971 5597; x_wconf 85' lang='lat' dir='ltr'><strong>sum.</strong></span> 
     </span>
    </p>
   </div>
   <div class='ocr_carea' id='block_1_103' title="bbox 572 5613 2070 5687">
    <p class='ocr_par' dir='ltr' id='par_1_103' title="bbox 572 5613 2070 5687">
     <span class='ocr_line' id='line_1_103' title="bbox 572 5613 2070 5687; baseline 0.003 -22"><span class='ocrx_word' id='word_1_710' title='bbox 572 5614 619 5683; x_wconf 84' lang='lat' dir='ltr'><strong>(l</strong></span> <span class='ocrx_word' id='word_1_711' title='bbox 638 5615 683 5678; x_wconf 83' lang='grc' dir='ltr'><strong>Ι)</strong></span> <span class='ocrx_word' id='word_1_712' title='bbox 719 5613 1017 5687; x_wconf 76' lang='lat' dir='ltr'><strong>Occasione</strong></span> <span class='ocrx_word' id='word_1_713' title='bbox 1046 5617 1211 5687; x_wconf 71' lang='lat' dir='ltr'><strong>hujus</strong></span> <span class='ocrx_word' id='word_1_714' title='bbox 1234 5617 1384 5672; x_wconf 77' lang='lat' dir='ltr'><strong>vocis</strong></span> <span class='ocrx_word' id='word_1_715' title='bbox 1410 5615 1711 5687; x_wconf 74' lang='lat' dir='ltr'><strong>maximum</strong></span> <span class='ocrx_word' id='word_1_716' title='bbox 1742 5615 1945 5687; x_wconf 85' lang='lat' dir='ltr'><strong>bellum</strong></span> <span class='ocrx_word' id='word_1_717' title='bbox 1976 5630 2070 5669; x_wconf 85' lang='lat' dir='ltr'><strong>or-</strong></span> 
     </span>
    </p>
   </div>
   <div class='ocr_carea' id='block_1_104' title="bbox 500 5684 2072 5743">
    <p class='ocr_par' dir='ltr' id='par_1_104' title="bbox 500 5684 2072 5743">
     <span class='ocr_line' id='line_1_104' title="bbox 500 5684 2072 5743; baseline 0.004 -11"><span class='ocrx_word' id='word_1_718' title='bbox 500 5691 617 5737; x_wconf 82' lang='lat' dir='ltr'><strong>tum</strong></span> <span class='ocrx_word' id='word_1_719' title='bbox 672 5692 757 5738; x_wconf 86' lang='lat' dir='ltr'><strong>est</strong></span> <span class='ocrx_word' id='word_1_720' title='bbox 806 5686 1061 5741; x_wconf 73' lang='lat' dir='ltr'><strong>Ecclesia:</strong></span> <span class='ocrx_word' id='word_1_721' title='bbox 1107 5684 1308 5743; x_wconf 65' lang='lat' dir='ltr'><strong>smcnlo</strong></span> <span class='ocrx_word' id='word_1_722' title='bbox 1364 5703 1415 5741; x_wconf 83' lang='lat' dir='ltr'><strong>tv</strong></span> <span class='ocrx_word' id='word_1_723' title='bbox 1459 5684 1772 5739; x_wconf 86' lang='lat' dir='ltr'><strong>Orientales</strong></span> <span class='ocrx_word' id='word_1_724' title='bbox 1824 5685 1968 5739; x_wconf 88' lang='lat' dir='ltr'><strong>inter</strong></span> <span class='ocrx_word' id='word_1_725' title='bbox 2017 5694 2072 5739; x_wconf 89' lang='lat' dir='ltr'><strong>et</strong></span> 
     </span>
    </p>
   </div>
   <div class='ocr_carea' id='block_1_105' title="bbox 497 5750 2071 5824">
    <p class='ocr_par' dir='ltr' id='par_1_105' title="bbox 497 5750 2071 5824">
     <span class='ocr_line' id='line_1_105' title="bbox 497 5750 2071 5824; baseline 0.001 -19"><span class='ocrx_word' id='word_1_726' title='bbox 497 5750 909 5821; x_wconf 53' lang='lat' dir='ltr'><strong>Occidentales:</strong></span> <span class='ocrx_word' id='word_1_727' title='bbox 935 5774 1057 5813; x_wconf 83' lang='lat' dir='ltr'><strong>nam</strong></span> <span class='ocrx_word' id='word_1_728' title='bbox 1084 5759 1119 5813; x_wconf 82' lang='lat' dir='ltr'><strong>ii</strong></span> <span class='ocrx_word' id='word_1_729' title='bbox 1147 5773 1308 5811; x_wconf 76' lang='lat' dir='ltr'><strong>unum</strong></span> <span class='ocrx_word' id='word_1_730' title='bbox 1334 5757 1387 5812; x_wconf 87' lang='lat' dir='ltr'><strong>in</strong></span> <span class='ocrx_word' id='word_1_731' title='bbox 1415 5755 1683 5809; x_wconf 77' lang='lat' dir='ltr'><strong>Trinitate</strong></span> <span class='ocrx_word' id='word_1_732' title='bbox 1714 5754 2071 5824; x_wconf 70' lang='lat' dir='ltr'><strong>hypostasim,</strong></span> 
     </span>
    </p>
   </div>
   <div class='ocr_carea' id='block_1_106' title="bbox 2246 4525 3752 4604">
    <p class='ocr_par' dir='ltr' id='par_1_106' title="bbox 2246 4525 3752 4604">
     <span class='ocr_line' id='line_1_106' title="bbox 2246 4525 3752 4604; baseline -0.007 -17"><span class='ocrx_word' id='word_1_733' title='bbox 2246 4533 2472 4604; x_wconf 86' lang='grc' dir='ltr'>Πρῶτον</span> <span class='ocrx_word' id='word_1_734' title='bbox 2531 4530 2631 4601; x_wconf 75' lang='grc' dir='ltr'>μὲν</span> <span class='ocrx_word' id='word_1_735' title='bbox 2663 4528 2757 4583; x_wconf 78' lang='grc' dir='ltr'>οὖν</span> <span class='ocrx_word' id='word_1_736' title='bbox 2791 4529 2970 4582; x_wconf 72' lang='grc' dir='ltr'>εἰπεῖν</span> <span class='ocrx_word' id='word_1_737' title='bbox 2996 4543 3012 4560; x_wconf 78' lang='grc' dir='ltr'><strong>ο</strong></span> <span class='ocrx_word' id='word_1_738' title='bbox 3066 4526 3392 4593; x_wconf 83' lang='grc' dir='ltr'>Νεστόριος,</span> <span class='ocrx_word' id='word_1_739' title='bbox 3424 4525 3589 4593; x_wconf 75' lang='grc' dir='ltr'>φασὶ,</span> <span class='ocrx_word' id='word_1_740' title='bbox 3622 4539 3752 4577; x_wconf 83' lang='grc' dir='ltr'>κατ-</span> 
     </span>
    </p>
   </div>
   <div class='ocr_carea' id='block_1_107' title="bbox 2168 4608 3750 4698">
    <p class='ocr_par' dir='ltr' id='par_1_107' title="bbox 2168 4608 3750 4698">
     <span class='ocr_line' id='line_1_107' title="bbox 2168 4608 3750 4698; baseline -0.007 -18"><span class='ocrx_word' id='word_1_741' title='bbox 2168 4628 2443 4698; x_wconf 82' lang='grc' dir='ltr'>εχρήσατο</span> <span class='ocrx_word' id='word_1_742' title='bbox 2469 4626 2536 4695; x_wconf 78' lang='grc' dir='ltr'>τῇ</span> <span class='ocrx_word' id='word_1_743' title='bbox 2573 4623 2682 4677; x_wconf 85' lang='grc' dir='ltr'><strong>τῶν</strong></span> <span class='ocrx_word' id='word_1_744' title='bbox 2721 4621 2815 4675; x_wconf 88' lang='grc' dir='ltr'><strong>δύο</strong></span> <span class='ocrx_word' id='word_1_745' title='bbox 2844 4620 3064 4690; x_wconf 84' lang='grc' dir='ltr'>φύσεων</span> <span class='ocrx_word' id='word_1_746' title='bbox 3107 4621 3260 4690; x_wconf 78' lang='grc' dir='ltr'>φωνῇ</span> <span class='ocrx_word' id='word_1_747' title='bbox 3294 4618 3389 4671; x_wconf 75' lang='grc' dir='ltr'><strong>ἐπὶ</strong></span> <span class='ocrx_word' id='word_1_748' title='bbox 3419 4616 3676 4687; x_wconf 82' lang='grc' dir='ltr'>Χριστοῦ,</span> <span class='ocrx_word' id='word_1_749' title='bbox 3714 4608 3750 4689; x_wconf 77' lang='grc' dir='ltr'>ᾗ</span> 
     </span>
    </p>
   </div>
   <div class='ocr_carea' id='block_1_108' title="bbox 2170 4710 3747 4788">
    <p class='ocr_par' dir='ltr' id='par_1_108' title="bbox 2170 4710 3747 4788">
     <span class='ocr_line' id='line_1_108' title="bbox 2170 4710 3747 4788; baseline -0.008 -15"><span class='ocrx_word' id='word_1_750' title='bbox 2170 4721 2266 4773; x_wconf 67' lang='grc' dir='ltr'>καὶ</span> <span class='ocrx_word' id='word_1_751' title='bbox 2301 4714 2810 4788; x_wconf 80' lang='grc' dir='ltr'>ὑμεῖς.-Λέγομεν</span> <span class='ocrx_word' id='word_1_752' title='bbox 2832 4713 2925 4768; x_wconf 74' lang='grc' dir='ltr'>οὖν</span> <span class='ocrx_word' id='word_1_753' title='bbox 2951 4713 3033 4766; x_wconf 84' lang='grc' dir='ltr'>ὅτι</span> <span class='ocrx_word' id='word_1_754' title='bbox 3063 4711 3158 4764; x_wconf 72' lang='grc' dir='ltr'>καὶ</span> <span class='ocrx_word' id='word_1_755' title='bbox 3187 4710 3493 4780; x_wconf 83' lang='grc' dir='ltr'>Γραφικαίς</span> <span class='ocrx_word' id='word_1_756' title='bbox 3544 4710 3747 4777; x_wconf 79' lang='grc' dir='ltr'>φωναῖς</span> 
     </span>
    </p>
   </div>
   <div class='ocr_carea' id='block_1_109' title="bbox 2169 4788 3750 4879">
    <p class='ocr_par' dir='ltr' id='par_1_109' title="bbox 2169 4788 3750 4879">
     <span class='ocr_line' id='line_1_109' title="bbox 2169 4788 3750 4879; baseline -0.009 -13"><span class='ocrx_word' id='word_1_757' title='bbox 2169 4811 2393 4875; x_wconf 84' lang='grc' dir='ltr'>πολλαῖς</span> <span class='ocrx_word' id='word_1_758' title='bbox 2428 4810 2698 4879; x_wconf 70' lang='grc' dir='ltr'>ἐχρήσατο</span> <span class='ocrx_word' id='word_1_759' title='bbox 2723 4824 2738 4839; x_wconf 75' lang='grc' dir='ltr'><strong>ο</strong></span> <span class='ocrx_word' id='word_1_760' title='bbox 2778 4805 2917 4877; x_wconf 81' lang='grc' dir='ltr'>μηδὲ</span> <span class='ocrx_word' id='word_1_761' title='bbox 2951 4798 3114 4859; x_wconf 75' lang='grc' dir='ltr'>αὗται</span> <span class='ocrx_word' id='word_1_762' title='bbox 3148 4788 3243 4856; x_wconf 77' lang='grc' dir='ltr'>οὖν</span> <span class='ocrx_word' id='word_1_763' title='bbox 3289 4799 3750 4870; x_wconf 75' lang='grc' dir='ltr'>ὀνομαζέσθωσαν</span> 
     </span>
    </p>
   </div>
   <div class='ocr_carea' id='block_1_110' title="bbox 2167 4889 3749 4973">
    <p class='ocr_par' dir='ltr' id='par_1_110' title="bbox 2167 4889 3749 4973">
     <span class='ocr_line' id='line_1_110' title="bbox 2167 4889 3749 4973; baseline -0.009 -17"><span class='ocrx_word' id='word_1_764' title='bbox 2167 4905 2323 4973; x_wconf 81' lang='grc' dir='ltr'>ἡμῖν,</span> <span class='ocrx_word' id='word_1_765' title='bbox 2358 4902 2406 4955; x_wconf 83' lang='grc' dir='ltr'><strong>εί</strong></span> <span class='ocrx_word' id='word_1_766' title='bbox 2438 4900 2699 4970; x_wconf 78' lang='grc' dir='ltr'>συνορᾶτε</span> <span class='ocrx_word' id='word_1_767' title='bbox 2729 4912 2744 4927; x_wconf 79' lang='grc'><strong>⁸</strong></span> <span class='ocrx_word' id='word_1_768' title='bbox 2786 4897 2922 4951; x_wconf 79' lang='grc' dir='ltr'>ἀλλὰ</span> <span class='ocrx_word' id='word_1_769' title='bbox 2961 4895 3058 4949; x_wconf 78' lang='grc' dir='ltr'>καὶ</span> <span class='ocrx_word' id='word_1_770' title='bbox 3084 4896 3152 4965; x_wconf 74' lang='grc' dir='ltr'>τῇ</span> <span class='ocrx_word' id='word_1_771' title='bbox 3196 4894 3297 4965; x_wconf 79' lang='grc' dir='ltr'><strong>μιᾷ</strong></span> <span class='ocrx_word' id='word_1_772' title='bbox 3330 4893 3488 4962; x_wconf 82' lang='grc' dir='ltr'>φύσει</span> <span class='ocrx_word' id='word_1_773' title='bbox 3518 4889 3613 4944; x_wconf 83' lang='grc' dir='ltr'><strong>τοῦ</strong></span> <span class='ocrx_word' id='word_1_774' title='bbox 3644 4889 3749 4945; x_wconf 84' lang='grc' dir='ltr'><strong>Λό-</strong></span> 
     </span>
    </p>
   </div>
   <div class='ocr_carea' id='block_1_111' title="bbox 2170 4981 3749 5063">
    <p class='ocr_par' dir='ltr' id='par_1_111' title="bbox 2170 4981 3749 5063">
     <span class='ocr_line' id='line_1_111' title="bbox 2170 4981 3749 5063; baseline -0.008 -17"><span class='ocrx_word' id='word_1_775' title='bbox 2170 5010 2268 5062; x_wconf 89' lang='grc' dir='ltr'><strong>γου</strong></span> <span class='ocrx_word' id='word_1_776' title='bbox 2329 4990 2724 5063; x_wconf 80' lang='grc' dir='ltr'>σεσαρκωμένῃ</span> <span class='ocrx_word' id='word_1_777' title='bbox 2759 4990 2809 5041; x_wconf 76' lang='grc' dir='ltr'>οἱ</span> <span class='ocrx_word' id='word_1_778' title='bbox 2845 4987 3117 5058; x_wconf 75' lang='grc' dir='ltr'>Ἀρειανοὶ</span> <span class='ocrx_word' id='word_1_779' title='bbox 3164 4985 3373 5056; x_wconf 83' lang='grc' dir='ltr'>πρῶτοι</span> <span class='ocrx_word' id='word_1_780' title='bbox 3402 4983 3496 5036; x_wconf 81' lang='grc' dir='ltr'>καὶ</span> <span class='ocrx_word' id='word_1_781' title='bbox 3532 4981 3749 5036; x_wconf 82' lang='grc' dir='ltr'>Ἀπολι-</span> 
     </span>
    </p>
   </div>
   <div class='ocr_carea' id='block_1_112' title="bbox 2170 5072 3751 5154">
    <p class='ocr_par' dir='ltr' id='par_1_112' title="bbox 2170 5072 3751 5154">
     <span class='ocr_line' id='line_1_112' title="bbox 2170 5072 3751 5154; baseline -0.008 -17"><span class='ocrx_word' id='word_1_782' title='bbox 2170 5083 2348 5154; x_wconf 90' lang='grc' dir='ltr'>νάριοι</span> <span class='ocrx_word' id='word_1_783' title='bbox 2392 5084 2487 5137; x_wconf 69' lang='grc' dir='ltr'><strong>καὶ</strong></span> <span class='ocrx_word' id='word_1_784' title='bbox 2515 5082 2691 5151; x_wconf 74' lang='grc' dir='ltr'>ἕτεροι</span> <span class='ocrx_word' id='word_1_785' title='bbox 2742 5078 3012 5149; x_wconf 71' lang='grc' dir='ltr'>αἱρετικοὶ</span> <span class='ocrx_word' id='word_1_786' title='bbox 3041 5076 3426 5147; x_wconf 82' lang='grc' dir='ltr'>προσχρῶνται</span> <span class='ocrx_word' id='word_1_787' title='bbox 3450 5091 3463 5105; x_wconf 89' lang='grc'><strong>·</strong></span> <span class='ocrx_word' id='word_1_788' title='bbox 3499 5072 3751 5143; x_wconf 80' lang='grc' dir='ltr'>σιγητέον</span> 
     </span>
    </p>
   </div>
   <div class='ocr_carea' id='block_1_113' title="bbox 2172 5164 3751 5244">
    <p class='ocr_par' dir='ltr' id='par_1_113' title="bbox 2172 5164 3751 5244">
     <span class='ocr_line' id='line_1_113' title="bbox 2172 5164 3751 5244; baseline -0.01 -14"><span class='ocrx_word' id='word_1_789' title='bbox 2172 5173 2265 5230; x_wconf 79' lang='grc' dir='ltr'><strong>οὖν</strong></span> <span class='ocrx_word' id='word_1_790' title='bbox 2297 5177 2391 5229; x_wconf 72' lang='grc' dir='ltr'>καὶ</span> <span class='ocrx_word' id='word_1_791' title='bbox 2417 5173 2569 5244; x_wconf 77' lang='grc' dir='ltr'>τήνδε</span> <span class='ocrx_word' id='word_1_792' title='bbox 2600 5172 2688 5226; x_wconf 82' lang='grc' dir='ltr'><strong>διὰ</strong></span> <span class='ocrx_word' id='word_1_793' title='bbox 2707 5172 2935 5235; x_wconf 78' lang='grc' dir='ltr'>τούσδες</span> <span class='ocrx_word' id='word_1_794' title='bbox 2969 5169 3119 5239; x_wconf 74' lang='grc' dir='ltr'>οὐχί·</span> <span class='ocrx_word' id='word_1_795' title='bbox 3153 5167 3268 5220; x_wconf 79' lang='grc' dir='ltr'>ἀλλ’</span> <span class='ocrx_word' id='word_1_796' title='bbox 3296 5165 3570 5238; x_wconf 78' lang='grc' dir='ltr'>ὲμφράξει</span> <span class='ocrx_word' id='word_1_797' title='bbox 3604 5164 3751 5215; x_wconf 79' lang='grc' dir='ltr'>πᾶσα</span> 
     </span>
    </p>
   </div>
   <div class='ocr_carea' id='block_1_114' title="bbox 2174 5253 3750 5338">
    <p class='ocr_par' dir='ltr' id='par_1_114' title="bbox 2174 5253 3750 5338">
     <span class='ocr_line' id='line_1_114' title="bbox 2174 5253 3750 5338; baseline -0.011 -15"><span class='ocrx_word' id='word_1_798' title='bbox 2174 5269 2375 5338; x_wconf 81' lang='grc' dir='ltr'>ἀνομία</span> <span class='ocrx_word' id='word_1_799' title='bbox 2404 5266 2466 5320; x_wconf 82' lang='grc' dir='ltr'>τὸ</span> <span class='ocrx_word' id='word_1_800' title='bbox 2497 5264 2672 5335; x_wconf 80' lang='grc' dir='ltr'>στόμα</span> <span class='ocrx_word' id='word_1_801' title='bbox 2704 5264 2874 5333; x_wconf 69' lang='grc' dir='ltr'>αὐτῆς</span> <span class='ocrx_word' id='word_1_802' title='bbox 2897 5302 2912 5326; x_wconf 89' lang='grc'><em>,</em></span> <span class='ocrx_word' id='word_1_803' title='bbox 2946 5263 3107 5332; x_wconf 79' lang='grc' dir='ltr'>ἡμεῖς</span> <span class='ocrx_word' id='word_1_804' title='bbox 3139 5260 3199 5314; x_wconf 83' lang='grc' dir='ltr'>δὲ</span> <span class='ocrx_word' id='word_1_805' title='bbox 3235 5253 3750 5331; x_wconf 67' lang='grc' dir='ltr'>παρρησιασώμεθα</span> 
     </span>
    </p>
   </div>
   <div class='ocr_carea' id='block_1_115' title="bbox 2173 5387 3749 5463">
    <p class='ocr_par' dir='ltr' id='par_1_115' title="bbox 2173 5387 3749 5463">
     <span class='ocr_line' id='line_1_115' title="bbox 2173 5387 3749 5463; baseline -0.01 -6"><span class='ocrx_word' id='word_1_806' title='bbox 2173 5401 2230 5457; x_wconf 85' lang='lat' dir='ltr'><strong>hi</strong></span> <span class='ocrx_word' id='word_1_807' title='bbox 2279 5410 2392 5456; x_wconf 89' lang='lat' dir='ltr'><strong>tres</strong></span> <span class='ocrx_word' id='word_1_808' title='bbox 2434 5400 2775 5454; x_wconf 85' lang='lat' dir='ltr'><strong>astruebant.</strong></span> <span class='ocrx_word' id='word_1_809' title='bbox 2826 5396 2929 5463; x_wconf 88' lang='lat' dir='ltr'><strong>Qui</strong></span> <span class='ocrx_word' id='word_1_810' title='bbox 2972 5396 3103 5451; x_wconf 86' lang='lat' dir='ltr'><strong>licet</strong></span> <span class='ocrx_word' id='word_1_811' title='bbox 3133 5396 3481 5463; x_wconf 87' lang='lat' dir='ltr'><strong>specietenus</strong></span> <span class='ocrx_word' id='word_1_812' title='bbox 3512 5389 3618 5445; x_wconf 89' lang='lat' dir='ltr'><strong>sibi</strong></span> <span class='ocrx_word' id='word_1_813' title='bbox 3663 5387 3749 5441; x_wconf 85' lang='lat' dir='ltr'><strong>in-</strong></span> 
     </span>
    </p>
   </div>
   <div class='ocr_carea' id='block_1_116' title="bbox 2170 5463 3751 5542">
    <p class='ocr_par' dir='ltr' id='par_1_116' title="bbox 2170 5463 3751 5542">
     <span class='ocr_line' id='line_1_116' title="bbox 2170 5463 3751 5542; baseline -0.009 -17"><span class='ocrx_word' id='word_1_814' title='bbox 2170 5472 2347 5527; x_wconf 74' lang='lat' dir='ltr'><strong>vicem</strong></span> <span class='ocrx_word' id='word_1_815' title='bbox 2391 5469 2667 5542; x_wconf 82' lang='lat' dir='ltr'><strong>adversari</strong></span> <span class='ocrx_word' id='word_1_816' title='bbox 2693 5468 2945 5542; x_wconf 65' lang='lat' dir='ltr'><strong>maxime</strong></span> <span class='ocrx_word' id='word_1_817' title='bbox 2973 5467 3315 5542; x_wconf 72' lang='lat' dir='ltr'><strong>viderentur,</strong></span> <span class='ocrx_word' id='word_1_818' title='bbox 3345 5481 3401 5518; x_wconf 89' lang='lat' dir='ltr'><strong>re</strong></span> <span class='ocrx_word' id='word_1_819' title='bbox 3428 5463 3543 5542; x_wconf 72' lang='lat' dir='ltr'><strong>ipsa</strong></span> <span class='ocrx_word' id='word_1_820' title='bbox 3569 5469 3751 5538; x_wconf 73' lang='lat' dir='ltr'><strong>tamen</strong></span> 
     </span>
    </p>
   </div>
   <div class='ocr_carea' id='block_1_117' title="bbox 2170 5535 3751 5608">
    <p class='ocr_par' dir='ltr' id='par_1_117' title="bbox 2170 5535 3751 5608">
     <span class='ocr_line' id='line_1_117' title="bbox 2170 5535 3751 5608; baseline -0.011 -12"><span class='ocrx_word' id='word_1_821' title='bbox 2170 5557 2366 5597; x_wconf 89' lang='lat' dir='ltr'><strong>omnes</strong></span> <span class='ocrx_word' id='word_1_822' title='bbox 2404 5539 2854 5608; x_wconf 76' lang='lat' dir='ltr'><strong>consentiebant.</strong></span> <span class='ocrx_word' id='word_1_823' title='bbox 2900 5537 3035 5608; x_wconf 74' lang='lat' dir='ltr'><strong>Nam</strong></span> <span class='ocrx_word' id='word_1_824' title='bbox 3076 5536 3154 5589; x_wconf 90' lang='lat' dir='ltr'><strong>illi</strong></span> <span class='ocrx_word' id='word_1_825' title='bbox 3209 5535 3546 5608; x_wconf 74' lang='lat' dir='ltr'><strong>hypostasim</strong></span> <span class='ocrx_word' id='word_1_826' title='bbox 3599 5535 3751 5608; x_wconf 71' lang='lat' dir='ltr'><strong>acci-</strong></span> 
     </span>
    </p>
   </div>
   <div class='ocr_carea' id='block_1_118' title="bbox 2211 5602 3749 5681">
    <p class='ocr_par' dir='ltr' id='par_1_118' title="bbox 2211 5602 3749 5681">
     <span class='ocr_line' id='line_1_118' title="bbox 2211 5602 3749 5681; baseline -0.01 -16"><span class='ocrx_word' id='word_1_827' title='bbox 2211 5613 2396 5668; x_wconf 88' lang='lat' dir='ltr'><strong>iebant</strong></span> <span class='ocrx_word' id='word_1_828' title='bbox 2440 5626 2542 5681; x_wconf 87' lang='lat' dir='ltr'><strong>pro</strong></span> <span class='ocrx_word' id='word_1_829' title='bbox 2589 5607 2926 5681; x_wconf 83' lang='lat' dir='ltr'><strong>substantia,</strong></span> <span class='ocrx_word' id='word_1_830' title='bbox 2973 5607 3053 5681; x_wconf 59' lang='grc' dir='ltr'><strong>1ιίΔ</strong></span> <span class='ocrx_word' id='word_1_831' title='bbox 3074 5621 3207 5681; x_wconf 76' lang='lat' dir='ltr'><strong>vero</strong></span> <span class='ocrx_word' id='word_1_832' title='bbox 3233 5602 3334 5675; x_wconf 84' lang='lat' dir='ltr'><strong>pro</strong></span> <span class='ocrx_word' id='word_1_833' title='bbox 3366 5602 3749 5681; x_wconf 53' lang='lat' dir='ltr'><strong>subsistentia:</strong></span> 
     </span>
    </p>
   </div>
   <div class='ocr_carea' id='block_1_119' title="bbox 2197 5665 3751 5746">
    <p class='ocr_par' dir='ltr' id='par_1_119' title="bbox 2197 5665 3751 5746">
     <span class='ocr_line' id='line_1_119' title="bbox 2197 5665 3751 5746; baseline -0.01 -11"><span class='ocrx_word' id='word_1_834' title='bbox 2197 5665 2287 5738; x_wconf 76' lang='lat' dir='ltr'><strong>lac</strong></span> <span class='ocrx_word' id='word_1_835' title='bbox 2327 5682 2394 5736; x_wconf 83' lang='lat' dir='ltr'><strong>de</strong></span> <span class='ocrx_word' id='word_1_836' title='bbox 2434 5665 2493 5736; x_wconf 63' lang='lat' dir='ltr'><strong>ie</strong></span> <span class='ocrx_word' id='word_1_837' title='bbox 2523 5681 2667 5736; x_wconf 83' lang='lat' dir='ltr'><strong>vide.</strong></span> <span class='ocrx_word' id='word_1_838' title='bbox 2700 5680 2743 5733; x_wconf 81' lang='lat' dir='ltr'><strong>si</strong></span> <span class='ocrx_word' id='word_1_839' title='bbox 2779 5665 2979 5746; x_wconf 75' lang='lat' dir='ltr'><strong>placet,</strong></span> <span class='ocrx_word' id='word_1_840' title='bbox 3022 5665 3281 5732; x_wconf 68' lang='lat' dir='ltr'><strong>Basiliuin</strong></span> <span class='ocrx_word' id='word_1_841' title='bbox 3307 5674 3470 5745; x_wconf 87' lang='lat' dir='ltr'><strong>epist.</strong></span> <span class='ocrx_word' id='word_1_842' title='bbox 3514 5669 3640 5735; x_wconf 74' lang='lat'><strong>232,</strong></span> <span class='ocrx_word' id='word_1_843' title='bbox 3681 5665 3751 5721; x_wconf 83' lang='lat' dir='ltr'><strong>ad</strong></span> 
     </span>
    </p>
   </div>
   <div class='ocr_carea' id='block_1_120' title="bbox 2174 5748 2925 5820">
    <p class='ocr_par' dir='ltr' id='par_1_120' title="bbox 2174 5748 2925 5820">
     <span class='ocr_line' id='line_1_120' title="bbox 2174 5748 2925 5820; baseline -0.009 -12"><span class='ocrx_word' id='word_1_844' title='bbox 2174 5752 2472 5820; x_wconf 72' lang='lat' dir='ltr'><strong>Melclium,</strong></span> <span class='ocrx_word' id='word_1_845' title='bbox 2505 5760 2561 5805; x_wconf 90' lang='lat' dir='ltr'><strong>ct</strong></span> <span class='ocrx_word' id='word_1_846' title='bbox 2602 5750 2763 5820; x_wconf 83' lang='lat' dir='ltr'><strong>epist.</strong></span> <span class='ocrx_word' id='word_1_847' title='bbox 2801 5748 2925 5803; x_wconf 54' lang='grc'><strong>549.</strong></span> 
     </span>
    </p>
   </div>
  </div>
