4034 6430
239 383 366 448 1853

1436 388 1738 450 CONTRA
1774 388 2383 453 MONOPHYSITAS.

3382 386 3517 451 1854

230 500 300 561 ὡς
329 495 409 548 δεῖ
446 493 689 562 λαλῆσαι
737 495 889 551 κατὰ
931 494 1027 551 τὸν
1073 496 1342 569 θεοθαρσῆ
1374 498 1594 569 κήρυκα
1620 515 1634 530 ο
1665 501 1693 552 ὁ
1717 499 1826 568 γὰρ

1931 499 2081 554 nime
2106 497 2373 568 profecto.
2417 496 2524 554 Sed
2548 496 2770 552 claudat
2803 511 2866 552 os
2908 510 3069 551 suum
3106 496 3356 567 impietas
3379 514 3394 563 ;
3416 513 3520 553 nos

230 592 323 660 τῆς
372 585 645 654 ἀληθείας
678 587 843 655 λόγος
878 590 940 642 ὲν
991 587 1074 659 τῷ
1118 587 1562 659 θριαμὸεύεσθαι
1592 628 1608 652 ,
1636 590 1738 641 οὑκ
1770 589 1831 641 ὲν

229 678 306 751 τῷ
359 675 904 748 περικαλύπτεσθαι,
933 681 1063 751 νικᾷ
1109 680 1168 732 τὸ
1193 678 1388 749 ψεῦδος
1407 695 1421 709 ο
1458 679 1556 732 καὶ
1585 677 1830 744 δοξάζειν

233 770 389 832 αὑτὸς
412 767 526 822 οἶδε
552 770 687 832 τοὺς
711 768 1018 833 λαλοῦντας
1047 771 1232 836 αὑτὸν,
1250 771 1350 823 οὐκ
1383 770 1449 823 ὲκ
1474 769 1584 822 τῶν
1607 769 1831 823 λαλούν-

230 879 336 915 των
393 861 565 925 αὑτὸς
626 861 956 926 δοξάζεταιο
985 862 1080 915 καὶ
1136 862 1266 934 περὶ
1322 862 1420 932 μὲν
1473 861 1628 915 τοῦδε
1675 860 1826 916 τάδε.

231 951 432 1007 Λοιπὸν
459 953 517 1005 δὲ
547 951 758 1021 ἴδωμεν
793 947 885 1006 οἷά
913 955 1031 1006 ἐστι
1056 954 1148 1007 καὶ
1178 955 1214 1009 ἃ
1250 971 1414 1023 φασιν
1454 953 1609 1006 αὐτοὶ
1640 953 1830 1020 σαφῶς

236 1044 363 1114 μίαν
383 1041 554 1112 φύσιν
585 1044 687 1096 τοῦ
726 1046 940 1117 Κυρίου
984 1045 1190 1114 λέγειν,
1230 1045 1330 1098 καὶ
1366 1045 1463 1106 τὰς
1496 1042 1590 1096 δύο
1613 1044 1826 1111 ἀπαγο-

237 1134 412 1205 ρεύειν
444 1134 651 1204 φύσεις
680 1137 995 1204 παντελῶς,
1032 1136 1290 1209 Πατρικὰ
1314 1135 1584 1205 δόγματα.

239 1418 349 1475 τοῦ
376 1421 562 1491 ἁγίου
612 1423 932 1547 mpm?
963 1422 1033 1477 ἐκ
1064 1423 1178 1547 τῇς
1205 1423 1359 1492 πρὸς
1384 1422 1738 1477 Σούκενσον
1767 1424 1829 1475 B'

903 1507 1082 1547 πιστο
1126 1513 1221 1547 nc.

903 1507 1221 1562 πιστολης.

307 1600 328 1633 ι
365 1582 440 1635 Τδ
465 1581 658 1652 λέγειν
687 1582 784 1637 δύο
828 1583 1023 1652 φύσεις
1067 1582 1365 1653 ὑφεστάναι
1403 1583 1546 1653 μετὰ
1566 1580 1667 1653 τὴν
1691 1581 1829 1635 ἕνω-

234 1689 317 1727 σιν
356 1673 718 1744 ἁδιαιρὲτως,
751 1674 1027 1744 μάχεσθαί
1087 1677 1203 1727 ὲστι
1239 1677 1353 1737 τοῖς
1389 1673 1520 1744 μίαν
1568 1669 1708 1726 εἶναι
1736 1671 1827 1724 λέ-

230 1780 389 1831 γουσι
428 1764 535 1833 τὴν
561 1764 661 1817 τοῦ
690 1765 873 1832 Λόγου
901 1766 1066 1834 φύσιν
1111 1760 1557 1836 σεσαρκωμένην.
1596 1782 1618 1815 ι
1661 1763 1828 1817 Ἀλλὰ

1938 601 2130 647 contra
2169 592 2347 646 libere
2394 591 2710 661 loquamur,
2756 599 2814 644 ut
2861 589 3013 658 loqui
3058 589 3218 644 decet
3250 589 3520 644 divinitus

1938 681 2178 737 afﬂatum
2212 694 2542 750 praeconem.
2580 679 2716 734 Nam
2745 678 2995 733 veritatis
3024 677 3253 732 verbum
3284 693 3385 747 per
3412 678 3519 731 hoc

1935 773 2114 829 vincit
2157 772 2540 838 mendacium,
2587 770 2737 840 quod
2791 769 3146 840 praedicetur,
3199 785 3311 824 non
3368 768 3516 838 quod

1935 867 2277 931 occultetur;
2312 864 2573 933 idemque
2618 863 2857 917 honorat
2912 877 3010 916 eos
3070 861 3163 930 qui
3213 860 3519 930 praedicant

1937 955 2140 1024 ipsum,
2171 969 2285 1008 non
2314 969 2345 1007 a
2373 952 2809 1030 praedicantibus
2840 952 3168 1006 honoratur.
3202 950 3327 1005 Hazc
3356 950 3513 1005 satis.

1936 1047 2229 1117 Reliquum
2263 1055 2367 1109 est,
2404 1053 2464 1099 ut
2491 1045 2779 1100 videamus
2804 1052 3119 1098 sanctorum
3145 1044 3369 1097 Patrum
3396 1057 3516 1096 ora-

1935 1137 2058 1192 cula
2094 1152 2220 1207 qua;
2245 1136 2559 1197 manifeste,
2594 1143 2653 1188 ut
2689 1133 2791 1203 ipsi
2824 1134 3002 1194 aiunt,
3025 1132 3247 1187 Christo
3282 1132 3512 1187 Domino

1935 1225 2190 1280 tribuunt
2212 1233 2472 1279 naturam
2498 1239 2685 1291 unam,
2718 1231 2776 1278 at
2801 1223 2940 1277 duas
2976 1223 3157 1277 eidem
3187 1222 3513 1278 tribuendas

1934 1318 2164 1373 omnino
2202 1323 2415 1371 vetant.

2094 1421 2278 1478 Sancti
2305 1420 2495 1493 Cyrilli
2514 1437 2579 1476 ea:
2600 1419 2823 1492 epistola
2842 1419 2900 1475 11
2924 1420 2995 1474 ad
3031 1417 3348 1474 Sucensum.

2010 1592 2029 1626 ι
2067 1574 2253 1630 Fateri
2294 1574 2407 1628 duo
2448 1574 2755 1629 subsistere
2793 1581 2917 1644 post
2946 1542 3254 1629 naturalem
3280 1575 3515 1645 conjun-

1935 1665 2198 1728 ctionem,
2232 1665 2353 1720 sine
2400 1665 2509 1719 ulla
2556 1665 2935 1731 distinctione,
2980 1665 3035 1720 id
3087 1674 3276 1734 aperte
3308 1674 3517 1737 pugnat
3622 1720 3631 1729 ,

1935 1771 2064 1811 cum
2087 1755 2157 1810 iis
2179 1755 2275 1825 qui
2307 1753 2471 1810 Verbi
2504 1764 2760 1811 naturam
2805 1772 2973 1811 unam
3011 1759 3351 1812 incarnatam
3382 1773 3514 1828 pro-

232 1852 368 1922 πρὸς
398 1854 817 1925 Νεστοριανοὺς
839 1854 1001 1908 τοῦτο
1022 1854 1218 1924 λέγων,
1236 1854 1490 1925 ἐπιφέρει
1519 1854 1662 1923 μετὰ
1687 1853 1826 1923 βρα-

1930 1848 2180 1903 ﬁtentur.
2207 1848 2412 1903 Verum
2441 1849 2748 1914 enimvero,
2772 1849 3133 1905 stolidissima
3158 1850 3357 1919 capita,
3386 1864 3515 1904 san-

229 1944 326 2013 χέα
349 1984 367 2009 ,
396 1936 444 1994 ὧ
476 1939 655 1997 οὗτοι·
692 1943 754 1997 τὸ
788 1944 899 2014 γὰρ
928 1943 1278 2012 ἀδιαιρέτως
1311 1944 1612 2014 προστεθὲν
1635 1982 1651 2006 ,
1682 1945 1831 1997 δοκεί

232 2032 331 2099 μὲν
367 2030 509 2100 παρ’
537 2034 675 2101 ἡμῖν
718 2030 888 2102 ὀρθῆς
925 2027 1066 2084 εἶναι
1094 2030 1253 2100 δόξης
1283 2029 1641 2100 σημαντικὸν,
1675 2031 1830 2083 αὐτοὶ

228 2119 285 2173 δὲ
310 2121 413 2189 οὐχ
438 2118 622 2183 οὕτως
649 2120 854 2173 νοοῦσι*
886 2121 948 2174 τὸ
968 2122 1079 2191 γὰρ
1106 2121 1447 2189 ἀδιαίρετον
1476 2121 1609 2192 παρ’
1641 2122 1830 2183 αὐτοῖς

230 2209 371 2261 κατὰ
404 2210 506 2272 τὰς
537 2208 842 2279 Νεστορξου
863 2209 1228 2278 καινοφωνίας
1252 2208 1375 2262 καθ’
1398 2208 1588 2281 ἕτερον
1614 2208 1831 2278 λαμϐά-

230 2318 384 2356 νεται
415 2302 660 2370 τρόπον·
694 2302 829 2371 φησὶ
861 2300 969 2370 γὰρ
1001 2302 1085 2353 ὅτι
1118 2303 1186 2372 τῇ
1219 2301 1485 2371 ἰσοτιμίᾳ,
1516 2304 1583 2371 τῇ
1636 2317 1831 2353 ταυτο-

232 2392 447 2463 ﬁculis},
480 2395 554 2462 τῇ
610 2391 876 2463 αὑθεντίᾳ
905 2391 1211 2463 ἀδιαίρετός
1236 2395 1353 2445 ἐστι
1377 2391 1473 2445 τοῦ
1507 2393 1683 2460 Λόγου
1710 2392 1739 2444 ό
1769 2395 1830 2445 έν

229 2478 273 2552 ᾧ
299 2484 635 2557 κατῴκησεν
670 2484 767 2538 ἄνθ
777 2501 957 2556 ρωπος
982 2501 997 2514 ο
1030 2484 1169 2538 ὥστε
1194 2485 1290 2555 οὐχ
1325 2485 1510 2547 ἁπλῶς
1532 2487 1631 2548 τὰς
1654 2484 1829 2550 λέξεις

230 2577 488 2644 λέγουσιν
521 2594 536 2607 ·
580 2568 719 2629 ἀλλᾶ
771 2575 917 2646 μετά
968 2594 1114 2640 τινος
1161 2577 1523 2649 κακουργίας.
1568 2578 1702 2632 Ἰδοὺ
1734 2577 1829 2632 οὖν

232 2672 491 2723 σκοπεῖτε
513 2669 883 2738 εὐγνωμόνως
915 2669 999 2722 ὅτι
1024 2669 1120 2740 τὴν
1147 2669 1249 2740 μὲν
1280 2670 1466 2741 φωνὴν
1495 2665 1637 2723 οἶδεν
1660 2669 1830 2740 ὀρθῆς

229 2762 412 2832 δόξης,
439 2762 507 2815 τὸ
567 2760 628 2815 δὲ
685 2760 1018 2829 κακούργως
1062 2760 1187 2831 ἔχον
1221 2762 1397 2832 νόημα
1437 2760 1825 2827 ἀποδάλλεται,

230 2854 369 2925 ὅπερ
402 2854 464 2920 ἐξ
516 2853 701 2924 ἀρχῆς
735 2854 831 2906 καὶ
855 2856 962 2913 ἕως
988 2852 1173 2916 τέλους
1211 2856 1389 2907 ποιεῖν
1424 2854 1520 2907 καὶ
1555 2854 1703 2924 ὑμᾶς
1734 2854 1830 2906 καὶ

231 2944 390 3011 ὑμεῖς
440 2944 845 3013 δυσωποῦμεν.
898 2945 1088 2997 Ἔστιν
1122 2939 1218 2998 οὖν
1254 2943 1354 3016 τὴν
1397 2944 1568 3015 αὑτὴν
1616 2943 1830 3006 ἀσεϐῶς

229 3038 406 3089 εἰπεῖν
438 3052 571 3088 τινα
610 3035 797 3104 φωνήν
823 3050 838 3065 ⁸
864 3034 1001 3088 ἀλλὰ
1035 3037 1127 3088 καὶ
1159 3037 1260 3105 τὴν
1289 3035 1483 3107 ἑτέραν
1515 3037 1701 3105 φωνὴν
1730 3036 1830 3105 τὴν

228 3126 503 3194 λέγουσαν
535 3126 672 3197 μίαν
701 3126 867 3195 φύσιν
896 3126 991 3179 τοῦ
1039 3126 1176 3180 Θεοῦ
1228 3116 1408 3197 Λόγου
1439 3126 1829 3195 σεσαρκωμέ-

1932 1947 2056 1994 ctus
2077 1940 2242 1994 Pater
2268 1949 2394 2008 post
2423 1940 2675 2008 qutedam
2710 1941 2818 1994 alia
2844 1940 3094 1995 subdidit
3125 1941 3243 1996 haec
3287 1940 3354 1994 ad
3384 1955 3516 2010 pro-

1928 2031 2203 2103 ﬂigandos
2227 2031 2681 2089 Nestorianorum
2702 2048 2942 2088 errores.
2968 2034 3185 2089 Etenim
3215 2050 3317 2103 vox
3343 2035 3517 2087 ἀδιαι-

1934 2125 2128 2195 ρέτως,
2178 2123 2291 2177 sine
2337 2123 2693 2186 distinctione,
2736 2124 2956 2178 videtur
2994 2125 3140 2194 apud
3175 2140 3262 2179 me
3300 2134 3515 2179 rectum

1931 2216 2126 2286 dogma
2157 2214 2492 2284 signiﬁcare,
2521 2231 2634 2269 non
2666 2215 2798 2270 item
2825 2216 2970 2286 apud
3006 2217 3131 2271 illos
3165 2216 3260 2285 qui
3288 2226 3516 2271 contra-

1932 2307 2076 2361 rium
2103 2306 2366 2361 sentiunt.
2385 2307 2520 2361 Nam
2543 2308 2686 2377 apud
2712 2309 2858 2377 ipsos
2884 2308 2998 2363 hac
3025 2324 3132 2363 vox
3152 2308 3516 2363 indistinctum

1931 2398 2238 2454 secundum
2285 2399 2528 2453 Nestorii
2574 2399 3089 2468 interpretationem
3139 2399 3300 2469 longe
3355 2399 3517 2453 aliter

1931 2505 2094 2559 quam
2117 2488 2261 2559 apud
2287 2504 2386 2544 nos
2413 2489 2717 2559 accipitur;
2744 2491 2820 2545 ait
2840 2491 2986 2546 enim
3012 2490 3292 2545 hominem
3325 2491 3380 2544 in
3403 2506 3515 2560 quo

1931 2581 2176 2636 Verbum
2210 2581 2499 2645 habitavit,
2531 2582 2603 2635 ab
2631 2598 2700 2637 eo
2744 2582 2973 2637 minime
3002 2582 3292 2653 distingui,
3327 2583 3513 2654 digni-

1932 2678 2043 2727 tate
2078 2672 2313 2737 scilicet,
2348 2674 2638 2728 voluntate
2661 2682 2828 2743 atque
2854 2683 3151 2744 potestate.
3182 2674 3367 2741 Quare
3391 2676 3517 2729 lau-

1932 2761 2060 2816 data
2100 2760 2290 2833 Cyrilli
2333 2763 2503 2818 verba
2537 2764 2887 2833 accipiuntur
2918 2765 2987 2819 ab
3033 2766 3102 2820 iis
3148 2781 3257 2820 non
3289 2766 3514 2835 pr0pria

1933 2854 2356 2926 signiﬁcatione,
2392 2855 2489 2910 sed
2526 2856 2734 2911 malitia
2762 2856 2997 2926 quadam
3030 2858 3086 2912 in
3125 2873 3355 2928 pravum
3383 2873 3516 2912 sen-

1932 2961 2054 3002 sum
2105 2946 2528 3016 detorquentur.
2595 2946 2793 3002 Videte
2856 2962 2987 3018 ergo
3044 2947 3514 3018 quemadmodum

1934 3048 2159 3093 sanctus
2196 3038 2354 3093 Pater
2382 3053 2445 3092 ea
2471 3053 2606 3092 voce
2636 3046 2789 3093 recte
2823 3046 3032 3105 utatur,
3070 3055 3296 3109 pravum
3321 3048 3514 3094 contra

1934 3142 2156 3182 sensum
2179 3127 2408 3182 omnino
2452 3129 2691 3198 rejiciat,
2716 3137 2853 3184 utet
2887 3129 3046 3184 vobis
3080 3130 3261 3184 facere
3285 3146 3315 3183 a
3357 3130 3514 3198 prin-

230 3235 365 3285 νην,
402 3220 527 3270 ἐστι
559 3220 706 3272 κατά
736 3220 981 3289 Ἀρειον,
1005 3218 1080 3280 ὡς
1115 3220 1174 3272 οὐ
1203 3221 1382 3290 πάντη
1418 3220 1696 3290 ἀτρέπτου
1712 3217 1826 3287 Νφύ-

1930 3219 2077 3289 cipio
2132 3234 2308 3288 usque
2338 3219 2406 3274 ad
2467 3219 2629 3274 ﬁnem
2678 3229 2968 3290 optamus,
3019 3220 3511 3290 obsecramusque.

230 3328 367 3369 σεως
387 3311 553 3374 ὄντος
572 3310 673 3363 τοῦ
694 3310 830 3362 Υἱοῦ
858 3312 1022 3363 νοεῐνο
1053 3311 1148 3364 καὶ
1168 3311 1310 3365 κατὰ
1326 3310 1721 3381 Ἀπολινάριον,
1748 3310 1824 3373 ὡς

231 3402 393 3457 αὑτοῦ
446 3402 552 3455 τοῦ
599 3402 781 3469 Λόγου
834 3402 956 3456 ἀντὶ
995 3400 1089 3454 νοῦ
1123 3401 1361 3470 ψυχικοῦ
1401 3402 1728 3471 γενομένου,
1758 3403 1826 3472 τῇ

233 3493 638 3564 έμψυχωθεισῃ
685 3491 873 3563 ἀλόγῳ
931 3491 1100 3562 σαρκὶ
1127 3490 1479 3556 λογίζεσθαι·
1537 3491 1633 3544 καὶ
1687 3489 1832 3543 κατὰ

230 3585 504 3654 Εὑτυιέα,
526 3586 605 3647 ὡς
623 3583 793 3638 αὑτοῦ
820 3584 914 3637 τοῦ
927 3584 1101 3651 Λόγου
1126 3585 1207 3645 είς
1228 3584 1407 3653 σάρκα
1427 3580 1830 3653 μεταποιηθέν-

228 3694 314 3740 τος
336 3676 697 3747 ἐκδέχεσθαι.
730 3675 859 3729 Ἐὰν
881 3671 976 3729 οῦν
1003 3675 1078 3746 μὴ
1097 3675 1166 3728 τὰ
1180 3658 1427 3745 νοήματα
1448 3673 1835 3742 ἅνακρίνωμεν

227 3771 329 3823 τῶν
366 3767 823 3840 ὁμολογούντων,
861 3767 957 3821 καὶ
977 3767 1187 3838 ταύτην
1224 3766 1488 3837 κάκείνην
1515 3766 1616 3820 οὑκ
1653 3764 1832 3828 ἄλλως

232 3862 584 3932 προσιέμεθα
640 3862 747 3932 τὴν
782 3860 971 3931 φωνήν
996 3877 1011 3892 ο
1040 3860 1200 3912 τοῦτο
1225 3859 1337 3930 γὰρ
1364 3861 1392 3913 ό
1424 3857 1620 3929 Πατήρ
1671 3874 1829 3928 φησι,

229 3955 307 4009 ὃτι
332 3955 411 4018 ὡς
437 3952 906 4023 κακουργοῦντας
931 3951 1061 4022 περὶ
1090 3951 1187 4022 τὴν
1215 3950 1427 4005 ἔννοιαν
1457 3951 1556 4021 τῆς
1578 3948 1831 4012 ένὼσεως

227 4046 331 4099 τῶν
368 4045 621 4115 φύσεων,
672 4044 750 4115 μὴ
780 4042 1151 4114 ἀποδέχεσθαι
1187 4043 1313 4106 τοὺς
1346 4044 1657 4113 αἰρετικοὺς
1701 4040 1781 4092 δεῖ
1808 4055 1822 4071 ο

228 4139 317 4191 καὶ
345 4139 544 4208 εὑηχοι
579 4133 695 4189 εἷεν
718 4137 775 4190 αἱ
803 4135 1000 4204 φωναίο
1025 4135 1086 4188 οὑ
1118 4136 1228 4206 γὰρ
1248 4135 1347 4204 τὴν
1371 4132 1496 4187 καθ’
1523 4133 1825 4186 ὑπόστασιν

226 4228 446 4297 λέγουσι
476 4228 593 4280 τῶν
634 4227 874 4297 φύσεων,
902 4225 1040 4280 ἀλλὰ
1068 4227 1210 4279 κατὰ
1251 4225 1439 4295 σχέσιν
1468 4224 1780 4295 ἀδιαίρετον
1807 4234 1822 4252 ⁶

228 4326 283 4376 ὲν
319 4321 552 4384 πολλαῖς
580 4319 692 4389 γὰρ
730 4317 1153 4388 χρηστολογίαις
1195 4312 1306 4369 οἶδε
1339 4316 1442 4386 τὴν
1472 4315 1692 4384 ἀπάτην
1729 4315 1828 4367 καὶ

226 4416 254 4468 ό
278 4412 621 4473 ’Δπόστολος
652 4410 950 4480 γινομένην
974 4424 989 4438 ·
1019 4410 1101 4462 ὅτι
1161 4407 1219 4460 δὲ
1266 4406 1428 4459 τοῦτο
1477 4404 1654 4466 οὑτως
1691 4405 1825 4466 νοεῖ,

1926 3310 2232 3365 Possumus
2256 3326 2388 3382 ergo
2439 3327 2567 3366 cum
2606 3327 2802 3366 vocem
2849 3313 2998 3366 illam
3028 3312 3198 3381 impio
3234 3327 3398 3367 sensu
3434 3311 3518 3367 ef-

1925 3399 2096 3464 ferre,
2127 3410 2239 3454 tum
2275 3410 2330 3454 et
2361 3400 2504 3454 hanc
2533 3401 2696 3454 aliam
2733 3401 3189 3470 subsequentem,
3220 3417 3384 3456 unam
3416 3402 3515 3457 Dei

1927 3490 2093 3547 Verbi
2130 3499 2387 3544 naturam
2419 3493 2761 3545 incantatam
2809 3492 3164 3561 interpretari
3200 3502 3327 3546 cum
3357 3491 3512 3557 Ario,

1930 3581 2088 3651 quasi
2131 3582 2303 3636 Filius
2352 3582 2717 3638 immutabilis
2751 3591 2964 3637 naturae
2994 3599 3105 3637 non
3145 3583 3250 3648 sit;
3284 3590 3342 3638 et
3388 3598 3514 3637 eum

1932 3674 2250 3743 Apollinare
2272 3675 2430 3744 quasi
2451 3674 2695 3729 Verbum
2728 3674 2784 3729 in
2818 3675 3056 3729 animata
3084 3691 3251 3730 carne
3279 3674 3511 3729 rationis

1931 3771 2181 3833 eXperte,
2216 3763 2335 3817 vice
2370 3764 2574 3817 mentis
2607 3763 2911 3834 fungatur;
2941 3773 2996 3819 et
3027 3779 3153 3819 cum
3185 3764 3512 3835 Eutycliete,

1928 3854 2088 3924 quasi
2112 3854 2360 3910 Verbum
2387 3855 2565 3923 ipsum
2610 3855 2666 3909 in
2696 3871 2919 3910 carnem
2961 3855 3131 3911 fuerit
3159 3868 3512 3909 conversum.

1925 3948 2043 4003 Nisi
2077 3962 2209 4017 ergo
2227 3946 2606 4016 proﬁtentium
2624 3957 2869 4003 mentem
2896 3955 2953 4003 et
2989 3949 3232 4002 animum
3259 3955 3516 4002 accurate

1924 4037 2411 4109 perpenderimus,
2465 4052 2750 4106 nunquam
2803 4045 2954 4092 recte
2992 4052 3184 4091 vocem
3241 4037 3384 4090 hanc
3426 4036 3517 4091 vel

1922 4127 2071 4182 illam
2106 4126 2628 4196 interpretabimur.
2659 4127 2750 4181 Ait
2782 4128 2929 4183 enim
2957 4136 3184 4182 sanctus
3211 4129 3376 4182 Pater
3404 4134 3519 4182 n‘on

1921 4218 2230 4273 audiendos
2262 4218 2576 4283 hmreticos,
2610 4228 2806 4289 utpote
2834 4218 2903 4273 de
2925 4228 3252 4273 naturarum
3281 4220 3518 4288 conjun-

1922 4310 2107 4364 ctione
2160 4309 2302 4363 male
2356 4309 2686 4374 sentientes,
2754 4311 2976 4364 etiamsi
3032 4325 3201 4366 voces
3251 4310 3321 4364 ab
3384 4309 3520 4380 ipsis

1924 4410 2206 4472 usurpatae
2240 4401 2383 4456 bene
2431 4417 2631 4456 sonare
2661 4401 2985 4457 videantur.
3033 4402 3155 4457 Non
3187 4401 3335 4456 enim
3366 4417 3520 4456 asse-

228 4507 321 4561 καὶ
353 4507 415 4558 ὲν
441 4508 511 4575 τῇ
549 4503 679 4572 ἑξῆς
708 4503 774 4572 ἣν
809 4500 1122 4570 παράγουσι
1158 4498 1356 4569 χρήσει
1391 4496 1561 4565 σαφὲς
1607 4495 1784 4549 ἔσται.

1930 4501 2060 4547 runt
2089 4492 2124 4547 ii
2143 4492 2427 4574 Christum
2452 4493 2803 4547 individuum
2824 4492 3130 4548 secundum
3154 4494 3520 4566 hypostasim,

228 4595 325 4651 sed
375 4593 697 4650 secundum
735 4591 1009 4646 habitum.
1058 4589 1121 4643 In
1190 4588 1382 4642 multis
1424 4585 1575 4642 enim
1623 4583 1860 4640 vocibus
1934 4598 2057 4653 quae
2113 4581 2274 4636 bonae
2320 4581 2605 4647 videntur,
2654 4583 2877 4638 latitare
2930 4582 3121 4637 dolum
3161 4598 3227 4639 ac
3270 4583 3523 4640 fraudem

231 4693 373 4746 clare
401 4690 693 4761 perSpexit
720 4689 889 4744 etiam
938 4686 1259 4757 Apostolus.
1305 4683 1464 4751 Quod
1494 4691 1678 4737 autem
1713 4678 1953 4753 Cyrillus
1975 4679 2051 4736 ita
2086 4678 2312 4747 sentiat,
2350 4679 2499 4733 clare
2561 4679 2763 4749 liquet,
2791 4690 2850 4734 et
2903 4694 2972 4752 ei:
3031 4678 3287 4749 sequenti
3346 4678 3527 4750 ipsius

232 4784 483 4844 oraculo,
526 4782 679 4851 quod
708 4781 748 4835 ii
786 4780 1084 4835 decantare
1111 4778 1350 4834 maxime
1380 4777 1582 4833 solent.
1616 4793 1636 4827 ι

237 4892 346 4950 Τοῦ
370 4893 569 4948 αὐτοῦ
591 4893 663 4947 ἐκ
688 4889 808 4946 τῶν
838 4895 926 4958 εις
951 4891 1103 4959 πρὸς
1144 4890 1455 4959 Ἑϐραίους
1480 4929 1496 4956 ,
1527 4885 1816 4957 δευτέρου

1930 4884 2174 4950 Eiusdem
2237 4898 2300 4938 ea:
2351 4890 2492 4937 tame
2542 4881 2604 4959 I_I
2658 4881 2866 4959 Canini.
2929 4882 2987 4934 in
3052 4879 3231 4951 Epist.
3291 4880 3365 4933 ad
3415 4881 3525 4937 Hc-
3595 4896 3601 4902 ‘

927 4961 1135 5031 τόμον.

302 5085 325 5120 ι
369 5066 825 5130 ’Λποδιιστάντες
872 5066 982 5138 γὰρ
1039 5066 1289 5138 ἀλλήλων
1338 5064 1435 5128 τὰς
1474 5064 1570 5118 δύο
1596 5061 1815 5133 φύσεις,

229 5158 325 5210 καὶ
379 5157 487 5210 ἀνὰ
531 5156 702 5226 μέρος
757 5157 890 5227 ἡμῖν
940 5156 1211 5227 ἑκατέραν
1264 5154 1520 5223 ἀσυναφῆ
1580 5152 1820 5221 θατέραν

225 5246 595 5312 δεικνύοντες,
629 5249 689 5299 ὲν
750 5247 937 5315 μόνοις
992 5246 1311 5317 προσώποις
1365 5246 1501 5314 φασὶ
1558 5242 1813 5312 γενέσθαι

227 5340 326 5410 τὴν
363 5339 587 5401 ἕνωσιν,
621 5339 719 5393 καὶ
746 5338 823 5402 ὡς
858 5338 914 5391 ἐν
939 5354 1006 5406 γε
1034 5339 1165 5408 ψιλῇ
1200 5338 1505 5391 συναινέσει
1549 5337 1644 5388 καὶ
1676 5352 1812 5387 ταυ-

228 5430 483 5501 τοϐουλίᾳ
514 5431 613 5482 καὶ
666 5430 992 5499 θελημάτων
1042 5432 1238 5500 ῥοπαῖς
1274 5446 1286 5460 ·
1330 5429 1450 5482 κατ’
1485 5427 1667 5481 ἐκεῖνό
1707 5442 1811 5479 που

228 5521 368 5591 τάχα
410 5521 476 5574 τὸ
510 5522 570 5574 έν
618 5522 737 5584 ταῖς
768 5519 1009 5589 Πράξεσι
1042 5519 1151 5573 τῶν
1183 5519 1354 5588 ἁγίων
1377 5519 1693 5572 ἀποστόλων
1720 5533 1811 5584 γε-

230 5614 575 5685 γραμμένον,
612 5613 722 5669 Τοῦ
754 5612 825 5667 δὲ
874 5613 1153 5683 πλήθους
1188 5612 1308 5667 τῶν
1356 5609 1818 5666 πιστευσάντων

2515 5006 2533 5022 θ
2558 4953 2726 5006 brteos
2749 4952 2886 5025 (12).

1942 5038 1947 5041 ﬁ
1997 5075 2017 5110 ι
2077 5056 2471 5121 Secernentes,
2508 5056 2606 5121 ait,
2653 5071 2684 5109 a
2729 5070 2789 5110 se
2832 5053 3073 5108 invicem
3131 5051 3272 5109 duas
3313 5051 3526 5131 Christi

1923 5155 2174 5210 naturas,
2199 5154 2256 5202 et
2283 5161 2449 5200 unam
2500 5144 2570 5199 ab
2624 5143 2733 5199 alia
2764 5142 3088 5198 distinctam
3137 5143 3522 5211 ostendentes,

1930 5237 1986 5292 id
2025 5254 2194 5293 unum
2252 5236 2568 5308 signiﬁcare
2607 5236 2824 5299 volunt,
2860 5251 3130 5306 personas
3172 5236 3435 5293 videlicet
3467 5238 3522 5291 in

1921 5333 2144 5392 Christo
2190 5330 2363 5384 fuisse
2395 5328 2724 5398 conjunctas
2774 5329 2982 5392 animo,
3017 5337 3074 5384 et
3122 5344 3422 5396 consensu,
3468 5338 3525 5384 et

1920 5427 2273 5480 voluntatum
2309 5421 2540 5483 aﬁ‘ectu,
2583 5436 2696 5474 non
2726 5436 2889 5476 secus
2933 5437 2999 5476 ac
3034 5423 3070 5476 ii
3125 5422 3193 5477 de
3239 5422 3527 5491 quibusin

1920 5517 2040 5570 Act.
2078 5514 2175 5569 SS.
2225 5510 2605 5582 apostolorum
2642 5513 2912 5582 scriptum
2940 5514 3176 5584 legimus
3219 5531 3232 5567 :
3272 5512 3525 5568 Multitu-

1932 5606 2071 5659 dinis
2113 5611 2291 5657 autem
2344 5601 2673 5656 credentium
2735 5619 2901 5656 unum
2955 5619 3045 5656 cor
3083 5610 3199 5655 erat
3240 5608 3291 5654 et
3335 5602 3526 5656 anima

301 5791 414 5863 (l2)
456 5791 575 5848 Hoc
617 5790 964 5847 luculentum
1012 5789 1199 5861 Cyrilli
1254 5788 1629 5845 testimonium
1660 5799 1807 5840 nunc
1845 5773 2086 5856 primum
2117 5782 2295 5838 lucem
2332 5780 2533 5847 aspicit
2565 5778 3008 5853 praecedentibus
3044 5775 3447 5851 adjiciendum.
3505 5828 3513 5837 ,
