4034 6468
484 403 621 467 1855

1758 396 2073 460 LEONTII
2112 396 2521 458 BYZANTINI

3603 391 3777 458 1856'

478 534 587 571 una
620 498 683 569 ίι.
713 512 851 570 Cum
877 514 1026 569 enim
1058 512 1436 584 unusquisque
1464 511 1815 569 credentium
1854 530 1885 568 a
1936 526 2052 570 cas-

2179 506 2234 580 i”
2262 511 2301 578 ἢ
2336 509 2551 578 καρδία
2610 506 2710 564 καὶ
2750 508 2788 578 ἡ
2819 506 2989 578 ψυχὴ
3015 507 3144 577 μία.
3197 505 3460 563 Ἑκάστου
3491 507 3601 580 γὰρ
3627 508 3743 563 τῶι

481 605 620 660 teris
647 604 908 659 omnibus
934 605 1200 673 peculiari
1233 603 1573 661 subsistendi
1608 602 1825 657 ratione
1855 602 2058 657 distin~

480 703 770 766 gueretur,
816 709 1053 764 cumque
1080 694 1150 749 de
1176 694 1287 749 illis
1309 703 1501 765 utpote
1531 693 1817 748 voluntate
1859 707 1924 747 ac
1953 692 2061 748 lide

482 788 590 843 sibi
631 788 865 842 invicem
901 788 1232 857 conjunctis,
1278 785 1499 843 dicatur
1546 802 1725 869 unum
1762 786 1934 841 fuisse
1968 802 2064 841 cor

483 887 540 934 et
587 877 828 932 animam
861 891 1025 933 unam
1057 895 1071 930 :
1107 877 1359 947 nunquid
1383 886 1679 947 propterea
1728 877 1835 931 hoc
1866 876 2063 931 eodem

484 967 650 1022 modo
684 976 741 1021 et
793 967 848 1020 in
880 965 1102 1021 Christo
1155 982 1420 1037 personas
1462 967 1632 1023 fuisse
1682 966 1789 1021 sibi
1826 967 2064 1020 invicem

485 1055 804 1123 conjunctas
826 1055 1160 1108 autumant?
1192 1055 1274 1109 En
1308 1064 1500 1126 aperte
1527 1065 1755 1111 sanctus
1779 1057 1947 1111 Pater
1979 1056 2067 1110 in—

484 1141 608 1195 nuit
662 1142 824 1211 quale
862 1142 957 1205 sit,
988 1143 1138 1211 quod
1171 1143 1287 1213 ipse
1339 1146 1523 1214 rejicit
1569 1145 1803 1208 istorum
1845 1145 2065 1215 dogma,

484 1232 579 1302 qui
603 1232 672 1287 de
698 1233 917 1288 duabus
942 1233 1152 1289 Christi
1178 1236 1393 1299 naturis
1428 1236 1874 1306 conjunctionem
1916 1235 2066 1289 indi-

485 1324 708 1379 viduam
738 1326 1092 1394 protitentur.
1113 1346 1131 1379 ι
1162 1327 1416 1398 Etpaulo
1438 1337 1594 1395 post:
1626 1347 1645 1379 ‹
1678 1327 1927 1382 Profecto
1955 1341 2071 1380 non

486 1418 803 1484 asserimus,
845 1420 943 1484 ait,
998 1419 1243 1474 humano
1278 1433 1511 1489 corpore
1539 1417 1927 1473 circumscribi
1968 1416 2067 1471 Dei

486 1510 653 1564 Verbi
688 1519 946 1565 naturam
973 1528 987 1577 ;
1016 1511 1281 1566 divinitas
1319 1510 1468 1567 enim
1504 1519 1656 1565 caret
1683 1511 2011 1580 quantitate.
2040 1529 2060 1562 ι

486 1600 689 1654 Deinde
701 1601 878 1655 subdit
895 1618 914 1656 :
939 1622 955 1653 ι
972 1602 1427 1673 Comperietquis
1442 1602 1496 1655 in
1518 1600 1742 1655 Christo
1757 1599 2067 1670 perfectum

490 1690 838 1746 individuum
857 1692 1181 1755 humanum,
1216 1693 1544 1762 perfectum,
1570 1693 1817 1761 inquam,
1853 1692 2068 1747 ratione

488 1779 675 1834 habita
692 1789 903 1835 natura;
923 1796 1035 1836 sua:
1055 1799 1066 1834 :
1090 1782 1395 1851 perfectum
1414 1781 1547 1835 item
1560 1780 1933 1850 comperietin
1946 1782 2067 1850 ipso

487 1870 725 1927 Verbum
747 1886 779 1926 a
798 1872 912 1926 Deo
934 1845 1294 1942 conceptum;
1326 1871 1589 1927 fatebitur
1612 1845 1791 1926 tamen
1808 1845 1983 1925 unum
2001 1887 2069 1926 ex
2094 1845 2143 1905 Β

490 1969 722 2031 utraque
749 1971 947 2017 natura
976 1978 1201 2017 manare
1229 1962 1544 2026 Christum,
1573 1971 1811 2017 etunum
1844 1963 2067 2028 Filium,

488 2068 599 2107 non
625 2055 1015 2124 conjunctione
1028 2069 1391 2124 personarum
1423 2053 1706 2109 Christum
1730 2056 1907 2124 ipsum
1921 2070 2071 2110 com-

488 2144 730 2211 positum
753 2144 1091 2215 intelligens,
1118 2146 1213 2200 sed
1237 2146 1883 2216 potiusnaturasipsasin
1900 2161 2068 2200 unum

488 2248 691 2287 arcano
710 2234 950 2303 quodam
995 2243 1051 2289 et
1068 2235 1336 2289 ineffabili
1363 2236 1527 2290 modo
1549 2244 1882 2305 compactas,
1904 2251 2067 2306 quem

494 2324 720 2378 modum
746 2325 901 2379 novit
933 2326 1052 2395 ipse
1085 2327 1254 2381 Deus.
1286 2327 1502 2382 Nullam
1538 2336 1803 2397 praeterea
1831 2326 2069 2383 dicimus

491 2416 553 2470 in
579 2416 792 2471 naturis
821 2418 1121 2487 contigisse
1148 2419 1553 2480 confusionem,
1588 2427 1649 2472 ut
1672 2433 1853 2488 neque
1882 2419 2070 2475 divina

494 2522 659 2562 versa
687 2507 854 2562 fuerit
882 2509 937 2563 in
966 2508 1283 2575 humanam,
1308 2525 1412 2565 nec
1441 2510 1680 2565 humana
1707 2510 1761 2564 in
1788 2512 2066 2580 divinam;

493 2597 591 2653 sed
646 2608 880 2669 utraque
917 2601 1105 2670 potius
1133 2601 1191 2655 in
1241 2617 1342 2657 suo
1371 2610 1516 2657 statu
1566 2612 1841 2668 manente,
1870 2604 2069 2660 factam

496 2687 669 2743 fuisse
707 2689 1153 2759 conjunctionem
1183 2691 1542 2746 arbitramur.
1581 2711 1599 2743 ι
1632 2692 1702 2747 Et
1727 2694 1889 2763 paulo
1916 2704 2070 2766 post:

500 2797 520 2831 ι
555 2778 610 2834 Si
652 2780 776 2848 quis
817 2795 950 2851 ergo
998 2779 1208 2835 diceret
1251 2782 1396 2837 solas
1441 2782 1496 2837 in
1539 2782 1760 2839 Christo
1807 2801 2073 2856 personas

495 2871 774 2941 conjungi,
803 2880 861 2927 et
884 2879 1109 2928 naturas
1143 2873 1215 2928 ab
1258 2889 1317 2929 se
1350 2874 1586 2930 invicem
1613 2879 1840 2951 omnino
1871 2878 2072 2934 distin-

495 2961 617 3033 gui,
667 2962 919 3032 profecto
953 2963 1023 3018 ab
1056 2974 1207 3020 recto
1252 2968 1471 3023 tramite
1508 2969 1813 3025 aberraret.
1867 2989 1886 3024 ι
1939 2972 2075 3037 Quis

408 3121 421 3132 .
499 3051 696 3107 horum
732 3068 956 3107 sensum
988 3070 1098 3109 non
1128 3055 1417 3127 intelligit?
1455 3058 1660 3129 Ecquis
1681 3067 1930 3115 sanctum
1968 3060 2073 3116 Pa-

2163 603 2610 668 πεπιστευκότων
2639 602 2780 657 κατά
2824 619 2888 671 γε
2928 602 3020 655 τὸν
3055 601 3160 671 τῆς
3205 600 3342 666 ἰδίας
3386 602 3756 665 ὑποστάσεως,

2163 699 2320 767 λόγον
2371 688 2836 768 διεσχοινισμένου
2894 696 3004 748 τῶν
3061 695 3258 761 ἄλλων,
3285 695 3409 748 ὅσον
3465 690 3602 767 ἧκεν
3657 694 3754 757 είς

2161 788 2554 866 ταυτοὸουλίαν
2605 788 2702 840 καὶ
2738 787 2838 857 τὴν
2887 786 3117 854 ἑνότητα
3163 788 3263 855 τῆς
3304 784 3564 849 πίστεως,
3590 783 3755 854 ψυχὴ

2164 880 2383 934 πάντων
2408 875 2550 933 εἶναι
2578 879 2676 949 μία
2695 879 2915 945 λέγεται
2942 877 3040 929 καὶ
3069 875 3272 944 καρδία
3301 892 3319 907 ο
3347 870 3456 946 ἆρα
3476 870 3569 928 οὖν
3596 873 3758 928 κατὰ

2162 970 2349 1026 τοῦτον
2410 973 2506 1025 καὶ
2538 970 2694 1024 αὐτοὶ
2723 970 2816 1023 τὸν
2851 969 3078 1039 τρόπον,
3123 966 3232 1020 τῶν
3279 965 3589 1037 προσώπων
3636 966 3773 1036 τὴνν

2163 1059 2664 1130 ἕνωσινςόμολογεῖν
2696 1058 3003 1126 ἐγνώκασιν
3030 1075 3045 1121 ;
3078 1076 3097 1109 ι
3130 1057 3261 1111 Ἰδοὺ
3294 1055 3549 1126 διασαφεῖ
3585 1056 3767 1125 ἐκδή-

2165 1150 2274 1213 λως
2317 1150 2370 1203 τί
2396 1151 2544 1203 ἐστιν
2571 1149 2600 1202 ὂ
2630 1149 2913 1219 μέμφεται
2956 1148 3158 1217 δόγμαο
3194 1146 3307 1200 τῶν
3334 1146 3393 1199 δὲ
3423 1146 3519 1199 καὶ
3546 1146 3762 1199 ἕνωσιν

2165 1240 2474 1312 ἀδιαίρετον
2498 1240 2767 1307 λεγόντων
2795 1242 2888 1293 ἐπὶ
2917 1239 3011 1293 δύο
3034 1238 3269 1308 φύσεων.
3291 1237 3397 1292 Kal
3420 1238 3573 1306 μετὰ
3594 1238 3763 1306 ,βρα-

2166 1330 2299 1401 χέαι
2337 1351 2356 1384 ι
2395 1332 2507 1386 Καὶ
2531 1332 2744 1385 οὐδέπω
2771 1331 2952 1401 φαμὲν
2981 1331 3039 1384 ὲν
3061 1328 3140 1400 τῷ
3169 1328 3500 1399 ἀνθρωπίνῳ
3530 1327 3760 1398 σώματι

2165 1423 2266 1493 τὴν
2308 1422 2403 1477 τοῦ
2436 1423 2572 1477 Θεοῦ
2601 1424 2775 1489 Λόγου
2820 1420 3264 1493 περιγεγράφθαι
3307 1419 3502 1489 φύσινο
3539 1418 3773 1473 ἀποσον-

2166 1514 2276 1583 γάρ
2310 1513 2371 1566 τὸ
2407 1513 2582 1567 Θεῖον.
2622 1531 2640 1565 ι
2670 1509 2814 1567 Εἶτα
2854 1512 3087 1581 ἐπάγεν
3141 1530 3161 1563 ι
3197 1512 3323 1565 Ὀτι
3356 1509 3551 1580 ὄψεταί
3574 1526 3657 1572 τις
3689 1510 3777 1563 ὲνη

2167 1602 2389 1675 Χριστῷ
2445 1604 2509 1657 τὸ
2552 1603 2897 1673 ἀνθρώπινον
2933 1602 3161 1666 τελείως
3198 1601 3344 1673 ἔχον,
3376 1600 3519 1655 κατά
3550 1616 3614 1668 γε
3651 1599 3760 1653 τὸν

2167 1697 2268 1765 τῆς
2322 1696 2458 1759 ἰδίας
2497 1696 2717 1765 φύσεως
2743 1695 2944 1762 λόγον’
2983 1693 3285 1763 ὁμοίωςξτε
3312 1690 3523 1745 τέλειον
3560 1691 3653 1745 τὸν
3683 1693 3762 1744 ὲκ

2168 1787 2304 1840 Θεοῦ
2336 1785 2513 1855 φύντα
2550 1787 2722 1853 Λόγον
2756 1802 2771 1817 ·
2803 1784 2944 1854 πλὴν
2986 1784 3083 1836 ἕνα
3113 1782 3206 1835 τὸν
3233 1780 3294 1846 ἐξ
3322 1783 3530 1851 ἀμφοῖν
3553 1778 3760 1849 ὁμολο-

2169 1882 2328 1950 γήσει
2351 1879 2587 1949 Χριστὸν
2618 1878 2714 1931 καὶ
2741 1876 2895 1941 Υίὸν,
2927 1875 2989 1929 οὐ
3022 1873 3331 1944 προσώπων
3360 1864 3553 1925 ένώσέι
3585 1869 3763 1939 μόνον

2172 1969 2440 2032 συντιθεὶς
2471 1969 2571 2040 τὴν
2595 1969 2930 2037 οἰκονομίαν,
2964 1966 3236 2031 συλλέγων
3265 1964 3319 2016 δὲ
3347 1962 3547 2032 μᾶλλον
3583 1961 3666 2023 είς
3693 1958 3764 2012 ἓν

2167 2061 2267 2124 τὰς
2294 2060 2487 2129 φύσεις
2514 2060 2841 2131 ἀπορρἡως
2867 2074 2933 2126 γε
2966 2057 3061 2111 καὶ
3083 2055 3224 2123 ὑπὲρ
3254 2053 3411 2119 λόγον
3439 2092 3454 2138 ,
3480 2050 3555 2112 ὡς
3586 2048 3764 2112 αὐτὸς

2167 2154 2313 2220 ἔγνω
2342 2152 2371 2202 ό
2398 2151 2534 2214 Θεός
2559 2167 2573 2182 ·
2611 2150 2709 2203 καὶ
2757 2149 2986 2202 οῦδέπου
3034 2146 3215 2216 φαμὲν
3256 2145 3521 2212 ἀνάχυσιν
3561 2139 3765 2210 ὥσπερ

2167 2243 2288 2297 τινὰ
2316 2242 2597 2312 συμϐῆναι
2626 2240 2758 2311 περὶ
2783 2240 2883 2302 τὰς
2923 2239 3116 2307 φύσεις
3140 2278 3155 2300 ,
3184 2237 3259 2300 ὡς
3289 2232 3627 2305 μεταστῆναι
3655 2230 3769 2300 τὴν

2167 2333 2262 2389 τοῦ
2283 2336 2455 2403 Λόγου
2479 2334 2640 2402 φύσιν
2662 2334 2740 2395 εἰς
2758 2331 2856 2401 τὴν
2876 2329 2970 2383 τοῦ
2991 2326 3280 2397 ἀνθρώπου
3301 2324 3482 2393 τυχόνο
3498 2322 3609 2375 ἀλλ’
3632 2320 3765 2374 οὐδὲ

2169 2421 2236 2480 αῦ
2249 2426 2349 2494 τὴν
2368 2423 2713 2494 ἀνθρωπίνην
2728 2424 2806 2485 εἰς
2821 2422 2918 2491 τὴν
2934 2420 3026 2473 τοῦ
3043 2419 3367 2487 Λόγου,νοου
3375 2415 3540 2484 μένης
3553 2414 3608 2466 δὲ
3627 2410 3773 2482 μᾶλα

2167 2517 2261 2571 λον
2293 2517 2387 2571 καὶ
2425 2514 2778 2583 ὑπαρχούσης
2801 2511 3069 2581 ἑκατέρας
3088 2511 3145 2562 ὲν
3165 2508 3242 2578 τῷ
3258 2507 3359 2575 τῆς
3380 2504 3516 2566 ἰδίας
3538 2501 3783 2569 φύσεωςι

2170 2609 2303 2680 ὅρῳ,
2328 2604 2646 2676 πεπρᾶχθαι
2663 2604 2844 2673 φαμὲν
2858 2602 2957 2672 τὴν
2978 2601 3194 2654 ἕνωσιν.
3222 2617 3241 2649 ι
3262 2598 3369 2653 Kal
3406 2596 3532 2664 μετ’
3552 2595 3763 2663 ὀλίγα*

2179 2722 2198 2755 ι
2225 2702 2293 2755 Et
2308 2718 2391 2763 τις
2423 2696 2516 2752 οῦν
2553 2698 2660 2767 ἄρα
2698 2696 2846 2765 λέγει
2873 2694 3051 2765 μόνων
3090 2690 3401 2763 προσώπων
3422 2689 3520 2760 τὴν
3536 2687 3764 2750 ἕνωσιν,

2172 2789 2491 2852 ἀποδιιστάς
2519 2789 2832 2858 ὁλοτρόπως
2857 2786 3106 2855 ἀλλήλων
3137 2782 3235 2845 τὰς
3269 2780 3483 2850 φύσεις,
3514 2777 3620 2842 ἔξω
3651 2776 3769 2847 τῆς

2174 2885 2394 2946 εὐθείας
2425 2881 2655 2951 φέρεται
2677 2879 2888 2951 τρίϐου.
2932 2896 2951 2931 ι
2987 2877 3207 2930 Τούτων
3234 2873 3319 2937 τίς
3365 2872 3623 2940 ἀγνοήσει
3655 2869 3769 2940 τὴν

2174 2977 2406 3039 ἔννοιαν,
2435 2974 2530 3027 καὶ
2566 2972 2696 3041 μίαν
2725 2971 2889 3039 φύσιν
2911 2969 3099 3036 λέγειν
3143 2968 3389 3036 οἰήσεται
3419 2962 3510 3015 τὸν
3540 2959 3771 3030 Πατέρα

2176 3070 2273 3122 ἐπὶ
2297 3064 2538 3136 Χριστοῦ
2573 3080 2589 3130 ;
2620 3064 2744 3134 οὐχὶ
2773 3064 2831 3118 δὲ
2862 3062 2920 3117 ἓν
2949 3062 3244 3133 πρόσωπον
3281 3056 3485 3128 μᾶλλον
3510 3095 3525 3119 ,
3548 3051 3773 3123 ἡνωμέ-

502 3154 648 3199 trum
670 3160 836 3199 unam
856 3145 913 3199 in
937 3146 1157 3201 Christo
1181 3159 1433 3205 naturam
1455 3167 1704 3209 asserere
1726 3154 1874 3210 dicat
1894 3154 1918 3208 ?
1938 3156 2073 3225 quin

2179 3174 2285 3212 νων
2320 3154 2484 3211 αὑτοῦ
2511 3156 2620 3209 τῶν
2642 3152 2861 3223 φύσεων
2889 3152 2991 3221 οὐχ
3030 3149 3219 3213 ἁπλῶς
3246 3146 3597 3219 ἀδιαιρέτως,
3624 3143 3774 3197 ἀλλά

503 3236 688 3305 potius
719 3236 789 3291 ab
815 3252 882 3292 eo
922 3239 1209 3295 manifeste
1249 3241 1438 3298 doceri
1485 3243 1726 3300 fateatur
1757 3255 1985 3301 naturas
2016 3247 2073 3301 in

2181 3247 2304 3304 καθ’
2345 3246 2646 3299 ὑπόστασιν
2670 3243 2837 3298 αὐτοῦ
2863 3242 3032 3311 αὑτήν
3057 3259 3073 3306 ;

506 3345 674 3385 unam
707 3346 1000 3400 personam
1030 3333 1324 3411 coaluisse,
1386 3352 1499 3393 non
1546 3338 1871 3395 omnimoda
1934 3342 2162 3412 quidem
2199 3339 2632 3413 conjunctione,
2686 3335 2784 3392 sed
2832 3349 2900 3392 ea
2948 3334 3236 3399 duntaxat,
3286 3343 3410 3401 quae
3461 3323 3770 3385 secundum

505 3423 917 3480 subsistentiam
942 3428 1233 3500 contingit.

779 3538 967 3612 Cyrilli
995 3557 1058 3595 ex
1084 3541 1310 3613 epistola
1348 3544 1420 3598 ad
1437 3542 1753 3599 Sucemum.

583 3652 602 3685 ι
635 3631 707 3689 Ut
738 3632 850 3687 duo
877 3649 987 3688 non
1022 3634 1261 3704 amplius
1296 3635 1409 3690 duo
1440 3636 1576 3701 sint,
1612 3636 1711 3691 sed
1744 3650 1843 3707 per
1872 3643 2092 3692 utrum-

507 3741 615 3797 que
643 3724 963 3795 perficiatur
995 3727 1198 3782 animal
1229 3743 1425 3782 unum.
1464 3746 1483 3778 ι

576 3817 749 3870 Porro
777 3817 821 3871 si
852 3827 1075 3873 sanctus
1103 3818 1264 3873 Pater
1298 3818 1531 3872 innuere
1552 3818 1823 3875 voluisset
1864 3828 2092 3877 naturas

509 3923 620 3962 non
655 3908 891 3978 amplius
915 3924 1037 3964 esse
1070 3919 1324 3971 naturas,
1346 3907 1535 3962 dicere
1552 3908 1843 3965 debuisset
1869 3928 1882 3964 :
1913 3930 1931 3962 ι
1956 3909 2089 3977 Quae

508 3998 721 4069 pridem
748 3999 867 4056 duae
899 4009 1080 4065 erant,
1109 4014 1260 4055 nunc
1293 3999 1532 4068 amplius
1558 3998 1681 4054 duae
1705 4017 1817 4055 non
1840 4010 1971 4056 sunt
2008 4019 2021 4055 :
2064 4019 2084 4053 ι

509 4090 616 4157 vel,
659 4108 678 4141 ι
719 4092 866 4161 quod
897 4106 1047 4146 nunc
1076 4105 1247 4145 unum
1283 4098 1389 4155 est,
1422 4106 1530 4145 non
1554 4092 1792 4161 amplius
1820 4091 1931 4146 duo
1964 4100 2094 4146 sunt

511 4189 573 4236 ut
604 4190 784 4238 antea.
826 4201 845 4235 ι
896 4183 1055 4249 Quod
1090 4180 1137 4236 si
1191 4194 1315 4249 quae
1354 4188 1516 4236 antea
1548 4182 1660 4237 duo
1708 4190 1888 4247 erant,
1924 4183 2093 4237 etiam

2190 3543 2498 3611 Κυρίλλου
2552 3541 2625 3596 ἐκ
2667 3538 2779 3609 τῆς
2829 3538 2982 3606 πρὸς
3013 3534 3364 3589 Σούκενσον
3411 3523 3775 3593 ἐπιστολῆς.

2266 3653 2287 3687 ι
2316 3633 2481 3688 Ὥστε
2514 3632 2588 3686 τά
2614 3630 2709 3684 δύο
2751 3627 2949 3700 μηκέτι
2976 3620 3117 3680 εἶναι
3139 3622 3253 3690 δύο,
3278 3618 3579 3689 δι’·ἀμφοῖν
3615 3613 3675 3669 at
3715 3612 3779 3667 τὸ

2189 3727 2249 3782 ἓν
2278 3725 2658 3781 ἀποτελεῖσθαι
2681 3723 2842 3788 ζῶον.
2881 3737 2902 3773 ι

2260 3818 2327 3873 Εἰ
2354 3812 2446 3871 οῦν
2476 3815 2634 3869 τοῦτό
2672 3829 2862 3883 φησιν,
2886 3810 2969 3863 ὅτι
2991 3809 3048 3862 αἱ
3080 3804 3273 3877 φύσεις
3322 3803 3424 3857 οὑκ
3458 3796 3778 3855 εἶσὶ-λοιπὸν

2187 3908 2399 3978 φύσεις,
2434 3906 2542 3960 ἔδει
2575 3905 2754 3958 εἰπεῖν
2787 3920 2806 3953 ι
2847 3900 2988 3954 ὥστε
3010 3898 3111 3960 τάς
3146 3912 3281 3949 ποτε
3304 3894 3420 3958 δυο,
3455 3890 3682 3978 ταύταςᾼ
3700 3887 3778 3959 μὴ

2185 3974 2323 4055 εἶναι
2352 3998 2445 4051 καὶ
2456 3997 2550 4050 νῦν
2579 3995 2691 4049 δύο.
2707 3993 2809 4046 »Ἦ
2834 3990 2974 4043 ὥστε
3005 4008 3023 4041 ι
3047 3992 3108 4040 τδ
3128 3987 3185 4040 ἓν
3206 3985 3267 4038 τὸ
3286 3984 3383 4038 νῦν
3406 3982 3605 4054 μηκέτι
3635 3974 3779 4032 εἶναι

2185 4091 2260 4153 ὡς
2280 4088 2376 4142 καὶ
2400 4086 2591 4159 πρώην
2610 4084 2703 4138 δύο
2720 4101 2736 4116 ⁸
2777 4102 2796 4137 ι
2820 4082 2868 4135 ει
2898 4081 2954 4134 δὲ
2982 4080 3098 4133 ἔστι
3125 4079 3219 4132 καὶ
3243 4075 3338 4130 νῦν
3362 4074 3456 4127 δύο
3476 4073 3545 4126 τά
3564 4070 3681 4133 δύο,
3711 4068 3791 4124 διν

2188 4182 2394 4250 ἀμφοῖν
2424 4196 2484 4232 τε
2511 4177 2608 4231 καὶ
2634 4176 2736 4231 οὐκ
2765 4175 2825 4238 ἐξ
2857 4174 3060 4242 ἀμφοῖν
3113 4168 3301 4231 ἁπλῶς
3335 4167 3400 4221 τδ
3441 4163 3500 4218 ἓν
3557 4163 3789 4233 ὁρᾶται..

512 4289 659 4328 nunc
688 4273 798 4329 duo
826 4283 991 4340 sunt;
1049 4272 1096 4328 si
1127 4287 1227 4342 per
1253 4281 1572 4342 utrumque,
1622 4288 1734 4328 non
1764 4289 1832 4327 ex
1858 4280 2076 4342 utroqut

2200 4271 2358 4340 δῆλον
2385 4270 2461 4334 ὡς
2517 4268 2636 4323 κατ’
2668 4266 2797 4322 ἀλλο
2833 4264 2928 4317 καὶ
2964 4261 3122 4316 ἄλλο’
3167 4260 3243 4323 ὡς
3293 4257 3394 4328 μὲν
3422 4255 3530 4325 γὰρ
3564 4253 3783 4321 φύσεις,

513 4361 838 4432 simpliciter
872 4352 1040 4418 unum
1071 4361 1321 4417 cernitur
1345 4377 1359 4414 ι
1383 4361 1736 4431 perspicuum
1763 4373 1850 4417 est
1880 4361 1936 4416 id
1958 4377 2076 4416 con-

2199 4360 2324 4415 δύο·
2356 4360 2432 4424 ὡς
2458 4359 2514 4412 δὲ
2543 4356 2799 4411 σύνθετόν
2829 4373 2891 4409 τε
2911 4352 3116 4408 τοιόνδε
3146 4350 3317 4414 ζῶον,
3348 4350 3486 4415 ὅπερ
3542 4343 3642 4399 καὶ
3684 4344 3785 4415 ῥη-

514 4455 725 4526 tingere
751 4455 971 4511 diversa
1003 4454 1223 4509 ratione
1250 4468 1265 4517 ;
1303 4461 1366 4506 ut
1398 4452 1548 4521 quod
1599 4452 1667 4507 ad
1707 4462 1940 4507 naturas
1968 4465 2076 4521 spe-

2179 4444 2311 4517 ’τῶς
2341 4452 2467 4523 ἔφη,
2503 4450 2563 4504 ἓν
2599 4452 2747 4503 ἔστι*
2781 4445 3117 4520 προσεκτέον
3142 4442 3200 4495 δὲ
3230 4440 3306 4504 ὡς
3339 4438 3437 4492 καὶ
3475 4436 3544 4490 δι’

514 4522 649 4612 ctat,
680 4548 765 4604 hac
785 4548 906 4604 dua:
927 4547 1153 4618 quidem
1183 4545 1323 4612 sint;
1351 4543 1497 4614 quod
1524 4543 1593 4599 ad
1621 4543 1985 4612 compositum
2011 4551 2076 4597 at

2204 4544 2344 4610 ζῶον
2373 4522 2759 4597 ἀποτελεῖσθαι
2800 4538 2996 4607 λέγων,
3054 4533 3324 4603 ἑκατέραν
3361 4528 3524 4600 φύσιν
3570 4525 3651 4595 τῷ
3706 4522 3795 4618 svi.-

440 4648 443 4651 '
517 4641 676 4706 tinet,
711 4641 819 4698 hoc
869 4656 1004 4696 vero
1033 4639 1106 4695 sit
1147 4637 1353 4693 animal
1388 4652 1581 4703 unum,
1626 4635 1775 4707 quod
1822 4635 2076 4706 expressi:

2202 4636 2378 4705 τούτῳ
2421 4634 2645 4704 Χριστῷ
2701 4632 2847 4703 ζωὴν
2887 4628 3227 4695 συνεισάγειν
3271 4622 3464 4693 φησίν⁹
3520 4618 3656 4673 ἀλλά
3689 4614 3790 4707 τὴν

517 4736 704 4790 verbis
736 4738 854 4806 ipse
880 4734 1041 4789 dixit.
1646 4706 1657 4707 γ
2132 4721 2178 4777 ι)
2208 4727 2331 4797 μὲν,
2363 4725 2462 4795 τὴν
2497 4723 2734 4794 φυσικὴν
2767 4720 3075 4792 ἀνθρώπῳο
3117 4718 3215 4787 τὴν
3263 4715 3342 4778 δὲ,
3397 4713 3498 4791 τὴν
3529 4706 3788 4806 φυσικὴν

517 4826 636 4894 Θεῷ
667 4797 840 4896 ζωῆνο
864 4826 940 4888 ὡς
972 4824 1029 4876 ἓν
1061 4816 1202 4874 εἷναί
1232 4836 1286 4871 τι
1310 4817 1647 4889 θεανδρικῶς
1674 4816 1781 4883 ζῶν
1804 4814 2104 4887 πρόσωπον
2138 4818 2287 4871 τόδε·
2320 4818 2419 4871 καὶ
2446 4816 2557 4885 γὰρ
2579 4813 2776 4869 ἐσθίων
2833 4811 2930 4866 καὶ
2988 4810 3160 4863 πίνων
3188 4807 3400 4877 διήρκει
3457 4804 3556 4856 καὶ
3590 4797 3789 4870 ηῦξανε

521 4917 640 4972 καθ’
676 4919 845 4988 ἡμᾶς,
864 4915 962 4970 καὶ
989 4911 1058 4986 ἦν
1088 4912 1185 4965 καὶ¹
1211 4910 1492 4981 αὐτάρκης
1517 4908 1612 4963 καὶ
1641 4908 1957 4972 παντέλειος
1979 4908 2176 4972 θεῖκῶς
2204 4913 2231 4964 ό
2262 4909 2424 4973 αὐτὸς
2453 4903 2534 4972 εἷς
2560 4906 2794 4977 Χριστὸς
2826 4906 2855 4957 ὁ
2886 4902 3099 5000 Κύριος.
3125 4900 3307 5000 ἡμων.
3509 4986 3522 5000 ⁹
3656 4985 3670 5000 ⁹
3730 4975 3758 5000 τ

592 4985 758 5083 Atqui
785 5024 950 5066 omne
1003 4985 1228 5065 animal,
1278 5002 1557 5073 inquiunt“,
1589 5002 1740 5072 quod
1768 5018 1900 5058 vere
1925 5017 2076 5056 unun

2294 5003 2434 5058 Ἀλλ’
2458 5001 2602 5056 ἅπαν
2626 4994 2695 5069 ἦν
2734 4996 2875 5061 ζῶον
2910 4994 3008 5047 καὶ
3041 4992 3138 5062 μία
3171 4989 3357 5059 φύσις,
3387 4986 3552 5056 φασίν
3574 4985 3673 5083 ’.εί
3697 4985 3790 5036 οὖν

522 5114 628 5173 est,
661 5075 774 5159 una
818 5113 1039 5171 quoque
1078 5102 1277 5151 natura
1307 5101 1393 5149 est
1420 5111 1433 5147 :
1465 5094 1713 5163 adeoque
1754 5094 1800 5148 si
1846 5093 2070 5151 Christu

2201 5095 2259 5152 ἓν
2274 5093 2433 5161 ζῶον,
2452 5092 2545 5146 καὶ
2565 5089 2663 5161 μία
2688 5086 2889 5156 φύ.σιςό
2906 5085 2949 5138 Χ
2958 5082 3239 5155 ριστός.-
3252 5078 3395 5133 Ἀλλ’
3411 5075 3793 5173 εί-ἀποξεικτιν

524 5208 609 5255 est
637 5196 840 5260 animal
868 5207 1063 5252 unum.
1109 5190 1229 5260 ejus
1259 5204 1479 5260 quoque
1510 5196 1709 5242 natura
1741 5203 1852 5242 una
1877 5187 2009 5242 erit.
2034 5218 2076 5228 -

2204 5184 2314 5246 κῶς
2331 5182 2576 5251 ἀπαντᾷν
2600 5177 2877 5249 βούλεσθε,
2893 5173 2967 5245 μὴ
2983 5172 3228 5240 ἀγνοεῖτε
3242 5169 3311 5223 τὰ
3325 5166 3518 5260 κοινῶς
3535 5161 3797 5260 δεδομένα

529 5292 732 5346 Verum
768 5287 814 5341 si
836 5291 988 5340 recta
1018 5282 1509 5337 demonstrationis
1534 5264 1623 5335 via
1651 5279 1962 5350 procedere
1988 5279 2076 5332 vul

2207 5279 2343 5333 πᾶσι
2368 5276 2481 5337 τοῖς
2498 5271 2897 5331 ἀποδεικτικοῖς
2913 5266 3007 5320 καὶ
3030 5255 3554 5350 διαλεκτικοῖςοτῶν
3708 5252 3795 5305 ἀν-

532 5382 606 5438 tis
633 5382 691 5435 in
721 5363 1132 5448 objectionibus
1170 5374 1389 5438 vestris,
1413 5388 1511 5427 vos
1546 5373 1721 5427 latere
1750 5386 1861 5425 non
1886 5369 2076 5424 debent

2208 5366 2518 5437 τιστρόφως
2545 5361 2796 5431 ἀλλήλοις
2820 5371 3128 5426 κατηγορου
3138 5352 3331 5423 μένων,
3353 5347 3567 5448 τούτων
3584 5342 3793 5442 ἀνάγκη

2221 5435 2450 5525 θατέρου
2484 5451 2750 5513 δοθέντος,
2780 5449 2875 5502 καὶ
2901 5446 2963 5500 τὸ
2988 5445 3176 5513 ἕτερον
3230 5435 3633 5525 συνεπάγεσθαι
3651 5450 3665 5465 ο
3692 5435 3802 5525 τῶν

2222 5548 2280 5601 δὲ
2319 5513 2418 5599 οῦκ
2466 5538 2955 5611 ἀντιστρεφόντων,
3000 5534 3059 5586 ού
3117 5530 3277 5598 δῆτα.
3326 5526 3389 5580 El
3429 5524 3525 5596 μὲν
3576 5520 3678 5611 οῦν
3707 5513 3801 5568 καὶ

2222 5640 2373 5694 πᾶσα
2412 5635 2571 5707 φύσις
2602 5632 2759 5698 ζῶον,
2795 5629 2983 5699 ὥσπερ
3023 5620 3116 5680 οῦν
3165 5622 3260 5677 καὶ
3288 5621 3394 5676 πᾶν
3444 5616 3582 5683 ζῶον
3614 5610 3804 5683 φύσις..

533 5486 655 5540 quae
680 5469 886 5540 passim
912 5482 942 5521 a
970 5466 1295 5530 dialecticis,
1324 5475 1381 5520 et
1400 5464 1565 5534 hujus
1595 5461 1732 5529 artis
1752 5459 2114 5531 praeceptori-

534 5561 640 5617 bus
666 5559 977 5615 traduntur.
1010 5557 1227 5614 Etenim
1262 5567 1653 5612 conversorum
1688 5550 1880 5606 eadem
1912 5558 1997 5606 est
2022 5565 2113 5604 ra-

538 5651 637 5716 tio,
668 5659 723 5706 et
755 5665 865 5705 uno
889 5651 1090 5719 posito,
1113 5665 1336 5706 necesse
1358 5655 1443 5704 est
1478 5644 1630 5701 aliud
1659 5657 1888 5715 quoque
1918 5640 2113 5711 sequi:

446 5764 455 5773 .
558 5848 567 5855 -
613 5815 655 5845 “
682 5813 801 5868 Act.
839 5827 911 5877 Iv,
947 5809 1033 5863 52.
