4034 6444
269 405 396 470 i857

1447 404 1747 466 CONTRA
1782 400 2382 466 MONOPHYSITAS.

3408 406 3542 474 1858

268 521 440 585 καλῶς
481 519 749 589 ἐλέγετε,
780 519 908 573 ἐπεὶ
952 516 1093 583 ζῶον
1144 519 1208 571 τὸ
1242 518 1519 587 σύνθετον,
1559 521 1656 575 καὶ¹
1710 521 1873 590 φύσιν

1975 535 2168 576 eorum
2208 529 2401 577 contra
2427 535 2550 591 quae
2587 534 2700 575 non
2731 529 3157 587 convertuntur,
3191 521 3408 578 diversa
3451 542 3542 581 ra—

272 611 652 668 ἀποτεὶεῖσθαι
681 627 695 641 ·
731 612 860 665 εἰδὲ
901 611 1049 665 ἔστιν
1096 610 1126 663 ὁ
1149 609 1296 674 λίθος
1330 611 1513 680 φύσις,
1552 612 1612 665 οὐ
1642 612 1746 684 μὴν
1777 612 1867 665 διὰ

265 704 377 758 τόδε
396 707 493 756 καὶ
518 702 697 768 ζῶον,
732 704 835 757 οὐκ
863 703 1164 771 ἀναγκαῖον
1193 700 1249 754 εἴ
1277 719 1332 754 τι
1362 701 1501 767 ζῶον
1531 701 1588 754 ἓν
1611 703 1749 764 ἐστι,
1778 700 1867 754 διὰ

265 796 374 849 τόδε
402 795 597 857 ἁπλῶς
625 795 733 848 καὶ
760 795 926 864 φύσιν
953 794 1082 864 μίαν
1114 790 1255 847 εἶναι
1280 809 1294 825 ·
1332 794 1427 848 καὶ
1457 793 1631 855 ἄλλως
1661 792 1790 862 γὰρ,
1818 794 1866 845 εὶ

265 888 394 940 διότι
422 887 479 939 ἓν
507 886 656 950 ζῶόν
714 890 867 941 ἐστιν
900 889 931 941 ὁ
958 886 1222 957 Χριστὸς,
1266 887 1361 940 καὶ
1393 885 1491 956 μία
1542 883 1702 953 φύσις
1726 883 1864 948 ἐστὶ,

266 980 353 1032 καὶ
372 978 505 1031 διότι
533 978 603 1031 ἐκ
647 977 751 1031 δύο
781 976 1003 1046 φύσεών
1051 980 1189 1042 ἐστι,
1211 977 1309 1031 καὶ
1338 977 1433 1030 δύο
1461 976 1577 1041 ζῶα
1631 975 1806 1041 ἔσται,
1841 976 1869 1028 ὃ

268 1087 391 1140 φησι
417 1068 738 1140 Νεστόριος
766 1069 984 1124 ἀσεϐῶν
1016 1070 1181 1140 μόνος
1201 1084 1216 1100 ⁸
1243 1069 1372 1122 εἰδὲ
1417 1066 1629 1136 λέγοιτε
1658 1067 1741 1119 ὅτι
1774 1065 1869 1118 καὶ

270 1169 327 1219 ἐκ
354 1164 447 1219 δύο
466 1164 639 1229 ζώων
670 1164 753 1228 ὡς
775 1165 886 1218 ἀπὸ
918 1165 1017 1235 τῆς
1046 1164 1304 1234 θεότητος
1338 1164 1434 1217 καὶ
1458 1163 1557 1232 τῆς
1582 1160 1869 1231 ἀνθρωπό-

270 1273 441 1325 τητος,
479 1255 598 1308 τῶν
632 1255 921 1325 διαφόρων
956 1253 1205 1324 φυσικῶν
1245 1253 1404 1306 εἰδῶν
1451 1269 1635 1322 φαμεν
1684 1251 1866 1317 αὑτὸν,

275 1347 376 1418 ἄρα
409 1362 472 1415 γε
495 1347 597 1400 καὶ
628 1345 695 1400 ἓν
728 1346 871 1411 ζῶον
913 1345 1032 1413 οὖν,
1057 1346 1135 1409 ὡς
1160 1344 1339 1399 κοινόν
1382 1361 1435 1397 τι
1470 1343 1566 1396 καὶ
1603 1342 1680 1406 ὡς
1733 1338 1870 1405 εἶδος

270 1439 445 1508 ἕτερον
477 1438 643 1508 παρὰ
688 1444 794 1514 τὴν
833 1438 1067 1509 θεότητα
1112 1435 1211 1490 καὶ
1244 1434 1644 1507 ἀνθρωπότητα
1682 1433 1870 1503 λέγετε

270 1531 423 1586 αὐτόν
447 1547 462 1561 ο
495 1530 597 1585 καὶ
629 1530 759 1594 πῶς
782 1547 951 1602 φησιν
976 1524 1130 1594 οὗτός
1152 1545 1209 1582 τε
1231 1529 1261 1581 ὁ
1287 1526 1479 1597 Πατὴρ
1509 1528 1607 1581 καὶ
1651 1525 1702 1578 οἱ
1755 1524 1869 1578 λοι-

271 1623 375 1685 τοὶ,
403 1621 465 1674 τὸ
493 1620 755 1695 Χριστὸς
787 1620 965 1690 ὄνομα
988 1617 1144 1687 μήτε
1166 1618 1385 1682 οὐσίας
1421 1615 1565 1684 ὅρον
1583 1613 1739 1683 μήτε
1759 1613 1872 1683 ερύ-

271 1725 417 1776 σεως
444 1709 646 1779 ὄνομα
668 1704 857 1771 εἶναι,
886 1706 1045 1777 μήτε
1066 1706 1210 1775 ὅρου
1230 1705 1489 1774 δύναμιν
1515 1704 1548 1758 ἐ
1551 1720 1703 1772 χειν,
1717 1701 1873 1772 μήτε

269 1800 421 1867 εἶδος
446 1802 707 1870 φύσεως
737 1801 1081 1868 σημαίνειν,
1105 1799 1139 1869 ἦ
1169 1814 1223 1851 τι
1246 1796 1487 1851 τοιοῦτον
1518 1814 1532 1862 ;
1557 1795 1695 1860 ζῶον
1740 1796 1870 1866 ἄρα,

1970 611 2046 666 tio
2073 622 2178 667 est.
2205 613 2395 682 Itaque
2420 613 2465 666 si
2509 620 2565 668 et
2616 612 2796 666 omnis
2835 622 3036 667 natura
3079 614 3279 669 animal
3321 624 3436 680 est,
3488 624 3547 670 et

1966 718 2130 758 omne
2171 704 2373 759 animal
2409 711 2605 759 natura
2641 721 2656 758 :
2694 712 2845 760 recte
2878 704 2948 759 de
2982 704 3206 761 Christo
3247 706 3545 762 ratiocina-

1967 798 2126 861 mini,
2172 813 2298 851 cum
2351 797 2423 850 sit
2466 797 2672 851 animal
2715 812 2911 861 unum,
2944 814 3110 852 unam
3158 813 3379 868 quoque
3423 814 3547 853 esse

1968 896 2229 959 oportere
2255 887 2429 958 ipsius
2452 895 2729 941 naturam.
2757 886 2852 942 Sin
2875 889 3080 953 minus,
3106 897 3162 942 et
3186 888 3325 958 lapis
3350 897 3547 943 natura

1967 981 2190 1051 quidem
2211 989 2316 1042 est,
2352 995 2464 1034 non
2501 979 2633 1033 item
2659 978 2731 1033 ob
2772 978 2825 1033 id
2856 980 3024 1034 etiam
3066 980 3310 1046 animal;
3340 979 3548 1034 idcirco

1969 1072 2015 1126 si
2050 1069 2182 1140 quid
2219 1069 2422 1124 animal
2458 1085 2630 1123 unum
2660 1076 2767 1133 est,
2800 1084 2909 1124 non
2940 1070 3069 1125 inde
3094 1086 3323 1126 necesse
3364 1069 3549 1140 sequi«

1972 1171 2061 1216 tur
2086 1162 2140 1216 id
2173 1163 2355 1232 ipsum
2398 1162 2569 1216 etiam
2599 1171 2853 1216 naturam
2873 1177 2995 1218 esse
3019 1179 3206 1217 unam.
3240 1164 3338 1220 Vel
3362 1163 3546 1219 aliter.

1971 1254 2028 1311 Si
2056 1264 2350 1326 propterea
2390 1254 2520 1325 quia
2552 1253 2810 1309 Christus
2840 1263 2927 1309 est
2976 1271 3146 1310 unum
3177 1256 3400 1321 animal,
3437 1271 3548 1311 una

1970 1360 2195 1416 quoque
2222 1355 2420 1401 natura
2451 1354 2573 1412 est;
2603 1345 2796 1400 licebit
2818 1347 2949 1400 item
2999 1346 3340 1409 ratiocinari,
3371 1361 3548 1416 quan-

1971 1437 2272 1507 doquidem
2320 1436 2578 1492 Christus
2612 1437 2758 1492 idem
2791 1437 3009 1492 duabus
3048 1438 3266 1491 naturis
3312 1444 3547 1501 constat,

1972 1528 2083 1584 duo
2109 1543 2333 1598 quoque
2358 1539 2525 1583 erunt
2550 1528 2831 1594 animalia,
2880 1527 3029 1597 quod
3081 1528 3232 1583 solus
3262 1527 3554 1583 Nestorius

1973 1619 2143 1689 impie
2171 1619 2495 1674 deblaterat.
2526 1618 2586 1675 Si
2619 1634 2753 1674 vero
2778 1619 2964 1674 dicitis
2984 1618 3265 1674 Christum
3295 1618 3552 1675 eumdem

1973 1726 2006 1766 e
2044 1710 2265 1765 duobus
2307 1711 2643 1767 animalibus
2686 1721 2941 1766 constare
2977 1721 3270 1782 propterea
3315 1711 3446 1782 quia
3486 1726 3555 1766 ex

1976 1803 2193 1859 duabus
2240 1805 2459 1860 naturis
2504 1805 2689 1875 specie
2727 1805 2986 1871 diversis,
3030 1805 3217 1860 divina
3263 1806 3474 1861 scilicet
3498 1812 3556 1860 et

271 1891 326 1947 τὺ
344 1892 417 1956 ὡς
438 1892 707 1961 ὑφεστὼς
731 1891 1023 1962 πρόσωπόν
1047 1891 1196 1944 ἐστιν
1216 1888 1294 1943 ἓν.
1316 1887 1461 1943 Ἀλλ’
1484 1888 1691 1941 εἴποιτε
1715 1887 1867 1952 ἴσως,

1976 1896 2219 1951 humana
2237 1939 2252 1963 ,
2275 1900 2644 1967 compositum
2667 1899 2990 1965 asserimus;
3018 1898 3271 1968 nunquid
3303 1908 3359 1954 et
3383 1914 3555 1954 unum

268 1984 556 2057 δτιῶσπερ
587 1984 751 2056 ζωῆς
771 1985 874 2055 τῆς
900 1985 1074 2038 ἀϊδίου
1109 1985 1203 2036 καὶ
1228 1980 1327 2051 τῆς
1363 1980 1706 2053 προσκαίρου
1739 1995 1871 2049 μετ-

272 2078 401 2149 έχων
455 2077 515 2131 ἓν
552 2078 710 2143 ζῶόν
760 2079 911 2130 ἐστιν
935 2075 1110 2138 οὕτως
1140 2074 1234 2129 καὶ
1272 2072 1488 2144 φύσεως
1531 2071 1870 2143 προσκαίρου

273 2167 486 2238 καὶτῆς
512 2166 702 2220 ἀϊδίου
743 2166 1056 2238 μετασχὼν,
1093 2165 1192 2236 μία
1238 2163 1403 2234 φύσις
1435 2162 1614 2216 ἐστίν·
1648 2159 1872 2229 εὒδηὶος

272 2254 300 2306 ὃ
339 2253 802 2325 παραλογισμόςο
832 2255 956 2308 ἀντὶ
989 2255 1097 2327 γὰρ
1127 2254 1223 2308 τοῦ
1257 2252 1598 2324 μετέχοντος,
1651 2252 1713 2304 τὸ
1744 2266 1874 2320 μετ-

272 2345 526 2416 εχόμενον
574 2346 762 2419 ἔφητε
790 2346 852 2400 τὸ
879 2346 1132 2417 δεύτερον
1156 2363 1171 2379 ο
1200 2347 1250 2400 εἰ
1285 2346 1387 2417 μὲν
1428 2346 1538 2417 γὰρ
1560 2340 1874 2414 τδμετὲχον

274 2437 534 2509 ἑκατέρας
564 2438 733 2510 ζωῆς
756 2439 874 2510 ζωὴ
893 2434 984 2511 ἦν,
1017 2440 1112 2494 καὶ
1145 2440 1205 2493 ού
1236 2439 1397 2505 ζῶον,
1426 2439 1607 2492 εττουν
1631 2437 1874 2507 μετέχων

273 2528 374 2581 τῶν
400 2530 583 2597 ζώων,
616 2531 927 2602 πρόσωπον
957 2530 1140 2595 καλῶς
1180 2531 1399 2602 εἴρητο·
1431 2529 1558 2583 εἰδὲ
1582 2529 1647 2582 τὸ
1701 2530 1759 2580 ὲν
1781 2527 1875 2580 δύο

276 2619 432 2685 (mi;
458 2623 885 2695 θεωρούμενον,
940 2622 1080 2687 ζῶόν
1127 2624 1267 2686 ἐστι,
1308 2622 1402 2675 καὶ
1448 2621 1510 2674 τὸ
1538 2619 1636 2674 δύο
1675 2619 1874 2674 οὐσιῶν

281 2714 629 2784 μετειληφδς,
660 2714 1007 2784 οὐσιωμένον
1032 2714 1151 2768 ὲστί
1187 2731 1262 2781 τι,
1284 2714 1476 2784 ού·μὴν
1496 2714 1530 2784 ἡ
1556 2713 1735 2777 οὐσία,
1760 2712 1875 2765 εἶτ-

232 2791 246 2803 ’
277 2819 368 2856 ουν
425 2805 618 2873 φύσις,
670 2806 1013 2877 ἀπρόσωπος
1040 2821 1054 2836 ·
1104 2805 1158 2859 τί
1206 2805 1265 2858 δέ
1309 2804 1508 2857 ὲστιτδ
1537 2805 1874 2874 οὐσιωμένον

279 2898 447 2951 καὶτὸ
470 2898 647 2965 ζῶον,
678 2899 717 2971 ἢ
750 2901 811 2953 τὸ
828 2899 1123 2969 πρόσωπον
1145 2898 1372 2967 κυρίως,
1403 2899 1464 2950 τό
1504 2914 1565 2950 τε
1594 2898 1733 2950 κατὰ
1755 2896 1875 2949 δια-

279 2988 470 3057 φόρους
522 2990 735 3058 φύσεις
761 2991 856 3043 καὶ
872 2990 1019 3053 ζωὰς
1047 2988 1330 3059 ὑφεστώς;
1360 2986 1500 3040 ὥστε
1519 2985 1656 3051 ζῶον
1692 2986 1790 3057 μὲν
1817 2985 1875 3039 ἓν

274 3079 450 3150 ὀρθῶς
482 3099 684 3152 φαμεν
708 3123 724 3148 ,
760 3081 926 3150 φύσιν
963 3080 1023 3134 δὲ
1060 3082 1190 3152 μίαν
1213 3080 1490 3150 οὐδαμῶς,
1527 3080 1717 3152 ὥσπερ
1751 3078 1874 3132 οὐδὲ

282 3170 420 3242 ζωὴν
443 3175 539 3226 ἐπὶ
597 3174 706 3227 τοῦ
735 3174 995 3227 συνθέτου
1037 3172 1332 3245 προσώπου
1362 3171 1625 3242 Χριστοῦ.

1974 1987 2180 2041 animal
2211 1995 2473 2056 tanquam
2502 1988 2637 2058 quid
2667 2004 2958 2055 commune
2990 1991 3217 2045 alterius
3242 1990 3468 2060 speciei,
3498 1999 3558 2046 et

1973 2078 2203 2148 quidem
2228 2094 2260 2133 a
2293 2079 2480 2134 divina
2507 2092 2564 2136 et
2586 2081 2828 2136 humana
2856 2082 3108 2147 diversae,
3129 2083 3308 2152 ipsum
3326 2082 3559 2138 dicetis?

1974 2171 2267 2239 Quomodo
2316 2171 2463 2227 idem
2493 2181 2720 2228 sanctus
2749 2173 2934 2238 Pater,
2967 2181 3024 2228 et
3065 2172 3160 2227 alii
3189 2173 3365 2237 aiunt,
3391 2172 3553 2229 Chri-
3642 2208 3651 2214 -

1975 2272 2123 2319 stum
2175 2278 2271 2317 nec
2320 2264 2558 2318 essentia:
2602 2280 2790 2318 nomen
2819 2279 2949 2323 esse.
2984 2280 3154 2335 neque
3198 2274 3427 2326 naturai,
3464 2280 3558 2318 nec

1974 2352 2173 2407 habere
2204 2354 2417 2407 termini
2452 2354 2559 2407 vim
2606 2369 2775 2424 neque
2824 2360 3033 2408 natura
3068 2355 3291 2424 speciem
3320 2353 3558 2425 aliquam

1974 2441 2300 2515 signiﬁcare,
2319 2444 2402 2499 vel
2416 2444 2568 2499 aliud
2589 2444 2941 2514 huiusmodi?
2960 2444 3174 2500 Animal
3195 2445 3364 2516 igitur
3385 2460 3556 2500 unum

1977 2545 2100 2601 est,
2135 2546 2329 2608 utpote
2364 2533 2421 2591 in
2450 2552 2560 2591 una
2602 2537 2909 2615 eadem’que
2942 2552 3180 2607 persona
3221 2537 3548 2593 subsistens.

1976 2627 2177 2683 Verum
2216 2627 2411 2681 dicetis
2448 2626 2678 2681 forsan:
2724 2627 2880 2682 Sicut
2926 2628 3053 2683 vitae
3083 2635 3303 2682 aeternae
3345 2638 3402 2681 et
3433 2626 3560 2681 vitae

1976 2717 2297 2787 temporalis
2331 2718 2608 2787 particeps
2655 2733 2826 2771 unum
2852 2725 2937 2772 est
2967 2704 3190 2782 animal,
3229 2718 3304 2771 ita
3342 2726 3559 2771 naturae

1980 2818 2201 2883 aeternae
2225 2818 2283 2864 et
2299 2818 2510 2863 naturae
2532 2810 2784 2863 mortalis
2801 2810 3081 2879 particeps
3099 2825 3205 2863 una
3226 2818 3310 2863 est
3335 2817 3555 2865 natura.

1975 2900 2185 2957 Obvius
2206 2909 2492 2956 estautem
2521 2902 2949 2972 paral‘ogismus,
2975 2902 3249 2971 siquidem
3283 2916 3396 2955 rem
3426 2915 3556 2971 par-

1976 2990 2262 3059 ticipatam
2294 2990 2420 3043 loco
2459 2990 2538 3043 rei
2569 2989 2954 3059 participantis
2991 2989 3047 3043 in
3075 2987 3430 3043 conclusione
3462 3001 3560 3055 po-

1974 3081 2131 3135 nitis.
2159 3080 2402 3144 Etenim,
2438 3079 2487 3134 si
2513 3079 2661 3149 quod
2689 3080 2979 3149 utriusque
3000 3087 3085 3134 est
3106 3082 3233 3133 vitae
3261 3077 3558 3147 particeps,
3601 3119 3615 3128 .

1975 3171 2090 3245 vita
2122 3181 2291 3235 esset,
2328 3186 2439 3224 non
2471 3186 2607 3226 vero
2637 3171 2862 3236 animal,
2889 3172 3007 3226 sive
3033 3186 3134 3226 ens
3159 3170 3390 3225 duarum
3421 3169 3561 3223 vita-

284 3279 397 3319 rum
457 3266 774 3336 particeps,
822 3265 947 3321 dum
1002 3264 1111 3319 illa:
1158 3264 1284 3319 vita:
1323 3278 1561 3334 persona
1615 3270 1766 3318 recte
1831 3261 2463 3329 dicerentur;_si.vero
2521 3263 2670 3332 quod
2706 3262 2763 3317 in
2834 3262 3070 3317 duarum
3132 3263 3370 3316 vitarum
3429 3275 3560 3331 par-

283 3359 611 3428 ticipatione
667 3359 1075 3424 consideratur,
1130 3357 1337 3413 animal
1380 3364 1486 3422 est,
1529 3372 1665 3427 ergo
1711 3364 1768 3411 et
1813 3356 1965 3427 quod
2031 3357 2274 3428 duplicis
2319 3366 2407 3412 est
2467 3356 2795 3412 substantiae
2850 3355 3165 3425 particeps,
3218 3364 3304 3409 est
3346 3352 3560 3423 aliquid

285 3449 741 3517 substantiatum,
785 3466 902 3505 non
946 3460 1134 3505 autem
1186 3448 1536 3514 substantia,
1593 3448 1711 3501 sive
1775 3455 2006 3511 natura,
2055 3446 2464 3517 ἱπιρεηοηαιίεη
2510 3445 2655 3512 Quid
2702 3461 2834 3501 vero
2868 3454 2985 3502 .est
3041 3446 3246 3500 animal
3288 3445 3403 3500 sive
3463 3459 3563 3499 ens

287 3542 733 3609 substantiawm,
761 3543 869 3598 nisi
888 3542 1112 3613 proprie
1130 3557 1378 3613 persona,
1396 3549 1572 3594 etens
1597 3538 1907 3593 secundum
1945 3539 2085 3593 duas
2101 3548 2328 3594 naturas
2344 3547 2400 3594 et
2425 3538 2567 3593 vitas
2597 3537 2952 3592 subsistens?
2976 3537 3146 3592 Recte
3172 3537 3342 3607 igitur
3389 3551 3562 3591 unum

288 3635 512 3703 animal,
544 3633 786 3690 minime
821 3647 958 3688 vero
989 3640 1247 3687 naturam
1270 3644 1461 3696 unam,
1488 3644 1672 3699 neque
1699 3644 1864 3682 unam
1903 3627 2094 3695 vitam,
2124 3628 2182 3682 in
2213 3629 2518 3699 composita
2549 3626 2755 3682 Christi
2780 3641 3016 3697 persona
3045 3627 3367 3681 asserimus.

288 3748 625 3817 KvpLuov,
659 3746 730 3801 ἐκ
752 3744 863 3814 τῆς
888 3743 1044 3813 πρὸς
1082 3741 1352 3800 Ἀκάκιον
1380 3740 1716 3810 ἐπιστολῆς
1742 3741 1872 3811 (15).

2303 3740 2495 3814 Cyrilli
2519 3758 2582 3796 ea;
2601 3740 2826 3813 cpistola
2867 3742 2938 3796 ad
2967 3741 3243 3797 Acacium.

361 3856 382 3890 ι
427 3839 691 3909 Ὀρῶμεν
715 3838 797 3891 ὅτι
822 3836 919 3890 δύο
940 3836 1133 3906 φύσεις
1160 3834 1424 3905 συνῆλθον
1445 3834 1708 3905 ἀλλήλαις
1758 3834 1882 3888 καθ’

289 3930 477 3987 ῑνωσιν
522 3931 921 3994 ἀδιασπάστως
973 3930 1298 3999 ἀσυγχύτως
1337 3928 1436 3982 καὶ
1465 3928 1755 3998 ἀτρέπτως
1779 3942 1794 3958 ⁸
1845 3927 1881 3997 ἡ

292 4025 395 4096 γὰρ
417 4026 582 4098 σὰρξ,
618 4023 761 4095 σάρξ
793 4025 912 4076 ἐστι
936 4021 1033 4076 καὶ
1097 4022 1160 4074 οὐ
1201 4021 1416 4090 θεότης,
1442 4021 1492 4073 εἰ
1541 4019 1636 4073 καὶ
1686 4017 1881 4086 γέγονε

292 4115 423 4170 Θεοῦ
453 4116 631 4188 σάρξ’
664 4115 868 4186 ὁμοίως
883 4115 941 4169 δὲ
972 4116 1068 4168 καὶ
1087 4117 1114 4168 ό
1143 4115 1316 4182 Λόγος
1348 4112 1483 4174 Θεός
1529 4114 1644 4165 ἐστι
1673 4112 1767 4165 καὶ
1818 4111 1879 4164 οὐ

297 4206 451 4277 σὰρξ,
486 4211 537 4260 εἰ
562 4207 669 4261 καὶ
686 4205 823 4260 ἰδίαν
848 4207 1149 4276 ἐποιήσατο
1167 4206 1266 4276 τὴν
1286 4207 1468 4276 σάρκα
1496 4202 1879 4275 οἰκονομικῶς.

298 4295 461 4350 Ὅταν
505 4296 607 4351 οὖν
645 4295 921 4366 ἐννοῶμεν
951 4295 1130 4363 τοῦτο,
1167 4296 1323 4350 οὐδὲν
1354 4296 1646 4365 ἀδικοῦμεν
1677 4295 1776 4364 τὴν
1803 4296 1883 4358 εἰς

296 4385 521 4457 ἑνότητα
555 4387 893 4457 συνδρομὴν,
925 4388 991 4440 ὲκ
1011 4386 1108 4440 δύο
1140 4385 1359 4455 φύσεων
1416 4385 1743 4455 γεγενῆσθαι
1796 4384 1884 4457 λέ-

297 4449 515 4541 γοντεςο
555 4449 712 4545 μετᾶ
865 4449 949 4527 τοι
971 4475 1073 4546 τὴν
1107 4449 1304 4527 ἕνωσιν
1327 4474 1388 4527 οὐ
1429 4449 1754 4545 *διαιροῦμεν
1782 4449 1883 4535 τᾶς

301 4563 482 4633 φύσεις
508 4565 612 4621 ἀπ’
646 4564 912 4636 ἀλλήλων,
940 4566 1062 4619 οὐδὲ
1089 4568 1165 4629 εἰς
1189 4565 1283 4619 δύο
1304 4564 1580 4635 τέμνομεν
1616 4567 1768 4627 υἱοὺς
1790 4564 1883 4616 τὸν

301 4655 390 4709 ἕνα
416 4659 514 4710 καὶ
541 4657 869 4727 ἀμέριστον,
893 4657 1010 4711 ἀλλ’
1041 4657 1139 4710 ἕνα
1170 4659 1351 4728 φαμὲν
1377 4658 1526 4723 Υἱδν,
1559 4659 1653 4711 καὶ
1704 4658 1782 4722 ὡς
1833 4658 1883 4711 οἱ

303 4745 541 4819 Πατέρες
571 4750 866 4820 εἰρήκασιν
894 4749 1022 4819 μίαν
1053 4749 1214 4819 φύσιν
1244 4749 1340 4803 τοῦ
1369 4750 1545 4818 Λόγου
1571 4764 1883 4817 σεσαρκω-

298 4837 507 4908 μένην.
536 4841 751 4895 Οὐκοῦν
781 4841 905 4895 ὅσον
929 4841 1029 4909 μὲν
1052 4837 1187 4914 ⁴ἧκεν
1210 4843 1290 4905 εἰς
1319 4841 1533 4896 ἔννοιαν
1561 4842 1657 4895 καὶ
1682 4843 1762 4904 εἰς
1790 4840 1884 4911 μό-

2058 3852 2078 3886 ι
2110 3832 2409 3889 Cernimus
2434 3843 2661 3888 naturas
2677 3833 2815 3888 duas
2844 3832 2898 3886 in
2933 3848 3103 3887 unum
3130 3833 3425 3896 coaluisse,
3456 3832 3563 3888 sibi

1979 3924 2218 3980 invicem
2256 3934 2410 3980 arcto
2459 3924 2625 3979 modo
2664 3925 3013 3995 coniunctas,
3064 3924 3186 3979 sine
3231 3924 3562 3979 confusione

1980 4018 2091 4073 ulla
2118 4026 2175 4074 et
2200 4018 2321 4074 sine
2348 4018 2459 4072 ulla
2474 4017 2781 4071 mutatione
2803 4033 2817 4077 ;
2856 4032 2980 4070 nam
3000 4031 3151 4080 caro,
3171 4031 3301 4071 caro
3325 4025 3430 4081 est,
3451 4033 3560 4072 non

1981 4107 2268 4176 divinitas,
2296 4108 2514 4164 etiamsi
2560 4107 2657 4162 Dei
2690 4122 2821 4162 caro
2846 4106 2938 4164 sit.
2975 4106 3217 4162 Verbum
3248 4107 3379 4161 item
3415 4107 3564 4162 Deus

1980 4210 2085 4267 est,
2124 4216 2232 4255 non
2262 4216 2427 4267 .caro,
2457 4198 2675 4255 etiamsi
2708 4213 2931 4253 carnem
2974 4212 3284 4263 assumens,
3318 4213 3439 4253 eam
3475 4199 3560 4254 sui

1980 4293 2266 4363 propriam
2294 4292 2564 4347 eﬂ‘ecerit.
2610 4290 2766 4357 Quod
2787 4305 2912 4345 cum
2941 4290 3019 4345 ita
3060 4304 3120 4345 se
3161 4290 3368 4346 habere
3395 4289 3564 4345 fatea-

1982 4400 2128 4449 mur,
2161 4384 2411 4455 profecto
2445 4401 2555 4449 non
2576 4399 2847 4448 erramus,
2885 4398 3013 4437 cum
3043 4397 3074 4436 e
3104 4384 3327 4437 naturis
3346 4382 3564 4438 duabus

1981 4477 2038 4533 in
2085 4476 2309 4533 Christo
2359 4475 3051 4546 factam'conjunctionem
3093 4475 3415 4530 asserimus.
3447 4475 3563 4542 Qua

1982 4568 2379 4639 conjunctione
2435 4568 2578 4623 facta
2626 4583 2737 4622 non
2791 4566 3095 4627 dividimus
3139 4581 3171 4620 a
3215 4582 3275 4622 se
3325 4567 3563 4622 invicem

1981 4669 2210 4715 naturas
2262 4659 2428 4728 ipsas,
2474 4674 2654 4729 neque
2700 4658 2757 4712 in
2811 4658 2955 4713 ﬁlios
3011 4657 3151 4713 duos
3199 4658 3564 4729 discerpimus

1978 4749 2283 4815 Christum,
2315 4751 2409 4821 qui
2448 4767 2594 4807 unus
2633 4758 2719 4806 est
2757 4757 2813 4806 et
2844 4750 3188 4817 individuus;
3241 4751 3335 4806 sed
3390 4767 3562 4806 unum
3662 4819 3669 4823 θ

1985 4841 2186 4896 Filium
2241 4857 2363 4897 esse
2415 4843 2673 4909 dicimus,
2708 4850 2786 4908 et,
2836 4851 2898 4897 ut
2927 4842 3082 4897 aiunt
3134 4842 3344 4907 Patres,
3395 4858 3560 4897 unam

301 4946 387 4982 νον
409 4932 468 4984 τὸ
497 4934 638 5004 ὁρᾷν
666 4935 779 4997 τοῖς
803 4936 903 5005 τῆς
941 4934 1120 5004 ψυχῆς
1141 4934 1353 5006 ὄμμασι
1375 4935 1496 4989 τίνα
1531 4935 1732 5004 τρόπον
1755 4935 1874 5003 ὁμο-

1985 4930 2083 4985 Dei
2114 4930 2281 4987 Verbi
2311 4940 2563 4986 naturam
2584 4934 2923 4985 incarnatam
2951 4931 3336 5000 praedicamus.
3374 4929 3564 4996 Quan~

301 5020 457 5092 γενὴς
477 5021 901 5094 ὲνηνθρώπησε,
934 5022 1030 5076 δύο
1060 5026 1161 5086 τὰς
1192 5026 1386 5093 φύσεις
1421 5023 1625 5093 φαμέν.
1654 5040 1675 5075 ι

1985 5029 2103 5077 tum
2152 5037 2288 5093 ergo
2338 5012 2671 5092 c‘ogitatione
2721 5023 3012 5092 complecti
3058 5022 3208 5086 licet,
3251 5028 3309 5075 et
3361 5020 3563 5075 mentis

1912 5088 1957 5145 Β
1986 5114 2165 5169 oculis
2197 5116 2557 5185 contemplari
2589 5130 2695 5186 qua
2723 5116 2935 5169 ratione
2984 5130 3206 5169 carnem
3236 5114 3563 5184 Unigenitus

1973 5205 2295 5272 assumpsit,
2327 5203 2585 5269 dicimus,
2617 5204 2754 5258 duas
2785 5218 2907 5258 esse
2931 5203 2987 5256 in
3009 5200 3233 5257 Christo
3260 5212 3508 5255 naturas.
3535 5219 3555 5252 ι

386 5304 524 5359 Ἀλλ’
554 5306 803 5376 εἴπωμεν
834 5304 931 5359 καὶ⁵
970 5304 1108 5376 πρὸς
1131 5306 1281 5369 τάδε,
1305 5307 1387 5360 ὅτι
1410 5306 1569 5376 ἀρκεῖ
1621 5306 1752 5377 ἡμῖν
1782 5304 1874 5357 αὑ-

2048 5309 2131 5364 Ad
2166 5309 2285 5365 haec
2314 5308 2554 5364 dicimus
2571 5322 2698 5363 eum
2724 5322 2782 5362 se
2814 5305 2949 5362 satis
2971 5320 3249 5375 superque
3291 5304 3436 5358 clare
3465 5320 3560 5358 ex-

304 5394 390 5460 τδς
421 5398 614 5450 ἑαυτὸν
635 5397 921 5465 διασαφῶν
942 5410 956 5425 °
994 5399 1076 5450 Οὐ
1100 5397 1211 5466 τὰρ
1244 5396 1611 5466 διαιροῦμεν,
1635 5397 1764 5468 ἔφη,
1786 5396 1874 5449 καὶ

1976 5401 2184 5471 plicare
2209 5418 2225 5467 ;
2257 5401 2336 5455 ait
2364 5401 2536 5462 enim,
2566 5416 2670 5453 non
2691 5398 2990 5463 dividimus,
3011 5413 3116 5452 non
3140 5397 3449 5468 capulamus
3468 5413 3486 5460 ;
3505 5404 3561 5451 et

305 5487 411 5554 οὐχ
438 5487 694 5556 ἑνοῦμεν
714 5503 727 5516 ·
762 5488 861 5541 καὶ
887 5527 904 5553 ,
935 5487 1044 5553 τὰς
1070 5489 1309 5556 φύσεις,
1343 5489 1405 5541 οὐ
1433 5490 1542 5559 μὴν
1567 5488 1666 5558 τὴν
1697 5486 1874 5557 φύσιν,

1977 5490 2169 5546 subdit
2204 5498 2452 5555 naturas,
2497 5507 2608 5546 non
2644 5499 2922 5554 naturam,
2959 5499 3021 5543 ut
3055 5489 3111 5542 hi
3150 5489 3341 5542 volunt
3369 5505 3383 5540 :
3408 5487 3562 5557 adje-

307 5576 377 5641 ὼς
399 5573 544 5633 οὗτοι
568 5579 843 5648 λέγουσιν,
874 5579 1018 5635 οὐδὲ
1050 5582 1415 5652 τεμνόμενον
1440 5581 1549 5635 τὸν
1579 5580 1690 5635 ἕνα
1723 5580 1874 5647 Υὶὸν,

1976 5583 2165 5654 citque
2194 5591 2464 5637 oraztcrea
2490 5599 2658 5654 neque
2697 5582 2974 5637 dividimus
3007 5598 3171 5635 unum
3196 5579 3387 5635 Filium
3404 5597 3425 5646 ;
3450 5594 3561 5633 non

519 5741 635 5798 lino
678 5754 818 5797 vero
874 5754 1109 5812 sequens
1140 5739 1516 5798 testimonium
1547 5741 1787 5798 sumitur
1836 5755 1903 5797 ex
1941 5741 2173 5813 epistola
2224 5740 2293 5797 ad
2343 5740 2673 5798 Sucensum.
2725 5739 2924 5811 Cyril.,
2974 5738 3063 5793 ed.
3103 5745 3143 5792 t.
3180 5737 3243 5803 ν,
3314 5746 3456 5808 part.
3504 5751 3563 5803 ιι,

422 5828 455 5866 o
488 5853 502 5867 .

310 5834 365 5890 po
393 5828 502 5892 ⁴ιὶ>1τ
