4034 6472
463 398 598 464 1859

1720 397 2034 459 LEONTI-l
2077 395 2484 458 BY—ZANTINI

3591 389 3735 455 1860

460 514 605 569 dixit
651 528 816 568 unam
868 521 1146 569 naturam.
1204 510 1456 581 Denique
1501 509 1578 564 ait
1629 512 1821 564 mentis
1861 510 2047 575 oculis,

2156 509 2213 561 ού
2251 507 2357 578 μὴν
2381 507 2480 577 τὴν
2513 505 2641 577 μίαν
2666 504 2829 575 φύσιν
2860 505 2987 576 ἔφη,
3023 505 3139 569 τοῖς
3158 504 3215 558 δὲ
3243 502 3352 573 τῆς
3381 503 3590 574 ψυχῆς·
3632 508 3743 578 ἅμ-

461 608 668 681 quibus
698 609 864 663 homo
893 606 1079 661 diﬂ‘ert
1105 620 1135 660 a
1159 605 1342 660 brutis
1362 603 1716 667 animalibus,
1756 619 1879 673 quae
1914 604 2049 658 solis

2156 617 2358 670 μασιν,
2388 593 2468 662 οἷς
2502 600 2601 652 καὶ
2646 597 2897 669 διαφέρει
2941 597 3224 669 ἄνθρωπος
3259 598 3492 669 κτήνους
3553 599 3646 653 τοῦ
3674 602 3742 653 ὲν

460 700 745 774 corporeis
774 701 957 757 oculis
994 699 1201 754 vident.
1232 700 1380 752 Duas
1419 711 1554 767 ergo
1588 712 1719 751 vere
1746 696 1889 751 dixit
1919 712 2048 751 san—

454 806 582 852 ctus
611 795 771 850 Pater
797 808 918 850 esse
944 792 1213 847 incarnati
1240 789 1405 845 Verbi
1446 798 1707 843 naturas-

832 988 1089 1063 Ejusdem
1105 1006 1169 1044 ex
1208 988 1391 1044 eadem
1430 988 1672 1058 epistola.

534 1109 552 1142 ι
585 1087 959 1149 Adducamus,
993 1083 1193 1153 inquit,
1228 1084 1284 1136 in
1315 1082 1629 1151 exemplum
1662 1080 1910 1135 omnium
1945 1096 2048 1135 ηο-

458 1193 633 1240 strum
671 1180 1043 1248 compositum
1095 1174 1471 1233 individuum,
1511 1186 1623 1242 quo
1653 1172 2050 1227 constituimur

457 1274 751 1329 homines:
780 1275 998 1325 constat
1031 1268 1179 1321 enim
1223 1266 1461 1337 quisque
1497 1274 1748 1319 nostrum
1777 1264 1960 1318 anima
1993 1271 2050 1317 et

454 1379 719 1433 corpore,
776 1360 1173 1429 ccrnimusque
1205 1358 1344 1412 duas
1395 1357 1451 1410 in
1484 1371 1821 1426 unoquoque
1851 1354 2053 1410 indivi-

456 1459 570 1513 duo
598 1464 847 1518 naturas,
872 1452 1122 1522 corporis
1153 1465 1342 1513 unam,
1367 1448 1533 1503 animi
1566 1448 1839 1513 alteram;
1874 1463 2047 1501 unum

456 1561 642 1606 tamen
679 1564 744 1603 ex
795 1546 1087 1614 utriusque
1126 1541 1522 1611 conjunctione
1572 1537 1854 1593 hominem
1898 1552 2047 1592 com-

452 1640 613 1711 poni.
640 1638 831 1707 Neque
858 1636 1001 1690 duos
1030 1633 1286 1687 homines
1319 1628 1709 1701 judicandum,
1752 1634 2047 1696 propterea

457 1732 589 1802 quia
627 1746 694 1785 ex
727 1729 944 1783 duabus
1002 1724 1218 1779 naturis
1260 1720 1610 1777 individuum
1661 1719 2045 1788 componitur;

458 1824 554 1880 sed
576 1837 745 1877 unum
767 1820 1034 1874 duntaxat
1058 1814 1343 1870 hominem
1365 1812 1687 1878 dicendum,
1711 1820 1902 1882 utpote
1928 1826 2050 1866 cor.

456 1930 592 1985 pore
626 1923 682 1968 et
707 1913 892 1967 anima
916 1909 1309 1978 compositum,
1343 1913 1405 1958 ut
1431 1905 1592 1958 initio
1622 1904 1885 1958 diximus.
1932 1922 1949 1955 ι
1980 1932 2048 1942 -

454 2003 540 2059 En
587 2019 781 2058 rursus
827 2010 1016 2075 aperte
1066 1998 1227 2061 dixit,
1281 2011 1454 2050 unum
1506 1995 1860 2049 individuum
1907 1993 2047 2049 duos

457 2096 717 2151 homines
757 2093 995 2166 iudicari
1033 2107 1144 2146 non
1186 2096 1485 2160 oportere;
1523 2103 1635 2142 non
1688 2096 1872 2143 autem
1906 2087 2046 2143 dixit

2146 698 2261 757 τοῖς
2292 695 2385 749 τοῦ
2419 695 2675 765 σώματος
2700 695 2766 763 όμ
2782 711 2949 767 μασιν
2975 696 3135 766 μόνον
3161 695 3451 766 βλέποντος
3471 714 3485 728 ο
3511 697 3607 750 δύο
3627 698 3743 769 ἄρα.

2148 788 2242 842 καί
2272 806 2437 859 φησιν
2463 784 2603 842 εἶναι
2636 790 2664 842 ό
2697 788 2888 859 Πατὴρ
2927 788 3028 852 τὰς
3058 787 3250 857 φύσεις
3296 790 3390 842 τοῦ
3423 789 3600 859 Λόγου
3632 806 3744 844 σεε-

2147 882 2562 952 σαρκωμένου,
2596 881 2836 951 ἀληθῶς.

2330 997 2441 1051 Τοῦ
2476 998 2665 1051 αὑτοῦ
2698 997 2764 1051 ἐκ
2799 993 2909 1063 τῆς
2937 994 3131 1063 αὐτῆς
3167 996 3523 1064 ἐπιστολῆς.

2226 1106 2245 1139 ι
2283 1087 2577 1158 Δεξώμεθα
2609 1090 2747 1158 πρὸς
2776 1088 3131 1159 παράδειγμα
3152 1087 3250 1158 τὴν
3275 1088 3399 1142 καθ’
3453 1090 3604 1160 ἡμᾶς
3640 1090 3748 1143 αύ-

2147 1180 2275 1243 τοὺς
2308 1180 2579 1243 σύνθεσιν,
2604 1180 2805 1251 καθ’ἥν
2830 1181 3000 1251 ἐσμεν
3026 1179 3305 1251 ἄνθρωποι
3329 1196 3342 1210 ·
3377 1180 3748 1251 συντιθέμεθα

2148 1270 2261 1341 γὰρ
2299 1272 2363 1323 ὲκ
2383 1271 2564 1341 ψυχῆς
2595 1270 2690 1324 καὶ
2720 1271 2995 1341 σώματος,
3030 1272 3126 1324 καὶ
3152 1271 3368 1341 ὁρῶμεν
3404 1272 3498 1326 δύο
3521 1272 3742 1340 φύσεις,

2149 1360 2347 1428 ἑτέραν
2372 1360 2471 1430 μὲν
2498 1360 2592 1413 τοῦ
2624 1363 2894 1430 σώματος,
2933 1360 3124 1431 ἑτέραν
3151 1362 3209 1415 δὲ
3241 1363 3339 1433 τῆς
3366 1362 3544 1433 ψυχῆς
3564 1380 3579 1395 ·
3622 1362 3745 1416 ἀλλ’

2148 1450 2210 1513 ἐξ
2239 1452 2442 1520 ἀμφοῖν
2472 1450 2595 1505 καθ’
2625 1452 2839 1519 ἕνωσιν,
2877 1452 3162 1525 ἄνθρωπον
3184 1471 3197 1484 ·
3233 1456 3329 1507 καὶ
3382 1454 3482 1524 ούχ
3531 1455 3616 1508 ὅτι
3674 1455 3748 1515 ὲκ

2148 1540 2242 1595 δύο
2262 1542 2478 1611 φύσεων
2504 1543 2840 1596 συντέθειται
2866 1543 2894 1595 6
2919 1543 3230 1614 ἄνθρωπος,
3279 1544 3374 1598 δύο
3403 1548 3494 1598 τὸν
3519 1544 3618 1598 ἕνα
3648 1561 3749 1598 νοτ

2153 1634 2395 1704 μιστέον,
2428 1632 2546 1688 ἀλλ’
2574 1634 2669 1688 ἕνα
2702 1635 2792 1689 τὸν
2818 1635 2980 1689 αύτδν
3010 1637 3154 1689 κατὰ
3189 1636 3460 1700 σύνθεσιν,
3483 1636 3558 1702 ὠς
3579 1636 3744 1708 ἔφην,

2147 1726 2246 1796 τὴν
2276 1728 2341 1780 ὲκ
2380 1726 2630 1798 σώματος
2659 1727 2754 1780 καὶ
2774 1727 2975 1799 ψυχῆς.
3019 1748 3037 1780 ι
3087 1729 3220 1783 Ἰδοὺ
3253 1730 3415 1784 πάλιν
3453 1730 3640 1803 σαφῶς
3664 1728 3748 1800 μὴ

2149 1817 2243 1871 δύο
2273 1818 2614 1890 ἀνθρώπους,
2644 1819 2733 1873 τὸν
2759 1820 2857 1873 ἕνα
2880 1820 3126 1890 νομίζειν
3160 1821 3332 1891 λέγει,
3374 1822 3497 1893 οὐχὶ
3524 1824 3599 1892 μὴ
3645 1821 3751 1876 δύο

2157 1909 2351 1978 φύσεις
2381 1911 2479 1978 τὴν
2531 1912 2661 1981 μίαν
2712 1911 2876 1979 φύσιν
2936 1911 3254 1980 λογίζεσθαι
3310 1913 3451 1985 ἔφη’
3510 1914 3645 1967 ὅπου
3676 1930 3747 1983 γε

2152 2000 2247 2055 τοῦ
2272 2001 2559 2073 ἀνθρώπου
2590 2004 2709 2057 οὐδὲ
2734 2004 2876 2058 κατὰ
2926 2005 3105 2059 πάντα
3133 2006 3344 2077 ἐλήφθη
3389 2006 3453 2060 τὸ
3480 2007 3751 2077 παράδει-

2152 2110 2290 2163 γμαο

456 2204 714 2249 naturam
747 2203 913 2243 unam
978 2182 1284 2240 existimari
1323 2197 1433 2236 non
1495 2179 1702 2234 debere
1767 2178 1940 2247 duas,
2009 2183 2461 2253 quandoquidem
2510 2201 2613 2241 nec
2660 2185 2972 2256 exemplum
3020 2185 3088 2240 ab
3130 2185 3356 2241 homine
3387 2186 3749 2257 desumptum

459 2286 516 2340 in
542 2284 803 2340 omnibus
831 2279 1090 2351 quadrat.

529 2377 616 2440 At,
636 2373 915 2443 inquiunt,
935 2371 992 2423 in
1028 2366 1275 2423 secundo
1292 2364 1359 2420 ad
1381 2363 1689 2419 Sucensum
1716 2354 2056 2419 commenta-

459 2467 795 2538 rioCyrillus
810 2479 933 2519 cum
960 2462 1237 2517 attulisset
1252 2457 1564 2527 exemplum
1584 2455 1848 2521 hominis,
1871 2456 2053 2510 anima

458 2569 517 2617 et
541 2572 775 2628 corpore
796 2553 1114 2624 compositi,
1140 2565 1402 2620 emresse
1426 2548 1524 2613 ait,
1555 2568 1572 2600 ι
1609 2557 1669 2602 ιιι
1690 2564 1811 2618 quae
1840 2547 2054 2618 pridem

460 2649 573 2704 duo
629 2654 814 2710 erant,
866 2659 977 2698 non
1027 2641 1272 2711 amplius
1318 2639 1429 2693 duo
1484 2638 1621 2693 sint.
1688 2655 1706 2689 ι
1741 2667 1813 2677 --
1846 2637 2051 2692 Verum

458 2757 645 2797 nonne
677 2737 1034 2809 perspicuum
1062 2742 1170 2797 est,
1198 2741 1255 2786 et
1285 2731 1392 2786 hoc
1422 2730 1530 2785 dici
1583 2729 1677 2784 tali
1708 2744 1898 2787 sensu.
1940 2743 2051 2781 non

460 2849 583 2889 esse
612 2831 871 2886 videlicet
896 2829 1037 2883 duos
1064 2825 1341 2887 homines,
1375 2831 1650 2893 quatenus
1674 2820 1741 2874 ad
1774 2821 2053 2890 composi-

460 2934 577 2981 tum
608 2925 790 2994 ipsum
828 2916 1194 2976 referuntur?
1222 2916 1372 2971 Idem
1416 2913 1567 2968 enim
1600 2913 1767 2982 paulo
1800 2910 2058 2981 superius

459 3019 538 3072 ait
575 3035 588 3070 :
626 3034 645 3067 ι
680 3016 827 3070 Duas
858 3013 916 3066 in
941 3013 1062 3079 ipso
1094 3017 1326 3064 naturas
1353 3005 1723 3080 concipimus,
1759 3019 1921 3058 unam
1950 3002 2059 3057 sci—

457 3109 594 3164 licet
622 3106 844 3170 animm,
876 3104 1040 3158 aliain
1055 3101 1341 3172 corporis,
1368 3118 1385 3149 ι
1411 3098 1628 3154 etiamsi
1650 3097 1756 3151 hoc
1774 3095 2056 3166 expressis

2226 2366 2367 2419 Ἀλλ’
2401 2368 2460 2420 ἐν
2488 2367 2567 2438 τῷ
2598 2367 2837 2440 δευτέρῳ
2870 2367 3007 2439 πρὸς
3037 2369 3333 2427 Σούκενσον
3350 2371 3751 2444 ὑπομνηστικῷ

2155 2458 2356 2531 ῥητῶς,
2387 2462 2570 2527 φασὶν,
2594 2463 2621 2513 6
2645 2461 2833 2531 Πατὴρ
2859 2460 3131 2531 Κύριλλος
3167 2463 3382 2535 εἴρηκε,
3411 2465 3472 2518 τὸ
3496 2465 3592 2518 τοῦ
3642 2467 3747 2519 ἀν-

2154 2550 2377 2621 θρώπου
2407 2550 2614 2615 λαϐὼν,
2633 2551 2696 2603 ὲκ
2724 2550 2906 2621 ψυχῆς
2933 2552 3031 2605 καὶ
3057 2551 3308 2621 σώματος
3350 2552 3523 2621 ὄντος,
3560 2554 3750 2624 παρά-

2152 2641 2372 2712 δειγμα,
2406 2659 2424 2693 ι
2459 2642 2624 2695 Ὥστε
2684 2641 2753 2694 τὰ
2794 2640 2886 2693 δύο
2913 2642 3108 2712 μηκέτι
3157 2638 3297 2696 εἶναι
3332 2642 3444 2699 δύο.
3484 2663 3501 2696 ι
3538 2675 3607 2685 -
3632 2645 3750 2698 Καὶ

2154 2734 2270 2796 πῶς
2300 2735 2359 2786 ού
2394 2734 2573 2801 δῆλον,
2610 2732 2685 2795 ὡς
2718 2732 2999 2787 καὶτοῦτο
3027 2732 3202 2797 οὕτως
3245 2734 3418 2804 >έγει,
3447 2737 3684 2801 ὅτι,καθ’
3714 2737 3748 2792 ὃ

2153 2825 2405 2894 γέγοναν,
2438 2826 2537 2879 ούκ
2562 2826 2670 2877 εἰσὶ
2690 2821 2785 2878 δύο
2809 2826 2978 2896 ἤγουν
3001 2825 3279 2897 ἄνθρωποι
3306 2845 3320 2894 ;
3357 2829 3467 2883 ἰδοὺ
3493 2829 3602 2898 γὰρ
3640 2830 3750 2883 αύ-

2153 2917 2245 2980 τδς
2278 2917 2537 2987 ἀνωτέρω
2565 2916 2734 2986 φησί’
2776 2937 2794 2968 ι
2844 2917 2948 2971 Δύο
3000 2919 3099 2987 μὲν
3138 2918 3245 2989 γὰρ
3290 2924 3386 2974 καὶ
3434 2921 3521 2973 ἐπ’
3572 2922 3744 2976 αὐτοῦ

2152 3006 2379 3077 νοοῦμεν
2413 3008 2510 3071 τὰς
2539 3007 2751 3075 φύσεις,
2786 3009 2914 3079 μίαν
2949 3010 3047 3079 μὲν
3067 3011 3265 3082 ψυχῆς,
3292 3014 3484 3084 ἑτέραν
3539 3014 3597 3068 δὲ
3643 3015 3747 3069 τοῦ

2157 3098 2445 3169 σώματος·
2513 3118 2532 3152 ι
2594 3102 2643 3153 εἰ
2677 3101 2768 3152 καὶ
2823 3102 2897 3171 μὴ
2928 3102 3030 3155 ἀνὰ
3065 3104 3230 3174 μέρος
3282 3104 3476 3175 δῆλονο
3513 3106 3749 3178 καὶγὰρ

2466 3191 2545 3212 ’A‘.

458 3200 655 3256 verbis
710 3199 829 3268 ipse
882 3197 1110 3251 minime
1155 3194 1322 3248 dicat.
1368 3191 1572 3247 Subdit
1621 3190 1823 3245 enim:
1872 3206 1891 3239 ι
1943 3186 2052 3243 Sed

2158 3190 2377 3258 ἐπάγει,
2409 3209 2428 3242 ι
2466 3190 2607 3245 Ἀλλ’
2627 3193 2746 3255 ἑνὸς
2762 3188 2903 3246 εἶναι
2925 3193 3176 3263 νοοῦμεν*
3205 3215 3224 3247 ι
3247 3194 3387 3250 ὥστε
3416 3192 3557 3251 οἶδεν
3600 3199 3749 3253 αὐτὰ

465 3292 635 3346 unius
660 3291 779 3345 hare
809 3303 931 3343 esse
964 3286 1346 3357 intelligimus.
1377 3302 1396 3336 ι
1426 3282 1608 3349 Quare
1644 3280 1801 3335 novit
1826 3286 2053 3334 sanctus

460 3383 628 3438 Pater
650 3397 774 3437 esse
797 3381 930 3443 duo,
967 3394 1095 3434 cum
1132 3376 1299 3432 unius
1332 3390 1396 3430 ea
1420 3389 1543 3429 esse
1575 3373 1797 3429 dixerit.
1834 3371 1969 3426 Nam
2004 3370 2051 3424 si

460 3474 761 3545 rspenitus
795 3473 1102 3544 ignorasset
1125 3471 1258 3535 duo,
1310 3482 1599 3538 nunquam
1643 3465 1748 3520 hoc
1796 3463 2049 3528 dixisset,

458 3568 638 3630 unius,
665 3565 881 3620 scilicet
901 3562 1145 3618 hominis
1167 3577 1309 3618 esse.
1332 3560 1453 3616 Non
1472 3559 1713 3629 amplius
1736 3572 1872 3612 vero
1901 3570 2054 3610 man-

459 3666 657 3715 serunt
683 3657 793 3712 duo
818 3696 833 3721 ,
864 3656 971 3711 hoc
1020 3662 1140 3721 est,
1177 3653 1414 3710 seorsim
1446 3665 1621 3705 unum
1675 3648 1747 3704 ab
1785 3648 1894 3703 alio
1921 3662 2052 3703 vere

459 3767 573 3808 non
608 3750 944 3815 subsistunt,
974 3750 1070 3803 sed
1100 3746 1474 3817 compositum
1505 3758 1705 3807 unum,
1724 3742 1938 3796 scilicet
1958 3740 2055 3795 ho-

457 3845 666 3899 minem
698 3841 1002 3899 conﬁciunt
1030 3858 1044 3895 :
1077 3836 1536 3910 quandoquidem
1569 3848 1740 3889 unum
1769 3832 1904 3904 quid
1930 3847 2053 3888 esse

454 3943 787 4002 cernuntur,
801 3934 1327 4005 concipiunturque.
1347 3927 1638 3996 Quomodo
1657 3929 1805 3982 enim
1826 3940 2050 3995 corpus,

451 4039 515 4086 et
549 4030 787 4084 animam
830 4027 886 4081 in
924 4043 992 4081 eo
1038 4024 1245 4080 servari
1296 4021 1403 4077 diei
1446 4020 1674 4092 poterit,
1700 4018 1747 4074 si
1789 4018 1900 4073 duo
1945 4031 2054 4071 non

452 4126 591 4176 sunt
618 4117 898 4189 amplius?
921 4115 1252 4184 Quanquam
1275 4113 1346 4168 de
1369 4112 1595 4168 Christo
1612 4112 1854 4180 loquens
1878 4106 2056 4161 utitur

454 4208 705 4265 hominis
737 4206 1020 4276 exemplo,
1052 4203 1278 4259 ratione
1307 4201 1500 4256 habita
1528 4215 1643 4255 non
1689 4206 1928 4260 naturae,
1956 4194 2055 4250 sed

453 4298 863 4356 subsistentia.
909 4294 1149 4351 Disserit
1183 4292 1338 4348 enim
1379 4298 1572 4346 contra
1599 4287 2055 4356 Nestorium,qui

446 4389 854 4446 ‘subsistentias
882 4387 1023 4443 duas
1059 4388 1117 4441 in
1145 4385 1266 4455 ipso
1302 4382 1532 4439 Christo
1566 4380 1873 4436 astruebat.
1921 4380 2055 4434 Ete-

455 4484 574 4540 nim
607 4485 652 4538 si
686 4485 753 4539 de
783 4481 1011 4538 Christo
1044 4486 1329 4548 sumptum
1358 4474 1560 4531 fuisset
1597 4472 1841 4528 hominis
1868 4487 2056 4526 exem-

2156 3290 2250 3343 δύο
2270 3293 2326 3344 ὲν
2350 3290 2427 3360 τῷ
2455 3288 2598 3344 εἶναι
2628 3291 2766 3344 αὐτὰ
2808 3291 2925 3355 ἑνός
2949 3308 2965 3324 ο
3000 3292 3062 3345 ού
3091 3293 3201 3387 γὰρ
3254 3292 3322 3347 ἂν
3371 3293 3497 3364 ἔφη,
3529 3294 3747 3367 μήποτε

2155 3382 2312 3445 εἰδὼς
2366 3382 2465 3453 τὴν
2491 3383 2679 3448 δυάδα,
2726 3384 2807 3448 τὸ,
2839 3383 2977 3438 ἀλλ’
3009 3382 3175 3453 ἐνὸς,
3201 3385 3297 3439 τοῦ
3327 3386 3620 3457 ἀνθρώπου
3665 3387 3752 3451 ὡς

2154 3477 2362 3529 ἕκαστα
2389 3476 2603 3546 ἔχοντος
2623 3492 2635 3505 ·
2660 3475 2843 3530 οὐκέτι
2871 3475 2927 3529 δὲ
2962 3476 3146 3547 ἔμεινε
3174 3477 3287 3543 δύο,
3328 3481 3574 3533 τουτέστι
3642 3479 3751 3551 μό-

2155 3584 2245 3620 νον
2268 3568 2364 3620 ttat
2387 3567 2571 3630 ἁπλῶς
2597 3567 2748 3633 ὄντα,
2777 3568 2913 3622 ἀλλὰ
2952 3571 3047 3623 καὶ
3076 3568 3145 3624 ἓν
3206 3588 3259 3624 τι
3317 3571 3620 3644 ποιήσαντα
3648 3570 3748 3626 τὸν

2155 3658 2482 3729 ἄνθρωπον·
2530 3659 2628 3712 καὶ
2668 3658 2727 3712 ἓν
2765 3677 2818 3713 τι
2874 3659 2983 3730 γὰρ
3027 3661 3260 3731 ὁρῶνται
3299 3661 3397 3715 καὶ
3455 3661 3744 3716 νοοῦνται·

2155 3750 2280 3803 ἐπεὶ
2305 3749 2423 3813 πῶς
2451 3750 2500 3802 εἰ
2542 3749 2717 3820 πάντη
2744 3750 2846 3803 οὐκ
2884 3752 2990 3805 εἰσὶ
3013 3751 3128 3814 δύο,
3166 3753 3317 3824 ψυχὴ
3356 3752 3437 3806 ἔτι
3480 3753 3598 3807 ἐστὶ
3644 3754 3747 3809 καὶ

2158 3838 2320 3909 σῶμα
2356 3838 2660 3911 σωζόμενα,
2692 3840 2843 3911 ὅμως
2878 3842 2973 3894 ἐπὶ
3016 3844 3286 3913 Χριστοῦ,
3318 3846 3439 3899 οὐδὲ
3490 3845 3633 3900 κατά
3650 3847 3747 3900 τὸν

2155 3931 2256 4001 τῆς
2277 3930 2491 3999 φύσεως
2536 3931 2716 3999 λόγον,
2748 3932 2885 3986 ἀλλὰ
2930 3934 3071 3988 κατὰ
3120 3935 3213 3988 τὸν
3260 3936 3360 4006 τῆς
3388 3938 3746 4002 ὑποστάσεως

2159 4022 2420 4093 εἴληπται
2454 4022 2603 4094 αύτῷ
2624 4023 2686 4077 τὸ
2726 4025 3085 4097 παράδειγμα
3106 4044 3121 4057 ·
3144 4027 3282 4099 πρὸς
3311 4027 3609 4100 Νεστόριον
3646 4028 3746 4083 δύο

2156 4114 2255 4177 τὰς
2279 4114 2609 4178 ὑποστάσεις
2643 4115 2807 4168 αὐτοῦ
2833 4116 3061 4185 λέγοντα
3092 4118 3309 4189 εἴρηται
3330 4134 3345 4151 ο
3397 4120 3446 4172 εξ
3499 4118 3609 4190 γὰρ
3645 4120 3746 4174 καὶ

2159 4205 2373 4274 φύσεως
2406 4206 2550 4277 λόγῳ
2572 4206 2829 4277 εἴληπται
2857 4206 2920 4260 τὸ
2950 4208 3303 4280 παράδειγμα
3326 4209 3419 4264 τοῦ
3451 4211 3745 4283 ἀνθρώπου

2157 4297 2249 4351 ἐπὶ
2278 4297 2539 4367 Χριστοῦ,
2587 4296 2698 4367 ἄρα
2747 4299 2843 4352 καὶ
2871 4299 2993 4352 ἐπεὶ
3013 4300 3117 4353 οὐκ
3145 4301 3211 4354 ὲκ
3269 4302 3744 4373 προῦπαρχουσῶν

2155 4386 2250 4451 δύο
2272 4387 2494 4456 φύσεων
2516 4389 2545 4440 6
2580 4387 2755 4457 Ἀδὰμ
2782 4386 2964 4459 ψυχῆς
2995 4390 3090 4443 καὶ
3122 4391 3399 4461 σώματος,
3426 4393 3547 4446 οὐδὲ
3572 4396 3600 4446 6
3623 4393 3743 4446 Κύ-

2163 4496 2276 4550 ριος
2298 4482 2361 4534 ἐκ
2393 4478 2490 4534 δύο
2530 4479 2750 4548 φύσεων
2778 4495 2793 4509 ο
2825 4480 2905 4534 ἔτι
2948 4481 3055 4554 μὴν
3082 4484 3109 4535 6
3138 4483 3334 4551 Λόγος,
3367 4487 3459 4536 καὶ
3491 4486 3599 4555 πρὸ
3639 4484 3742 4555 τῆς

454 4579 610 4648 plum
668 4577 881 4631 ratione
928 4574 1118 4629 habita
1151 4570 1319 4625 etiam
1363 4577 1611 4632 natum;
1646 4564 1898 4635 nunquid
1923 4564 2052 4632 quia

2160 4572 2392 4642 σαρκόςο
2428 4570 2521 4625 τοῦ
2549 4571 2605 4624 δὲ
2651 4571 2943 4645 ἀνθρώπου
2989 4574 3143 4628 οῦδὲν
3200 4575 3370 4647 μέρος
3401 4575 3494 4630 τοῦ
3550 4575 3742 4647 ἑτέρου

454 4652 635 4727 Ἀάοῐῐι
679 4686 748 4725 ex
779 4669 998 4724 duabus
1034 4660 1555 4736 praeexsistentibus
1592 4657 1832 4721 naturis,
1858 4658 2056 4711 animae

452 4771 517 4818 et
543 4762 817 4831 corporis,
856 4776 968 4815 non
1012 4755 1286 4819 constitit,
1318 4752 1466 4808 idem
1508 4750 1677 4805 etiam
1721 4748 1789 4805 de
1819 4748 2055 4803 Domino

452 4853 847 4910 censendum?
896 4850 1066 4920 Atqui
1134 4847 1380 4902 Verbum
1436 4841 1725 4914 praecessit
1773 4856 2051 4907 carnem;

456 4944 706 5000 hominis
729 4953 924 5000 contra
942 4942 1094 4996 nulla
1113 4954 1242 5010 pars
1264 4937 1423 4992 aliam
1445 4934 1796 5006 praecessisse
1825 4933 2051 4988 dicitur.

457 5034 639 5091 Homo
658 5046 925 5106 praeterea
945 5030 1121 5087 dividi
1144 5044 1364 5098 semper
1376 5034 1558 5097 potest
1583 5028 1638 5079 in
1656 5036 1881 5080 naturas
1902 5038 2050 5088 suas,

457 5135 517 5183 et
546 5126 826 5181 interdum
856 5125 1022 5179 etiam
1053 5122 1236 5191 reipsa
1261 5118 1570 5184 dividitur;
1611 5116 1863 5187 nunquid
1905 5116 2051 5171 idem

460 5219 696 5273 audebit
723 5227 781 5273 et
829 5216 898 5270 de
929 5214 1152 5269 Christo
1197 5212 1470 5266 allirmare
1510 5208 1604 5279 qui
1630 5225 1741 5264 non
1777 5209 1849 5263 sit
1892 5209 2053 5278 plane

460 5310 788 5381 desipiens?
814 5307 960 5375 Quid
997 5322 1130 5377 ergo
1168 5320 1270 5361 nos
1301 5304 1501 5375 cogitis
1532 5305 1805 5374 recipere,
1837 5311 1893 5357 et
1924 5317 2055 5371 pro-

412 5434 419 5439 -
462 5402 596 5457 bare
640 5403 876 5465 dictum,
926 5400 995 5455 ad
1046 5397 1467 5454 subsistentiam
1495 5395 1756 5459 relatum,
1787 5394 1944 5463 quasi
1981 5392 2051 5447 de

461 5502 662 5548 natura
690 5495 812 5563 ipsa
847 5502 1107 5562 tanquam
1135 5489 1494 5545 subsistentia
1518 5485 1944 5559 intelligendum
1975 5484 2055 5538 vi-

2154 4664 2537 4734 προϋπάρχειν
2557 4663 2798 4736 εἴρηται.
2828 4666 2952 4720 Ἔτι
2976 4668 3005 4720 6
3032 4667 3325 4739 ἄνθρωπος
3344 4669 3571 4741 δυνάμει
3601 4671 3744 4725 διαι-

2158 4753 2309 4823 ρετὸς
2366 4755 2446 4817 εἰς
2496 4755 2593 4818 τὰς
2643 4756 2810 4809 αὐτοῦ
2861 4758 2956 4811 δύο
3016 4757 3210 4828 φύσεις
3258 4761 3410 4814 ἐστὶν
3443 4761 3552 4829 ἀεὶ,
3602 4760 3744 4814 ἀλλὰ

2153 4844 2250 4897 καὶ
2271 4845 2523 4917 ἐνεργείᾳ
2566 4847 2698 4900 ποτέ
2720 4863 2735 4879 ο
2764 4843 2874 4920 ἆρα
2925 4848 3020 4903 οὖν
3048 4850 3144 4905 καὶ
3181 4852 3273 4905 ἐπὶ
3304 4851 3544 4924 Χριστοῦ
3594 4854 3741 4908 εῐποι

2152 4951 2233 4999 τις
2257 4938 2385 4989 τάδε
2415 4937 2490 5008 μὴ
2516 4940 2884 5010 παραφρονῶν
2904 4957 2919 5004 ;
2939 4940 3063 5004 Πῶς
3092 4938 3187 4996 οὖν
3209 4942 3270 4996 τδ
3294 4947 3417 4998 καθ’
3438 4945 3741 5000 ὑπόστασιν

2159 5028 2383 5099 ληφθὲν,
2420 5030 2517 5084 καί
2550 5048 2699 5093 ποτε,
2733 5032 2814 5097 εις
2849 5033 3011 5101 φύσιν
3059 5035 3161 5104 τὴν
3189 5035 3265 5099 ὡς
3308 5037 3606 5092 ὑπόστασιν
3643 5040 3742 5091 καὶ

2152 5122 2323 5193 αὐτὴν
2363 5122 2692 5194 λεγομένην,
2733 5125 2814 5188 εἰς
2863 5125 3054 5189 οὐσίας
3091 5128 3443 5198 παράδειγμα
3485 5128 3741 5198 βιάζεσθε

2152 5214 2368 5276 πάντως
2416 5213 2718 5284 λαμϐάνειν
2747 5218 2934 5286 ήμᾶς;
2986 5217 3201 5289 Δέδειχε
3229 5218 3359 5287 γοῦν
3384 5219 3480 5272 καὶ
3528 5220 3586 5271 ὲν
3626 5223 3742 5284 τοῖς

2152 5303 2611 5375 Ἐπιχειρήμασιν
2635 5308 2728 5359 ἐπὶ
2754 5307 2994 5379 Χριστοῦ
3016 5308 3076 5361 τὸ
3109 5309 3241 5380 μίαν
3272 5309 3452 5379 λέγειν
3483 5309 3665 5380 φύσιν,
3690 5313 3741 5365 εἰ

2152 5397 2249 5449 καὶ
2300 5396 2447 5451 ἐστιν
2471 5399 2647 5452 εἰπεῖν
2677 5400 2764 5451 ἐπ’
2798 5399 3089 5469 ἀνθρώπου
3124 5403 3277 5472 μίαν,
3297 5405 3326 5456 6
3355 5404 3512 5472 λόγος
3543 5402 3739 5458 ἀδύνα-

2152 5503 2267 5540 τον.

461 5584 703 5640 deatur?
726 5584 949 5639 Veritus
981 5597 1113 5652 ergo
1140 5590 1229 5636 est
1274 5588 1501 5634 sanctus
1546 5577 1711 5632 Pater
1754 5584 1811 5630 et
1855 5575 1912 5629 in
1941 5574 2058 5628 suis
2095 5574 2618 5645 Epicherematibus
2649 5592 2817 5633 unam
2845 5578 2915 5635 de
2976 5577 3200 5635 Christo
3252 5580 3554 5651 praedicare
3579 5589 3742 5639 natu-

464 5695 604 5743 ram,
625 5693 750 5733 cum
776 5678 883 5732 hoc
901 5678 968 5732 de
994 5677 1219 5731 homine
1242 5674 1515 5729 aﬂirmare
1536 5669 1740 5725 liceat?
1765 5669 1878 5724 Hoc
1898 5678 2050 5724 certe
2089 5670 2197 5727 dici
2233 5670 2448 5741 nequit.

533 5772 717 5827 Multis
768 5772 824 5826 in
864 5772 1020 5835 locis,
1065 5769 1270 5840 inquit,
1305 5767 1497 5822 videre
1545 5774 1630 5819 est
1666 5764 1935 5835 Cyrillum
1965 5764 2050 5819 of-

463 5861 616 5917 fendi
655 5878 786 5918 voce
822 5863 1048 5935 duplicis
1080 5878 1097 5916 :
1130 5867 1340 5929 quanto
1388 5868 1522 5911 vero
1563 5854 1738 5924 magis
1778 5853 1830 5910 ei
1863 5853 2058 5924 displi-

2244 5766 2333 5819 Ἐν
2368 5766 2603 5831 πολλοῖς,
2670 5767 2855 5836 φασιν,
2917 5767 3248 5840 εὑρίσκομεν
3289 5769 3744 5843 ἀπαρεσκόμενον

2164 5856 2254 5910 τὸν
2278 5856 2498 5929 Πατέρα
2551 5856 2837 5929 Κύριλλον,
2867 5860 2962 5915 καὶ
2992 5861 3057 5930 τῇ
3092 5860 3200 5917 τοῦ
3224 5859 3444 5941 διπλοῦ
3473 5863 3743 5936 ὀνομασία
