4034 6402
282 344 409 414 1861

280 462 367 516 hri
391 458 490 514 τοῦ
516 457 756 530 Κυρέου,
793 457 950 529 πόσῳ
978 472 1042 526 γε
1071 452 1273 527 μᾶλλον
1302 453 1368 523 τῇ
1394 451 1513 506 τῶν
1539 451 1650 506 δύο
1682 453 1834 522 φωνῇ
1862 467 1876 515 ;
1905 479 1958 539 Α

280 583 347 598 --
376 555 525 623 Ἀρα
554 547 653 606 οῦν
680 548 928 613 ἐναντίος
954 545 1246 618 Γρηγορίῳ
1280 543 1360 615 τῷ
1401 542 1665 605 πολλάκις
1712 558 1883 596 κατα-

281 643 616 717 κεχρημὲνῳ
646 642 781 714 τῇδέ
806 645 979 695 ἐστιν.
1015 637 1326 705 Ἀπεστάλη
1350 635 1480 703 γὰρ,
1530 635 1717 704 φησὶν,
1767 632 1882 686 ἀλλ’

281 740 352 802 ὡς
375 737 705 808 ᾶδθρωπος·
729 732 958 795 διπλοῦς
1011 730 1122 800 γὰρ
1161 724 1252 802 ἧν.
1295 746 1314 779 ι
1346 726 1478 789 Καὶ,
1513 744 1531 776 ι
1566 722 1756 794 Πατὴρ
1813 721 1877 774 οὐ

278 831 370 886 τοῦ
390 830 707 902 ὁρωμένου,
725 826 822 880 τοῦ
847 826 1143 894 νοουμένου
1163 822 1241 875 δέ·
1265 820 1487 889 καὶγὰρ
1510 813 1576 888 ἦν
1590 814 1831 878 διπλοῦς.
1857 832 1875 865 ι

279 926 387 979 Καὶ
412 922 569 978 ἄλλοι
585 922 646 976 δὲ
669 922 919 974 πλεῖστοι
949 918 1057 970 τῶν
1100 913 1243 969 Πατέ
1252 930 1359 984 ρων
1386 911 1457 964 τὰ
1477 909 1641 980 ὅμοιά
1670 924 1836 977 φασιν
1859 922 1875 938 ο

278 1012 313 1088 ἦ
342 1015 524 1086 δῆλον,
558 1014 645 1067 ὃτι
677 1012 776 1083 μὲν
808 1007 1035 1071 διπλοῦς
1073 1006 1215 1059 κατὰ
1245 1007 1344 1067 τὰς
1374 1001 1566 1072 φύσεις
1591 996 1662 1068 ἦν
1682 1041 1697 1065 ,
1740 999 1872 1069 ἔφη.

282 1108 398 1161 Ὅτι
426 1105 486 1159 δὲ
519 1104 584 1158 οὐ
630 1101 861 1166 διπλοῦς
896 1098 1135 1171 Χριστὸς
1165 1097 1200 1168 ἦ
1242 1095 1369 1158 Υἱὸς
1416 1092 1596 1165 ὀρθῶς
1630 1091 1875 1159 λέγεται,

282 1196 551 1267 Κύριλλος
578 1196 610 1248 6
657 1194 854 1261 Πατήρ
886 1205 1053 1263 φησιο
1081 1188 1239 1242 τοῦτο
1277 1187 1387 1257 γὰρ
1424 1183 1721 1254 Νεστόριος
1754 1182 1879 1233 ἑπι-

282 1291 424 1342 νοεῖυ
458 1290 511 1340 εἰ
539 1286 655 1357 γὰρ
679 1284 744 1338 τὸ
796 1283 940 1338 κατὰ
986 1279 1151 1351 φύσιν
1201 1275 1424 1331 διπλοῦν
1466 1275 1568 1328 οὐκ
1609 1271 1876 1343 ἐγκρίνει,

282 1377 394 1441 πῶς
418 1377 519 1430 καὶ
547 1376 718 1438 αὒτδς
740 1373 848 1444 ἔφη
878 1373 937 1425 ὲν
960 1371 1041 1441 τῷ
1064 1368 1207 1424 κατὰ
1238 1367 1539 1444 Ματθαῖον,
1573 1382 1593 1415 ι
1635 1363 1698 1416 ὐ
1755 1376 1885 1414 στα-

280 1469 382 1541 τὴρ
426 1471 457 1522 6
494 1467 761 1537 ἀληθινὸς
826 1465 923 1519 καὶ
951 1465 1144 1535 νοητὸς
1170 1461 1264 1516 καὶ
1302 1459 1381 1524 ὡς
1413 1461 1471 1512 ὲν
1522 1456 1678 1526 τύπῳ
1714 1453 1793 1525 τῷ
1822 1451 1881 1520 ἐξ

282 1560 411 1630 ὕλης
436 1559 760 1631 νοοῦμενος,
796 1547 954 1618 οὗτος
977 1559 1124 1608 ἐστιν
1165 1555 1193 1606 6
1218 1551 1424 1623 Κύριος
1466 1547 1628 1619 ἡμῶν
1670 1542 1881 1616 Ἰησοῦς

280 1652 537 1724 Χριστὸς,
568 1651 600 1702 6
626 1646 854 1712 διπλοῦς
873 1646 1199 1717 χαρακτήρ;
1234 1661 1254 1693 ι

1475 338 1773 403 CONTRA
1812 330 2414 400 MONOPHYSITAS.

3423 334 3564 398 1869

1978 466 2104 507 cere
2132 465 2325 506 vocem
2366 450 2595 504 duorum
2619 446 3023 520 judicandum?
3047 476 3118 487 —
3145 445 3403 516 Nunquid
3433 463 3566 519 ergo

1979 539 2219 612 Cyrillus
2247 539 2581 595 adversatur
2638 540 2742 595 hac
2775 555 2835 595 re
2863 538 3155 610 Gregorio,
3184 536 3278 607 qui
3314 553 3452 594 voce
3483 539 3566 594 .lla

1978 634 2182 703 passim
2240 632 2455 687 utitur?
2498 650 2519 684 ι
2574 631 2774 686 Missus
2807 631 2957 687 enim
3005 631 3145 695 fuit,
3204 630 3419 699 inquit,
3467 629 3565 684 sed

1976 732 2251 794 quatenus
2305 724 2507 789 homo;
2544 731 2671 778 erat
2715 722 2865 777 enim
2927 722 3151 792 duplex.
3212 739 3231 773 ι
3267 721 3335 776 Ει
3375 721 3506 775 alibi
3547 737 3562 774 :

1985 829 2004 862 ι
2034 811 2214 874 Pater,
2246 810 2343 873 ait,
2379 825 2488 863 non
2522 811 2644 881 ejus
2685 810 2833 880 quod
2867 812 3047 866 oculis
3082 810 3438 874 cernebatur,
3469 809 3566 865 sed

1977 901 2131 957 illius
2156 901 2305 972 quod
2351 910 2534 956 mente
2573 902 3007 972 percipiebatur.
3048 921 3066 953 ι
3118 902 3271 957 Idem
3327 902 3566 955 aliirma-

1983 1001 2117 1047 runt
2141 1004 2195 1048 et
2231 993 2322 1047 alii
2363 994 2538 1048 sancti
2565 993 2758 1048 Patres
2782 994 2923 1048 bene
2948 994 3130 1049 multi.
3156 995 3361 1049 Verum
3389 993 3569 1048 enim-

1982 1098 2120 1139 vero
2162 1084 2443 1153 duplicem
2489 1098 2616 1137 eum
2653 1083 2823 1137 fuisse
2864 1092 3088 1138 sanctus
3131 1084 3294 1139 Pater
3343 1083 3564 1145 asserit,

1984 1173 2130 1244 quod
2161 1174 2228 1228 ad
2254 1183 2481 1229 naturas
2508 1174 2726 1239 attinet,
2772 1173 2827 1227 id
2860 1173 3011 1243 quod
3041 1173 3333 1227 manifeste
3368 1173 3564 1242 liquet.

1984 1265 2144 1332 Quod
2178 1272 2361 1319 autem
2392 1265 2678 1320 contendit
2721 1264 2977 1336 Cyrillus,
3022 1272 3128 1328 est,
3159 1264 3267 1317 dici
3311 1263 3569 1316 videlicet

1980 1372 2092 1412 non
2142 1372 2304 1428 posse
2354 1356 2657 1422 Christum,
2713 1357 2914 1412 Filium
2948 1371 3070 1411 esse
3109 1355 3415 1424 duplicem;
3463 1352 3570 1406 hoc

1980 1450 2130 1504 enim
2164 1457 2415 1504 autumat
2435 1440 2743 1505 Nestorius.
2776 1449 2914 1503 Nam
2945 1448 2989 1503 si
3018 1446 3242 1514 duplicis
3271 1459 3465 1499 vocem
3499 1442 3570 1498 de

1979 1552 2176 1596 natura
2210 1541 2561 1612 praedicatam
2605 1543 2653 1596 is
2699 1540 2927 1596 omnino
2977 1538 3331 1610 rejiciendam
3374 1542 3567 1606 putat,

1977 1633 2255 1704 quomodo
2275 1643 2332 1688 et
2361 1634 2477 1704 ipse
2514 1631 2661 1689 Com.
2700 1634 2757 1688 in
2797 1632 3128 1695 Mattlurum,
3175 1630 3294 1684 ait:
3332 1646 3350 1679 ι
3388 1627 3571 1682 Stater

279 1719 464 1810 verus,
515 1751 575 1797 et
625 1740 1016 1811 intelligibilis,
1051 1731 1549 1806 et'quodammodo
1596 1731 1653 1785 in
1694 1731 1873 1802 lignea
1910 1727 2085 1783 forma
2118 1737 2439 1798 conceptus,
2461 1728 2553 1783 hic
2573 1739 2659 1783 est
2680 1729 2947 1783 Dominus
3001 1736 3187 1781 noster
3207 1724 3369 1779 Jesus
3412 1719 3575 1776 Chri-

279 1844 398 1893 stus
416 1836 632 1907 duplex
657 1834 860 1889 forma.
899 1851 919 1886 ι

278 1973 595 2043 Κυρίλλου
623 1972 696 2027 ἐκ
723 1970 843 2025 τῶν
868 1971 1022 2039 πρὸς
1041 1969 1149 2035 τὰς
1171 1966 1425 2035 ἀπορίας
1454 1963 1877 2030 ὐπαντήσεων.

358 2107 380 2141 ι
423 2089 518 2142 Ἐν
552 2088 787 2157 ἰδιότητι
831 2087 899 2156 τῇ
937 2085 1079 2138 κατὰ
1119 2082 1283 2152 φύσιν
1319 2080 1588 2153 ἐκατέρου
1626 2079 1884 2150 μένοντός

279 2200 341 2237 τε
380 2180 479 2237 καὶ
510 2179 838 2249 νοουμένου,
881 2175 1029 2231 κατά
1056 2191 1120 2242 γε
1154 2173 1246 2227 τὸν
1278 2173 1482 2244 ἀρτίως
1524 2174 1657 2243 ἡμῖν
1686 2159 1888 2226 ἀποδοί

282 2273 445 2327 θέντα
488 2270 681 2338 λόγον,
711 2267 970 2339 ἀρρήτως
1016 2267 1110 2320 καὶ
1152 2265 1448 2336 ἀφράστως
1488 2263 1711 2325 ἑνωθεὶς
1754 2262 1885 2334 μίαν

283 2367 415 2438 ἡμῖν
450 2362 667 2428 εδειξεν
716 2360 850 2415 Υῑοῦ
895 2358 1080 2427 φύσιν,
1110 2358 1250 2428 πλὴν
1303 2356 1773 2426 σεσαρκωμένηνο
1820 2355 1883 2409 οὐ

280 2456 392 2525 γὰρ
434 2453 538 2505 ἐπὶ
591 2450 775 2521 μόνων
831 2447 942 2502 τῶν
995 2446 1185 2501 ἁπλῶν
1218 2445 1358 2499 κατὰ
1407 2444 1505 2516 τὴν
1533 2443 1698 2512 φύσιν
1727 2442 1788 2496 τὺ
1827 2442 1886 2496 ἓν

281 2541 506 2613 ἀληθῶς
551 2539 798 2606 λέγεται.
830 2555 851 2589 ι
904 2537 1060 2601 Ἰδοὺ,
1119 2535 1278 2605 φασὶ,
1336 2533 1434 2588 τοῦ
1474 2534 1625 2598 Υἱοῦ,
1676 2534 1735 2597 ὃς
1768 2534 1888 2586 ἐστι

282 2632 553 2704 Χριστὸς,
608 2629 739 2699 μίαν
773 2627 938 2697 φύσιν
990 2626 1122 2698 ἔφη.
1155 2654 1225 2668 -
1269 2625 1432 2680 Ἀλλὰ
1464 2626 1559 2679 καὶ
1592 2623 1653 2677 τὸ
1684 2623 1889 2692 ὲπαγόρ

285 2742 452 2797 μενον
501 2721 871 2792 συνάψαντες,
921 2719 1370 2791 διακρινέτωσαν,
1398 2718 1448 2770 εἰ
1493 2715 1671 2788 ὀρθῶς
1695 2714 1886 2769 συλλοο

285 2816 570 2884 γεζονταιο
603 2814 658 2867 ει
691 2812 803 2884 γὰρ
846 2810 910 2865 τδ
959 2810 1058 2865 τοῦ
1093 2809 1228 2864 Υίοῦ
1276 2809 1453 2879 ὄνομα
1502 2808 1600 2862 καὶ
1649 2807 1757 2875 πρὸ
1790 2807 1891 2878 τῆς

286 2905 641 2978 σαρκώσεως
673 2903 1014 2974 τεταγμένον
1063 2903 1184 2956 ἀντὶ
1234 2900 1330 2955 τοῦ
1368 2898 1610 2972 Χριστοῦ
1645 2899 1886 2969 εἴρηται,

285 2998 489 3052 οὑτωσὶ
522 2995 931 3066 φρασθήσεται,
974 2994 1104 3064 μίαν
1139 2993 1274 3062 ἡμῖν
1304 2989 1475 3054 ἔδειξε
1514 2988 1754 3060 Χριστοῦ
1784 2986 1890 3057 φύ-

290 3105 399 3153 σιν,
435 3088 585 3156 πλὴν
636 3085 1090 3159 σεσαρκωμένηψ
1117 3083 1279 3137 τοῦτο
1331 3082 1388 3136 δὲ
1436 3081 1469 3154 ἢ
1517 3081 1597 3144 ὡς
1643 3080 1889 3148 άσάρκου

290 3178 537 3250 Χριστοῦ
571 3179 880 3249 δυναμένου
935 3175 1231 3246 ληφθῆναι,
1280 3172 1474 3243 ῶσπερ
1507 3172 1885 3242 άνεπινόητον·

290 3270 324 3342 ἢ
354 3270 432 3334 ὡς
466 3270 568 3324 καὶ
601 3269 742 3340 πρὸς
781 3269 912 3340 τῇδε
940 3269 1004 3337 τῇ
1039 3268 1141 3336 μιᾷ
1173 3264 1340 3318 αὑτοῦ
1373 3263 1554 3333 φύσει,
1589 3262 1684 3317 καὶ
1713 3263 1892 3332 σάρκα
1918 3303 1960 3363 c

291 3360 745 3432 luavﬁuaattévou
789 3357 1052 3430 Χριστοῦ·
1079 3357 1234 3411 ἔσται
1269 3352 1362 3409 οῦν
1409 3356 1474 3409 ὲκ
1503 3355 1669 3423 λόγου
1695 3371 1756 3408 τε
1797 3354 1893 3408 καὶ

295 3458 498 3528 σαρκὸς
532 3458 631 3510 καὶ
653 3454 849 3525 ἑτέρας
883 3451 1102 3521 φύσεως
1132 3449 1337 3521 σαρκὸς
1361 3449 1439 3503 ὢν
1462 3451 1491 3503 6
1522 3447 1781 3518 Χριστός·
1807 3447 1903 3501 καὶ

291 3550 356 3603 οὐ
389 3550 559 3619 μόνον
590 3547 689 3601 δύο
731 3545 924 3615 φύσεις
957 3542 1169 3608 ἁπλῶς,
1211 3541 1333 3596 ἀλλ’
1363 3543 1429 3596 ἐκ
1484 3544 1617 3612 μιᾶς
1660 3540 1761 3611 μὲν
1799 3540 1901 3612 τῆς

293 3640 443 3703 θείας
464 3638 678 3710 ἁπλῆς,
711 3640 779 3691 ὲκ
811 3635 907 3690 δύο
930 3634 988 3689 δὲ
1019 3632 1312 3699 συνθέτων,
1338 3633 1509 3702 ἧγουν
1534 3632 1644 3685 τῶν
1675 3629 1892 3700 ἀνθρω-

291 3734 469 3787 πίνων
499 3716 813 3800 νοούμένος,
845 3730 910 3782 ἐκ
931 3726 1102 3799 τριῶν
1128 3743 1190 3781 τε
1218 3727 1437 3795 φύσεων
1463 3723 1759 3795 λεγόμενος
1779 3723 1892 3776 λοι-

294 3823 414 3877 πόνι
442 3821 605 3875 οὐδὲν
627 3820 687 3874 δὲ
714 3813 880 3891 ἦττον
906 3818 1005 3872 καὶ
1035 3814 1133 3870 δύο
1157 3810 1348 3886 φύσεις
1378 3817 1444 3869 ἐκ
1481 3816 1612 3885 μιᾶς
1637 3813 1736 3884 τῆς
1765 3808 1894 3866 καθ’

291 3915 438 3985 alia;
455 3912 707 3984 Χριστοῦ
734 3911 972 3981 φύσεως.
989 3910 1203 3981 καὶ-τῆς
1232 3905 1656 3979 ἑπεισαχθεισης
1669 3902 1894 3976 Χριστῷ

294 4003 440 4072 μετὰ
469 4002 578 4073 τὴν
602 4000 869 4070 δευτέραν
899 4001 1181 4073 σάρκωσιν
1211 3998 1380 4054 αὐτοῦ
1411 3998 1616 4070 σαρκὸς
1653 3994 1891 4066 φύσεως.

2232 1953 2424 2027 Cyrilli
2448 1970 2511 2008 ea:
2535 1952 2958 2024 responsionibus
2995 1948 3064 2004 ad
3090 1947 3313 2018 objecta.

2061 2087 2081 2120 ι
2118 2066 2178 2123 In
2212 2053 2552 2137 proprietate
2581 2080 2695 2121 suae
2723 2073 2932 2118 naturae
2967 2069 3203 2129 utroque
3229 2065 3483 2112 manente
3511 2063 3570 2110 et

1982 2157 2285 2222 intellecto,
2306 2155 2580 2220 Christus,
2606 2164 2667 2209 ut
2684 2155 2795 2225 jam
2817 2152 3077 2216 diximus,
3106 2164 3309 2204 arcano
3329 2147 3569 2218 quodam

1982 2259 2038 2306 et
2070 2248 2335 2304 ineffabili
2375 2247 2538 2302 modo
2571 2248 2919 2316 conjunctus,
2969 2258 3135 2297 unam
3183 2241 3346 2296 nobis
3381 2239 3568 2294 visen-

1985 2341 2112 2398 dam
2164 2340 2403 2412 praebuit
2452 2348 2728 2401 naturam,
2779 2351 2978 2406 nempe
3021 2350 3186 2390 carne
3244 2332 3566 2402 praeditam;

1985 2448 2098 2488 non
2134 2431 2284 2487 enim
2314 2430 2384 2485 de
2422 2429 2554 2485 solis
2581 2427 2886 2483 secundum
2926 2432 3179 2480 naturam
3223 2422 3570 2492 simplicibus

1986 2539 2162 2579 unum
2207 2531 2358 2578 recte
2398 2519 2748 2592 praedicatur.
2784 2536 2802 2569 ι
2851 2517 2955 2582 Εη,
2982 2516 3256 2585 inquiunt,
3299 2513 3447 2578 Filii,
3473 2511 3575 2584 qui

1986 2615 2245 2672 Christus
2295 2621 2401 2678 est,
2440 2626 2604 2667 unam
2645 2609 2883 2681 Cyrillus
2932 2607 3166 2662 asseruit
3192 2615 3470 2660 naturam.
3502 2633 3577 2647 -ο

1987 2708 2193 2765 Verum
2233 2706 2526 2761 adnectant
2560 2703 2598 2757 ii
2644 2713 2700 2757 et
2743 2699 3184 2771 praecedentibus
3230 2698 3576 2767 subsequens

1987 2797 2242 2863 verbum,
2264 2796 2310 2850 si
2338 2803 2487 2849 recte
2515 2792 2831 2862 perspicere
2882 2790 3093 2854 volunt,
3119 2798 3301 2843 utrum
3332 2778 3472 2842 bene
3503 2802 3575 2840 an

1989 2890 2133 2945 male
2159 2904 2219 2945 se
2240 2887 2442 2943 habeat
2467 2885 2711 2954 ipsorum
2737 2882 3109 2937 ratiocinium.
3140 2880 3354 2935 Etenim
3379 2879 3423 2934 si
3450 2876 3581 2933 Filii

1990 2995 2193 3036 nomen
2227 2986 2355 3033 ante
2392 2990 2618 3031 carnem
2659 2981 2994 3044 assumptam
3020 2972 3089 3026 de
3123 2970 3345 3027 Christo
3374 2969 3579 3040 praedi-

1991 3080 2176 3127 catum
2216 3068 2577 3137 intelligatur,
2623 3080 2820 3121 sensus
2871 3065 2978 3121 erit
3029 3078 3194 3118 unam
3238 3078 3364 3118 eum
3416 3062 3590 3117 nobis

1993 3160 2302 3217 ostendisse
2327 3157 2536 3214 Christi
2565 3165 2842 3220 naturam,
2868 3170 3033 3210 carne
3066 3153 3373 3224 praeditam.
3394 3152 3456 3208 ld
3478 3168 3581 3206 au-

1992 3259 2102 3308 tem
2126 3251 2300 3321 accipi
2333 3258 2514 3320 potest
2555 3248 2872 3318 dupliciter,
2912 3247 3000 3301 vel
3036 3246 3183 3316 quod
3219 3254 3379 3300 antea
3421 3243 3586 3300 Chrio

1998 3355 2118 3402 stus
2151 3345 2320 3399 fuerit
2347 3341 2531 3398 carnis
2559 3355 2778 3410 expers,
2811 3341 2957 3409 quod
2981 3338 3213 3406 intelligi
3245 3337 3398 3392 nullo
3421 3345 3581 3406 pacto

1995 3442 2201 3508 potest,
2242 3433 2331 3489 vel
2373 3440 2575 3502 praeter
2606 3444 2761 3485 suam
2788 3428 2963 3498 ipsius
3012 3436 3264 3482 naturam
3307 3426 3479 3482 fuerit
3524 3432 3582 3479 et

1994 3525 2203 3584 Christi
2226 3538 2394 3579 carne
2427 3520 2697 3593 praeditus
2723 3537 2736 3573 :
2763 3520 2981 3589 eritque
3004 3526 3300 3588 propterea
3322 3514 3588 3572 Christus

1992 3617 2344 3687 compositus
2389 3629 2458 3669 ex
2502 3612 2695 3676 verbo,
2740 3623 2926 3673 carne,
2971 3616 3028 3663 et
3068 3607 3232 3663 tertia
3255 3607 3361 3661 alia
3399 3605 3587 3660 carnis

1990 3719 2190 3768 natura
2213 3724 2277 3763 ac
2294 3705 2499 3777 specie.
2527 3702 2871 3772 Proindeque
2900 3716 3011 3756 non
3042 3707 3209 3755 erunt
3237 3699 3293 3754 in
3316 3699 3436 3769 ipso
3458 3697 3582 3753 duae

1992 3803 2125 3861 solae
2174 3810 2410 3864 natum,
2457 3796 2553 3852 sed
2588 3804 2735 3861 tres;
2772 3809 2883 3848 una
2905 3792 3139 3862 simplex
3184 3807 3250 3847 ac
3285 3791 3494 3858 divina,
3525 3797 3584 3846 et

1993 3897 2118 3952 duae
2145 3890 2485 3962 compositae,
2516 3884 2728 3944 scilicet
2756 3886 3033 3950 humanae,
3066 3884 3397 3953 dicaturque
3425 3882 3583 3938 Chri-

1993 3996 2113 4045 stus
2138 3985 2229 4041 his
2247 3983 2435 4039 tribus
2464 3988 2742 4036 constare.
2768 3977 2900 4031 Duae
2918 3975 3285 4031 nihilominus
3298 3991 3366 4030 ex
3395 3982 3586 4030 vestra

292 4068 574 4151 sententia
596 4102 728 4150 sunt
756 4068 815 4148 in
847 4068 1234 4164 ipso'naturaa:
1259 4107 1370 4148 una
1430 4068 1710 4157 videlicet,
1741 4096 1804 4145 ut
1857 4100 1959 4143 vos
1995 4081 2216 4146 dicitis,
2260 4075 2468 4134 Christi
2515 4071 2777 4145 propria,
2829 4071 3004 4128 altera
3065 4069 3249 4126 carnis
3300 4068 3581 4135 humanae,

292 4202 464 4258 quam
508 4186 761 4242 secunda
800 4185 925 4241 vice
950 4184 1284 4241 assumenda
1317 4183 1425 4239 sibi
1479 4178 1738 4239 Christus
1776 4181 1893 4252 ipse
1929 4172 2229 4247 copulavit.
3520 4184 3525 4191 ~

379 4296 553 4351 ’Δλλὰ
594 4295 651 4350 τι
693 4296 770 4367 μὴ
806 4296 1014 4350 τούτων
1063 4296 1329 4367 ἀφέμενοι
1384 4294 1494 4349 τῶν
1538 4292 1900 4366 παρασλωπι-

296 4389 554 4460 σμάτων,
580 4387 831 4457 δμμασιν
874 4387 1058 4458 ὀρθοῖς
1086 4386 1180 4441 τὸν
1226 4386 1430 4442 σκοπδν
1468 4387 1560 4439 τὸν
1607 4384 1898 4456 εἰρημένον

297 4483 667 4548 κατανοεττες
703 4480 787 4533 ὅτι
815 4480 925 4551 γὰρ
957 4480 1208 4551 υἱότητος
1243 4479 1483 4548 φυσικῆς
1509 4476 1606 4531 νῦν
1639 4495 1776 4549 φησι
1798 4477 1898 4548 τὴν

298 4572 474 4640 αὐτὴν
504 4569 641 4640 μίαν
675 4568 840 4638 φύσιν
876 4569 1061 4639 μένειν
1098 4568 1178 4639 τῷ
1214 4569 1349 4640 Υῐῷ,
1380 4568 1484 4622 κᾶν
1526 4567 1899 4638 προσελάϐετο

2071 4287 2180 4345 Sed
2205 4301 2306 4343 cur
2331 4283 2578 4354 deposita
2623 4280 2867 4339 caecitate
2894 4289 3100 4345 vestra,
3157 4278 3381 4335 Patrum
3419 4291 3580 4331 men-

2000 4392 2110 4440 tem
2159 4380 2328 4437 rectis
2356 4367 2557 4435 'oculis
2603 4374 2969 4446 contemplari
3017 4389 3130 4428 non
3175 4372 3378 4427 vultis?
3424 4368 3585 4436 Quod

1997 4475 2143 4531 enim
2178 4472 2423 4529 Verbum
2453 4478 2649 4524 natura
2680 4468 2880 4523 Filium
2905 4481 3130 4522 manere
3170 4475 3393 4521 sanctus
3422 4465 3586 4519 Pater

1997 4567 2104 4621 hoc
2134 4566 2258 4620 loco
2288 4562 2577 4631 intelligat,
2610 4559 2830 4616 etiamsi
2855 4568 3111 4613 naturam
3150 4558 3311 4612 aliam
3341 4555 3586 4611 Verbum

299 4663 475 4732 ἄλλην
507 4661 699 4731 φύσιν,
735 4660 847 4713 ἰδοὺ
895 4659 1058 4724 αὐτὸς
1085 4662 1280 4731 τρανοῖ
1306 4660 1503 4729 λέγων’
1538 4661 1622 4713 Οὐ
1654 4661 1766 4728 γὰρ
1799 4657 1891 4711 ἐπὶ

2002 4656 2149 4711 idem
2184 4650 2566 4722 assumpserit,
2613 4650 2730 4720 ipse
2765 4650 2911 4704 clare
2938 4663 2996 4703 se
3045 4646 3302 4717 explicat,
3329 4645 3459 4701 dum
3483 4645 3586 4708 ait,

296 4756 509 4825 μόνων
535 4752 660 4806 τῶν
691 4749 906 4806 ἁπλῶν
930 4752 1084 4806 κατὰ
1120 4750 1237 4817 τὴν
1263 4751 1476 4820 φύσιν,
1512 4749 1645 4804 υἱῶν
1672 4748 1898 4821 δηλαδὴ,

300 4843 364 4897 τὸ
385 4842 459 4898 ἐν
486 4842 733 4911 ἀληθῶς
759 4841 1021 4912 λέγεται.
1056 4842 1204 4911 ’Δρα
1229 4836 1322 4894 οῦν
1342 4840 1501 4894 τοῦτο
1522 4841 1667 4910 ὑμᾶς
1699 4838 1902 4910 μᾶλλον

302 4935 509 5001 διδάξει
532 4937 617 4989 ὃτι
645 4936 746 5004 οὐχ
773 4933 983 4997 ἁπλοῦς
1010 4934 1152 4988 κατὰ
1180 4933 1283 5005 τὴν
1314 4931 1480 5002 φύσιν
1508 4934 1536 4986 6
1563 4931 1691 5002 περὶ
1719 4927 1782 4985 οὒ
1808 4931 1905 4985 τά·

300 5027 359 5079 δε
394 5027 566 5095 φησιν
595 5025 729 5087 Υἱὸς
757 5020 860 5088 εἷς,
894 5023 1033 5078 ἀλλὰ
1072 5022 1298 5085 διπλοῦς
1321 5039 1335 5083 ;
1361 5021 1477 5076 ἐστι
1502 5022 1613 5092 γάρ
1639 5022 1782 5076 κατὰ
1809 5020 1902 5075 τὸν

305 5118 556 5186 Πατέρα,
589 5116 619 5168 δ
654 5115 919 5180 πολλάκις
964 5117 1059 5169 καὶ
1097 5116 1260 5187 ἡμεῖς
1288 5116 1417 5184 ὑμῖν
1449 5113 1775 5186 εὐηχοῦμεν,
1807 5113 1902 5167 καὶ

305 5208 578 5261 πλειόνων
615 5207 793 5260 οὐσῶν
838 5207 949 5260 τῶν
981 5206 1228 5275 φύσεων,
1261 5204 1320 5258 ἓν
1363 5202 1506 5260 εἶναι
1551 5207 1611 5260 τό
1644 5223 1703 5259 τε
1733 5207 1904 5277 πρόσ-

305 5316 481 5361 ωπον,
513 5299 609 5352 καὶ
641 5298 740 5352 ἕνα
771 5298 863 5352 τὸν
894 5299 1059 5352 αὐτὸν
1085 5298 1214 5351 Υἱδν
1236 5298 1419 5369 φύσειο
1450 5297 1548 5352 καὶ
1578 5297 1640 5351 οὐ
1669 5298 1768 5369 τὴν
1804 5297 1903 5366 μὲν

306 5390 418 5446 τῶν
454 5391 698 5459 φύσεων,
736 5389 865 5443 Υἰὺν
896 5388 1078 5459 φύσει·
1103 5390 1203 5459 τὴν
1239 5389 1317 5457 δὲ,
1364 5389 1492 5443 Υἱδν
1520 5388 1705 5460 χάριτι
1728 5384 1899 5442 εἶναι’

308 5480 453 5536 ὥστε
480 5482 675 5549 σαφῶς
714 5480 787 5535 τὰ
819 5482 1068 5553 ἡμέτερα
1105 5481 1301 5550 λέγων,
1343 5481 1376 5553 ἢ
1403 5481 1475 5535 τά
1499 5482 1764 5552 ὑμέτερα.
1793 5480 1904 5534 δεί-

310 5590 507 5629 κνυται
537 5576 645 5627 κάν
671 5573 886 5637 τούτοις
909 5577 936 5627 6
964 5572 1307 5637 διδάσκαλος·
1338 5575 1472 5627 ὅπου
1504 5590 1588 5642 γε,
1617 5575 1665 5627 εἰ
1693 5574 1784 5626 καὶ
1807 5572 1901 5626 οὓ-

308 5684 418 5731 τως
445 5664 620 5738 εἶχεν,
647 5667 725 5730 ὼς
749 5665 1029 5737 βούλεσθε,
1055 5667 1236 5721 πάντα
1259 5666 1325 5721 ἂν
1345 5667 1415 5721 τά
1436 5669 1493 5721 ὲν
1516 5667 1725 5736 ἑτέροις
1745 5666 1901 5733 εἰρη-

314 5758 454 5829 μένα
482 5758 562 5830 τῷ
592 5759 772 5831 Πατρὶ
799 5759 875 5821 ὡς
910 5761 1038 5831 περὶ
1065 5759 1160 5814 δύο
1189 5759 1407 5831 φύσεων
1432 5759 1692 5831 Χριστοῦ,
1726 5758 1901 5813 τοῖσδε

2003 4764 2109 4802 non
2134 4747 2274 4800 enim
2303 4742 2365 4797 de
2415 4741 2542 4797 solis
2587 4739 2933 4810 simplicibus,
2986 4737 3290 4793 secundum
3330 4747 3587 4790 naturam

1999 4838 2232 4902 scilicet,
2261 4851 2427 4890 unum
2449 4849 2570 4888 vere
2587 4833 2803 4886 dicitur.
2828 4829 3088 4899 Nunquid
3109 4824 3296 4898 potius
3340 4843 3407 4881 ex
3427 4827 3589 4881 hisee

2000 4931 2270 5001 colligetis
2325 4927 2527 4983 Filium
2577 4925 2648 4981 de
2679 4940 2789 4995 quo
2818 4924 2937 4978 haec
2982 4922 3263 4983 dicuntur,
3298 4935 3408 4975 non
3463 4934 3589 4975 esse

1998 5032 2198 5079 natura
2248 5019 2582 5088 simplicem,
2626 5015 2720 5069 sed
2751 5011 3061 5082 duplicem?
3095 5010 3236 5065 Illud
3275 5010 3423 5063 enim
3456 5024 3588 5063 san-

2000 5124 2123 5171 ctus
2140 5115 2300 5168 Pater
2330 5104 2773 5177 intelligit(quod
2796 5113 2853 5159 et
2877 5118 2979 5158 nos
3009 5117 3153 5173 sape
3197 5102 3354 5157 vobis
3383 5101 3579 5173 praedi-

1998 5205 2211 5274 camus)
2237 5217 2401 5258 unam
2432 5215 2552 5255 esse
2581 5197 3013 5274 multisnaturis
3063 5196 3349 5268 praeditam
3399 5210 3595 5265 perso-

1998 5313 2156 5360 nam;
2189 5303 2245 5350 et
2271 5307 2443 5349 unum
2465 5290 2835 5360 eumdemque
2863 5299 3056 5345 natura
3079 5285 3305 5352 Filium,
3339 5302 3446 5343 non
3482 5302 3591 5341 au-

2003 5397 2110 5445 tem
2147 5401 2310 5441 unam
2336 5383 2510 5454 ipsius
2526 5390 2777 5437 naturam
2807 5397 2928 5437 esse
2959 5391 3159 5436 natura
3176 5379 3396 5439 Filium,
3424 5378 3592 5432 aliam

2001 5497 2123 5538 esse
2148 5478 2349 5534 Filium
2381 5493 2480 5547 per
2503 5474 2819 5546 adoptionis
2845 5475 3095 5547 gratiam.
3129 5472 3590 5542 Quandoquidem

2008 5575 2052 5630 si
2082 5574 2155 5629 ita
2194 5587 2251 5628 se
2280 5586 2369 5625 res
2402 5569 2656 5627 haberet.
2686 5576 2748 5622 ut
2772 5568 2960 5625 vultis.
2993 5566 3180 5621 omnia
3206 5562 3381 5619 sancti
3415 5562 3596 5618 Patris

2009 5665 2229 5721 oracula
2257 5661 2326 5716 de
2354 5660 2571 5715 duabus
2594 5658 2801 5715 Christi
2832 5658 3047 5713 naturis
3085 5671 3208 5727 quas
3233 5654 3369 5708 alibi
3391 5668 3564 5709 occur

2010 5764 2165 5823 runt,
2210 5769 2337 5811 eum
2389 5751 2512 5808 istis
2556 5750 2732 5823 ipsius
2780 5750 2942 5808 dictis
2990 5756 3177 5821 aperte
3224 5753 3530 5818 pugnarent
3571 5760 3596 5800 :
