4034 6416
301 452 440 516 1³389

1487 453 1785 515 CONTRA
1821 451 2422 515 MONOPHYSITAS.

3455 449 3589 515 1870

298 559 661 632 παράγεσθαι
684 576 699 590 ’
737 558 894 629 δῆλον
924 558 1037 627 γὰρ
1079 557 1163 611 ὅτι
1210 558 1240 628 ἦ
1289 557 1376 611 διὰ
1414 557 1510 625 τὴν
1538 560 1791 631 διαόολὴν
1821 560 1913 614 τοῦ

2026 567 2217 631 potest,
2255 557 2402 628 quod
2430 570 2549 611 eam
2580 570 2761 627 neque
2792 556 3105 623 Dioscorus,
3133 573 3308 630 neque
3336 558 3595 627 Severus,

304 652 579 717 εἰπόντος,
634 650 672 721 ἢ
736 651 834 721 τὴν
884 648 1195 722 ὑπερϐολὴν
1241 648 1334 703 τοῦ
1391 650 1773 721 ἀσεϐήματος,
1821 652 1914 705 καὶ

302 745 540 808 ἐκείνοις
566 747 688 807 τοῖς
723 742 846 795 λίαν
886 741 1315 814 προσκειμένοις
1356 743 1436 813 τῷ
1483 743 1737 815 δόγματι,
1768 760 1913 814 παρ-

311 835 469 906 ώφθη
500 835 690 890 πάντα
720 834 791 888 τὰ
834 830 1059 888 Ἰουλίου
1112 834 1209 887 καὶ
1258 833 1370 886 τῶν
1400 834 1607 888 λοιπῶν
1651 836 1912 908 Πατὲρων

318 927 584 1000 μυριάκις
618 925 932 989 σπουδαίως
983 925 1535 998 περιεργασαμένων,
1569 926 1655 980 ἵνα
1684 944 1739 980 τι
1779 926 1915 998 πρὸς

313 1018 655 1089 συνηγορίαν
702 1016 804 1070 τοῦ
859 1017 1069 1071 οἰκείου
1117 1016 1471 1089 φρονήματος
1525 1015 1911 1082 ἀναλέξωνται.

316 1111 531 1174 ’Δλλως
555 1127 621 1163 τε
648 1107 730 1181 τῷ
770 1127 836 1177 γε
868 1109 1046 1179 ψιλῶς
1089 1126 1206 1173 πως
1248 1113 1362 1173 τοῖς
1413 1110 1785 1181 ’Λπολιναρίου
1827 1111 1913 1164 ὲν-

312 1203 650 1271 τυγχάνοντι
680 1198 1142 1270 προγενεστέροις
1182 1199 1584 1270 συγγράμμασι
1626 1199 1760 1268 περὶ
1803 1198 1916 1266 τῆς

315 1292 693 1361 summac,
739 1290 853 1343 οὐδ’
894 1289 1226 1359 ἀμφιϐολίας
1278 1288 1417 1344 εἶναι
1468 1289 1618 1355 ἄξιον
1663 1290 1804 1356 δόξει
1854 1291 1916 1345 τὸ

314 1384 541 1453 γνήσιον
572 1381 728 1451 αῦτῷ
758 1381 926 1451 τῆσδε
975 1380 1079 1445 τῆς
1109 1382 1398 1453 χρήσεως⁴
1446 1382 1558 1436 ἄνω
1598 1399 1655 1435 τε
1681 1382 1793 1454 γὰρ
1819 1383 1915 1436 καὶ

317 1475 461 1528 κατὰ
490 1476 564 1528 τὰ
592 1474 692 1527 δύο
720 1475 864 1545 μέρη
892 1475 994 1544 τῆς
1021 1472 1234 1543 φύσεως
1263 1473 1522 1545 Χριστοῦ,
1563 1472 1723 1544 σῶμα
1755 1474 1915 1544 μόνον

320 1569 416 1622 καὶ
448 1567 693 1637 θεότητά
727 1583 884 1636 φησι,
914 1566 1097 1637 σάρκα
1141 1566 1240 1638 τὴν
1276 1566 1353 1630 ὡς
1395 1565 1575 1636 σῶμα,
1608 1568 1669 1619 οὐ
1701 1568 1808 1638 μὴν
1839 1568 1914 1629 ὡς

319 1660 728 1730 ἁνθρωπότητα
745 1658 816 1712 λα
824 1658 1177 1729 μϐανομένην
1193 1660 1285 1711 καὶ
1301 1658 1475 1726 Λόγον
1494 1675 1511 1690 ι
1540 1657 1914 1729 ἀνθρωποειδῆ

316 1749 374 1802 δὲ
411 1747 515 1818 τὴν
566 1747 815 1820 Χριστοῦ
865 1747 1064 1800 ἕνωσιν
1112 1746 1304 1800 καλεῖ·
1337 1748 1477 1819 ὕπερ
1524 1743 1594 1819 ἦν
1626 1748 1914 1801 ίδιαίτατον

314 1838 533 1892 ἐκείνου
573 1838 757 1909 δόγμα
795 1838 1070 1906 λέγοντος,
1106 1837 1278 1891 πάλαι
1315 1839 1412 1908 μὲν
1445 1839 1575 1893 ἀντὶ
1595 1836 1775 1910 ψυχῆς
1803 1838 1910 1892 σώο

2015 664 2121 705 nec
2170 650 2261 705 alii
2316 657 2536 705 veteres
2581 648 2749 719 hujus
2804 649 3107 721 impietatis
3156 653 3403 723 magistri
3465 669 3579 725 pro—

2010 738 2300 799 duxerint.
2350 741 2708 812 Perspicuum
2752 742 2901 797 enim
2936 752 3026 799 est
3072 753 3130 799 et
3172 744 3273 799 hos
3316 745 3464 815 ipsos
3501 748 3595 817 qui

2010 834 2150 889 huic
2173 834 2414 906 dogmati
2446 834 2691 905 impense
2724 834 2930 900 favent,
2962 837 3046 891 vel
3078 847 3266 907 aperta
3297 839 3594 904 calumnia,

2016 927 2103 982 vel
2153 927 2321 981 nimia
2355 927 2634 997 impietate
2671 927 2988 994 deterritos,
3022 928 3204 984 hacin
3232 946 3292 983 re
3320 933 3597 1000 praeterire

2019 1003 2272 1074 consulto
2324 1019 2458 1075 Julii
2504 1020 2852 1091 aliorumque
2887 1022 3109 1075 Patrum
3161 1037 3330 1092 opera
3387 1026 3595 1087 omnia,

2016 1126 2144 1165 cum
2177 1109 2518 1180 caeteroquin
2551 1110 2606 1164 in
2663 1126 2732 1165 eo
2777 1112 2864 1165 vel
2911 1112 3147 1167 maxime
3191 1113 3442 1167 laborare
3468 1130 3599 1169 con-

2020 1203 2326 1268 sueverint,
2359 1209 2420 1256 ut
2439 1217 2509 1257 ex
2537 1218 2727 1257 eorum
2753 1203 2974 1272 scriptis
2999 1204 3359 1259 auctoritates
3383 1206 3598 1276 aliquas

2014 1294 2082 1348 ad
2109 1309 2221 1349 sua:
2236 1294 2525 1349 sententia:
2540 1292 2925 1364 probationem
2967 1295 3380 1365 depromerem.
3409 1295 3595 1362 Quan-

2016 1400 2183 1455 quam
2215 1386 2308 1455 qui
2353 1385 2687 1457 Apollinaris
2713 1393 2930 1440 vetusta
2966 1385 3042 1440 De
3089 1386 3286 1441 Christi
3319 1387 3595 1457 dispensa-

2017 1479 2158 1531 tione
2176 1477 2383 1547 scripta
2403 1476 2600 1547 primis
2619 1476 2789 1531 labris
2806 1476 3006 1547 attigit,
3032 1493 3101 1532 ne
3125 1475 3348 1548 dignum
3374 1477 3602 1549 quidem

2014 1569 2254 1639 putabit,
2296 1568 2442 1638 quod
2480 1568 2537 1622 in
2589 1567 2819 1622 dubium
2858 1567 2911 1622 id
2948 1577 3273 1635 revocetur;
3323 1569 3465 1624 sitne
3509 1585 3574 1639 ge

2015 1662 2270 1724 nninum,
2317 1675 2522 1723 annon,
2575 1658 2683 1713 hoc
2723 1656 2854 1713 Julii
2912 1658 3315 1713 testimonium.
3391 1661 3602 1716 Passim

2008 1748 2164 1802 enim
2200 1764 2327 1803 cum
2360 1749 2500 1802 duas
2540 1745 2993 1801 Christi'naturae
3019 1756 3227 1816 partes,
3256 1761 3459 1817 corpus
3492 1750 3602 1803 sci-

2011 1840 2147 1896 licet
2203 1840 2404 1903 solum,
2450 1848 2614 1911 atque
2648 1838 2994 1892 divinitatem
3031 1847 3459 1904 commemorat;
3486 1842 3601 1896 tum

322 1948 456 2001 ματι
487 1930 828 2003 ἀνθρωπείῳ
862 1928 1182 1999 ἐγγενέσθαι
1223 1927 1325 1999 τὴν
1371 1928 1601 1999 θεότητα
1647 1929 1745 1983 καὶ
1790 1928 1917 2001 μίαν

2026 1933 2262 1987 Verbum
2304 1932 2600 1986 humanam
2633 1929 2900 1984 duntaxat
2927 1945 3173 1995 carnem,
3207 1946 3413 2001 corpus
3447 1934 3598 1988 scili-

320 2024 487 2093 φύσιν
518 2022 830 2095 ἀπαρτίσαι
859 2023 1066 2095 ἄψυχον
1093 2023 1247 2077 θείαν
1273 2022 1365 2076 τὸν
1394 2022 1656 2093 Χριστὸν,
1690 2021 1917 2095 ὕστερον

312 2115 374 2169 δὲ
407 2116 727 2185 ὐφήοαντος
768 2112 956 2178 ποσῶς
1000 2114 1069 2186 τῇ
1123 2113 1348 2186 ἀσεϐείᾳ
1379 2114 1502 2167 ἀντὶ
1548 2113 1642 2168 νοῦ
1685 2111 1922 2184 ψυχικοῦ

320 2209 531 2260 ἐνεῖναι
560 2207 665 2278 τὴν
695 2205 930 2276 θεότητα
970 2206 1030 2260 ὲν
1072 2204 1294 2277 Χριστῷ
1327 2207 1468 2274 μετὰ
1498 2205 1593 2259 τοῦ
1625 2206 1801 2273 Λόγου
1822 2206 1924 2277 τῆς

308 2298 499 2368 ψυχῆς
533 2296 743 2367 μέρους
788 2296 1238 2367 δογματίζοντος·
1272 2296 1388 2350 ἀλλ’
1419 2295 1566 2351 οὕτω
1611 2297 1710 2368 μὲν
1743 2294 1925 2366 εὐφώ-

318 2407 489 2460 ρατος
519 2392 555 2459 ἡ
592 2391 739 2461 uaga
769 2390 865 2444 τοῦ
900 2390 1113 2460 Πατρδς
1144 2390 1234 2445 διὰ
1279 2392 1379 2461 τῆς
1402 2390 1716 2461 ἐπιγραφῆς
1750 2406 1913 2442 συκο-

314 2482 529 2547 φαντία
559 2498 574 2513 ·
602 2483 638 2552 ἠ
669 2480 726 2534 δὲ
752 2481 896 2535 κατὰ
922 2481 1016 2534 τοῦ
1047 2481 1252 2553 Κυρίου
1275 2480 1597 2552 βλασφημία
1629 2481 1727 2551 ὅση
1770 2484 1917 2534 ὲστῖν

314 2575 377 2625 ἓν
432 2573 620 2626 τοῖσδε
693 2576 810 2636 τοῖς
866 2574 1160 2644 ῥησειδέοις
1226 2572 1549 2637 ἐξεταστέον
1608 2573 1794 2627 λοιπὸν
1851 2574 1920 2627 τὰ

314 2663 556 2716 πλεῖστα
589 2665 648 2716 ἐν
682 2663 868 2726 αὐτοῖς
895 2661 1153 2730 ἀλόγιστοι
1182 2661 1307 2716 καθ’
1339 2661 1397 2714 ἓν
1432 2660 1844 2731 βασανίζοντας.

2016 2033 2126 2088 eet,
2157 2038 2265 2078 non
2290 2023 2558 2093 integram
2591 2021 2989 2077 humanitatem
3018 2023 3380 2092 assumpsisse
3406 2025 3604 2094 praedi-

2018 2122 2130 2177 cat,
2162 2121 2326 2184 atque
2342 2113 2554 2169 Christi
2578 2111 3041 2183 compositionem
3082 2113 3341 2170 humana:
3368 2116 3603 2171 similem

2016 2206 2285 2276 appellat,
2327 2204 2473 2275 quod
2524 2213 2646 2259 erat
2693 2205 3035 2275 praecipuum
3067 2205 3242 2275 ipsius
3282 2206 3605 2276 Apollinarii

2024 2298 2245 2367 dogma,
2290 2298 2384 2368 qui
2423 2297 2663 2368 primum
2728 2297 2969 2352 asseruit
3019 2296 3367 2352 divinitatem
3415 2298 3610 2355 animze

2019 2390 2200 2445 vicem
2243 2403 2457 2460 gerere,
2510 2394 2786 2458 unamque
2819 2387 2991 2443 solam
3018 2388 3076 2443 in
3094 2388 3325 2445 Christo
3350 2396 3607 2445 naturam

2024 2479 2267 2535 divinam
2320 2480 2504 2535 anima
2554 2479 2876 2536 destitutam
2920 2495 3077 2543 esse;
3121 2481 3324 2537 deinde
3353 2482 3606 2537 nonnihil

2026 2572 2093 2626 de
2128 2571 2408 2640 impietate
2439 2584 2538 2626 sua
2583 2570 2991 2640 quodammodo
3019 2571 3375 2638 remittendo,
3410 2574 3612 2629 mentis

2027 2664 2281 2717 humana:
2309 2661 2575 2716 duntaxat
2594 2660 2773 2716 cilicio
2796 2660 2948 2732 fungi
2976 2658 3341 2719 divinitatem
3360 2663 3417 2717 in
3438 2662 3610 2718 Chri-

314 2754 391 2807 sti
443 2750 630 2806 anima
676 2752 889 2817 docuit,
943 2753 1247 2822 asseritque
1293 2753 1534 2807 Verbum
1569 2766 1692 2807 esse
1740 2752 1916 2822 ipsius
1954 2754 2150 2807 animae
2190 2761 2423 2822 partem.
2467 2752 2627 2819 Quod
2698 2755 2881 2821 itaque
2926 2752 3148 2809 laudata
3218 2752 3452 2821 epistola
3483 2769 3613 2825 per-
3684 2813 3691 2817 _

316 2859 522 2915 peram
567 2843 718 2899 Julio
766 2840 1065 2910 tribuatur,
1117 2860 1184 2898 ex
1220 2842 1387 2899 dictis
1409 2842 1701 2899 manifeste
1734 2844 1909 2914 liquet
1946 2863 1960 2899 ι
2001 2854 2203 2915 quanta
2231 2858 2362 2899 vero
2407 2859 2506 2907 per
2533 2859 2654 2899 eam
2703 2842 2925 2899 Christo
2965 2844 3196 2899 Domino
3262 2844 3354 2899 ﬁat
3386 2846 3610 2914 injuria,

330 2933 723 2989 consideranti
804 2932 1053 3004 patebit,
1096 2934 1144 2989 si
1204 2934 1430 2989 voculas
1507 2932 1685 3005 ipsas,
1737 2949 2041 3006 earumque
2126 2935 2363 2989 maxima
2448 2932 2689 2988 absurda
2772 2943 3029 2989 accurate
3090 2935 3439 3006 perpendere
3513 2952 3611 2992 ve-

312 3027 515 3081 limus.

394 3135 417 3169 ι
449 3117 572 3171 Μία
616 3116 783 3186 φύσις
808 3116 950 3180 ἐστὶ,
1002 3117 1158 3188 φησὶ,
1205 3117 1395 3190 ἐπειδὴ
1437 3118 1729 3190 πρόσωπον
1773 3119 1851 3175 ἓν,
1891 3138 1909 3170 ι

316 3205 472 3281 Ἀρά
498 3206 599 3264 οῦν
618 3210 756 3264 ὅπου
786 3209 1014 3264 πλείονα
1040 3209 1333 3282 πρόσωπα,
1365 3211 1579 3274 πάντως
1609 3212 1702 3265 καὶ
1729 3212 1919 3280 φύσεις

316 3302 584 3365 πλείους·
619 3304 720 3355 καὶ
764 3301 871 3372 μὴν
900 3302 1031 3374 τρία
1074 3302 1144 3355 τὰ
1180 3302 1298 3356 θεῖα
1343 3303 1632 3374 πρόσωπα,
1671 3302 1830 3373 φύσις
1860 3304 1922 3357 δὲ

2101 3136 2121 3169 ι
2162 3119 2280 3175 Una
2325 3128 2524 3173 natura
2561 3126 2667 3182 est,
2716 3117 2814 3184 ait,
2865 3118 3315 3188 quandoquidem
3369 3136 3480 3176 una
3525 3136 3614 3185 es;

2026 3224 2281 3279 persona.
2316 3228 2333 3258 ι
2369 3207 2628 3277 Nunquid
2658 3222 2788 3278 ergo
2823 3207 2917 3261 ubi
2959 3217 3089 3263 sunt
3115 3223 3371 3279 personae
3401 3210 3635 3281 plures..

2030 3299 2107 3354 ibi
2160 3314 2381 3368 quoque
2420 3305 2548 3351 sunt
2585 3305 2796 3352 naturae
2838 3297 3057 3367 plures?
3103 3297 3269 3367 Atqui
3294 3307 3415 3361 tres
3447 3299 3503 3353 in
3530 3300 3617 3354 di-

317 3396 427 3463 μία
450 3412 466 3425 ο
498 3388 587 3457 οἷς
612 3394 792 3464 ἔμπα)
807 3413 854 3448 ιν
883 3394 996 3465 ἔχει
1021 3395 1051 3448 ὀ
1069 3397 1170 3465 τῆς
1204 3394 1515 3465 οἰκονομίας
1539 3396 1724 3464 λόγος,
1752 3388 1786 3471 ᾖ
1819 3414 1923 3467 φη·

2031 3391 2261 3446 vinitate
2304 3401 2435 3446 sunt
2477 3406 2748 3463 personae,
2781 3399 2979 3445 natura
3026 3398 3208 3445 tamen
3238 3405 3388 3444 una:
3421 3400 3612 3446 contra

322 3504 411 3539 σιν
440 3488 470 3540 ὀ
495 3486 758 3555 θεολόγος
783 3486 1107 3558 Γρηγόριος.
1139 3486 1260 3540 Ἔτι
1288 3488 1394 3559 μὴν
1412 3488 1545 3553 κὲπεὶ
1572 3490 1666 3541 καὶ
1703 3489 1795 3542 τοῦ
1824 3488 1929 3559 μύ-

323 3577 456 3644 δρου
481 3576 793 3639 ὑπόστασις
825 3577 945 3647 μία,
999 3578 1175 3631 εἶτουν
1225 3578 1538 3648 πρόσωπον,
1564 3577 1666 3649 μία
1696 3578 1793 3632 ναὶ
1835 3578 1931 3633 τοῦ

320 3670 381 3721 ἐν
410 3667 571 3739 αὐτῷ
600 3667 778 3738 πυρὸς
801 3667 898 3720 καὶ
926 3667 1149 3740 σιδήρου
1180 3668 1344 3736 φύσις
1377 3668 1559 3722 ἐστίν·
1588 3668 1622 3739 ἦ
1653 3670 1806 3739 παρὰ
1831 3668 1931 3732 τὰς

327 3754 518 3815 κοινὰς
548 3754 769 3816 ἑννοίας
816 3753 1118 3824 δοξάζομεν
1162 3754 1313 3814 τάδε,
1366 3752 1505 3809 Εἶτά
1562 3774 1715 3826 φησι,
1768 3776 1786 3808 ι
1820 3758 1933 3811 Οὐκ

322 3846 453 3916 ἔχον
483 3848 569 3909 είς
602 3845 699 3900 δύο
728 3845 1016 3919 διαίρεσιν,
1048 3848 1179 3899 ἐπεὶ
1212 3847 1286 3918 μὴ
1325 3848 1430 3901 ἰδία
1475 3847 1637 3917 φύσις
1670 3850 1703 3918 ἡ
1741 3847 1934 3915 θεότης

326 3938 472 3990 κατὰ
510 3937 620 4005 τὴν
642 3938 952 4006 σάρκωσιν.
994 3956 1015 3990 ι
1056 3936 1130 3991 Τὸ
1176 3933 1291 4004 οῦν,
1323 3939 1451 4004 ἰδία,
1468 3939 1631 3993 τοῦτό
1653 3957 1819 4011 φησιν
1840 3955 1853 3970 ·
1884 3941 1934 3993 εί

333 4028 433 4097 μὲν
464 4027 618 4081 κατὰ
639 4029 831 4095 τόπον,
876 4028 1051 4094 ὅντως
1098 4029 1201 4083 οὐκ
1234 4028 1383 4083 ἔστιν
1414 4030 1523 4102 ἰδίᾳ
1567 4029 1794 4102 θάτερον
1825 4032 1933 4085 ἀπὸ

328 4117 570 4189 θατέρου
596 4134 614 4151 ο
665 4120 768 4172 οὐκ
803 4118 921 4173 ἔστι
971 4119 1080 4191 γὰρ
1123 4121 1307 4185 αὐτοῖς
1361 4122 1587 4185 τοπικδς
1631 4106 1933 4192 διορισμὸς,

325 4210 500 4262 ὅτιξν
514 4207 608 4279 τῷ
629 4210 961 4281 ἀνθρωπίνῳ
988 4210 1084 4263 τοῦ
1111 4209 1372 4280 ’Χριστοῦ
1430 4214 1680 4265 κατοικεῖ
1727 4212 1836 4265 πᾶν
1872 4211 1935 4264 τὸ

328 4301 619 4371 πλήρωμα
647 4300 750 4369 τῆς
780 4299 1037 4370 θεότητος
1071 4298 1434 4369 σωματικῶς⁸
1464 4302 1518 4353 εί
1563 4299 1623 4354 δὲ
1650 4300 1792 4367 κατὰ
1827 4299 1933 4353 Λό-

332 4409 452 4458 γον,
476 4392 591 4444 οὐκ
622 4392 771 4444 ἐστιν
805 4392 1045 4461 ἑκατέρα
1074 4389 1356 4454 ἰδιάζουσαι
1386 4391 1548 4460 φύσις
1583 4392 1647 4445 ἐκ
1675 4390 1931 4470 θαιτέρας⁸

329 4483 495 4537 τοῦτο
522 4483 637 4552 γὰρ
665 4482 965 4552 ἐσαφήνιζε
1012 4482 1105 4536 διὰ
1147 4483 1257 4536 τῶν
1295 4483 1434 4553 μετὰ
1462 4482 1693 4553 βραχέα,
1717 4482 1892 4550 λέγων
1915 4497 1930 4512 ’

334 4593 359 4625 4
396 4575 549 4628 Μίαν
606 4573 985 4643 ὁμολογοῦμεν
1039 4573 1200 4641 φύσιν
1244 4576 1343 4644 τῆς
1386 4573 1631 4637 ἀπαθοῦς
1679 4568 1970 4638 θεότητος

336 4665 429 4717 καὶ
483 4663 588 4731 τῆς
622 4662 881 4731 παθητῆς
921 4662 1158 4731 σαρκός·
1207 4663 1302 4715 καὶ
1331 4658 1456 4714 οὔτε
1490 4661 1528 4729 ἡ
1574 4658 1812 4712 ἀπάθεια
1839 4657 1932 4711 τοῦ

335 4756 538 4824 Λόγου,
573 4753 702 4806 οὔτε
735 4754 797 4805 τὸ
828 4752 1000 4816 πάθος
1028 4753 1127 4820 τῆς
1157 4753 1359 4822 σαρκὸς
1390 4753 1545 4817 ἴδιον,
1579 4752 1737 4822 δῆλον
1767 4751 1930 4805 πᾶσιν

326 4845 412 4907 ὡς
440 4847 539 4899 καὶ
569 4845 601 4896 ὁ
630 4843 804 4911 Λόγος
855 4842 1031 4912 αὐτῆς
1072 4844 1152 4906 είς
1189 4839 1319 4896 ίδιον
1366 4843 1526 4911 λόγον
1561 4839 1751 4906 ἔπαθε,
1779 4842 1930 4910 καὶὴ

336 4934 479 5007 σὰρξ
506 4935 626 5006 ἰδίῳ
672 4935 820 5006 λόγῳ
842 4934 944 4987 οὐκ
971 4933 1202 4988 ἔπαθενο
1229 4934 1567 5004 ὲξωοποίησέ
1592 4950 1654 4987 τε
1683 4934 1745 4986 οὐ
1777 4934 1935 5003 μόνον

332 5030 367 5080 ό
394 5028 571 5097 Λόγος
606 5027 708 5095 τὴν
743 5028 945 5098 σάρκα,
996 5026 1132 5079 ἀλλὰ
1186 5028 1280 5079 καὶ
1320 5029 1358 5098 ἡ
1414 5026 1551 5098 σὰρξ
1606 5026 1698 5078 τὸν
1743 5025 1934 5093 Λόγον,

338 5119 519 5172 show
547 5119 583 5188 ἡ
615 5117 998 5190 ἀνθρωπότης,
1023 5116 1056 5186 ῆ
1079 5116 1156 5179 ὡς
1185 5111 1338 5179 οὗτος
1363 5115 1532 5184 λέγει,
1563 5116 1624 5167 τὺ
1650 5114 1810 5184 σῶμα
1838 5113 1937 5184 τὴν

335 5211 594 5283 θεότητα.
649 5231 670 5263 ι

2035 3497 2168 3536 vero
2203 3496 2263 3536 se
2297 3497 2385 3536 res
2429 3481 2595 3536 habet
2643 3481 2698 3534 in
2746 3480 2865 3550 ipsa
2910 3478 3115 3535 Christi
3177 3479 3613 3550 dispensatione,

2036 3579 2178 3628 teste
2210 3571 2479 3642 Gregorio
2509 3571 2810 3641 Theologo.
2842 3570 3115 3626 Praeterea
3148 3586 3275 3625 cum
3306 3569 3442 3625 ferri
3479 3586 3614 3625 eam

2035 3661 2219 3717 dentis
2266 3676 2376 3716 una
2419 3662 2492 3717 sit
2523 3660 2902 3725 subsistentia,
2933 3676 3029 3716 seu
3068 3677 3325 3731 persona;
3363 3661 3614 3731 nunquid

2035 3768 2145 3807 una
2190 3753 2246 3806 in
2274 3767 2343 3807 eo
2368 3758 2424 3806 et
2461 3752 2623 3823 ignis,
2669 3760 2724 3806 et
2770 3750 2904 3805 ferri
2930 3752 3168 3805 natura?
3192 3752 3390 3806 Hmcne
3419 3761 3616 3831 contra

2030 3859 2361 3911 communes
2405 3860 2436 3898 a
2486 3850 2684 3898 natura
2712 3842 2875 3897 nobis
2905 3843 3101 3898 insitas
3135 3843 3285 3914 leges
3315 3845 3389 3898 ita
3428 3859 3487 3899 se
3522 3843 3644 3898 ha?

2036 3936 2170 3991 here
2214 3934 2516 4005 putamus?
2556 3933 2760 4002 Adjicit
2823 3932 3023 3987 deinde
3070 3950 3086 3987 :
3141 3950 3160 3984 ι
3190 3932 3325 4000 Qua:
3380 3934 3436 3988 in
3480 3934 3619 3989 duas

2037 4028 2210 4083 dividi
2235 4026 2450 4097 nequit,
2473 4022 2919 4095 quandoquidem
2944 4023 3204 4079 divinitas
3220 4024 3368 4079 haud
3388 4025 3617 4079 seorsim

2034 4137 2067 4176 a
2108 4135 2273 4175 carne
2318 4127 2599 4188 assumpta
2634 4117 2690 4170 in
2718 4115 2941 4170 Christo
2980 4116 3254 4171 subsistit.
3288 4135 3306 4168 ι
3342 4116 3459 4171 Hoc
3500 4126 3617 4172 est:

2037 4211 2186 4283 quod
2234 4209 2436 4265 attinet
2463 4209 2535 4264 ad
2571 4208 2752 4263 locum
2778 4223 2909 4262 vere
2936 4223 3108 4262 unum
3137 4209 3370 4264 scorsim
3411 4208 3481 4263 ab
3510 4208 3622 4263 alio

2036 4318 2148 4359 non
2194 4301 2470 4367 subsistit,
2497 4298 2947 4370 quandoquidem
2974 4298 3096 4354 loco
3124 4315 3236 4354 non
3263 4298 3619 4371 distinguun—

2036 4403 2149 4457 tur,
2178 4408 2302 4449 cum
2342 4391 2407 4465 in
2447 4391 2688 4445 humana
2713 4388 2921 4445 Christi
2965 4404 3132 4445 carne
3163 4397 3277 4444 tota
3316 4388 3622 4447 divinitatis

2036 4483 2326 4556 plenitudo
2370 4481 2740 4553 corporaliter
2782 4481 2947 4551 degat
2983 4497 2997 4534 :
3050 4479 3199 4551 quod
3246 4468 3623 4552 vero'spectat

2036 4577 2105 4633 ad
2153 4574 2415 4633 Verbum.
2461 4572 2706 4642 profecto
2757 4571 2865 4625 dici
2919 4572 3112 4642 nequit
3166 4580 3421 4627 naturam
3457 4589 3619 4628 unam

2037 4668 2269 4725 scorsim
2316 4666 2388 4720 ab
2436 4665 2543 4719 alia
2573 4663 2876 4719 secundum
2930 4680 2987 4719 se
3023 4664 3246 4735 degere,
3264 4664 3422 4735 quod
3457 4667 3624 4736 paulo

1956 4779 2012 4838 D
2036 4762 2163 4824 post
2185 4754 2258 4808 ita
2280 4754 2582 4809 declaravit
2609 4773 2622 4809 :
2663 4774 2681 4806 ι
2704 4756 2902 4820 Unam,
2934 4755 3133 4825 inquit,
3161 4755 3491 4811 conﬁtemur
3522 4771 3623 4810 ua-

2040 4856 2217 4900 turam
2284 4846 2644 4915 impassibilis
2709 4846 3047 4911 divinitatis,
3112 4855 3282 4917 atque
3344 4847 3624 4917 passibilis

2030 4939 2238 4994 carnis.
2294 4937 2461 5005 Quod
2528 4955 2700 5008 porro
2760 4955 2944 5009 neque
3009 4954 3197 4993 carere
3272 4939 3623 5008 passionibus

2038 5029 2321 5099 preprium
2369 5030 2439 5085 sit
2481 5029 2670 5093 Verbi,
2720 5041 2823 5083 nec
2867 5028 2936 5083 iis
2992 5029 3290 5083 obnoxium
3338 5027 3455 5083 fieri
3487 5044 3624 5100 pro-

2036 5121 2223 5190 prium
2271 5121 2346 5176 sit
2397 5121 2616 5187 carnis;
2669 5120 2723 5175 id
2776 5137 2843 5176 ex
2890 5136 2957 5174 eo
3000 5119 3212 5190 liquido
3257 5129 3427 5190 patet,
3477 5122 3621 5191 quod

2039 5209 2283 5263 Verbum
2336 5210 2391 5263 in
2445 5210 2669 5280 propria
2698 5224 2931 5280 persona
2980 5223 3222 5280 passum,
3254 5226 3364 5266 non
3395 5213 3523 5265 item
3565 5212 3620 5265 in

336 5303 563 5375 propria
619 5318 857 5374 persona
908 5317 1068 5372 passa
1121 5317 1253 5358 caro
1286 5316 1415 5356 vere
1459 5300 1698 5355 dicatur.
1732 5299 1801 5354 Et
1831 5315 1939 5354 non
1982 5301 2145 5356 modo
2186 5301 2428 5357 Verbum
2480 5317 2724 5367 carnem,
2792 5302 2889 5359 sed
2922 5305 3087 5358 etiam
3122 5318 3254 5359 caro
3318 5302 3620 5358 viviﬁcavit

341 5397 609 5463 Verbum,
638 5397 856 5453 scilicet
881 5397 1197 5452 humanitas
1217 5397 1347 5469 (vel,
1377 5406 1439 5452 ut
1469 5397 1558 5451 hic
1581 5396 1702 5460 ait),
1729 5411 1933 5465 corpus
1963 5395 2271 5450 ‘viviiicavit
2317 5396 2685 5451 divinitatem.
2712 5417 2731 5450 ι

402 5488 509 5545 Ὧν
542 5490 630 5554 τίς
661 5488 1022 5560 βλασφημίας
1075 5490 1378 5562 ὑπέρτερος
1423 5488 1616 5557 λόγο;;
1658 5487 1819 5540 Ἀλλὰ
1843 5487 1935 5540 τὸν

337 5586 466 5655 περὶ
522 5584 626 5647 τὰς
678 5580 906 5644 ἀσεσεῖς
951 5581 1193 5646 διανοίας
1250 5579 1619 5653 συμϐαίνοντα
1668 5578 1831 5632 σάλον
1877 5578 1938 5642 ἐξ

341 5677 635 5747 ἁδρανείας
661 5673 760 5727 τοῦ
789 5672 1043 5743 ψεύδους,
1066 5674 1163 5726 καὶ
1188 5672 1275 5726 διὰ
1295 5673 1406 5726 τῶν
1442 5670 1568 5747 ὲξῇς
1598 5670 1924 5740 σκοπητέον.

345 5784 364 5810 σ
389 5744 527 5820 Οὔτε
552 5766 666 5835 γὰρ
695 5763 761 5817 τὺ
800 5763 961 5833 σῶμα
999 5762 1121 5816 καθ’
1165 5762 1327 5816 ἑαυτὸ
1368 5744 1553 5832 φύσις,
1590 5749 1746 5829 φησι,
1801 5759 1936 5830 μηδὲ

340 5860 603 5922 (womva
635 5858 763 5913 καθ’
790 5846 973 5923 ἑαυτὸ,
1000 5856 1135 5927 μηδὲ
1173 5854 1556 5928 διατέμνεσθαι
1578 5854 1926 5921 δυνάμενον.»

2113 5487 2327 5553 Quibus
2368 5489 2503 5559 quid
2551 5490 2848 5546 absurdius
2881 5491 2988 5547 dlCI
3024 5500 3241 5561 potest.
3289 5491 3423 5561 quid
3448 5507 3476 5548 a
3503 5492 3621 5561 pie-

2041 5578 2171 5632 tatis
2230 5577 2446 5634 ratione
2491 5579 2758 5636 alienius?
2823 5581 2928 5637 Sed
2978 5582 3390 5636 consideremus
3441 5591 3498 5638 et
3554 5598 3622 5636 es

2037 5671 2399 5740 sequentibus
2452 5672 2742 5742 impiarum
2767 5673 3171 5744 cogitationum
3201 5682 3396 5729 assumi
3423 5689 3489 5728 ac
3514 5671 3619 5728 ilu-

2036 5772 2209 5827 ctum,
2256 5763 2351 5832 qui
2388 5764 2628 5818 instabili
2659 5765 2950 5820 mendacio
2980 5766 3302 5821 suscitatur.
3343 5781 3363 5815 ι
3393 5763 3610 5833 Corpus

2041 5852 2214 5918 enim,
2246 5852 2346 5922 ait,
2382 5868 2485 5908 nec
2526 5854 2703 5924 ipsum
2743 5869 2842 5923 per
2868 5844 2935 5910 se
2957 5855 3262 5912 subsistens
3294 5862 3487 5910 natura
3510 5864 3604 5909 est
