4034 6390
521 410 651 473 1871

1750 403 2059 466 LEONTII
2098 404 2501 465 BYZANTINI

3632 395 3765 460 1872

519 536 697 591 neque
749 534 848 589 per
897 533 956 572 se
1001 518 1185 583 vitale,
1213 531 1314 571 nec
1354 515 1689 587 hujusmodi,
1726 514 1871 584 quod
1908 504 2087 569 scindi

2193 516 2334 585 ’Λρι
2363 512 2495 582 γοῦν
2526 512 2712 582 ὥσπερ
2753 512 2852 564 οὐκ
2882 510 2992 579 ἔχει
3022 509 3082 561 τὸ
3122 506 3381 571 ζωοποιδν
3416 507 3479 561 ὲκ
3504 507 3596 560 τοῦ
3634 508 3768 561 ἰδίου

519 620 703 683 queat.
737 629 756 663 ι
802 610 1062 679 Nunquid
1097 625 1230 679 ergo
1257 608 1389 678 quia
1427 622 1537 662 non
1582 606 1750 661 habet
1783 621 1849 661 ex
1900 606 2091 660 intima

518 705 602 759 sui
651 712 873 767 natura,
915 710 976 756 ut
1026 700 1191 755 vitale
1225 701 1322 765 sit,
1352 714 1421 754 ne
1470 699 1606 754 illud
1644 698 1868 770 quidem
1900 698 2088 762 habet,

518 804 579 850 ut
626 792 804 850 scindi
847 793 1061 864 possit?
1096 807 1166 846 an
1217 806 1387 846 unum
1418 790 1645 861 quidem
1671 789 1742 846 ab
1770 789 1963 846 intima
1992 805 2092 845 sua

517 896 711 943 natura
734 886 919 950 habet,
956 885 1190 939 alterum
1224 899 1359 940 vero
1394 882 1788 954 nequaquam?
1826 883 1903 937 Ac
1933 881 2091 936 dein-

514 994 645 1048 ceps
684 993 750 1032 ex
795 976 1187 1048 conjunctione
1227 992 1353 1030 cum
1405 990 1492 1039 eo,
1543 975 1691 1045 quod
1743 983 1941 1029 natura
1994 990 2092 1029 sua

513 1069 793 1124 vivificum
837 1077 925 1123 est
954 1076 1014 1122 et
1056 1066 1429 1128 individuum,
1476 1065 1719 1120 obtinuit
1771 1075 2090 1133 utrumque.

512 1159 670 1227 Quod
708 1159 755 1214 si
811 1166 966 1215 caret
991 1159 1108 1213 suis
1134 1156 1590 1229 proprietatibus,
1625 1166 1683 1212 et
1720 1156 1966 1226 corporis
1991 1172 2090 1210 na—

513 1257 638 1302 tura
658 1248 770 1302 vim
801 1262 959 1303 suam
988 1246 1299 1302 exSerendo
1322 1245 1495 1300 dividi
1538 1261 1598 1301 se
1636 1261 1797 1315 posse
1836 1244 2094 1316 patefecit

514 1339 570 1392 in
613 1337 837 1394 Christe
871 1354 884 1392 :
917 1338 963 1392 si
996 1353 1177 1408 neque
1210 1337 1478 1403 Verbum,
1524 1352 1701 1407 neque
1736 1352 1865 1391 caro
1890 1337 2094 1391 discin-

513 1427 569 1483 di
598 1435 872 1497 poterant,
903 1428 1028 1497 quis
1065 1427 1429 1482 circumcisus
1450 1427 1572 1482 est?
1603 1426 1729 1497 quis
1758 1427 1929 1482 clavis
1956 1442 2092 1482 eon-

516 1518 688 1572 fixus?
721 1518 847 1588 quis
871 1518 1062 1574 lancea
1086 1519 1601 1574 transverberatus?
1620 1517 1737 1573 Nisi
1767 1517 1883 1573 haec
1907 1518 2091 1588 specie

515 1622 694 1675 tenus,
743 1618 799 1666 et
845 1610 1057 1666 umbrae
1099 1611 1395 1681 contigisse
1446 1609 1654 1666 dicant.

583 1702 880 1758 Videamus
910 1711 1096 1758 autem
1131 1712 1335 1773 quanta
1387 1701 1898 1758 scatcatdementia
1942 1702 2090 1773 quod

512 1794 792 1865 adjicitur.
818 1793 911 1850 Ait
941 1795 1090 1849 enim
1124 1812 1138 1848 :
1182 1814 1201 1846 ι
1227 1795 1416 1865 Neque
1450 1795 1694 1849 Verbum
1727 1794 1782 1849 in
1812 1795 2088 1864 propriam

514 1893 764 1941 naturam
795 1886 1127 1953 secernitur,
1166 1902 1332 1957 quam
1367 1886 1536 1943 habet
1567 1886 1620 1941 in
1656 1889 1841 1943 carnis
1866 1897 2091 1958 experte

512 1980 869 2037 divinitate.»
911 1980 1136 2035 Retinet
1176 1994 1332 2050 ergo,
1368 1978 1759 2049 sapientissimi
1808 1978 1937 2044 viri,
1968 1994 2092 2049 pro-

514 2074 692 2144 priam
747 2082 999 2128 naturam
1048 2071 1292 2128 Verbum
1339 2070 1469 2142 (qua
1514 2071 1698 2125 carnis
1747 2084 1947 2141 expers
1982 2071 2089 2139 est)

512 2166 676 2221 etiam
724 2174 1082 2236 posteaquam
1142 2177 1364 2218 carnem
1432 2164 1748 2233 assumpsit.
1804 2162 2091 2229 Quomodo

509 2273 645 2329 ergo
688 2266 904 2313 vestros
942 2269 1055 2311 non
1081 2253 1467 2309 inseetamini?
1503 2253 1713 2324 Ecquid
1742 2256 1808 2309 a.l
1841 2255 1957 2310 haec
1983 2255 2091 2309 alia

514 2346 849 2418 respondere
877 2345 1041 2401 nobis
1070 2344 1362 2415 poteritis?
1389 2344 1471 2398 An
1498 2354 1555 2399 et
1588 2344 1902 2401 humanitas
1928 2344 2092 2400 Chri-

511 2432 583 2488 sti
635 2431 875 2498 Domini,
919 2446 1023 2502 qua
1059 2446 1189 2487 caro
1220 2441 1326 2494 est,
1370 2446 1526 2486 suam
1574 2432 1776 2487 retinet
1809 2442 2087 2499 naturam,

511 2520 729 2577 etiamsi
778 2520 1018 2577 Verbum
1074 2534 1196 2575 eam
1249 2519 1435 2575 statim
1471 2530 1813 2589 procreatam
1850 2524 1955 2579 sibi
1994 2539 2089 2578 co-

513 2612 723 2682 pulavit
750 2628 765 2665 :
805 2626 873 2666 an
903 2611 1020 2666 sola
1044 2619 1242 2666 natura
1265 2610 1432 2666 Verbi
1466 2613 1649 2668 carnis
1671 2629 1872 2684 expers
1903 2614 1958 2668 in
1990 2630 2091 2670 suo

512 2713 656 2757 stata
697 2702 920 2764 mansit,
954 2711 1121 2772 atque
1150 2717 1289 2756 vana
1318 2702 1565 2772 quaedam
1603 2706 1813 2774 species
1842 2705 1947 2761 fuit
1973 2706 2087 2770 illa,

509 2810 616 2864 qua
663 2792 920 2850 Christus
965 2794 1206 2848 humana
1263 2809 1427 2850 carne
1473 2794 1735 2865 praeditus
1792 2797 2093 2867 apparuit?

510 2886 643 2940 Nam
697 2886 743 2940 si
781 2900 912 2940 vera
957 2900 1090 2939 caro
1139 2883 1354 2949 fuisset,
1401 2884 1525 2940 dus:
1583 2884 1835 2957 profecto
1882 2895 2092 2943 naturae

511 2975 898 3031 convenissent
960 2976 1016 3029 in
1069 2989 1265 3036 unam,
1319 2974 1679 3045 eamdemque
1742 2991 2091 3031 communem

511 3067 947 3126 subsistentiam.
993 3066 1136 3135 Quid
1181 3068 1249 3123 ad
1285 3068 1440 3135 haec?
1484 3083 1667 3123 nonne
1714 3084 1813 3138 per
1862 3070 2093 3141 conjun-

2192 606 2373 673 λόγου,
2403 604 2575 669 οὕτως
2598 604 2721 658 οὐδὲ
2753 603 2814 657 τὸ
2846 600 3227 672 διατέμνεσθαι
3260 600 3371 671 ἔχει
3409 602 3471 652 ἐκ
3500 598 3594 652 τοῦ
3633 600 3768 653 ίδίου

2192 696 2353 766 λόγου
2386 697 2447 749 τὸ
2476 695 2671 766 σῶμαο
2706 694 2739 766 ἢ
2770 697 2835 748 ἐκ
2869 695 2968 763 μὲν
3002 692 3096 747 τοῦ
3142 691 3301 758 λόγου
3343 693 3440 760 τῆς
3496 692 3631 755 ἰδίας
3669 692 3770 759 φύν

2194 805 2330 851 σεως
2360 787 2587 858 θάτερον
2617 787 2750 857 ἔχει,
2801 785 2986 854 ἕτερον
3034 784 3090 838 δὲ
3151 781 3249 835 οὗ·
3296 786 3364 836 ἐκ
3401 782 3457 834 δέ
3501 783 3601 852 τῆς
3630 783 3768 852 πρὸς

2193 878 2455 944 ζωοποιδν
2489 878 2582 932 καὶ
2631 878 2965 947 ἁδιάτμητον
3009 875 3168 946 φύσει
3203 873 3261 927 δν
3294 873 3562 937 ἐνώσεως,
3590 873 3768 942 ἀμφό-

2192 986 2325 1039 τερα
2362 968 2587 1022 ἔλαϐεν·
2653 967 2825 1031 ἄλλως
2862 967 2940 1032 δὲ,
2992 967 3040 1019 εί
3102 965 3177 1036 μὴ
3226 964 3339 1033 ἔχει
3388 965 3457 1017 τὰ
3501 963 3632 1028 ἴδια,
3674 967 3769 1015 καὶ

2193 1059 2507 1124 ἐπεδείξατο
2535 1060 2787 1131 ἐνεργείᾳ
2830 1061 2862 1130 ή
2909 1057 3068 1126 φύσις
3103 1057 3197 1110 τοῦ
3239 1057 3490 1125 σώματος
3538 1056 3598 1108 τὸ
3644 1055 3765 1108 διαο

2191 1151 2397 1221 τμητὸν
2425 1152 2595 1218 αὐτῆς
2629 1153 2685 1204 ἐν
2731 1149 2972 1218 Χριστῷ,
3028 1147 3149 1202 οὔτε
3199 1147 3298 1215 τῆς
3353 1145 3556 1217 σαρκὸς
3601 1143 3769 1215 οὔσης

2191 1241 2517 1310 διατμητῆς,
2550 1242 2634 1304 τίς
2666 1237 3007 1309 περιετμήοη
3034 1255 3049 1303 ;
3080 1237 3162 1301 τίς
3202 1237 3257 1291 δὲ
3282 1237 3431 1308 ἥλοις
3465 1252 3767 1306 κατεπερο-

2193 1332 2365 1403 νήθης
2400 1331 2479 1394 τίς
2520 1332 2575 1384 δὲ
2620 1332 2784 1399 λόγχῃ
2817 1329 3077 1400 διῃρέθη,
3117 1329 3255 1401 πλὴν
3293 1329 3340 1380 εί
3391 1326 3466 1398 μὴ
3498 1325 3770 1395 φαντασία

2192 1442 2273 1488 τις
2304 1425 2401 1477 καὶ
2433 1426 2590 1485 σκιᾶς
2619 1424 2809 1485 τύπος.

2263 1700 2337 1753 Τὸ
2382 1699 2439 1751 δὲ
2494 1699 2836 1769 ἐπαγόμενον
2885 1698 3014 1768 ὅσης
3056 1697 3216 1768 γέμει
3247 1696 3344 1766 τῆς
3379 1694 3565 1756 ἀνοίας
3594 1709 3773 1765 προσ-

2193 1791 2416 1845 εκτέον·
2451 1791 2588 1860 φησὶ
2623 1791 2751 1860 γάρ’
2812 1808 2830 1841 ι
2861 1789 2997 1844 Ούτε
3033 1790 3062 1841 ὁ
3104 1788 3276 1857 Λόγος
3312 1788 3392 1850 είς
3427 1785 3562 1839 ίδίαν
3615 1784 3780 1854 μερίς-

2194 1883 2343 1947 ζεται
2377 1881 2538 1951 φύσιν
2566 1882 2632 1951 ἢν
2669 1881 2781 1951 ἔχει
2819 1881 2960 1934 κατὰ
3003 1881 3063 1933 τὸ
3103 1881 3363 1950 ᾶσαρκον.
3406 1896 3423 1929 ι
3459 1878 3612 1947 Ἔχει
3654 1872 3774 1939 οὖν,

2190 1968 2236 2028 ὦ
2270 1974 2443 2043 σοφοὶ,
2490 1972 2632 2026 κατὰ
2665 1972 2726 2025 τὸ
2761 1973 3003 2042 ἁσαρκον
3040 1971 3174 2026 ἰδίαν
3220 1969 3380 2038 φύσιν
3409 1972 3436 2022 ὁ
3480 1968 3652 2035 Λόγος
3689 1967 3778 2020 ἔτι

2192 2068 2286 2120 καὶ
2323 2065 2669 2137 ἐπιδημήσας
2707 2065 2765 2117 ἐν
2804 2064 2967 2135 σαρκί
2990 2079 3005 2096 ⁸
3042 2063 3138 2117 καὶ
3176 2062 3296 2126 πῶς
3341 2060 3450 2114 τῶν
3488 2059 3779 2129 ὑμετέρων

2188 2158 2290 2211 ούκ
2342 2156 2629 2221 iunior-rs;
2681 2153 2734 2208 τί
2789 2170 2849 2207 τε
2904 2155 3035 2225 ἡμῖν
3083 2149 3579 2223 προσεπερωτῶσιν
3627 2149 3778 2219 ὑμᾶς

2188 2244 2669 2318 ἁποκριθήσεσθες
2714 2239 2826 2316 ἆρα
2853 2243 2962 2315 γὰρ
2988 2243 3081 2297 καὶ
3114 2245 3142 2296 ὸ
3175 2239 3458 2312 Κυριακδς
3486 2238 3779 2309 ἄνθρωπος

2189 2337 2303 2408 ἔχει
2341 2336 2478 2390 ίδίαν
2512 2334 2674 2404 φύσιν
2708 2334 2851 2389 κατὰ
2897 2333 2956 2387 τὸ
3002 2331 3285 2404 σαρκικδν,
3334 2330 3385 2383 εί
3430 2328 3527 2384 καὶ
3572 2327 3778 2388 ἐνθέοις

2189 2429 2556 2499 ἐπεδήμησεν,
2591 2427 2625 2499 ἢ
2656 2426 2750 2481 τοῦ
2784 2425 2960 2493 Λόγου
3014 2424 3174 2494 μόνον
3210 2422 3443 2488 σώζεται
3473 2422 3505 2492 ἡ
3549 2419 3714 2489 φύσις
3742 2420 3779 2488 ὴ

2189 2520 2468 2591 ἄσαρκοςς
2502 2519 2723 2589 δόκησις
2776 2517 2833 2571 δέ
2874 2513 2942 2586 ἦν
2993 2518 3026 2586 ἡ
3077 2515 3385 2587 φανέρωσις
3419 2513 3517 2584 τῆς
3568 2512 3781 2583 σαρκῖς

2186 2611 2283 2664 τοῦ
2315 2610 2560 2680 Κυρίου;
2593 2610 2642 2662 εί
2685 2624 2792 2679 γαρ
2845 2606 3075 2678 ἀληθείᾳ
3114 2601 3183 2677 ἦν
3228 2608 3261 2676 ἡ
3318 2604 3627 2673 φανέρωσις
3672 2603 3780 2672 τῆς

2191 2703 2392 2774 σαρκὸς
2420 2701 2515 2755 τοῦ
2546 2701 2783 2772 κυρίους
2828 2700 2879 2752 εἰ
2909 2698 3017 2771 γὰρ
3051 2696 3281 2769 ἀληθείᾳ
3308 2692 3376 2768 ἦν
3421 2695 3515 2750 δύο
3555 2694 3776 2763 φύσεις,

2190 2795 2424 2864 ἑκατέρα
2448 2792 2615 2848 τῶνδε
2639 2791 2960 2860 συνάγουσιν
2986 2792 3064 2851 εἰς
3098 2788 3223 2859 μίαν
3252 2787 3442 2858 κοινὴν
3472 2787 3780 2840 ὑπόστασιν

2191 2885 2537 2955 συνηγμένας
2564 2883 2662 2954 τὴν
2690 2880 2879 2937 αὐτοῦ.
2924 2880 3062 2934 Ἀλλ’
3092 2881 3187 2935 ἐπὶ
3234 2879 3443 2941 τούτοις
3485 2877 3537 2932 τί
3569 2893 3775 2947 φησιν;

2190 2979 2239 3030 εί
2269 2978 2325 3031 δὲ
2361 2976 2417 3028 ἐν
2452 2976 2713 3047 ἑκάτερόν
2740 2977 2856 3027 ἐστι
2891 2973 3035 3026 κατὰ
3059 2972 3163 3042 τὴν
3205 2972 3454 3026 σύνοδον·
3488 2963 3533 3024 ὧ
3560 2970 3781 3041 ἄνθρω-

2191 3086 2282 3135 πε,
2310 3070 2360 3122 εἰ
2403 3068 2483 3133 ἓν,
2540 3068 2655 3130 πῶς
2710 3067 3001 3138 ἐκάτερον;
3042 3066 3092 3119 εί
3135 3065 3191 3120 δέ
3240 3065 3523 3138 ἑκάτερον,
3564 3062 3680 3126 πῶς
3717 3063 3781 3115 ἓν

511 3162 752 3219 ctionem
779 3168 1076 3229 utrumque
1111 3159 1171 3213 fit
1194 3174 1387 3225 unum,
1415 3159 1499 3213 vir
1527 3159 1767 3214 eximie?
1806 3170 1863 3214 at
1889 3159 1934 3214 si
1961 3174 2089 3214 vere

2191 3160 2333 3214 κατὰ
2359 3162 2420 3214 τὸ
2450 3160 2581 3213 αὐτὸ
2616 3160 2770 3212 ἔσται
2792 3176 2807 3227 ;
2833 3158 3043 3214 Οὐκοῦν
3091 3158 3257 3227 σαφὲς
3290 3158 3370 3212 ὅτι
3418 3156 3476 3210 ἓν
3504 3156 3601 3227 μὲν
3631 3157 3783 3210 κατὰ

514 3268 707 3316 unum,
752 3250 1031 3322 quomodo
1088 3251 1428 3321 utrumque?
1475 3250 1531 3306 Si
1581 3265 1712 3305 vero
1759 3260 2091 3320 utrumque,

511 3340 788 3411 quomodo
831 3338 1134 3394 secundum
1167 3338 1312 3393 idem
1346 3340 1453 3394 erit
1486 3339 1701 3394 unum?
1748 3339 1942 3394 Nonne
1972 3356 2094 3409 per-

512 3433 764 3503 spicuum
795 3440 879 3486 est
906 3431 1049 3486 idem
1088 3430 1197 3485 dici
1237 3447 1405 3485 unum
1428 3431 1499 3486 ob
1524 3430 1791 3484 unitatem
1823 3446 2092 3499 personae,

512 3534 569 3582 et
591 3532 885 3593 utrumque
914 3524 985 3578 ob
1014 3534 1265 3577 naturam
1288 3522 1596 3593 duplicem?
1617 3522 1861 3586 Minime,
1895 3523 2092 3593 inquit,

512 3617 609 3673 sed
636 3617 742 3673 hoc
771 3616 976 3671 dicitur
1008 3615 1078 3669 ob
1098 3615 1554 3684 compositionem
1586 3613 1840 3670 humanm
1866 3630 2096 3683 prorsus

512 3710 770 3765 similem.
818 3707 960 3775 Quid
1005 3707 1177 3778 ergo?
1228 3706 1386 3761 Salva
1433 3716 1690 3761 manente
1733 3715 1927 3761 natura
1969 3723 2091 3763 cor-

515 3803 666 3874 poris
708 3809 764 3857 et
812 3802 1027 3866 anima),
1095 3798 1344 3868 nunquid
1395 3806 1451 3863 et
1501 3798 1662 3853 aliam
1724 3800 1832 3872 (24)
1891 3810 2091 3870 praeter

514 3895 679 3948 hasce
731 3902 981 3947 naturam
1014 3906 1133 3946 esse
1172 3889 1227 3943 in
1257 3888 1480 3945 homine
1545 3890 1820 3952 novimus.
1873 3892 2097 3946 annon?

513 3984 572 4041 Si
618 3999 902 4057 negemus,
934 3998 1039 4038 nec
1061 3983 1116 4037 in
1143 3981 1362 4037 Christo
1391 3980 1624 4037 Domino
1660 3984 1808 4038 salva
1836 3992 2095 4039 manente

512 4076 801 4133 divinitate
851 4086 908 4130 et
949 4073 1312 4138 humanitate,
1344 4090 1573 4131 necesse
1613 4076 1776 4131 nobis
1806 4076 1916 4130 erit
1944 4090 2094 4130 com-

514 4168 732 4222 minisci
791 4164 1242 4222 communionem
1298 4163 1461 4218 aliam
1527 4173 1817 4231 naturam;
1860 4165 1905 4219 si
1959 4180 2092 4220 vero

513 4257 867 4322 aflirmemus,
890 4255 1399 4324 contendamusque
1422 4263 1620 4324 praeter
1642 4255 1860 4319 animae,
1886 4263 1942 4311 et
1964 4270 2091 4311 cor-

2190 3254 2251 3307 τὸ
2287 3251 2621 3323 πρώσωπον,
2654 3252 2915 3322 ἑκάτερον
2964 3251 3021 3304 δὲ
3068 3251 3210 3304 κατὰ
3250 3250 3347 3314 τὰς
3378 3249 3570 3319 φύσεις
3599 3248 3777 3301 ἐστίν.

2193 3345 2347 3413 Οὐχὶ,
2382 3343 2566 3415 φησὶν,
2602 3343 2739 3397 ἀλλὰ
2777 3341 2919 3396 κατὰ
2949 3342 3047 3412 τὴν
3066 3340 3452 3413 ’ἀνθρωποειδῆ
3480 3338 3737 3392 σύνθεσιν
3763 3378 3777 3391 .

2193 3438 2257 3488 Τί
2301 3433 2425 3501 οὗνς
2481 3434 2793 3506 σωζομένης
2843 3434 3057 3502 φύσεως
3106 3433 3283 3503 ψυχῆς
3339 3432 3436 3486 καὶ
3497 3430 3779 3501 σώματος,

2194 3527 2354 3597 ἴσμεν
2382 3528 2477 3581 καὶ
2526 3527 2719 3597 ἑτέραν
2755 3526 2915 3593 φύσιν
2969 3521 3109 3578 εῖναι
3160 3523 3251 3577 τὸν
3301 3521 3589 3593 ἄνθρωπον
3618 3523 3783 3592 παρά

2149 3673 2160 3682 ,
2192 3620 2376 3683 τάσδε,
2410 3620 2442 3690 ἢ
2473 3617 2592 3688 οὐχί
2618 3635 2632 3681 ;
2662 3619 2711 3671 εί
2742 3619 2837 3685 μὲν
2870 3616 2963 3671 οὖν
2989 3617 3129 3686 ούχὶ,
3160 3614 3281 3669 οὐδὲ
3316 3614 3408 3668 ἐπὶ
3438 3613 3530 3666 τοῦ
3565 3613 3780 3685 Κυρίου

2198 3712 2511 3781 σωζομένης
2543 3708 2795 3781 θεότητος
2832 3708 2928 3762 καὶ
2970 3706 3410 3778 ἀνθρωπότητος,
3446 3705 3607 3773 φύσις
3650 3706 3782 3759 ἐστὶ

2196 3801 2343 3872 αύτῷ
2366 3803 2398 3872 ἡ
2427 3798 2840 3870 καθολικωτέρα
2864 3798 2963 3868 μία
2988 3815 3001 3829 ⁸
3030 3800 3078 3851 εἰ
3108 3797 3164 3850 δὲ
3194 3796 3518 3868 σωζομένων
3541 3794 3778 3859 τούτων,

2191 3891 2419 3961 οἰόμεθα
2448 3888 2796 3957 ἐπιγενέσθαι
2830 3889 2925 3943 καὶ
2955 3887 3054 3958 τὴν
3082 3891 3395 3958 κοινοτέραν
3425 3885 3521 3939 τοῦ
3555 3885 3780 3953 ἀνθρώ-

2191 3999 2293 4035 που
2322 3982 2483 4051 φύσιν
2508 3980 2660 4051 παρὰ
2688 3978 2890 4044 ταύτας
2919 3980 3111 4050 ἑτέραν
3131 3975 3321 4044 οὖσαν,
3348 3980 3431 4041 τίς
3463 3978 3530 4033 ἂν
3559 3976 3647 4048 εἴη
3676 3982 3781 4032 καὶ

2190 4073 2347 4143 ήὲπὶ
2391 4072 2631 4145 Χριστοῦ
2675 4073 2709 4142 ἠ
2762 4071 3122 4140 ἐπιγενομένη
3172 4070 3354 4139 φύσις,
3407 4070 3440 4140 ἢ
3478 4069 3601 4123 οὔτε
3652 4069 3782 4124 θεῖα

2187 4164 2312 4218 οὔτε
2346 4163 2665 4235 ἀνθρωπίνη
2689 4162 2842 4229 ἐστί;
2884 4163 2979 4215 καὶ
3022 4163 3076 4216 τί
3107 4163 3168 4216 τὸ
3197 4163 3426 4232 φυσικὸν
3451 4162 3609 4216 τοῦτο
3629 4156 3779 4226 εἶδος

2188 4255 2251 4309 τὸ
2279 4254 2562 4326 ὑπέρθεον,
2589 4253 2779 4307 εἴπατε
2804 4269 2819 4284 ·
2851 4252 2963 4306 ἀλλ’
2989 4252 3161 4316 οὕτως
3193 4252 3293 4323 μὲν
3316 4253 3464 4308 τάδε.

515 4349 664 4419 poris
711 4346 1078 4403 substantiam
1117 4345 1298 4400 inesse
1337 4354 1394 4399 et
1441 4345 1878 4401 communiorem
1925 4346 2087 4400 aliam
2126 4346 2368 4401 hominis
2424 4353 2702 4408 naturam,
2727 4343 2797 4397 ab
2856 4351 3086 4413 utraque
3111 4343 3203 4399 illa
3223 4343 3775 4414 prorsusdiversarn:

512 4452 765 4509 quaenam
808 4440 918 4494 erit
959 4436 1015 4491 in
1049 4435 1271 4491 Christo
1310 4436 1510 4491 similis
1558 4436 1688 4491 huic
1722 4446 1940 4503 natura,
1970 4453 2092 4509 quae
2129 4455 2311 4509 neque
2353 4438 2539 4493 divina
2597 4436 2690 4502 sit,
2744 4452 2923 4507 neque
2991 4436 3268 4492 humana?
3294 4436 3506 4503 Qualis,
3573 4437 3778 4494 amabo

514 4545 633 4590 vos.
679 4530 784 4586 ista
825 4529 1041 4600 species
1090 4528 1361 4583 naturalis
1388 4540 1444 4584 et
1478 4532 1773 4599 suprema?

584 4625 710 4680 Haec
741 4639 866 4679 cum
912 4623 987 4678 ita
1030 4623 1165 4686 sint,
1208 4623 1371 4693 quale
1420 4626 1727 4695 composito
1756 4643 1956 4684 nomen
1992 4630 2091 4685 tri-
2115 4627 2169 4685 D

514 4716 795 4775 buendum
837 4715 1083 4787 putatis?
1115 4715 1384 4785 Equidem
1423 4716 1469 4772 si
1516 4719 1622 4773 tale
1660 4720 1750 4785 sit,
1785 4722 1934 4790 quod
1958 4723 2088 4779 sub—

513 4811 820 4868 sistentiam
841 4807 1134 4880 significet.
1166 4809 1305 4862 nihil
1332 4824 1580 4878 oppono;
1613 4811 1659 4866 si
1680 4828 1810 4869 vero
1835 4823 2086 4870 naturam

514 4898 804 4972 signiﬁcet,
830 4912 1016 4965 quaero
1039 4912 1292 4966 quamam
1328 4898 1400 4951 sit
1421 4898 1537 4954 haec
1559 4907 1755 4955 natura
1792 4917 1892 4971 per
1916 4902 2087 4957 hocce

513 5008 714 5048 nomen
753 4988 1095 5060 signiﬁcata?
1121 4989 1376 5045 Profecto
1417 4991 1461 5046 si
1510 4989 1724 5047 diversa
1770 4993 1990 5061 dicatur
2018 4994 2088 5048 ab

513 5083 701 5137 divina
729 5090 787 5136 et
816 5082 1077 5138 humana.
1114 5081 1295 5150 qualis
1340 5081 1487 5136 erit?
1527 5082 1569 5137 si
1611 5098 1741 5138 vero
1784 5083 1856 5139 sit
1893 5084 2088 5138 eadem

512 5188 577 5228 ac
606 5172 816 5234 divina,
842 5184 953 5223 non
985 5169 1093 5253 erit
1116 5170 1338 5239 prepria
1366 5170 1655 5240 compositi
1691 5170 2088 5235 denominatio,

512 5263 721 5334 quippe
768 5275 895 5315 cum
958 5268 1085 5314 ante
1131 5261 1581 5329 compositionem
1633 5260 1909 5315 exstiterit
1963 5276 2089 5316 cum

515 5361 733 5414 natura,
787 5360 903 5405 tum
949 5349 1123 5420 ipsius
1156 5366 1355 5405 nomen
1388 5369 1400 5405 :
1437 5352 1479 5406 si
1513 5366 1648 5406 vero
1682 5350 1756 5406 sit
1802 5349 1998 5404 eadem
2027 5367 2091 5406 ac

590 5528 702 5597 (24)
744 5528 944 5582 Putant
995 5529 1244 5583 nonnulli
1297 5530 1479 5583 inesse
1515 5527 1757 5597 singulis
1793 5527 2094 5583 individuis

520 5596 774 5653 maturam
815 5598 1107 5665 quamdam
1139 5612 1511 5662 communem,
1547 5613 1576 5649 a
1614 5596 1940 5665 ’partieulari
1992 5612 2093 5651 cu-

516 5670 713 5740 jusque
744 5668 1285 5740 naturapdistinctam
1320 5684 1334 5719 :
1370 5680 1494 5720 cum
1541 5669 1688 5720 enim
1719 5682 1874 5721 mens
1901 5677 2092 5740 nostra

522 5737 627 5794 sibi
657 5737 1063 5808 finxeritfideas
1081 5737 1347 5808 quasdam
1364 5750 1728 5808 _communes,
1758 5753 1880 5806 qua:
1905 5737 2093 5808 singu-

525 5810 592 5868 lis
632 5807 934 5865 individuis
987 5805 1268 5877 aptantur.
1323 5805 1451 5860 hinc
1504 5805 1788 5875 putarunt
1824 5805 2090 5865 exsistere

2276 4624 2366 4677 Ἐν
2396 4623 2452 4676 δὲ
2482 4621 2560 4692 τῷ
2593 4621 2837 4691 συνθέτῳ
2868 4620 3038 4690 ὄνομα
3072 4621 3133 4674 τὸ
3166 4622 3314 4675 ποῖόν
3353 4638 3489 4689 φατε
3524 4639 3776 4695 προσαρο

2198 4716 2459 4784 μόζεσθαι
2486 4731 2503 4781 ;
2552 4717 2599 4769 εί
2656 4715 2754 4785 μὲν
2785 4716 2846 4769 τὸ
2874 4713 3255 4779 ύποστατικὺν,
3317 4713 3718 4787 ἀναντίρρητος
3746 4721 3779 4771 ὁ

2194 4808 2350 4876 λόγος
2369 4824 2382 4838 ·
2412 4807 2461 4859 εί
2486 4807 2543 4861 δὲ
2579 4808 2824 4876 φυσικὸν,
2850 4807 2935 4869 τίς
2968 4806 3117 4876 αύτῷ
3151 4809 3185 4877 ή
3221 4807 3561 4877 ὑποκειμένη
3582 4806 3775 4876 φύσις.

2196 4901 2289 4953 καὶ
2316 4900 2402 4954 διὰ
2448 4899 2603 4954 τοῦδε
2634 4901 3184 4970 προσαγορευομένης
3227 4900 3277 4952 εί
3333 4899 3431 4969 μὲν
3460 4899 3571 4969 γὰρ
3608 4900 3780 4971 ἑτέρα

2196 4990 2347 5057 παρά
2374 5004 2434 5040 τε
2460 4988 2563 5059 τὴν
2592 4987 2822 5058 θεότητα
2841 4988 2933 5041 καί⁵
2956 4987 3370 5058 ἀνθρωπότητα,
3395 4989 3522 5041 ποία
3551 4988 3618 5042 ἂν
3645 4989 3735 5057 εἴη
3759 5007 3773 5051 ;

2193 5081 2242 5131 εί
2270 5079 2327 5132 δὲ
2354 5080 2386 5149 ἡ
2421 5079 2522 5148 τῆς
2542 5078 2815 5148 θεότητος.
2849 5080 2908 5132 ού
2934 5079 3026 5133 τοῦ
3056 5080 3311 5132 συνθέτου
3345 5079 3489 5137 ἰδίως
3512 5080 3545 5149 ἠ
3569 5080 3778 5148 ὀνομα-

2198 5170 2289 5224 σία
2310 5170 2384 5234 ὡς
2413 5170 2671 5224 συνθέτου
2700 5186 2714 5200 ο
2748 5171 2843 5225 καὶ
2886 5171 2993 5241 πρὸ
3021 5170 3128 5241 γὰρ
3170 5172 3267 5241 τῆς
3303 5169 3609 5234 συνθέσεως
3641 5166 3709 5242 ἦν
3737 5172 3777 5241 ἧ

2194 5277 2255 5312 τε
2295 5260 2457 5327 φύσις
2487 5260 2582 5315 καὶ
2636 5261 2699 5314 τὸ
2743 5261 2947 5331 ὄνομα·
3000 5262 3048 5314 si
3089 5261 3147 5315 δὲ
3189 5261 3287 5331 τῆς
3326 5262 3774 5333 ἀνθρωπύτητος,

2197 5353 2292 5406 καὶ
2319 5351 2494 5417 οὕτως
2533 5355 2593 5407 ού
2631 5352 2724 5407 τοῦ
2764 5354 3019 5408 συνθέτου
3053 5355 3086 5424 ἡ
3120 5356 3461 5426 προσηγορία
3485 5370 3499 5383 ’
3539 5356 3631 5410 καὶ
3663 5340 3785 5425 πρὸ⁷

2199 5540 2261 5602 et
2302 5542 2528 5587 naturas
2558 5545 2879 5602 communes
2905 5530 2977 5584 ab
3008 5530 3149 5602 ideis
3182 5529 3293 5602 illis
3325 5540 3775 5602 repraesentatas.

2201 5600 2471 5655 Nimirum
2515 5602 2767 5671 ignorant
2810 5601 2981 5665 ideas,
3016 5607 3076 5654 ut
3119 5600 3280 5670 logici
3322 5600 3644 5671 loquuntur,
3674 5600 3777 5671 ab-

2189 5679 2429 5794 1s)tractas
2482 5670 2695 5726 nullum
2743 5671 2798 5724 in
2853 5685 3038 5724 rerum
3093 5679 3288 5725 natura
3337 5671 3615 5742 objeetum
3668 5670 3773 5726 ha-

2235 5756 2351 5796 ere.
