4034 6412
268 346 388 414 1873

1402 354 1699 416 CONTRA
1741 357 2320 421 MONOPHYSITAS
2356 440 2365 453 ο

3365 355 3505 422 18Ί4

259 462 356 530 γὰρ
374 460 466 526 τῆς
496 456 735 520 ἐνὼσεως
769 459 935 530 τῆσδε
962 457 1030 533 ἦν
1065 462 1099 531 ἦ
1139 479 1199 516 τε
1232 461 1394 533 φύσις
1430 467 1521 518 καὶ
1550 467 1583 535 ή
1624 465 1815 536 κλῆσις

1936 485 2182 534 iumana,
2221 484 2290 523 ne
2343 468 2419 523 ita
2464 469 2690 538 quidem
2735 465 2959 536 propria
2992 466 3285 536 compositi
3329 467 3507 527 deno-

259 553 378 620 αὖτη
411 549 842 621 ὼμολογημένως
889 556 1077 608 πᾶσιν.
1147 554 1288 608 Ἀλλ’
1325 556 1414 610 ἵνα
1459 558 1634 610 πάντα
1675 574 1816 627 παρ-

259 644 431 710 ίδωμεν
448 682 462 704 ,
500 641 617 703 πῶς
638 640 693 692 ἐν
726 640 905 712 δνομα
926 645 1154 712 φυσικὸν
1183 644 1294 698 δεῖν
1319 646 1519 700 εἰδέναι
1553 647 1695 701 κατά
1722 646 1816 701 τοῦ

259 732 488 786 συγθὲτου
524 731 772 800 λέγοντες
816 733 963 799 ὅλου,
1010 733 1104 787 δύο
1156 752 1213 788 τε
1249 737 1345 789 καὶ
1399 736 1619 790 ἐναντία
1649 736 1816 790 αὑτοῦ

254 824 628 892 καταφάσκετε,
655 825 879 878 κτιστύν
902 842 961 878 τε
987 828 1081 879 καὶ
1105 827 1361 882 ἀκτιστον
1379 828 1513 882 αὐτὸ
1531 828 1779 898 λέγοντες
1799 846 1817 896 ;

254 918 338 970 καὶ
360 916 418 969 τό
436 932 497 984 γε
522 915 644 968 λίαν
687 915 1148 989 παραδοξότερον,
1181 920 1264 972 ὅτι
1303 918 1412 972 ἀπὸ
1449 918 1548 991 μὲν
1576 919 1676 988 τῆς
1704 918 1824 973 θεῶ

252 1023 415 1085 τητος,
471 1005 632 1077 μόνον
684 1007 747 1060 τὸ
805 1007 1064 1062 ἄκτιστον
1119 1011 1216 1062 καὶ
1260 1010 1472 1074 ἀπαθὲς
1517 1010 1821 1079 φάσκοντες

254 1090 375 1151 εἶναι
394 1096 573 1162 αὑτοῦ,
606 1098 715 1151 ἀπὸ
744 1098 803 1151 δὲ
832 1097 929 1151 τοῦ
961 1098 1216 1169 σώματος
1256 1101 1317 1154 τὸ
1343 1102 1561 1155 κτιστδν
1584 1103 1680 1155 καὶ
1718 1120 1821 1155 πα-

254 1190 414 1258 θητδν,
448 1187 572 1241 οὔτε
621 1191 869 1260 μερικῶς
906 1190 1131 1246 ἀκούειν
1173 1190 1296 1246 οὔτε
1341 1193 1521 1262 λέγειν
1569 1194 1695 1248 τάδε
1728 1194 1821 1247 ἐπὶ

253 1280 464 1351 Χριστοῦ
494 1283 783 1352 εἰρήκατε,
804 1282 922 1335 ἀλλ’
959 1284 1025 1336 ὲκ
1073 1283 1170 1336 τοῦ
1203 1283 1324 1336 ὅλου
1357 1282 1597 1356 Χριστοῦ
1630 1302 1644 1349 ;
1683 1285 1821 1352 Συγ-

252 1373 580 1442 χωρήσαντες
627 1373 688 1426 δὲ
742 1372 874 1443 ὑμῖν
903 1372 982 1436 ὡς
1010 1373 1076 1427 ἂν
1112 1374 1204 1427 καὶ
1261 1373 1518 1445 βούλεσθε
1561 1375 1820 1428 παλιλλο-

251 1466 374 1531 γεῖν,
409 1467 789 1536 ὲπαγάγοιμεν
817 1468 935 1530 τοῖς
981 1467 1109 1541 παρ’
1157 1466 1312 1538 ὑμῶν
1371 1467 1707 1536 ἀναγκαίως,
1747 1466 1822 1530 ὡς

253 1557 388 1628 είπιρ
411 1557 691 1629 ὀμοτίμως
742 1558 875 1628 περὶ
935 1557 1197 1628 ἑκατέρου
1240 1558 1360 1615 ,τῶν
1391 1560 1450 1612 ὲν
1492 1557 1715 1629 Χριστῷ
1753 1557 1825 1612 τὰ

253 1646 445 1698 ἐναντία
465 1644 745 1713 δοξάζετε,
778 1647 873 1699 καὶ
894 1646 955 1700 τδ
976 1646 1098 1699 ὅλον
1128 1647 1271 1700 κατὰ
1297 1646 1458 1714 φύσιν
1485 1646 1600 1699 ῐστε
1621 1645 1823 1700 τοιόνδε

250 1731 481 1805 Χριστοῦ,
510 1735 538 1787 ὅ
570 1735 650 1789 ἂν
679 1737 745 1789 ἐκ
788 1736 1030 1806 Θατέρας
1071 1736 1179 1789 τῶν
1218 1739 1277 1789 ἐν
1311 1736 1460 1807 αὑτῷ
1490 1736 1709 1807 φύσεων
1736 1736 1822 1790 λὲο

1922 558 2153 612 minatio
2182 557 2312 622 erit,
2338 556 2541 626 quippe
2577 570 2704 610 cum
2732 563 2859 609 ante
2891 554 3122 626 hujusce
3153 556 3503 627 conjunctio-

1919 665 2045 704 nem
2074 655 2130 703 et
2152 660 2373 713 natura,
2396 656 2453 702 et
2475 646 2852 702 denominatio
2868 647 3086 702 cunctis
3112 647 3505 705 innotesceret.

1923 736 2032 794 Sed
2081 739 2248 794 missa
2309 738 2576 794 faciamus
2629 737 2746 792 haec
2796 736 3008 791 omnia.
3065 736 3355 803 Quomodo
3405 739 3508 793 toti

1922 833 2230 903 composito
2264 832 2518 886 naturale
2568 846 2770 885 nomen
2811 846 2982 884 unum
3014 828 3214 884 tribuit
3247 839 3509 900 oportere

1922 924 2281 987 contenditis,
2335 933 2502 993 atque
2534 922 2603 977 de
2660 922 2780 992 ipso
2832 921 3117 977 contraria
3168 922 3506 991 prmdicatis.

1920 1027 2166 1073 creatum
2225 1016 2435 1071 scilicet
2475 1030 2617 1079 esse,
2647 1024 2704 1069 et
2738 1013 3085 1068 increatum?
3108 1021 3185 1077 et,
3213 1013 3363 1084 quod
3407 1014 3513 1069 ab-

1921 1107 2144 1162 surdius
2187 1114 2292 1170 est,
2328 1105 2606 1175 quomodo
2655 1103 2843 1159 dicitis
2888 1102 3172 1159 Christum
3205 1104 3259 1159 id
3300 1104 3510 1159 habere

1924 1212 1954 1250 a
1999 1203 2195 1250 natura
2236 1195 2445 1259 divina,
2494 1194 2640 1266 quod
2690 1194 2763 1251 sit
2813 1196 3091 1250 increatus
3141 1205 3198 1251 et
3253 1195 3510 1266 impassi-

1923 1285 2053 1340 bilis
2095 1303 2108 1339 :
2155 1285 2224 1339 ab
2253 1285 2492 1339 humana
2539 1293 2755 1351 contra,
2794 1284 2940 1355 quod
2972 1284 3045 1339 sit
3092 1294 3316 1340 creatus
3343 1294 3510 1356 atquc

1920 1365 2235 1447 passibilis';
2267 1376 2541 1446 simulque
2574 1375 2909 1433 contenditis
2944 1376 3061 1431 ham
3090 1392 3198 1431 non
3230 1377 3298 1431 de
3332 1386 3508 1447 parte,

1924 1466 2020 1522 sed
2058 1467 2127 1521 de
2179 1476 2294 1521 toto
2331 1466 2552 1522 Christo
2599 1466 2928 1537 praedicari?
2964 1467 3096 1533 Qua:
3151 1468 3195 1523 si
3243 1469 3513 1525 concede—

1924 1572 2111 1613 remus
2139 1558 2209 1613 ita
2239 1574 2298 1614 se
2328 1558 2557 1623 habere,
2589 1558 3055 1629 quemadmodum
3103 1560 3289 1623 vultis,
3319 1560 3509 1615 eadem

1924 1662 2144 1717 semper
2181 1647 2600 1712 deblaterando,
2644 1648 2846 1704 vestris
2894 1655 3077 1704 tamen
3121 1649 3286 1705 dictis
3330 1649 3513 1705 adhuc

1926 1738 2209 1793 instarem.
2257 1737 2314 1793 Si
2364 1737 2433 1793 de
2480 1749 2714 1808 utraque
2769 1739 2974 1795 Christi
3025 1750 3182 1810 parte
3230 1742 3508 1796 contraria

249 1841 385 1891 γιται
416 1825 555 1880 κατά
614 1827 722 1897 τῆς
777 1827 909 1897 ὅλης
963 1828 1318 1892 ὑποστάσεως
1374 1828 1561 1893 αὑτοῦ,
1608 1828 1719 1899 ἄρα
1759 1843 1822 1895 γε

1936 1828 2261 1899 praedicatis,
2297 1836 2354 1884 et
2386 1830 2755 1886 universalem
2793 1832 2962 1887 totius
3010 1831 3217 1888 Christi
3258 1844 3509 1887 naturam

249 1916 415 1988 ὥσπερ
458 1917 687 1988 ἀληθῶς
731 1920 954 1991 παθητὴ
1004 1921 1099 1973 καὶ
1141 1920 1334 1992 κτιστη
1379 1922 1411 1991 ἡ
1455 1918 1593 1991 σὰρξ
1632 1918 1821 1984 αὐτοῦ,

248 2008 401 2072 οὕτως
419 2026 483 2078 γε
507 2012 605 2064 καὶ
633 2012 669 2079 ἠ
694 2009 890 2080 θεότης
916 2010 1084 2064 αὐτοῦ
1106 2028 1122 2044 ο
1146 2011 1243 2064 καὶ
1271 2010 1462 2082 ὥσπερ
1491 2009 1708 2081 ἀπαθὴς
1732 2011 1824 2063 καὶ

250 2098 475 2162 ἀκτιστος
494 2100 529 2169 ἡ
559 2098 763 2170 θεότης
788 2099 977 2166 αὐτοῦ,
1004 2100 1177 2163 οὕτως
1198 2117 1258 2169 γε
1288 2101 1383 2153 καὶ
1404 2102 1437 2170 ή
1462 2099 1621 2170 σάρξ’
1639 2099 1826 2169 ἀπρὸς

250 2188 317 2260 τῷ
341 2188 649 2262 βλασφήμῳ
681 2190 794 2261 ἔχει
826 2192 922 2244 καὶ
946 2191 1010 2244 τὸ
1054 2190 1318 2244 ἀδύνατον
1360 2190 1583 2260 σαφῶς·
1618 2189 1680 2242 οὐ
1714 2188 1825 2260 γὰρ

250 2281 375 2335 ἔστιν
397 2284 451 2336 ὲν
473 2285 671 2355 ταυτῷ
697 2286 793 2338 καὶ
815 2285 960 2340 κατά
980 2284 1041 2339 τὸ
1066 2285 1199 2339 αὐτὸ
1228 2287 1319 2339 καὶ
1351 2284 1614 2349 ὡσαύτως
1643 2284 1820 2354 πάντη

248 2373 309 2427 τὰ
331 2376 559 2444 ἐναντία,
596 2376 833 2432 πώποτέ
863 2395 1009 2441 τινος
1044 2377 1521 2447 καταφάσκεσθαι.

1933 1921 2037 1975 hoc
2083 1919 2231 1975 ferre
2272 1922 2500 1989 putatis,
2553 1928 2616 1975 ut
2653 1922 2927 1993 quidquid
2961 1925 3128 1979 unius
3170 1924 3348 1994 partis
3377 1941 3512 1995 pro~

1929 2011 2113 2080 prium
2165 2018 2270 2075 est,
2308 2011 2363 2065 id
2415 2012 2485 2066 de
2541 2020 2653 2067 tota
2684 2015 2805 2084 ejus
2845 2029 3079 2084 persona
3112 2022 3167 2070 et
3201 2015 3508 2070 subsisten-

1931 2101 2005 2156 tia
2053 2101 2419 2172 praedicetur;
2453 2118 2524 2157 an
2562 2103 3029 2173 quemadmodum
3066 2120 3195 2161 vcre
3235 2104 3513 2175 passibilis

1928 2200 2035 2258 est,
2073 2201 2130 2248 et
2150 2202 2345 2271 creata
2374 2194 2494 2265 ejus
2524 2209 2676 2260 caro,
2702 2195 2776 2250 ita
2815 2203 2870 2250 et
2893 2196 3196 2252 divinitas?
3228 2204 3285 2252 et
3322 2212 3514 2268 quem-

1928 2282 2227 2338 admodum
2292 2284 2403 2353 pati
2458 2285 2674 2355 nequit,
2736 2295 2794 2341 et
2840 2286 3141 2342 creationis
3184 2302 3382 2357 expers
3429 2296 3514 2342 est
3592 2308 3607 2319 ε

1927 2374 2209 2440 divinitas,
2262 2375 2337 2430 ita
2374 2382 2431 2430 et
2478 2377 2599 2448 ejus
2642 2377 2806 2433 caro?
2831 2379 2965 2445 Quae
3004 2379 3250 2449 profecto
3286 2388 3511 2448 praeter-

248 2486 389 2540 quam
417 2473 559 2542 quod
588 2474 951 2530 manifestam
991 2490 1102 2546 pne
1139 2490 1199 2530 se
1266 2474 1453 2529 ferunt
1498 2473 1856 2543 impietatem,
1899 2470 2021 2526 fieri
2068 2470 2222 2524 nullo
2269 2482 2431 2540 pacto
2504 2480 2754 2541 possunt.
2813 2472 2951 2527 Nam
3010 2471 3129 2529 fieri
3182 2475 3395 2544 nequit,
3455 2482 3517 2527 ut

251 2566 331 2618 uni
352 2565 642 2637 eidemque
671 2568 983 2622 secundum
1010 2567 1161 2623 idem
1183 2568 1495 2638 eodemque
1521 2565 1697 2620 modo
1718 2564 1993 2619 contraria
2045 2561 2403 2617 conveniant.

253 2676 350 2731 Ἰοῦ
371 2677 553 2734 αὑτοῦ
580 2679 854 2735 Ἰουλίου
885 2680 955 2733 ἐκ
1001 2681 1108 2734 τοῦ
1158 2679 1292 2749 περὶ
1332 2679 1441 2749 τῆς
1488 2679 1558 2734 ὲν
1593 2676 1850 2748 Χριστῷ,

788 2776 791 2777 ν
888 2750 1189 2818 ἐνὼσεως,

313 2874 334 2910 ι
370 2858 740 2929 Ὠμολόγηται
772 2859 833 2913 δὲ
886 2862 945 2915 ὲν
998 2859 1150 2931 αὖτῷ
1181 2860 1246 2913 τὸ
1283 2859 1387 2930 μὲν
1432 2854 1574 2915 εἶναι
1611 2859 1830 2915 κτιστὸν

250 2951 301 3004 ἐν
325 2950 528 3023 ἑνότητι
568 2952 677 3006 τοῦ
722 2952 1005 3016 ἀκτίστου,
1038 2951 1257 3021 φύσεως
1305 2952 1439 3022 μιᾶς
1480 2950 1541 3016 ἐξ
1568 2952 1829 3023 ἑκατέρου

253 3042 430 3114 μέρους
470 3044 911 3113 συνισταμένης,
978 3041 1214 3114 μερικὴν
1272 3043 1559 3112 ἐνέργειαν
1605 3043 1702 3097 καὶ
1733 3041 1830 3096 τοῦ

252 3134 402 3202 Λόγου
437 3134 875 3197 συντελέσαντος
908 3135 991 3196 εἰς
1032 3133 1094 3185 τὸ
1136 3133 1278 3200 ὅλον,
1328 3135 1468 3202 μετά
1508 3133 1607 3205 τῆς
1639 3133 1830 3204 θεῖκῆς

250 3225 585 3296 τελειότητος,
621 3227 768 3295 ὅπερ
811 3225 908 3277 ἐπὶ
941 3224 1037 3278 τοῦ
1090 3224 1273 3277 κοινοῦ
1318 3221 1609 3296 ἀνθρώπου
1640 3225 1704 3277 ὲκ
1741 3222 1834 3277 δύο

1954 2686 1957 2689 ‘
2003 2658 2255 2747 Ejusdem
2298 2673 2429 2729 Julii
2461 2689 2526 2727 ea:
2549 2674 2772 2744 epistola
2797 2675 2862 2729 de
2895 2677 3090 2730 unione
3121 2676 3175 2729 in
3217 2674 3442 2731 Christo.
3467 2682 3481 2693 '

2007 2886 2025 2920 ι
2054 2865 2397 2922 Conﬁtemur
2451 2864 2507 2919 in
2538 2878 2607 2920 eo
2639 2879 2763 2920 esse
2810 2871 3058 2920 creatum
3103 2879 3228 2920 cum
3267 2865 3526 2921 incrcato-

1932 2958 2172 3022 unitum,
2220 2956 2495 3028 siquidem
2551 2972 2664 3014 una
2715 2963 2919 3011 natura
2969 2973 3038 3012 ex
3089 2966 3321 3027 utraque
3363 2968 3521 3027 parte

1931 3039 2306 3119 componitur,
2345 3057 2403 3103 et
2448 3047 2712 3110 Verbum,
2748 3047 3054 3102 secundum
3098 3047 3342 3104 divinam
3388 3065 3521 3119 per-

1931 3139 2252 3205 fectionem,
2279 3138 2568 3209 partialem
2591 3132 2973 3208 operationem
2998 3139 3054 3194 in
3080 3149 3254 3194 totum
3282 3138 3520 3211 perﬁcit,

1933 3230 2083 3303 quod
2120 3232 2177 3286 in
2223 3231 2447 3286 homine
2493 3230 2709 3302 vulgari
2762 3229 2824 3285 ῆι
2868 3231 3177 3300 composito
3207 3246 3275 3287 ex
3304 3231 3523 3287 duabus

255 3314 417 3385 μερῶν
452 3315 669 3368 ἀτελῶν
718 3314 952 3380 γίνεται,
988 3314 1119 3383 μίαν
1154 3312 1317 3381 φύσιν
1361 3312 1714 3383 πληροῦντων
1743 3312 1829 3366 καὶ

1936 3321 2211 3392 partibus,
2258 3336 2383 3392 quae
2418 3336 2585 3376 unam
2617 3321 2969 3377 constituunt
3006 3331 3259 3377 naturam
3302 3331 3361 3377 et
3410 3337 3522 3377 uno

253 3404 324 3459 ἑνὶ
343 3405 564 3476 ὀνόματι
589 3405 972 3476 δηλουμένων.
1005 3424 1024 3456 ι
1058 3405 1232 3472 Baeti;
1259 3403 1370 3475 ἄρα
1393 3401 1469 3466 ὡς
1490 3403 1590 3472 τῆς
1612 3401 1829 3471 φύσεως

251 3495 333 3550 τοῦ
356 3496 554 3551 οἰκείου
614 3497 745 3550 ὅλου
788 3496 892 3565 τῆς
943 3496 1092 3565 μιᾶς,
1129 3495 1298 3565 ἧγουν
1348 3494 1447 3563 τῆς
1497 3491 1759 3563 Χριστοῦ,
1794 3493 1828 3563 ἠ

252 3588 387 3661 Ouini)
409 3590 697 3660 τελειότης
716 3603 731 3618 ·
765 3589 933 3660 μέρος
952 3583 1046 3643 οὖν
1070 3587 1298 3656 φυσικὸν
1328 3588 1423 3640 καὶ
1446 3585 1687 3639 ἐλάττων
1712 3584 1833 3638 ἐστὶ

251 3680 415 3749 φύσις,
444 3682 538 3735 xci.
570 3682 646 3735 οὐ
676 3680 838 3751 μόνον
867 3679 1051 3751 γυμνὴ
1090 3677 1294 3749 σαρκὸς
1325 3675 1564 3748 κρίνοιτο
1592 3675 1687 3730 τοῦ
1725 3676 1832 3731 A6-

254 3787 337 3841 τω
364 3774 493 3845 πρὸς
521 3772 772 3845 Χριστόν
797 3789 813 3804 ·
840 3772 983 3843 ὅπερ
1011 3771 1062 3825 εί
1089 3772 1119 3826 ὁ
1162 3769 1385 3834 Ἰούλιος
1413 3771 1543 3840 ἔφη,
1590 3769 1762 3834 ὅντως
1803 3771 1835 3823 ὀ

255 3862 561 3934 βωλὸμενος
603 3862 917 3918 σκοπείτωί
1044 3886 1049 3911 :

252 3977 566 4047 Γρηγορίου
613 3975 725 4031 τοῦ
765 3977 1253 4047 Θαυμαλτουρτοῦ,
1292 3975 1373 4043 ὥς
1403 3992 1615 4046 φασιν,
1660 3974 1730 4029 ἐν
1760 3973 1836 4042 τῇ

729 4045 882 4100 κατὰ
905 4045 1090 4117 μέρος(
1120 4049 1346 4102 Πίστει.

312 4161 381 4215 Τὸ
403 4161 661 4227 δοξάζειν
698 4160 796 4215 δύο
828 4158 1022 4231 φύσεις
1049 4161 1142 4215 τὸν
1173 4160 1270 4215 ἕνα
1300 4158 1558 4231 Χριστὸν,
1602 4159 1837 4229 τετράδα

252 4252 340 4320 τὴν
364 4255 525 4322 ἁγίαν
550 4255 771 4324 Τριάδα
802 4256 964 4317 ποιεῖ,
993 4254 1149 4325 φησί’
1179 4252 1284 4324 ἔφη
1311 4252 1421 4322 γὰρ
1446 4251 1640 4316 οὕτως⁸
1675 4270 1697 4304 ι
1729 4252 1838 4307 Καὶ

255 4342 357 4398 ἔστι
382 4345 512 4409 Θεὸς
542 4345 809 4414 ἀληθινὸς
838 4346 868 4397 ὀ
900 4345 1144 4414 ἄσαρκος
1172 4348 1230 4398 ὲν
1278 4345 1447 4414 σαρκὶ
1496 4327 1839 4415 φανερωθεὶς

254 4435 439 4502 τέλειος
470 4442 538 4509 τῇ
567 4438 807 4509 ἀληθινῇ
860 4438 956 4490 καὶ
1002 4435 1125 4507 θείᾳ
1167 4437 1489 4508 τελειότητι,
1518 4437 1579 4490 οὐ
1610 4436 1704 4491 δύο
1734 4434 1838 4504 φῦ·

259 4540 376 4591 σεις,
408 4529 529 4582 οὐῖὲ
568 4527 874 4599 τέσσαρας,
905 4528 1232 4597 προσκυνείν
1273 4525 1528 4597 λέγομεν,
1556 4523 1709 4588 Θεὸν,
1746 4523 1840 4578 καὶ

258 4616 371 4669 Τίον
384 4618 540 4685 Θεοῦ,
558 4618 663 4673 καὶ
678 4617 986 4688 ἄνθρωπον,
1001 4617 1097 4671 καὶ
1115 4616 1342 4686 Πνεῦμα
1361 4615 1537 4683 ἅγιον.
1568 4634 1588 4666 ι
1618 4614 1841 4688 Πρῶτον

1936 3410 2164 3464 nomine
2216 3408 2637 3479 appellantur.»
2690 3406 2936 3479 Apparet
2992 3409 3184 3480 igitur,
3230 3409 3529 3479 perfectio-

1937 3517 2067 3557 nem
2097 3501 2343 3557 divinam
2370 3500 2440 3555 ad
2464 3514 2630 3554 unam
2661 3508 2919 3555 naturam
2948 3515 3017 3556 ex
3047 3500 3223 3571 ipsius
3256 3500 3525 3554 totalitate

1938 3591 2325 3663 compositam,
2363 3589 2417 3645 id
2461 3598 2549 3645 est
2589 3589 2659 3644 ad
2693 3589 2978 3647 Christum
3029 3590 3311 3662 pertinere
3343 3608 3359 3644 :
3395 3606 3526 3661 pars

1938 3680 2209 3736 naturalis
2228 3689 2396 3750 atque
2425 3678 2608 3734 minor
2626 3686 2714 3734 est
2739 3687 2960 3744 natura,
2994 3694 3098 3735 nec
3120 3680 3298 3735 solum
3341 3680 3523 3735 carnis

1939 3785 2140 3841 expers
2163 3770 2448 3842 iudicetur
2469 3768 2636 3826 Verbi
2663 3769 2844 3838 quoad
2872 3766 3179 3824 Christum.
3210 3769 3366 3836 Quod
3391 3785 3525 3824 num

1939 3862 2121 3918 Julius
2154 3876 2290 3917 vere
2330 3860 2556 3925 dixerit,
2591 3860 2911 3931 quicunque
2956 3859 3198 3915 voluerit
3229 3861 3524 3931 expendet.

1943 3973 2617 4047 CregoriiThaumamrgi,‘
2660 3973 2716 4026 in
2766 3971 3085 4047 particulam

3142 3972 3269 4041 ﬁdei
3317 3975 3521 4046 exposi-

2576 4043 2719 4097 tione
2757 4042 2886 4113 (25).

2011 4156 2252 4214 Credere
2294 4156 2433 4212 duas
2471 4163 2703 4211 naturas
2749 4169 2869 4212 esse
2899 4171 3068 4211 unum
3101 4156 3406 4223 Christum,
3438 4158 3524 4213 in.

1943 4249 2163 4321 quiunt,
2230 4248 2339 4303 hoc
2385 4248 2814 4317 quaternitatem
2877 4248 2933 4302 in
2995 4246 3284 4304 Trinitatis
3342 4248 3524 4305 locum

1945 4340 2181 4396 inducit.
2228 4340 2305 4395 Ita
2355 4340 2505 4394 enim
2553 4339 2804 4409 loquitur
2841 4358 2855 4395 :
2893 4357 2912 4390 ι
2938 4339 3006 4394 Et
3039 4349 3124 4395 est
3161 4340 3308 4396 Deus
3361 4357 3528 4398 verus

1946 4432 2062 4502 (qui
2086 4431 2272 4487 carnis
2299 4445 2499 4501 expers
2542 4429 2600 4485 in
2624 4443 2791 4485 carne
2833 4444 2892 4485 se
2924 4429 3217 4486 visendum
3244 4430 3526 4503 praebuit).

1945 4530 2002 4577 et
2046 4520 2345 4592 perfectus,
2380 4534 2510 4574 vera
2554 4527 2610 4574 et
2641 4518 2829 4573 divina
2865 4518 3207 4588 perfectione
3231 4517 3535 4589 perditus;

1948 4613 2005 4670 in
2032 4630 2143 4685 quo
2174 4629 2354 4684 neque
2379 4612 2517 4667 duas
2557 4625 2821 4682 personas
2854 4625 2957 4666 nos
3007 4609 3240 4666 adorare
3268 4609 3532 4673 dicimus,

262 4707 349 4773 μὲν
373 4710 655 4776 ἀγνοεῖται
698 4685 796 4761 καί
834 4706 1240 4777 ἀμφιϐάλλεται
1269 4685 1406 4759 λίαν
1449 4707 1482 4776 ἡ
1520 4685 1717 4776 χρῆσις
1746 4705 1829 4759 καὶ

1945 4718 2124 4774 neque
2176 4702 2316 4758 duas
2358 4710 2607 4764 naturas,
2643 4715 2748 4756 nec
2780 4701 2887 4755 ista
2917 4708 3177 4771 quatuor,
3209 4700 3381 4754 Deum
3417 4700 3528 4754 sci-

256 4798 341 4865 ἧδε
362 4815 378 4830 ο
414 4801 565 4871 ὅμως
595 4799 783 4869 μέντοι
820 4796 896 4868 μὴ
933 4797 1028 4851 δύο
1054 4797 1326 4869 πρόσωπα
1355 4796 1448 4850 ἐπὶ
1481 4794 1720 4864 Χριστοῦ
1745 4796 1836 4849 λέ-

257 4905 367 4956 γειν
393 4891 549 4958 φησὶ,
586 4890 680 4945 ἵνα
712 4889 789 4961 μὴ
843 4888 1232 4959 ὁμολογοῦντες
1265 4888 1430 4942 αὐτὸν
1478 4887 1614 4941 Θεὸν
1656 4888 1749 4942 καὶ
1778 4890 1836 4941 ὲν

257 4980 426 5053 τελείᾳ
454 4982 699 5052 θεότητι,
723 4982 819 5036 δύο
844 4981 901 5035 δὲ
918 4981 1083 5036 αὐτοῦ
1109 4981 1396 5053 πρόσωπα,
1427 4979 1663 5051 τετράδα
1691 4997 1836 5051 παρ-

260 5073 490 5144 ιστῶμεν
549 5074 665 5128 τῶν
709 5074 874 5127 Θείων
924 5073 1255 5146 προσώπων,
1315 5072 1449 5126 Θεοῦ
1497 5071 1593 5127 τοῦ
1627 5071 1837 5144 Πατρὺς

258 5162 331 5229 ἓν,
361 5163 454 5219 καὶ
476 5164 612 5219 Υίοῦ
642 5163 782 5219 Θεοῦ
832 5162 913 5227 ἓν,
954 5165 1048 5219 καὶ
1090 5164 1381 5237 ἀνθρώπου
1408 5162 1486 5228 ἒν,
1532 5164 1628 5216 καὶ
1668 5161 1839 5216 Πνεῦ-

264 5271 420 5321 ματος
449 5256 606 5324 ἁγίου
640 5255 723 5320 ἓν,
754 5254 1122 5328 ἀριθμοῦντες
1144 5273 1160 5289 ο
1208 5256 1324 5311 ἀλλ’
1360 5255 1484 5310 οὐδὲ
1521 5254 1615 5309 δύο
1647 5253 1839 5326 φύσεις

262 5345 404 5412 θείας
430 5350 619 5420 μέντοι
650 5350 852 5405 είδέναι
878 5349 1047 5403 αὑτοῦ
1077 5366 1231 5419 φησι,
1263 5348 1379 5403 ἀλλ’
1409 5350 1468 5402 ὲν
1504 5350 1604 5420 μιᾷ
1632 5348 1838 5418 φυσικῇ

262 5437 374 5509 Θείᾳ
394 5441 716 5513 τελειότητι,
761 5443 970 5496 τέλειον
1010 5441 1175 5495 αὑτὸν
1219 5442 1354 5495 Θεὸν
1398 5441 1701 5512 ὁμολογεῖν,
1743 5441 1841 5493 καὶ

263 5529 355 5583 οὐκ
377 5533 433 5585 ἔν
456 5532 554 5587 δύο
576 5549 592 5566 ·
621 5534 833 5606 ὅτιγὰρ
860 5533 1147 5604 ἀτρέπτως
1172 5532 1462 5604 ὲσαρκὼθη
1489 5532 1578 5586 καὶ
1610 5530 1839 5586 ἁδιπλαο

329 5685 439 5758 (25)
457 5689 677 5746 Nullum
694 5689 950 5761 Gregorii
971 5688 1370 5761 Thaumaturgi
1391 5704 1530 5761 opus
1551 5686 1616 5742 ad
1642 5702 1835 5761 manus

268 5769 472 5816 nostras
518 5758 835 5833 pervenisse
883 5772 1088 5834 praeter
1137 5758 1530 5825 solamlidem,
1568 5773 1731 5828 quam
1778 5758 1833 5811 in

1942 4795 2094 4861 licet,
2147 4803 2205 4851 et
2253 4793 2454 4849 Filium
2509 4791 2631 4857 Dei,
2696 4799 2753 4847 et
2803 4789 3115 4856 hominem,
3158 4798 3219 4845 et
3260 4790 3537 4860 Spiritum.

1942 4897 2216 4944 sanctum.
2243 4904 2262 4937 ι
2287 4886 2368 4941 Ad
2404 4885 2520 4940 lucc
2542 4885 2784 4955 primum
2810 4882 3050 4938 dicimus
3075 4882 3348 4936 incertum
3379 4896 3523 4942 csse,

1938 4989 1995 5035 et
2029 4977 2273 5034 dubitari
2308 4977 2544 5032 maxime
2574 4976 2742 5031 etiam
2781 4973 2849 5029 de
2882 4974 2991 5029 hac
3012 4972 3362 5036 auctoritate,
3393 4987 3524 5026 num

1938 5069 2177 5141 genuina
2225 5068 2300 5124 sit
2340 5065 2589 5122 :deinde
2626 5072 2851 5121 sanctus
2891 5066 3056 5120 Pater
3112 5065 3191 5119 ait
3250 5079 3360 5118 non
3403 5079 3526 5118 esse

1939 5161 2104 5218 nobis
2136 5160 2205 5216 de
2246 5158 2469 5216 Christo
2501 5172 2766 5228 personas
2802 5155 2941 5212 duas
2981 5152 3398 5227 przedicandas;
3428 5169 3516 5207 ne-

1941 5256 2072 5310 dum
2127 5257 2306 5323 tpsum
2343 5251 2516 5305 Deum
2562 5249 2808 5320 perfecta
2861 5246 3152 5304 divinitate
3207 5245 3525 5319 praeditum,

1941 5346 2313 5415 eumdemque
2350 5342 2568 5399 duabus
2612 5340 2869 5412 personis
2905 5347 3167 5395 ornatum
3202 5337 3522 5398 asserimus.

1943 5437 2292 5499 inducamus,
2335 5443 2577 5504 quatuor
2618 5431 2837 5487 divinas
2878 5443 3163 5501 personas,
3208 5428 3305 5483 Dei
3344 5426 3529 5483 Patris

1944 5542 2131 5593 unam,
2180 5525 2311 5605 Filii.
2339 5525 2434 5580 Dei
2465 5526 2719 5591 alteram,
2765 5520 3007 5576 hominis
3035 5518 3274 5583 tertiam,
3306 5526 3363 5572 et
3403 5516 3529 5587 Spi-

1943 5683 2156 5806 visionei
2183 5680 2555 5806 costpexcrit,
2591 5687 2823 5734 testatur
2860 5675 3141 5748 Nysscnus
3170 5672 3225 5730 in
3252 5672 3369 5744 eius
3399 5688 3523 5728 ora~

1943 5760 2091 5806 tione
2158 5768 2262 5806 unc
2310 5768 2372 5805 rt.

1943 5760 2091 5810 tione
2136 5760 2372 5807 funebri.
