4034 6402
462 294 600 361 1875

1733 238 2045 355 ιΕοΝΤίι
2086 292 2456 355 BYZANTIN
2465 296 2492 355 Ι

3594 294 3732 359 1876

459 416 598 468 ritus
626 410 802 467 sancti
838 421 1114 481 quartam.
1151 410 1339 481 Neque
1368 408 1500 465 dicit
1532 408 1673 464 duas
1724 410 1778 461 in
1812 406 2035 463 Christo

2149 407 2373 471 τιάστως
2410 408 2507 481 τὴν
2553 410 2785 482 θεότητα
2834 409 2971 480 ἔχει,
3008 410 3261 481 βούλεται
3292 410 3501 477 δεῖξαι·
3532 412 3560 465 ὀ
3594 411 3732 479 γοῦν

453 512 514 561 se
551 519 712 559 nosse
736 514 962 558 naturas
1004 503 1241 568 divinas,
1288 502 1385 558 sed
1414 503 1469 556 in
1503 517 1611 556 una
1645 504 1774 571 (non
1807 501 1862 554 in
1894 504 2031 555 dua-

453 594 579 664 bus)
632 593 872 649 naturali
930 593 1120 648 divina
1178 591 1517 662 perfectione
1566 604 1694 645 eum
1730 590 2041 659 perfectum

451 698 513 740 se
544 683 706 738 fateri
757 682 1040 753 praedicat.
1102 680 1215 735 Hoc
1252 681 1401 736 enim
1455 680 1686 735 innuere
1722 679 1859 742 vult,
1899 678 2040 734 Ver-

455 778 587 830 bum
627 790 851 830 carnem
908 773 1294 843 assumpsisse.
1349 770 1541 827 eadem
1585 773 1640 825 in
1689 770 2041 840 simplicitate

458 879 556 918 sua
600 858 855 917 manente
895 862 1204 916 divinitate.
1251 860 1465 916 Idcirco
1519 860 1664 914 idem
1702 861 1865 929 paulo
1913 870 2041 915 ante

461 953 641 1008 dicit:
683 972 701 1004 ‹
742 951 878 1007 (Iam
928 968 1059 1007 caro
1104 952 1327 1006 dolores
1369 951 1604 1016 subiret,
1646 959 1705 1005 et
1751 950 2045 1006 affectibus

2140 499 2301 563 αὐτὸς
2327 501 2431 571 πρὸ
2461 500 2692 572 βραχέος
2717 504 2850 574 φησί
2876 522 2891 534 ο
2937 525 2954 556 ι
2987 505 3094 558 Καὶ
3134 504 3240 558 τῶν
3266 505 3393 575 περὶ
3416 505 3593 574 σάρκα
3625 520 3734 556 πα-

2145 589 2254 641 θῶν
2287 592 2610 660 γινομένων,
2646 595 2745 663 τὴν
2801 595 3067 649 ἀπάθειαν
3116 598 3149 666 ἡ
3204 594 3436 662 δύναμις
3482 589 3595 666 εἶχε
3634 593 3749 664 τὴν.

2148 674 2367 751 ὲᾶυτῆς.
2396 700 2413 732 ι
2452 683 2678 754 Ἀσεϐὴς
2707 684 2801 738 οὖν
2831 688 2857 739 ό
2879 686 2939 738 τὸ
2965 685 3133 757 πάθος
3165 686 3384 752 ἀνάγων
3412 687 3491 747 είς
3522 686 3622 755 τὴν
3645 684 3739 737 δύο

2151 789 2315 840 ναμιν
2339 790 2352 803 ·
2386 775 2414 826 ὁ
2442 773 2551 844 γὰρ
2582 777 2678 845 τῆς
2710 776 2866 846 δόξης
2916 776 3117 848 Κύριος
3160 779 3216 830 ὲν
3242 776 3569 849 ἀνθρωπίνῳ
3597 776 3734 846 σχοήο

2153 882 2283 934 ματι
2316 865 2546 936 πέφηνε,
2588 868 2687 939 τὴν
2734 868 3084 942 ἀνθρωπίνην
3120 869 3439 939 οἰκονομίαν
3467 868 3732 936 ἀναδεξά-

2155 973 2336 1025 μενος.

458 1044 803 1110 traheretur;
864 1056 1106 1113 superna
1153 1048 1400 1112 potestas
1434 1040 1632 1094 borum
1668 1041 1916 1094 omnium
1981 1041 2244 1099 immunis
2294 1046 2515 1103 mansit.
2549 1068 2566 1099 ι
2622 1048 2886 1118 Quisquis
2947 1064 3079 1120 ergo
3110 1035 3330 1105 dolores
3386 1059 3446 1105 et
3510 1056 3741 1119 pertur-

458 1139 613 1192 batos
643 1137 875 1190 allectus
921 1137 976 1189 in
1029 1150 1325 1204 supernam
1376 1142 1711 1204 potestatem
1768 1132 1914 1187 illam
1960 1132 2195 1202 inducit,
2252 1136 2457 1207 impius
2525 1150 2644 1206 est;
2712 1141 2919 1195 etenim
2985 1141 3253 1198 Dominus
3295 1142 3485 1213 gloria:
3515 1155 3709 1198 secon

459 1226 808 1300 spiciendum
850 1226 906 1279 in
955 1227 1196 1279 humana
1232 1224 1411 1279 forma
1452 1222 1708 1293 praebuit,
1751 1223 2044 1277 humanam
2086 1224 2464 1281 conditionem
2506 1227 2818 1284 subeundo.

531 1343 768 1414 Gregorii
795 1341 1069 1415 [Nysseni]
1099 1358 1163 1395 ex
1193 1357 1348 1412 opere
1374 1349 1561 1394 contra
1589 1339 1976 1411 Apollinarem.
2062 1424 2067 1427 _

539 1541 556 1572 ι
598 1521 877 1577 Accusant
920 1538 1021 1576 nos
1066 1521 1224 1592 quasi
1263 1519 1402 1577 duas
1445 1529 1692 1585 naturas,
1722 1518 1929 1574 divisas
1959 1516 2047 1573 vel

458 1614 767 1668 contrarias
807 1613 1259 1674 introducamus.
1300 1622 1358 1668 et
1405 1612 1881 1682 supranaturalcm
1944 1610 2045 1666 ad-

2325 1344 2819 1418 I‘pnroplovjroﬁ
2855 1346 3137 1418 [νύσσης]
3171 1347 3241 1400 ἐκ
3272 1344 3379 1400 τοῦ
3409 1344 3562 1399 κατὰ

2674 1416 3165 1485 Ἀπολιναριτῶἰο.

2224 1546 2243 1579 ι
2273 1526 2688 1600 Κατηγοροῦσιν
2715 1528 2873 1600 ήμῶν
2915 1528 2992 1594 ὡς
3026 1528 3122 1583 δύο
3150 1529 3342 1599 φύσεις
3377 1527 3736 1596 εἰσαγόντων,

2146 1619 2543 1690 ἀπηρτημένας
2595 1621 2630 1692 ἦ
2687 1621 3029 1692 μαχομένας,
3077 1622 3192 1691 ,καὶ
3252 1621 3585 1692 μεριζόντων
3635 1619 3738 1690 τὴν

463 1707 883 1777 mirandamque
908 1707 1170 1762 unionem
1196 1707 1602 1763 discernamus.
1628 1726 1646 1757 ι
1686 1705 1808 1761 Jam
1830 1719 1985 1767 vero,
2012 1719 2043 1759 ο

2149 1708 2403 1779 ὑπερφυᾶ
2432 1709 2527 1762 καὶ
2576 1708 2888 1778 Θαυμασίαν
2938 1710 3155 1764 ἕνωσιν.
3192 1728 3211 1762 ι
3254 1709 3418 1772 Ἀλλ’,
3469 1703 3514 1764 ὦ
3562 1703 3735 1772 οὗτοι,

463 1799 614 1863 boni,
667 1798 997 1853 divisionem
1047 1813 1113 1854 ac
1173 1813 1413 1869 pugnam
1466 1796 1655 1852 dicere
1697 1795 1765 1850 de
1804 1796 2042 1861 naturis,

464 1889 759 1945 manifesto
790 1904 1066 1960 nusquam
1106 1897 1193 1945 est
1222 1897 1490 1944 statutum
1516 1888 1659 1942 :hoc
1684 1887 1835 1942 enim
1875 1886 2051 1941 admi-

464 1980 688 2035 randam
726 1981 942 2036 dirimit
970 1981 1253 2036 unionem.
1279 1979 1628 2050 Oportuisset
1656 1987 1840 2034 autem
1871 1978 2049 2033 solum

460 2071 626 2125 modo
660 2071 849 2127 dicere
896 2089 908 2123 :
946 2071 1107 2140 quasi
1167 2070 1306 2126 duas
1347 2079 1575 2126 naturas
1630 2070 2052 2125 introducamus

460 2172 517 2219 ct
567 2162 952 2219 admirandam
1008 2162 1270 2219 unionem
1303 2163 1706 2219 discernamus.
1743 2181 1762 2214 ι

727 2274 916 2347 Cyri!“
969 2291 1034 2331 ea:
1073 2276 1297 2347 epistola
1353 2278 1423 2331 ad
1486 2275 1797 2331 Succnsum.

537 2404 556 2437 ι
582 2384 904 2455 Quanquam
948 2387 1338 2458 conjunctione
1382 2386 1543 2446 facta.
1579 2396 1640 2441 ut
1693 2386 1750 2440 in
1791 2389 2047 2442 confesso

460 2484 565 2541 est,
602 2492 713 2531 non
745 2477 983 2547 amplius
1023 2479 1094 2534 ab
1128 2493 1186 2533 se
1218 2479 1451 2533 invicem
1485 2478 1895 2549 disjnnguntur,
1923 2493 2047 2548 quae

461 2569 755 2638 conjuncta
793 2577 921 2622 sunt
947 2586 961 2636 ;
1004 2571 1101 2625 sed
1128 2586 1273 2624 unus
1292 2578 1539 2625 remanet
1569 2569 1760 2635 Filius,
1790 2585 1901 2625 una
1925 2571 2046 2642 ejus

459 2661 555 2731 qui
588 2676 811 2716 carnem
837 2662 1157 2731 assumpsit,
1188 2671 1404 2735 natura.
1449 2679 1470 2714 ι

530 2752 733 2807 Verum
780 2764 1035 2808 accurate
1077 2754 1279 2822 pieque
1309 2768 1427 2809 rem
1463 2752 1813 2825 perpendere
1842 2753 2049 2808 volenti

458 2843 813 2912 perSpicuum
840 2842 922 2906 fit,
962 2859 1126 2898 unam
1168 2859 1294 2898 eum
1326 2858 1574 2898 asserere
1615 2843 1738 2898 Filii
1773 2852 2047 2908 naturam,

459 2944 734 3005 quatenus
782 2942 981 2990 natura
1018 2934 1189 3003 Filius
1217 2944 1335 3001 est;
1367 2950 1493 2993 nam
1540 2934 1660 2990 ﬁeri
1694 2949 1803 2989 non
1847 2942 2050 3003 potest,

463 3034 524 3083 ut
550 3028 644 3096 qui
692 3027 864 3082 semel
898 3035 1096 3081 natura
1126 3026 1299 3082 Filius
1325 3026 1452 3092 fuit,
1489 3026 1687 3082 evadat
1720 3026 1887 3080 etiam
1918 3021 2049 3079 ado-

462 3114 667 3184 ptionis
714 3115 883 3169 Filius
919 3132 1016 3185 per
1046 3116 1549 3186 gratiamnetiamsi
1578 3116 1764 3170 carnis
1789 3122 2044 3167 naturam

459 3207 839 3277 assumpserit,
876 3207 945 3262 ab
995 3223 1054 3264 se
1083 3223 1364 3279 nunquam
1405 3204 1832 3277 segregandam;
1884 3202 2043 3271 quasi

2154 1801 2319 1868 σαφὲς
2372 1800 2457 1853 ὅτι
2507 1799 2607 1871 τὴν
2665 1801 2978 1871 ἀπάρτησιν
3032 1801 3127 1854 καὶ
3185 1801 3368 1873 μάχην
3420 1799 3598 1870 λέγειν
3642 1801 3738 1854 ἐπὶ

2148 1890 2258 1944 τῶν
2296 1890 2530 1959 φύσεων,
2566 1891 2628 1943 ού
2686 1891 2979 1945 συνέθετο*
3042 1892 3172 1946 τάδε
3228 1895 3338 1965 γὰρ
3392 1890 3606 1963 μερίζει
3633 1893 3737 1961 τὴν
3816 1929 3837 1948 ρ

2150 1980 2472 2051 θαυμαστὴν
2503 1981 2731 2035 ἕνωσιν·
2780 1982 2906 2036 ἐπεὶ
2964 1980 3073 2036 ἔδει
3116 1982 3296 2051 λέγειν
3346 1983 3508 2054 μόνον
3537 1983 3732 2050 οὕτως,

2149 2070 2224 2135 ὡς
2273 2071 2367 2125 δύο
2427 2071 2617 2140 φύσεις
2669 2074 3038 2142 εἰσαγόντων,
3091 2072 3189 2127 καὶ
3245 2071 3581 2142 μεριζόντων
3633 2074 3738 2143 τὴν

2152 2159 2409 2230 ὑπερφυᾶ
2448 2159 2665 2215 ἕνωσιν.

2205 2276 2511 2342 Κυρίλλου
2541 2274 2611 2328 ἐκ
2641 2274 2745 2344 τῆς
2778 2275 2931 2344 πρὸς
2969 2279 3316 2334 Σούκενσον
3340 2275 3696 2344 ἐπιστολῆς.

2226 2404 2246 2440 ι
2295 2387 2445 2458 Πλὴν
2507 2386 2610 2456 τῆς
2675 2387 2921 2453 ἑνώσεως
2995 2388 3440 2461 ὀμολογουμένης
3467 2428 3482 2452 ,
3548 2388 3737 2443 οὐκέτι

2147 2478 2449 2533 διίστανται
2501 2479 2747 2550 ἀλλήλων
2797 2478 2866 2533 τὰ
2906 2480 3204 2545 ἑνωθέντα,
3253 2480 3371 2534 ἀλλ’
3418 2475 3499 2544 εἷς
3547 2479 3736 2533 λοιπον

2148 2570 2298 2633 Υἱὸς,
2334 2568 2434 2639 μία
2463 2568 2626 2639 φύσις
2654 2566 2819 2622 αὐτοῦ
2845 2568 2922 2634 ὡς
2948 2569 3343 2641 σαρκωθὲντος.
3380 2586 3399 2621 ι

2218 2743 2333 2800 Νῦν
2353 2744 2511 2817 δῆλόν
2541 2747 2657 2801 ἐστι
2684 2747 2848 2800 παντὶ
2880 2745 2957 2817 τῷ
2980 2746 3159 2815 σοφῶς
3190 2745 3308 2816 ἅμα
3355 2745 3449 2799 καὶ
3488 2742 3736 2813 ,εὐσεϐῶς

2148 2837 2533 2891 ὲπισκέπτοντι
2565 2837 2648 2891 ὅτι
2694 2838 2826 2908 μίαν
2869 2838 3035 2908 φύσιν
3061 2837 3193 2892 Υίοῦ
3241 2853 3430 2908 φησιν,
3463 2835 3540 2900 ὡς
3572 2835 3737 2906 φύσει

2149 2928 2281 2983 Υίοῦ
2301 2945 2316 2960 ο
2345 2928 2407 2981 ού
2437 2924 2548 2999 γάρ
2579 2930 2697 2981 ἐστι
2740 2929 2836 2983 καὶ
2875 2930 3059 2999 χάριτι
3084 2929 3213 2993 Υίδς
3249 2930 3279 2982 ὁ
3325 2927 3473 2995 ἅπαξ
3508 2927 3609 2999 τὴν
3637 2927 3737 2980 τοῦ

2150 3020 2311 3088 φύσει
2348 3018 2481 3072 Υίοῦ
2529 3019 2691 3087 φύσιν
2740 3018 2899 3089 ἔχων,
2949 3021 3000 3073 εί
3055 3020 3151 3075 καὶ
3203 3019 3302 3091 τὴν
3335 3020 3536 3091 σαρκὸς
3571 3017 3740 3089 φύσιν

2150 3112 2569 3183 προσεκτήσατο
2624 3110 2891 3181 μηδέποτε
2940 3109 3106 3164 αὑτοῦ
3153 3111 3559 3164 ἀποδιαστᾶσαν
3583 3146 3599 3176 ,
3646 3110 3741 3164 ῐνα

2151 3204 2245 3257 καὶ
2272 3204 2373 3273 τῆς
2396 3203 2539 3261 κατὰ
2560 3204 2722 3274 χάριν
2750 3202 3025 3266 υἱοθεσίας
3053 3202 3246 3270 δέοιτο,
3274 3203 3374 3273 τῆς
3401 3201 3543 3256 κατὰ
3570 3200 3743 3272 φύσιν

462 3307 622 3369 egeat
672 3310 730 3354 et
776 3299 1088 3369 adoptionis
1129 3300 1327 3371 gratia,
1377 3298 1476 3369 qui
1503 3299 1617 3369 jam
1646 3304 1843 3350 natura
1875 3295 2043 3350 Fllius

2149 3297 2250 3348 οὐκ
2287 3295 2603 3366 ἡξιωμένη·
2639 3296 2728 3349 ἀεὶ
2782 3294 2892 3366 γὰρ
2944 3293 3005 3360 ἐξ
3048 3287 3220 3366 οὗπέρ
3278 3296 3397 3349 ἐστι
3447 3296 3517 3366 τῇ
3570 3294 3743 3363 φύσει

462 3389 660 3445 evasit.
709 3389 924 3444 Etenim
975 3405 1043 3443 ex
1091 3406 1202 3460 quo
1250 3398 1531 3466 momento
1583 3387 1823 3442 humana
1849 3395 2047 3442 natura

466 3476 522 3531 in
556 3492 845 3547 personam
871 3477 995 3534 Filii
1025 3478 1295 3534 naturalis
1323 3477 1565 3543 transiit,
1604 3492 1668 3531 ea
1696 3490 1915 3545 semper
1941 3475 2046 3545 ipsi

463 3569 756 3639 conjuncta
794 3571 1027 3636 mansit;
1062 3580 1360 3643 propterea
1400 3575 1552 3624 tanto
1584 3567 1796 3624 honore
1824 3566 2047 3638 dignata

465 3674 573 3714 una
601 3675 728 3716 cum
759 3660 878 3730 ipso
906 3662 1108 3718 colitur
1132 3662 1523 3729 adoraturque.

532 3750 652 3808 Jam
674 3750 978 3818 vero,cum
1019 3752 1255 3816 nullum,
1302 3758 1577 3820 quatenus
1625 3751 1682 3806 in
1731 3750 1892 3806 nobis
1937 3758 2043 3814 est,

462 3848 786 3909 praetextum
834 3841 1137 3896 inimicitiae
1187 3854 1296 3909 qua
1351 3838 1431 3893 illi
1463 3854 1564 3894 nos
1597 3846 2040 3909 persequuntur,

462 3932 738 4004 negligere
762 3933 1016 4000 velimus,
1045 3931 1387 4003 objectiones
1432 3931 1503 3987 ab
1563 3931 1646 3988 eis
1672 3932 1728 3986 in
1771 3930 2044 3987 orationis

461 4021 698 4077 decursu
726 4024 1021 4079 adversum
1051 4037 1156 4078 nos
1180 4021 1420 4093 proferri
1452 4022 1642 4078 solitas
1669 4021 2044 4077 indicabimus

462 4112 568 4169 hoc
591 4114 734 4181 loco,
767 4121 934 4185 atque
956 4113 1037 4168 sic
1064 4112 1478 4169 mendaciorum
1512 4121 1706 4168 contra
1739 4111 2041 4167 Ecclesiam

460 4203 711 4260 fusorum
746 4204 1136 4260 refutationem
1177 4203 1246 4259 ad
1297 4202 1460 4259 tinem
1490 4202 1849 4258 deducemus.
1895 4201 2043 4268 Quo-

460 4294 609 4350 niam
639 4296 790 4351 enim
835 4311 1017 4365 neque
1062 4295 1373 4350 rationibus
1428 4294 1497 4349 ad
1544 4293 2039 4349 demonstrandum

459 4387 621 4457 aptis,
655 4402 834 4457 neque
858 4386 1189 4442 testimoniis
1220 4402 1253 4441 e
1282 4386 1566 4456 Scriptura
1594 4385 1681 4439 vel
1718 4400 1749 4437 e
1781 4384 2039 4440 Patrihus

459 4475 804 4548 depromptis
825 4474 1131 4530 doctrinam
1171 4490 1329 4531 suam
1375 4482 1628 4530 astruere
1654 4475 1857 4540 valent,
1902 4491 2037 4532 cau-

457 4584 567 4635 sas,
599 4582 698 4621 cur
729 4583 761 4622 a
789 4566 952 4621 nobis
973 4565 1329 4631 dissentiant,
1364 4564 1667 4621 afferentes
1693 4566 1775 4622 sic
1802 4566 1920 4623 fere
1945 4567 2034 4623 di-

456 4671 623 4714 ουηιε

531 4770 549 4804 ι
582 4748 698 4805 Etsi
730 4746 819 4818 pia
853 4746 1114 4817 videntur
1159 4745 1434 4816 dogmata,
1470 4762 1593 4816 qua:
1625 4762 1774 4803 nunc
1802 4746 2044 4803 traditis,

456 4849 694 4895 vestram
726 4847 909 4892 tamen
943 4836 1263 4891 societatem
1292 4834 1565 4906 fugimus;
1592 4848 1886 4909 propterea
1914 4837 2045 4908 quia

455 4929 638 4985 colitis
687 4943 753 4983 ac
804 4927 1073 4982 veremini
1120 4927 1569 4985 Chalcedonense
1616 4931 1955 4993 concilium,
1987 4938 2044 4981 et

454 5019 642 5075 Romae
680 5017 1049 5088 patriarcham
1074 5016 1147 5087 (6)
1181 5017 1444 5084 Leonem,
1470 5020 1565 5090 qui
1591 5020 1812 5091 quidem
1851 5019 1935 5087 (ut
1960 5019 2039 5074 ait

453 5107 547 5177 qui
597 5121 656 5160 se
717 5105 1039 5176 magistrum
1108 5106 1354 5178 ipsorum
1388 5109 1607 5181 jactitat
1653 5108 2035 5163 Antiochcnus

450 5196 763 5268 patriarcha
788 5195 862 5268 (7)
888 5195 1161 5272 Severus)
1185 5215 1245 5256 se
1269 5199 1326 5254 in
1349 5217 1520 5256 unum
1539 5200 1837 5256 convenire
1858 5200 2032 5254 simu-

525 5346 703 5422 (ΞΒ-5)
725 5347 858 5414 Quae
880 5360 1188 5422 sequuntur
1215 5351 1367 5422 apud
1385 5352 1557 5408 Mansi
1588 5350 1772 5406 comit.
1798 5348 1920 5404 coll.
1942 5363 2032 5405 re-

457 5419 773 5485 periuntur,
807 5428 849 5473 t.
895 5420 1009 5485 Vll,
1060 5438 1110 5477 c.
1165 5419 1290 5477 7l9.

523 5487 631 5571 (6)"
657 5487 826 5571 Vetus
865 5490 1323 5571 nomenclatura,
1394 5507 1501 5571 qua
1527 5489 1720 5571 primis
1766 5489 2031 5571 Ecclesia:

450 5557 664 5631 genus
685 5559 996 5627 gaudebant
1027 5560 1258 5616 Romani
1285 5557 1573 5631 pontifices
1594 5561 1687 5631 qui
1725 5568 1781 5615 et
1813 5560 2029 5631 cpisco-

451 5628 503 5696 pi
536 5628 741 5701 florum,
772 5638 829 5701 et
853 5631 1253 5701 archiepiscopi
1286 5628 1747 5701 appellabantur.

524 5696 601 5767 (7)
639 5696 875 5776 Elpulso
899 5716 1000 5774 per
1045 5696 1318 5756 summam
1344 5696 1617 5772 'iiijnriam
1670 5702 1947 5769 Flaviano,
1974 5701 2029 5756 in

2061 4637 2116 4696 D

2152 3387 2392 3458 υίωμένη
2439 3387 2622 3453 οὐσία,
2662 3387 2916 3457 ἡνωμένη
2956 3387 3077 3439 ἐστὶ
3118 3386 3215 3439 καὶ
3247 3387 3313 3457 τῇ
3366 3384 3467 3456 τῆς
3495 3382 3742 3454 φυσικῆς

2149 3476 2393 3543 υἱώσεως
2446 3476 2602 3549 ἀξίᾳ·
2648 3477 3097 3548 ,συντετιμημένη
3151 3476 3245 3531 οὖν
3301 3474 3587 3540 δοξάζεται
3639 3476 3745 3529 καὶ

2151 3574 2680 3642 συμπροσκυνεῖται.
3240 3568 3249 3579 ’

2215 3745 2401 3815 Μηδὲν
2449 3745 2506 3801 δὲ
2562 3745 2939 3819 ἀθεράπευτον
2990 3746 3314 3801 καταλιπεῖν
3373 3745 3452 3809 ὥς
3509 3738 3624 3800 οἷόν
3671 3762 3740 3800 τε

2147 3838 2541 3903 σπουδάζοντες
2583 3840 2767 3903 αὐτοῖς
2805 3839 2915 3893 τῶν
2933 3839 3034 3910 τῆς
3070 3838 3210 3910 πρὸς
3242 3838 3393 3908 ἡμᾶς
3421 3836 3740 3908 φιλεχθείας

2145 3929 2638 4001 προφασισμάτων,
2674 3932 2768 3985 καὶ
2816 3930 2915 3994 τὰς
2963 3931 3023 3984 ὲν
3069 3929 3382 4003 παραϐάσει
3425 3928 3520 3984 τοῦ
3571 3929 3737 3998 λόγου

2143 4016 2396 4086 είωθυίας
2425 4023 2610 4086 αὐτοῖς
2658 4022 3066 4094 προσφέρεσθαι
3118 4021 3356 4093 μέμψεις
3404 4022 3527 4076 καθ’
3571 4021 3736 4093 ἡμῶν

2144 4116 2581 4186 παραγαγόντες,
2630 4116 2884 4170 ἐνταυθοῖ
2917 4133 3021 4170 που
3073 4116 3165 4171 τὸν
3200 4116 3419 4188 ἔλεγχον
3464 4114 3559 4170 τοῦ
3589 4115 3738 4169 κατὰ

2142 4206 2241 4270 τῆς
2278 4207 2609 4280 Ἑκκλησίας
2635 4208 2861 4278 ψεύδους
2893 4208 3440 4280 ἁποτερματίσωμεν·
3470 4209 3594 4262 ἐπεὶ
3622 4208 3737 4279 γὰρ

2143 4297 2281 4367 μήτε
2307 4298 2708 4362 ἀποδεικτικοῖς
2746 4300 3147 4371 ἐπιχειρήμασι
3180 4299 3554 4370 παραστῆσαι,
3585 4299 3732 4369 μήτε

2140 4388 2497 4461 Γραφικοτςῆ
2536 4390 2835 4461 [ἰατρικοῖς
2882 4392 3285 4464 μαρτυρήμασι
3334 4390 3632 4461 βεϐαιῶσαι
3663 4390 3737 4444 τὰ

2137 4479 2312 4533 οἰκεῖα
2364 4482 2693 4551 φρονήματα
2733 4480 3073 4552 δεδύνηνται,
3127 4484 3186 4536 ὲν
3235 4481 3591 4552 ἐσχατολογίᾳ
3618 4480 3732 4533 τῶν

2138 4571 2329 4624 αἰτιῶν
2355 4572 2455 4639 τῆς
2485 4571 2580 4639 ἀφ’
2609 4572 2767 4645 ἡμῶν
2797 4574 3186 4645 ἐκφοιτήσεως,
3211 4574 3374 4643 φασὶν
3404 4571 3487 4626 ἔτι
3515 4571 3729 4641 (26ο5)·

2220 4768 2238 4801 ι
2294 4751 2383 4814 Ὣς
2416 4749 2522 4804 κᾶν
2565 4751 2747 4805 τοιάδε
2793 4752 2954 4822 ὑμεῖς
3007 4750 3343 4823 εὗσεὸοφανῆ
3379 4752 3476 4806 νῦν
3515 4752 3731 4822 δογμα-

2140 4839 2340 4905 τίζετε.
2370 4841 2434 4895 ού
2476 4840 3062 4912 συνεκκλησιαζόμεθα
3112 4842 3277 4910 ὑμῖνο
3333 4840 3555 4913 δέχεσθε
3623 4843 3733 4915 γὰρ

2146 4931 2242 4982 καὶ
2274 4931 2464 4985 σέϐετε
2508 4932 2610 5003 τὴν
2662 4933 2721 4985 ὲν
2762 4932 3068 5001 Χαλκηδόνι
3117 4931 3357 4996 σύνοδον,
3391 4932 3487 4985 καὶ
3522 4932 3736 4987 Λέοντα

2134 5021 2228 5074 τὸν
2275 5022 2627 5094 πατριάρχην
2664 5021 2920 5095 Ῥώμης,
2981 5022 3032 5077 οἱ
3065 5022 3237 5093 (καθά
3279 5040 3446 5094 φησιν
3482 5024 3667 5088 αὐτοῖς
3705 5027 3735 5079 ό

2140 5109 2311 5177 λέγων
2343 5111 2465 5165 τινὰ
2509 5114 2703 5167 ἑαυτὸν
2753 5107 2894 5167 εἶναι
2940 5113 3261 5169 διδάσκαλον
3295 5112 3498 5179 αὐτῶν,
3544 5114 3573 5168 6
3621 5115 3736 5171 ἀπὸ

2141 5204 2498 5276 πατριαρχῶν
2557 5205 2891 5276 Ἀντιοχείας
2950 5205 3245 5279 Σεὸῆρος),
3303 5206 3578 5278 πρόφασιν
3630 5208 3736 5278 μὲν

2133 5350 2308 5425 ipsius
2386 5355 2570 5411 locum
2633 5354 2901 5412 suﬂ‘ectus
2926 5363 3012 5412 est
3074 5354 3319 5412 Severus
3390 5357 3729 5425 monachus,

2177 5425 2598 5497 utychianorum
2628 5433 2812 5497 caput,
2841 5428 2936 5497 qui
2966 5440 3091 5497 cum
3119 5428 3536 5497 proscripsisset
3558 5428 3730 5484 Chal-

2129 5494 2443 5568 cedonense
2472 5494 2777 5568 concilium
2795 5494 2880 5568 get
2916 5498 2973 5568 Si.
3009 5494 3273 5563 Leonem,
3300 5494 3645 5568 proscriptus
3673 5510 3732 5556 et

2129 5563 2244 5633 ipse
2266 5565 2372 5620 fuit
2392 5566 2448 5621 in
2477 5566 2716 5622 concilio
2745 5565 3186 5640 QPLepiscopor.
3210 5582 3283 5640 vi,
3303 5563 3380 5640 ab
3403 5567 3491 5625 Jo.
3518 5563 3710 5640 Cpolit

2125 5648 2216 5706 ep.
2257 5647 2581 5707 convocato,
2612 5644 2725 5693 tom
2765 5636 2809 5694 ν
2831 5635 2999 5694 Coac.
3024 5674 3041 5705 ,
3068 5635 3192 5711 pag.
3226 5638 3348 5695 170.

3304 5827 3374 5838 -.ω
