4034 6430
429 301 571 389 isis

1726 318 2044 380 LEONTII
2080 318 2492 391 BYZANTINI

3572 311 3710 383 1880

425 432 779 491 Providentia
815 432 987 503 petita
1020 448 1117 488 vos
1147 440 1331 487 movet
1352 431 1422 486 ad
1443 438 1696 486 sanctum
1720 431 2019 486 concilium

2156 431 2451 504 τρολήψεώς
2474 451 2628 498 τινας
2665 434 2852 500 ίδικῶς
2887 432 2994 491 τῶν
3027 437 3085 490 ἐν
3107 436 3246 507 αὑτῇ
3288 434 3538 496 ὑπούλως
3568 434 3713 506 ἔχειν

423 530 529 582 hoc
556 525 930 597 probandum,
971 524 1068 580 sed
1098 524 1282 580 adhuc
1314 523 1487 579 veteri
1513 522 1799 593 opinionis
1828 538 2020 579 errore

423 616 640 687 decepti
664 615 1027 691 suspicamiui
1051 615 1319 685 quosdam
1346 613 1569 671 concilii
1591 614 1783 669 Patres
1810 614 2025 669 occulte

427 709 631 765 iuvisse
678 724 906 779 pravum
936 707 1179 763 Nestorii
1213 707 1437 778 dogma,
1464 707 1597 762 licet
1639 715 1829 776 aperte
1859 722 2025 761 unam

427 814 621 856 omnes
655 815 768 854 uno
822 814 919 854 ore
959 798 1291 854 sententiam
1322 799 1751 868 promerentur;
1773 799 2031 853 conside-

429 906 616 946 remus
645 906 716 946 an
739 890 845 946 hac
865 889 935 945 de
972 904 1143 945 causa
1164 889 1410 962 synodus
1437 890 1699 944 universa
1723 889 2027 960 rejicienda

341 1039 345 1045 ,
427 982 707 1038 videatur.
758 982 1048 1052 Nunquid,
1103 997 1292 1052 quaeso
1334 997 1453 1047 vos,
1489 981 1610 1037 ﬁeri
1662 996 1777 1037 non
1811 990 2033 1052 poterat

431 1085 494 1130 ut
542 1074 637 1144 qui
679 1082 842 1129 antea
892 1074 1034 1129 male
1096 1075 1507 1145 epinabantur,
1561 1084 1755 1145 postea
1811 1083 2028 1130 mutata

429 1163 703 1218 sententia
752 1164 844 1234 pie
872 1173 1166 1235 .rccteque
1238 1166 1547 1231 sentirent;
1596 1166 1846 1236 profecto
1878 1165 2028 1236 quod

428 1268 460 1306 a
497 1252 719 1307 concilii
752 1253 1015 1310 Patribus
1067 1263 1285 1325 gestum
1312 1264 1398 1311 est
1427 1298 1442 1323 ,
1472 1258 1577 1312 hoc
1610 1265 1802 1327 aperte
1836 1257 2031 1313 deela-

430 1352 517 1397 rat
547 1357 645 1398 eos
690 1344 973 1410 videlicet,
1010 1347 1057 1401 si
1090 1362 1201 1402 non
1225 1348 1302 1403 ita
1336 1349 1573 1419 pridem,
1607 1358 1664 1403 at
1687 1364 1756 1405 eo
1781 1356 2031 1420 tempore

430 1434 524 1503 pie
568 1442 833 1505 recteque
878 1438 1122 1494 sensisse
1164 1456 1180 1494 :
1238 1454 1367 1494 cum
1398 1440 1609 1496 nefaria
1652 1440 1891 1496 Nestorii
1927 1440 2029 1497 do-

430 1535 617 1597 gmata
650 1528 859 1599 scripta
901 1530 1178 1586 sententia
1200 1531 1518 1587 damnarint
1548 1532 2028 1603 proﬂigarintque.

430 1613 591 1680 Quod
632 1631 767 1673 sane
809 1616 930 1673 fieri
973 1619 1226 1689 potuisse
1269 1620 1398 1691 quis
1444 1622 2034 1693 neget?quemadm0‘

432 1705 567 1760 dum
617 1714 674 1762 et
708 1707 847 1764 illud
887 1710 1141 1766 accidere
1187 1710 1438 1781 potuisse
1484 1727 1652 1768 nemo
1703 1713 1931 1784 negabit
1970 1723 2033 1768 ut

2129 526 2223 578 καί
2258 526 2384 579 τότε
2415 526 2514 597 τὴν
2545 528 2842 599 Νεστορίου
2883 529 3224 595 κακοδοξίαν,
3270 528 3318 581 εί
3357 527 3452 581 καὶ
3482 530 3591 591 τοῖς
3628 525 3714 580 λε-

2131 614 2384 682 γομένοις
2435 616 2542 668 ὑπὸ
2574 616 2753 670 κοινοῦ
2784 618 3184 686 συναπήγοντο,
3220 619 3587 686 σκοπήσωμεν
3620 614 3715 668 καὶ

2128 704 2301 769 οὕτως
2344 706 2427 768 τίς
2455 706 2642 761 δικαία
2688 708 3015 778 κατάκρισις
3058 711 3122 762 ὲκ
3150 707 3305 762 τοῦδε
3336 708 3434 777 τῆς
3468 708 3713 762 συνόδοψ

2129 799 2324 851 εἴπατε
2353 799 2485 870 γὰρ,
2514 802 2562 853 εἰ
2591 798 2855 853 ἀδύνατον
2882 796 2953 871 ἦν
2996 818 3152 864 τινας
3187 801 3359 854 πάλαι
3383 799 3482 853 οὑκ
3516 799 3715 870 εὑφροο

2130 888 2376 954 νοῦντας,
2413 892 2473 942 ἐν
2520 891 2636 952 τοῖς
2680 887 2808 958 ἑξῆς
2847 889 3063 960 χρόνοις
3118 887 3456 959 μεταμαθεῖν
3495 887 3595 959 τὴν
3627 888 3716 940 εὑ-

2132 981 2366 1047 σέϐειαν,
2410 981 2507 1034 καὶ
2555 981 2947 1052 ὀρθοδοξῆσαι;
2999 980 3132 1035 αὐτὸ
3161 980 3280 1058 ⁸γιὶιρ
3324 979 3389 1051 δὴ
3434 979 3594 1032 τοῦτο
3624 977 3717 1031 ὑπ’

2131 1072 2310 1127 αὐτῶν
2358 1073 2643 1144 πραχθὲν,
2692 1075 2843 1126 τουτὶ
2894 1073 3015 1144 βοᾷ,
3065 1072 3235 1142 ήγουν
3283 1070 3345 1124 τὸ
3393 1069 3512 1124 κατ’
3542 1072 3722 1123 ἐκεῖνο

2131 1163 2326 1236 καιροῦ
2364 1163 2683 1236 ἀκραιφνῶς
2716 1163 2983 1227 εὑσεϐεἶν,
3029 1165 3077 1215 εί
3119 1162 3214 1215 καὶ
3251 1162 3325 1233 μὴ
3374 1161 3588 1231 πρώην,
3624 1162 3724 1228 ὲγ-
3806 1198 3809 1201 -

2130 1258 2360 1327 γράφως
2389 1253 2910 1325 ἀναθεματισάντων
2937 1254 3007 1307 τά
3036 1253 3335 1323 Νεστορίου
3366 1253 3717 1323 φρονήματα.

2133 1347 2264 1401 Τόδε
2297 1347 2429 1418 γὰρ,
2477 1346 2538 1400 οὑ
2587 1345 2696 1399 τῶν
2735 1345 3107 1417 ἐνδεχομένων
3151 1345 3332 1409 ὲστίν;
3374 1343 3564 1415 ὥσπερ
3590 1344 3725 1412 γοῦν

2131 1441 2253 1495 οὐδὲ
2285 1441 2508 1511 ἑτέρους
2537 1439 2703 1493 πάλιν
2733 1439 2887 1503 τινὰς
2914 1438 3026 1492 τῶν
3058 1439 3118 1491 ὲν
3140 1440 3207 1509 τῇ
3233 1437 3436 1509 συνόδῳ
3463 1436 3727 1491 ἀδύνατόν

2133 1536 2250 1588 ἔστι
2292 1534 2416 1588 κατ’
2450 1535 2629 1587 έκεῖνο
2661 1530 2857 1602 καιροῦ
2887 1529 3271 1595 εὑσεϐοὖντας,
3306 1529 3532 1602 ὕστερον
3560 1547 3729 1601 μετα-

2134 1627 2319 1680 πεσεῖν
2349 1627 2430 1689 εἱς
2452 1624 2730 1678 ἀσέϐειαν.
2758 1623 2831 1677 Ἢ
2855 1623 2976 1694 οὐχὶ
3004 1623 3103 1677 καὶ
3123 1621 3353 1686 Παῦλος,
3378 1625 3407 1677 ό
3437 1623 3567 1692 πρὶν
3596 1620 3727 1675 διώ-

2135 1733 2294 1787 κτης,
2350 1714 2586 1786 ὕστερον
2658 1712 3045 1783 εὐηγγελίζετο
3078 1714 3180 1785 τὴν
3215 1713 3421 1778 πίστιν,
3454 1715 3521 1784 ἢν
3556 1712 3731 1766 παλαι

433 1797 659 1866 quidam
697 1797 794 1853 alii
838 1800 934 1869 qui
967 1808 1082 1855 tum
1124 1799 1180 1855 in
1207 1801 1448 1856 concilio
1480 1803 1572 1872 pie
1598 1811 1861 1891 recteque
1901 1818 2033 1858 sen-

2156 1808 2393 1880 .1rdest;
2436 1806 2638 1871 Ἰούδας
2670 1805 2729 1860 δὲ
2769 1807 2798 1858 ό
2842 1804 3035 1878 πρώην
3070 1807 3167 1860 σὺν
3203 1808 3317 1870 τοῖς
3355 1813 3425 1859 ια’
3496 1805 3733 1873 εὐαγγε-

434 1885 650 1942 tiebant
763 1897 958 1958 postea
1030 1889 1087 1944 in
1166 1889 1509 1959 impietatem
1579 1880 2030 1961 prolaberentur.

435 1978 635 2035 Nonne
659 1988 719 2035 et
748 1980 957 2037 Paulus
977 1981 1070 2050 qui
1096 1988 1261 2037 antea
1282 1981 1569 2038 Christum
1589 1982 2036 2053 persequebatur

437 2079 635 2139 postea
664 2071 992 2141 praedicavit
1019 2088 1145 2127 eam
1178 2070 1344 2128 ﬁdem
1375 2088 1541 2143 quam
1572 2073 1910 2141 perdendam
1941 2089 2041 2128 cu-

436 2162 703 2216 raverat?
746 2162 945 2219 Nonne
963 2162 1136 2219 Judas
1160 2162 1275 2233 (qui
1303 2179 1413 2219 una
1436 2179 1563 2219 cum
1597 2163 1862 2220 undecim
1907 2180 2045 2235 apo-

438 2251 599 2307 stolis
612 2249 909 2306 Dominum
932 2251 1293 2321 praedicabat,
1314 2267 1442 2307 cum
1466 2253 1581 2308 bini
1605 2268 1706 2323 per
1722 2253 1914 2308 orbem
1938 2260 2048 2308 ter-

438 2352 628 2395 rarum
655 2339 727 2394 ab
755 2355 824 2395 eo
870 2339 1249 2401 mitterentur)
1277 2340 1422 2395 idem
1473 2340 1590 2410 ipse
1628 2347 1818 2410 postea
1858 2340 2042 2396 eidem

439 2428 678 2485 Domino
702 2431 910 2485 struxit
943 2420 1213 2487 insidias?
1246 2430 1450 2487 Verum
1477 2439 1533 2485 et
1567 2430 1613 2486 si
1647 2431 1874 2486 concilii
1905 2440 2048 2486 tem-

2139 1902 2423 1972 λιζόμενος
2450 1900 2544 1954 τὸν
2575 1900 2803 1971 Κύριον,
2840 1899 2930 1952 ὅτε
2960 1898 3062 1953 ἀνά
3094 1898 3187 1952 δύο
3219 1898 3608 1969 ἀπεστάλησαν
3635 1898 3734 1952 ὑπ’

2141 1993 2329 2059 αὑτοῦ,
2360 1993 2588 2064 ὕστερον
2619 1991 2714 2045 καὶ
2743 1990 3140 2045 ἐπεϐούλευσεν
3172 1992 3322 2062 αὐτῷ
3347 2010 3361 2057 ;
3390 1991 3566 2055 ἄλλως
3593 1991 3648 2045 δὲ
3680 1993 3735 2046 εί

2145 2087 2245 2141 καὶ
2272 2085 2416 2141 κατὰ
2440 2084 2528 2138 τὸν
2566 2086 2665 2155 τῆς
2713 2083 2934 2137 συνόδου
2964 2084 3155 2154 καιρὸν
3186 2084 3352 2138 αὑτὸν
3390 2084 3740 2154 κακόφρονες

2145 2172 2290 2249 ἦσάν
2308 2193 2450 2240 τινες
2480 2176 2539 2228 ὲν
2564 2175 2771 2241 αὑτοῖς,
2802 2175 2954 2245 ὅμως
2995 2176 3093 2228 ἐπὶ
3139 2176 3253 2238 τοῖς
3282 2175 3462 2239 καλῶς
3489 2191 3734 2245 πραττο-

2152 2270 2335 2341 μένοις
2388 2271 2747 2333 συνετίθεντο,
2780 2272 2863 2337 τίς
2898 2274 2933 2344 ἡ
2967 2272 3179 2343 μέμψις
3230 2274 3295 2326 ὲκ
3348 2271 3503 2325 τοῦδε
3547 2271 3642 2325 καὶ
3665 2274 3738 2345 τῇ

2152 2361 2389 2433 συνόδῳ;
2429 2362 2591 2431 μόνου
2627 2362 2736 2434 γάρ
2769 2360 2909 2418 εἶναι
2938 2363 3076 2417 Θεοῦ
3119 2364 3180 2418 τὸ
3217 2364 3449 2434 καρδίας
3489 2363 3588 2417 καὶ
3643 2382 3741 2417 νε-

2154 2457 2325 2526 φροὺς
2350 2456 2508 2521 ὲτάζε
2519 2474 2567 2510 ιν
2602 2456 2843 2530 εἴρηται.

442 2555 582 2613 pore
614 2545 869 2601 nonnulli
888 2543 1116 2599 Patrum
1148 2544 1302 2602 intus
1334 2546 1389 2601 in
1417 2547 1583 2603 corde
1601 2563 1701 2603 suo
1727 2563 1895 2618 prave
1919 2547 2250 2615 sensissent,
2271 2563 2397 2604 cum
2423 2553 2763 2620 caeteroquiu
2799 2552 2975 2621 ipsius
2993 2549 3215 2607 concilii
3234 2563 3380 2608 recte
3399 2563 3550 2624 gesta
3573 2563 3746 2623 atque

444 2636 597 2693 dicta
626 2636 892 2707 suﬂ‘ragio
915 2636 1154 2708 quisque
1171 2652 1273 2693 suo
1293 2639 1613 2709 probarint;
1634 2655 1799 2710 quam
1835 2640 1907 2694 ob
1935 2639 1991 2693 id
2017 2640 2506 2710 reprehensionem
2530 2654 2839 2700 mereretur
2869 2660 3025 2700 sacra
3053 2645 3340 2717 synodus?
3360 2644 3628 2717 scriptum
3653 2654 3747 2701 est

442 2729 617 2792 enim,
648 2728 823 2784 solius
849 2729 946 2785 Dei
969 2744 1092 2785 esse
1115 2729 1281 2785 corda
1307 2732 1542 2787 scrutari
1577 2740 1743 2803 atque
1775 2747 1976 2789 nervos
2001 2744 2048 2788 ο.

519 2838 540 2872 r
564 2824 636 2875 At
677 2821 724 2876 si
773 2831 987 2892 partem
1040 2822 1306 2893 aliquam,
1344 2822 1554 2894 inquis,
1590 2826 2041 2894 reprehensione

447 2910 669 2982 dignam
726 2911 957 2979 habuit;
1007 2919 1188 2967 totum
1232 2913 1379 2985 quod
1425 2916 1703 2986 reliquum
1733 2925 1842 2983 est,
1879 2917 1950 2973 ob
1986 2916 2042 2971 id

446 3002 814 3074 reﬁciendum
844 3003 1093 3061 videtur.
1138 3024 1158 3057 ι

518 3109 843 3181 Rejicienda
908 3112 1078 3182 igitur
1124 3111 1233 3167 erit
1282 3123 1339 3168 et
1389 3129 1520 3170 area
1584 3125 1695 3171 tota
1746 3117 1923 3172 solum
1973 3117 2044 3171 ub

2226 2844 2245 2877 ι
2297 2825 2439 2879 Ἀλλ’
2485 2828 2533 2879 εί
2567 2825 2705 2890 ὅλως
2752 2826 2919 2899 μέρος
2957 2826 3085 2897 ἔσχε
3113 2825 3334 2896 ψεκτὸν,
3364 2825 3424 2880 τὸ
3456 2824 3599 2893 ὅλον,
3631 2840 3747 2894 φη-

2151 2917 2225 2981 σὶ,
2258 2918 2445 2972 λοιπὸν
2480 2919 2739 2989 ἀδόκιμον
2770 2918 3039 2990 κρίνεται.
3086 2938 3107 2970 ι

2221 3095 2334 3150 Καὶ
2364 3098 2546 3150 πᾶσαν
2586 3094 2688 3166 τὴν
2720 3094 2836 3148 ἆλω
2871 3094 2982 3166 ἄρα
3026 3093 3117 3147 διά
3146 3095 3206 3146 τδ
3248 3093 3307 3146 ἓν
3352 3091 3614 3156 ζιζάνιον,
3648 3091 3753 3144 καὶ

449 3199 669 3265 lolium,
702 3209 759 3256 et
806 3202 1193 3258 universorum
1234 3206 1613 3274 apostolorum
1644 3207 1847 3262 chorus
1877 3223 2048 3262 unum

2156 3188 2245 3242 τὸν
2295 3187 2416 3241 ὅλον
2448 3187 2611 3257 χορδν
2655 3185 2764 3239 τῶν
2810 3186 3128 3239 ἀποστόλων
3168 3184 3488 3256 διαϐλητέον
3526 3183 3615 3236 διὰ
3643 3181 3753 3253 τὴν

448 3289 522 3345 ob
549 3290 745 3345 ludam
785 3291 1169 3362 explodendus
1195 3334 1208 3347 .
1237 3295 1513 3352 Prmterea
1540 3296 1587 3351 si
1622 3304 1794 3351 totum
1831 3313 1860 3351 a
1889 3308 2046 3368 parte

451 3380 749 3452 dijudicari
794 3383 980 3445 debet.
1024 3401 1152 3441 eum
1204 3387 1363 3442 multi
1419 3404 1450 3443 e
1497 3389 1722 3445 concilii
1772 3388 2039 3459 Ephesiui

450 3474 708 3530 Patribus
731 3475 942 3546 synodo
965 3476 1405 3536 Chalcedonensi
1429 3479 1814 3547 interfuerint;
1850 3482 2054 3542 rationi

452 3571 887 3617 consentaneum
931 3563 1042 3619 erit
1069 3579 1136 3619 ex
1180 3565 1338 3621 hisce
1385 3566 1571 3636 potius
1610 3566 1777 3637 hujus
1829 3560 2055 3623 concilii

455 3660 654 3705 contra
676 3651 994 3708 Nestorium
1017 3655 1261 3710 animum
1286 3664 1454 3725 atque
1483 3663 1724 3711 mentem
1750 3659 2054 3729 conjicere,

457 3759 623 3814 quam
651 3760 722 3799 ex
753 3744 862 3800 illis
893 3747 1087 3816 paucis
1117 3747 1326 3803 inferre
1369 3747 1738 3805 contrarium.
1785 3749 1870 3804 An
1896 3750 2057 3821 igno—

455 3838 595 3892 ratis
623 3846 736 3895 ete
772 3838 996 3893 concilii
1050 3838 1163 3910 (l3)
1216 3837 1423 3893 Nicmni
1477 3838 1583 3893 5l8
1629 3838 1890 3896 Patribus
1946 3841 2057 3912 (Η)

459 3927 854 4000 septemdecim
901 3929 1127 3985 circiter
1158 3927 1489 3998 dejectionis
1541 3938 1693 3985 metu
1774 3931 2061 4001 perculsos

457 4021 796 4093 approbasse
827 4018 957 4078 ﬁdei
992 4022 1239 4094 regulam
1263 4028 1454 4077 contra
1483 4022 1696 4087 Arium,
1731 4024 1896 4093 eique
1924 4022 2059 4078 sub-

459 4111 788 4182 scripsisse?
809 4112 905 4183 qui
940 4122 1131 4184 postea
1167 4121 1224 4166 et
1255 4111 1444 4166 divum
1468 4111 1830 4167 Athanasium
1857 4112 2063 4168 acriter

464 4203 722 4258 insectati
759 4204 930 4258 sunt?
955 4203 1028 4258 ob
1052 4202 1104 4258 id
1133 4210 1318 4256 tamen
1363 4202 1512 4256 haud
1581 4201 1898 4272 exploditur
1948 4209 2064 4256 tota

463 4294 725 4367 synodus.
754 4294 912 4362 Quod
942 4294 987 4351 si
1019 4309 1128 4349 non
1169 4309 1201 4348 a
1231 4293 1522 4348 manifesta
1551 4302 1707 4363 parte
1745 4292 1815 4347 de
1843 4293 2065 4354 concilii

469 4386 641 4442 totius
670 4385 916 4443 bonitate
959 4384 1374 4456 diiudicandum
1394 4387 1605 4455 putatis
1629 4401 1643 4448 ;
1670 4383 1764 4438 sed
1793 4383 1866 4438 ob
1895 4384 2065 4439 dubia

466 4477 656 4546 potius
710 4476 1344 4547 totum'explodendum
1406 4473 1785 4540 contenditis;
1827 4489 1952 4529 cum
1993 4475 2064 4531 ob

2161 3280 2240 3341 είς
2261 3277 2450 3332 τούσδε
2490 3276 2584 3330 τοῦ
2620 3275 2792 3331 Ἰούδα
2838 3276 3368 3347 συγκαταρίθμησιν.
3403 3275 3523 3328 Ἔτι
3556 3273 3661 3345 μὴν
3695 3274 3755 3327 εί

2163 3375 2226 3423 ἐκ
2275 3370 2369 3423 τοῦ
2408 3370 2617 3440 μέρους
2661 3369 2721 3422 τὸ
2750 3367 2869 3422 ὅλον
2916 3369 3122 3440 κρίνειν
3154 3368 3255 3434 δεῖ,
3290 3367 3412 3420 ἐπεὶ
3442 3366 3626 3420 πολλοὶ
3654 3365 3756 3418 καὶ

2161 3461 2269 3515 τῶν
2293 3464 2359 3515 ὲκ
2382 3461 2482 3531 τῆς
2510 3463 2568 3514 ὲν
2610 3459 2824 3531 Ἐφέσῳ
2848 3460 3071 3513 συνόδου
3098 3454 3237 3530 ἦσαν
3263 3458 3321 3510 ὲν
3349 3457 3475 3529 τῇδε
3508 3459 3572 3527 τῇ
3595 3456 3759 3510 Χαλη

2163 3551 2386 3621 κηδόνος
2416 3549 2639 3618 συνόδῳ,
2666 3548 2824 3619 δῆλον
2854 3547 2929 3612 ὡς
2958 3548 3023 3601 ὲκ
3047 3547 3212 3600 τῶνδε
3257 3546 3458 3618 μᾶλλον
3484 3546 3577 3600 τὸν
3605 3547 3760 3600 κατά

2165 3641 2460 3714 Νεστορίου
2513 3641 2716 3695 σκοπὸν
2757 3636 2898 3696 εἶναι
2944 3642 3041 3694 καὶ
3082 3638 3248 3710 τῆσδε
3284 3639 3612 3710 στοχάσεσθε
3661 3637 3762 3693 s6-

2165 3739 2346 3806 λογον.
2381 3738 2451 3791 Ἦ
2484 3738 2734 3806 ἀγνοεῖτε
2779 3736 2863 3789 ὅτι
2892 3735 2987 3789 καὶ
3015 3734 3122 3788 τῶν
3163 3736 3221 3788 έν
3256 3733 3465 3804 Νικαίᾳ
3492 3733 3597 3803 τιη⁹
3631 3733 3759 3786 Πα-

2165 3831 2342 3900 τὲρων
2382 3829 2511 3891 τοὺς
2554 3828 2690 3880 δέκα
2736 3827 2832 3880 καὶ
2872 3823 3016 3878 έπτά
3061 3824 3212 3896 φόϐῳ
3243 3824 3343 3893 τῆς
3373 3821 3761 3890 καθαιρέσεως

2170 3918 2498 3989 ὑπέγραψαν
2530 3916 2673 3973 κατά
2712 3917 2926 3988 Ἀρείου
2952 3933 2966 3979 ;
2993 3916 3043 3970 οἳ
3074 3918 3167 3969 καὶ
3186 3915 3533 3986 ἐπολέμησαν
3560 3912 3759 3977 δεινῶς

2174 4011 2313 4083 μετά
2340 4009 2514 4064 ταῦτα
2563 4010 2656 4063 τὸν
2713 4008 2886 4080 μέγαν
2928 4005 3292 4071 Ἀθανάσιονς
3343 4007 3439 4061 καὶ
3495 4006 3556 4058 οὑ
3597 4005 3759 4075 παρά

2170 4104 2331 4156 τοῦτο
2357 4104 2390 4172 ἡ
2423 4101 2640 4165 σύνοδος
2674 4098 2768 4171 ὅλη
2806 4097 3179 4154 διαϐάλλεται.
3213 4097 3276 4150 Εί
3305 4096 3364 4150 δὲ
3408 4097 3471 4149 ἐκ
3497 4094 3591 4150 τοῦ
3621 4093 3756 4167 [il-iii

2174 4194 2382 4264 σαφοῦς
2415 4195 2614 4266 μέρους
2647 4194 2747 4245 οὑκ
2787 4191 3060 4245 εὐδοκεῖτε
3094 4190 3336 4243 συνιέναι
3360 4189 3460 4259 τὴν
3493 4187 3585 4241 τοῦ
3627 4187 3758 4240 ὅλου

2172 4283 2506 4355 ἀγαθότητα,
2553 4286 2618 4336 ὲκ
2663 4281 2721 4335 δὲ
2749 4279 2842 4333 τοῦ
2874 4277 3177 4350 ἀμφιϐόλου
3209 4276 3525 4332 διαϐάλλειν
3558 4275 3762 4345 πειρὰ-

2173 4374 2316 4441 ζετε·
2347 4371 2456 4447 ἆρά
2486 4392 2552 4443 γε
2580 4375 2645 4427 ὲκ
2675 4372 2872 4443 μέρους
2894 4370 3277 4442 διαϐληθείσης
3300 4369 3430 4439 ὑμῖν
3460 4367 3626 4436 τῆσδε
3656 4366 3763 4435 τῆς

2176 4467 2336 4536 ἁγίας
2366 4466 2584 4520 συνόδου
2615 4462 2716 4533 τῆς
2758 4462 3010 4533 ὁλότητος
3059 4461 3262 4530 πάσης,
3297 4456 3763 4527 συνδιαϐεϐλημέο

468 4537 637 4625 tinam
660 4579 876 4642 partem
911 4587 940 4626 a
970 4537 1129 4626 vobis
1166 4569 1497 4641 explodatur
1545 4576 1719 4623 totum
1756 4537 2048 4625 Chalcedo-

2171 4576 2280 4614 νων
2314 4557 2394 4628 τῷ
2426 4556 2532 4626 ὅλῳ
2560 4556 2656 4608 καὶ
2687 4554 2795 4607 τῶν
2830 4555 2896 4607 ἐκ
2949 4552 3052 4624 τῆς
3080 4553 3138 4606 ὲν
3171 4551 3385 4622 Ἐφέσῳ
3416 4547 3760 4619 εὑρεθέντων

469 4676 643 4718 nense
693 4662 1022 4724 concilium.
1048 4649 1119 4717 ἐι
1149 4676 1259 4716 una
1296 4675 1420 4716 cum
1453 4667 1570 4716 toto
1608 4674 1672 4715 ca
1703 4673 1924 4729 quoque
1955 4658 2060 4714 Pa-

472 4760 619 4808 trum
657 4770 786 4825 pars
818 4751 1182 4825 improbanda
1215 4752 1471 4808 videatur
1495 4751 1591 4822 qui
1617 4750 1857 4806 concilio
1879 4750 2066 4821 Ephe-

471 4843 594 4899 sino
647 4824 1311 4913 interlucruntfejusque
1362 4852 1575 4914 partem
1617 4841 2064 4912 componebant;

474 4932 723 5005 nunquid
765 4948 833 4988 ex
877 4933 983 4987 hac
1017 4939 1172 5001 parte
1203 4945 1328 5001 quae
1374 4945 1543 5002 prava
1575 4930 1919 5001 deprehensa
1958 4937 2062 4993 est,

476 5035 653 5083 totum
691 5025 988 5081 concilium
1030 5024 1209 5094 ipsum
1251 5022 1611 5093 Ephesinum,
1656 5032 1914 5094 tanquam
1951 5021 2063 5076 Ne-

475 5119 648 5175 storio
666 5118 1096 5189 patrocinatum,
1121 5116 1433 5172 necessario
1451 5114 1810 5188 rejiciendnm
1834 5112 2061 5184 putabi-

551 5246 573 5275 ε
600 5232 749 5291 Psal.
771 5249 889 5297 vn,-
923 5230 1011 5285 10.

553 5349 667 5423 (15)
702 5350 1078 5423 Convocalum
1112 5344 1217 5402 fuit
1264 5346 1562 5423 concilium
1598 5345 1717 5423 hoc
1744 5342 1940 5423 Nicaea:
1973 5340 2067 5395 Bi-

481 5416 690 5495 thvnia‘.
719 5427 917 5495 contra
952 5416 1167 5495 Arium,
1205 5417 1296 5486 qui
1336 5416 1429 5472 Dei
1485 5416 1730 5495 Verbum
1752 5422 2069 5492 creaturam

486 5480 653 5574 im‘pie
700 5487 973 5574 docebat:
1001 5487 1160 5574 Circa
1207 5480 1500 5574 numerum
1551 5480 2073 5574 episcoportlmnqui

484 5550 619 5634 huic
637 5559 873 5634 concilio
899 5556 1291 5634 interfuerunt,
1314 5550 1637 5634 discrepant
1661 5550 1804 5634 inter
1821 5566 1879 5634 se
1895 5550 2067 5634 Altha-

487 5631 678 5687 nasius
705 5629 873 5700 Epist.
905 5629 973 5683 ad
997 5626 1140 5683 salit.
1170 5621 1445 5685 EuSebius
1472 5621 1562 5680 lib.
1589 5639 1644 5678 ιιι
1675 5621 1752 5677 De
1787 5622 1894 5677 vita
1932 5621 2072 5675 Con-

490 5701 736 5761 stantini,
760 5710 817 5755 ct
852 5700 964 5756 alii.

561 5771 676 5845 (η)
705 5758 1110 5845 Septemdecim
1139 5768 1377 5842 primum
1411 5767 1655 5834 lucrum,
1684 5762 1777 5836 qui
1804 5759 1932 5818 ﬁdei
1953 5758 2068 5815 l‘or-

2171 4651 2230 4704 ὲν
2265 4650 2426 4719 αὑτῇ.
2457 4645 2506 4699 οἳ
2556 4640 2696 4715 ἦσαν
2731 4644 2904 4716 μέρος
2953 4642 3193 4713 ἐκείνης,
3240 4640 3505 4711 κάκείνην
3535 4638 3758 4709 ἀνάγκη

2169 4744 2271 4815 τὴν
2300 4741 2535 4811 ὁλότητα
2576 4741 2641 4792 ὲκ
2688 4736 2783 4791 τοῦ
2831 4735 3129 4807 ληφθέντος
3159 4733 3333 4804 αὐτῆς
3376 4733 3577 4803 μέρους
3611 4749 3764 4802 μεμ-

2172 4831 2340 4897 πτοῦ,
2395 4830 2471 4894 ὡς
2526 4828 2852 4899 σπούδασμα
2897 4827 3200 4898 Νεστορίου
3239 4821 3756 4883 συνδιαϐάλλεσθαι,

2125 4942 2131 4947 ·
2170 4927 2265 4980 καὶ
2312 4926 2379 4978 ἐκ
2412 4922 2506 4977 τοῦ
2540 4921 2950 4993 ὑπολείμματος
2999 4920 3111 4974 τῶν
3160 4920 3294 4974 δέκα
3344 4921 3438 4973 καὶ
3486 4917 3650 4978 ἑπτὰ,
3680 4915 3760 4978 ὡς

2169 5018 2494 5088 σπούδασμα
2537 5015 2747 5087 Ἀρείου
2784 5014 2884 5086 τὴν
2918 5014 2976 5067 ὲν
3009 5012 3217 5085 Νικαίᾳ
3250 5012 3562 5066 ἀθετεῖσθαι
3592 5008 3758 5074 δέονς

2169 5111 2287 5166 Ἵνα
2315 5108 2372 5163 δὲ
2400 5108 2475 5180 μὴ
2517 5107 2748 5178 ἀγνοῆτε
2779 5105 2883 5176 τῆς
2912 5101 3154 5177 ἀθέσμου
3182 5103 3452 5175 λοιδορίας
3475 5099 3630 5173 ὑμῶν
3659 5098 3762 5168 τὴν

2163 5338 2329 5395 mula:
2352 5333 2706 5392 subscribere
2731 5341 3082 5394 recusarunt,
3108 5344 3249 5399 quos
3268 5336 3466 5399 postea
3497 5328 3567 5384 ad
3590 5312 3760 5399 quih—

2165 5426 2273 5479 que
2297 5406 2469 5479 fuisse
2499 5405 2771 5467 redactos,
2799 5413 2856 5459 et
2879 5419 2947 5479 ex
2970 5402 3058 5479 bis
3085 5398 3198 5479 tres
3245 5398 3576 5479 dejectionis
3604 5398 3757 5479 metu

2165 5468 2567 5548 subscripsisse
2611 5472 3024 5548 testatur___Ath.
3077 5469 3234 5548 Decr.
3292 5468 3419 5548 ῥεια.
3475 5468 3603 5548 251..
3640 5468 3760 5548 Duo

2165 5538 2456 5620 duntaxat,
2489 5546 2749 5620 Theonas
2782 5543 2995 5599 scilicet
3039 5548 3097 5595 et
3131 5538 3424 5620 Secundus
3452 5539 3759 5620 pertinaci—

2168 5630 2253 5676 ter
2280 5619 2414 5675 Ario
2435 5610 2808 5678 adhaeserunt,
2835 5627 2977 5681 quos
3008 5626 3116 5681 una
3145 5624 3274 5666 cum
3302 5610 3424 5681 ipso
3458 5610 3756 5666 concilium

2169 5688 2466 5749 damnavit.
2501 5686 2673 5742 Enist.
2705 5680 2893 5756 synod.
2926 5698 3014 5753 ap.
3050 5680 3203 5738 Socr.
3238 5697 3277 5749 ι,
3301 5695 3350 5735 c.
3378 5680 3434 5736 θ.

2367 5860 2459 5871 ...συγ
2476 5868 2481 5872 ,
