4034 6404
288 286 422 355 1881

1457 300 1752 369 CONTRA
1786 307 2384 376 MONOPHYSITAS.

3424 328 3566 395 13s2

283 397 638 469 προπέτειαν,
673 404 1093 474 μνημονεύσατε
1141 411 1331 466 omni.
1359 414 1582 485 Συμεὼν
1623 417 1653 469 ὁ
1688 417 1862 486 ἅγιος,

1980 421 2628 497 Lis?explodendumque
2677 436 2848 485 totum
2930 431 3223 490 concilium
3280 434 3561 497 Nicaenum

281 493 563 581 6_£V*X£0Vl.
588 494 690 565 τὴν
711 495 990 569 ξδέανήμίν
1014 501 1132 574 ἀρε(
1146 502 1301 575 σ]τὴν
1330 508 1614 579 στηλὼσας
1639 512 1864 581 ἀρετὴν,

284 578 367 647 εἷς
396 579 462 655 ἦν
487 586 599 639 τῶν
622 587 1067 658 ῦπογραψάντων
1093 597 1154 647 ὲν
1178 596 1256 666 τῷ
1281 599 1391 669 ὅρῳ
1415 578 1579 671 τῆσδε
1608 578 1708 671 τῆς
1737 578 1866 657 συνν-

282 676 428 743 όδου,
476 680 559 742 εἱς
599 678 664 731 δν
722 680 1204 752 ὲγκωμιαστικοὺς
1247 688 1463 758 λόγους,
1517 695 1610 747 κα)⁸
1664 694 1866 765 ὕμνους

281 769 699 835 ἐκθειαστικοὺς
747 774 846 827 καὶ
886 777 918 829 ό
970 777 1239 850 ὑμέτερος
1268 781 1371 853 ἔφη
1397 788 1747 856 πατριάρχης
1771 788 1869 840 Σεο

281 862 471 930 σῆρος’
498 863 686 929 αὐτὸς,
739 867 836 921 καὶ
886 869 1212 941 Βαραδὼεης
1269 873 1345 938 δὲ,
1394 877 1490 930 καὶ
1534 878 1792 942 Ἰάκωϐος
1818 882 1868 933 οἱ

282 953 695 1023 θαυματουργοὶ
725 960 1177 1032 συνυπέγραψαν.
1209 964 1371 1021 Ἀλλά
1408 967 1463 1020 τε
1496 969 1671 1022 ταῦτα
1711 972 1871 1041 ῥητο-

283 1045 445 1115 ρικῆς
473 1047 608 1100 ὄντα
633 1048 1025 1120 πιθανολογιας
1058 1055 1368 1127 δεινώματα
1393 1060 1507 1121 τοῖς
1535 1060 1667 1131 πρὸς
1703 1061 1871 1114 κατά-

279 1135 443 1206 ληψιν
502 1139 796 1204 εὐσεϐείας
859 1144 1172 1211 ἐναγωνίως
1236 1148 1561 1204 σπεύδουσιν
1615 1151 1870 1222 ἐμποδὼν

279 1228 503 1298 ῥίπτετε
549 1232 623 1285 τὰ
682 1234 980 1300 σκάνδαλα,
1033 1239 1127 1290 καὶ
1174 1240 1302 1303 τοὺς
1357 1241 1608 1307 θέλοντας
1654 1245 1871 1314 τρέχειν

278 1320 463 1384 καλῶς
508 1323 815 1390 ἑγκόπτετε
844 1329 912 1396 τῇ
944 1326 1173 1397 ἀληθείᾳ
1213 1328 1288 1406 μὴ
1323 1331 1646 1399 πείθεσθαι;
1691 1334 1780 1394 Ὠς
1804 1334 1872 1389 ἂν

276 1411 410 1480 γοῦν
443 1413 685 1468 ἐνώπιον
711 1415 810 1470 τοῦ
838 1415 1001 1484 Θεοῦ,
1041 1420 1141 1472 καὶ
1168 1421 1475 1491 ἀνθρώπων
1504 1426 1874 1496 παραστήσω-

281 1520 381 1572 μεν
406 1505 512 1556 ούκ
537 1506 601 1558 ἐν
625 1504 771 1578 λόγῳ
789 1506 921 1561 ὄντα
940 1510 1033 1562 τὸν
1068 1511 1335 1583 ὑμέτερον
1361 1514 1868 1587 ἀπεκκλησιασμόν·

281 1592 392 1647 ἰδοὺ
448 1595 633 1649 πάντα
686 1600 1149 1669 παραδραμόντες
1186 1602 1410 1673 ἔλεγχον
1456 1607 1567 1658 τῶν
1602 1625 1868 1679 προφασισ

278 1686 528 1756 σμάτων,
564 1692 929 1762 προτείνομεν
962 1694 1113 1764 ὑμῖν,
1165 1695 1240 1759 ὡς
1302 1700 1351 1751 εἰ
1407 1700 1478 1753 τὰ
1536 1700 1872 1770 προϐασανι-

278 1778 481 1832 σθέντα
523 1756 660 1852 ἠμέν
707 1756 845 1852 όρθά
891 1756 1141 1854 δόγματα
1191 1756 1704 1861 συνομολογήσοιτε,
1739 1794 1869 1865 μίαν
1901 1756 1949 1814 Β

274 1884 337 1920 σε
378 1870 550 1938 φύσιν
595 1872 691 1925 τοῦ
729 1872 867 1926 Θεοῦ
905 1875 1082 1944 Λόγον
1115 1883 1544 1954 σεσαρκωμένην
1591 1885 1868 1956 λέγοντες,

279 1962 375 2013 καὶ
420 1961 517 2013 δύο
546 1963 744 2031 φύσεις
768 1960 938 2020 εἶναι
976 1969 1217 2039 Χριστοῦ
1248 1973 1540 2045 ήνωμένας
1571 1977 1712 2031 κατά
1741 1979 1872 2047 μίαν

278 2051 451 2106 αὑτοῦ
492 2055 600 2125 τὴν
649 2055 981 2123 ὑπόστασιν,
1012 2060 1114 2113 οὐκ
1144 2061 1472 2133 ἀρνούμενοι
1522 2082 1582 2118 τε
1635 2069 1729 2120 καί
1775 2068 1874 2138 τὴν

281 2147 525 2211 σύνοδον,
558 2148 657 2201 καὶ
688 2149 920 2204 Λέοντα.
971 2152 1131 2207 Ἀλλά
1156 2155 1252 2208 καὶ
1281 2156 1501 2225 ἄγγελοι
1531 2157 1590 2223 ἐξ
1618 2160 1872 2230 ούρανοῦ,

281 2241 333 2292 sl
366 2240 441 2311 μὴ
470 2239 649 2303 οὕτως
682 2243 972 2312 ἐφρόνουν,
1005 2247 1100 2297 καὶ
1117 2245 1324 2317 ἔλεγον,
1358 2249 1450 2304 καὶ
1476 2249 1737 2322 ἔγραφον,
1769 2254 1875 2324 πρὸ

281 2331 441 2401 ὑμῶν
475 2332 984 2403 ἀναθεματὶζομεν·
1016 2336 1256 2409 Σεσῆρόν
1286 2358 1368 2403 τε,
1414 2343 1507 2395 καὶ
1559 2345 1872 2416 Διόσκοροι),

280 2422 381 2475 καὶ
404 2423 700 2491 Τιμόθεον,
738 2424 837 2478 καὶ
862 2427 1028 2497 ὑμᾶς,
1052 2431 1159 2484 οιαὶ
1186 2430 1277 2483 τὸν
1305 2433 1513 2487 οἱονοῦν
1542 2436 1713 2499 οὕτως
1742 2453 1875 2507 φρο-

281 2514 482 2569 νοῦντα
507 2516 896 2589 cunmm-Spw,
930 2519 1027 2573 καὶ
1055 2521 1452 2594 ἀποδεχόμεθα,
1487 2526 1655 2597 μηδὲν
1686 2528 1875 2599 ἕτερον

280 2606 644 2674 ἐπιλέγοντες
687 2609 938 2673 τούτοις,
980 2610 1117 2665 ἀλλά
1142 2615 1243 2683 τὴν
1300 2616 1484 2685 κρίσιν
1535 2618 1643 2672 τῶν
1702 2618 1877 2685 οὓτως

281 2698 636 2770 φρονούντων
659 2739 675 2764 ,
731 2701 765 2771 ἢ
816 2702 997 2765 ἄλλως
1046 2703 1145 2774 μὲν
1196 2706 1530 2776 εἰρηκότων,
1566 2710 1767 2781 ἑτέρως
1818 2711 1877 2766 δὲ

279 2789 579 2856 modum,
628 2791 712 2862 τῷ
766 2792 991 2847 πάντων
1032 2797 1190 2868 κριτῇ
1224 2796 1344 2866 Θεῷ
1390 2800 1873 2867 ἐγκαταλιπόντες.

1967 513 2039 567 ob
2089 516 2482 584 septemdecim
2524 518 2666 584 illos,
2713 522 2871 591 quasi
2920 538 3114 579 omnes
3147 525 3281 581 Ario
3329 530 3558 587 studue-

1968 603 2117 658 rint?
2160 606 2268 662 Sed
2319 619 2379 663 ut
2440 622 2679 667 vestram
2726 614 2782 668 in
2828 617 3141 673 accusando
3195 622 3564 679 temeritatem

1969 693 2428 770 insolentiamque
2500 703 2646 759 clare
2688 705 3001 776 perspicere
3042 708 3283 777 possitis,
3316 728 3565 768 memen-

1970 789 2083 838 tote
2117 784 2171 838 in
2201 801 2395 842 eorum
2463 806 2696 846 numero
2727 793 2819 861 qui
2862 794 3091 865 hujusce
3120 798 3340 852 concilii
3371 799 3567 855 deﬁni—

1971 873 2107 929 lioni
2189 878 2653 948 subscripserunt,
2732 882 2900 937 fuisse
2966 899 3092 939 cum
3173 886 3363 943 divum
3416 890 3566 961 (ιιι)

1972 964 2317 1036 Symennem,
2338 969 2429 1036 qui
2455 986 2607 1024 suam
2627 972 2789 1027 nobis
2816 972 3078 1029 virtutem
3096 976 3152 1030 in
3175 978 3432 1035 columna
3452 982 3563 1050 (l5)

1972 1061 2225 1108 testatam
2264 1057 2508 1126 reliquit,
2561 1074 2722 1129 quem
2757 1060 2871 1133 (16)
2927 1066 3271 1123 orationibus
3319 1068 3568 1140 hymnis-

1971 1161 2079 1215 que
2106 1148 2277 1203 sacris
2316 1151 2617 1207 celebravit
2662 1163 2721 1207 ct
2765 1154 2881 1223 ipse
2909 1157 3218 1224 patriarcha
3249 1169 3435 1215 vester
3465 1161 3566 1217 Se-

1973 1252 2177 1304 verus,
2213 1249 2331 1294 tum
2368 1257 2476 1295 una
2516 1257 2641 1297 cum
2682 1243 2777 1298 illo
2821 1246 3217 1316 subscripsisse
3243 1256 3298 1302 et
3342 1249 3569 1306 Barada-

1976 1340 2113 1394 tum,
2145 1341 2201 1386 et
2232 1332 2517 1397 Iacobum,
2566 1337 2659 1406 qui
2717 1339 2978 1393 miracula
3024 1341 3165 1395 bene
3199 1344 3372 1398 multa
3398 1352 3570 1415 patra-

1975 1431 2124 1476 runt.
2147 1423 2349 1478 Verum
2378 1426 2508 1495 quid
2535 1427 2872 1485 offendicula
2897 1432 3033 1495 haec,
3088 1448 3217 1502 qute
3252 1450 3391 1503 pura
3417 1446 3575 1504 puta«

1975 1527 2081 1581 que
2108 1513 2355 1569 subdolae
2397 1516 2689 1573 rhetorica:
2723 1530 3033 1576 commenta
3057 1531 3208 1587 sunt,
3235 1524 3477 1594 objicitis
3503 1525 3573 1580 iis

1974 1606 2068 1674 qui
2140 1606 2360 1674 pietatis
2408 1610 2782 1680 adipiscenda:
2836 1614 3023 1675 studio
3066 1615 3322 1686 ﬂagrant,
3362 1630 3572 1687 eosque

1977 1710 2006 1748 a
2048 1699 2280 1751 veritate
2319 1697 2652 1770 detorquere
2679 1704 2977 1770 conamini,
2999 1705 3092 1774 qui
3129 1716 3277 1760 recta
3313 1705 3569 1763 incedere

1976 1781 2250 1838 student?
2283 1785 2454 1841 Porro
2485 1804 2595 1858 quo
2623 1789 2839 1844 facilius
2862 1806 3047 1846 coram
3100 1792 3213 1846 Deo
3239 1802 3296 1847 et
3340 1793 3574 1850 homini-

1979 1871 2084 1926 bus
2133 1875 2489 1944 perspicuum
2533 1878 2695 1933 vobis
2738 1878 2920 1935 facere
2965 1883 3239 1951 possimus
3277 1883 3569 1940 absurdam

1974 1978 2096 2018 esse
2118 1974 2357 2020 vestram
2388 1983 2419 2022 a
2461 1977 2652 2023 nostra
2694 1972 2998 2040 sejunctam
3032 1973 3374 2041 societatem,
3411 1983 3574 2033 caete-

1975 2053 2050 2107 ris
2096 2054 2356 2112 omnibus
2417 2060 2822 2127 praetermissis,
2851 2060 2955 2117 hoc
3001 2079 3172 2118 unum
3224 2065 3479 2122 dicimus.
3514 2068 3572 2125 Si

1972 2146 2237 2201 nimirum
2301 2151 2707 2219 amplectendo,
2775 2170 2898 2225 quae
2951 2158 3340 2227 proponimus,
3423 2168 3575 2214 recta

1973 2233 2258 2307 dogmata,
2289 2237 2570 2295 fateamini
2602 2258 2767 2297 unam
2822 2246 2917 2303 Dei
2966 2247 3129 2301 Verbi
3162 2257 3417 2303 naturam
3454 2265 3577 2303 car-

1973 2339 2099 2380 nem
2144 2328 2529 2398 assumpsisse,
2584 2338 2749 2401 atque
2797 2331 2938 2388 duas
3001 2333 3204 2390 Christi
3253 2344 3480 2391 naturas
3518 2336 3574 2390 in

1974 2434 2082 2473 una
2112 2419 2420 2491 eademque
2455 2438 2691 2493 persona
2747 2425 3074 2492 subsistere,
3106 2429 3269 2482 ﬁdem
3310 2438 3576 2498 praestan-

1975 2509 2047 2565 do
2113 2512 2351 2567 concilio
2401 2521 2458 2567 et
2480 2512 2651 2568 Leoni
2694 2515 2938 2585 (quibus
2993 2517 3252 2572 omnibus
3296 2519 3573 2573 contraria

1976 2601 2299 2667 sentientes,
2332 2610 2429 2658 aut
2474 2603 2739 2660 docentes
2786 2606 3336 2676 subscribentesque,
3371 2606 3455 2661 vel
3479 2622 3578 2660 an-

1975 2688 2082 2761 geli
2140 2689 2272 2753 sint,
2299 2707 2395 2746 eos
2457 2694 2886 2762 proscribendos
2932 2696 3288 2767 jutlicamus)
3338 2696 3577 2752 libenter

1977 2785 2386 2855 amplectimur,
2451 2788 3015 2859 commendamusque
3063 2796 3121 2844 et
3172 2788 3460 2855 Severum,
3521 2799 3579 2845 et

281 2881 348 2935 El
379 2879 439 2949 δὲ
462 2881 690 2946 πάντως
730 2884 940 2953 κρίνειν
979 2887 1076 2940 καὶ
1103 2888 1251 2958 ἡμᾶς
1304 2888 1401 2954 δεῖ,
1457 2892 1551 2943 καὶ
1605 2891 1878 2964 πληροφο-

1980 2887 2299 2943 Dioscorum
2349 2887 2484 2958 (l7),
2530 2899 2587 2945 et
2631 2890 3007 2959 Timotheum,
3063 2902 3120 2949 et
3149 2909 3266 2955 vos,
3297 2900 3575 2963 etquem-

285 2970 504 3042 ρεῖσθαι
533 2972 682 3037 τινες
723 2975 826 3043 μὲν
869 2976 1116 3040 εὐσεϐεῖς
1150 2978 1258 3032 εισι
1304 2980 1547 3052 Πατέρες
1577 2982 1755 3053 ἡμῶν,
1783 2985 1878 3038 καὶ

1980 2977 2113 3033 libet
2142 2979 2309 3033 alium
2344 2979 2418 3034 ita
2466 2981 2820 3049 sentientem,
2852 2984 3104 3054 nihilque
3147 2992 3410 3055 pne-terea
3433 2982 3575 3037 dici-

282 3062 575 3133 ποιμένες,
613 3066 711 3118 καὶ
743 3070 1054 3139 φωστῆρες·
1076 3068 1222 3133 τίνες
1244 3069 1300 3124 δὲ
1319 3071 1550 3142 ἀστέρες
1584 3073 1874 3144 πλανῆται,

1980 3085 2103 3126 mus
2134 3088 2147 3124 :
2177 3071 2273 3127 sed
2330 3073 2530 3128 horum
2576 3075 2824 3129 omnium
2884 3075 3019 3147 (qui
3055 3076 3129 3130 ita
3179 3073 3451 3138 sentiunt,
3482 3089 3580 3136 aut

285 3156 385 3207 καὶ
430 3154 659 3229 λῃσταὶ,
693 3157 788 3210 καὶ
819 3156 996 3219 λύκοι,
1025 3160 1106 3222 εἰς
1130 3159 1392 3230 διαίρεσιν
1424 3163 1518 3215 καὶ
1550 3162 1754 3234 φθορὰν
1780 3165 1878 3234 τῆς

1980 3163 2151 3218 verbo
2182 3163 2407 3233 quidem
2475 3165 2550 3219 ita
2616 3165 2970 3236 proﬁtentur.
3015 3165 3181 3222 corde
3232 3180 3365 3220 vero
3416 3165 3580 3219 aliter

299 3244 642 3315 Ἑκκλησὶας
670 3246 911 3318 Χριστοῦ
962 3248 1040 3320 τῷ
1083 3249 1315 3322 διαὸύλῳ
1354 3252 1878 3326 λειτουργήσαντες·

1980 3251 2257 3322 credunt)
2317 3253 2590 3324 judicium
2631 3254 2737 3325 ipsi
2768 3255 2880 3310 Deo
2922 3255 3170 3310 omnium
3204 3253 3377 3327 judici
3412 3253 3580 3307 relin-

286 3334 544 3400 εἰκότως,
571 3335 673 3401 οὓς
722 3339 823 3408 μὶν
870 3337 1109 3410 εὕρομεν
1156 3341 1343 3411 σαφῶς
1376 3344 1437 3395 ἐκ
1481 3344 1592 3396 τῶν
1635 3361 1878 3417 γεγραμ-

1980 3340 2221 3409 quimus.
2270 3342 2474 3398 Verum
2520 3344 2564 3401 si
2612 3360 2715 3400 nos
2740 3360 2964 3416 quoque
2999 3345 3068 3400 de
3112 3345 3337 3400 Patrum
3366 3354 3581 3399 nostro-

290 3425 475 3494 μένων
507 3425 614 3495 τῆς
655 3426 915 3497 ἀληθείας
950 3428 1257 3500 ὑποφήτας,
1310 3431 1387 3494 ὡς
1432 3431 1522 3485 διά
1564 3432 1661 3503 τῆς
1708 3432 1878 3505 θύρας

1980 3447 2100 3486 rum
2150 3432 2467 3505 integritate
2509 3437 2826 3507 pietateque
2866 3435 3118 3508 judicare
3152 3444 3373 3505 oportet
3415 3443 3579 3505 atque

288 3516 567 3580 εἰσιόντας
613 3519 697 3581 εἰς
732 3518 834 3589 τὴν
876 3519 1130 3590 μάνδραν
1163 3518 1258 3574 τοῦ
1302 3520 1563 3593 Χριστοῦ,
1597 3524 1768 3594 ἤγουν
1811 3523 1878 3580 δι’

1980 3519 2234 3590 deﬁnire,
2264 3525 2490 3596 quinam
2517 3525 2648 3581 boni
2671 3536 2926 3598 pastores
2951 3527 3086 3592 sint,
3114 3534 3171 3581 et
3194 3542 3322 3582 vera
3345 3526 3577 3593 lumina;

290 3606 482 3673 αὐτοῦ,
512 3608 575 3672 ὃς
606 3609 761 3662 ἐστιν
782 3610 816 3679 ἡ
847 3608 1097 3680 ἀλήθεια,
1121 3610 1348 3675 τούτους
1376 3611 1629 3684 σέϐομεν,
1657 3613 1878 3680 τούτους

1987 3624 2085 3694 qui
2138 3635 2330 3690 contra
2404 3625 2648 3682 errantia
2685 3626 2897 3691 sidera,
2956 3635 3015 3682 et
3092 3626 3267 3693 l‘ures,
3314 3635 3370 3681 et
3461 3626 3579 3697 lupi

289 3696 643 3769 ἀγαπῶμεν,
688 3697 903 3762 τούτοις
948 3700 1322 3772 ὑπακούομεν·
1362 3702 1632 3776 ἀλλοτρίῳ
1680 3704 1739 3759 δὲ
1786 3706 1878 3778 οὐχ

1995 3714 2093 3783 qui
2113 3730 2273 3768 suum
2296 3714 2560 3772 Ecclesiae
2585 3716 2983 3788 discerpendae,
3008 3717 3392 3788 laniandteque
3417 3717 3582 3773 mini-

291 3789 675 3860 ύπακούομεν,
711 3791 793 3845 ὅτι
819 3791 920 3846 ούκ
943 3790 1170 3862 οἴδαμεν
1198 3792 1293 3847 τοῦ
1321 3794 1604 3868 ἀλλοτρίου
1641 3797 1742 3868 τὴν
1768 3815 1878 3866 φω-

1994 3806 2227 3860 sterium
2247 3821 2584 3879 operamque
2605 3809 2827 3865 diabolo
2855 3810 3135 3880 praebent;
3166 3809 3415 3879 profecto
3439 3824 3582 3880 quos

290 3880 387 3952 νὴν
420 3881 497 3935 τὰ
517 3882 675 3945 ἐντὸς
710 3882 966 3954 πρόϐατα
999 3885 1096 3938 τοῦ
1131 3885 1298 3940 καλοῦ
1340 3887 1603 3958 ποιμένος
1658 3889 1758 3944 καὶ
1794 3890 1878 3962 ἀρ.

1991 3898 2244 3954 veritatis
2297 3899 2682 3969 explanatores
2731 3899 3220 3970 deprehendimus.
3256 3900 3581 3971 ingredien-

292 3973 746 4051 pmzpévocvo-J
775 3974 1018 4045 μεγάλου
1063 3976 1239 4048 Ἰησοῦ
1271 3977 1533 4050 Χριστοῦ.

1992 3994 2184 4057 tesque
2225 3988 2432 4044 Christi
2486 4004 2709 4061 gregem
2777 4007 2877 4061 per
2915 3992 3164 4062 januam.
3205 3991 3312 4046 hoc
3350 4001 3435 4047 est
3483 4008 3582 4063 per

289 4066 578 4125 Christum
604 4070 786 4140 ipsum
821 4075 917 4142 qui
947 4073 1160 4130 Veritas
1185 4083 1289 4141 est,
1319 4090 1416 4131 eos
1437 4091 1631 4133 omnes
1657 4080 1894 4136 colimus
1931 4099 1996 4140 ac
2028 4086 2330 4158 diligimus,
2403 4104 2709 4161 eorumque
2759 4091 3036 4147 mandatis
3090 4091 3581 4157 obtemperamus;

292 4172 564 4219 extraneo
603 4174 797 4220 contra
822 4181 935 4220 non
978 4165 1358 4237 obsequimur,
1410 4168 1541 4239 quia
1570 4185 1672 4225 nos
1713 4171 1808 4242 qui
1861 4174 1916 4228 in
1956 4176 2077 4246 ipso
2114 4195 2277 4251 grege
2320 4195 2630 4246 censemur,
2684 4198 2817 4238 oves
2844 4181 3050 4255 egregii
3123 4177 3361 4251 pastoris
3417 4186 3584 4249 atque

292 4266 584 4327 pastorum
641 4258 893 4313 omnium
947 4259 1217 4331 principis
1264 4263 1449 4333 magni
1515 4261 1721 4319 Christi
1748 4265 1902 4334 .lesu,
1944 4285 2133 4327 vocem
2177 4275 2425 4329 extranei
2457 4275 2685 4331 minime
2715 4276 2993 4331 novimus.

367 4369 390 4403 ι
421 4351 538 4404 Καὶ
594 4352 722 4421 μὴν,
761 4352 950 4421 φασὶν,
982 4353 1074 4406 καὶ
1102 4354 1256 4407 αὐτοὶ
1287 4355 1337 4408 οἱ
1378 4355 1480 4425 τῆς
1519 4357 1740 4411 συνόδου
1774 4359 1878 4413 Πομ

2075 4383 2094 4417 ι
2121 4367 2211 4431 Αι,
2249 4366 2494 4437 inquies,
2519 4367 2623 4438 ipsi
2644 4366 2869 4423 concilii
2897 4368 3089 4423 Patres
3109 4367 3176 4422 de
3208 4365 3437 4420 voltibus
3462 4363 3587 4434 qui-

292 4441 451 4515 τᾶρες
492 4444 631 4514 περὶ
663 4443 850 4512 φωνάς
894 4461 1047 4507 τινας
1078 4443 1329 4517 ἀλλήλοις
1374 4445 1759 4519 διηνέχθησαν,
1793 4451 1878 4502 κα)

1998 4457 2230 4513 busdam
2262 4459 2407 4513 inter
2449 4473 2508 4514 se
2535 4459 2938 4526 dissenserunt,
2963 4459 3395 4529 institeruntquc
3420 4457 3589 4511 vehe-

295 4536 601 4606 ἐνέστησαν
630 4535 776 4606 ὑπὲρ
813 4539 911 4609 τῆς
958 4537 1183 4609 πρώτης
1225 4540 1408 4593 αὐτῶν
1457 4539 1755 4605 ἐκθέσεως,
1785 4541 1878 4610 τῆς

1999 4557 2237 4611 menter,
2266 4556 2324 4604 ut
2350 4549 2462 4621 (l8)
2494 4548 2673 4619 prima
2695 4566 2819 4621 qua:
2834 4550 2947 4621 jam
2969 4551 3194 4622 explosa
3217 4549 3417 4609 fuerat.
3450 4548 3587 4604 reti-

297 4626 771 4700 καταργηθείσης·
802 4628 1023 4701 θερμῶς
1050 4630 1296 4699 ἀλλήλως
1328 4631 1395 4687 ἂν
1421 4624 1589 4697 οὗτοι,
1626 4633 1721 4687 καὶ
1751 4633 1878 4705 ὑπὲρ

1999 4649 2228 4696 neretur
2258 4641 2551 4712 expositio,
2602 4643 2691 4695 vel
2719 4658 2823 4713 pro
2863 4641 3127 4699 Dioscoro
3167 4643 3285 4712 ipso
3321 4642 3414 4711 qui
3455 4655 3588 4695 rcus

297 4720 597 4791 Διοσκόρου
627 4720 1028 4792 πρεσϐεύοντες
1047 4722 1143 4776 τοῦ
1169 4723 1496 4779 ύπευθύνου·
1524 4724 1641 4789 πῶς
1671 4720 1765 4779 οὖν
1795 4726 1893 4796 οὐχ

300 4811 540 4866 ῦποπτοι
561 4828 578 4877 ;
614 4831 635 4863 ι
664 4878 673 4889 ι

308 4960 313 4963 ,
368 4905 523 4977 Πλὴν
577 4905 633 4958 τι
714 4904 874 4962 τοῦτο
926 4906 1124 4976 ξένον;
1191 4910 1288 4964 καὶ
1343 4909 1403 4963 ἓν
1490 4913 1556 4980 τῇ
1623 4910 1732 4981 γὰρ
1783 4910 1893 4963 τῶν

373 5078 529 5162 (μ’)
553 5078 818 5162 Symeon,
854 5081 1069 5162 scilicet
1107 5082 1624 5162 _Stylites,.sanctus
1650 5081 1888 5162 .lacobus

301 5148 525 5231 fSyrius,
560 5148 621 5205 et
666 5161 896 5231 sanctus
948 5148 1276 5231 Baradnatus,
1323 5153 1450 5231 _vita
1504 5162 1563 5231 et
1602 5150 1889 5231 miraculis

298 5219 577 5291 insignes,
623 5222 720 5291 qui
748 5220 816 5276 de
836 5222 1075 5276 concilio
1099 5222 1539 5278 Cbalcedonensi
1573 5221 1644 5275 ab
1690 5220 1887 5289 imper.

300 5289 489 5353 Leone
507 5289 774 5356 consulti,
803 5291 937 5344 illud
969 5293 1365 5360 approbarunt.
1402 5291 1457 5345 ld
1487 5291 1557 5346 de
1576 5306 1635 5345 se
1661 5298 1896 5345 testatur

299 5360 543 5431 Sjmeon
574 5361 712 5431 Stvl.
747 5363 921 5431 Epist.
950 5363 1033 5415 ad
1070 5361 1240 5418 Basil.
1282 5361 1528 5416 Antioch.
1571 5362 1895 5431 episcopum.

349 5445 502 5497 νοεῖ.
542 5430 706 5497 ιι,ιο.

735 5501 1019 5562 columna.
1059 5498 1249 5557 Grece
1272 5499 1485 5564 στύλος,
1528 5514 1685 5555 suam
1715 5499 1891 5554 deno-

301 5569 674 5649 mineiqzveie
713 5572 899 5649 ιςειίι-
1417 5639 1429 5649 .
1646 5637 1787 5649 -η-
1844 5637 1856 5649 ο

373 5638 491 5709 (16)
519 5640 682 5720 ῘἽΞΙΙο
736 5641 936 5720 hei-pm
959 5655 1220 5720 _operu_m
1257 5639 1471 5720 mentio
1518 5638 1662 5709 apud
1699 5637 1893 5720 Fabri-

302 5708 455 5765 cium
479 5721 518 5766 t.
544 5709 640 5783 IX,
671 5726 726 5782 p.
758 5710 886 5779 545,
918 5710 1012 5766 ubi
1030 5708 1110 5767 ’de
1139 5709 1346 5768 Severo
1373 5711 1600 5783 ejusque
1631 5708 1896 5779 operibus

1998 4737 2286 4809 agebatur,
2320 4735 2694 4807 deprecaturi.
2730 4755 2750 4789 ι

2071 4908 2139 4963 Et
2172 4907 2305 4980 quid
2344 4908 2549 4965 mirum
2572 4909 2597 4964 ‘l
2619 4909 2756 4967 Nam
2788 4918 2845 4966 et
2887 4909 2943 4964 in
2968 4908 3088 4979 ipsa
3110 4907 3326 4964 Nicmna
3373 4904 3585 4979 synodo

1993 5081 2462 5276 :;3:e7¥%3rlaurunt
2499 5149 2977 5221 Eutychianorum
3009 5159 3328 5221 patronum,
3361 5147 3431 5204 de
3465 5162 3582 5219 quo

2074 5290 2184 5360 (l8)
2217 5291 2456 5345 Primam
2501 5297 2861 5359 proposuerat
2924 5289 3218 5346 Anatolius
3266 5289 3366 5360 Cp.
3418 5304 3585 5359 quam

2002 5359 2247 5430 episcopi
2273 5359 2507 5430 Romani
2551 5375 2766 5427 omnes,
2806 5368 2864 5415 et
2885 5361 3108 5430 quidam
3144 5359 3453 5416 Orientales
3481 5375 3586 5430 rex.

1999 5428 2331 5500 plodendam
2366 5428 2689 5499 judicarunt
2730 5446 2745 5495 ;
2791 5428 2983 5500 Acaateri
3032 5441 3227 5486 contra
3293 5429 3583 5500 tenendam
3682 5428 3689 5433 ⁷

2001 5488 2192 5581 utpote
2225 5516 2254 5555 a
2293 5488 2504 5569 Spiritu
2539 5488 2739 5555 sancto.
2773 5498 3042 5581 dictatam
3056 5502 3419 5581 clamarunt.‘
3451 5499 3588 5581 Tan:

2000 5568 2126 5624 dem
2173 5568 2439 5652 accurate
2505 5584 2566 5624 re
2617 5585 2889 5652 perpensa
2921 5610 2937 5635 ,
2986 5570 3219 5652 “alterum
3292 5568 3588 5652 ediderunt

2000 5639 2485 5767 approlarulntquc
2543 5639 2787 5695 universi
2844 5640 3063 5697 concilii
3107 5640 3317 5696 Patres.
3386 5641 3499 5695 Act.
3542 5654 3585 5701 ι,

2002 5725 2151 5764 conc.
2260 5726 2366 5765 ac.
