4034 6408
498 292 634 359 188Ὶ

1743 293 2060 356 LEONTII
2100 290 2503 360 BYZANTINI

3624 298 3763 367 1888

487 400 609 456 sine
641 400 905 470 temporis
930 399 1045 473 (29)
1077 401 1240 457 initio
1268 402 1543 473 genitum,
1570 403 1946 474 eumdemque
1970 388 2077 475 po:

2183 409 2319 461 κατὰ
2356 408 2457 478 τὴν
2488 409 2740 479 θεότητα.
2783 411 2900 463 Ἐπ’
2927 410 3176 481 ὲσχάτων
3205 408 3261 464 δὲ
3284 411 3393 464 τῶν
3423 410 3646 481 ἡμερῶν
3671 413 3762 465 τὸν

489 489 714 546 stremis
735 490 936 551 diebus
963 503 1191 563 propter
1221 509 1342 561 nos,
1370 502 1428 548 et
1455 502 1682 564 propter
1714 506 1964 550 nostram
1984 513 2076 552 sa-

489 579 661 635 lutem
689 597 721 634 a
756 582 980 653 Virgine
994 583 1163 638 Maria
1183 584 1491 639 secundum
1519 586 1818 640 humanam
1848 602 2075 643 carnem

489 672 857 743 progenitum,
899 674 1201 743 perfectum
1232 676 1424 741 Deum,
1472 677 1848 747 eumdemque
1891 679 2078 748 perle-

490 773 640 819 ctum
671 765 949 819 hominem
982 766 1148 821 simul
1176 767 1310 838 (50),
1351 769 1596 823 animato
1621 785 1855 840 corpore
1880 772 2080 841 praedi-

494 863 630 919 tum,
656 856 1183 912 consubstantialem
1212 859 1359 914 Patri
1387 859 1691 915 secundum
1726 861 2079 917 divinitatem

491 955 549 999 et
565 945 811 1015 ejusdem
842 962 968 1000 cum
1003 946 1173 1001 Matre
1202 947 1528 1003 substantia:
1550 950 1857 1005 secundum
1881 952 2081 1007 huma-

492 1050 618 1090 nam
649 1051 871 1090 carnem
902 1036 1013 1107 (51)
1039 1055 1054 1103 ;
1083 1040 1341 1094 eumdem
1371 1040 1520 1095 enim
1548 1040 1833 1097 Christum
1856 1044 2080 1099 duabus

492 1124 705 1178 naturis
734 1127 1023 1195 prmditum
1055 1138 1179 1197 post
1201 1138 1542 1200 assumptum
1571 1146 1642 1186 ex
1671 1141 1832 1187 utero
1866 1143 2083 1191 sanctas

490 1215 730 1287 Virginis
752 1217 1045 1273 humanam
1066 1235 1314 1285 carnem,
1350 1238 1523 1278 unum
1549 1223 1604 1277 in
1633 1240 1742 1279 una
1769 1225 2077 1296 eademque

490 1304 798 1360 substantia
814 1322 878 1361 ac
895 1323 1130 1375 persona
1150 1307 1453 1371 Christum,
1480 1327 1650 1365 unum
1666 1313 1884 1378 Filium,
1902 1331 2077 1371 unum

490 1396 782 1451 Dominum
810 1398 1142 1454 conﬁtemur
1176 1417 1192 1465 ;
1237 1416 1416 1471 neque
1471 1403 1791 1460 dubitamus
1824 1421 2079 1462 asserere

494 1501 658 1541 unam
693 1488 790 1542 Dei
827 1488 990 1543 Verbi
1022 1498 1300 1556 naturam,
1329 1507 1554 1548 Carnem
1587 1504 1645 1549 et
1670 1495 2077 1552 humanitatem

491 1587 902 1656 assumpsisse;
947 1599 1243 1660 propterea
1290 1591 1421 1660 quia
1463 1592 1575 1663 (52)
1630 1610 1775 1649 unus
1813 1595 2075 1667 idemque

489 1676 745 1733 subsistit
774 1679 831 1733 iu
862 1680 1079 1736 duabus
1126 1682 1337 1737 naturis
1379 1684 1653 1741 Dominus
1685 1697 1876 1742 noster
1908 1688 2073 1745 Jesus

488 1771 760 1828 Christus.
782 1775 885 1841 Qui
905 1785 1098 1831 contra
1133 1777 1272 1832 duos
1304 1758 1448 1833 ﬁlios
1467 1779 1521 1833 in
1552 1779 1796 1846 Christo,
1824 1784 1910 1836 vel
1931 1783 2074 1839 duas

488 1865 845 1930 substantias,
892 1867 977 1921 vel
1008 1866 1148 1922 duas
1176 1884 1442 1939 personas
1464 1880 1740 1936 asserunt,
1776 1889 1879 1927 nec
1900 1888 2074 1928 unum

488 1957 857 2028 eumdemque
901 1959 1195 2013 Dominum
1257 1960 1444 2017 Jesum
1493 1963 1777 2019 Christum
1819 1968 1912 2021 Dei
1964 1968 2073 2022 vivi

489 2047 689 2103 Filium
723 2057 1050 2118 agnoscunt,
1106 2065 1203 2106 eos
1252 2067 1446 2107 omnes
1507 2069 1884 2120 exsecramur,
1917 2066 1973 2114 et
2004 2060 2075 2113 ab

489 2138 732 2194 Ecclesia
761 2141 856 2194 Dei
892 2142 1260 2212 segregandos
1293 2144 1629 2214 judicamns.
1673 2148 1841 2219 quue
1870 2152 2078 2220 suppli-

489 2231 636 2285 cium
692 2234 943 2286 omnium
1013 2233 1192 2302 primo
1242 2237 1455 2292 nefario
1511 2238 1784 2306 Nestorio,
1844 2243 2077 2312 ejusque

491 2325 727 2379 asseclis
754 2324 899 2379 idem
959 2327 1350 2394 sentientibus,
1391 2339 1486 2384 aut
1536 2332 1960 2400 praedicantibus
1993 2338 2080 2390 in-

490 2415 731 2486 ﬁigimus
759 2433 774 2481 ;
818 2416 910 2485 qui
939 2415 1192 2486 profecto
1218 2433 1412 2474 omnes
1438 2421 1696 2475 amittent
1719 2423 2078 2493 adoptionem

491 2507 662 2571 illam,
685 2523 807 2577 quae
834 2507 922 2577 pie
962 2518 1220 2578 recteque
1257 2510 1626 2566 sentientibus
1647 2515 2022 2582 promittitur.
2057 2537 2074 2568 ι

561 2599 638 2654 [ta
671 2599 966 2655 conﬁtetur
997 2600 1063 2666 is,
1102 2601 1194 2669 qui
1226 2617 1255 2656 a
1282 2602 1543 2659 Dioscoro
1589 2616 1847 2675 tanquam
1890 2610 2083 2665 Nesto-

492 2693 559 2746 rii
589 2693 791 2758 fautor,
829 2702 889 2748 ut
934 2693 1051 2762 ipse
1072 2694 1152 2747 ait
1184 2735 1199 2758 ,
1235 2695 1505 2766 dejectus.
1555 2696 1748 2762 Quid?
1778 2702 1998 2757 omissis
2025 2704 2081 2758 in

491 2781 809 2837 Dioscorum
826 2783 1070 2853 querelis
1082 2783 1359 2851 omnibus,
1378 2786 1668 2842 videturne
1688 2791 1846 2845 vobis
1860 2793 2085 2847 univer-

419 2934 427 2943 ,
489 2887 549 2927 sa
582 2872 694 2943 (55)
728 2881 1046 2929 sanctorum
1077 2875 1321 2940 Patrum,
1354 2892 1752 2949 sacrorumque
1784 2881 1882 2936 Dei
1917 2882 2084 2937 mini-

489 2970 733 3018 strorum
753 2963 997 3035 synodus
1015 2966 1144 3020 odio
1163 2968 1447 3037 compulsa
1471 2968 1740 3040 deiecisse
1757 2971 2081 3026 Dioscorum

2178 498 2342 550 αὐτὸν
2372 499 2441 551 δι’
2464 501 2633 569 ἡμᾶς,
2665 501 2762 554 καὶ
2802 501 2889 555 διὰ
2934 501 3031 571 τὴν
3078 501 3357 571 ἡμετέραν
3386 502 3661 572 σωτηρίαν
3688 506 3760 556 ἐκ

2179 586 2399 657 Μαρίας
2441 588 2705 659 τεχθέντα
2751 591 2892 644 κατὰ
2922 591 3021 661 τὴν
3064 591 3487 661 ἀνθρωπότητα,
3513 591 3647 644 Θεὸν
3677 592 3762 645 τέ-

2179 678 2343 740 λειον,
2381 680 2475 731 καὶ
2502 678 2787 749 ἄνθρωπον
2828 679 3055 744 τέλειον,
3100 680 3192 733 τὸν
3220 682 3382 734 αὑτὸν
3408 684 3465 734 ἐν
3490 681 3759 751 προλήψει

2177 770 2356 841 ψυχῆς
2388 771 2483 824 καὶ
2518 770 2787 841 σώματος,
2824 771 3108 841 ὁμοούσιον
3156 770 3235 842 τῷ
3289 773 3467 842 Πατρὶ
3499 772 3639 825 κατά
3660 772 3757 842 τὴν

2179 862 2430 930 θεότητα,
2456 862 2550 915 καὶ
2576 861 2866 931 ὀμοούσιον
2893 865 2960 933 τῇ
2986 864 3169 933 Μητρὶ
3190 862 3283 916 τὸν
3308 863 3471 917 αὐτὸν
3497 863 3638 917 κατά
3660 864 3758 937 τὴν

2178 952 2604 1022 ἀνθρωπότητα·
2642 954 2735 1006 καὶ
2784 955 2893 1026 γὰρ
2950 958 3015 1009 ὲκ
3048 955 3142 1009 δύο
3192 958 3407 1023 φύσεων
3459 956 3550 1009 τὸν
3596 957 3759 1010 αὑτὸν

2179 1046 2416 1116 Χριστὸν
2447 1046 2585 1113 μετὰ
2608 1045 2704 1116 τὴν
2737 1048 3040 1117 σάρκωσιν,
3072 1047 3171 1117 τὴν
3202 1048 3267 1100 ἐκ
3297 1046 3397 1114 τῆς
3421 1047 3583 1115 ἀγίας
3610 1049 3757 1118 Dap-

2179 1136 2356 1201 θένου,
2392 1138 2485 1189 καὶ
2515 1137 2945 1208 ὲνανθρὼπησιν,
2981 1140 3040 1190 ὲν
3073 1140 3173 1209 μιᾷ
3219 1137 3536 1201 ὑποστάσει,
3578 1138 3673 1191 καὶ
3701 1140 3757 1190 ὲν

2178 1229 2258 1283 ἑνὶ
2303 1227 2579 1299 προσώπῳ
2626 1228 2721 1282 ἕνα
2763 1230 3018 1299 Χριστὸν,
3071 1229 3168 1281 ἕνα
3213 1227 3363 1291 Υίὸν,
3409 1228 3507 1282 ἕνα
3554 1228 3757 1299 Κύριον

2177 1318 2544 1389 ὁμολογοῦμεν
2569 1335 2582 1349 ·
2639 1322 2731 1373 καὶ
2789 1320 2919 1389 μίαν
2962 1320 3021 1373 δὲ
3077 1318 3173 1373 τοῦ
3208 1320 3346 1374 Θεοῦ
3380 1321 3557 1390 Λόγου
3596 1321 3756 1388 φύσιν

2180 1409 2610 1479 σεσαρκωμένην
2656 1408 2865 1478 μέντοι,
2896 1408 2994 1461 καὶ
3042 1410 3549 1479 ἐνανθρωπήσασαν
3581 1409 3759 1477 λέγειν

2176 1501 2275 1554 οὐκ
2306 1498 2649 1569 ἀρνούμεθα·
2678 1500 2768 1553 διὰ
2797 1499 2858 1552 τὸ
2884 1498 2947 1563 ἐξ
2972 1499 3179 1569 ἀμφοῖν
3212 1498 3308 1552 ενα
3339 1499 3436 1553 καὶ
3476 1501 3569 1551 τὸν
3596 1500 3758 1552 αὐτὸν

2177 1585 2317 1644 εἶναι
2346 1590 2546 1661 Κύριον
2581 1589 2737 1661 ἡμῶν
2780 1589 2987 1660 Ἰησοῦν
3009 1590 3104 1643 τὸν
3136 1590 3391 1662 Χριστόν.
3424 1590 3564 1654 Τοὺς
3589 1589 3645 1643 δὲ
3668 1589 3759 1643 δύο

2178 1684 2348 1749 υἱοὺς,
2380 1683 2413 1754 ἢ
2449 1680 2544 1737 δύο
2578 1666 2926 1746 ὑποστάσεις,
2954 1682 2987 1751 ἢ
3011 1682 3107 1735 δύο
3135 1683 3408 1753 πρόσωπα
3455 1681 3760 1749 καταγγέλο

2177 1775 2392 1839 λοντας,
2423 1774 2541 1828 ἀλλ’
2585 1775 2708 1844 ούχὶ
2748 1775 2866 1838 ἕνα,
2899 1775 2997 1827 καὶ
3035 1776 3127 1827 τὸν
3165 1774 3330 1828 αὑτὸν
3382 1771 3591 1844 Ἰησοῦν
3623 1774 3755 1845 Χρι·

2180 1869 2304 1922 στὸν
2346 1868 2439 1921 τὸν
2481 1866 2608 1920 Υίδν
2659 1865 2754 1919 τοῦ
2802 1864 2942 1918 Θεοῦ
2996 1864 3084 1916 τοῦ
3133 1863 3335 1928 ζῶντος
3362 1862 3759 1933 κηρύσσοντας,

2177 1957 2673 2030 ἀναθεματίζομιν,
2700 1957 2794 2010 καὶ
2838 1956 3154 2027 ἀλλοτρίους
3188 1956 3285 2023 τῆς
3327 1953 3655 2024 Ἐκκλησίας
3687 1937 3760 2005 εἶ-

2178 2070 2267 2106 ναι
2308 2051 2587 2122 κρίνομεν,
2621 2049 2713 2101 καὶ
2762 2046 2976 2118 πρῶτον
3023 2046 3241 2099 πάντων
3286 2045 3579 2115 Νεπόριον
3629 2045 3761 2098 ἀνα-

2180 2141 2547 2213 θεματίζομεν
2591 2141 2684 2192 τὸν
2728 2137 2988 2207 δυσσεϐῆ,
3022 2137 3118 2190 καὶ
3162 2137 3289 2199 τοὺς
3319 2136 3387 2188 τὰ
3419 2133 3591 2189 αὐτοῦ
3627 2152 3759 2204 (ppo-

2180 2234 2422 2297 νοῦντας,
2466 2233 2497 2303 ἦ
2530 2231 2783 2299 λέγοντας
2804 2248 2817 2261 ο
2857 2230 2952 2282 καὶ
2979 2229 3307 2282 ὲκπέσουσιν
3333 2229 3381 2280 οἱ
3407 2227 3638 2280 τοιοῦτοι
3661 2229 3759 2296 τῆς

2182 2327 2455 2388 υἱοθεσίας
2469 2317 2576 2393 *τῆς
2606 2321 3022 2394 ἐπηγγελμένης
3053 2323 3164 2384 τοῖς
3191 2320 3367 2391 ὀρθῶς
3396 2319 3705 2391 φρονοῦσιν.
3734 2339 3753 2370 ι

2254 2617 2410 2671 Οὕτω
2461 2615 2557 2686 μὲν
2605 2607 2757 2676 οὗτος
2804 2609 3058 2681 ὁμολογεί
3109 2611 3137 2663 ὁ
3188 2608 3294 2660 ὑπὸ
3339 2605 3656 2673 Διοσκόρου,
3687 2603 3759 2667 ὥς

2186 2726 2371 2781 φησιν,
2429 2706 2525 2761 ὅτε
2584 2700 3017 2773 Νεστοριανίζων
3091 2696 3476 2768 καθαιρεθείς·
3535 2693 3655 2748 εἶτα
3705 2693 3769 2747 δὲ

2185 2801 2371 2865 ἁπλῶς
2427 2799 2525 2853 καὶ
2573 2797 2671 2865 τῆς
2728 2794 2872 2848 κατά
2920 2791 3214 2860 Διοσκόρου
3260 2790 3442 2857 πάσης
3504 2786 3763 2857 μέμψεως

2188 2892 2508 2965 σιγηθείσης
2533 2889 2684 2958 ἡμῖν,
2719 2885 2868 2939 πᾶσα
2919 2880 3019 2951 μὲν
3051 2882 3084 2949 ἡ
3121 2878 3231 2932 τῶν
3260 2877 3420 2949 ἱερῶν
3478 2876 3576 2929 καὶ
3598 2873 3762 2941 ἁγίων

2185 2982 2539 3057 λειτουργιῶν
2602 2978 2816 3037 σύνοδος
2860 2971 3169 3037 ἀντιπαθῶς
3217 2971 3394 3036 ἔδοξεν
3429 2969 3561 3036 ὑμῖν
3605 2966 3763 3019 ἔκϐα-

491 3071 683 3121 unum,
713 3056 1079 3127 eumdemque
1110 3067 1459 3127 praesentem,
1506 3070 1563 3115 et
1596 3062 1767 3117 variis
1797 3065 1977 3119 modis
1995 3064 2064 3119 ad

2183 3082 2280 3133 κεῖν
2323 3056 2592 3145 παρόντα,
2636 3070 2729 3122 καὶ
2774 3063 3117 3134 κεκλημένον
3175 3061 3469 3131 διαφόρως,
3498 3058 3595 3111 καὶ
3633 3073 3762 3126 προ-

489 3146 787 3201 concilium
821 3157 1095 3210 vocatum,
1127 3163 1304 3218 neque
1337 3149 1405 3205 de
1438 3151 1764 3222 Eutychetis
1793 3155 2079 3215 erroribus

490 3244 840 3305 suspectum;
867 3235 1105 3293 Severus
1126 3248 1319 3293 contra
1345 3239 1656 3295 Antiochiae
1683 3241 1849 3296 vitam
1874 3243 2080 3315 degens

486 3325 587 3394 qui
640 3325 908 3396 synodum
958 3326 1467 3385 Chalcedonenscm
1517 3330 1747 3401 (neque
1795 3336 1913 3389 suis
1966 3334 2077 3405 (54)

491 3417 855 3487 temporibus,
892 3434 1070 3489 neque
1122 3420 1258 3476 locis
1329 3421 1692 3486 celebratam,
1723 3437 1827 3478 nec
1852 3424 1929 3479 ab
1961 3426 2081 3496 ipso

490 3518 760 3573 vocatam,
793 3525 894 3565 nec
931 3510 1300 3582 excipientem
1361 3514 1698 3578 Nestorium,
1756 3515 1850 3569 sed
1899 3516 2078 3586 ipsum

487 3600 719 3672 ejusque
744 3602 996 3674 dogmata
1022 3606 1247 3676 scriptis
1269 3605 1659 3675 explodentem
1719 3607 2080 3676 probantem-

488 3706 597 3761 que
624 3700 771 3747 recta
800 3703 988 3749 contra
1014 3710 1143 3750 eum
1172 3695 1449 3766 dogmata,
1475 3709 1585 3749 non
1620 3696 1752 3750 item
1778 3697 1830 3751 ei
1858 3707 2083 3753 contra-

488 3784 627 3838 riam
664 3785 983 3856 Eutychetis
1017 3800 1244 3858 pravam
1283 3784 1664 3857 sententiam),
1705 3786 1965 3854 Severus,
1993 3791 2080 3843 in-

488 3890 677 3944 quam,
706 3875 801 3945 qui
822 3890 931 3931 non
949 3877 1113 3932 modo
1139 3876 1493 3947 rejieiendam
1515 3876 1767 3932 absolute
1785 3879 2077 3950 judicavit,

482 3966 584 4021 sed
634 3984 775 4023 unus
816 3985 1010 4026 omnes
1052 3985 1161 4024 una
1211 3969 1484 4024 sententia
1524 3985 1553 4023 a
1587 3970 1794 4025 Christi
1835 3971 2081 4028 ﬁdelium

484 4070 634 4117 cmtu
687 4063 796 4135 (55)
845 4079 1134 4136 segregare
1199 4078 1367 4119 ausus
1421 4073 1544 4131 est;
1617 4081 1803 4121 nonne
1864 4066 2084 4121 videtur
2114 4094 2127 4101 ε

491 4151 545 4207 id
568 4153 743 4223 egisse
763 4170 860 4224 per
878 4169 1147 4210 summam
1171 4154 1429 4225 injuriam
1453 4156 1889 4227 audaciamque?
1907 4173 2086 4227 quan-

488 4259 653 4313 quam
684 4244 738 4299 in
770 4262 920 4302 more
962 4247 1202 4318 positum
1228 4247 1440 4316 jamdiu
1471 4248 1728 4303 videmus
1771 4264 1897 4303 cum
1934 4249 2081 4319 apud

490 4346 784 4403 nostrates,
806 4347 922 4393 tum
941 4337 1086 4409 apud
1107 4348 1328 4393 exteros
1353 4340 1589 4409 populos
1606 4340 1799 4395 eadem
1827 4341 2082 4396 instituta

2185 3163 2611 3235 διαϐεϐλημένον
2643 3160 2736 3212 ἐπὶ
2784 3154 3051 3226 προλήψει
3091 3148 3366 3221 Εύτυχοῦς
3393 3148 3491 3203 ἕνα
3529 3149 3653 3202 τινὰ
3683 3148 3766 3217 μό-

2186 3276 2277 3313 νον
2314 3256 2478 3311 αὑτὸν
2523 3250 2814 3319 Διόσκορον
2841 3263 2854 3277 ’
2906 3245 3145 3315 Σεϐἦρος
3194 3241 3271 3305 δὲ,
3299 3243 3327 3294 ὁ
3370 3239 3666 3308 γενόμενος
3707 3238 3764 3290 ἐν

2198 3344 2502 3417 Ἀντιοχείᾳ
2534 3341 2679 3414 (οὔτε
2723 3342 2781 3393 ἐν
2798 3337 3033 3409 χρόνοις,
3069 3335 3102 3405 ἢ
3144 3334 3330 3395 τόποις
3377 3328 3544 3384 αὑτοῦ
3579 3330 3675 3398 τὴν
3710 3329 3768 3379 ὲν

2186 3438 2489 3509 Χαλκηδόνι
2534 3429 2749 3485 σύνοδον
2800 3425 3105 3497 παροῦσαν,
3164 3422 3289 3476 οὗτε
3345 3420 3769 3491 προτραπετσαν

2186 3530 2280 3585 ὑπ’
2308 3526 2497 3591 αὐτοῦ,
2526 3522 2648 3577 οὔτε
2684 3519 2989 3590 δεξαμένην
3028 3516 3345 3586 Νεστόριον,
3378 3512 3516 3567 ἀλλὰ
3553 3510 3649 3566 καὶ
3680 3510 3766 3562 ὲκ-

2188 3621 2491 3676 ϐἀλλουσαν
2518 3614 2703 3680 αὐτὸν,
2746 3613 2841 3667 καὶ
2880 3610 2949 3663 τά
2978 3608 3143 3663 αὑτοῦ
3180 3607 3499 3678 ἱγγράφως,
3542 3600 3765 3674 δεχομέ-
3804 3602 3811 3607 ’

2187 3728 2284 3783 νην
2307 3711 2366 3764 δὲ
2393 3708 2494 3779 τὴν
2524 3704 2646 3762 κατ’
2673 3702 2839 3758 αὐτοῦ
2869 3696 3205 3771 ὀρθοδοξίαν,
3247 3698 3365 3751 ἀλλ’
3392 3696 3518 3766 οὐχ).
3549 3696 3642 3749 καὶ
3670 3694 3767 3783 τὴν

2189 3782 2575 3873 ἀντικειμένην
2602 3794 2753 3866 αὐτῷ
2774 3792 3094 3861 κακοδοξίαν
3105 3787 3425 3860 Εὑτυχοῦς),
3452 3788 3558 3841 οὐχ
3578 3782 3766 3840 ἐκϐἀλ-
3865 3857 3874 3866 .

2189 3893 2372 3948 λεσθαι
2401 3890 2589 3952 ἁπλῶς
2618 3884 3162 3957 καταψηφισάμενος,
3184 3881 3319 3934 ἀλλά
3341 3880 3438 3934 καὶ
3462 3878 3764 3948 ἀναθέματι

2191 3983 2539 4054 κατακρίνειν
2570 3979 2765 4042 αὐτοὺς
2800 3979 3047 4039 ἅπαντας
3085 3974 3202 4045 ἅμα
3240 3972 3374 4041 ύφὲν
3416 3972 3443 4024 ὁ
3493 3964 3576 4032 εἷς
3614 3968 3765 4038 μόνος

2190 4074 2466 4144 τολμήσας
2483 4085 2496 4099 ·
2534 4069 2650 4133 πῶς
2673 4070 2772 4123 οὐκ
2788 4066 2966 4132 ἔδοξεν
3003 4066 3132 4135 ὑμῖν
3153 4063 3292 4126 ὅλως
3313 4059 3580 4132 ἐμπαθῶς
3605 4057 3764 4127 ἔχειν,

2190 4166 2223 4236 ἢ
2259 4161 2546 4237 προπετῶς
2585 4161 2721 4233 πρὸς
2743 4160 2871 4214 τάδε
2896 4201 2910 4226 ,
2942 4157 3121 4212 καίτοι
3152 4155 3246 4209 ἀπ’
3282 4152 3482 4215 αἰῶνος
3522 4151 3625 4204 κάν
3658 4149 3768 4208 τοῖς

2191 4255 2498 4335 ὲξωτέροις,
2541 4253 2645 4306 κάν
2681 4254 2797 4315 τοῖς
2845 4250 3139 4321 ἡμετέροις
3174 4247 3394 4301 πάντων
3436 4243 3547 4335 τῶν
3594 4242 3768 4335 ὁμοει-

2190 4347 2295 4400 δῶν
2322 4333 2421 4410 τᾶς
2446 4345 2541 4399 τοῦ
2569 4344 2751 4398 κοινοῦ
2784 4342 2995 4413 κρίσεις
3029 4337 3231 4409 μᾶλλον
3256 4333 3594 4397 ἀποδεκτὼς
3616 4333 3769 4399 ἴσμεν

489 4428 834 4498 proﬁtentes,
863 4439 924 4485 ut
949 4432 1110 4501 longe
1134 4430 1351 4500 potiora
1368 4430 1679 4485 habeantur
1700 4432 2079 4490 universitatis

2191 4441 2331 4494 κατά
2354 4455 2502 4501 τινος
2534 4437 2641 4491 τῶν
2677 4435 2881 4497 ίδικῶν,
2933 4433 2966 4505 ἢ
3029 4432 3129 4494 τὰς
3161 4429 3223 4495 ἐξ
3256 4426 3427 4482 ἱδικοῦ
3456 4442 3603 4487 τινος
3630 4419 3767 4477 κατά

488 4520 701 4590 judicia
763 4533 956 4578 contra
998 4523 1263 4594 privatos,
1295 4536 1460 4591 quam
1499 4523 1843 4592 privatorum
1891 4535 2079 4580 contra

2190 4531 2283 4586 τοῦ
2322 4533 2450 4602 περὶ
2475 4530 2607 4585 αὐτὸ
2638 4526 2843 4582 κοινοῦ.
2870 4526 2979 4579 Καὶ
3013 4525 3142 4594 ὑμῖν
3173 4523 3283 4593 ἀρα
3312 4520 3374 4572 τὸ
3395 4518 3519 4572 ὅλον
3549 4517 3651 4585 τῆς
3676 4513 3767 4564 Ex-

491 4627 664 4681 ipsam
686 4617 1105 4673 universitatem
1138 4617 1193 4672 in
1224 4633 1331 4688 qua
1356 4617 1735 4673 continentur.
1766 4619 1832 4673 Et
1857 4635 1953 4675 vos
1978 4617 2083 4691 igi-

489 4720 581 4766 tur
623 4722 843 4779 aequnm
889 4716 1057 4773 esset,
1103 4709 1150 4764 si
1183 4716 1334 4763 recte
1375 4707 1470 4763 ﬁlii
1512 4708 1800 4763 hominum
1838 4710 2082 4781 judicari

487 4804 693 4870 velitis,
735 4802 1008 4873 potiorem
1036 4800 1240 4856 ducere
1283 4808 1457 4855 totum
1493 4802 1755 4859 Ecclesiae
1793 4806 2078 4859 sacrorum

491 4897 789 4969 praesulum
850 4901 1078 4957 emtum,
1144 4907 1310 4961 quant
1369 4908 1533 4948 unam
1581 4896 1848 4950 duntaxat
1899 4896 2078 4967 ipsius

490 4998 725 5063 partem,
753 4988 1046 5058 ipsumque
1085 4983 1260 5055 magis
1303 4983 1409 5039 ﬁde
1452 4984 1677 5055 dignum
1722 4986 2065 5043 existimare.

562 5104 679 5182 (93)
708 5101 946 5182 Accepta
992 5105 1125 5182 sunt
1157 5095 1296 5182 haec
1343 5110 1411 5182 ex
1462 5099 1693 5182 epistola
1734 5097 2075 5182 Flaviani-ad

490 5165 872 5229 Theodosium
911 5167 1053 5238 apud
1103 5165 1309 5233 Labbe,
1344 5174 1475 5222 tom.
1499 5165 1599 5234 Π,
1627 5185 1751 5241 pag.
1778 5171 1901 5238 778,
1935 5170 2074 5225 edit.

490 5245 734 5300 Venetae.
766 5241 958 5295 Maxst.

584 5315 653 5368 50
699 5313 759 5367 ld
804 5319 994 5364 contra
1024 5305 1232 5362 Arium.

561 5315 677 5455 (5Ιῇ
706 5382 909 5455 Contra
932 5378 1232 5455 Apollinari

586 5372 677 5449 51)
706 5382 909 5439 Contra
932 5378 1327 5449 Apollinarem.
1395 5372 1401 5383 ’

583 5447 675 5525 53)
706 5451 822 5525 [Ioc
852 5447 1041 5504 contra
1072 5447 1452 5525 Eutychetem.

583 5458 675 5525 ὃν)
706 5458 822 5507 lloc
852 5459 1041 5504 contra
1072 5458 1452 5519 Eutychetem.

561 5458 678 5593 (55)
716 5520 997 5593 sanctum
1043 5519 1347 5593 concilium
1387 5520 1837 5579 Chalcedonense
1878 5563 1891 5585 ,
1925 5519 2075 5593 quod

491 5588 644 5649 tanto
669 5593 728 5662 in,
748 5591 955 5647 honore
984 5588 1231 5662 habitum
1275 5589 1378 5643 fuit
1415 5594 1719 5662 praesertim
1751 5592 1895 5662 apud
1924 5588 2078 5648 Grac-

491 5678 610 5733 cos,
638 5673 698 5718 ut
719 5661 890 5733 ipsius
919 5662 1115 5719 festum
1149 5659 1185 5716 ii
1211 5659 1507 5732 quotannis
1533 5659 1814 5721 celebrare
1843 5677 2076 5719 consue-

492 5732 691 5792 verint.

1970 5846 1982 5853 ,ι
1994 5848 2073 5855 -m.

2182 4622 2573 4692 κλησιαστικῆς
2607 4619 2910 4693 ίεραρχίας,
2936 4617 3135 4688 μέρους
3167 4614 3296 4668 ίδίου
3321 4611 3440 4674 ἑνὸς
3463 4603 3771 4676 ἀξιοπιστόο

2180 4732 2334 4787 τερον
2369 4714 2479 4768 ἔδει
2509 4710 2853 4782 νομίζεσθαι,
2886 4711 2936 4762 εἰ
2972 4707 3190 4770 εὐθείας
3225 4705 3462 4776 κρίνετε,
3516 4700 3622 4754 olet
3662 4696 3769 4752 τῶν

2179 4804 2483 4876 ἀνθρώπων
2503 4820 2518 4834 ο
2553 4802 2678 4856 τινὰ
2701 4801 2808 4870 γὰρ
2850 4799 2916 4853 ἂν
2943 4799 3038 4853 καὶ
3073 4796 3234 4853 ἀλλον
3267 4795 3443 4848 εἴδετε
3470 4791 3769 4862 τολμήσαν-

2177 4895 2246 4949 si
2294 4909 2427 4947 ποτε
2474 4891 2694 4946 σύνοδον
2738 4887 3185 4960 ἀναθεματίζειν,
3216 4885 3311 4939 καὶ
3345 4884 3408 4938 ού
3457 4877 3769 4935 τούναντίον

2178 4987 2385 5049 πάντας
2427 4983 2555 5048 τοὺς
2599 4981 2963 5054 αἱρεσιάρχας
2994 4980 3099 5033 ὑπὸ
3138 4977 3375 5031 συνόδων
3438 4974 3766 5042 ἀναθεματι-

2248 5097 2357 5166 (54)
2392 5092 2869 5166 Ναῐηηοοηὲεἰιίιιιη
2912 5090 3361 5166 Chalcedonensc
3409 5090 3765 5166 convocatutn

2178 5158 2283 5239 fuit
2311 5158 2454 5239 anno
2484 5164 2580 5219 451
2612 5180 2627 5224 ;
2662 5162 2902 5239 Severus
2957 5169 3141 5239 autem
3186 5158 3390 5239 ﬂorere
3419 5158 3766 5239 crepitanti?

2181 5237 2305 5292 509.
2339 5236 2458 5302 Quo
2513 5240 2789 5303 temporte
2839 5232 3068 5303 ducenti
3116 5227 3372 5303 monachi
3418 5224 3770 5303 Eutychiani,‘

2182 5307 2323 5361 duce
2349 5294 2604 5367 ~Severo,
2627 5294 2722 5357 'se
2746 5302 2816 5357 ab
2860 5301 3085 5357 Oriente
3143 5298 3358 5370 Cpolim
3414 5294 3767 5370 contulerunt

2184 5360 2532 5455 Anastasiunm
2564 5360 2999 5455 imp.nrogantes,
3032 5380 3094 5425 ut
3118 5360 3765 5455 concilium,

2186 5462 2356 5501 nense
2402 5461 2431 5499 a
2454 5433 2661 5499 Christi
2704 5433 2961 5499 ﬁdElibus
2986 5433 3258 5496 omnibus
3278 5435 3499 5507 explodi
3529 5433 3761 5507 juberet.

2187 5516 2441 5587 Theole
2465 5531 2517 5585 p.
2552 5514 2674 5587 150.
2744 5583 2754 5587 _
3020 5580 3051 5587 __
3306 5579 3340 5587 __
3475 5574 3509 5587 η
3698 5566 3732 5587 _,

2262 5531 2435 5581 ευριπ,
2465 5531 2517 5585 p.
2552 5531 2674 5570 που.
3475 5574 3509 5590 ﬂ
3720 5566 3732 5579 .

2262 5587 2372 5657 (55)
2404 5586 2535 5657 Ejus
2560 5583 2822 5657 epistolas
2857 5580 3176 5657 synodicas,
3226 5579 3431 5657 quibus
3457 5590 3544 5657 .ns
3585 5584 3762 5657 con-ct-

2187 5648 2326 5711 lium
2356 5648 2816 5711 'Chalcedonense
2837 5648 3142 5715 damnavit,
3171 5648 3623 5721 proscripsitque,
3652 5652 3760 5693 me-

2183 5738 2365 5798 jnorat
2394 5725 2660 5798 Evagrius
2690 5723 2778 5794 Ill,
2800 5723 2888 5798 53,
2916 5722 3003 5778 δι.
