4034 6398
525 393 656 461 1891

1751 389 2062 452 LEONTII
2102 387 2510 451 BYZANTINI

3667 385 3805 452 1892

515 525 578 568 et
614 514 680 569 ad
704 513 829 570 lecti
863 513 1032 585 pedes
1057 514 1250 578 oblati,
1287 511 1564 584 stipendia
1609 511 1715 566 sibi
1757 512 2104 582 paciscuntur

2220 508 2373 580 παρὰ
2408 509 2577 571 πόδας
2615 507 2712 579 τῆς
2757 507 2947 578 κλίνης
2980 504 3315 577 τελουμένης
3345 504 3532 568 αὐτοῖς
3581 506 3766 577 ίερουρ
3789 537 3802 547 -

513 605 755 674 singulis
789 605 1076 659 mensibus
1098 605 1180 658 vel
1219 603 1381 658 annis
1409 602 1806 673 persolvenda?
1833 603 2114 657 Praetereo

518 697 756 765 reliqua,
787 696 999 750 veritus
1023 712 1093 750 ne
1113 697 1200 750 vel
1229 710 1258 750 a
1276 694 1522 765 profanis
1541 693 1882 760 :bominibus
1909 692 1962 746 in
1998 708 2116 748 soe-

515 806 644 844 nam
675 791 961 853 ducamur,
996 791 1088 859 qui
1119 791 1341 860 pietatis
1363 788 1587 858 quidem
1621 787 1842 842 inanem
1871 786 2113 856 speciem

519 897 631 951 prae
665 881 825 936 nobis
866 881 1132 947 ferimus;
1171 882 1431 952 pietatem
1482 895 1614 934 vero
1666 879 1839 948 ipsam
1884 879 2114 949 ejusque

510 973 628 1026 'vim
647 973 873 1027 omnino
895 973 1208 1042 spernimus
1234 973 1652 1043 rcjicimusque.
1675 973 1735 1026 lu
1761 972 1950 1026 multis
1964 973 2112 1026 enim

514 1065 852 1121 uii‘endimus
874 1081 1088 1121 omnes.
1131 1066 1347 1120 Etenim
1388 1064 1435 1120 si
1469 1080 1568 1119 vos
1594 1065 1694 1134 ipsi
1718 1064 1986 1126 fatemini,
2014 1077 2113 1117 ne-

517 1174 626 1226 que
653 1174 850 1228 negare
875 1157 1104 1228 potestis
1131 1157 1305 1227 accipi
1337 1157 1518 1212 solere
1550 1157 1864 1211 mercedem
1896 1171 1998 1225 pro
2025 1171 2114 1210 sa-

515 1251 594 1303 cri
629 1250 738 1320 ($9.)
769 1249 940 1302 fontis
990 1249 1233 1312 lavacro,
1273 1258 1328 1302 et
1357 1264 1457 1318 pro
1506 1248 1767 1318 pretiosis
1800 1248 1912 1318 (45)
1933 1246 2108 1301 divini

517 1343 649 1395 doni
684 1342 955 1411 reliquiis,
1003 1341 1136 1411 quid
1167 1342 1315 1395 aliud
1353 1343 1518 1396 nobis
1555 1341 1878 1411 exprobrari
1915 1339 2110 1394 audie~

517 1446 662 1494 mus,
711 1431 820 1484 nisi
882 1431 1016 1484 illud
1054 1431 1296 1484 :Nomen
1339 1448 1512 1484 meum
1561 1432 1702 1502 apud
1752 1448 1840 1485 vos
1895 1438 2111 1501 prapter

516 1531 695 1592 gentes
719 1522 941 1576 ludibrio
961 1523 1181 1576 habetur
1201 1521 1226 1561 ιι
1251 1522 1521 1592 ?0portet
1551 1523 1717 1593 igitur
1742 1538 2111 1592 unumquem-

517 1630 625 1683 que
651 1624 898 1667 nostrum
920 1614 1157 1667 educere
1179 1615 1390 1668 trabem
1413 1629 1441 1668 a
1461 1615 1703 1683 propriis
1720 1614 1915 1678 oculis,
1942 1623 2108 1684 atque

517 1707 594 1760 ita
635 1707 898 1760 festucam
965 1705 1018 1758 in
1073 1705 1249 1758 oculis
1299 1705 1494 1758 alienis
1539 1704 1742 1758 clarius
1793 1704 2108 1773 perspicere

514 1799 824 1867 poterimus
850 1808 873 1835 ε
905 1813 920 1861 ;
971 1794 1437 1865 quemadmodum
1491 1804 1681 1849 monet
1711 1797 1779 1860 is,
1827 1795 1922 1864 qui
1954 1796 2107 1849 solus

515 1897 670 1943 caret
691 1888 841 1942 omni
871 1888 1052 1956 culpa.

609 1979 738 2035 Haec
774 1995 901 2034 cum
928 1979 1116 2033 divina
1162 1976 1519 2032 Providentia
1553 1990 1753 2048 praesto
1788 1978 1900 2033 sint
1927 1979 2105 2032 omni-

514 2072 622 2126 bus
661 2071 729 2126 ad
779 2079 929 2125 recte
969 2069 1351 2141 iudicandum,
1387 2069 1930 2140 dignoscendamque
1958 2068 2106 2122 veri-

520 2171 725 2228 tatem;
777 2177 880 2217 nos
947 2170 1129 2216 tamen
1198 2162 1369 2232 pudet
1429 2177 1614 2216 coram
1679 2161 1802 2232 ipso
1853 2161 2106 2217 veritatis

515 2255 721 2317 Verbo,
746 2269 880 2309 vero
901 2255 1194 2309 verborum
1219 2255 1464 2308 omnium
1491 2263 1547 2308 et
1575 2269 1802 2323 operum
1827 2262 1991 2322 atque
2012 2269 2106 2308 co-

517 2347 847 2416 gitationum
882 2345 1091 2416 judice,
1129 2354 1344 2399 mutare
1359 2349 1531 2414 ‘quam
1575 2346 1744 2399 semel
1783 2345 2106 2400 imbibimus

512 2439 858 2509 Opinionem,
891 2439 979 2492 vel
1023 2437 1092 2490 ab
1121 2437 1312 2491 amicis
1341 2437 1425 2491 vel
1457 2438 1524 2491 ab
1560 2437 1798 2491 inimicis
1817 2437 1973 2508 quasi
2003 2437 2104 2492 do-

516 2531 764 2586 mestic‘is
785 2539 1086 2599 acceptam,
1104 2543 1532 2598 recusamusque
1544 2530 1763 2584 since-ro
1781 2531 1966 2585 animo
1981 2543 2105 2601 per-

516 2621 783 2686 pendere,
818 2637 940 2691 qua:
969 2619 1282 2684 traduntur,
1320 2620 1626 2689 eademque
1670 2629 1776 2675 tam
1810 2620 2106 2690 diligenter

515 2713 776 2778 scrutari,
807 2729 971 2783 quam
1012 2727 1075 2768 ea
1113 2725 1212 2782 par
1234 2718 1337 2775 est,
1371 2725 1494 2780 qua:
1521 2712 1591 2766 ab
1621 2712 1944 2767 hominibus
1981 2727 2104 2766 om-

513 2805 648 2861 nino
678 2805 878 2875 ignotis
911 2806 1244 2861 traduntur:
1295 2820 1608 2876 quanquam
1643 2805 1794 2860 omni
1862 2804 2104 2874 partium

513 2895 704 2950 studio
753 2906 988 2960 remoto,
1021 2898 1260 2964 simplici
1297 2899 1502 2954 mentis
1540 2897 1747 2951 intuitu
1771 2895 1920 2950 dicta
1967 2911 2104 2951 con-

515 2987 846 3057 templantes
873 3027 886 3049 ,
957 2988 1191 3042 melius“
1223 3005 1288 3044 ac
1349 2987 1557 3044 rectius
1615 2987 1869 3059 judicare
1909 3028 1923 3052 ,
1957 2987 2106 3041 veri-

517 3086 798 3148 tatemque
851 3079 1057 3134 clarius
1135 3080 1448 3150 perspicere
1528 3083 1836 3151 poterimus
1891 3099 1906 3147 ;
1979 3094 2104 3135 cum

514 3171 654 3228 alias
702 3174 909 3230 nostris
937 3175 1025 3228 his
1046 3175 1303 3232 hostibus
1326 3177 1563 3232 nimium
1613 3177 1902 3246 indulgere
1929 3175 2104 3229 solea-
2127 3186 2174 3250 ρ

513 3277 658 3317 mus.
691 3262 863 3328 Quam
913 3264 984 3318 ob
1023 3281 1136 3319 rem
1171 3267 1434 3322 audacter
1474 3267 1746 3321 aﬂirmare
1797 3280 1906 3318 non
1935 3264 2102 3318 dubi-

515 3363 718 3418 tamus,
757 3368 854 3408 eos
904 3357 998 3425 qui
1058 3357 1191 3426 ipsis
1249 3357 1553 3418 adhaerent,
1617 3365 1908 3425 propterea
1974 3356 2104 3425 quia

513 3447 727 3495 rectum
771 3457 964 3497 eorum
1012 3444 1209 3513 dogma
1260 3454 1477 3516 putant,
1507 3445 1726 3500 etiamsi
1769 3460 1960 3499 revera
1993 3461 2107 3500 ma-

510 3531 625 3586 lum
654 3533 726 3588 sit
753 3549 816 3588 ac
845 3537 984 3590 male
1019 3539 1301 3593 sentiant:
1333 3539 1630 3610 impietatis
1664 3546 1851 3592 notam
1885 3539 2108 3594 subitu-

493 3637 606 3679 ‘ros
639 3641 749 3680 non
787 3643 909 3682 esse
940 3668 954 3692 ,
1000 3645 1123 3683 cum
1164 3631 1309 3686 Deus
1355 3631 1542 3686 cordis
1577 3631 1768 3686 intima
1799 3641 1855 3687 et
1889 3634 2107 3687 occulta

509 3715 858 3790 iudicaturus
884 3721 1132 3777 accedet.
1170 3742 1187 3775 ι
1219 3723 1357 3779 Cum
1388 3723 1570 3796 enim,
1618 3723 1727 3790 ait,
1755 3740 1940 3779 coram
1985 3726 2106 3796 ipso

493 3823 835 3879 persuasum
865 3811 1034 3867 fuerit
1063 3829 1160 3869 cor
1208 3824 1483 3880 nostrum,
1524 3831 1706 3886 neque
1759 3818 2103 3873 conscientia

510 3910 700 3956 nostra
728 3919 830 3957 nos
868 3905 1088 3961 mordet
1117 3923 1131 3972 ;
1159 3907 1306 3960 Deus
1342 3908 1518 3978 major
1561 3919 1648 3965 est
1682 3911 1850 3967 corde
1886 3919 2101 3975 nostro,

509 3994 886 4064 perspicitque
923 3999 1132 4051 omnia.
1166 4016 1184 4048 ι
1230 3997 1300 4052 At
1339 3999 1382 4052 si
1418 4001 1671 4056 veritatis
1700 4002 1944 4057 Verbum
1980 4018 2103 4057 sese

509 4083 656 4138 clare
698 4085 864 4141 nobis
897 4087 1196 4156 patefacit,
1245 4099 1578 4160 nostrasque
1624 4102 1842 4148 mentes
1890 4093 2102 4147 lumine

509 4191 610 4232 suo
642 4180 928 4248 perfundit
955 4198 1092 4243 :nos
1115 4192 1309 4236 contra
1349 4183 1662 4240 claudimus
1685 4187 1898 4250 oculos,
1925 4187 2104 4254 _obtu-

509 4285 809 4341 ramusque
871 4282 1092 4328 nostras
1145 4289 1308 4329 aures
1367 4285 1562 4345 sponte
1609 4275 1763 4330 surdi
1817 4277 2103 4331 evadendo

509 4361 926 4434 rejiciendoque
955 4363 1243 4418 veritatem
1277 4365 1488 4436 ipsam:
1521 4367 1769 4436 profecto
1799 4367 2100 4421 miserrimi

503 4453 752 4508 euntium
784 4455 1289 4525 deprehendemur,
1348 4459 1708 4527 omniumque
1744 4458 2103 4513 commisera-

2218 602 2344 670 γίας
2371 602 2497 664 τοὺς
2528 601 2752 671 μισθοὺς
2783 600 3210 664 ἀποϐλέποντες,
3245 600 3476 662 καὶτοῖς
3505 600 3802 670 μηνιαίας,

2216 697 2312 748 καὶ
2340 697 2578 766 ἐτησίοις
2609 695 2824 765 ἐράνοις
2856 692 3208 757 ἐπελπίζουσι
3231 711 3245 760 ;
3272 693 3496 748 Δέδοικα
3525 692 3704 762 λέγειν
3732 693 3802 747 τὰ

2218 787 2413 850 πλείω,
2452 787 2525 857 μή
2567 803 2686 849 πως
2724 787 2817 840 καὶ
2856 785 3106 857 βεϐήλοις
3145 785 3602 857 θριαμϐευθῶμεν
3630 787 3680 838 οἱ
3699 786 3806 856 τὴν

2219 879 2491 949 μόρφησιν
2523 877 2742 948 ἔχοντες
2767 878 2867 947 τῆς
2901 877 3209 943 εὐσεϐείας,
3235 877 3334 949 τὴν
3358 877 3414 930 δὲ
3441 878 3671 947 δύναμιν
3692 879 3803 950 ἠρ-

2214 972 2480 1043 νημένοι·
2537 971 2712 1024 πολλὰ
2761 971 2872 1040 γὰρ
2919 973 3186 1041 πταίομεν
3227 973 3490 1034 ἅπαντες.
3539 972 3650 1025 Καὶ
3693 971 3806 1039 γὰρ

2219 1064 2409 1136 μισθὸς
2435 1063 2530 1118 τοῦ
2561 1064 2791 1137 λουτροῦ
2822 1065 2938 1134 τῆς,
2971 1065 3216 1134 χάριτος,
3255 1066 3350 1118 καὶ
3381 1066 3493 1119 ἀπὸ
3537 1065 3706 1134 τιμῆς
3737 1066 3806 1116 ἐκ

2218 1157 2320 1210 τῶν
2365 1157 2636 1226 λειψάνων
2679 1161 2778 1230 τῆς
2827 1157 2977 1220 θείας
3033 1159 3250 1230 δωρεᾶς
3284 1161 3332 1211 εἰ
3364 1155 3803 1228 συμπεφώνηταί

2216 1269 2291 1320 πη
2321 1251 2389 1304 δι’
2413 1254 2592 1320 ὑμῶν,
2630 1255 2683 1306 τί
2710 1255 2901 1324 ἕτερον
2933 1248 3304 1320 ἀκουσόμεθα,
3327 1249 3360 1321 ἢ
3387 1249 3468 1302 ὅτι
3501 1247 3574 1302 Τὸ
3609 1244 3803 1316 ὄνομά

2209 1362 2327 1413 μου
2376 1344 2452 1398 δι’
2478 1344 2646 1414 ὑμῶν
2697 1345 3145 1415 ,ϐλασφημεῖται
3199 1343 3268 1395 ἐν
3330 1341 3454 1406 τοῖς
3515 1340 3804 1401 ἕθγεσιν;

2225 1437 2476 1506 Ἀρκέσει
2517 1439 2650 1506 γοῦν
2700 1440 2917 1509 ἑκάστῳ
2951 1440 3015 1490 ἐκ
3059 1436 3152 1490 τοῦ
3203 1435 3334 1488 ἰδίου
3367 1432 3651 1503 ὀφθαλμοῦ
3700 1430 3803 1504 τὴν

2210 1529 2364 1582 δοκὸν
2388 1530 2652 1602 ἐξαιρεῖν,
2685 1530 2778 1584 καὶ
2806 1531 2926 1583 τότε
2957 1529 3284 1598 τρανότερον
3309 1526 3370 1578 τὸ
3401 1527 3458 1578 ἐν
3489 1524 3567 1594 τῷ
3596 1522 3804 1592 ὀφθαλ-

2214 1621 2300 1692 μῷ
2328 1623 2541 1692 κάρφος
2575 1626 2878 1690 κατανοεῖν,
2896 1624 3040 1677 καθά
3069 1639 3232 1693 φησιν
3268 1622 3400 1691 ἡμῖν
3427 1620 3456 1671 ὁ
3482 1617 3642 1688 μόνος
3666 1617 3804 1670 ἀνει-

2213 1717 2506 1786 μάρτητος.

2282 1970 2500 2026 Τούτων
2524 1973 2723 2045 δὲήμῖν
2752 1977 2850 2030 σὺν
2871 1975 2989 2046 Θεῷ
3025 1975 3446 2050 προίτεψέντων
3481 1979 3562 2042 εἰς
3587 1977 3798 2050 κρίσιν,

2209 2065 2306 2118 καὶ
2337 2065 2622 2134 διάσκεψιν
2658 2069 2827 2122 πᾶσιν
2871 2069 3209 2140 ἀνθρώποις,
3273 2070 3636 2140 δυσωποῦμεν
3702 2073 3797 2124 ἐν-

2209 2153 2380 2209 ώπιον
2402 2157 2496 2210 τοῦ
2527 2159 2628 2230 τῆς
2658 2159 2920 2232 ἀληθείας
2942 2161 3116 2230 Λόγου
3134 2162 3228 2214 τοῦ
3254 2162 3424 2224 ὄντως
3447 2160 3638 2232 κριτοῦ
3657 2179 3801 2214 παν-

2207 2247 2299 2311 τὸς
2347 2247 2529 2317 λόγου,
2564 2251 2659 2305 καὶ
2709 2252 2896 2322 ἔργου,
2935 2255 3028 2306 καὶ
3068 2257 3340 2323 νοήματος
3370 2253 3552 2324 ήμῶν,
3587 2251 3796 2305 ἀποθέ-

2211 2340 2337 2394 σθαι
2384 2343 2619 2397 ἕκαστον
2663 2345 3075 2416 ἐντευξόμενον,
3119 2346 3225 2401 κᾶν
3253 2363 3312 2400 τε
3337 2347 3438 2416 τῆς
3491 2344 3798 2416 ἡμετέρας.

2211 2431 2313 2486 κάν
2342 2449 2402 2485 τε
2430 2432 2530 2501 τῆς
2569 2435 2857 2505 ἀλλοτρίας
2951 2437 3110 2508 δόξης
3128 2438 3226 2507 τὴν
3257 2437 3331 2500 ὡς
3373 2436 3503 2508 παρ’
3549 2436 3798 2498 οἰκείων,

2208 2522 2306 2575 καὶ
2334 2523 2608 2594 πολεμίων
2638 2525 2906 2596 ἀκρόασιν
2938 2527 3047 2580 τῶν
3085 2513 3416 2598 εἰρημένων,
3458 2526 3552 2580 καὶ
3582 2526 3798 2598 κρίνειν

2205 2615 2274 2668 τά
2308 2615 2564 2686 ρηθέντα,
2601 2617 2680 2681 ὡς
2720 2618 2873 2688 παρά
2903 2636 3068 2672 τινων
3100 2619 3282 2692 πάντῃ
3315 2620 3612 2687 ἀγνώστων
3640 2616 3804 2686 αὐτῷ

2208 2706 2320 2760 τῶν
2368 2708 2637 2780 ἐκατέρου
2692 2711 2920 2782 μέρους·
2964 2713 3057 2764 καὶ
3100 2710 3298 2764 οὔποτε
3349 2711 3578 2780 θατέρου
3629 2710 3799 2780 λόγου

2210 2797 2747 2870 προθεμειτισθέντος
2799 2803 2941 2856 κατά
2985 2803 3085 2873 τὴν
3133 2804 3375 2857 διάνοιαν
3415 2801 3586 2873 αὐτῷ,
3621 2804 3718 2856 καὶ
3748 2805 3800 2855 εἰ

2205 2892 2377 2957 ὕντως
2429 2894 2624 2966 γυμνῷ
2675 2896 2753 2966 τῷ
2809 2898 3079 2970 κριτηρίῳ
3127 2896 3336 2950 ἑαυτῶν
3374 2898 3544 2969 χωρὶς
3592 2894 3802 2957 παντὸς

2208 2984 2582 3054 προσπαθοῦς,
2623 2987 2716 3040 καὶ
2765 2987 3098 3050 ἀντιπαθοῦς
3151 2988 3613 3056 ἐπισκοτίσματος
3654 2984 3798 3056 ἁλη-

2209 3071 2447 3144 θέστερα
2468 3074 2769 3146 κρίνωμεν,
2805 3077 2898 3131 καὶ
2919 3075 3287 3148 εὐλογώτερα,
3316 3077 3410 3131 καὶ
3440 3075 3801 3146 ἰσχυρότερα,

2207 3165 2304 3219 καὶ
2351 3167 2636 3240 σοφώτερα
2679 3169 2748 3224 τὰ
2797 3171 2927 3241 παρ’
2958 3171 3139 3223 αὐτῶν
3182 3173 3229 3223 oi
3265 3170 3438 3223 τοῖσδε
3479 3172 3592 3231 τοῖς
3631 3171 3803 3222 ἐναν-

2207 3256 2346 3322 τίοις
2385 3261 2518 3330 ἡμῖν
2562 3263 2971 3333 προσκείμενοι.
3007 3263 3196 3327 Οὕτως
3238 3263 3532 3332 τολμῶμεν
3585 3261 3799 3331 λέγειν,

2205 3348 2284 3414 ὡς
2305 3352 2356 3404 εί
2385 3353 2480 3405 καὶ
2509 3353 2699 3417 κακῶς
2728 3355 2900 3408 ταῦτα
2933 3357 3134 3410 ἐκεῖνοι
3177 3358 3424 3426 φρονοῖεν
3461 3357 3512 3420 οἱ
3544 3371 3801 3408 συναπα-

2208 3443 2433 3514 γόμενοι
2454 3446 2659 3510 αὐτοῖς,
2691 3447 2782 3500 διὰ
2809 3447 2870 3500 τὸ
2901 3448 3047 3514 δόξαι
3077 3448 3288 3512 τούτοις
3321 3446 3802 3519 θεοπρεπέστερον

2207 3530 2350 3588 εἶναι
2402 3536 2578 3608 δόγμα
2630 3539 2692 3591 τὸ
2741 3541 2861 3592 κατ’
2892 3540 3109 3606 αὐτοὺς,
3161 3541 3222 3593 οὐ
3287 3540 3801 3611 κατακριθήσονται

2207 3627 2469 3682 ἀσέϐειαν
2526 3631 2584 3684 ἐν
2636 3631 2844 3702 ἡμέρᾳ,
2893 3634 2980 3685 ὅτε
3024 3634 3203 3704 κρινεῖ
3237 3634 3264 3686 ὁ
3293 3633 3428 3695 Θεὸς
3463 3633 3530 3686 τὰ
3571 3631 3800 3701 κρυπτὰ

2207 3722 2316 3776 τῶν
2370 3721 2628 3793 καρδιῶν.
2681 3742 2700 3775 ‹
2738 3723 2864 3776 Ἕάν
2892 3724 3022 3796 γὰρ,
3061 3726 3247 3796 φησὶν,
3276 3724 3588 3799 ἔμπροσθεν
3624 3726 3799 3780 αὐτοῦ

2209 3815 2488 3886 πείσωμεν
2521 3816 2620 3879 τὰς
2656 3817 2888 3887 καρδίας
2932 3817 3105 3886 ἡμῶν,
3147 3819 3242 3872 καὶ
3296 3820 3328 3887 ἡ
3390 3819 3590 3890 καρδία
3637 3820 3801 3888 ἡμῶν

2207 3904 2598 3976 καταγινώσκῃ
2624 3906 2803 3976 ἡμῶν,
2833 3906 2862 3958 ὁ
2891 3906 3026 3970 Θεὸς
3057 3905 3262 3977 μείζων
3289 3909 3409 3962 ἐστὶ
3440 3909 3539 3978 τῆς
3566 3909 3801 3979 καρδίας

2206 3994 2387 4065 ήμῶν,
2419 3995 2516 4050 καὶ
2553 3997 2813 4064 γινώσκει
2862 3997 3060 4053 πάντα.
3089 4018 3107 4050 ι
3143 3998 3203 4050 Εἰ
3230 3998 3286 4051 δὲ
3315 4001 3343 4052 6
3389 4000 3488 4068 μὲν
3516 4000 3616 4068 τῆς
3656 3999 3796 4072 ἁληο

2205 4085 2360 4150 θείας
2395 4089 2569 4156 Λόγος
2606 4089 2921 4160 φαιδράζων
2976 4091 3171 4144 ἑαυτὸν
3218 4092 3594 4146 ἐπιδείκνυσιν
3624 4095 3794 4163 ἡμῖν’

2206 4181 2365 4250 ἡμεῖς
2392 4179 2449 4233 δέ
2478 4198 2605 4244 τους
2633 4199 2692 4234 τε
2721 4181 3033 4253 ὀφθαλμοὺς
3063 4184 3413 4255 καμμύομεν,
3446 4184 3671 4249 καὶτοῖς
3690 4187 3801 4240 ὠσὶ

2207 4269 2417 4339 βαρέως
2452 4267 2726 4339 ἀκούομεν
2775 4271 2942 4326 αὑτοῦ
2978 4272 3474 4342 ἐθελοκωφοῦντος,
3519 4277 3614 4327 καὶ
3656 4277 3798 4330 ἀπο-

2206 4361 2553 4432 στρεφόμεθα
2573 4363 2756 4429 αὺτὸν,
2782 4364 2952 4428 ὅντως
2985 4366 3186 4430 παντὸς
3217 4367 3415 4438 θρήνου
3444 4367 3629 4431 ἀξίους
3659 4370 3798 4422 ἐαυ-

2203 4453 2330 4516 τοὺς
2361 4456 2781 4526 καταστήσομεν
2804 4456 2902 4527 τὴν
2932 4456 3198 4528 αίσχύνην
3231 4460 3332 4529 τῆς
3369 4458 3675 4531 μελλούσης
3700 4459 3800 4513 ἀλ-

504 4545 657 4600 tioue
685 4553 850 4617 atque
873 4547 1030 4600 luctu
1054 4545 1228 4618 digni,
1259 4549 1397 4604 nihil
1433 4549 1588 4603 illum
1615 4549 1922 4604 verendum
1947 4551 2093 4605 diem

2209 4545 2562 4616 λοτριὼσεως,
2588 4548 2685 4601 καὶ
2719 4548 3006 4620 ἀρνήσεως
3053 4550 3312 4620 Χριστοῦ,
3357 4550 3589 4605 ἐνώπιον
3624 4553 3798 4620 ἀγγέ-

503 4637 880 4704 formidando,
903 4653 1014 4708 quo
1045 4653 1232 4693 coram
1257 4641 1469 4710 angelis
1500 4657 1563 4695 ac
1592 4641 1979 4710 potestatibus,
2008 4651 2097 4697 to-

504 4738 674 4799 toque
728 4739 1003 4785 terrarum
1079 4731 1216 4786 orbe
1272 4732 1369 4786 Dei
1436 4732 1707 4803 judicium
1760 4733 2034 4789 subeunte
2068 4751 2097 4788 a

497 4819 727 4877 Christo
751 4823 1088 4893 rejiciemur.
1127 4823 1248 4890 Quo
1270 4840 1402 4879 sane
1431 4824 1522 4879 die
1550 4825 1685 4879 nihil
1714 4825 1874 4881 nobis
1899 4827 2101 4896 prode-

503 4911 605 4977 rit,
638 4929 822 4983 neque
855 4920 1110 4968 nostrum
1137 4915 1189 4970 in
1219 4915 1618 4971 hmresiarchas
1649 4917 1957 4987 impensum
1984 4925 2098 4972 stu-

501 5003 682 5069 dium,
708 5020 888 5074 neque
905 5005 1188 5075 sanguinis
1213 5007 1486 5078 cognatio,
1511 5023 1691 5078 neque
1711 5009 2086 5074 familiarium,

502 5104 602 5149 aut
625 5095 802 5165 patria
845 5096 1193 5151 consuetudo
1216 5097 1362 5168 (qua
1385 5097 1608 5167 quidam
1633 5099 1917 5154 insolubili
1943 5101 2090 5154 nodo

567 5251 595 5290 δ
625 5251 830 5306 Ezech.
889 5267 1072 5318 xxxvi,
1109 5251 1179 5306 20
1208 5269 1222 5318 ;
1284 5253 1444 5307 Rom.
1471 5269 1530 5319 ιι,
1558 5252 1647 5309 24.

482 5408 730 5479 -tus_f_uit,
757 5405 891 5479 utin
909 5408 1032 5479 ejus
1051 5407 1214 5464 domo
1233 5409 1564 5466 sacriﬁcium
1587 5411 1836 5466 oﬂ‘erret.
1851 5408 2078 5464 Paul-in.

497 5482 555 5532 in
591 5477 704 5533 Vita
733 5478 915 5532 Ambr.
945 5477 1002 5533 ii.
1036 5479 1122 5533 10.

571 5550 683 5620 (42)
710 5548 941 5618 Vigebat
963 5559 1019 5605 et
1040 5550 1094 5604 in
1125 5551 1387 5607 Eeelesiis
1407 5549 1859 5606 Occidentalibus
1878 5551 2082 5605 saeculo

499 5619 666 5689 tertio
718 5635 836 5672 mos
889 5621 1128 5689 ponendi
1186 5631 1462 5676 monetam
1525 5621 1763 5689 aliquam
1808 5620 1862 5673 in
1923 5636 2083 5674 sacro

497 5688 669 5749 fonte,
707 5705 870 5759 quam
890 5688 1184 5757 sacerdos,
1211 5693 1412 5746 collato
1443 5688 1808 5748 sacramento.
1852 5690 1956 5744 sibi
1985 5706 2047 5742 su
2067 5718 2082 5731 ο

498 5772 649 5831 ruere
675 5761 901 5831 solebat.
939 5762 1114 5828 Quem
1170 5777 1380 5816 morem
1437 5760 1718 5814 damnavit
1779 5761 2079 5831 concilium

496 5827 919 5900 Eliberitanum,
950 5827 1072 5888 can.
1135 5832 1225 5898 48,
1257 5847 1326 5886 ne
1352 5831 1613 5886 sacerdos
1660 5831 1898 5886 vendere
1928 5830 2080 5885 vide-

1737 5264 1759 5292 θ
1784 5253 1921 5309 Luc.
1967 5271 2041 5318 vr,
2071 5255 2161 5309 42.

2195 4637 2324 4700 λων,
2377 4640 2472 4693 καὶ
2527 4641 2811 4707 ἐξουσιῶν,
2864 4642 3069 4705 παντός
3101 4659 3162 4694 τε
3191 4642 3286 4695 τού
3330 4643 3654 4714 κρινομένου
3697 4644 3796 4697 κό-

2198 4749 2358 4802 σμου,
2382 4735 2442 4787 οὐ
2469 4735 2889 4804 προῦπιδόμενοι
2907 4752 2920 4764 ⁸
2947 4737 3035 4790 ὅτε
3060 4737 3214 4791 οὐδὲν
3247 4740 3394 4808 ἡμᾶς
3420 4740 3625 4810 ἀνήσει,
3663 4738 3792 4793 οὔτε

2194 4829 2226 4896 ἠ
2267 4827 2406 4897 πρὸς
2444 4829 2569 4891 τοὺς
2598 4829 2962 4898 αἰρεσιάρχας
2993 4829 3364 4899 προσπάθεια,
3397 4830 3521 4884 οὔτε
3557 4833 3589 4902 ἡ
3637 4849 3792 4900 γονισ-

2199 4919 2290 4988 κὴ,
2325 4919 2356 4989 ἢ
2390 4918 2600 4989 φιλικὴ,
2627 4918 2660 4989 ἢ
2694 4919 2893 4988 τοπικὴ
2929 4922 3210 4990 συνήθεια,
3242 4923 3378 4992 πρὸς
3402 4923 3499 4992 τὴν
3528 4923 3790 4976 ἀσέϐειαν

2204 5011 2417 5074 ἀλύτως
2443 5011 2595 5073 τινὰς
2635 5012 3140 5082 καταδεσμεύουσα,
3179 5013 3305 5066 οὔτε
3351 5015 3622 5085 πορισμὸς
3652 5032 3792 5084 χρη-

2209 5101 2418 5170 μάτων,
2455 5101 2488 5171 ἦ
2515 5101 2683 5171 κέρδη
2721 5101 2845 5155 τινὰ
2873 5102 3102 5174 βιωτικὰ
3131 5103 3617 5169 δυσαποσπάστως
3639 5106 3791 5174 ἡμᾶς

2193 5420 2366 5494 retur,
2411 5410 2555 5494 quod
2594 5411 2710 5494 ipse
2741 5413 2920 5494 gratis
2951 5412 3183 5482 accepit.

2247 5480 2358 5553 (i5)
2415 5481 2580 5536 Panis
2611 5480 2868 5537 videlicet
2910 5480 3242 5546 consecrati,
3295 5498 3459 5553 quem
3510 5483 3562 5537 in
3609 5482 3787 5538 frusta

2192 5549 2444 5606 dixidere
2491 5560 2548 5606 et
2597 5554 2911 5606 astantibus
2983 5549 3326 5608 distribuere
3394 5563 3785 5608 consueverat.

2188 5621 2362 5694 Cujus
2405 5625 2571 5694 panis
2605 5622 2867 5692 reliquias
2902 5623 3050 5692 quod
3096 5623 3292 5678 nefarii
3325 5625 3551 5694 quidam
3600 5639 3785 5694 sacer-

2190 5692 2349 5745 dotes
2378 5693 2627 5761 pecuuize
2658 5694 2832 5762 gratia
2875 5694 3201 5756 venderent,
3232 5692 3423 5750 hac'de
3454 5711 3512 5748 re
3577 5693 3781 5748 merito

2171 5764 2444 5832 -queritur
2484 5763 2750 5820 Leontius
