4034 6408
298 422 319 487 i
329 420 428 485 803

1484 419 1787 481 CONTRA
1826 418 2423 484 MONOPHYSITAS.

3449 424 3586 491 i893.

299 540 402 593 ἀπὸ
448 534 552 606 τῆς
600 530 1037 605 δεισιδαιμονίας
1085 532 1412 603 ποιήσαντα,
1448 534 1546 586 καὶ
1595 532 1686 587 τὸν
1729 534 1904 604 μέγαν

2012 534 2066 588 in
2104 534 2384 604 impietate
2410 532 2769 605 detinentur)
2796 576 2810 598 .
2838 551 3019 607 neque
3048 535 3369 595 divitiarum
3400 546 3581 612 copia,

301 628 573 701 πορισμὸν
613 627 717 698 τὴν
754 625 1052 679 εὐσέϐειαν
1094 625 1231 696 μετά
1273 624 1611 698 αὐταρκείας
1651 626 1907 697 παριδεῖν

303 722 700 777 ὐποπείσαντα.
743 721 811 774 Οἱ
876 719 991 791 γὰρ
1029 719 1097 788 δὴ
1138 719 1523 790 φατριαστικοὶ
1562 718 1771 790 κρότοι,
1808 719 1904 772 καὶ

301 815 512 884 ἀγῶνες
582 812 972 880 ἀντιλογικοὶ,
1029 811 1126 864 καὶ
1182 809 1455 881 πρόληψις
1514 809 1904 881 διδασκαλικῆς

303 909 480 973 ἀξίας,
516 904 812 976 φιλοῦντες
851 903 1117 973 λέγεσθαι
1153 903 1323 975 ραϐσὶ
1372 904 1527 973 παρά
1551 902 1661 955 τῶν
1690 902 1905 975 ἀνθρώ-

307 1015 439 1063 ττων,
484 994 586 1049 τοῦ
628 995 990 1065 οἱκτροτάτου
1043 994 1255 1047 ἐκείνου
1284 992 1644 1064 ταλανισμοῦ,
1673 995 1767 1047 καὶ
1797 992 1904 1047 τῶν

301 1088 717 1160 ὀδυνηροτάτων
756 1085 1033 1156 βασάνων,
1079 1084 1175 1139 καὶ
1222 1085 1323 1155 τῆς
1365 1085 1445 1148 εἰς
1483 1084 1546 1137 τὸ
1597 1084 1790 1146 σκότος
1843 1083 1906 1137 τὸ

300 1180 571 1252 ἐξώτερον
602 1178 964 1252 παραδόσεως
986 1176 1336 1247 ὲξαιροῦνται
1365 1174 1578 1240 τούσδε,
1604 1175 1654 1228 οἳ
1686 1175 1747 1227 τὸ
1785 1174 1901 1244 φῶς

298 1276 395 1344 τῆς
426 1273 700 1344 ἀληθείας
730 1273 1068 1343 ὴρνήσαντο,
1102 1271 1197 1323 καὶ
1231 1269 1547 1339 ηὐδόκησαν
1572 1269 1630 1320 ὲν
1664 1266 1743 1338 τῷ
1779 1266 1899 1320 σκό-

298 1379 381 1416 τει
406 1362 507 1415 τοῦ
528 1361 787 1431 ψεύδους.
821 1360 1131 1431 Εὐάρεστον
1158 1359 1272 1429 γὰρ
1294 1357 1415 1427 Θεῷ
1455 1357 1515 1409 τὸ
1544 1357 1748 1420 παντὸς
1775 1373 1909 1427 προ-

303 1454 514 1508 τιθέναι
543 1453 653 1525 τὴν
676 1451 963 1522 ἀλήθειαν,
993 1451 1089 1503 καὶ
1118 1450 1353 1520 μάλιστα
1383 1451 1441 1502 ἐν
1468 1451 1581 1512 τοῖς
1614 1450 1744 1518 περὶ
1772 1448 1908 1502 Θεοῦ

298 1545 467 1601 αὑτοῦ
492 1550 596 1618 τῆς
615 1543 900 1612 ἀληθείας.
925 1541 1027 1594 Διά
1041 1540 1173 1611 γοῦν
1188 1541 1307 1593 τόδε
1329 1540 1425 1593 καὶ
1450 1540 1611 1609 μόνον
1653 1537 1906 1609 Ἀϐραὰμ

295 1637 587 1691 Χαλδαίων
618 1635 720 1707 τὴν
740 1634 1002 1688 ἀσέϐειαν
1018 1631 1342 1694 ἀποπτύσας
1359 1630 1502 1703 μετά
1543 1631 1750 1701 πατρὸς
1769 1670 1783 1693 ,
1815 1631 1910 1684 καὶ

293 1727 472 1790 οἴκου,
493 1724 594 1778 καὶ
628 1724 978 1792 συγγενείας.
1016 1723 1111 1776 καὶ
1136 1720 1323 1791 φίλων,
1354 1722 1451 1774 καὶ
1469 1720 1675 1792 χώρας,
1690 1722 1786 1775 καὶ
1811 1721 1914 1775 λοι-

296 1816 439 1881 πῶν,
456 1814 856 1888 προσεχώρησε
872 1817 938 1886 τῇ
956 1815 1015 1867 εὖ
1024 1813 1225 1885 σεόείᾳ,
1242 1810 1362 1882 Θεῷ
1374 1828 1433 1864 τε
1449 1813 1543 1865 ἐπὶ
1561 1812 1739 1883 τούτῳ
1764 1812 1911 1883 πρώ-

2002 638 2183 697 neque
2218 627 2494 682 mundana
2520 627 2768 697 quaedam
2797 629 2973 693 lucra,
3005 646 3129 700 qua:
3160 647 3260 686 nos
3286 633 3359 687 ita
3389 633 3586 690 devin-

2003 718 2177 784 ciunt,
2197 728 2257 773 ut
2274 719 2363 773 vix
2376 735 2444 774 ac
2462 726 2531 774 ne
2559 720 2649 774 Vix
2672 720 2896 791 quidem
2930 736 2961 776 a
2977 724 3373 792 superstitione
3400 724 3591 783 divelli

2003 810 2300 881 possimus,
2345 818 2399 865 ct
2446 812 2707 881 pietatem
2743 815 2972 885 ejusque
3029 818 3232 870 sociam
3254 819 3591 874 moderatio-

2005 913 2131 954 nem
2154 900 2462 971 ingentium
2490 904 2768 957 bonorum
2791 903 2998 958 fontem
3026 907 3258 975 rejiccrc
3291 924 3400 962 non
3431 909 3596 964 dubi-

2006 1000 2205 1045 temus.
2243 990 2362 1047 Non
2388 994 2537 1047 enim
2571 994 2907 1048 familiarum
2942 997 3187 1064 plausus,
3223 1006 3317 1051 aut
3351 1010 3590 1053 contem

2007 1081 2173 1135 tionis
2203 1082 2407 1147 studia,
2437 1095 2619 1151 neque
2650 1097 2791 1137 vana
2832 1085 3026 1155 gloria,
3072 1101 3179 1154 qua
3206 1088 3498 1157 magistros
3522 1089 3603 1143 ab-

2006 1170 2330 1227 hominibns
2362 1173 2702 1242 seappcllari
2748 1175 3006 1243 gaudent,
3061 1177 3278 1246 eripere
3329 1188 3592 1247 poterunt

2008 1265 2240 1319 summis
2264 1263 2373 1319 illis
2392 1260 2655 1331 miseriis,
2678 1266 3071 1336 atrocibnsque
3094 1270 3402 1338 suppliciis,
3424 1279 3591 1341 atque

2004 1357 2255 1411 tenebris
2306 1357 2677 1412 exterioribus
2728 1354 2983 1413 homines
3020 1360 3163 1425 illos,
3218 1362 3310 1431 qui
3344 1363 3603 1419 veritatis,

2010 1448 2213 1502 claram
2249 1448 2427 1502 lucem
2454 1458 2800 1515 aversantur,
2825 1459 2992 1520 atque
3013 1451 3243 1521 gloriam
3266 1453 3410 1508 inter
3436 1469 3591 1508 men-

2011 1537 2155 1592 dacii
2205 1538 2463 1592 tenebras
2506 1549 2783 1608 quaerunt.
2842 1540 2955 1595 Deo
2990 1541 3194 1611 quippe
3246 1551 3459 1612 gratum
3506 1550 3601 1597 est

2014 1630 2300 1684 veritatem
2330 1629 2500 1684 rebus
2527 1631 2789 1686 omnibus
2812 1640 3166 1701 anteponere,
3198 1633 3509 1703 prmsertim
3536 1634 3591 1688 in

2010 1720 2084 1775 iis
2120 1736 2242 1791 quae
2268 1729 2518 1791 spectant
2541 1722 2609 1775 ad
2640 1723 2812 1777 Deum
2839 1724 3037 1793 ipsum.
3058 1723 3173 1779 liae
3196 1736 3309 1779 una
3334 1724 3402 1779 de
3427 1741 3601 1780 causa-

2014 1822 2071 1868 et
2103 1813 2381 1867 Abraham
2422 1812 2809 1869 Chaldaeorum
2866 1815 3033 1885 impia
3063 1817 3329 1888 religione
3357 1818 3591 1888 ahjecta,

291 1926 374 1979 τῳ
402 1908 501 1960 καὶ
539 1906 691 1977 μόνῳ
716 1907 1031 1976 ἠγάπηται,
1058 1904 1152 1956 καὶ
1170 1903 1531 1972 πεφύλακται,
1558 1905 1654 1957 καὶ
1691 1902 1907 1971 δεδόξαο

2014 1904 2223 1959 reiictis
2275 1905 2445 1960 rebus
2503 1907 2784 1971 omnibus,
2839 1915 3015 1977 patre,
3082 1907 3269 1975 domo,
3318 1911 3601 1980 cognatis,

294 2016 445 2060 σται,
493 1999 594 2051 καὶ
650 1995 1055 2067 πεπλήθυνται.
1091 1992 1304 2057 Παῦλος
1344 1992 1401 2047 δὲ
1448 1995 1477 2047 ὁ
1512 1994 1811 2057 ἀπόστολος
1842 1995 1904 2047 ᾶ-

293 2108 421 2144 τινα
460 2085 532 2159 ἦν
583 2089 740 2161 αὐτῷ
782 2086 977 2159 κέρδη,
1027 2087 1205 2141 πάντα
1253 2086 1503 2140 σκύϐαλα
1554 2088 1802 2157 ἡγήσατο
1834 2085 1901 2139 δι’

297 2183 455 2237 οἰδὲν
490 2178 715 2255 ἕτερον,
766 2181 855 2235 ἵνα
901 2178 1138 2251 Χριστὸν
1185 2180 1454 2252 κερδανεῖ.
1490 2180 1600 2233 Καὶ
1635 2182 1684 2234 οἱ
1725 2179 1904 2234 λοιποὶ

297 2276 503 2340 πάντες
524 2275 585 2343 ἒξ
628 2272 935 2345 Ἑλλήνων,
956 2274 1054 2328 καὶ
1083 2271 1465 2344 Σαμαρειτῶν,
1495 2272 1590 2325 καὶ
1627 2271 1904 2325 Ἰουδαίων

298 2370 483 2421 πιστοὶ
513 2366 667 2437 ἅγιοι
684 2365 951 2430 ὡσαύτως
979 2364 1167 2436 ἔσχον
1200 2384 1218 2415 ι
1254 2364 1314 2418 ὐ
1339 2365 1448 2435 γὰρ
1471 2361 1546 2435 μὴ
1569 2362 1904 2433 ἀρνούμενος

296 2461 541 2533 πατέρα,
574 2457 910 2531 καὶ-μητέρα
938 2458 1034 2511 καὶ
1068 2456 1354 2526 ἀδελφοὺς,
1389 2457 1483 2509 καὶ
1528 2455 1783 2524 ἀδελφὰς,
1812 2448 1905 2507 καὶ

295 2546 488 2613 τέκνα,
524 2551 621 2603 καὶ
648 2550 881 2620 ἀγροὺς,
913 2549 1005 2601 καὶ
1043 2549 1241 2612 οἰκίαν,
1267 2545 1346 2599 ἔτι
1375 2547 1433 2599 δὲ
1464 2548 1553 2600 καί
1582 2545 1680 2617 τὴν
1712 2545 1903 2599 ἑαυτοῦ

292 2642 475 2714 clama
504 2643 699 2694 ἕνεκεν
725 2640 884 2711 ἐμοῦ,
913 2641 1012 2693 οὐκ
1039 2640 1152 2694 ἔστι
1186 2656 1289 2711 μου
1319 2639 1489 2704 ἄξιος,
1513 2657 1532 2691 ι
1556 2640 1718 2709 φησὶν
1737 2637 1765 2690 ὁ
1784 2637 1905 2691 xs-

296 2751 435 2805 ριος.
458 2735 571 2789 Καὶ
597 2735 675 2805 μή
696 2751 781 2796 τις
794 2732 1188 2801 διαλογιζέοθω
1204 2732 1380 2801 λέγων
1396 2749 1410 2764 ο
1430 2731 1569 2784 Ἀλλ’
1585 2731 1684 2801 οὐχ
1708 2731 1743 2801 ἡ
1765 2730 1908 2784 κατὰ

295 2831 396 2891 τὰς
435 2827 687 2900 αἱρέσεις
736 2826 967 2892 διένεξις
1006 2824 1144 2894 πρὸς
1182 2823 1283 2895 τὴν
1323 2823 1633 2894 ὁρθοδοξίαν
1658 2824 1719 2874 οὐ
1749 2822 1906 2874 τόσον

293 2919 614 2989 διέστηκεν,
646 2918 725 2981 ὡς
761 2918 796 2988 ἡ
836 2916 1150 2980 Χαλδαίων,
1187 2917 1283 2968 καὶ
1325 2914 1617 2984 Ἐϐραίων,
1648 2913 1743 2966 καὶ¹
1783 2912 1906 2965 Ἐλ-

297 3008 483 3078 λήνων
523 3008 758 3063 ἀσέϐεια
806 3008 911 3076 τῆς
967 3005 1209 3076 ἀληθοῦς
1268 3007 1525 3068 πίστεως,
1567 3005 1654 3057 ἵνα
1703 3003 1908 3073 ὁμοίως

292 3102 492 3164 αὐτοῖς
541 3097 938 3169 ἀλλατριωθείη
970 3098 1080 3151 ἀπὸ
1111 3080 1353 3167 Χριστοῦ
1397 3097 1425 3149 ὁ
1471 3097 1601 3165 περὶ
1645 3094 1811 3165 μέρος
1844 3110 1900 3146 τι

2006 1998 2200 2051 amicis
2236 2005 2293 2052 et
2326 1997 2552 2069 regione
2609 1999 2749 2069 ipsa,
2783 2008 2958 2053 totum
2999 2015 3119 2055 sese
3172 2000 3387 2070 pietati“
3418 2001 3593 2066 dedit,

2002 2088 2173 2158 idque
2225 2091 2572 2159 potissimum
2624 2092 2683 2145 in
2723 2105 2887 2146 causa
2959 2091 3084 2158 fuit,
3126 2108 3280 2148 cura
3318 2094 3431 2148 Deo
3476 2095 3605 2165 ipso-

2004 2182 2167 2236 unice
2188 2181 2530 2252 diligeretur,
2559 2183 2898 2254 summisque
2918 2183 3229 2240 cumulatus
3264 2185 3601 2249 honoribus.-

2002 2271 2211 2344 ingenti
2269 2275 2573 2330 liberoru‘m
2639 2277 2991 2331 multitudine
3040 2278 3365 2332 donaretur.
3394 2279 3601 2333 Paulus-

2004 2379 2225 2435 quoque
2251 2367 2466 2421 lucrum
2500 2378 2663 2423 omne
2694 2376 2908 2423 stercus
2929 2368 3105 2433 duxit,
3139 2368 3287 2424 milia
3323 2384 3455 2424 sane
3488 2365 3599 2423 alia

2004 2456 2074 2510 de
2102 2472 2267 2513 causa
2296 2459 2403 2513 nisi
2426 2470 2487 2514 ut
2506 2458 2785 2515 Christum
2812 2460 2990 2530 ipsum
3009 2461 3379 2516 luerit‘aeeret.
3397 2458 3594 2515 Ctetcri

2004 2548 2248 2620 denique
2272 2552 2447 2607 sancti
2479 2568 2605 2607 cum
2634 2551 2829 2617 Graeci,
2855 2562 2970 2607 tum
3001 2553 3241 2618 Hebraei,
3270 2561 3327 2608 et
3352 2552 3591 2607 Samari-

2008 2645 2119 2699 tani
2160 2658 2351 2702 omnes
2392 2647 2585 2701 eodem
2632 2646 2797 2701 modo
2834 2646 3017 2701 ati‘ecti
3051 2645 3295 2702 fuerunt.
3335 2667 3352 2697 ι
3382 2646 3595 2702 Etenim

2007 2738 2098 2804 qui
2126 2752 2227 2789 non
2251 2738 2498 2807 abnegat,
2530 2738 2607 2791 ait
2650 2737 2941 2802 Dominus,
2972 2746 3202 2807 patrem,
3253 2745 3303 2790 et
3342 2747 3591 2803 matrem,

2007 2833 2056 2878 et
2085 2826 2300 2895 fratres,
2351 2832 2399 2878 et
2428 2841 2657 2892 sorores,
2688 2833 2736 2878 et
2773 2824 2934 2893 ﬁlios,
2980 2833 3030 2879 et
3058 2841 3236 2896 agros,
3266 2833 3317 2879 et
3355 2828 3592 2889 domum,

2010 2924 2061 2969 et
2089 2930 2241 2971 suam
2270 2918 2434 2988 ipsius
2482 2919 2720 2971 animum
2754 2927 2967 2988 propter
2994 2928 3097 2976 me.
3147 2934 3249 2971 non
3276 2927 3352 2971 est
3403 2934 3485 2970 me
3518 2916 3597 2970 die

2008 3024 2162 3080 gnus.
2192 3010 2381 3079 Neque
2414 3009 2562 3065 dicat
2596 3013 2719 3079 quis
2753 3009 3138 3065 haereticorum
3188 3008 3439 3079 dogmata
3484 3024 3595 3062 non

2008 3102 2085 3157 ita
2135 3101 2403 3157 dissidere
2441 3103 2517 3157 ab
2572 3113 2721 3157 recta
2750 3102 2885 3168 fide,
2943 3099 3598 3172 q’uemadmodum'Chal-

298 3192 399 3261 τῆς
445 3190 625 3260 ὀρθῆς
672 3188 914 3252 πίστεως
948 3188 1111 3259 μόνον
1133 3186 1381 3240 ἀπειθῶν
1422 3186 1500 3256 τῷ
1528 3186 1675 3256 λόγῳ
1697 3202 1712 3218 ο
1737 3187 1765 3238 ὁ
1795 3186 1904 3254 γὰρ

2013 3191 2257 3246 dzeorum
2335 3192 2607 3262 impietas,
2633 3202 2690 3247 et
2731 3184 3111 3248 Hebraeorum
3164 3190 3599 3260 Grmcorumque

301 3281 543 3352 σμικρόν
564 3296 623 3332 τι
653 3279 846 3349 μόριον
874 3274 1128 3331 ὁπωσοῦν
1151 3276 1435 3340 εὐσεόείοις
1446 3275 1541 3328 τοῦ
1572 3275 1734 3344 λόγου
1746 3292 1903 3345 ,παρ-

299 3374 446 3443 ορῶν
515 3370 611 3425 διὰ
663 3369 1050 3441 πῳσπάθειαν
1096 3368 1292 3436 ἄλογόν
1340 3384 1484 3431 τινος
1539 3368 1731 3435 ἐτέρου
1809 3366 1906 3419 καὶ

303 3465 627 3536 συνήθειαν,
652 3462 815 3533 δῆλός
857 3464 1033 3526 δστιν,
1065 3461 1139 3525 ὡς
1175 3461 1272 3514 καὶ
1304 3461 1430 3514 ὅσον
1457 3459 1703 3513 εὐσεϐεῖν
1730 3460 1901 3524 δοκεῖ,

303 3558 421 3611 οὐδὲ
449 3557 617 3611 τοῦτο
646 3554 710 3619 ἐξ
754 3554 1022 3626 αἱρέσεως
1057 3552 1285 3617 οἰκείας,
1317 3553 1454 3606 ἀλλά
1485 3552 1593 3606 ἀπὸ
1626 3552 1904 3624 συμϐεϐη-

304 3648 483 3701 κότων
518 3646 733 3715 γονέων
777 3646 811 3716 ἢ
868 3645 1074 3710 τόπων,
1105 3643 1139 3717 ἢ
1170 3645 1340 3715 φίλων
1379 3645 1734 3717 παραδόσεως
1768 3643 1907 3709 ἕξει·

301 3737 376 3801 ὡς
434 3738 606 3809 εἰπερ
665 3738 763 3791 καὶ
806 3737 1131 3807 Μανιχαίων
1170 3737 1382 3806 ἔτυχεν,
1443 3736 1476 3804 ἢ
1541 3735 1832 3805 Ἑλλήνων,
1875 3735 1909 3806 ἢ

316 3829 596 3901 Ἐϐραίων
647 3830 761 3892 υἱὸς
814 3824 975 3891 εἶναι,
1025 3829 1058 3898 ἢ
1101 3827 1352 3900 φίλος,ἢ
1417 3825 1684 3889 σύνοικος,
1733 3826 1913 3897 πολλῷ

306 3923 517 3991 μᾶλλον
563 3922 633 3976 ἂν
689 3920 1103 3992 ἀπειθεστέρως
1152 3920 1386 3974 διέκειτο
1435 3920 1573 3989 πρὸς
1627 3917 1727 3988 τὴν
1776 3918 1913 3988 ἀλή-

302 4023 490 4076 θειαν·
535 4020 707 4092 εἴπερ
745 4020 857 4089 γὰρ
912 4019 1096 4087 ὀλίγον
1165 4016 1421 4088 ἀφεστὼς
1470 4017 1533 4071 οὐ
1591 4015 1917 4086 προστρέχει

304 4117 398 4168 καὶ
426 4114 774 4168 καθέλκεται
802 4115 870 4183 τῇ
907 4110 1158 4182 ἀληθείᾳ,
1191 4111 1386 4165 πλεῖον
1413 4107 1741 4178 διεστηκὼς,
1780 4107 1916 4175 μᾶλ-

301 4205 393 4258 λον
418 4205 486 4258 ἂν
511 4203 804 4265 ἀσπόνδως
829 4201 943 4272 εἶχε
978 4203 1115 4270 πρὸς
1148 4202 1341 4273 αὐτὴν.

2008 3283 2243 3338 dissidet
2271 3296 2299 3337 a
2329 3294 2478 3338 recta
2510 3283 2718 3339 Christi
2771 3284 3016 3339 ﬁdelium
3060 3284 3371 3355 religione;
3410 3285 3600 3354 proin-

2004 3375 2190 3445 deque
2221 3375 2378 3445 sequi
2410 3390 2513 3431 nec
2548 3376 2742 3431 eodem
2777 3377 2943 3431 modo
2978 3388 3089 3447 quo
3136 3376 3371 3448 gentiles
3414 3375 3601 3431 desci-

2002 3476 2232 3532 verant,
2294 3468 2605 3524 desciscere
2638 3483 2667 3523 a
2694 3464 2931 3523 ‘Christo
2963 3482 3111 3534 cum,
3152 3469 3246 3539 qui
3287 3483 3394 3522 una
3441 3475 3600 3537 parte

2004 3559 2278 3613 duntaxat
2335 3573 2366 3613 a
2421 3566 2574 3615 recta
2653 3558 3097 3615 Christianorum
3167 3559 3272 3615 ﬁde
3330 3559 3595 3615 deﬂectit.

2013 3650 2151 3705 Nam
2176 3651 2271 3720 qui
2300 3651 2520 3721 pietatis
2542 3661 2753 3722 partem
2782 3667 2944 3706 unam
2969 3652 3052 3707 vel
3095 3651 3376 3705 minimam
3408 3650 3599 3714 violat,

2018 3749 2078 3795 ut
2099 3741 2397 3795 absurdam
2424 3742 2662 3811 aliquam
2685 3742 2993 3797 doctrinam
3019 3751 3112 3797 aut
3139 3743 3601 3797 consuetudinem

2018 3842 2304 3903 sequatur,
2356 3832 2644 3887 manifeste
2692 3833 2956 3897 declarat,
3010 3849 3067 3886 sc
3090 3848 3160 3887 ne
3195 3833 3328 3887 illud
3376 3833 3599 3902 quidem

2006 3929 2038 3993 -(
2076 3925 2133 3979 in
2167 3938 2278 3994 quo
2334 3916 2568 3977 maxime
2612 3923 2703 3992 pie
2772 3924 2982 3977 sentire
3047 3923 3303 3989 videtur)
3343 3924 3601 3993 amplecti
3684 3912 3687 3915 ’

2017 4024 2216 4085 spante
2257 4014 2510 4077 ductum,
2543 4013 2639 4067 sed
2681 4022 2779 4067 aut
2809 4022 3123 4082 parentum,
3165 4023 3259 4068 aut
3284 4015 3597 4083 regionum.

2018 4108 2103 4163 vel
2137 4107 2440 4162 amicorum
2492 4104 2937 4159 institutionibus
2985 4104 3282 4160 irretitum.
3328 4106 3601 4171 Quocirca

2006 4197 2113 4267 *qui
2157 4197 2252 4252 tali
2301 4197 2465 4249 modo
2505 4193 2737 4249 aii‘cctus
2774 4202 2879 4260 est,
2928 4193 2973 4248 si
3026 4192 3474 4261 Manichaeorum,
3506 4203 3604 4250 aut

301 4295 628 4350 Gracorum
673 4292 1102 4348 Hebrmorumve
1146 4290 1294 4347 ﬁlius
1332 4291 1615 4354 evaderet,
1653 4296 1749 4343 aut
1805 4285 2038 4352 anticus,
2090 4299 2185 4342 aut
2215 4287 2519 4348 familiaris,
2556 4287 2717 4357 longe
2785 4287 2960 4358 magis
3015 4303 3179 4358 quam
3222 4288 3324 4357 ipsi
3354 4287 3603 4358 profecto

308 4388 608 4442 veritatem
666 4394 962 4455 sperneret
1028 4393 1085 4438 et
1129 4391 1499 4438 aversaretur.
1552 4380 1608 4436 Si
1646 4381 1794 4434 enim
1830 4395 1955 4436 cum
1994 4394 2189 4449 parum
2238 4380 2379 4433 absit
2409 4394 2441 4433 a
2467 4378 2718 4443 veritate,
2765 4395 2885 4434 eam
2920 4389 3103 4434 tamen
3143 4379 3289 4434 haud
3353 4381 3605 4452 sequitur

296 4477 819 4549 amplectiturque;
850 4476 1103 4547 profecto
1142 4476 1190 4529 si
1226 4474 1447 4545 longius
1473 4472 1712 4537 abesset,
1745 4472 1912 4527 etiam
1952 4470 2197 4525 animum
2218 4470 2288 4524 ab
2324 4469 2441 4540 ipsa
2465 4470 2697 4524 veritate
2724 4470 2895 4542 magis
2918 4472 3157 4525 alienum
3184 4487 3297 4542 prae
3322 4487 3379 4527 se
3406 4474 3600 4539 ferret,

384 4590 405 4621 ε
452 4569 649 4631 Ἀλλὰ,
693 4569 852 4637 φησὶ,
889 4568 1014 4621 κατ’
1047 4566 1288 4638 ἐμαυτὸν
1317 4564 1429 4633 ἐγὼ
1453 4563 1692 4633 νομίζων
1731 4579 1916 4635 κρειτ-

304 4660 478 4724 τόνως
508 4660 762 4729 φρονεῖν,
794 4657 993 4728 ἔχομαι
1019 4657 1118 4726 τῆς
1151 4657 1292 4728 ὲμῆς
1316 4655 1476 4726 δόξης
1498 4655 1908 4755 ἀμεταθέτως.»

390 4838 558 4892 Ἀλλᾶ
592 4838 692 4892 καὶ
719 4838 850 4907 περὶ
896 4828 972 4890 ὧν
1001 4852 1166 4906 φησιν
1203 4835 1233 4887 ὁ
1276 4834 1597 4896 Ἀπόστολος
1640 4832 1910 4887 Ἰουδαίων

306 4933 380 4996 ὡς
406 4930 534 5001 Θεῷ
563 4933 641 5001 μὴ
662 4931 1031 5002 ἀρεσκόντων,
1068 4929 1161 4982 καὶ
1191 4929 1283 4980 τὸν
1315 4926 1524 4999 Κύριον
1557 4926 1909 4995 σταυρωσάν-

306 5042 439 5085 των,
472 5024 576 5076 καὶ
600 5022 731 5079 τοὺς
754 5021 1094 5083 ἀποστόλους
1119 5018 1457 5085 διωξάντων,
1485 5018 1581 5071 καὶ
1613 5019 1780 5071 πᾶσιν
1813 5019 1907 5069 ἀν-

304 5115 558 5186 θρώποις
586 5110 986 5173 ἀπειθούντων,
1015 5111 1165 5179 ὅμως
1189 5108 1355 5162 τοῦτο
1390 5110 1668 5171 κάκείνοις
1699 5124 1907 5179 μαρτυ-

309 5210 415 5278 ρεί’
456 5206 598 5275 φησὶ
628 5205 739 5275 γάρ
773 5221 847 5273 πη
885 5204 1069 5257 πάλιν·
1099 5200 1394 5270 Μαρτυρῶ
1426 5202 1537 5270 γὰρ
1561 5201 1787 5264 αὐτοῖς,
1825 5199 1914 5254 ὅτι

267 5306 279 5317 ⁸
309 5297 501 5364 ζῆλον
542 5296 697 5350 Θεοῦ
739 5296 998 5365 ἔχουσιν
1024 5334 1040 5357 ,
1094 5294 1234 5349 ἀλλ’
1278 5296 1351 5348 οὐ
1400 5296 1528 5347 κατ’
1564 5295 1914 5364 ἐπίγνωσιν.

313 5392 465 5462 Ἀρι
488 5384 588 5443 οὖν
615 5388 716 5457 οὐχ
731 5385 922 5450 ἁπλῶς
955 5384 1173 5457 ζηλοῦν,
1207 5386 1343 5438 ἀλλὰ
1372 5386 1670 5454 ἐπιγνώσει
1696 5382 1795 5438 τοῦ
1825 5384 1919 5453 ζη-

309 5482 582 5553 λουμένου
633 5480 907 5550 δόγματος
940 5478 1047 5532 δεῖ.
1086 5478 1199 5532 Καὶ
1225 5479 1333 5548 γὰρ
1363 5478 1458 5531 καὶ
1498 5479 1652 5530 πᾶσα
1692 5476 1912 5544 ἄλογος,

311 5576 407 5629 καὶ
426 5575 634 5644 ἄνομος
648 5572 951 5643 παράδοσις
979 5572 1075 5625 καὶ
1099 5572 1293 5635 ἐθνῶν,
1320 5570 1719 5641 καὶ,αίρέσεων,
1740 5568 1914 5623 οτεταί

308 5683 361 5719 τι
410 5665 582 5722 καλὸν
628 5668 832 5731 ποιεῖν,
862 5664 1057 5735 ὥσπερ
1096 5659 1190 5718 οὗν
1223 5664 1320 5717 καὶ
1352 5660 1835 5736 ἀνθρωποθυσίαις
1864 5665 1906 5716 οἱ

384 5823 399 5861 ί
441 5820 636 5878 Matth.
658 5836 766 5886 xix,
797 5820 889 5874 29'.
975 5820 1000 5859 ⁸
1026 5819 1184 5874 Rom.
1212 5836 1261 5883 κ,
1285 5819 1323 5872 2

2100 4580 2118 4613 ι
2153 4560 2240 4624 At,
2266 4560 2503 4630 inquies,
2530 4561 2664 4614 mihi
2692 4560 2884 4615 intime
2908 4576 3235 4630 persuasum
3257 4571 3341 4617 est
3371 4564 3601 4625 rectius,

2021 4667 2188 4724 quam
2217 4667 2318 4707 vos
2342 4668 2431 4707 me
2453 4651 2682 4717 sentire,
2713 4639 3006 4721 propterea
3045 4659 3364 4707 constanter
3397 4652 3451 4707 in
3480 4668 3604 4708 mea

1949 4783 1989 4836 Β
2017 4746 2293 4801 sententia
2323 4758 2544 4799 maneo.
2576 4763 2594 4795 ι

2086 4839 2290 4891 Verum
2325 4837 2398 4891 ita
2434 4850 2555 4891 sese
2584 4834 2848 4890 habuisse
2884 4844 2940 4889 et
2967 4835 3188 4891 .iudaeos
3222 4835 3383 4905 (quos
3415 4844 3603 4891 tamen

2018 4929 2251 4984 aﬂirmat
2291 4928 2498 4983 Paulus
2548 4928 2846 4998 displicere
2898 4926 3046 4993 Deo,
3087 4936 3253 4997 atque
3303 4925 3603 4981 Dominum

2015 5020 2389 5085 cruciﬁxisse,
2418 5028 2473 5075 et
2503 5019 2785 5088 apostolos
2813 5018 3071 5088 persequi
3092 5061 3105 5083 ,
3136 5026 3192 5073 et
3220 5017 3389 5072 nullis
3421 5017 3603 5073 homi-

2019 5128 2151 5168 num
2184 5111 2435 5182 obedire)
2467 5119 2705 5166 testatur
2728 5110 2873 5164 idem
2896 5110 3225 5180 Apostolus,
3252 5110 3346 5165 ubi
3381 5125 3604 5165 rursum

2019 5204 2153 5257 dicit
2180 5221 2191 5256 :
2220 5202 2400 5256 Testor
2424 5218 2507 5255 eos
2530 5202 2724 5255 habere
2748 5201 2845 5255 Dei
2866 5201 3059 5267 zelum,
3078 5202 3169 5255 sed
3193 5219 3298 5256 non
3319 5201 3607 5259 secundum

2021 5295 2385 5348 discretionem
2412 5295 2458 5347 Β.
2490 5293 2611 5349 Non
2659 5302 2882 5362 Oportet
2918 5309 3052 5364 ergo
3090 5294 3251 5349 caecis
3293 5294 3468 5349 oculis
3508 5307 3609 5347 vos

2023 5385 2284 5455 amplecti
2313 5386 2567 5456 dogmata
2618 5401 2742 5455 qua:
2773 5385 3099 5451 traduntur;
3132 5386 3231 5441 sed
3261 5400 3402 5455 opus
3428 5392 3513 5440 εει
3539 5400 3609 5439 ea

2024 5476 2373 5548 perpendere
2398 5477 2717 5547 diligenter,
2736 5486 2792 5531 et
2817 5477 3062 5547 penitins
3087 5478 3181 5532 illa
3213 5475 3610 5547 introspicere.

2022 5566 2217 5623 Omnis
2268 5566 2417 5621 enim
2470 5568 2720 5623 omnium
2776 5569 3025 5638 gentium
3110 5576 3167 5623 et
3220 5568 3609 5624 haereticorum

2024 5659 2313 5725 doctrina,
2346 5661 2707 5731 quantumvis
2745 5660 2913 5730 impia
2952 5670 3010 5718 et
3044 5660 3316 5727 absurda,
3350 5668 3506 5730 puta:
3540 5681 3604 5722 se
