4034 6410
486 382 506 446 1
518 384 622 447 895

1738 378 2052 442 LEONTU
2093 376 2502 441 BYZANTINI

3628 363 3772 430 1896

481 493 771 550 continere
808 491 1018 547 bonum
1062 491 1287 563 aliquod
1336 489 1656 546 institutum
1704 509 1720 546 :
1762 492 1893 548 hinc
1940 492 2077 564 Scy-

2195 492 2390 547 Σκύθαι
2422 487 2826 550 θεοσεϐοὖντες.
2858 485 2989 538 Δέον
3020 484 3128 556 ἄρα
3162 482 3237 553 μὴ
3266 481 3513 552 ἀμελεῖν,
3550 480 3650 552 ὅση
3679 480 3777 535 δύ-

482 587 595 642 ιιιαι
620 584 732 654 (44)
755 586 1003 641 victimis
1024 584 1285 640 humanis
1306 585 1478 639 Deum
1505 584 1763 650 colendo,
1783 585 1873 655 pic
1899 595 2080 641 recte-

483 698 594 754 que
637 697 694 737 se
739 695 905 754 agere
952 680 1321 735 arbitrantur.
1353 677 1589 748 Oportet
1630 694 1765 749 ergo
1807 679 2076 744 scrutari,

482 781 755 843 quantum
806 773 860 826 in
911 771 1074 825 nobis
1118 778 1235 834 est,
1270 776 1328 824 et
1371 784 1625 840 quaerere
1666 769 1992 831 veritatem,
2023 776 2082 823 et

483 875 741 920 accurate
776 871 974 918 cuncta
1012 861 1447 932 perpendendo,
1480 870 1691 917 rectam
1726 860 1783 915 in
1819 859 2082 916 omnibus

482 955 739 1027 amplecti
776 954 1137 1010 sententiam.
1165 952 1279 1008 Nos
1313 961 1469 1008 certe
1512 961 1571 1008 et
1599 961 1894 1025 argentum
1931 952 2083 1007 acci—

483 1061 648 1119 pere,
699 1060 884 1115 neque
932 1053 1145 1099 vestem
1196 1059 1384 1099 emere
1437 1043 1715 1103 solemus.
1765 1043 1875 1098 nisi
1926 1043 2083 1113 prius

485 1149 788 1210 utrumque
810 1147 1073 1195 accurate
1109 1137 1676 1202 consideraverimus,
1699 1136 2081 1208 exploraveri-

484 1246 722 1301 musque
751 1228 1200 1301 diligentissime.
1230 1228 1391 1295 Quod
1422 1243 1548 1283 cum
1577 1228 1654 1284 ita
1683 1227 1778 1293 sit,
1803 1226 2084 1298 quomodo

483 1323 847 1378 excusatione
891 1320 1047 1391 digni
1089 1336 1214 1376 esse
1261 1320 1608 1391 poterimus,
1645 1328 1854 1374 temere
1895 1317 2083 1374 divina

486 1415 741 1487 dogmata
774 1412 1166 1484 amplectenda
1200 1411 1667 1483 proﬁtendoque?
1699 1412 1900 1466 Nostra
1932 1410 2083 1464 enim

487 1502 578 1558 his
612 1503 667 1558 in
700 1503 870 1558 rebus
904 1501 1242 1573 negligentia
1275 1500 1688 1572 quodammodo
1722 1496 1925 1555 clamat
1955 1500 2083 1554 nul-

488 1596 600 1652 lius
631 1595 900 1652 momenti
931 1574 1078 1658 essc,
1111 1611 1233 1665 quae
1266 1595 1552 1649 credimus
1581 1593 1649 1649 de
1677 1592 1903 1648 Christo
1933 1594 2083 1663 ejus-

488 1703 598 1760 que
638 1687 847 1757 gratia,
878 1704 971 1758 per
1000 1703 1163 1758 quam
1209 1687 1391 1741 multa:
1431 1694 1479 1741 et
1516 1688 1764 1742 maximae
1804 1687 1986 1751 nobis,
2023 1694 2085 1741 ut

2173 603 2375 655 ,ναμις,
2409 585 2506 638 καὶ
2534 581 2766 654 ὲρευνᾷν
2812 577 2912 649 τὴν
2941 576 3217 648 ἀλήθειαν,
3265 575 3361 628 καὶ
3406 575 3584 627 πάντα
3624 572 3780 626 δοκι..

2188 673 2467 745 μάζοντας
2488 713 2502 736 ,
2556 672 2619 749 τὸ
2669 667 2834 725 καλὸν
2873 666 3129 738 φρόνημα
3161 666 3441 737 κατέχεινο
3472 663 3529 718 οἷ
3562 680 3625 733 γε
3654 662 3778 717 οὐδι
3822 712 3825 715 .

2187 763 2455 836 ἀργύριον
2505 761 2879 832 λαμϐάνομεν,
2913 757 2946 829 ἢ
2991 757 3209 827 ἱμάτιον
3244 752 3557 825 ὠνούμεθα,
3598 754 3648 806 εί
3700 753 3779 822 μὴ

2187 853 2560 924 δοκιμασίαις,
2594 851 2686 904 καὶ
2712 847 3023 919 πυρώσεσι,
3064 847 3159 900 καὶ
3189 843 3514 909 ἐπιδείξεσιν
3543 845 3622 907 εἰς
3654 842 3778 896 ἒ.τὲ-

2196 964 2322 1015 ρους
2356 944 2617 1006 πλειόνως
2659 941 2793 995 αὐτὸ
2844 939 3229 1011 βασανίσομεν.
3265 935 3389 1000 Πῶς
3430 932 3526 990 οὖν
3565 932 3780 1003 εΰλογοι

2188 1034 2337 1109 ὦμεν
2368 1035 2658 1107 ἀτημελῶς
2692 1033 2791 1105 τὴν
2823 1033 2976 1087 θείαν
3018 1028 3176 1095 δόξαν
3219 1028 3679 1102 προσδεχόμενοι;
3715 1028 3782 1079 τὺ

2189 1132 2298 1201 γὰρ
2333 1131 2391 1182 ὲν
2422 1128 2633 1191 τούτοις
2663 1126 3026 1198 ἀφρόντιστον
3047 1123 3124 1187 ὡς
3162 1122 3267 1175 οὐκ
3293 1120 3574 1189 ἀξιόλογόν
3596 1137 3649 1173 τι
3678 1122 3786 1172 οἱο-

2193 1224 2394 1294 μένους
2438 1222 2588 1292 ἡμᾶς
2635 1220 2736 1291 τὴν
2769 1219 2869 1289 τῆς
2909 1218 3148 1281 πίστεως
3187 1215 3425 1287 Χριστοῦ
3468 1214 3652 1285 χάριν,
3684 1215 3784 1266 καὶ

2193 1315 2458 1386 ἀλήθειαν
2505 1310 2823 1376 διαϐάλλει,
2880 1310 2956 1364 δι’
3002 1305 3077 1380 ἧς
3114 1307 3262 1379 ἡμῖν
3308 1307 3378 1362 τὰ
3419 1307 3571 1374 πρὸς
3626 1304 3787 1372 ζωὴν

2193 1406 2395 1460 πάντα
2448 1406 2521 1459 τὰ
2556 1403 2688 1460 θεῖα
2740 1402 2839 1457 καί
2865 1402 3121 1472 μέγιστα
3153 1399 3574 1470 ἐπαγγέλματα
3601 1397 3785 1452 δεδώ-

2186 1516 2385 1569 ρηται,
2416 1499 2492 1563 ὡς
2518 1499 2754 1570 εἴρηται,
2779 1497 2925 1569 καὶὴ
2948 1495 3088 1568 πρὸς
3100 1497 3202 1566 τὴν
3226 1494 3377 1548 Θείαν
3402 1491 3568 1563 φύσιν
3594 1492 3788 1556 ἁπλῶς

2190 1591 2474 1644 κοινωνία.
2531 1590 2696 1643 Ὅσον
2721 1584 2817 1642 οὖν
2844 1591 2992 1642 ἐστιν
3024 1586 3229 1663 ἀγαθὸν
3270 1587 3302 1656 ἡ
3335 1586 3786 1655 ἁκραιφνεστάτη

2193 1679 2467 1744 εὐσέϐεια,
2498 1680 2593 1734 καὶ
2635 1680 2759 1733 ὅσον
2794 1678 2963 1733 κακὸν
3007 1679 3041 1749 ἡ
3076 1677 3336 1731 ἀσέϐειαί
3392 1677 3491 1747 τῆς
3541 1676 3652 1747 γὰρ
3702 1677 3789 1739 είς

488 1779 759 1851 scriptum
782 1786 886 1843 est,
907 1779 1281 1850 promissione:
1299 1778 1455 1849 facta:
1475 1787 1599 1833 sunt
1615 1779 1665 1844 ιι,
1685 1787 1853 1850 atque
1874 1788 2087 1835 natura:

2196 1774 2375 1826 πᾶσαν
2410 1771 2687 1843 ἁμαρτίαν
2717 1770 3160 1841 ἐγκαταλείψεως
3184 1771 3289 1823 ὑπὸ
3314 1768 3449 1823 θεοῦ
3472 1769 3622 1823 αἰτία
3650 1770 3790 1839 ἡμῖν

489 1870 692 1925 divinae
733 1869 1036 1941 participes
1077 1870 1308 1925 omnino
1345 1869 1466 1924 ﬁeri
1514 1869 1867 1925 conceditur.
1899 1870 2086 1938 Quan-

2195 1864 2332 1936 αὕτη
2380 1865 2499 1918 ἐστὶ
2541 1865 2701 1937 μόνη.
2753 1864 2918 1939 Δηλοῖ
2957 1864 2987 1917 ὁ
3036 1863 3248 1931 λέγων,
3288 1861 3399 1917 Καί
3431 1859 3627 1927 καθὼς
3671 1861 3789 1913 οὐκ

490 1968 605 2014 tum
640 1975 776 2031 ergo
811 1958 945 2015 boni
979 1974 1093 2030 prae
1126 1975 1185 2015 se
1216 1957 1326 2014 fert
1361 1958 1583 2015 sincera
1618 1960 1830 2029 pietas;
1869 1969 2083 2016 tantum

2195 1954 2571 2024 ἐδοκίμασαν
2602 1954 2713 2009 τὸν
2747 1955 2898 2008 Θεὸν
2940 1953 3108 2023 ἔχειν
3135 1955 3207 2006 ἐν
3245 1951 3591 2022 ἐπιγνώσει.
3635 1963 3793 2021 παρ.

491 2050 745 2124 prol‘ecto
789 2051 921 2106 mali
958 2052 1208 2107 continet
1241 2051 1502 2121 impietas
1535 2051 1588 2107 ei
1623 2054 1921 2110 contraria.
1956 2052 2085 2110 Hac

2195 2045 2422 2101 ἔδωκεν
2445 2045 2673 2113 αὐτοὺς
2706 2050 2739 2101 o'
2774 2045 2916 2109 Θεὸς
2942 2049 3030 2111 εἰς
3053 2046 3349 2116 ἀδόκιμον
3380 2045 3555 2114 γοῦν,
3589 2044 3794 2099 ποιεῖν

492 2141 645 2198 enim
671 2143 786 2198 sola
817 2142 872 2197 in
901 2158 1067 2199 causa
1094 2142 1261 2198 nobis
1288 2151 1395 2208 est,
1419 2158 1519 2199 cur
1540 2158 1571 2198 a
1596 2144 1712 2201 Deo
1738 2144 2084 2212 deﬁciamus,

2195 2138 2267 2193 τὰ
2297 2138 2385 2209 μὴ
2429 2138 2793 2205 καθήκοντα,
2838 2137 2996 2192 ἅτινα
3057 2138 3185 2209 ἑξῆς
3240 2137 3643 2209 κατηρίθμησε.
3675 2139 3793 2193 Καὶ

491 2240 550 2287 ει
600 2234 659 2287 in
709 2247 874 2287 omne
925 2241 1282 2303 peccatorum
1329 2249 1506 2304 genus
1555 2234 1907 2301 delabamur,
1942 2243 2087 2292 teste

2195 2231 2321 2286 τάδε
2360 2232 2461 2304 μὲν
2491 2227 2586 2285 οὖν
2619 2233 2892 2305 μαρτυρεῖ
2916 2233 2984 2304 τῇ
3021 2231 3279 2304 ἀσεϐείᾳο
3313 2236 3443 2303 περὶ
3470 2230 3529 2284 δὲ
3558 2232 3657 2302 τῆς
3697 2232 3792 2286 εὖ·

489 2322 793 2394 Apostolo,
826 2322 923 2394 qui
952 2323 1030 2378 ait
1063 2339 1076 2377 :
1113 2321 1554 2396 Quandoquidem
1588 2343 1695 2380 non
1727 2327 2083 2399 probaverunt

2195 2323 2416 2387 σεϐείας
2466 2324 2603 2395 φησὶ
2650 2323 2790 2395 πρὸς
2832 2323 3100 2395 Τιμόθεον
3130 2364 3146 2390 ,
3193 2323 3467 2395 Γύμναζε
3522 2323 3794 2379 σεαυτὸν

489 2416 681 2471 habere
710 2414 877 2469 Deum
905 2416 962 2469 in
989 2417 1203 2482 notitia,
1232 2416 1458 2471 tradidit
1489 2417 1611 2473 illos
1643 2419 1780 2475 Deus
1812 2420 1868 2473 in
1897 2436 2085 2491 repro-

2195 2418 2340 2485 πρὸς
2368 2415 2690 2472 εὐσέϐειαν
2714 2431 2728 2446 °
2805 2417 2846 2485 ἡ
2900 2418 3006 2486 γὰρ
3048 2415 3333 2472 ευσέὄεια
3384 2416 3538 2488 πρὸς
3586 2416 3793 2473 πάντα

489 2508 614 2562 bum
636 2524 871 2571 sensum,
897 2516 954 2563 ιιι
986 2508 1192 2580 faciant
1219 2526 1281 2565 ea
1317 2527 1435 2582 qua
1466 2527 1569 2565 non
1602 2515 1915 2568 conveniunt
1944 2514 1996 2579 i;
2031 2521 2088 2568 ει

2195 2507 2358 2562 ἐστίν
2405 2507 2741 2579 ὠφέλιμος,
2792 2509 3163 2579 ἐπαγγελίαν
3199 2509 3436 2579 ἔχουσα
3471 2507 3642 2579 ζωῆς,
3673 2510 3793 2578 τῆς

490 2616 618 2672 (ιιιιε
651 2601 915 2673 deinceps
952 2611 1342 2658 recensentur.
1376 2604 1504 2660 Ha‘c
1536 2604 1836 2676 Apostolus
1873 2605 1942 2661 de
1980 2605 2086 2660 im--

2195 2616 2252 2654 τε
2290 2599 2429 2664 νῦν,
2472 2601 2574 2656 καί
2611 2599 2721 2669 τῆς
2745 2603 3129 2671 μελλούσης.
3174 2602 3340 2658 Ἀλλά
3380 2621 3434 2656 τι
3470 2605 3566 2657 καὶ
3595 2603 3792 2674 ἕτερον

489 2693 698 2763 pietate
732 2710 746 2747 :
781 2692 851 2748 de
878 2695 1083 2765 pietate
1115 2678 1333 2749 vero‘in
1358 2694 1590 2766 epistola
1620 2696 1688 2751 ad
1726 2696 2081 2752 Timotheum

2195 2691 2396 2746 τούτων
2439 2692 2586 2757 τινὲς
2623 2695 2724 2765 τῆς
2772 2693 2911 2766 πρὸς
2951 2695 3052 2765 τὴν
3100 2693 3364 2764 ἀλήθειαν
3414 2694 3789 2762 ἀνυποταξίας

490 2782 571 2839 ait
617 2802 631 2840 :
674 2784 878 2841 Exerce
925 2787 1151 2857 teipsum
1201 2787 1272 2861 ad
1315 2788 1563 2859 pietatem
1608 2806 1627 2844 :
1676 2790 1786 2844 Iut’c
1829 2790 1972 2844 enim
2017 2788 2088 2842 ad

2195 2786 2476 2841 ποιοῦνται
2506 2787 2805 2859 δικαίωμαο
2843 2805 2978 2859 φασι
3011 2789 3146 2860 γὰρ,

491 2878 673 2933 omnia
699 2876 841 2932 utilis
869 2887 966 2944 εει,
991 2879 1391 2949 promissionem
1421 2880 1615 2935 habens
1644 2882 1766 2937 vita:
1793 2897 1913 2953 qua:
1943 2886 2221 2945 nunc-est,
2245 2888 2293 2933 et
2330 2879 2525 2950 futura:
2549 2891 2595 2934 ι.
2661 2879 2769 2937 Sed
2841 2880 2968 2936 aliis
2995 2882 3203 2953 justam
3237 2898 3461 2939 causam
3495 2893 3552 2939 et
3579 2881 3792 2953 proba-

490 2970 661 3028 bilem
709 2970 981 3026 rationem
1033 2970 1239 3027 aderre
1285 2981 1581 3040 conantur,
1618 2988 1720 3030 cur
1751 2990 1797 3037 _a
1841 2973 2079 3029 veritate
2119 2972 2500 3027 desciverunt.

571 3082 590 3115 ι
637 3061 962 3129 Quomodo,
996 3062 1293 3133 inquiunt,
1325 3063 1440 3121 Deo
1482 3081 1596 3121 non
1636 3066 1858 3136 placere
1903 3071 2088 3136 potest

2277 3083 2296 3113 ι
2337 3064 2461 3118 ὀτι
2502 3064 2623 3128 πῶς
2663 3065 2725 3118 οὐ
2780 3064 3074 3135 θεάρεστος
3131 3068 3166 3138 ἡ
3218 3066 3340 3122 κατ’
3389 3066 3588 3129 αὐτοὺς
3632 3066 3790 3135 δόξα,

491 3170 686 3211 eorum
729 3153 1015 3220 doctrina,
1046 3156 1194 3226 apud
1228 3172 1370 3226 quos
1408 3157 1625 3215 inventi
1663 3165 1794 3214 sunt
1834 3157 2088 3214 nonnulli

2195 3155 2324 3209 ἔνθα
2351 3158 2446 3210 καὶ⁵
2465 3157 2575 3210 τῶν
2601 3157 2822 3223 ζώντων
2848 3159 2907 3211 ὲν
2931 3162 3097 3229 σαρκί
3121 3176 3269 3223 τινες
3298 3160 3486 3225 αὐτοῖς
3511 3160 3792 3232 ὁμόδοξοι,

493 3251 612 3300 tum
660 3246 717 3302 in
764 3247 906 3303 vivis
959 3255 1076 3302 tum
1125 3247 1183 3303 in
1226 3246 1507 3305 defunctis
1534 3249 1631 3319 qui
1663 3247 1855 3303 eadem
1888 3263 1953 3303 ac
1981 3248 2087 3319 ipsi

2195 3250 2290 3304 καὶ
2316 3250 2442 3319 ,τῶν
2485 3252 2977 3325 προκοιμηθέντων
3020 3253 3289 3327 ὤφθησαν
3347 3256 3599 3327 ἰαμάτων
3625 3295 3642 3320 ,
3689 3257 3793 3310 καὶ

496 3339 749 3408 dogmata
780 3337 1043 3407 amplexi,
1074 3339 1311 3409 gratiam
1344 3347 1587 3411 aegrotos
1613 3337 1872 3401 sanandi,
1897 3346 1955 3393 ει
1981 3338 2088 3393 alia

2195 3342 2440 3412 σημείων
2469 3341 2656 3398 θεόθεν
2716 3345 2862 3415 ἔχειν
2887 3345 2948 3400 τὸ
2968 3347 3259 3418 χάρισμας
3285 3347 3444 3418 δῆλον
3474 3348 3585 3419 γὰρ
3620 3348 3697 3410 ὡς
3725 3349 3793 3416 ἐξ

383 3431 395 3448 ‘
493 3428 767 3484 miracula
815 3429 1070 3500 patrandi
1124 3432 1270 3487 nacti
1317 3432 1481 3488 sunt?
1528 3430 1896 3501 Perspicuum
1942 3430 2088 3486 enim

2195 3432 2390 3505 ἀκοῆς,
2423 3436 2520 3489 καὶ
2555 3435 2779 3506 διδαχῆς
2827 3436 3001 3509 ὀρθῆς
3056 3439 3297 3505 πίστεως
3348 3439 3488 3494 Θεοῦ
3539 3441 3597 3494 at
3643 3438 3793 3495 θεῖαι

495 3527 582 3574 est
606 3518 851 3574 divinam
888 3519 943 3574 in
980 3520 1048 3577 iis
1081 3531 1413 3591 potestatem
1448 3522 1691 3593 operari,
1719 3522 1959 3577 maxime
1994 3523 2088 3593 qui

2195 3523 2461 3596 δυνάμεις
2498 3527 2875 3596 ἑνεργοῦνται.
2916 3548 2936 3580 ι

495 3620 702 3666 rectam
756 3612 1084 3683 religionem
1137 3615 1365 3682 colunt,
1410 3624 1581 3686 atque
1626 3623 1779 3671 recta
1827 3615 2090 3688 dogmata

494 3703 859 3774 proﬁtentur.
897 3725 916 3756 ι

570 3796 788 3862 Quibus
821 3799 1227 3868 respondemus
1253 3799 1308 3855 id
1339 3799 1408 3854 ad
1441 3799 1662 3870 plenam
1693 3799 1773 3855 rei
1807 3800 2091 3870 probatio-

497 3904 626 3944 nem
656 3898 922 3944 accurato
948 3891 1268 3948 divinorum
1299 3891 1620 3962 dogmatum
1649 3893 2014 3965 exploratori,
2037 3901 2095 3949 et

492 3979 668 4052 judici
700 3997 809 4036 non
843 3981 1117 4037 suﬂicere.
1152 3983 1402 4039 Primum
1439 3983 1591 4039 enim
1625 4000 1755 4040 raro
1786 3984 1935 4055 apud
1970 3984 2094 4041 illos

496 4071 605 4127 hoc
626 4071 836 4136 evenit,
863 4088 969 4127 nec
996 4088 1066 4128 ex
1092 4088 1205 4127 una
1232 4072 1535 4130 hirundine
1560 4090 1678 4140 ver,
1703 4082 1767 4130 ut
1789 4076 1897 4131 dici
1927 4076 2091 4143 solet,

496 4155 798 4228 dijudicari
846 4158 1036 4214 debet.
1070 4159 1548 4231 Quandoquidem
1594 4171 1652 4218 et
1691 4163 1917 4231 Ariani,
1965 4179 2092 4220 cum

496 4248 634 4305 alias
674 4258 873 4314 antea,
922 4260 1036 4305 tum
1079 4253 1247 4307 etiam
1294 4254 1504 4311 nostris
1550 4255 1707 4311 hisce
1753 4257 2094 4326 temporibus

493 4339 640 4409 apud
675 4339 1074 4413 Longohardos
1093 4383 1106 4407 ,
1133 4351 1190 4397 et
1220 4343 1365 4414 apud
1393 4344 1591 4401 Persas
1616 4345 1930 4401 Nestoriani
1964 4347 2094 4402 talia

498 4433 766 4489 miracula
799 4443 1051 4505 patrant;
1081 4434 1251 4505 idque
1276 4451 1387 4491 non
1414 4437 1481 4493 ad
1508 4436 1901 4507 probationem
1925 4454 2095 4509 pecu-

496 4523 654 4580 liaris
683 4525 930 4597 ipsorum
963 4534 1151 4592 sectae,
1180 4527 1276 4582 sed
1314 4528 1487 4584 totius
1514 4528 1844 4585 Christianae
1875 4530 2094 4602 religio-

2272 3792 2415 3864 Πρὸς
2442 3792 2470 3846 ὃ
2498 3791 2738 3855 λεκτέον,
2768 3792 2845 3855 ὡς
2890 3793 2991 3846 οὐκ
3036 3792 3202 3864 ἀρκεῖ
3241 3791 3362 3845 τόδε
3392 3796 3529 3862 πρὸς
3565 3792 3792 3865 ἀσφαλῆ

2196 3883 2575 3956 πληροφορίαν
2616 3883 2693 3955 τῷ
2721 3884 3082 3956 δοκιμωτάτῳ
3133 3883 3242 3936 τῶν
3292 3882 3451 3936 θείων
3496 3883 3795 3954 δογμάτων

2195 3978 2384 4049 κριτῇ·
2418 3975 2639 4048 πρῶτον
2670 3974 2772 4046 μὲν
2812 3975 2925 4047 γάρ
2966 3975 3341 4047 σπανιώτερον
3368 3975 3599 4047 εὓρηται
3628 3975 3794 4032 τοῦτο

2196 4066 2256 4120 ὲν
2290 4066 2499 4130 αὐτοῖς,
2531 4067 2627 4120 καὶ
2652 4066 2715 4120 οὐ
2745 4068 2810 4120 ὲκ
2843 4067 2977 4137 μιᾶς
3006 4067 3280 4137 χελιδόνος
3312 4068 3374 4123 τδ
3408 4070 3509 4140 ἔαρ
3539 4070 3789 4142 κριτέονο

2195 4157 2377 4221 ἄλλως
2403 4157 2537 4225 γοῦν
2599 4159 2695 4211 καὶ
2737 4158 3009 4229 ’Δρειανοί
3064 4176 3218 4224 ποτε,
3265 4162 3362 4215 καὶ
3406 4161 3571 4233 μέχρι
3600 4161 3697 4218 νῦν
3730 4163 3793 4218 ὲν

2196 4252 2621 4323 Δογγοϐάρδοις,
2649 4253 2745 4307 καὶ
2765 4254 3124 4327 Νεστοριανοὶ
3149 4257 3302 4327 παρὰ
3332 4256 3572 4329 Πέρσαις
3600 4259 3792 4313 ποιοῦ-

2199 4363 2254 4400 σι
2274 4345 2401 4401 τάδε
2434 4345 2712 4415 θαύματα⁶
2747 4345 2984 4401 ἀλλὀὐκ
3013 4350 3096 4411 εἰς
3131 4349 3442 4421 μαρτυρίαν
3477 4348 3663 4415 ἁπλῶς
3691 4352 3793 4421 τῆς

2199 4435 2319 4490 κατ’
2349 4436 2549 4499 αὐτοὺς
2574 4439 2709 4506 πρὸς
2736 4438 2882 4507 ἡμᾶς
2905 4437 3192 4508 αἱρέσεως,
3226 4438 3363 4493 ἀλλά
3386 4439 3487 4511 τῆς
3516 4439 3625 4493 τῶν
3649 4440 3791 4509 Χρι-

2200 4524 2432 4579 στιανῶν
2466 4525 2727 4589 πίστεωςο
2760 4527 2848 4581 οἵα
2881 4528 2967 4590 τίς
2999 4529 3203 4600 ἐστινὴ
3232 4528 3461 4601 δύναμις
3496 4531 3634 4603 πρὸς
3656 4532 3789 4596 τοὺς

498 4615 606 4680 nis,
635 4617 794 4687 cujus
827 4626 1034 4687 quanta
1062 4617 1146 4671 vis
1173 4618 1246 4672 sit
1272 4628 1329 4674 ct
1354 4621 1660 4675 auctoritas
1689 4620 1934 4691 Spiritus
1958 4637 2086 4678 san-

2195 4617 2372 4687 πάντη
2403 4616 2668 4681 ἀπίστους
2698 4618 3147 4690 ἐπιδεικνυμένου
3174 4619 3268 4673 τοῦ
3300 4620 3641 4692 Πνεύματος.
3662 4623 3788 4679 Ἔτι

497 4717 622 4762 ctus
647 4710 868 4779 populis
894 4725 923 4764 a
956 4717 1107 4765 recta
1131 4710 1237 4765 ﬁde
1263 4726 1491 4780 prorsus
1520 4713 1720 4768 alienis
1742 4729 1842 4784 per
1864 4729 1927 4769 ea
1956 4730 2085 4785 pro-

498 4798 644 4870 digia
675 4798 968 4855 manifeste
1003 4799 1267 4856 declarat.
1296 4802 1567 4857 Praeterea
1603 4818 1748 4873 saepe
1776 4803 1966 4861 videre
2000 4813 2087 4860 est

498 4888 705 4945 donum
738 4890 847 4946 hoc
878 4890 1144 4946 miracula
1172 4891 1431 4962 patrandi
1461 4908 1586 4947 cum
1619 4894 1739 4949 dari
1775 4895 2089 4965 promiscue

499 4980 813 5045 nonnullis,
845 4979 1174 5036 orthodoxis
1217 4991 1273 5037 et
1312 4981 1672 5040 heterodoxis
1710 4985 1822 5056 (45)
1860 5002 1972 5041 non
2015 4986 2088 5041 ob

501 5070 676 5127 solam
715 5071 962 5142 ipsorum
1004 5071 1265 5142 pietatem
1307 5073 1535 5144 (veritas
1573 5076 1721 5132 enim
1766 5077 1822 5132 in
1866 5089 2089 5135 contra-

572 5229 600 5270 ιλ
625 5229 645 5284 l
670 5229 822 5286 Petr.
845 5245 883 5295 ι,
907 5230 959 5283 4.
1045 5230 1059 5269 ί
1089 5229 1248 5286 Rom.
1276 5231 1426 5298 1,28.
1506 5244 1520 5283 ι
1551 5234 1740 5291 lTim.
1766 5252 1836 5303 Iv,
1859 5236 1911 5292 8.
1992 5268 2001 5275 -

587 5384 700 5454 (44)
735 5384 849 5443 Nec
891 5386 1107 5465 Scythae
1129 5389 1329 5465 modo,
1359 5405 1553 5445 verum
1593 5392 1759 5447 etiam
1797 5391 2092 5465 Carthagi-

506 5454 760 5532 nienses,
800 5454 1322 5532 q_uos'_A_gathoclis
1352 5471 1603 5531 tempore
1651 5478 1778 5517 cum
1830 5454 2094 5532 gravilitrs

506 5523 873 5604 ipcommodis
915 5523 1311 5604 afﬂigerentur,
1347 5523 1572 5604 saturni
1618 5523 1871 5602 placandi
1917 5535 2092 5604 gratia

502 5592 774 5666 ducentos
799 5612 1001 5666 pueros
1026 5592 1333 5655 nobiiitatis
1359 5602 1545 5661 ﬂores.
1564 5592 2096 5659 et-tercentosucivcs

504 5662 566 5743 in
597 5662 862 5743 ﬂammas
880 5683 992 5743 uno
1031 5684 1172 5743 pene
1213 5680 1496 5727 momento
1523 5674 1831 5743 conjecisse
1862 5681 2093 5728 testatur

504 5732 779 5812 Diodorus
809 5732 1153 5812 Siculus'lih.
1181 5756 1269 5806 xx,
1294 5758 1351 5812 p.
1378 5744 1501 5798 756.

579 5803 691 5875 (45)
724 5805 1047 5882 llujusmodi
1081 5817 1228 5869 enim
1259 5803 1451 5884 gratia:
1479 5813 1649 5886 gratis
1678 5813 1821 5868 datm
1846 5812 1901 5868 in
1934 5814 2095 5869 scho-

2195 4709 2301 4781 μὴν
2349 4711 2497 4787 ἐστιν
2528 4711 2663 4782 ὁρᾷν
2710 4711 2974 4777 πολλάκις
3025 4712 3323 4783 θαυμάτων
3364 4713 3681 4785 χαρίσματα
3729 4715 3787 4769 ἐν

2191 4820 2338 4856 τισιν
2387 4802 2708 4875 όρθοδόξοις
2759 4821 2819 4857 τε
2870 4804 2963 4857 καὶ
3005 4806 3342 4876 ὲτεροδόξοις
3369 4807 3593 4879 ὁμοίως.
3625 4808 3688 4861 οὺ
3718 4809 3789 4862 δι’

2194 4895 2481 4951 εὐσέϐειαν
2526 4896 2709 4967 μόνον·
2742 4896 2776 4968 ἥ
2813 4895 2922 4966 γὰρ
2957 4898 3024 4952 ἂν
3052 4894 3120 4968 ἦν
3154 4900 3213 4954 ἐν
3245 4903 3357 4964 τοῖς
3393 4900 3659 4961 ἐναντίοις
3699 4902 3790 4955 λόσ

2196 5005 2337 5057 γοις,
2368 4988 2467 5042 καὶ
2496 4990 2925 5060 ἁντιφατικοῑςή
2958 4989 3208 5061 ἀλήθεια,
3242 4991 3381 5045 ἀλλὰ.
3414 4991 3502 5045 διὰ
3550 4992 3790 5064 φυσικὴν

2200 5081 2508 5152 ἁπλότητα,
2544 5083 2639 5135 καὶ
2688 5082 2946 5153 ἀτυφίαν,
2985 5083 3187 5153 μᾶλλόν
3241 5102 3301 5139 τε
3341 5085 3643 5157 νηπιότητα
3684 5086 3789 5157 ψυ-

2196 5396 2267 5451 lis
2303 5397 2672 5472 appellantur,
2699 5416 2837 5470 quas
2879 5402 2965 5457 vel
3010 5402 3192 5472 tmpiis
3230 5402 3507 5458 interdum
3547 5404 3781 5460 concedi

2195 5476 2353 5546 certo
2396 5469 2604 5546 certius
2639 5469 2755 5546 est;
2784 5472 2967 5546 idque
3000 5469 3246 5546 fatentur
3270 5475 3526 5546 theologi
3567 5490 3781 5546 omnes.

2195 5539 2269 5615 ᾼι
2295 5553 2363 5592 ex
2399 5538 2504 5593 hoc
2525 5539 2751 5615 ,ιε-οι]ρί
2784 5538 2909 5615 loco
2943 5542 3233 5615 manifeste
3267 5544 3444 5615 liquet
3473 5538 3781 5600 doctrinam

2197 5606 2343 5679 hanc
2382 5623 2412 5662 a
2454 5609 2650 5679 primis
2691 5612 2954 5673 Ecclesiae
2995 5613 3211 5670 sarculis
3248 5606 3390 5670 ινιιίιὶ
3429 5615 3791 5671 consuevisse

2197 5677 2397 5755 iisdem
2433 5677 2572 5750 pene
2597 5683 3014 5755 verbisoqnibus
3045 5685 3286 5755 theologi
3315 5682 3490 5740 nostri
3520 5686 3786 5754 temporis

2196 5747 2505 5819 loquuntur
2534 5769 2546 5805 :
2577 5753 2725 5821 quod
2754 5747 2887 5809 mihi
2923 5764 3112 5811 notatu
3143 5747 3369 5827 dignum
3398 5747 3642 5813 videtur.
