4034 6426
280 307 408 372 1897

1447 302 1744 363 CONTRA
1780 296 2376 362 MONOPHYSITAS.

3408 296 3543 395 1,898

267 417 455 491 χῆςυῆ
501 416 813 484 δεινότητα,
866 412 1162 485 πραΰτητα
1199 429 1295 476 τε,
1341 411 1439 466 καὶ
1488 411 1857 483 συμπάθειαν,

1963 410 2081 473 riis,
2110 416 2167 465 et
2193 407 2464 478 oppositis
2488 406 2616 462 vitae
2641 406 2952 462 rationibus
2976 403 3316 478 versaretur)
3345 408 3442 463 sed
3471 410 3544 463 ob

264 512 358 565 καὶ
384 509 576 572 ἁπλῶς
612 508 713 575 τῆς
748 507 968 561 τοιᾶσδε
1021 506 1246 578 χάριτος
1292 500 1619 574 ἰδικωτέραν
1663 506 1857 575 ἐπιτη-

260 602 515 670 δειότητα
557 599 719 653 τοῦδέ
759 615 933 662 τινος,
962 597 1117 668 παρὰ
1159 596 1290 660 τοὺς
1334 595 1557 659 λοιποὺς
1586 594 1697 648 τῶν
1726 596 1858 665 ὀμο-

259 694 468 747 πεστων
503 690 681 763 αὐτῷ.
705 691 770 744 El
795 689 910 761 γάρ
940 688 1112 752 ὅντως
1137 689 1303 743 πᾶσιν
1335 686 1425 742 άεὶ
1443 704 1504 740 τε
1535 686 1626 741 διὰ
1652 686 1752 758 τὴν
1774 685 1860 739 δό-

258 783 356 848 ξαν
382 782 551 852 μόνον
575 779 878 850 πρόσεστιν
910 780 947 850 ἡ
976 778 1088 832 τῶν
1114 776 1575 849 θαυματουργιῶν
1604 777 1857 849 δύναμις,

257 876 361 927 ἔδει
400 873 620 937 πάντας
661 872 902 927 πάντοτε
928 871 1131 942 ὁμοίως
1159 871 1288 935 τοὺς
1324 869 1618 941 ὁμοδόξους
1646 870 1857 941 θαυμα-

1959 503 2267 557 naturalem
2295 499 3269 576 simplicitatem,.humilitatemque,
3294 511 3352 556 et
3374 502 3545 557 animi

1960 593 2151 665 potius
2206 594 2482 664 puerilem
2537 593 2951 658 innocentiam,
3005 609 3171 664 quam
3230 594 3544 660 solertiam,

1960 685 2315 754 sagacitatem
2352 693 2520 753 atque
2556 684 2854 749 virtutem;
2900 691 3016 738 tum
3058 683 3277 754 singula
3314 685 3548 755 singulis

1961 776 2275 847 dispensari
2319 777 2392 830 ob
2437 776 2778 847 peculiarem
2822 777 3095 847 cujusque
3136 776 3544 841 dexteritatem,

1962 867 2460 945 babilitatemque,
2507 881 2617 936 qua
2665 867 2882 922 creteris
2921 867 3249 937 religionem
3293 867 3546 922 eamdem

254 968 527 1036 roupyeiv
568 963 670 1018 καὶ
700 963 811 1035 μὴν
838 962 1105 1026 πολλάκις
1134 960 1244 1016 τῶν
1270 960 1612 1016 διδασκάλων
1637 961 1735 1032 τῆς
1762 962 1856 1014 πί-

254 1071 423 1117 στεως
458 1054 527 1108 οὐ
575 1053 1166 1125 θαυματουργούντων,
1207 1052 1272 1107 Οἱ
1318 1051 1726 1125 μαθητεύοντες
1763 1053 1855 1105 ὑπ’

250 1143 432 1197 αὐτῶν
464 1143 762 1214 ἐνεργοῦσι
792 1142 865 1197 τὰ
895 1144 1124 1215 σημεῖα.

248 1251 471 1301 omnes,
498 1235 599 1306 qui
636 1234 803 1290 ﬁdem
836 1233 1091 1291 eamdem
1129 1235 1483 1307 proﬁtentur.
1506 1234 1578 1291 At
1609 1245 1801 1291 contra
1835 1253 1893 1293 se
1926 1253 2017 1294 res
2047 1238 2246 1300 habet;
2284 1248 2409 1294 nam
2444 1253 2829 1310 saepenumero
2860 1238 2955 1309 qui
2986 1236 3119 1294 ﬁdei
3143 1240 3399 1310 dogmata
3433 1252 3549 1295 tra-

246 1330 402 1391 dunt.
436 1328 596 1383 nulla
630 1326 887 1399 prodigia
911 1336 1167 1398 patrant;
1206 1343 1333 1384 cum
1374 1327 1625 1399 ipsorum
1658 1328 1917 1399 discipuli
1948 1346 2013 1386 ea
2045 1338 2316 1401 potestate
2343 1330 2580 1386 maxime
2611 1330 2874 1401 polleant.

311 1423 387 1475 Οὐ
426 1422 547 1493 γὰρ
602 1425 807 1489 πάντα,
850 1425 957 1479 ὅσα
1000 1428 1217 1497 ἐνεργεῖ
1259 1426 1319 1479 τὸ
1364 1425 1423 1478 ἓν
1471 1426 1568 1480 καὶ
1614 1427 1676 1479 τὸ
1724 1426 1856 1480 αὐτὸ

2032 1428 2155 1482 Non
2179 1428 2328 1483 enim
2359 1427 2571 1489 omnia,
2597 1439 2721 1496 qua:
2747 1427 2970 1497 operari
2994 1428 3286 1484 consuevit
3308 1430 3549 1500 Spiritus

245 1514 501 1585 Πνεῦμα,
540 1514 627 1568 ἐνὶ
674 1516 774 1569 καὶ
815 1516 894 1586 τῷ
930 1516 1083 1589 αὐτῷ
1124 1517 1448 1589 χαρίζεται⁶
1482 1511 1559 1587 ’ᾯ
1581 1516 1701 1586 μὲν
1746 1516 1857 1587 γὰρ

1964 1529 2224 1583 sanctus,
2257 1520 2354 1574 uni
2396 1519 2696 1589 eidemque
2738 1518 2939 1573 tribuit
2973 1536 2988 1573 :
3024 1518 3134 1574 Alii
3164 1522 3359 1591 quippe
3390 1523 3554 1576 datur

244 1604 479 1659 δίδοται
504 1606 720 1673 ..ιόγος
774 1606 1045 1675 σοφίας,
1206 1606 1277 1661 δὲ
1320 1609 1507 1677 λόγος
1554 1609 1854 1678 γνώσεως,

1963 1628 2135 1667 sermo
2167 1612 2465 1683 sapientius,
2495 1610 2591 1665 alii
2621 1627 2794 1665 sermo
2825 1610 3217 1682 intelligentice,
3246 1611 3342 1666 alii
3372 1617 3550 1683 gratia

241 1695 423 1765 ἑτέρῳ
455 1697 529 1749 δὲ
567 1698 919 1767 χαρίσματα
956 1698 1243 1765 ἰαμάτων,
1274 1699 1459 1769 ἑτέρῳ
1489 1699 1861 1771 ἐνεργήματα

1963 1703 2325 1764 curationum,
2352 1702 2448 1756 alii
2478 1702 2718 1773 operatio
2747 1703 3025 1765 virtutum,
3051 1701 3148 1756 alii
3172 1702 3399 1773 denique
3419 1704 3550 1771 ﬁdes

239 1787 589 1857 δυνάμεων,
621 1786 798 1853 ἄλλῳ
821 1788 895 1841 δὲ
919 1792 1127 1856 πίστις
1150 1790 1302 1844 κατὰ
1322 1790 1392 1845 τὸ
1421 1792 1571 1845 αὐτὸ
1595 1792 1855 1861 Πνεῦμα.

1963 1793 2252 1848 secundum
2301 1792 2542 1847 eumdem
2591 1790 2851 1862 Spisitum
2874 1792 2926 1845 ιι.
2963 1790 3083 1858 Qua
3131 1793 3187 1846 in
3240 1808 3300 1847 re
3346 1794 3552 1849 mirum

242 1881 351 1933 Kal.
387 1880 506 1952 γὰρ
544 1881 897 1950 θαυμαστὸν,
954 1878 1075 1945 πῶς
1109 1883 1138 1935 ὁ
1197 1879 1380 1935 λαλῶν
1440 1882 1749 1951 γλώσσαις,
1798 1884 1858 1936 ού

1963 1886 2102 1941 mihi
2127 1886 2368 1948 videtur,
2390 1885 2536 1955 quod
2563 1885 2657 1955 qui
2685 1884 2998 1955 linguarum
3022 1884 3169 1939 dono
3190 1885 3393 1955 gaudet
3413 1887 3549 1955 (46),

1961 1995 2075 2034 non
2112 1979 2364 2035 obtineat
2401 1979 2568 2033 etiam
2606 1977 2759 2033 aliud
2800 1976 2934 2032 huic
2979 1976 3160 2044 aliine,
3190 1994 3301 2048 quo
3336 1979 3553 2050 linguas

1961 2071 2185 2126 easdem
2230 2071 2434 2141 quibus
2472 2070 2751 2140 loquitur,
2785 2070 3144 2139 interpretari
3183 2080 3372 2140 queat.
3408 2071 3554 2127 Sunt

1961 2178 2095 2235 ergo
2151 2163 2445 2222 nonnulli.
2503 2161 2599 2232 qui
2661 2169 2855 2215 carent
2913 2160 3062 2215 dono
3123 2161 3445 2230 sapientiae,
3492 2171 3554 2216 et

1962 2253 2375 2324 intelligentiae,
2408 2263 2468 2307 et
2514 2250 2738 2306 sublimi
2784 2249 2914 2305 ﬁdei
2957 2250 3191 2321 spiritu,
3225 2250 3323 2321 qui
3368 2260 3551 2307 tamen

1959 2346 2207 2417 gaudent
2231 2353 2505 2415 potestate
2534 2343 2803 2399 miracula
2827 2343 3108 2413 patrandi.
3134 2343 3328 2413 Neque
3350 2344 3553 2400 rationi

1962 2446 2403 2493 consentaneum
2457 2445 2545 2491 est
2592 2452 2659 2492 ex
2711 2451 2823 2490 uno
2870 2434 3119 2504 Spiritus
3176 2436 3355 2491 sancti
3404 2436 3553 2491 dono

1961 2531 2115 2587 aliud
2166 2530 2397 2586 inferre.
2435 2528 2656 2586 Clarius
2701 2529 3016 2598 loquamur.
3051 2527 3310 2583 Profecto
3355 2528 3400 2583 si
3448 2528 3554 2598 ipsi

1961 2624 2064 2679 soli
2121 2624 2230 2678 alia
2266 2622 2669 2678 miraculorum
2713 2620 2860 2676 dona
2897 2619 3277 2688 possiderent;
3313 2621 3402 2676 vel
3434 2637 3554 2676 ma-

1960 2718 2079 2789 gis,
2111 2732 2279 2787 quam
2314 2731 2446 2778 nos,
2481 2712 2635 2768 hisce
2671 2713 2949 2783 pollerent
2987 2729 3001 2768 :
3037 2712 3343 2767 verisimile
3376 2712 3555 2768 videri

1962 2817 2149 2880 posset
2217 2822 2410 2862 sanam
2457 2820 2580 2860 esse
2634 2820 2699 2860 ac
2751 2804 2895 2873 piam
2943 2819 3135 2859 eorum
3183 2805 3551 2869 sententiam,

1964 962 2361 1032 proﬁtentibus
2389 970 2632 1031 prmstat.
2658 962 2876 1017 Etenim
2907 964 2954 1017 si
2986 971 3230 1033 potestas
3256 979 3322 1017 ea
3347 972 3548 1033 praesto

1964 1070 2184 1125 semper
2221 1055 2480 1109 omnibus
2528 1064 2678 1111 esset
2721 1054 2794 1108 ob
2833 1056 3006 1109 solam
3048 1055 3295 1125 ipsorum
3341 1032 3548 1116 ﬁdem?

1964 1145 2159 1201 eadem
2195 1145 2447 1215 profecto
2479 1161 2700 1217 semper
2729 1147 2997 1201 miracula
3030 1156 3253 1217 patrare
3280 1147 3550 1202 deberent

240 1974 467 2036 πάντως
506 1972 637 2025 οὐδὲ
671 1972 735 2025 τὸ
766 1971 1071 2041 ὲγγύτατον
1093 1973 1230 2045 τῷδε
1253 1975 1503 2047 χάρισμα
1538 1974 1739 2039 λαϐὼν,
1766 1975 1863 2028 καὶ

239 2064 636 2135 διερμήνευσε.
664 2065 813 2136 Ἀρα
850 2061 946 2119 οὖν
985 2067 1102 2119 ἐστι
1125 2067 1221 2120 καὶ
1258 2064 1412 2130 τινὰς
1440 2066 1562 2121 οὐδὲ
1592 2065 1749 2134 λόγον
1776 2085 1863 2121 σο-

242 2158 367 2227 φίας
428 2157 753 2228 ἀκραιφνῆ,
807 2153 933 2212 οὐδὲ
991 2158 1151 2227 λόγον
1207 2159 1487 2228 γνώσεως,
1520 2160 1642 2214 οὐδὲ
1676 2161 1862 2214 πίστιν

240 2248 457 2319 ὑψηλὴν
485 2249 794 2316 εἰληφότας
845 2248 1153 2319 θαυμάτων
1184 2250 1332 2321 ἔχειν
1367 2250 1713 2323 χαρίσματα.
1748 2253 1862 2305 Καὶ

239 2343 338 2396 ούκ
378 2341 620 2410 εῦλογον
667 2344 733 2394 ὲκ
780 2340 1015 2412 θατέρου
1051 2342 1289 2414 θάτερον
1323 2342 1434 2396 τῶν
1481 2343 1577 2397 τοῦ
1608 2344 1862 2413 Πνεύμα-

238 2453 325 2500 τος
362 2436 741 2506 χαρισμάτων
791 2434 1250 2506 κατακρίνεσθαι.
1303 2437 1377 2489 Τὸ
1419 2437 1476 2490 δὲ
1525 2437 1862 2508 σαφέστερον

239 2531 444 2582 εἰπεῖν·
480 2529 532 2581 εἰ
572 2527 678 2598 μὲν
729 2530 788 2581 ὲν
843 2527 1059 2592 τούτοις
1092 2528 1278 2598 μόνοις
1318 2521 1386 2600 ἧν
1434 2530 1505 2583 τὰ
1546 2530 1863 2601 χαρίσματα

236 2621 347 2674 τῶν
380 2620 721 2691 θαυμάτων,
750 2618 784 2688 ἢ
815 2619 1022 2691 μᾶλλον
1072 2621 1230 2689 ἡμῶν
1292 2622 1351 2673 ὲν
1406 2623 1592 2685 αὐτοῖς
1626 2624 1858 2691 ἑωρᾶτο,

240 2708 391 2785 εἶχεν
432 2713 504 2766 ἂν
544 2711 724 2775 ὅντως
758 2712 946 2775 αὐτοῖς
1001 2712 1034 2783 ἡ
1077 2711 1204 2777 δόξα
1259 2712 1533 2784 πρόληψιν
1577 2714 1862 2778 εὐσεϐείας

238 2805 396 2875 παρὰ
436 2804 543 2870 τὴν
579 2802 886 2874 ἡμετέραν,
920 2802 996 2865 ὡς
1041 2801 1136 2856 τοῦ
1172 2805 1378 2872 Κυρίου
1421 2806 1513 2857 τὸν
1561 2804 1715 2872 λόγον
1762 2806 1861 2858 αύ-

238 2897 347 2950 τῶν
401 2893 769 2965 βεϐαιοῦντος
815 2895 995 2964 μόνων
1047 2894 1134 2949 διὰ
1187 2896 1298 2947 τῶν
1350 2896 1861 2950 ἐπακολουθούντων

1965 2907 2154 2970 utpote
2187 2914 2218 2952 a
2248 2897 2483 2952 Domino
2508 2895 2888 2951 conﬁrmatam
2922 2895 2990 2949 iis
3022 2895 3215 2964 signis,
3240 2911 3382 2964 quae,
3405 2894 3556 2950 Scri-

240 2988 493 3061 σημεεων
514 3029 530 3050 ,
572 2987 721 3040 κατὰ
752 2989 816 3039 τὸ
856 2987 1247 3058 γεγραμμένον
1270 3006 1283 3018 ·
1315 2987 1506 3058 ὥσπερ
1534 2989 1626 3042 καὶ
1664 2989 1722 3042 τὸ
1757 2997 1858 3059 κή-

1964 3000 2125 3061 plura
2156 2999 2318 3048 teste.
2346 2998 2493 3045 recte
2521 2989 2812 3043 credentes
2836 2987 3089 3041 comitari
3117 2995 3552 3041 consueverunt.

244 3098 436 3151 ρυγμα
470 3079 591 3132 τῶν
656 3078 977 3133 ἀποστόλων
1039 3078 1207 3133 πάλαι
1258 3080 1669 3145 συνιστάνοντος
1726 3082 1861 3152 πρὸς

1967 3083 2445 3150 Quemadmodum
2470 3082 2616 3136 idem
2642 3081 2908 3135 Dominus
2931 3088 2988 3135 et
3008 3081 3384 3150 apostolorum
3417 3096 3557 3150 pra:-

240 3176 464 3229 ἅπαντα
491 3173 564 3227 τὰ
587 3171 748 3242 ἔθνη,
771 3173 866 3225 καὶ
888 3171 1083 3245 ὥσπερ
1107 3173 1176 3226 τὰ
1205 3173 1505 3235 Μωῦσέως,
1535 3175 1629 3227 κα)⁸
1653 3174 1861 3246 ’Λαρὼν

1967 3176 2304 3230 dicationcm
2336 3174 2483 3245 apud
2509 3188 2706 3229 omnes
2731 3181 2926 3243 gentes
2953 3172 3239 3233 miraculis
3264 3171 3559 3227 conﬁrma-

243 3269 458 3338 σημεῖα
517 3264 668 3334 ὑπὲρ
727 3262 1089 3326 τὰ,’1αννοῦ,
1136 3264 1233 3317 καὶ
1278 3263 1536 3334 Ἰαμϐροῦ
1581 3265 1718 3335 πρὸς
1767 3264 1861 3318 τοῦ

1966 3269 2068 3333 vit,
2094 3278 2152 3323 et
2179 3269 2381 3338 Moysis
2409 3276 2466 3323 et
2491 3266 2730 3321 Aaronis
2762 3265 3017 3336 prodigia
3048 3280 3215 3334 supra
3245 3264 3407 3320 Janni
3443 3265 3556 3331 (47)

241 3357 592 3427 Αἰγυπτίους
632 3355 1093 3427 θριαμϐεύοντος.
1125 3356 1189 3408 Εἰ
1230 3352 1286 3407 δὲ
1326 3356 1383 3407 ὲν
1411 3357 1568 3424 ἡμῖν,
1606 3357 1700 3409 καὶ
1737 3356 1860 3424 μεί-

1965 3370 2022 3416 et
2063 3360 2296 3415 Mambri
2344 3360 2459 3429 (48)
2507 3359 2776 3413 miracula
2820 3357 2967 3427 apud
3008 3354 3293 3427 [Egyptios
3332 3356 3557 3411 extulit.

243 3450 398 3516 ζονα,
430 3450 534 3504 καὶ
578 3448 805 3502 πλείονα
834 3448 1031 3519 ὁρᾶται
1060 3447 1130 3500 τὰ
1162 3448 1226 3500 ἐκ
1251 3446 1343 3500 τοῦ
1382 3446 1700 3516 Πνεύματος
1728 3446 1861 3500 θαύ-

1965 3454 2172 3508 Verum
2229 3452 2275 3506 si
2327 3451 2520 3506 divina
2574 3450 2816 3519 Spiritus
2867 3447 3045 3503 sancti
3096 3448 3343 3517 prodigia
3394 3448 3556 3519 longe

248 3554 400 3606 ματα
436 3536 588 3590 κατὰ
618 3537 803 3590 πᾶσαν
845 3535 943 3606 τὴν
971 3534 1321 3605 οἰκουμένην,
1349 3535 1468 3599 πῶς
1496 3539 1561 3590 ὲκ
1612 3535 1859 3604 θαυματ-

1966 3546 2125 3615 plura
2152 3560 2221 3600 ac
2252 3545 2457 3614 majora
2486 3559 2586 3614 per
2621 3551 2794 3598 totum
2827 3551 3098 3596 terrarum
3128 3542 3318 3596 orbem
3349 3542 3556 3610 patrari

244 3628 496 3699 ουργιῶν
544 3626 1003 3698 ἀξιοπιστότερον
1043 3622 1185 3681 εἶναι
1240 3624 1522 3696 βούλονται
1563 3628 1623 3680 τὸ
1650 3628 1858 3695 δόγς.·α;

1965 3637 2145 3693 solent
2169 3636 2311 3706 apud
2348 3651 2467 3698 nos,
2492 3651 2655 3705 quam
2687 3633 2832 3705 apud
2864 3633 3013 3702 ipsos
3045 3650 3058 3686 :
3087 3632 3370 3702 quomodo
3397 3633 3557 3687 nobis

245 3718 402 3790 Μηδὲ
447 3719 579 3772 τόδε
630 3714 727 3771 οὖν
778 3717 856 3781 ὡς
904 3717 1166 3787 ὀνήσιμον
1220 3717 1404 3781 αὐτοῖς
1442 3719 1523 3781 εἰς
1560 3720 1860 3787 ἀπολογίαν

1964 3746 2030 3781 ex
2076 3729 2358 3783 miraculis
2402 3742 2563 3782 suum
2611 3727 2811 3797 dogma
2850 3724 3078 3794 probari
3122 3724 3353 3792 putant?
3397 3724 3554 3778 Desi«-

244 3813 370 3867 τινὰ
405 3815 513 3885 τὴν
550 3812 696 3883 ὑπὲρ
728 3810 830 3882 τῆς
859 3810 1286 3881 δεισιδαιμονίας
1334 3811 1518 3866 αὐτῶν
1562 3813 1860 3884 προϐαλλέ-

1965 3832 2099 3874 nam
2125 3836 2255 3890 ergo
2282 3819 2446 3872 nobis
2479 3818 2529 3871 id
2567 3817 2889 3879 obtrudere,
2917 3814 3063 3883 quod
3097 3814 3230 3882 ipsis
3254 3812 3555 3867 defenden-

247 3923 457 3960 τωσαν.
1666 3978 1670 3980 _
1966 3913 2080 3974 dis,
2120 3926 2427 3980 eorumun
2471 3909 2796 3979 pervicacia:
2842 3905 3059 3961 tuenda:
3106 3904 3372 3974 prodesse
3414 3904 3552 3960 nihil

1965 4012 2163 4072 potest.

317 4082 384 4135 El
422 4081 540 4150 γάρ
576 4079 673 4133 καὶ
709 4080 919 4142 Σκευᾶς
953 4079 1053 4133 σὺν
1084 4082 1195 4141 τοῖς
1225 4081 1362 4142 υἱοῖς
1390 4081 1556 4133 αὐτοῦ
1607 4082 1861 4146 Ἰουδαῖος

2037 4096 2170 4149 Nam
2222 4093 2266 4146 si
2315 4100 2369 4145 et
2418 4092 2621 4145 Seevas
2663 4090 2887 4145 Judaeus
2936 4088 3049 4159 (49)
3101 4102 3209 4140 una
3255 4100 3381 4140 cum
3426 4085 3552 4139 ﬁliis

248 4174 346 4236 ὢν,
365 4178 428 4227 ἐν
461 4173 701 4243 ὀνόματι
728 4171 969 4242 Χριστοῦ
1001 4170 1312 4242 ὲπορκίζων
1337 4172 1551 4226 ἐλαύνει
1572 4174 1856 4244 δαίμονας,

1964 4188 2078 4242 suis
2109 4186 2365 4239 invocato
2396 4182 2604 4239 Clll‘lSll
2640 4181 2866 4236 nomine
2899 4180 3073 4235 malos
3104 4178 3335 4248 spiritus
3367 4193 3395 4230 a
3425 4193 3551 4231 eor-

251 4268 347 4321 καὶ
395 4268 500 4321 ούκ
533 4268 594 4319 ὲν
630 4263 773 4335 τῷδε
820 4262 1010 4327 ἁπλῶς
1057 4266 1171 4327 τοῖς
1205 4263 1477 4336 μαθηταῖς
1514 4267 1608 4319 τοῦ
1654 4269 1857 4338 Κυρίου

1970 4277 2198 4348 poribus
2227 4276 2473 4330 obsessis
2499 4275 2692 4345 abigit,
2720 4287 2899 4342 neque
2928 4280 3221 4342 propterea
3250 4271 3304 4324 in
3335 4268 3550 4322 Domini

254 4358 709 4430 συναριθμεῖταν
744 4355 906 4426 δῆλον
959 4355 1037 4419 ὡς
1063 4355 1184 4409 οὐδὲ
1227 4348 1374 4410 οὗτοι
1430 4361 1495 4412 ὲκ
1532 4359 1687 4413 τοῦδε
1731 4362 1859 4429 πρό-

1969 4366 2260 4436 discipulis
2307 4377 2569 4420 censetur

255 4470 422 4522 φασιν
469 4452 668 4523 ἔχουσι
715 4440 846 4520 περὶ
889 4451 987 4521 τῆς
1040 4450 1318 4520 ἁμαρτίας
1376 4451 1580 4505 αύτῶν.
1637 4454 1857 4507 "0.1.102

252 4549 385 4616 γὰρ,
427 4543 625 4617 φησὶν,
673 4542 889 4610 ἐροῦσι
912 4559 1015 4610 μοι
1041 4542 1112 4595 ἐν
1148 4539 1221 4609 τῇ
1259 4542 1451 4610 ἡμέρᾳ
1472 4543 1712 4612 ἐκείνῃ,
1746 4548 1860 4598 Κύ-

244 4654 363 4706 pre.
391 4640 468 4691 οὐ
504 4635 591 4702 τῷ
614 4635 710 4700 σῷ
734 4636 986 4703 ὀνόματι
1019 4634 1580 4702 προεφητεύσαμεν,
1604 4635 1702 4689 καὶ
1731 4635 1857 4688 δαι-

247 4735 437 4801 μόνια
473 4729 870 4799 ἐξεϐάλομεν,
904 4726 1003 4780 καὶ
1055 4724 1341 4793 δυνάμεις
1381 4727 1635 4793 πλείους
1658 4727 1862 4795 ἐποιή-

252 4840 492 4893 caper;
530 4822 641 4877 Kal
668 4824 803 4875 τότε
829 4817 1189 4887 ὁμολογήσω
1203 4818 1430 4884 αὐτοῖς,
1457 4820 1547 4872 ὅτι
1581 4819 1857 4875 οὐδέποτ’

254 4917 451 4987 ἔγνων
480 4912 663 4983 ὑμᾶς.
701 4911 879 4980 Sumpsi;
911 4911 1019 4978 ἄρα
1054 4908 1129 4970 ὡς
1158 4908 1261 4961 ούκ
1288 4908 1452 4979 ἀρκεῖ
1482 4909 1618 4979 πρὸς
1646 4908 1862 4981 διάκρι-
1888 4914 1893 4919 ’

2615 4383 2627 4417 :
2677 4363 2927 4432 profecto
2969 4377 3073 4417 nec
3117 4362 3172 4417 hi
3215 4377 3313 4430 per
3349 4360 3550 4414 similia

1972 4458 2238 4513 miracula
2267 4472 2428 4511 suum
2464 4471 2693 4526 pravum
2723 4455 2921 4524 dogma
2956 4455 3089 4509 satis
3123 4453 3356 4523 probare
3389 4452 3550 4505 nobis

1967 4564 2206 4619 unquam
2242 4556 2529 4619 poterunt.
2558 4546 2710 4602 Multi
2746 4549 2929 4610 enim,
2953 4546 3060 4609 ait,
3091 4548 3145 4599 in
3181 4546 3266 4599 die
3295 4544 3388 4599 illa
3424 4544 3550 4597 mihi

1965 4642 2136 4694 dicent
2161 4657 2179 4693 :
2206 4640 2445 4703 Domine,
2470 4655 2645 4693 nonne
2670 4639 2726 4692 in
2753 4641 2964 4692 nomine
2989 4646 3077 4691 tuo
3103 4636 3547 4707 prophetavimns,

1965 4739 2014 4784 et
2044 4731 2310 4785 ilannonia
2344 4731 2612 4801 ejecimus,
2646 4739 2695 4784 et
2728 4730 2841 4785 alia
2878 4730 3048 4786 multa.
3080 4729 3320 4799 prodigia
3358 4736 3544 4797 patra-

1965 4826 2175 4879 vimns?
2203 4822 2399 4889 Quibus
2431 4822 2671 4876 omnibus
2696 4823 3014 4893 respondebo
3041 4839 3058 4878 ,·
3089 4823 3257 4875 nescio
3285 4836 3371 4874 vos
3396 4817 3437 4870 ι.
3466 4816 3547 4871 Ad

1967 4915 2379 4987 dignoscendos
2412 4930 2543 4985 ergo
2576 4931 2674 4970 eos
2704 4915 2797 4986 qui
2833 4915 3053 4970 Christo
3087 4913 3239 4968 chari
3277 4919 3425 4975 sunt,
3453 4909 3539 4964 vel
3603 4910 3633 4983 ζ,

327 5100 351 5139 ι
376 5100 396 5155 1
423 5099 563 5154 Cor.
589 5114 685 5163 xu,
711 5097 777 5160 8,
808 5084 869 5154 ‘9.
954 5094 973 5133 ι
996 5096 1191 5157 Matth.
1212 5112 1307 5162 vn,
1327 5095 1418 5159 ετ,
1440 5096 1534 5149 23.

328 5256 445 5325 (ιϐ)
470 5255 568 5309 Ait
590 5254 742 5308 enim
778 5254 841 5307 D.
873 5252 1078 5325 Paulus
1099 5253 1138 5306 l.
1162 5268 1216 5305 c.
1245 5269 1259 5305 ε
1292 5251 1400 5306 Alii
1424 5267 1617 5323 genera
1652 5253 1863 5322 lingua-

258 5324 398 5385 rum,
426 5326 525 5378 alii
552 5324 928 5390 interpretatio
950 5338 1276 5376 sermonum.

331 5397 443 5459 (Π)
473 5396 687 5462 lannes
707 5402 764 5448 et
788 5393 1083 5457 Mambres,
1113 5391 1228 5446 duo
1255 5391 1398 5462 magi
1421 5392 1692 5455 celebres,
1724 5408 1864 5460 quos

260 5459 433 5583 goysi
482 5461 823 5582 inszEgypto
868 5463 1145 5517 restitisse
1189 5459 1426 5517 testatur
1466 5463 1529 5516 D.
1576 5462 1778 5517 Paulus
1822 5462 1862 5516 ll

310 5547 517 5583 ιηι.ιη.
589 5570 603 5583 .

273 5547 291 5583 Ι
310 5547 708 5724 Ιὲὶέῖῐξιῖεῗιίιιξ,
736 5608 800 5683 ut
825 5600 1004 5666 vides,
1029 5618 1089 5656 se
1119 5602 1291 5658 habet
1329 5600 1611 5673 Ἱαμδροῦ,
1630 5599 1859 5660 Jambri,

263 5683 320 5723 se
394 5671 528 5724 huic
562 5671 789 5724 lectioni
821 5671 1153 5724 adversatur
1186 5674 1390 5724 Paulus
1420 5674 1458 5724 l.
1484 5688 1536 5724 c.
1557 5701 1629 5714 -α
1654 5671 1859 5724 Textus

1968 5251 2146 5306 Const.
2181 5260 2353 5314 npost.
2384 5250 2441 5305 S.
2474 5252 2639 5322 Cypr.
2672 5249 3092 5322 anil‘erCalar.
3121 5250 3192 5302 al.

2041 5324 2152 5379 (49)
2182 5322 2396 5375 Hebraei
2430 5317 2837 5390 tiiii't'teii'iporis
2868 5319 3088 5373 Christo
3118 5319 3350 5371 Domino
3377 5317 3549 5390 maxi-

1970 5407 2114 5445 mam
2164 5392 2325 5444 lidem
2376 5392 2654 5445 habebant
2692 5389 2935 5459 eumque
2987 5400 3275 5458 propterea
3326 5389 3443 5441 suis
3490 5389 3546 5439 in

1972 5462 2380 5514 calamitatibus
2423 5463 2682 5515 invocare
2725 5469 3149 5515 consueverant.
3188 5460 3339 5512 Patet
3382 5459 3435 5510 id
3480 5471 3548 5509 ex

1974 5532 2202 5601 historia
2254 5531 2475 5585 comitis
2519 5530 2777 5601 Josephi,
2817 5544 3013 5601 quem,
3045 5544 3182 5601 cum
3226 5535 3548 5601 :egrotaret,

1965 5600 2141 5655 Judaei
2172 5602 2393 5667 quidam
2428 5597 2808 5661 hortabantur,
2839 5597 2899 5653 ut
2925 5599 3129 5653 Christi
3162 5612 3362 5649 nomen
3389 5597 3551 5667 invo—

394 5664 528 5725 h'uic
562 5671 789 5725 lectioni
821 5664 1153 5727 adversatur
1186 5674 1390 5728 Paulus
1414 5664 1458 5727 l.
1484 5664 1536 5727 ὸ.
1557 5701 1629 5714 -α
1654 5671 1861 5725 Textus
1966 5678 2139 5729 caret,
2169 5664 2213 5723 si
2257 5671 2510 5739 protinus
2550 5686 2581 5725 a
2623 5671 2817 5725 morbo
2859 5670 3069 5725 servari
3105 5668 3290 5720 vellet.
3325 5664 3549 5736 (Epiph.

263 5738 572 5796 hodiernus
634 5741 807 5795 habet
873 5741 1169 5811 Ἰαμϐρῆς·
1232 5743 1330 5797 sed
1387 5740 1615 5814 Μαμόρ.
1668 5742 1860 5811 legunt

1966 5740 2160 5795 haeres.
2190 5738 2278 5805 50,
2305 5756 2360 5793 n.
2386 5741 2460 5809 5.)

596 5834 872 5896 Parnm"
916 5835 1037 5896 Gn.
1084 5834 1415 5900 LXXXVI.

3228 5826 3300 5887 60
