4034 6400
500 299 640 363 1399

1768 304 2081 365 LEONTII
2120 306 2531 367 BYZANTINI

3638 312 3772 377 1900

501 428 730 480 contra,
769 436 878 472 non
929 416 1212 475 sumciunt
1260 420 1557 483 miracula,
1596 438 1717 491 qua:
1762 422 2086 495 plerumque

2198 441 2276 477 σιν
2323 424 2432 476 τῶν
2465 424 2858 494 ἐγνωσμένων,
2912 424 3004 477 καὶ
3062 426 3503 496 ἀπεγνωσμένων
3555 429 3778 503 Χριστῷ

499 521 793 577 patrantur
821 512 886 565 ad
921 513 1153 569 aliorum
1185 512 1369 583 potius
1403 514 1695 569 utilitatem
1733 516 1844 587 (50)
1877 518 2081 572 rectio—

499 619 735 674 remque
783 604 982 669 ﬁdem,
1031 620 1194 675 quam
1249 605 1317 661 ad
1377 607 1669 662 utilitatem
1721 609 1842 679 ejus
1893 624 1922 662 a
1975 625 2086 678 quo

500 705 822 765 patrantur;
855 713 976 767 qum
1004 696 1195 767 pietati
1226 697 1616 767 promovenda?
1644 700 1880 755 maxime
1909 700 2086 757 inser-

437 850 445 860 _
497 790 680 853 viunt,
711 805 836 859 quae
873 789 1117 858 denique
1157 789 1370 844 ratione
1413 788 1600 845 habita
1641 806 1764 846 cum
1805 792 1934 859 loci,
1969 803 2085 848 tum

502 880 789 950 temporis,
847 880 969 935 aliis
1003 880 1327 935 utilioribus
1382 880 1449 935 de
1504 883 1688 937 causis
1738 898 1768 937 a
1819 884 1932 938 Deo
1991 899 2089 954 per

482 974 802 1047 'quemiibet
839 972 1143 1028 astantium
1187 972 1305 1027 lieri
1348 983 1781 1029 consueverunt.
1813 975 2090 1031 Memoriae

498 1080 666 1132 porro
707 1073 1028 1118 nostrorum
1075 1072 1386 1134 temporum
1425 1077 1592 1133 atque
1629 1066 1916 1137 regionum
1959 1083 2086 1137 pro-

496 1154 675 1229 ditum
719 1163 825 1218 est,
854 1155 1134 1210 exstitisse
1180 1155 1408 1209 mimum
1449 1157 1745 1225 quemdam
1782 1174 1848 1212 ex
1888 1157 1956 1213 iis
1994 1160 2088 1228 qui

499 1251 732 1305 theatris
766 1266 989 1321 operam
1026 1260 1255 1317 navant,
1282 1253 1376 1322 qui
1411 1252 1479 1308 de
1516 1254 1789 1310 seditione
1821 1263 1876 1309 et
1907 1253 2087 1308 homi-

498 1346 644 1401 cidio
678 1332 916 1409 delatus,
945 1362 1070 1401 cum
1102 1345 1309 1417 judieis
1337 1355 1488 1400 metu
1523 1347 1840 1416 compulsus
1864 1345 1929 1401 ad
1960 1359 2088 1400 eum

498 1434 682 1489 locum
729 1436 823 1505 qui
870 1434 1198 1489 Barbaricus
1233 1435 1444 1490 limitus
1477 1434 1701 1501 dicitur,
1736 1451 1836 1505 per
1868 1435 2089 1489 deserta

497 1525 768 1594 fugisset,
829 1524 974 1579 forte
1040 1524 1236 1579 incidit
1299 1525 1351 1578 in
1416 1524 1761 1579 Christianos
1821 1526 2089 1595 quosdam

501 1614 839 1696 Saracenos;
872 1633 900 1669 a
929 1616 1133 1685 quibus
1162 1624 1374 1685 captus,
1400 1632 1525 1670 cum
1550 1631 1616 1670 ex
1642 1616 1853 1671 abrasis
1876 1617 2090 1688 capillis

499 1707 808 1762 monachus
878 1707 962 1762 eis
1027 1705 1354 1770 videretur,
1421 1706 1855 1777 credereturque
1927 1723 2089 1779 posse

2191 515 2471 586 θαύματος
2498 516 2771 586 ὲμφάνεια
2807 516 3089 580 πολλάκις,
3134 519 3164 587 ἢ
3210 518 3300 572 διὰ
3328 520 3427 588 τὴν
3460 519 3553 572 τοῦ
3587 538 3775 575 πεισο-

2193 606 2356 677 μένου
2418 606 2517 676 τὴν
2586 606 2906 677 εὐεργεσίαν
2945 647 2959 670 ,
3029 607 3213 661 πίστιν
3277 608 3575 680 ὀρθοτέραν
3642 611 3776 680 μᾶλ-

2190 699 2301 764 λον,
2368 699 2537 770 ἢτῆν
2591 699 2684 751 τοῦ
2761 699 3109 770 ἐνεργοῦντος
3143 740 3156 763 ,
3228 702 3517 773 γινομένου
3579 704 3773 759 τοῦδε·

2190 790 2339 862 ἥδιὰ
2393 792 2491 861 τὴν
2564 790 2674 843 τῶν
2746 789 2956 843 θεατῶν
3015 794 3095 854 είς
3152 793 3252 862 τὴν
3312 794 3451 864 πρὸς
3493 796 3775 850 εὐσέϐειαν

2191 882 2567 952 ἁπλουστέραν
2601 882 2997 952 πληροφορίαν·
3051 883 3226 936 ἐνίοτε
3274 883 3331 937 δὲ
3363 886 3455 938 κα)¹
3483 887 3625 940 κατὰ
3652 903 3770 940 κοι-

2191 974 2603 1045 νωφελεστέραν
2662 976 2852 1045 χρείας
2892 975 2993 1046 τῆς
3044 976 3187 1030 κατὰ
3240 976 3466 1049 καιρόν,
3508 976 3542 1047 ἢ
3610 979 3774 1033 τόπον

2193 1066 2297 1120 ὑπὸ
2346 1066 2502 1129 Θεοῦ,
2556 1065 2648 1119 καὶ
2692 1067 2783 1120 διὰ
2814 1065 2909 1120 τοῦ
2961 1069 3281 1135 οίουδήποτε
3326 1069 3434 1121 τῶν
3489 1071 3775 1140 παρόντων

2194 1158 2645 1230 ἐπιτελουμένου.
2684 1159 2774 1211 Ἐν
2824 1160 2938 1221 τοῖς
2998 1157 3131 1228 γοῦν
3162 1158 3286 1212 καθ’
3315 1161 3463 1229 ἡμᾶς
3496 1161 3775 1232 ἱστόρηται

2193 1251 2425 1321 χρόνοις,
2467 1250 2562 1304 καὶ
2606 1250 2812 1314 τόποιςο
2853 1251 3019 1320 μῖμός
3053 1267 3137 1315 τις
3179 1249 3287 1305 τῶν
3318 1251 3646 1324 θεατρικῶν,
3682 1253 3777 1307 καὶ

2190 1338 2345 1407 οὗτος
2395 1344 2489 1396 ἐπὶ
2520 1343 2732 1406 στάσει,
2782 1345 2875 1396 καὶ
2909 1341 3055 1414 φόνῳ
3100 1343 3533 1414 ἐγκαλούμενος,
3581 1347 3775 1414 φυγεῖν

2190 1435 2281 1488 τὴν
2307 1436 2570 1500 δικαστὴν
2602 1437 2658 1487 ὲν
2690 1436 2808 1495 ταῖς
2843 1435 2985 1485 κατὰ
3022 1433 3086 1486 τδ
3110 1432 3456 1504 Βαρὸαρικδν
3483 1434 3776 1505 λεγόμενον

2191 1527 2405 1598 λιμιτδν
2431 1528 2529 1596 sps,
2541 1544 2681 1597 μοις,
2724 1525 2819 1580 καὶ
2850 1526 2955 1578 ὑπὸ
3001 1524 3339 1596 Σαρακηνῶν
3370 1525 3611 1596 ληῖσθεὶς
3640 1525 3779 1596 Χρι-

2194 1620 2447 1685 στιανῶν,
2486 1621 2574 1673 διὰ
2604 1619 2665 1672 τὸ
2689 1620 2866 1673 δοκεῖν
2896 1619 3076 1680 αὐτοῖς
3122 1619 3186 1671 ἐκ
3228 1619 3326 1688 τῆς
3355 1618 3780 1689 άποτριχὼσεως

2197 1712 2429 1783 μοναχὸς
2464 1705 2623 1776 εἶναι,
2653 1711 2744 1765 καὶ
2782 1709 2972 1781 ὥσπερ
3015 1709 3065 1763 οἱ
3117 1710 3249 1779 πρὸς
3298 1710 3495 1771 αὐτοὺς
3551 1713 3780 1781 μοναχοὶ

500 1798 990 1868 (quemadmodum
1020 1798 1163 1869 apud
1191 1799 1344 1869 ipsos
1374 1800 1630 1854 monachi
1657 1802 2086 1871 consueverant)

2198 1804 2659 1873 παραϐάλλοντες,
2723 1804 3031 1874 ἱερουργεῖν
3085 1801 3349 1855 δύνασθαι
3400 1801 3493 1855 τοῦ
3542 1802 3777 1865 ζωτικοῦ

499 1890 703 1945 offerre
745 1889 934 1944 vitalis
985 1890 1143 1961 panis
1186 1892 1641 1961 augustissimum
1686 1892 2019 1949 sacrificium
2066 1909 2082 1946 :

496 1985 568 2041 ad
599 1984 657 2040 id
686 1984 910 2040 acribus
941 1984 1186 2038 stimulis
1212 1998 1311 2053 per
1340 1994 1510 2039 nutus
1541 1984 1609 2038 ab
1639 1983 1719 2039 eis
1753 1984 2083 2055 cogebatur;

498 2091 667 2151 atque
701 2079 855 2135 solus
886 2079 1033 2133 inter
1064 2079 1185 2150 ejus
1215 2079 1467 2148 captivos
1501 2079 1681 2133 socios
1714 2078 1849 2134 illud
1885 2079 2087 2135 oﬂ'erre

494 2174 817 2246 jubebatur.
867 2172 1083 2253 Quibus
1128 2188 1255 2228 cum
1308 2181 1578 2243 potestate
1633 2171 1687 2225 id
1739 2171 1977 2228 faciendi
2028 2188 2087 2229 se

499 2265 831 2321 destitutum
863 2280 986 2319 esse
1018 2262 1359 2334 persuadere
1394 2278 1507 2318 non
1538 2264 1815 2333 potuerit;
1850 2279 2087 2334 cumque

499 2371 695 2410 eorum
719 2354 995 2409 voluntati
1021 2351 1233 2408 diutius
1258 2354 1520 2408 resistere
1548 2369 1659 2407 non
1684 2352 1853 2408 fuerit
1874 2369 2044 2409 ausus
2070 2371 2085 2407 :
2115 2402 2121 2407 .

499 2456 686 2502 erecto
717 2448 973 2517 protinus
999 2462 1029 2501 e
1059 2446 1319 2516 virgultis
1345 2445 1528 2502 altari.
1553 2453 1950 2515 superextensa
1978 2446 2090 2500 sin-

500 2539 671 2604 done,
698 2540 950 2609 apposito
975 2538 1189 2593 recenti
1219 2553 1359 2609 pane
1387 2539 1523 2605 (51),
1548 2545 1603 2592 et
1629 2537 1682 2592 in
1708 2537 1950 2608 ligneum
1977 2538 2089 2607 (52)

502 2631 729 2684 calicem
760 2629 941 2683 infuso
970 2630 1120 2693 vino,
1148 2629 1427 2685 benedixit
1456 2629 1597 2683 dona
1626 2629 1745 2684 haec
1772 2630 2005 2684 sublatis
2034 2631 2088 2683 in

501 2720 700 2775 cmlum
737 2721 914 2775 oculis
943 2721 1312 2790 invocatoque
1344 2719 1464 2775 solo
1492 2718 1782 2774 Trinitatis
1811 2720 2040 2774 nomine
2072 2738 2086 2773 :

496 2822 666 2882 atque
698 2828 899 2882 panem
929 2820 1119 2883 postea
1155 2811 1480 2883 frangendo,
1515 2811 1748 2882 singulis
1781 2812 2087 2866 distribuit.

498 2903 740 2959 Calicem
770 2903 994 2968 deinde,
1023 2912 1189 2973 atque
1220 2903 1535 2966 sindonem,
1565 2898 1624 2956 u‘t
1651 2918 1738 2957 res
1764 2902 1879 2957 Deo
1906 2917 2091 2957 sacras

502 3012 720 3052 summa
748 3011 873 3050 cum
914 2996 1272 3051 veneratione
1312 2995 1653 3062 custodiunt,
1686 3010 1757 3047 ne
1797 2994 1866 3049 ad
1906 2994 2090 3065 profa-

2188 1898 2354 1967 άρτου
2410 1896 2472 1949 τὸ
2534 1897 2852 1968 μυστήριον,
2908 1893 2995 1948 διὰ
3044 1893 3330 1964 νευμάτων
3388 1895 3780 1965 εἰσεπράττετο

2192 1988 2498 2050 σπουδαίως
2531 1988 2623 2041 ὑπ’
2651 1986 2829 2040 αὐτῶν
2859 1985 2959 2054 τῆς
2990 1985 3140 2047 θείας
3174 1985 3365 2049 θυσίας
3394 1986 3495 2057 τὴν
3531 1985 3779 2056 λειτουρ-

2189 2080 2337 2149 γίαν,
2380 2081 2543 2151 μόνος
2599 2079 2828 2147 ἀφεθεὶς
2880 2079 2989 2132 τῶν
3037 2078 3374 2149 συνδεσμίων
3414 2078 3780 2149 αἰχμαλώτων

2190 2174 2495 2229 ἐκτελέσαι·
2540 2174 2634 2227 καὶ
2688 2173 2764 2237 ὡς
2815 2172 2960 2243 λόγῳ
3000 2171 3211 2228 πείθειν
3260 2173 3457 2236 αὐτοὺς
3499 2174 3639 2244 ὑπὲρ
3679 2174 3782 2243 τῆς

2193 2264 2391 2318 ἑαυτοῦ
2444 2264 2959 2334 άνεπιτηδειότητος
2994 2263 3094 2316 οὐκ
3131 2263 3377 2335 εὐπόρει,
3412 2263 3506 2317 καὶ
3541 2263 3779 2317 ἀντιτεί-

2190 2374 2301 2411 νειν
2338 2359 2403 2428 τῇ
2437 2356 2735 2427 προστάξει
2792 2356 2974 2408 αὐτῶν
3028 2356 3120 2407 ἐπὶ
3159 2353 3342 2408 πλεῖον
3394 2356 3495 2409 οὐκ
3544 2355 3775 2408 εὐτόνει·

2193 2446 2378 2519 βωμὸν
2403 2449 2467 2501 ὲκ
2491 2447 2782 2518 φρυγάνων
2798 2446 2941 2500 κατὰ
2961 2447 3060 2516 τὴν
3088 2447 3186 2518 ερη
3196 2463 3297 2517 μον
3322 2448 3777 2517 συστησαμένων.

2191 2540 2287 2591 καὶ
2332 2538 2546 2591 σινδόνα
2580 2538 3025 2607 ἐφαπλωσάντων
3049 2577 3064 2602 ,
3124 2538 3217 2590 καὶ
3271 2535 3582 2608 προθέντων
3611 2538 3779 2608 ἄρτον

2192 2632 2509 2701 νεόπτητσν,
2570 2632 2663 2684 καὶ
2701 2625 2844 2683 οἶνον
2897 2630 2954 2681 ἐν
3002 2628 3373 2699 ξυλοποτηρίῳ
3403 2629 3778 2698 κερασάντων,

2194 2722 2483 2793 παρεστὼς
2531 2724 2831 2793 ὲσφράγισε
2888 2723 2954 2776 τὰ
3012 2721 3160 2792 δῶρα
3206 2721 3512 2790 ἀναϐλέψας
3562 2723 3644 2785 είς
3684 2722 3783 2774 τὸν

2193 2815 2443 2884 οὐρανὸν,
2486 2815 2579 2868 καὶ
2608 2814 2825 2878 ἐδόξασε
2869 2814 2967 2885 τὴν
3016 2813 3178 2881 ἁγίαν
3220 2813 3430 2884 Τριάδα
3467 2812 3644 2883 μόνον,
3679 2817 3781 2867 καὶ

2196 2908 2426 2969 κλάσας,
2458 2907 2728 2976 διένειμεν
2776 2907 2989 2970 αὐτοῖς·
3039 2901 3156 2958 εἶτα
3188 2906 3326 2976 μετά
3362 2906 3480 2958 τόδε
3511 2905 3586 2967 ὡς
3619 2907 3691 2973 ἀγ
3704 2923 3782 2959 ια·

2197 3000 2393 3054 σθέντα
2417 3000 2625 3063 λοιπὸν,
2658 3000 2715 3052 ἐν
2744 3001 2876 3070 τιμῇ
2916 2998 3265 3052 συστέλλουσι
3294 2998 3354 3051 τό
3386 3016 3444 3050 τε
3482 2999 3776 3068 ποτήριον,

500 3096 636 3146 hum
670 3107 831 3145 usum
869 3090 1254 3155 traducantur,
1281 3090 1681 3160 negliguntque
1711 3089 1889 3143 solum
1922 3088 2090 3144 altare

2198 3092 2289 3146 καὶ
2321 3093 2420 3162 τὴν
2444 3090 2677 3155 σινδόνα,
2702 3089 2838 3159 πρὸς
2868 3089 2929 3141 τὸ
2958 3091 3030 3159 μὴ
3061 3088 3387 3158 κοινωθῆναι
3416 3087 3601 3141 λοιπὸν
3632 3089 3779 3154 τὶδε,

499 3185 709 3253 ipsum.
740 3182 919 3253 Super
946 3181 1093 3252 quod
1130 3191 1357 3251 repente
1388 3196 1582 3251 magna
1607 3179 1689 3233 vis
1718 3179 1859 3250 ignis
1891 3195 1921 3233 e
1951 3178 2090 3234 coelo

503 3276 823 3340 descendit,
856 3274 950 3345 qui
999 3274 1278 3328 neminem
1321 3274 1544 3342 quidem
1592 3273 1839 3340 ipsorum
1885 3272 2089 3342 attigit,

505 3381 687 3436 neque
724 3365 886 3427 laesit,
922 3362 1019 3418 sed
1054 3365 1227 3417 altare
1266 3372 1444 3416 totum
1481 3361 1809 3421 combussit,
1844 3361 2093 3430 penitus-

504 3471 613 3523 que
659 3454 897 3517 delevit;
936 3464 996 3507 ut
1032 3467 1098 3506 ne
1135 3451 1433 3505 frustulum
1468 3450 1690 3519 quidem
1726 3450 2093 3520 virgultorum

502 3546 583 3601 ibi
642 3544 994 3599 remanserit.
1045 3544 1167 3608 Quo
1230 3542 1485 3612 prodigio
1549 3542 1806 3595 commoti
1867 3541 2093 3595 Barbari

507 3642 868 3708 conjecerunt
905 3637 1102 3690 oculos
1142 3635 1197 3688 in
1243 3634 1524 3689 hominem
1568 3634 1744 3697 illum,
1783 3634 1878 3704 qui
1921 3632 2093 3689 sacri-

506 3730 694 3786 ﬁcium
744 3731 1064 3792 obtulerat,
1115 3727 1554 3795 institeruntque
1606 3726 1993 3789 vehementer,
2036 3733 2098 3778 ut

510 3836 710 3875 munus
771 3821 883 3890 (55)
934 3815 1162 3885 aliquod
1219 3815 1289 3869 ab
1347 3816 1430 3869 eis
1488 3831 1590 3884 pro
1642 3823 1797 3869 tanto
1853 3814 2096 3868 facinore

503 3924 699 3985 petere
745 3914 934 3968 vellet.
973 3912 1023 3966 ls
1072 3917 1257 3964 autem
1312 3909 1629 3978 postulavit,
1664 3917 1724 3962 ut
1762 3908 1855 3977 qui
1906 3920 2095 3961 secum

511 4008 654 4077 capti
692 4006 949 4069 fuerant,
989 4018 1177 4059 secum
1227 4002 1396 4056 etiam
1447 4002 1893 4065 dimitterentur;
1948 3998 2095 4068 quod

506 4100 699 4154 statim
738 4097 1010 4159 obtinuit,
1036 4110 1306 4149 omnesve
1343 4094 1505 4149 simul
1542 4095 1744 4149 misera
1781 4091 2097 4161 captivitate

512 4191 797 4248 liberavit.
831 4188 935 4242 Hic
970 4195 1157 4241 autem
1199 4201 1343 4239 unus
1382 4201 1412 4241 e
1453 4185 1659 4240 nostris
1692 4183 1992 4254 putabatur
2025 4181 2098 4236 ob

513 4282 568 4337 id
605 4295 798 4341 unum,
822 4278 972 4348 quod
1010 4279 1212 4333 nostris
1244 4276 1614 4332 coneionibus
1648 4275 1916 4328 interesse
1953 4273 2096 4326 sole-

514 4383 620 4434 ret,
656 4372 750 4441 qui
806 4388 874 4425 ne
916 4371 1206 4425 minimum
1252 4370 1479 4440 quidem
1529 4367 1825 4421 discrimen
1877 4375 2094 4428 norant,

2196 3185 2291 3238 τοῦ
2326 3184 2508 3255 βωμοῦ
2546 3184 2706 3253 μόνου
2756 3183 3279 3253 περιφρονήσαντες.
3322 3181 3431 3233 Καὶ
3460 3180 3616 3249 ἄφνω
3668 3179 3781 3250 πῦρ

2198 3280 2262 3330 ὲκ
2290 3274 2383 3328 τοῦ
2428 3272 2659 3346 οὐρανοῦ
2694 3275 2942 3328 πλεῖστον
2972 3272 3255 3333 ὲπιπεσὸν,
3284 3269 3462 3323 αὐτῶν
3497 3270 3595 3341 μὲν
3624 3271 3781 3323 οὐδε-

2197 3367 2285 3430 νὸς
2315 3366 2513 3436 ἥψατο,
2555 3365 2587 3436 ἢ
2623 3365 2862 3436 ἐλύπησέ
2914 3381 3068 3419 τινα·
3112 3363 3227 3417 τῶν
3249 3363 3307 3416 δὲ
3354 3362 3649 3431 φρυγάνων
3688 3362 3782 3416 τὸν

2199 3459 2383 3529 βωμὸν
2414 3457 2535 3511 ὅλον
2591 3455 2916 3523 κατέφλεξε,
2954 3458 3050 3511 καὶ
3101 3455 3462 3521 ὲξανάλωσεν,
3505 3455 3582 3518 ὡς
3640 3454 3781 3526 μηδὲ

2195 3549 2404 3621 τέφραν
2459 3546 2639 3601 αὐτῶν
2684 3547 3042 3601 καταλιπών⁸
3077 3548 3173 3600 καὶ
3217 3546 3393 3616 τούτῳ
3440 3547 3658 3617 ὀφθέντι
3702 3546 3782 3615 τῷ

2197 3641 2472 3711 τεραστίῳ
2526 3641 2576 3693 oi
2626 3640 2899 3712 Βάρόαροι
2948 3638 3493 3710 πληροφορηθέντες,
3546 3642 3625 3700 εἰς
3689 3639 3782 3691 τὸν

2201 3733 2653 3804 ίερουργήσαντα,
2686 3733 2825 3802 δόμα
2856 3749 2908 3784 τι
2939 3730 3070 3801 παρ’
3100 3730 3279 3785 αὐτῶν
3314 3732 3482 3783 αἰτεῖν
3517 3729 3658 3800 ὑπὲρ
3683 3732 3784 3799 τῆς

2199 3824 2546 3894 λειτουργίας
2586 3821 2887 3888 ἐξεϐίαζον.
2957 3822 3015 3875 Ὀ
3043 3820 3098 3873 δὲ
3143 3822 3271 3883 τοὺς
3319 3819 3782 3889 συγκληῖσθέντας

2200 3914 2349 3984 αὐτῷ
2405 3915 2615 3977 πάντας
2666 3915 2762 3967 καὶ
2795 3912 3163 3982 συναφεθῆναι
3195 3914 3453 3983 ᾐτήσατο,
3497 3911 3783 3964 καὶτοῦτο

2200 4007 2499 4077 ἐλάμϐανε,
2538 4008 2630 4059 καὶ
2662 4006 2868 4067 πάντας
2894 4004 3190 4074 ἠλευθέρου
3222 4004 3319 4072 τῆς
3344 4005 3633 4073 συμφορᾶς
3653 4004 3783 4065 τοὺς

2202 4096 2300 4147 σὺν
2335 4093 2503 4161 αὐτῷ.
2537 4088 2645 4145 Ἦν
2672 4092 2727 4145 δὲ
2767 4088 2921 4155 οὗτος
2951 4093 3048 4164 τὴν
3080 4092 3178 4162 μὲν
3201 4088 3355 4155 δόξαν
3386 4092 3674 4164 ἡμέτερος,
3707 4092 3783 4159 τῷ

2203 4186 2365 4257 μόνον
2406 4187 2539 4255 ἡμῖν
2580 4183 3165 4255 συνεκκλησιάζεσθαιο
3214 4185 3274 4237 οὐ
3318 4184 3426 4254 μὴν
3468 4182 3624 4247 εἰδὼς
3658 4183 3784 4238 οὐδὲ

2199 4275 2282 4328 ὅτι
2312 4275 2429 4327 ἐστί
2455 4292 2538 4338 τις
2567 4274 2751 4345 σχεδὸν
2780 4275 3124 4345 Χριστιανῶν
3152 4274 3406 4344 διαφορά.
3439 4275 3502 4327 Ui
3528 4274 3583 4326 δὲ
3603 4274 3787 4344 Σαρα-

2203 4370 2371 4435 κηνοὶ-
2417 4369 2480 4419 ὲκ
2534 4365 2636 4433 τῆς
2674 4366 2782 4417 τῶν
2839 4366 3169 4419 Ἰακωόιτῶν
3215 4367 3481 4437 αἱρέσεως
3530 4364 3785 4428 εἰωθότες

512 4464 658 4534 quod
704 4463 1055 4519 Christianos
1105 4462 1253 4517 inter
1295 4472 1351 4515 et
1387 4460 1736 4516 Christianos
1779 4456 2089 4510 intercedit.

2200 4460 2500 4526 κοινωνεῖν,
2527 4458 2576 4511 οἳ
2617 4459 2713 4512 καὶ
2748 4461 2899 4514 αὐτοὶ
2930 4460 3028 4530 τὴν
3062 4460 3190 4529 μίαν
3227 4459 3389 4529 φύσιν
3423 4458 3514 4512 ἐπὶ
3540 4458 3635 4511 τοῦ
3678 4459 3789 4510 Ku-

514 4556 776 4612 Saraceni
813 4571 946 4609 vero
982 4554 1361 4610 Jacobitarum
1411 4551 1522 4620 (54)
1567 4550 1820 4620 dogmata
1865 4548 2093 4617 proﬁte-

514 4651 740 4715 bantur,
765 4656 822 4704 et
854 4665 965 4703 una
1005 4664 1130 4702 eum
1169 4648 1305 4717 ipsis
1338 4644 1507 4698 vitam
1552 4641 1747 4711 degere
1788 4656 2097 4733 consueve—

516 4749 659 4798 rant.
690 4741 800 4809 Qui
843 4741 1103 4803 Jacobitae
1153 4752 1320 4793 unam
1371 4735 1428 4787 in
1479 4733 1700 4788 Christo
1746 4739 1999 4785 naturam
2043 4740 2100 4786 et

516 4834 619 4904 ipsi
662 4835 987 4905 praz‘dieaut.
1020 4841 1189 4901 atque
1234 4830 1289 4883 hi
1331 4842 1457 4881 cum
1501 4824 1794 4879 Saracenis
1833 4823 1965 4892 ipsis
2001 4839 2100 4893 per

516 4923 729 4979 deserta
784 4924 1164 4994 vagabantur,
1222 4919 1416 4986 eisque
1477 4913 1673 4969 sedulo
1731 4912 2097 4969 ministerium

592 5104 700 5178 (σο)
730 5104 811 5178 Ad
843 5100 1258 5157 distinctionem
1286 5096 1479 5178 gratiae
1503 5102 1717 5178 gratum
1750 5092 2100 5178 [acientis,.ut

520 5163 1057 5244 schola:loquuntur,
1089 5182 1210 5236 qua:
1225 5163 1620 5244 prodesteicui
1640 5163 1945 5244 (προίει-ων,
1974 5180 2097 5244 cum

522 5233 829 5318 subjecttun
868 5240 968 5318 _c.ui
1018 5233 1187 5318 inest,
1230 5233 1348 5290 Deo
1400 5245 1617 5306 gratum
1663 5233 1858 5295 faciat.
1903 5235 2101 5288 merito

523 5312 722 5370 nomen
750 5312 882 5367 iilud
913 5316 1073 5363 nacta
1104 5315 1205 5358 est.

596 5385 706 5454 (51)
740 5385 800 5437 In
834 5393 989 5434 more
1024 5376 1264 5454 positum
1298 5381 1419 5430 erat
1448 5373 1644 5454 primis
1672 5372 1931 5429 Ecclesia:
1964 5381 2100 5454 tnem-

525 5442 777 5526 poribus,
803 5458 865 5526 nt
901 5442 1157 5526 propriis
1175 5446 1293 5526 suis
1336 5442 1590 5526 manibus
1628 5458 1825 5526 panem
1860 5442 2099 5524 conﬁce-

529 5511 674 5585 Irent,
699 5511 1120 5591 prielmrentque
1145 5516 1219 5591 ita
1253 5524 1530 5591 recentem
1555 5511 1849 5591 sacerdoti.
1876 5513 1969 5591 qui
1997 5526 2101 5591 pro

525 5608 584 5647 ει·
626 5580 957 5647 sacriﬁcium
1007 5580 1195 5640 oli'erri
1242 5584 1531 5649 volebant;
1580 5582 1671 5638 cui
1713 5580 2098 5636 consuetudini

525 5665 775 5731 paruisse
797 5661 891 5731 ve_|_
906 5656 1443 5731 imperatoresipsos
1462 5662 1618 5725 patet
1635 5651 1887 5722 exemplo
1909 5650 2102 5706 Valen-

527 5724 615 5788 tis.
646 5729 828 5804 (Grcg.
850 5724 1061 5799 Naz.,p.
1085 5724 1209 5792 550,
1235 5724 1384 5795 551.)

2204 4549 2324 4622 ρίου
2348 4549 2734 4619 πρεσϐεύουσι,
2772 4552 2867 4603 καὶ
2892 4546 3038 4603 οὗτοι
3075 4551 3282 4619 πρῶτοι
3309 4553 3423 4615 τοῖς
3445 4551 3787 4623 Σαρακηνοῖς

2205 4641 2679 4713 συμπεριάγεσθαι
2712 4642 2854 4695 κατὰ
2902 4643 3000 4712 τὴν
3045 4642 3270 4715 ἔρημον,
3317 4644 3410 4696 καὶ
3446 4642 3787 4713 λειτουργεῖν

2203 4734 2385 4796 αὐτοῖς
2429 4734 2505 4797 ὡς
2540 4734 2766 4789 ἐπίπαν.
2800 4732 2937 4786 (λῦτε
2991 4734 3097 4804 μὴν
3148 4735 3270 4787 οὐδὲ
3320 4728 3466 4788 οὗτοι
3498 4732 3781 4803 εἰδότες,ῆ

2204 4823 2551 4889 διδάσκοντες
2581 4824 2690 4877 τῶν
2716 4826 2774 4877 ὲν
2808 4826 2851 4876 Χ
2862 4828 3157 4895 ριστιανοῖς
3190 4826 3478 4897 δογμάτων
3507 4824 3782 4891 ἐξέτασιν,

2206 4914 2580 4987 ἣσύγκρισιν·
2639 4917 2752 4970 ἀλλ’
2790 4916 2980 4987 ὥσπερ
3027 4920 3141 4981 τοῖς
3198 4918 3496 4989 Νεστορίου
3543 4916 3780 4987 Πέρσαι,

2278 5095 2390 5166 (52)
2442 5094 2583 5150 Hinc
2633 5096 2809 5165 liquet
2855 5095 3055 5165 priscis
3107 5095 3481 5165 temporibus.
3527 5094 3781 5149 adhiberi

2204 5169 2556 5220 consuevisse
2587 5167 2788 5220 calices
2809 5166 3042 5235 ligneos.

2276 5236 2387 5303 (55)
2421 5238 2477 5290 ln
2503 5236 2695 5291 Graeco
2725 5234 2873 5290 textu
2900 5235 3102 5304 legitur
3125 5235 3340 5305 δόματι,
3362 5237 3460 5291 sed
3491 5234 3783 5305 legendum

2212 5313 2310 5359 uto
2339 5306 2510 5374 δῶρόν
2536 5323 2589 5358 τι
2611 5343 2625 5364 .
2653 5315 2715 5360 ιιι
2740 5306 3000 5375 sequenti
3035 5307 3288 5375 petitioni
3323 5315 3609 5375 congruat.

2280 5374 2626 5446 (suillorum
2652 5374 3086 5446 geaputJacobus
3115 5375 3337 5444 quidam
3371 5374 3565 5446 Syrius
3594 5383 3784 5424 mona-

2206 5443 2381 5508 chus,
2398 5444 2588 5518 Severi
2631 5443 2957 5518 discipulus,
2987 5446 3079 5514 qui
3101 5443 3784 5518 Eutychiannrumerro-

2206 5529 2296 5567 res
2338 5531 2437 5583 per
2477 5508 3019 5583 Mesopotamiam’et
3084 5508 3398 5593 Armeniam
3441 5508 3780 5578 praedicavit.

2207 5583 2473 5641 (Demetr.
2511 5584 2721 5649 Cydon.
2788 5592 2826 5638 t.
2869 5583 2944 5649 ll,
2984 5586 3135 5639 Auri.
3179 5578 3316 5636 Bibl.
3366 5579 3569 5649 PP.,p.
3609 5575 3780 5647 4221;

2299 5592 2473 5638 tmetr.
2511 5591 2721 5650 Cydon.
2788 5592 2826 5638 t.
2871 5591 2944 5650 ll,
2984 5591 3135 5639 Auri.
3179 5591 3316 5636 Bibl.
3366 5591 3569 5649 l't’.,p.
3609 5591 3781 5647 11:1;
3860 5604 3865 5609 -

2207 5601 2473 5641 tuemetr.
2511 5601 2721 5655 Cyuon.
2788 5601 2826 5638 t.
2872 5601 2944 5650 ιι,
2984 5601 3135 5639 Att”.
3179 5601 3316 5636 mat.
3366 5601 3569 5649 rr.,p.
3609 5601 3781 5647 an;

2205 5651 2343 5706 Bibl.
2371 5651 2658 5726 Orirnt.,p.
2690 5654 2838 5710 619d
