4034 6408
298 272 411 338 1901

1287 275 1558 335 ΟΑΡΙΤΑ
1598 275 1761 334 XXX
1792 274 2091 337 CONTRA
2128 274 2510 337 SEVERUM.

3388 278 3526 340 1902

285 380 444 441 οὕτως
473 381 564 432 καὶ
610 379 718 432 οἶδε
762 381 875 442 τοῖς
920 378 1179 435 Ἰακώϐου
1213 376 1526 451 ςρονήμασι
1551 398 1845 452 προκατει-
1870 414 1885 442 λ

1991 395 2286 453 peramque
2328 382 2666 453 praebebant.
2701 383 2805 450 Qui
2845 384 3095 455 profecto
3133 402 3239 443 nec
3283 387 3387 457 ipsi
3422 405 3527 444 no-

286 472 532 542 λημμένοι
563 471 981 541 ἐνετυπώθησαν
1008 472 1408 536 ἀόασανιστως.

1947 483 2092 539 rant,
2127 489 2305 545 neque
2346 476 2621 531 docebant
2657 478 3057 547 perscrutanda
3094 494 3216 535 esse
3254 480 3527 536 Christia-

284 578 464 621 norum
499 561 771 632 dogmata,
836 572 893 618 et
965 580 1092 618 cum
1139 564 1265 619 aliis
1305 564 1541 619 aliorum
1580 571 1914 618 sectatorum
1953 565 2226 621 inslitutis
2262 569 2633 637 comparanda
2669 587 2683 622 :
2719 570 2817 625 sed
2851 572 3317 640 quemadmodum
3351 574 3529 628 Persa:

285 654 503 711 Nestorii
532 654 864 721 doctrinam,
893 658 969 711 ita
1000 666 1057 712 et
1081 656 1137 711 hi
1172 672 1341 726 prava
1364 655 1555 713 Jacobi
1587 656 1839 727 drigmata
1880 657 2001 713 sine
2033 658 2143 714 ulla
2171 658 2558 729 disquisitione
2592 663 2921 732 probabant.

298 850 1026 882 ω

1049 854 3528 889 W

842 1021 1191 1137 ΤΟΥ
1274 1020 2087 1140 ΜΑΚΑΡΙΟΥ
2181 990 2970 1139 ΑΕΟΝΤΙΟΥ

634 1242 819 1334 ΤΑ
891 1250 1527 1341 ΤΡΙΑΚΟΝΤΑ
1604 1249 2174 1335 ΚΕΦΑΛΑΙΑ
2247 1248 2549 1336 ΚΑΤΑ
2620 1252 3160 1386 ΣΕΥΗΡΟΥτ

1357 1613 1779 1728 BEATI
1900 1615 2480 1728 LEONTII

763 1846 1186 1937 CAPITA
1250 1849 1836 1938 TRIGINTA
1909 1849 2381 1941 CONTRA
2452 1849 3058 1941 SEVERUM.

1363 2043 1720 2121 Interprete
1752 2042 2097 2103 Francisco
2136 2042 2477 2103 Tun-iano.

1212 2203 1362 2277 (Anc.
1389 2206 1523 2271 MM,
1557 2204 1668 2260 Vat.
1702 2202 1898 2273 Script.
1933 2200 2182 2257 Biblioth.
2216 2202 2391 2268 t.Vll,
2424 2219 2478 2272 p.
2509 2202 2623 2270 40.)

347 2493 519 2547 AZEi
549 2491 626 2544 τὰ
662 2492 845 2562 πάντη
882 2489 1058 2545 ταυτὰ
1094 2490 1225 2560 μιᾶς
1260 2491 1411 2544 ἐστιν
1461 2489 1697 2558 φύσεως,
1734 2490 1875 2545 αὐτὰ

2049 2488 2091 2544 1.
2129 2487 2185 2544 Si
2203 2505 2325 2558 quae
2337 2496 2468 2544 sunt
2496 2487 2723 2544 omnino
2741 2487 2954 2554 eadem,
2986 2498 3115 2544 sunt
3132 2490 3299 2546 unius
3324 2498 3555 2557 naturae,

283 2584 528 2639 δὲταῦτα
563 2586 669 2640 καὶ
699 2585 801 2653 μία.
835 2583 999 2653 φύσις
1031 2582 1276 2652 λέγεται,
1325 2584 1443 2648 πῶς
1496 2587 1566 2637 τὰ
1592 2586 1667 2655 μὴ
1688 2585 1867 2654 πάντη

285 2676 442 2730 ταυτὶ
468 2675 619 2730 κατὰ
643 2675 832 2746 φύσιν,
859 2677 989 2746 μιᾶς
1018 2675 1084 2729 ἂν
1117 2674 1203 2745 εἴη
1247 2674 1486 2745 φύσεως,
1519 2675 1552 2746 ἦ
1582 2676 1679 2746 μία
1711 2675 1872 2743 φύσις

284 2764 599 2835 λεχθήσεται
630 2765 833 2830 ςἋλλὰ
865 2764 973 2835 μὴν
1015 2764 1273 2818 οὐδέποτε
1318 2766 1497 2836 πάντη
1546 2767 1746 2825 ταὺτδμ
1779 2767 1873 2819 καὶ

284 2852 399 2905 κατ’
427 2854 593 2905 αὑτὸν
628 2856 667 2924 ἡ
690 2852 787 2905 τοῦ
818 2851 1058 2924 Χριστοῦ
1087 2852 1279 2924 θεότης
1304 2856 1372 2924 τῇ
1403 2854 1526 2908 κατ’
1550 2854 1752 2917 αὐτοὺς
1782 2854 1876 2906 ἀν-

285 2944 621 3015 θρωπότητι·
683 2945 787 2998 οὐκ
833 2945 941 3016 ἄρα
994 2945 1124 3014 μιᾶς
1158 2943 1329 2999 ταῦτα.
1358 2945 1425 2999 ἂν
1462 2930 1546 3018 εἴη
1580 2945 1873 3015 φύσεως,ῆ

287 3037 377 3108 μία
411 3039 573 3107 φύσις
599 3037 939 3108 λεχθήσεται
969 3035 1143 3089 ταῦτα
1180 3037 1317 3106 μετὰ
1357 3038 1457 3108 τὴν
1485 3036 1702 3090 ἕνωσιν.

350 3131 422 3185 B'.
452 3123 557 3182 ’Ὧν
586 3131 698 3200 μία
725 3130 758 3198 ἡ
783 3127 968 3200 φύσις,
997 3128 1177 3193 κοινὸς
1216 3130 1245 3181 ὁ
1289 3129 1448 3198 λόγος
1470 3145 1484 3160 ο
1519 3122 1595 3182 ὧν
1618 3128 1674 3180 δὲ
1704 3127 1879 3181 κοινὸς

286 3219 505 3287 δλόγος,
541 3223 645 3275 καὶ
678 3223 712 3291 ἡ
742 3219 982 3291 ῦπαρξις
1008 3219 1331 3290 ὁμοούσιος·
1385 3221 1641 3274 οὐδέποτε
1698 3219 1756 3273 δὲ
1786 3220 1881 3272 καὶ

288 3313 420 3366 κατὰ
441 3314 653 3366 ταύτὸν
677 3310 967 3382 ὁμοούσιος
989 3313 1024 3381 ἡ
1059 3311 1253 3382 θεότης
1289 3309 1385 3365 τοῦ
1420 3307 1659 3382 Χριστοῦ
1692 3312 1759 3380 τῇ
1784 3310 1881 3361 ἀν-

288 3400 594 3475 θρωπότητι
616 3421 632 3434 ο
661 3402 770 3456 οὐκ
815 3401 927 3471 ἄρα
980 3393 1061 3465 εἷς
1097 3417 1228 3454 ποτε
1261 3399 1467 3454 τούτων
1500 3402 1529 3453 ὁ
1562 3398 1720 3465 λόγος
1744 3413 1760 3428 ο
1805 3391 1882 3450 ὧν

287 3493 339 3548 δὲ
367 3495 642 3565 μηδέποτε
670 3488 754 3557 εἷς
781 3495 811 3547 ὁ
829 3493 1008 3562 λόγος,
1045 3492 1252 3547 τούτων
1276 3492 1364 3564 ἄρ’
1392 3494 1447 3546 αἱ
1482 3490 1674 3561 φύσεις
1725 3490 1883 3561 δῆλον

290 3586 365 3640 δτι
392 3586 671 3659 διάφοροι.

353 3766 424 3818 l".
460 3766 524 3819 Et
558 3767 639 3819 ἐκ
699 3764 958 3832 θεότητος
1018 3763 1111 3817 καὶ
1162 3761 1581 3833 ἀνθρωπότητος
1610 3758 1884 3829 λέγοντες,

1979 2581 2095 2637 haec
2141 2590 2325 2635 autem
2358 2581 2476 2650 ipsa
2501 2580 2668 2636 etiam
2695 2596 2803 2635 una
2848 2589 3045 2637 natura
3073 2581 3379 2649 dicuntur;
3424 2600 3563 2654 quo-

1975 2672 2160 2738 modo,
2195 2688 2318 2743 qua:
2348 2688 2459 2728 non
2487 2683 2618 2729 sunt
2643 2676 2871 2731 omnino
2907 2675 3122 2742 eadem,
3146 2676 3231 2731 vel
3270 2678 3434 2733 unius
3458 2694 3561 2733 na-

1977 2773 2114 2819 tura:
2138 2774 2323 2829 erunt,
2353 2763 2440 2818 vel
2487 2779 2595 2817 una
2623 2773 2819 2818 natura
2852 2763 3149 2820 dicentur?
3180 2766 3352 2821 Porro
3379 2782 3563 2837 neque

1977 2858 2171 2914 eadem
2234 2867 2365 2912 sunt
2409 2855 2616 2912 Christi
2658 2856 2923 2913 divinitas
2955 2868 3012 2913 et
3046 2858 3380 2916 humanitas.
3421 2861 3566 2932 Ergo

1978 2964 2090 3003 non
2123 2949 2290 3002 unius
2320 2956 2533 3003 natura:
2555 2956 2724 3003 erunt
2752 2965 2934 3019 neque
2969 2966 3072 3005 una
3090 2961 3288 3006 natura
3312 2952 3567 3008 dicentur

1981 3050 2104 3110 post
2143 3041 2425 3095 unionem.

2053 3133 2118 3187 ll.
2153 3133 2398 3199 Quorum
2436 3149 2544 3188 una
2576 3142 2662 3189 est
2704 3141 2925 3197 natura,
2947 3136 3261 3190 communis
3286 3144 3371 3190 est
3395 3137 3566 3200 ratio;

1983 3235 2220 3290 quorum
2255 3230 2438 3276 autem
2466 3224 2781 3277 communis
2810 3222 2972 3286 ratio,
2991 3224 3237 3294 ejusdem
3251 3224 3573 3281 substantia:

1986 3319 2117 3365 sunt
2145 3328 2159 3364 :
2194 3326 2307 3365 non
2339 3319 2621 3367 estautem
2645 3311 2948 3366 secundum
2971 3312 3390 3383 ipsosdivinitas
3414 3313 3574 3370 Chri-

1985 3404 2055 3457 sti
2094 3401 2343 3474 ejusdem
2381 3401 2706 3457 substantiae
2744 3417 2869 3456 cum
2917 3402 3259 3457 humanitate
3290 3420 3303 3456 :
3335 3418 3445 3457 non
3488 3412 3576 3458 est

1988 3492 2159 3563 igitur
2199 3505 2307 3545 una
2354 3489 2554 3545 horum
2599 3490 2772 3555 ratio;
2820 3505 3057 3560 quorum
3095 3503 3276 3547 autem
3333 3507 3443 3547 non
3489 3503 3576 3547 est

1989 3596 2236 3652 unquam
2277 3596 2386 3636 una
2427 3581 2592 3644 ratio,
2619 3580 2821 3636 horum
2854 3590 3063 3636 natura:
3107 3597 3329 3653 semper
3361 3584 3578 3640 scilicet

1989 3679 2159 3725 erunt
2185 3670 2525 3725 diﬂerentes.

2067 3763 2155 3818 lli.
2188 3764 2245 3818 Si
2275 3762 2370 3832 qui
2397 3761 2591 3817 dicunt
2635 3761 2917 3817 Christum
2947 3777 3069 3819 esse
3099 3780 3169 3819 ex
3200 3763 3490 3820 divinitate
3519 3776 3579 3822 et

288 3859 378 3912 καὶ
394 3861 458 3911 ὲκ
493 3857 604 3910 δύο
626 3855 847 3923 φύσεων
893 3854 1171 3922 λέγουσιν,
1208 3855 1302 3907 καὶ
1331 3853 1531 3906 ταύτὸν
1561 3853 1749 3914 αὐτοῖς
1792 3866 1885 3919 ση-

1991 3854 2358 3918 humanitate,
2385 3852 2550 3906 etiam
2583 3867 2653 3906 ex
2702 3851 2917 3908 duabus
2963 3855 3181 3910 naturis
3209 3871 3330 3911 esse
3364 3856 3575 3922 dicunt,

293 3948 502 4017 μαίνειν
540 3947 725 4015 ἄμφω
753 3944 940 4008 δοκεῖ,
972 3942 1093 4008 πῶς
1147 3944 1206 3997 ὲν
1232 3943 1449 4014 θεότητι
1474 3943 1574 3997 καὶ
1605 3939 1889 4012 ἅνθρωπό-

289 4055 406 4108 τητι
435 4038 710 4105 λέγοντες
745 4035 886 4106 μετὰ
916 4035 1017 4106 τὴν
1068 4035 1287 4098 ἕνωσιν,
1343 4034 1446 4088 οὐκ
1470 4035 1529 4087 ὲν
1571 4033 1666 4091 δύο
1693 4031 1889 4100 φύσεσι

290 4128 461 4198 λέγειν
512 4133 582 4183 ὲκ
635 4126 748 4180 τῶν
792 4128 926 4198 παρ’
990 4125 1171 4180 αὐτῶν
1219 4124 1484 4179 δοθέντων
1538 4120 1888 4192 ἀναγκασθή-

291 4234 500 4288 σονται;
550 4219 730 4274 ταυτὸ
785 4219 897 4290 γὰρ
949 4220 1046 4272 καὶ
1082 4217 1320 4271 ἐνταῦθα
1378 4216 1439 4269 τὸ
1465 4214 1528 4280 ὲξ
1565 4216 1769 4286 ἁμςοῖν
1797 4213 1890 4283 δηο

290 4311 377 4364 λοῦ
385 4330 571 4382 μενον.

355 4409 427 4459 Δ’.
451 4406 517 4458 Εἰ
544 4409 615 4458 ὲκ
642 4402 737 4457 δύο
766 4403 984 4473 φύσεων
1008 4402 1101 4454 τὸν
1119 4401 1357 4472 Χριστὸν
1381 4399 1655 4468 λέγοντες,
1684 4400 1748 4451 ὲκ
1774 4397 1891 4450 θεό-

292 4514 447 4566 τητος
474 4499 575 4551 καὶ
607 4495 1037 4566 ἀνθρωπότητος
1076 4495 1352 4562 λέγουσιν,
1383 4492 1478 4545 καὶ
1536 4493 1600 4543 ὲκ
1635 4491 1891 4560 θεότητος

294 4587 383 4638 καὶ
403 4584 840 4655 ἁνθρωπότητος
855 4582 1131 4650 λέγοντες,
1160 4585 1223 4633 ἐκ
1240 4579 1335 4633 δύο
1368 4578 1585 4648 φύσεων
1616 4576 1778 4629 αὐτὸν
1801 4575 1892 4626 λέ-

1992 3953 2048 3998 et
2093 3943 2237 3997 idem
2282 3941 2593 4011 significare
2637 3941 2802 3996 ambo
2845 3941 2979 4011 ipsis
3008 3942 3262 4010 videtur;
3300 3945 3578 4014 quomodo

1994 4036 2244 4090 dicentes
2271 4032 2553 4088 Christum
2586 4047 2709 4088 esse
2750 4042 2874 4103 post
2903 4034 3162 4090 unionem
3206 4036 3261 4091 in
3289 4037 3579 4094 divinitate

1992 4136 2049 4181 et
2075 4111 2438 4187 humanitate,
2464 4140 2576 4179 non
2598 4134 2863 4195 cogentur
2899 4125 3086 4183 dicere
3115 4143 3184 4183 ex
3200 4128 3343 4185 datis
3362 4146 3427 4185 ac
3449 4146 3581 4187 con-

1995 4218 2168 4273 cessis
2216 4233 2246 4271 a
2297 4232 2376 4278 se,
2415 4215 2469 4270 in
2523 4216 2738 4271 duabus
2786 4218 3003 4272 naturis
3044 4221 3200 4275 esse?
3238 4221 3388 4277 idem
3429 4222 3579 4279 enim

1995 4308 2162 4363 etiam
2196 4306 2309 4371 hic,
2346 4306 2491 4377 quod
2526 4308 2691 4362 ambo
2719 4307 2821 4362 ista
2852 4307 3156 4365 declarant.

2072 4394 2158 4448 IV.
2195 4392 2250 4447 Si
2283 4394 2319 4448 ii
2347 4393 2440 4460 qui
2474 4394 2667 4449 dicunt
2693 4392 2971 4451 Christum
3000 4413 3069 4452 ex
3100 4398 3317 4457 duabus
3350 4405 3581 4469 naturis,

1995 4500 2063 4539 ex
2106 4483 2395 4539 divinitate
2440 4499 2498 4539 et
2533 4485 2880 4541 humanitate
2919 4488 3145 4556 dicunt;
3183 4499 3240 4545 et
3269 4493 3364 4563 qui
3393 4494 3587 4551 dicunt

1997 4590 2061 4628 ex
2095 4573 2382 4630 divinitate
2412 4584 2468 4630 et
2494 4575 2864 4643 humanitate,
2893 4586 2949 4632 et
2975 4577 3191 4636 duabus
3211 4584 3426 4638 naturis
3457 4600 3586 4645 eum

294 4690 495 4741 γουσιν·
514 4676 757 4744 θεότητα
774 4675 831 4728 δὲ
862 4675 958 4726 καὶ
986 4672 1085 4727 ἀνθ
1096 4673 1390 4742 ρωπότητα
1415 4670 1553 4739 μετὰ
1577 4668 1676 4739 τὴν
1695 4667 1885 4720 ἕνωσιν

1998 4663 2212 4725 dicunt.
2243 4672 2300 4717 et
2328 4664 2680 4721 divinitatem
2712 4678 2838 4738 post
2860 4670 3120 4727 unionem
3153 4675 3319 4730 etiam
3357 4676 3584 4742 dicunt;

293 4766 565 4835 λέγουσιν,
593 4766 692 4818 δύο
721 4766 830 4836 ἄρα
862 4765 1056 4832 φύσεις
1093 4764 1190 4815 καὶ
1220 4763 1376 4817 αὐτοὶ
1398 4760 1490 4814 τοῦ
1532 4757 1770 4831 Χριστοῦ
1802 4757 1885 4809 καῚ

1999 4756 2138 4810 duas
2192 4750 2381 4827 igitur’
2405 4764 2461 4810 et
2500 4757 2605 4826 ipsi
2648 4767 2876 4814 naturas
2913 4770 3039 4830 post
3077 4762 3281 4819 Christi
3327 4768 3587 4823 unionem

297 4859 430 4924 μετὰ
457 4857 561 4926 τὴν
585 4856 788 4909 ἕνωσιν
815 4855 1070 4922 λέγουσιν
1095 4870 1107 4883 ο
1140 4857 1188 4907 εἰ
1208 4855 1265 4906 δὶ
1293 4854 1355 4906 τὺ
1374 4853 1555 4920 λέγειν
1576 4849 1669 4903 δύο
1701 4848 1885 4916 φύσεις

2000 4862 2222 4917 quoque
2248 4847 2442 4903 dicunt
2474 4866 2487 4899 :
2525 4849 2571 4903 si
2602 4864 2735 4904 vero
2755 4860 2958 4921 negant
2986 4852 3283 4910 dicendum
3301 4872 3423 4913 esse
3450 4858 3589 4914 duas

294 4947 352 5000 ἰν
388 4947 467 5017 τῷ
497 4946 732 5018 Χριστῷ
786 4945 930 5017 μετὰ
957 4944 1059 5015 τὴν
1111 4944 1310 4998 ἕνωσιν
1339 4940 1655 5012 ἀρνοῦνται,
1683 4939 1746 4992 τὸ
1785 4938 1885 5008 ἄρα

2001 4948 2228 4994 naturas
2255 4938 2311 4992 in
2334 4938 2557 4993 Christo
2603 4949 2730 5009 post
2760 4942 3045 5007 unionem,
3079 4943 3249 5015 igitur
3270 4958 3471 5018 negant
3498 4948 3588 5005 di-

292 5038 472 5110 λέγειν
503 5039 745 5110 θεότητα
785 5037 1026 5108 Χριστοῦ
1053 5038 1148 5089 καὶ
1194 5035 1592 5107 ἀνθρωπὸτητα
1625 5034 1766 5103 μετὰ
1795 5033 1885 5101 τὴν

2003 5030 2242 5085 cendum
2277 5045 2399 5086 esse
2427 5030 2484 5085 in
2515 5029 2738 5086 Christo
2783 5040 2907 5102 post
2938 5033 3201 5092 unionem
3240 5037 3590 5096 divinitatem

294 5125 491 5181 ῑνωσιν
527 5126 853 5200 ἀρνοῦνται.

369 5222 444 5276 Ε’.
469 5223 537 5275 Εἰ
572 5219 860 5289 ἁσύγχυτα
893 5219 952 5272 ὲν
981 5219 1049 5287 τῇ
1090 5214 1286 5269 ἑνὼσει
1314 5217 1385 5269 τὰ
1436 5214 1759 5267 συνελθόντα
1811 5230 1896 5280 γι-

298 5312 630 5375 νώσκουσιν,
690 5309 785 5364 δύο
830 5309 891 5363 δὲ
949 5309 1019 5361 τὰ
1067 5305 1395 5361 συνελθόντα
1434 5307 1528 5359 καὶ
1576 5306 1699 5358 κατ’
1729 5303 1894 5357 αὐτόν

295 5405 431 5464 ἔστι,
458 5404 585 5467 πῶς
618 5404 685 5457 τὰ
718 5404 777 5455 ὲν
809 5402 877 5473 τῇ
913 5400 1106 5453 avens;
1139 5397 1216 5470 μὴ
1258 5397 1598 5469 συγχυθέντα
1633 5396 1748 5457 δύο,
1799 5396 1896 5448 καὶ

299 5495 438 5565 μετὰ
476 5495 585 5562 τὴν
626 5494 824 5549 ἓνωσιν
874 5493 938 5546 οὐ
991 5490 1088 5546 δύο
1139 5490 1546 5563 γνωρίζουσινς
1599 5490 1649 5541 εἰ
1693 5487 1752 5541 δὲ
1803 5487 1897 5540 δύο

295 5584 684 5654 γνωρίζουσιν,
711 5584 831 5647 πῶς
854 5583 956 5654 οὐχ
974 5581 1371 5653 ὁμολογοῦσιν;
1393 5583 1439 5635 εἰ
1467 5581 1523 5635 δὲ
1547 5578 1891 5651 ὁμολογοῦσι,

296 5673 415 5739 πῶς
463 5674 724 5745 ἀριθμεῖν
768 5673 947 5730 ταῦτα
979 5673 1396 5747 παραιτοῦνται,
1435 5665 1629 5744 ὦντὴν
1656 5672 1755 5741 τῆς
1788 5669 1893 5739 φύ-

2001 5134 2058 5179 et
2078 5122 2499 5177 humanitatem.

2080 5215 2143 5270 V.
2191 5212 2248 5269 Si
2298 5222 2641 5284 cognoscunt
2670 5229 2783 5269 non
2826 5231 2949 5272 esse
2990 5220 3216 5276 confusa
3274 5222 3331 5277 in
3364 5224 3592 5292 unione,

2005 5320 2126 5377 quae
2149 5304 2431 5363 coierunt:
2453 5303 2562 5357 duo
2589 5312 2772 5360 autem
2788 5315 2920 5360 sunt
2943 5324 3066 5375 quae
3091 5310 3369 5378 coierunt,
3400 5322 3459 5368 ut
3490 5315 3595 5384 ipsi

2006 5397 2288 5459 fatentur;
2311 5395 2591 5464 quomodo
2611 5411 2734 5465 quae
2755 5396 2809 5451 in
2832 5398 3035 5454 unione
3060 5417 3170 5457 non
3195 5414 3325 5459 sunt
3344 5405 3594 5473 confusa,

2003 5489 2169 5542 etiam
2210 5493 2336 5555 post
2383 5486 2647 5541 unionem
2694 5503 2803 5543 non
2834 5502 3176 5561 cognoscunt
3204 5494 3314 5550 duo
3345 5497 3499 5552 esse?
3535 5496 3595 5553 Si

2005 5589 2189 5634 autem
2234 5573 2597 5648 cognoscunt,
2637 5582 2914 5650 quomodo
2935 5599 3044 5639 non
3077 5587 3446 5645 conﬁtentur?
3496 5590 3590 5650 ZEn

2001 5685 2137 5725 vero
2161 5663 2517 5736 conﬁtentur,
2536 5671 2821 5740 quomodo
2839 5664 3133 5733 numerare
3162 5678 3281 5736 haec
3304 5694 3583 5745 recusant.
