4034 6420
449 322 584 385 1903

1721 311 2034 372 LEONTII
2067 312 2471 377 BYZANTINI

3567 309 3703 377 1904

445 444 680 500 quorum
728 435 940 482 natura:
977 425 1367 496 proprietatem
1419 435 1525 475 non
1576 417 1856 474 confusam
1904 426 2026 486 post

2136 439 2266 485 σεως
2290 422 2525 490 ἰδιότητι
2544 424 2848 495 ἁσύγχυτον
2873 422 3006 491 μετὰ
3028 422 3122 487 τὴν
3142 421 3329 471 ἕνωσιν
3353 416 3705 487 ἐπίστανταις

448 524 708 577 unionem
764 520 987 575 sciunt?
1030 517 1189 584 Quod
1235 516 1383 570 enim
1430 513 1794 576 confitentur,
1847 511 2027 579 inquit

450 617 643 670 beatus
676 613 926 674 Basilius,
963 617 1257 663 numerent
1289 607 1475 661 etiam.

518 706 605 761 Vl.
636 706 693 759 Si
732 720 798 758 ex
828 703 1045 756 duabus
1078 697 1292 753 naturis
1321 696 1514 750 dicunt
1549 693 1854 758 Christum,
1887 691 2027 746 duas

447 805 631 850 autem
660 803 883 847 naturas
900 790 1179 845 Christum
1200 803 1307 841 non
1331 786 1555 849 dicunt;
1583 801 1649 839 ex
1675 784 1762 839 bis
1779 783 2024 853 quidem,

446 902 559 939 non
611 893 794 938 autem
839 883 957 935 haec
1006 879 1200 933 dicunt
1240 875 1522 931 Christum
1557 893 1570 928 :
1608 874 1796 928 dicant
1839 872 2026 943 igitur,

448 988 635 1032 utrum
674 991 744 1029 ex
779 972 984 1043 quibus
1029 970 1379 1025 constituunt
1418 966 1725 1029 Christum,
1755 965 1921 1019 etiam
1972 964 2027 1017 in

444 1070 535 1125 his
581 1081 916 1138 cognoscere
944 1079 1071 1119 eum
1114 1062 1354 1117 volunt?
1388 1061 1442 1114 Si
1469 1060 1618 1116 enim
1665 1073 1775 1112 non
1808 1064 1937 1111 sunt
1971 1057 2027 1109 in

445 1178 512 1217 eo
532 1178 597 1216 ea
621 1177 685 1216 ex
715 1160 920 1229 quibus
953 1159 1069 1225 ipse
1099 1164 1205 1219 est,
1255 1156 1341 1207 vel
1373 1168 1729 1223 nequaquam
1755 1159 1905 1214 sunt,
1942 1150 2028 1202 vel

445 1254 503 1307 in
534 1252 713 1305 altero
743 1257 894 1313 sunt,
925 1247 1140 1303 scilicet
1173 1247 1227 1300 in
1262 1245 1451 1313 aliquo
1482 1251 1683 1314 praeter
1728 1242 1943 1310 ipsum;
1975 1248 2030 1293 et

443 1345 569 1415 quis
595 1342 703 1398 erit
735 1341 844 1403 hic,
879 1342 1025 1393 clare
1065 1339 1321 1391 doceant.

516 1434 627 1489 Vll.
655 1434 712 1488 Si
748 1433 805 1486 in
832 1433 900 1486 iis
930 1447 1052 1501 quae
1094 1437 1224 1484 sunt
1262 1428 1509 1498 ejusdem
1549 1426 1872 1481 substantia:
1901 1438 2026 1478 cum

446 1526 654 1580 dicitur
702 1538 813 1577 una
845 1529 1065 1581 natura,
1100 1535 1213 1573 non
1265 1518 1611 1571 identitatcm
1648 1515 2027 1583 subjectorum

447 1616 832 1687 principaliter
887 1614 1174 1675 declarat;
1216 1609 1496 1680 quomodo
1532 1608 1588 1661 in
1621 1607 1691 1661 iis
1737 1621 1860 1675 qua:
1902 1614 2032 1659 sunt

446 1711 679 1764 diversae
712 1706 1053 1771 substantia,
1084 1705 1206 1759 dum
1234 1712 1444 1757 naturae
1480 1717 1591 1755 non
1633 1699 2028 1763 diﬂerentiam,

444 1800 540 1854 sed
568 1796 971 1866 separationem
998 1792 1313 1848 necessario
1344 1790 1697 1859 signiﬁcant?
2008 1856 2013 1867 Ι

518 1891 653 1945 Vlll.
703 1888 761 1944 Si
797 1887 1115 1945 necessario
1153 1901 1421 1941 numerus
1468 1884 1799 1938 divisionem
1839 1896 2028 1936 secum

447 1984 649 2047 infert;
676 1994 945 2035 numerus
994 1979 1162 2047 igitur
1204 1977 1310 2031 erit
1355 1992 1517 2029 causa
1566 1974 1876 2037 divisionis,
1920 1988 2026 2025 non

446 2082 631 2128 autem
673 2070 872 2125 divisio
896 2084 1060 2122 causa
1091 2067 1331 2123 numeri.
1365 2077 1421 2119 et
1446 2082 1512 2119 ex
1545 2065 1765 2119 duobus
1794 2064 2027 2117 alterum

445 2164 555 2218 erit
580 2160 954 2215 necessarium
995 2177 1007 2210 :
1045 2158 1132 2211 vel
1166 2157 1307 2211 nihil
1336 2156 1624 2210 numerari
1663 2170 1879 2220 eorum,
1908 2171 2029 2224 qua:

447 2261 578 2308 sunt
607 2251 761 2306 unita
788 2268 800 2301 :
831 2249 913 2302 vel
935 2248 1072 2301 nihil
1092 2246 1237 2300 uniri
1257 2261 1471 2309 eorum,
1491 2261 1612 2314 quae
1629 2253 2026 2307 numerantur;

446 2354 502 2399 at
529 2342 809 2414 quomodo
841 2356 950 2394 non
973 2339 1077 2392 hoc
1109 2338 1404 2392 ridiculum
1431 2338 1559 2401 erit,
1591 2337 1753 2391 talem
1790 2345 2030 2405 potesta-

450 2447 559 2490 tem
591 2435 840 2489 tribuere
872 2431 1144 2505 numero?
1181 2446 1304 2483 eum
1338 2430 1519 2484 omnis
1550 2443 1814 2482 numerus
1848 2443 2024 2497 quan-

448 2536 565 2580 tum
601 2526 656 2578 in
692 2522 879 2585 rebus,
926 2536 1038 2574 non
1084 2528 1269 2574 autem
1319 2528 1596 2582 naturam,
1634 2517 1719 2571 vel
1756 2517 1935 2586 qualis
1957 2516 2029 2570 sit

448 2618 645 2671 harum
686 2612 978 2687 habitudo,
1020 2610 1381 2665 demonstret.

522 2709 616 2763 IX.
651 2707 707 2762 Si
734 2706 890 2769 unio,
919 2714 976 2758 et
1003 2702 1158 2756 unita
1189 2710 1321 2756 sunt
1347 2714 1539 2755 eorum
1569 2715 1693 2769 qua}
1722 2698 1788 2752 ad
1820 2696 2027 2768 aliquid

444 2799 748 2859 dicuntur;
780 2809 903 2864 qua:
934 2801 1120 2846 autem
1164 2798 1294 2843 sunt
1330 2788 1399 2841 ad
1427 2787 1658 2856 aliquid,
1680 2787 1845 2842 simul
1876 2793 2026 2850 sunt,

443 2898 503 2945 et
532 2902 751 2957 semper
783 2902 795 2937 :
827 2883 993 2938 simul
1024 2880 1192 2951 igitur
1236 2889 1292 2933 ct
1320 2894 1541 2947 semper
1570 2878 1724 2941 unio,
1766 2886 1824 2930 et
1854 2877 2025 2929 unita.

444 2983 543 3038 Sin
579 2975 952 3053 autemunita
979 2973 1284 3036 desierunt,
1312 2971 1514 3026 desinit
1543 2972 1709 3025 etiam
1736 2983 1864 3024 eum
1897 2967 2030 3037 ipsis

450 3073 600 3127 unio.

518 3164 588 3218 Χ.
624 3161 681 3216 Si
723 3172 993 3214 numerus
1035 3156 1263 3210 omnino
1301 3164 1522 3225 separat
1560 3161 1869 3216 numerata,
1919 3166 2028 3206 non
2054 3127 2098 3187 (ἶ

446 3256 628 3310 solum
658 3264 928 3306 numerus
966 3257 1289 3302 naturarum
1324 3253 1542 3316 separat
1570 3253 1820 3307 naturas,
1854 3243 1948 3297 sed
1977 3252 2033 3298 et

450 3330 1140 3412 numerus'proprietatnm
1164 3339 1391 3393 omnino
1424 3336 1723 3407 separabit.
1744 3334 2032 3400 Quomodo

448 3438 620 3508 igitur
650 3436 744 3504 qui
775 3433 971 3487 dicunt
1003 3431 1140 3485 duas
1166 3431 1556 3501 proprietates,
1589 3443 1701 3482 non
1735 3435 1900 3481 erunt
1928 3425 2031 3495 ipsi

448 3528 683 3599 subjecti
716 3540 894 3580 causa:
925 3522 1253 3578 divisionis?

520 3620 613 3674 XI.
659 3618 715 3672 Si
765 3617 1069 3672 secundum
1107 3614 1440 3685 Gregorium
1475 3612 1791 3681 theologum
1841 3618 2031 3666 contra

448 3722 535 3767 est
585 3713 638 3764 in
675 3708 970 3771 Trinitatc,
1017 3722 1180 3775 quam
1219 3705 1275 3759 in
1326 3703 1589 3775 mysterio
1638 3703 2034 3758 incarnationis

448 3799 773 3865 Ssilvatoris,
832 3809 944 3852 tres
987 3809 1171 3853 autem
1208 3797 1536 3868 hypostases
1581 3782 1818 3863 semper,
1866 3810 2031 3847 unam

448 3903 635 3948 autem
671 3900 926 3945 naturam
952 3888 1007 3941 in
1052 3888 1325 3941 Trinitate
1358 3882 1725 3947 conﬁtemur;
1753 3881 2032 3951 quomodo

450 4002 559 4039 non
587 3985 727 4038 duas
763 3982 989 4052 quidem
1029 3987 1277 4041 naturas,
1314 3991 1478 4029 unam
1525 3989 1657 4030 vero
1694 3973 2031 4046 hypostasim

448 4078 503 4132 in
535 4075 915 4130 incarnatione
941 4067 1352 4127 concedemus?
1377 4066 1661 4137 Siquidem
1707 4073 1901 4122 contra
1925 4074 2030 4127 est,

445 4168 693 4221 omnium
726 4163 1003 4220 contraria
1031 4160 1318 4216 conversio
1346 4158 1653 4236 secundum
1690 4166 1891 4213 totum.

515 4258 635 4313 Xll.
670 4258 729 4313 Si
762 4258 924 4320 alius,
958 4264 1014 4311 et
1038 4255 1180 4309 alius
1211 4266 1517 4322 pronomen
1553 4259 1638 4306 est
1663 4251 2031 4322 hypostaseon

443 4350 753 4406 secundum
780 4349 1038 4403 eumdem
1066 4344 1393 4414 Gregorium
1416 4360 1431 4410 ;
1468 4344 1616 4398 aliud
1642 4358 1774 4397 vero
1801 4350 1859 4397 et
1882 4340 2032 4395 aliud

2128 514 2157 566 ὃ
2187 514 2296 584 γὰρ
2322 515 2667 585 ὁμολογοῦσι,
2710 516 2875 586 φησὶν
2898 512 3096 574 ὁθεῖος
3124 510 3425 573 Βασίλειος,
3462 511 3554 563 καὶ
3582 511 3708 581 ἀρι-

2127 604 2155 657 θ
2164 606 2457 675 μείτωσαν.

2201 697 2293 762 ς’.
2343 695 2406 749 Εἰ
2436 698 2501 749 ἐκ
2531 696 2623 748 δύο
2656 695 2754 764 μὲν
2809 692 3024 763 φύσεων
3054 692 3271 759 λέγουσι
3325 690 3417 744 τὸν
3448 691 3705 761 Χριστὸν,

2126 786 2221 840 δύο
2244 786 2299 839 δὲ
2336 786 2528 854 φύσεις
2585 788 2748 839 αὐτὸν
2778 788 2841 838 ού
2893 786 3143 852 λέγουσιν
3168 824 3183 847 ,
3216 786 3279 836 ἐκ
3323 783 3531 837 τούτων
3583 785 3706 852 μὲν,

2128 877 2251 947 οὐχὶ
2299 877 2357 931 δὲ
2406 880 2500 930 καὶ
2528 879 2721 938 ταῦτα,
2745 877 2965 943 λέγουσι
2991 876 3082 928 τὸν
3112 876 3348 945 Χριστόν
3368 891 3381 903 ·
3438 877 3487 927 εί
3518 874 3577 927 δὲ
3611 874 3708 942 μὴ,

2128 970 2188 1033 ἐξ
2211 966 2286 1025 ὧν
2307 970 2626 1022 συνίστωσιν
2653 969 2908 1039 Χριστὸν,
2955 968 3050 1021 καὶ
3090 968 3148 1019 ὲν
3177 967 3385 1029 τούτοις
3424 967 3712 1036 γνωρίζειν

2129 1062 2293 1114 αὑτὸν
2320 1061 2591 1126 ἀξιοῦσιν.
2625 1061 2685 1112 Ei
2712 1060 2822 1131 γὰρ
2855 1060 2929 1129 μὴ
2952 1062 3009 1112 ὲν
3031 1060 3184 1128 αὐτῷ
3209 1060 3276 1112 τὰ
3298 1060 3358 1125 ἐξ
3377 1055 3453 1113 ὧν
3473 1059 3655 1119 αὐτὸς,
3675 1059 3709 1127 ἢ

2132 1152 2392 1223 οὐδαμοῦ,
2422 1154 2453 1223 ἢ
2478 1155 2535 1204 ἐν
2572 1153 2745 1222 ἑτέρῳ
2773 1150 3038 1221 δηλονότι,
3095 1152 3187 1203 καὶ
3232 1152 3289 1202 ἔν
3309 1168 3417 1202 τινι
3451 1153 3581 1220 παρ’
3606 1150 3709 1203 αύ-

2130 1246 2224 1297 τόν
2243 1262 2255 1274 ·
2291 1245 2383 1298 καὶ
2407 1246 2491 1308 τίς
2521 1240 2675 1307 οὗτος
2710 1243 2896 1314 σαφῶς
2922 1241 3353 1297 διδασκέτωσαν.

2206 1437 2279 1493 Z'.
2305 1441 2366 1491 Ei
2397 1440 2489 1491 ἐπὶ
2523 1439 2630 1491 τῶν
2665 1437 2971 1507 ὁμοουσίων
3017 1439 3050 1507 ἡ
3107 1437 3205 1506 μία
3237 1435 3398 1502 φύσις
3438 1434 3710 1502 λεγομένη

2133 1533 2442 1603 ταυτότητα
2494 1532 2602 1584 τῶν
2636 1532 3013 1599 ὑποκειμένων
3050 1529 3203 1599 δηλοῖ
3256 1526 3711 1597 προηγουμένως.

2135 1627 2252 1688 πῶς
2295 1626 2388 1677 ἐπὶ
2453 1624 2563 1676 τῶδ
2630 1623 2983 1693 ἑτεροουσίων
3040 1623 3096 1674 αί
3147 1614 3240 1673 δύο
3285 1618 3478 1687 φύσεις
3533 1622 3593 1672 ού
3647 1620 3713 1671 τὸ

2134 1700 2389 1785 διάφορον
2412 1756 2426 1779 ,
2464 1714 2602 1768 ἀλλὰ
2634 1716 2694 1767 τὸ
2724 1713 3131 1784 κεχωρισμένον
3157 1711 3467 1778 ἀναγκαίως
3512 1710 3713 1779 σημαέ-

2134 1826 2346 1870 νουσιν;

2205 1899 2287 1952 ll'.
2322 1899 2383 1950 Ei
2416 1899 2592 1968 πάντη
2641 1915 2699 1949 τε
2744 1896 2840 1950 καὶ
2866 1896 3083 1957 πάντως
3113 1895 3141 1947 6
3176 1893 3409 1964 ἀριθμὸς
3439 1894 3537 1963 τὴν
3573 1893 3714 1947 διαίο

2133 2007 2283 2062 ρεσιν
2314 1991 2680 2060 συνεισφέρει,
2724 1992 2752 2041 ὁ
2791 1987 3025 2058 ἀριθμὸς
3066 1988 3173 2056 ἄρα
3201 1986 3355 2040 ἔσται
3386 1985 3486 2054 τῆς
3507 1986 3715 2055 διαιρέ-

2132 2099 2267 2144 σεως
2294 2082 2486 2144 αἴτιος,
2520 2080 2618 2150 οὐχ
2653 2083 2684 2149 ἡ
2724 2080 2990 2148 διαίρεσις
3012 2078 3104 2131 τοῦ
3136 2076 3375 2146 ἀριθμοῦ
3396 2093 3408 2105 ·
3438 2079 3531 2129 καὶ
3566 2077 3714 2128 δυοῖν

2130 2172 2343 2243 ἀνάγκη
2382 2171 2630 2241 θάτερον,
2665 2171 2696 2241 ἢ
2732 2169 2900 2240 μηδὲν
2964 2167 3318 2238 ἀριθμεῖσθαι
3358 2166 3469 2219 τῶν
3503 2165 3713 2236 ἡνωμέ-

2130 2281 2258 2327 νων,
2291 2264 2323 2333 ῆ
2355 2263 2521 2332 μηδὲν
2543 2263 2786 2331 ἡνῶσθαι
2819 2261 2927 2314 τῶν
2954 2262 3079 2332 ἀριθ
3093 2261 3406 2330 μουμένωνο
3457 2259 3552 2312 καὶ
3595 2258 3712 2319 πῶς

2130 2355 2192 2407 οὐ
2265 2354 2671 2422 καταγέλαστον
2731 2353 2989 2421 τοιαύτην
3044 2351 3296 2417 ἐξουσίαν
3350 2349 3433 2417 τῷ
3492 2349 3716 2420 ἀριθμῷ

2130 2447 2372 2512 διδόναι;
2403 2446 2604 2509 παντὸς
2639 2444 2876 2514 ἀριθμοῦ
2908 2444 2971 2497 τὸ
3004 2444 3169 2497 ποσὸν
3197 2444 3304 2497 τῶν
3339 2443 3711 2512 πραγμάτων,

2129 2538 2190 2591 ού
2211 2537 2309 2607 τὴν
2339 2538 2502 2607 φύσιν
2536 2537 2568 2607 ἢ
2597 2538 2696 2605 τὴν
2745 2536 2902 2591 ποίαν
2952 2536 3157 2589 τούτων
3222 2536 3406 2606 σχέσιν
3440 2537 3715 2605 παριστᾷν

2133 2629 2459 2700 πεφυκότος.

2199 2721 2278 2776 Θ’.
2304 2723 2370 2776 Ei
2396 2723 2428 2793 ἡ
2450 2721 2644 2782 ἒνωσις
2670 2721 2764 2773 καὶ
2810 2720 2881 2774 τὰ
2919 2720 3179 2791 ἡνωμένα
3214 2719 3323 2771 τῶν
3361 2719 3497 2790 πρός
3529 2736 3581 2770 τι
3601 2732 3614 2745 ·
3646 2718 3717 2770 τὰ

2129 2813 2185 2866 δὲ
2217 2814 2354 2884 πρός
2386 2831 2463 2878 τι,
2499 2814 2595 2867 καλ⁵
2626 2815 2711 2866 ἀεὶ
2738 2813 2854 2882 ἅμα
2882 2828 2894 2842 ’
2929 2814 3049 2882 ἅμα
3076 2810 3171 2865 οὖν
3203 2811 3296 2864 καὶ
3333 2811 3423 2863 ἀεὶ
3453 2812 3486 2879 ἡ
3516 2809 3717 2872 ἓνωσις

2131 2906 2226 2958 καὶ
2270 2905 2337 2958 τὰ
2368 2904 2627 2976 ἡνωμένα
2647 2921 2659 2934 ·
2696 2906 2743 2957 ei
2782 2904 2839 2957 δὲ
2869 2903 2939 2956 τὰ
2969 2903 3227 2974 ἡνωμένα
3258 2903 3519 2967 παύεται,
3554 2903 3648 2955 καὶ
3679 2903 3713 2971 ἡ

2131 2997 2325 3061 ἓνωσις
2351 2997 2465 3064 ἅμα
2499 2997 2733 3052 παύεται
2769 2997 2866 3066 (1).

2206 3173 2261 3228 l'.
2300 3174 2362 3228 Ei
2396 3175 2425 3227 6
2457 3173 2689 3244 ἀριθμὸς
2718 3174 2935 3236 πάντως
2957 3171 3182 3243 χωρίζει
3211 3171 3279 3224 τὰ
3308 3170 3713 3240 ἀριθμούμενα,

2135 3268 2233 3338 ούχ
2262 3271 2290 3322 ὁ
2320 3269 2428 3321 τῶν
2459 3268 2677 3336 φύσεων
2730 3268 2890 3337 μόνος
2934 3265 3167 3337 ἀριθμὸς
3216 3264 3443 3335 χωρίσει
3488 3264 3585 3324 τὰς
3620 3262 3721 3330 φύ-

2138 3376 2273 3422 σεις,
2297 3358 2434 3413 ἀλλὰ
2462 3360 2557 3413 καὶ
2575 3361 2604 3412 6
2632 3358 2740 3412 τῶν
2768 3360 3047 3429 ίδιοτὴτων
3074 3358 3300 3429 χωρίσει
3332 3357 3551 3418 πάντως
3600 3356 3721 3423 ἀρι-

2136 3449 2302 3520 θμός’
2340 3451 2457 3513 πῶς
2484 3451 2664 3504 τοίνυν
2697 3451 2967 3520 ἰδιότητας
2983 3449 3253 3517 λέγοντες,
3287 3448 3405 3517 οὐχὶ
3429 3445 3523 3500 καὶ
3563 3446 3720 3498 αὐτοὶ

2133 3542 2199 3609 τῇ
2231 3540 2380 3610 αἰτίᾳ
2404 3540 2502 3609 τῆς
2533 3540 2850 3611 διαιρέσεως
2884 3541 3266 3594 ὑποκείσονται
3292 3555 3308 3604 ;

2208 3629 2310 3686 IA'.
2348 3630 2410 3683 Ei
2459 3630 2697 3699 ἔμπαλιν
2749 3631 2891 3682 κατὰ
2941 3629 3033 3683 τὸν
3069 3630 3214 3681 θεῖον
3265 3626 3566 3699 Γρηγὸριον
3617 3624 3719 3693 τῆς

2134 3719 2364 3788 Τριάδος
2394 3717 2556 3789 ἔχειὴ
2588 3719 2729 3773 κατὰ
2755 3719 2845 3771 τὸν
2889 3719 3121 3787 Σωτῆρα
3151 3717 3452 3786 οἰκονομία,
3483 3717 3630 3786 τρεῖς
3660 3712 3718 3766 δὲ

2138 3809 2235 3881 μὲν
2261 3810 2359 3871 τὰς
2388 3810 2739 3876 ὑποστάσεις,
2776 3809 2905 3880 μίαν
2934 3810 2990 3863 δὲ
3015 3809 3178 3877 φύσιν
3204 3808 3297 3860 ἐπὶ
3318 3807 3411 3877 τῆς
3440 3806 3717 3873 Θεολογίας

2133 3897 2526 3969 ὁμολογοῦμεν,
2577 3899 2695 3961 πῶς
2721 3900 2782 3951 ού
2810 3898 2902 3951 δύο
2938 3898 3039 3968 μὲν
3092 3897 3305 3966 φύσεις,
3340 3896 3472 3966 μίαν
3495 3895 3552 3950 δὲ
3581 3895 3717 3948 ὑπό-

2136 4006 2324 4042 στασιν
2357 3993 2453 4043 ἐπὶ
2484 3993 2583 4062 τῆς
2611 3991 2753 4045 κατᾶ
2778 3992 2869 4045 τὸν
2925 3992 3157 4061 Σωτῆρα
3206 3989 3517 4059 οἰκονομίας
3546 3989 3716 4040 δώσο-

2138 4100 2269 4152 μεν;
2295 4081 2348 4133 εἴ
2374 4099 2480 4152 περ
2528 4082 2591 4141 τὸ
2631 4082 2889 4152 ἔμπαλιν,
2925 4082 3018 4135 τοῦ
3061 4082 3263 4143 παντός
3313 4083 3433 4133 ἐστι
3468 4079 3609 4132 κατὰ
3655 4080 3718 4131 τὸ

2133 4171 2255 4224 ὅλον
2286 4173 2617 4243 ἀντιστροφή
2628 4213 2642 4227 .

2206 4258 2305 4314 lB'.
2336 4262 2401 4315 Ei
2427 4262 2486 4314 τὸ
2519 4261 2678 4324 ἄλλος
2708 4263 2801 4315 καὶ
2827 4261 2985 4324 ἄλλος
3007 4260 3319 4330 ἀντωνυμία
3366 4259 3720 4312 ύποστάσεων

2134 4350 2275 4404 κατὰ
2303 4350 2393 4403 τὸν
2408 4351 2573 4405 αὐτὸν
2600 4352 2878 4421 Θεολόγον,
2905 4352 2963 4405 τὸ
2984 4351 3039 4421 δὲ
3053 4351 3178 4406 ἄλλο
3201 4352 3295 4403 καὶ
3322 4349 3450 4405 ἄλλο
3475 4350 3717 4402 ἀντωνυ-

443 4457 754 4513 pronomen
785 4444 1150 4503 naturarum;
1200 4451 1420 4505 semper
1453 4442 1637 4489 autem
1672 4442 1758 4489 est
1788 4433 2027 4503 primum

2140 4442 2239 4513 μία
2278 4444 2514 4511 φύσεων,
2552 4445 2639 4496 ἀεὶ
2681 4444 2738 4496 δὲ
2788 4444 2849 4496 τὸ
2880 4445 3144 4514 πρότερον
3181 4443 3272 4495 ἐπὶ
3295 4443 3391 4512 τῆς
3414 4440 3717 4509 θεολογίας,

448 4537 505 4590 in
532 4533 833 4604 theologia,
866 4532 920 4585 id
950 4538 1057 4595 est,
1090 4529 1145 4583 in
1173 4526 1434 4598 mysterio
1459 4524 1782 4591 Trinitatis;
1812 4538 2032 4593 semper

446 4627 619 4698 igitur
648 4623 956 4680 secundum
992 4622 1047 4676 in
1087 4618 1490 4675 incarnatione.
1520 4617 1576 4671 Si
1604 4625 1786 4671 autem
1813 4631 2033 4687 semper

448 4716 752 4773 secundum
804 4716 861 4769 in
901 4711 1308 4774 incarnatione,
1359 4723 1580 4777 semper
1621 4722 1751 4778 ergo
1797 4716 2028 4761 naturai.

448 4805 734 4875 Siquidem
773 4818 994 4873 semper
1019 4809 1151 4856 sunt
1176 4800 1503 4872 pronomina
1532 4814 1746 4854 earum.

519 4895 663 4950 Χιιι.
700 4894 758 4948 Si
805 4893 951 4947 idem
981 4899 1067 4947 est
1095 4889 1286 4945 dicere
1329 4886 1480 4942 aliud
1530 4896 1748 4954 natura,
1781 4896 1839 4944 et
1864 4889 2025 4944 aliam

449 4995 735 5051 naturam;
788 4998 1007 5053 semper
1045 4988 1232 5035 autem
1261 4994 1394 5035 vere
1432 4979 1637 5035 dicitur
1680 4982 1921 5050 primum
1971 4981 2027 5053 in

450 5079 741 5132 divinitate
779 5074 1082 5131 Salvatoris
1110 5080 1168 5127 et
1192 5071 1568 5138 humanitate;
1610 5087 1831 5143 semper
1859 5074 2028 5144 igitur

448 5167 758 5222 secundum
787 5163 1106 5220 necessario
1130 5177 1260 5216 vere
1290 5161 1452 5216 simul
1485 5162 1689 5216 dicitur
1720 5163 1774 5217 in
1808 5162 2026 5218 iisdem.

518 5256 658 5333 XIV.
691 5255 885 5310 Sinon
922 5262 1007 5308 est
1042 5252 1189 5307 idem
1216 5251 1450 5321 simplex
1483 5263 1705 5318 natura,
1731 5264 1788 5309 et
1806 5268 2030 5324 compo-

446 5347 572 5412 sita,
607 5346 840 5415 simplex
860 5358 1046 5399 autem
1091 5351 1287 5397 natura
1323 5341 1484 5397 Verbi
1530 5360 1695 5398 unam
1727 5346 1897 5399 solam
1933 5360 2031 5399 na-

522 5506 597 5577 (1)
638 5502 1125 5577 Desideratur__l_toc
1156 5504 1459 5577 capitulum
1511 5518 1717 5557 nonum
1748 5506 1803 5557 in
1835 5504 2027 5577 codice

447 5573 732 5638 Vaticano,
773 5574 942 5644 culpa
990 5573 1347 5644 librarii’qui
1389 5574 2024 5644 incautepraetermisit.

447 5646 639 5701 Exstat
701 5642 881 5698 tamen
921 5642 1113 5698 Latine
1162 5658 1229 5697 ex
1273 5642 1743 5711 interpretatione
1768 5643 2026 5698 Turriani

447 5716 593 5784 apud
629 5713 908 5770 Canisium
933 5714 1117 5783 Antiq.
1151 5713 1270 5768 lect.
1299 5715 1389 5768 ed.
1416 5713 1649 5783 Basnag.
1674 5722 1714 5767 t.
1741 5712 1781 5779 l,
1804 5728 1860 5783 p.
1892 5714 2022 5772 6'58;

2133 4533 2222 4589 ἀεὶ
2268 4534 2377 4604 ἄρα
2406 4538 2469 4589 τὸ
2500 4537 2753 4607 δεύτερον
2776 4537 2869 4590 ἐπὶ
2898 4538 2997 4606 τῆς
3014 4536 3350 4605 οἰκονομίας·
3386 4536 3436 4587 ei
3468 4534 3525 4586 δὲ
3543 4534 3630 4587 ἀεὶ
3658 4534 3721 4585 τὸ

2132 4623 2382 4695 δεύτερον
2407 4628 2499 4679 ἐπὶ
2516 4626 2617 4696 τῆς
2647 4628 2981 4697 οἰκονομίας,
3018 4628 3105 4680 ἀεὶ
3138 4627 3247 4696 ἄρα
3278 4627 3333 4701 ai
3358 4625 3567 4694 φύσεις,
3597 4626 3720 4676 ἐπεὶ

2136 4715 2224 4768 ἀεὶ
2259 4717 2353 4769 καὶ
2374 4717 2430 4768 αἱ
2468 4718 2588 4770 κατ’
2619 4717 2799 4771 αὐτῶν
2830 4716 3186 4786 ἁντωνυμίαι.

2207 4890 2307 4947 II".
2343 4892 2405 4945 Ei
2445 4894 2641 4947 ταύτὸν
2668 4894 2726 4947 τδ
2751 4894 2878 4948 ἄλλο
2902 4896 2998 4949 καὶ
3035 4895 3096 4949 τὸ
3126 4895 3288 4963 φύσιν
3319 4896 3488 4964 ἄλλην
3517 4896 3715 4957 εἰπεῖν,

2135 4983 2306 5038 ἀεὶδὲ
2355 4985 2417 5037 τὸ
2450 4986 2715 5058 πρότερον
2749 4988 3006 5058 ἀληθεύει
3054 4989 3148 5042 ἐπὶ
3199 4988 3299 5058 τῆς
3333 4987 3587 5056 Θεότητος
3622 4987 3717 5039 τοῦ

2134 5075 2387 5147 Σωτῆρος
2412 5077 2508 5131 καὶ
2537 5079 2637 5149 τῆς
2663 5080 3105 5151 ἁνθρωπότητος,
3136 5080 3224 5134 ἀεὶ
3245 5082 3355 5150 ἄρα
3375 5078 3438 5133 τὸ
3466 5079 3718 5150 δεύτερον

2132 5164 2229 5216 ἐπὶ
2252 5166 2363 5216 τῶν
2394 5166 2575 5218 αὐτῶν
2609 5167 2894 5237 ἀληθεύειν
2921 5169 3157 5240 ἀνάγκη.

2208 5256 2303 5309 IA'.
2339 5256 2399 5309 Εί
2425 5258 2486 5308 ού
2517 5258 2715 5313 ταύτὸν
2749 5262 2781 5330 ἡ
2806 5261 2951 5331 ἁπλῆ
2981 5261 3142 5330 φύσις
3165 5265 3230 5334 τῇ
3263 5262 3503 5333 ουνθέτῳ
3529 5260 3717 5331 φύσει,

2134 5348 2167 5415 ἡ
2203 5346 2257 5397 δὲ
2288 5346 2432 5417 ἁπλῆ
2465 5349 2559 5401 τοῦ
2587 5351 2763 5420 Λόγου
2799 5352 2961 5422 φύσις
2995 5354 3123 5425 μίαν
3149 5356 3317 5426 μόνην
3343 5354 3508 5424 φύσιν
3534 5352 3716 5422 δηλοῖ,

2133 5505 2319 5590 Graece
2347 5525 2480 5564 vero
2495 5525 2635 5590 pene
2663 5511 2729 5590 ad
2760 5512 2999 5590 litteram
3034 5525 3137 5590 ego
3161 5510 3372 5580 sumpsi
3390 5525 3468 5590 _ex
3513 5508 3717 5590 Dama-

2134 5579 2609 5658 sceni_opuscu|9_
2651 5581 2919 5658 adversus
2953 5579 3229 5637 Jacobitas
3261 5579 3404 5650 apud
3453 5579 3712 5635 eumdem

2133 5646 2434 5716 Canisiuin,
2468 5659 2512 5733 ι.
2564 5651 2631 5717 ll,
2670 5667 2726 5721 ι),
2759 5652 2849 5707 46.
