4034 6444
262 445 393 513 i905

1299 452 1568 513 citrum
1606 454 1770 514 xxx
1805 424 2102 516 CONTRA
2143 457 2523 517 savenun.

3389 452 3519 519 I906

259 564 289 630 ἠ
328 560 579 621 σύνθετος
617 561 761 615 κατὰ
807 559 909 624 τὰς
940 561 1133 630 φύσεις
1174 564 1267 616 τοῦ
1316 565 1556 636 Χριστοῦ
1587 569 1649 619 οὐ
1704 567 1833 636 μίαν

1940 577 2117 622 turam
2162 569 2429 631 declarat,
2464 569 2770 639 cmuposita
2810 568 3115 622 secundum
3147 567 3295 637 ipsos
3325 580 3527 626 natura

258 650 409 718 φύσιν
427 650 616 719 δηλοῖ·
646 652 778 705 εἰδὲ
810 654 845 723 ἡ
878 653 1023 725 ἁπλῆ
1056 657 1174 731 καὶ·
1201 657 1237 727 ἡ
1271 657 1530 721 σύνθετος
1557 659 1687 729 μίαν
1716 662 1838 713 κατ’

254 741 442 804 αὐτοὺς
490 742 660 811 φύσιν
686 744 876 813 δηλοῖ,
931 745 1241 814 λεγέτωσαν
1276 747 1376 818 τὴν
1420 748 1686 820 διάφοραν
1739 752 1839 819 τῆς

262 833 515 886 συνθέτου
535 832 664 887 κατ’
688 837 889 900 αὐτοὺς
916 837 1159 909 Χριστοῦ
1178 838 1394 910 φύσεως
1418 842 1630 914 καὶτῆς
1658 842 1838 913 ἁπλῆς

251 924 340 976 τοῦ
370 925 553 991 Λόγου
591 926 837 994 φύσεως.

316 1099 411 1157 ΙΕ’.
443 1103 575 1155 Τῶν
600 1105 887 1174 ὀνομάτων
914 1106 1007 1159 καὶ
1031 1106 1140 1159 τῶν
1180 1108 1444 1179 ῥημάτων
1479 1108 1550 1161 τὰ
1592 1109 1692 1177 μὲν
1717 1108 1833 1178 ἔχει

245 1192 335 1261 τὴν
364 1196 659 1264 προφορὰν
677 1196 1075 1270 πληθυντικὴν,
1110 1200 1300 1271 ἑνικὴν
1321 1200 1377 1253 δὲ
1402 1202 1501 1271 τὴν
1531 1204 1832 1272 σημασίαν,

245 1282 313 1344 ὡς
347 1284 532 1353 Θῆϐαι
557 1288 655 1339 καὶ
696 1287 921 1357 Ἀθῆναι
950 1292 1046 1344 καὶ
1078 1289 1425 1364 παρεμϐολαί
1445 1310 1459 1323 ·
1486 1293 1555 1345 τὸ.
1575 1294 1632 1347 δὲ
1656 1293 1835 1363 ἔμπα-

244 1371 318 1423 λιν
355 1374 554 1445 ἑνικὴν
597 1376 701 1445 μὲν
748 1378 848 1448 τὴν
896 1381 1203 1450 προφορὰν,
1235 1380 1613 1452 πληθυντικὴν
1646 1384 1704 1436 δὲ
1734 1384 1833 1457 τὴν

245 1469 547 1537 σημασίαν,
591 1470 669 1533 ὡς
703 1470 766 1523 τὸ
794 1471 976 1541 χορὸς,
1011 1472 1207 1543 δῆμος,
1240 1475 1496 1545 στρατὸς,
1521 1476 1713 1540 πόλις
1742 1478 1833 1531 λε·-

243 1557 481 1624 γέτωσαν
521 1562 708 1615 τοίνυν
741 1564 859 1629 πῶς
911 1567 945 1636 ἡ
992 1567 1093 1637 μία
1144 1567 1401 1633 σύνθετος
1447 1573 1636 1634 αὐτοῖς
1669 1571 1832 1640 φύσις

241 1647 492 1717 Mysten;
525 1654 581 1706 εί
614 1655 717 1722 μὲν
752 1655 829 1720 ὡς
867 1659 1017 1729 παρὰ
1043 1661 1155 1722 τοῖς
1185 1660 1465 1731 ῐΙατράσιν
1498 1664 1534 1732 ἡ
1559 1665 1713 1733 διττὴ
1742 1664 1832 1719 λε-

240 1743 437 1814 γομένη
467 1747 569 1799 καὶ
596 1747 763 1819 διπλῆ
792 1750 976 1817 φύσις,
1010 1751 1196 1822 χώραν
1219 1753 1318 1806 οὐκ
1347 1754 1461 1824 ἔχει
1479 1756 1538 1810 τὸ
1570 1758 1833 1829 προσκεῖ-

240 1833 351 1886 σθαι
366 1837 438 1906 τῇ
460 1835 710 1907 συνθέτῳ
730 1838 892 1906 φύσει
912 1840 973 1892 τὺ
1001 1841 1129 1909 μίαν
1151 1842 1321 1913 αὐτὴν
1345 1845 1654 1914 ὀνομάζειν,
1676 1848 1833 1917 εἴπερ

237 1924 361 1993 μηδὲ
387 1928 461 1997 τῇ
490 1927 656 1999 διττῇ
676 1944 689 1956 ·
721 1929 861 1999 πρὸς
904 1930 961 1984 δὲ
1022 1933 1117 1985 καὶ
1171 1934 1402 2003 μάταιος
1424 1937 1610 2000 αὐτοῖς
1638 1940 1666 1991 ὁ
1699 1939 1835 2010 πρὸς
1861 1922 1909 1981 Β

234 2017 321 2079 τὰς
346 2017 448 2072 δύο
478 2019 684 2089 φύσεις
710 2021 952 2092 πόλεμος
971 2042 982 2054 ·
1009 2026 1162 2097 ἑνικῇ
1197 2027 1307 2098 γὰρ
1343 2028 1597 2099 σημασίᾳ
1615 2030 1710 2084 καὶ
1732 2034 1832 2084 αὐ-

236 2109 313 2160 τοὶ
343 2110 743 2184 πληϐυντικὴν
764 2115 1178 2172 ἀποδεδώκασιν
1204 2118 1439 2176 ἔννοιαν.
1468 2122 1531 2175 Εἰ
1557 2122 1614 2175 δὲ
1641 2122 1832 2196 ὥσπερ

234 2200 335 2268 ἔχει
370 2201 477 2272 τὴν
537 2203 741 2275 κλῆσιν
770 2206 986 2276 ἑνικὴν,
1018 2208 1195 2273 οὕτως
1226 2210 1446 2277 ἀξιοῦσι
1498 2213 1600 2285 τὴν
1650 2232 1833 2286 σημα-

234 2294 345 2345 σξαν
369 2289 522 2349 εἶναι
559 2296 776 2367 ἑνικὴν,
810 2299 1008 2353 ταύτὸν
1057 2301 1243 2368 αὐτοῖς
1282 2296 1611 2373 σημαίνεται
1642 2308 1706 2359 ὲκ
1732 2308 1834 2377 τῆς

231 2385 403 2454 ἁπλῆς
436 2388 537 2439 καὶ
570 2389 880 2444 ἀσυνθέτου
912 2391 1128 2460 φύσεως
1148 2410 1165 2441 τ
1192 2394 1287 2448 καὶ
1327 2397 1559 2468 περιττὴ
1585 2399 1772 2462 αὐτοῖς
1798 2401 1831 2471 ἡ

229 2475 313 2527 τοῦ
358 2478 635 2532 συνθέτου
659 2482 814 2554 φωνή
841 2497 855 2511 ·
889 2482 952 2535 τὸ
992 2483 1101 2555 γὰρ
1154 2485 1288 2539 αὐτὸ
1335 2488 1399 2540 ὲκ
1432 2487 1534 2558 τῆς
1563 2489 1743 2560 ἁπλῆς
1770 2507 1829 2543 τε

229 2568 313 2618 καὶ
346 2569 620 2623 συνθέτου
652 2572 980 2628 ἀποδέδοται
1011 2575 1216 2645 νόημα·
1250 2579 1299 2629 εί
1332 2577 1391 2631 δὲ
1425 2579 1720 2650 μηδέτερον
1752 2580 1829 2651 (2)

225 2657 328 2709 τῶν
349 2660 679 2729 εἰρημένων
715 2662 961 2734 νοηθείη,
991 2666 1098 2736 ἄρα
1129 2666 1222 2719 καὶ
1250 2669 1668 2738 συγκεχυμένην
1699 2671 1831 2740 μίαν

227 2748 387 2814 φύσιν
426 2752 496 2803 ὲκ
552 2751 653 2806 δύο
688 2754 908 2822 φύσεων
946 2755 1446 2826 μυθοπλαστοῦσιν,
1476 2761 1640 2814 όποία
1666 2763 1759 2816 καὶ
1797 2765 1830 2834 ἡ

230 2841 331 2893 τῶν
369 2843 624 2912 ἡμιόνων
683 2847 1059 2918 ἐπινενόηται,
1108 2850 1204 2902 καὶ
1262 2852 1416 2921 παρὰ
1463 2854 1577 2915 τοῖς
1604 2853 1830 2923 Ἕλλησι

227 2932 277 2984 δὲ
328 2936 362 3003 ἡ
434 2935 549 2990 τῶν
621 2938 994 3012 πολυμόρφων
1055 2940 1212 3006 ζώων
1265 2944 1616 3014 ἐπινενόηται
1669 2962 1831 3017 τερα-

228 3040 368 3079 τξια..

294 3198 413 3271 tq'.
444 3199 510 3253 Et
542 3198 608 3252 τὺ
639 3199 824 3268 λέγειν
855 3203 989 3272 μίαν
1039 3201 1205 3273 φύσιν
1228 3204 1326 3259 τοῦ
1356 3204 1494 3259 Θεοῦ
1524 3207 1700 3277 Λόγου
1736 3192 1828 3263 σεξ

1943 660 2149 716 Christi
2195 678 2309 716 non
2354 677 2519 716 unam
2566 670 2819 716 naturam
2864 662 3209 725 declarabit;
3271 661 3422 730 quod
3476 664 3522 718 si

1941 751 2174 821 simplex
2227 762 2286 807 et
2342 752 2647 821 composita
2704 767 2870 806 unam
2918 761 3172 806 naturam
3217 752 3525 806 secundum

1939 843 2092 912 ipsos
2119 843 2381 908 declarat,
2429 843 2621 898 dicant
2652 842 3023 898 differentiam
3061 850 3273 897 naturae
3317 843 3529 898 Christi

1938 933 2248 988 secundum
2295 933 2447 1004 ipsos
2503 932 2829 1004 compositi,
2872 943 2931 988 et
2987 942 3201 988 natum
3253 933 3530 1003 simplicis

1938 1021 2129 1078 Verbi.
3287 1079 3291 1083 .

2007 1114 2124 1169 XV.
2159 1114 2480 1178 Nominum,
2507 1124 2565 1169 et
2588 1115 2896 1170 verborum
2928 1115 3129 1184 partim
3159 1115 3385 1185 quidem
3427 1115 3525 1169 ha»

1933 1207 2066 1264 bent
2075 1207 2583 1277 pronuntiationem
2592 1206 3322 1278 plurium,signiﬁcationcm
3334 1207 3522 1277 singu-

1934 1299 2089 1364 laris,
2108 1298 2390 1353 ut'l‘heba:
2410 1304 2590 1354 castra
2608 1308 2664 1352 et
2681 1298 2910 1352 Athena:
2945 1314 2962 1362 ;
3000 1297 3203 1367 partim
3242 1312 3375 1351 vero
3391 1314 3523 1352 con-

1935 1401 2017 1447 tra
2038 1389 2548 1460 pronuntiationem
2566 1388 2887 1460 singularis,
2909 1387 3372 1458 signiﬁcationem
3390 1404 3522 1443 vero

1934 1485 2199 1556 plurium,
2231 1493 2293 1538 ut
2329 1483 2555 1548 chorus,
2591 1483 2852 1552 populus,
2897 1481 3176 1536 exercitus
3196 1488 3254 1535 et
3278 1480 3475 1536 civitas
3505 1499 3517 1534 :

1933 1576 2120 1631 dicant
2141 1574 2618 1645 igitur,quomodo
2630 1589 2741 1629 una
2762 1573 3067 1642 composita
3077 1581 3277 1627 natura
3301 1574 3370 1627 ab
3389 1572 3524 1641 ipsis

1933 1665 2140 1721 dicitur
2156 1683 2169 1718 :
2186 1664 2485 1734 siquidem,
2505 1665 2651 1719 sicut
2671 1664 2816 1734 apud
2847 1664 3039 1719 Patres
3066 1673 3267 1718 natura
3292 1679 3491 1734 compa
3507 1694 3521 1705 -

1934 1757 2039 1814 sita
2071 1765 2270 1812 natura
2323 1756 2528 1826 duplex
2577 1755 2804 1818 dicitur,
2837 1771 2950 1810 non
3000 1755 3170 1810 habet
3218 1756 3424 1819 locum,
3459 1764 3523 1808 ut

1935 1846 2297 1915 compositam
2357 1853 2635 1908 naturam,
2668 1860 2836 1898 unam
2877 1845 3220 1909 existiment,
3258 1846 3387 1914 quia
3424 1859 3522 1899 nc-

1937 1953 2045 2007 que
2099 1936 2415 2006 duplicem;
2452 1936 2671 2005 eritque
2716 1936 2898 1991 inanis
2939 1951 3134 1991 eorum
3179 1938 3527 1992 concertatio

1936 2024 2209 2080 adversus
2254 2023 2395 2078 duas
2429 2033 2701 2078 naturas-z
2726 2023 2831 2093 ipsi
2871 2022 3022 2078 enim
3067 2023 3286 2078 scilicet
3325 2024 3529 2079 Patres

1936 2116 2333 2189 signiﬁcationi
2372 2116 2641 2188 singulari
2690 2131 2916 2172 sensum
2971 2115 3215 2185 plurium
3258 2114 3519 2170 reddide-

1935 2218 2107 2275 runt;
2140 2209 2233 2263 sin
2267 2217 2479 2272 autem,
2511 2206 2843 2264 sicuthabet
2871 2207 3302 2276 appellationem
3327 2208 3523 2277 singu-

1934 2295 2126 2359 larem,
2157 2297 2239 2352 sic
2277 2297 2472 2352 volunt
2504 2296 2965 2368 signiﬁcationem
2994 2311 3116 2350 esse
3157 2296 3518 2366 singularem,

1933 2384 2081 2440 idem
2110 2386 2245 2455 ipsis
2265 2385 2538 2456 signiﬁcat
2571 2386 2805 2455 simplex
2822 2396 2879 2442 et
2905 2385 3271 2456 incomposita
3295 2398 3521 2444 natura.

1933 2479 2002 2533 Et
2027 2496 2437 2549 supervacanea
2493 2488 2575 2535 est
2627 2495 2728 2534 vox
2755 2479 3064 2549 compositi.
3118 2480 3321 2535 Eadem
3366 2482 3525 2534 enim

1932 2566 2088 2620 notio
2116 2565 2251 2637 ipsis
2291 2567 2542 2622 redditur
2570 2584 2634 2622 ex
2667 2568 2904 2637 simplici
2932 2607 2947 2628 .
2998 2576 3054 2623 et
3098 2585 3170 2624 ex
3208 2572 3529 2639 composita

1934 2667 2156 2713 natura.
2188 2658 2245 2713 Si
2280 2670 2469 2713 autem
2494 2670 2759 2714 neutrum
2794 2676 2862 2715 cx
2901 2660 3068 2715 dictis
3105 2670 3213 2727 est,
3246 2662 3515 2717 adulteri-

1933 2765 2059 2804 nam
2095 2750 2282 2821 igitur,
2314 2759 2371 2805 ct
2404 2750 2689 2804 confusam
2717 2767 2880 2805 unam
2913 2762 3165 2807 naturam
3197 2768 3265 2808 ex
3299 2753 3526 2808 duabus

1934 2842 2150 2897 naturis
2176 2841 2519 2911 conﬁngunt,
2551 2842 2732 2911 qualis
2758 2850 2953 2896 natura
2998 2843 3273 2898 mulorum
3299 2854 3354 2899 et
3379 2845 3515 2899 alio-

1935 2950 2055 2988 rum
2080 2933 2349 3004 ejusmodi
2373 2934 2681 3004 cxcogitata
2703 2944 2819 3001 est;
2848 2943 2905 2989 ct
2930 2935 3094 3005 quale
3115 2935 3261 3004 apud
3281 2937 3525 3007 gentiles

1934 3025 2271 3080 describitur
2297 3025 2720 3080 multiformium
2745 3035 2802 3080 et
2827 3026 3231 3082 contrariorum
3263 3028 3515 3083 animam

1938 3117 2074 3171 tium
2114 3126 2443 3172 monstrum.
3075 3158 3079 3163 .

2004 3208 2144 3265 XVI.
2174 3209 2232 3265 Si
2267 3208 2457 3265 dicere
2491 3225 2654 3264 unam
2688 3217 2936 3265 naturam
2958 3209 3125 3266 Verbi
3152 3209 3521 3269 inearnatam,

230 3291 604 3361 σκρκωμένην
629 3293 875 3347 ἐναντίον
894 3295 1012 3347 ἐστὶ
1041 3295 1120 3365 τῷ
1145 3294 1327 3364 λέγειν
1358 3296 1452 3351 δύο
1513 3299 1822 3368 ήνωμένας,

1938 3295 2275 3357 contrarium
2312 3306 2398 3352 est
2435 3298 2600 3367 atque
2633 3297 2818 3352 dicere
2856 3297 2994 3352 duas
3039 3308 3261 3352 naturas
3289 3298 3515 3363 unitas;

230 3381 370 3434 δυοῖν
391 3383 616 3454 ἀνάγκη
649 3383 952 3457 θάτερον,ῆ
985 3385 1084 3458 τὴν
1117 3387 1298 3457 σάρκα
1329 3388 1537 3461 ταύτην
1568 3391 1644 3463 μὴ
1677 3388 1823 3446 εἶναι

234 3472 412 3538 φύσει,
459 3474 604 3544 μηδὲ
663 3475 868 3547 σαρκὸς
897 3475 1043 3547 ἔχειν
1072 3476 1255 3547 φύσιν,
1282 3477 1315 3550 ἤ
1349 3474 1519 3533 οὖσαν
1557 3483 1636 3552 μὴ
1661 3480 1824 3553 λέγε·

235 3564 354 3618 σθαι
416 3566 563 3637 ὅπερ
590 3567 775 3619 ἐστίν’
835 3567 1112 3639 ὁποτέραν
1154 3569 1339 3622 τοίνυν
1384 3569 1672 3642 βούλονται
1718 3573 1829 3627 τῶν

235 3657 528 3723 ἀσεϐειῶν,
553 3658 1008 3731 αίρείσθωσαν,ἢ
1057 3659 1155 3732 τὴν
1205 3660 1372 3731 φύσιν
1405 3662 1615 3732 ταύτην
1645 3667 1829 3736 σάρκα

237 3747 308 3817 μὴ
344 3742 513 3815 εἶναι,
559 3749 593 3818 ἦ
630 3749 731 3820 τὴν
763 3750 949 3822 σάρκα
981 3750 1147 3819 φύσιν
1172 3750 1246 3822 μὴ
1271 3751 1552 3821 λέγεσθαι.

295 3925 392 3977 IZ'.
432 3924 500 3976 Ἥ
530 3925 611 3994 (5)
663 3925 767 3995 μία
820 3923 983 3993 φύσις
1036 3924 1129 3978 τοῦ
1168 3923 1305 3980 Θεοῦ
1336 3926 1517 3996 Λόγου
1550 3943 1824 3999 σεσαρκωι

236 4016 389 4085 μένη,
416 4016 664 4085 τριπλῆν
713 4016 827 4086 ἔχει
872 4015 972 4087 τὴν
1004 4017 1214 4070 ἔννοιαν
1234 4033 1249 4049 ⁸
1277 4018 1310 4089 ἢ
1338 4018 1445 4088 γὰρ
1490 4020 1645 4074 κατὰ
1665 4021 1828 4074 ἀντι-

233 4122 321 4173 στι
340 4124 417 4175 ορ
428 4108 509 4173 ὴν
529 4106 768 4174 λέγοιτο,
785 4102 898 4161 οἷον
912 4108 993 4160 ὅτι
1012 4108 1104 4162 καὶ
1122 4109 1518 4181 σεσαρκωμένη
1543 4111 1642 4180 μία
1663 4111 1827 4164 πάλιν
1874 4098 1881 4104 ’

234 4201 367 4259 ἐστὶ.
422 4198 616 4271 γυμνὴ
668 4198 945 4269 σώματος,
974 4199 1166 4271 ὥσπερ
1217 4204 1311 4255 καὶ
1359 4200 1454 4255 τοῦ
1501 4200 1701 4273 χαλκοῦ
1734 4204 1828 4257 ἀν-

231 4289 476 4360 δριάντος
508 4292 614 4360 μία
655 4291 819 4360 φύσις
847 4291 1055 4361 χαλκοῦ
1095 4293 1555 4364 ἐσχηματισμένη
1577 4312 1590 4325 ·
1622 4294 1655 4364 ἢ
1687 4296 1829 4348 κατὲι

234 4385 435 4456 τροπὴν
470 4384 694 4446 οὐσίας,
723 4384 889 4436 οἱονεὶ
917 4384 1017 4452 μία
1053 4385 1215 4453 φύσις
1242 4383 1336 4438 τοῦ
1356 4384 1553 4452 -Λόγου
1579 4386 1828 4457 ἁποσαρ-

238 4477 468 4529 κωθεῖσα
490 4494 507 4508 ·
544 4475 743 4545 ὥσπερ
769 4476 836 4528 ἂν
859 4476 915 4528 ετ
937 4493 1021 4539 τις
1038 4476 1141 4553 (καὶ
1169 4476 1266 4529 τοῦ
1302 4475 1495 4541 ὓδατος
1520 4477 1668 4546 λέγοι
1699 4479 1831 4547 μίαν

237 4566 389 4634 φύσιν
419 4565 872 4621 ἀπολιθωθεῖσαν
894 4581 908 4595 ’
944 4566 979 4637 ἢ
1010 4567 1092 4619 ὅτι
1135 4566 1235 4635 μία
1277 4563 1413 4621 οὖσα
1441 4570 1473 4637 ἡ
1501 4567 1597 4621 τοῦ
1652 4570 1828 4636 Λόγου

237 4656 388 4723 φύσις
422 4658 487 4711 οὗ
534 4656 702 4727 μόνον
738 4655 864 4709 καθ’
882 4656 1104 4726 ἑαυτὴν,
1132 4657 1269 4710 ἀλλὰ
1301 4657 1443 4728 μετὰ
1474 4658 1676 4729 σαρκὸς
1695 4659 1831 4714 οὖσα

238 4747 546 4818 θεωρεῖται.
600 4748 668 4801 Εἰ
726 4748 826 4817 μὲν
874 4743 969 4801 οὖν
1023 4749 1164 4801 κατὰ
1199 4747 1298 4811 τὰς
1338 4748 1567 4819 πρώτας
1624 4750 1831 4814 ἐννοίας

238 4842 389 4894 τοῦτο
416 4841 703 4908 λέγουσιν,
739 4838 971 4894 αὐτόθεν
1004 4842 1190 4904 αὐτοῖς
1213 4840 1313 4911 τῆς
1343 4840 1598 4905 ἀσεϐείας
1624 4843 1653 4895 ὁ
1683 4843 1833 4911 ἔλεγ-

237 4948 360 5000 χος·
415 4933 566 5002 μετὰ
623 4933 737 5001 γὰρ
788 4932 1171 5001 ’Ᾱπολιναρίου
1232 4934 1328 4985 καὶ
1374 4933 1657 5003 Εὐτυχοῦς
1695 4936 1832 4988 ἁπο-

239 5026 603 5089 σκευὰζονται
623 5025 722 5093 τὴν
752 5024 1071 5092 οἰκονομίαν
1092 5041 1107 5055 θ
1132 5023 1255 5076 εἰδὲ
1281 5024 1424 5077 κατὰ
1444 5024 1504 5077 τὸ
1521 5025 1832 5078 τελευταῖον

240 5117 671 5186 σημαινόμενον,
693 5114 811 5176 πῶς
838 5116 871 5183 ἡ
898 5115 1038 5184 μετὶι
1065 5114 1270 5185 σαρκὸς
1296 5114 1389 5168 τοῦ
1422 5116 1599 5183 Λόγου
1639 5115 1827 5186 φύσις,

236 5210 297 5274 τῇ
320 5207 507 5274 φύσει,
525 5209 627 5276 τῆς
646 5208 851 5276 σαρκὸς
878 5208 943 5275 τῇ
971 5206 1110 5275 μετὰ
1130 5205 1223 5258 τοῦ
1248 5206 1424 5275 Λόγου
1455 5204 1610 5278 οΰσῃ,
1632 5209 1734 5277 μία
1762 5212 1826 5279 τῇ

239 5296 396 5364 φύσει
416 5298 652 5367 terim?)
683 5296 801 5359 πῶς
835 5295 911 5366 μὴ
936 5290 1072 5347 οὖσα
1108 5294 1207 5363 μία
1229 5296 1297 5364 τῇ
1328 5293 1515 5363 φύσει,
1545 5294 1642 5364 μία
1670 5295 1831 5363 φύσις

240 5385 561 5458 λεχθήσεται
579 5404 595 5454 ;

1933 3387 2264 3442 alterutrum
2308 3403 2533 3442 necesse
2559 3396 2663 3453 cst,
2695 3395 2790 3441 aut
2811 3404 3033 3443 carnem
3072 3389 3211 3442 hanc
3255 3405 3361 3442 non
3390 3403 3521 3443 esse

1932 3488 2208 3543 naturam,
2245 3494 2424 3548 neque
2466 3488 2719 3533 naturam
2760 3480 2945 3534 carnis
2974 3479 3207 3544 habere;
3241 3488 3337 3533 aut
3385 3496 3512 3534 cum

1936 3569 2142 3640 alioqui
2169 3571 2390 3636 sit,non
2425 3578 2605 3625 tamen
2633 3570 2742 3625 dici
2768 3586 2911 3635 esse,
2952 3569 3104 3640 quod
3144 3579 3229 3625 est
3268 3589 3279 3624 :
3310 3571 3514 3641 eligant

1933 3662 2230 3731 sapientes,
2265 3670 2444 3716 utram
2473 3661 2668 3716 harum
2719 3660 3063 3730 impietatum
3108 3659 3322 3719 malint,
3348 3670 3509 3714 natu-

1933 3768 2048 3806 ram
2095 3753 2236 3808 hanc
2270 3769 2378 3807 non
2412 3769 2534 3809 esse
2568 3768 2815 3817 carnem,
2864 3766 2932 3806 an
2979 3766 3199 3808 carnem
3253 3766 3363 3806 non
3398 3751 3529 3809 dicL

1932 3848 2206 3893 naturam.

2002 3928 2166 3984 XVII.
2200 3928 2315 3985 Una
2343 3936 2536 3983 natura
2568 3929 2726 3984 Verbi
2760 3928 3061 3989 incarnata,
3109 3927 3377 3996 triplicem
3413 3926 3527 3979 ha-.

1936 4022 2028 4077 bet
2056 4022 2337 4075 notionem
2356 4039 2370 4075 :
2390 4030 2485 4075 aut
2516 4020 2666 4074 enim
2692 4018 2899 4074 dicitur
2920 4018 3062 4071 κατὰ
3096 4017 3192 4088 τὴν
3227 4019 3510 4085 ἀντιστρο-

1936 4111 2064 4182 φὴν,
2107 4110 2160 4164 id
2193 4120 2277 4166 est
2312 4109 2612 4165 secundum
2649 4107 3183 4191 reciprocationem;~
3208 4105 3319 4187 hoc
3348 4104 3512 4159 modo

1934 4211 2020 4256 cst
2061 4216 2168 4255 una
2211 4209 2407 4254 natura
2458 4198 2623 4255 Verbi
2676 4199 2992 4263 incarnata,
3046 4196 3177 4268 quia
3233 4196 3513 4251 incantata

1936 4306 2128 4346 rursus
2164 4308 2272 4345 una
2312 4299 2506 4345 natura
2535 4301 2639 4358 cst,
2681 4290 2788 4345 hoc
2824 4297 2939 4355 est,
2958 4287 3104 4343 nuda
3143 4302 3400 4356 corpore,
3441 4286 3515 4340 si-

1937 4384 2049 4438 cuti
2082 4383 2207 4439 mris
2242 4392 2436 4439 statua:
2478 4398 2587 4437 una
2617 4390 2811 4436 natura
2833 4391 2917 4437 est
2952 4380 3079 4435 {eris
3122 4379 3385 4451 figurata;
3421 4384 3516 4430 aut

1937 4474 2143 4530 dicitur
2170 4474 2475 4530 secundum
2517 4474 2877 4528 mutationem
2906 4470 3247 4535 substantiae,
3282 4476 3377 4522 aut
3408 4482 3514 4521 una

1939 4574 2133 4619 natura
2165 4565 2325 4619 Verbi
2373 4580 2570 4619 carnea
2597 4566 2758 4628 facta,
2804 4570 2865 4616 ut
2905 4560 2951 4615 si
2999 4559 3125 4630 quis
3152 4558 3318 4624 dicat,
3346 4571 3508 4611 unam

1859 4630 2188 4709 Dnaturam
2245 4671 2400 4724 aqua:
2442 4654 2910 4724 Iapidcscentem;
2948 4659 3045 4704 aut
3091 4649 3315 4712 dicitur,
3364 4646 3527 4715 quod.

1935 4763 2042 4802 una
2076 4756 2273 4802 natura
2304 4747 2467 4803 Verbi
2499 4762 2624 4801 cum
2659 4745 2749 4808 sit,
2783 4759 2887 4798 non
2917 4743 3053 4807 sola,
3085 4750 3140 4797 et
3174 4756 3274 4811 per
3302 4755 3383 4802 se,
3416 4737 3511 4793 sed

1933 4854 2057 4893 cum
2092 4854 2257 4894 carne
2297 4838 2698 4893 consideratur.
2751 4836 2808 4890 Si
2854 4834 3019 4905 igitur
3061 4837 3365 4887 secundum
3396 4826 3511 4899 pri—

1934 4946 2051 4985 mas
2092 4931 2346 4984 notiones
2378 4945 2542 4987 unam
2576 4923 3022 4984 tiaturanchrbi
3054 4923 3397 4977 incarnatam
3430 4918 3511 4973 di-

1934 5029 2086 5085 cunt,
2111 5036 2178 5075 ex
2209 5037 2277 5076 eo
2306 5021 2424 5090 ipso
2452 5019 2599 5089 quod
2630 5018 2842 5080 dicunt,
2870 5017 3113 5086 ipsorum
3143 5013 3397 5084 impietas
3424 5028 3513 5066 rc-

1936 5112 2226 5183 darguitur
2253 5130 2265 5165 :
2295 5128 2420 5167 cum
2483 5107 2996 5182 Apollinarioenim
3023 5117 3079 5161 et
3113 5121 3239 5161 cum
3269 5102 3515 5175 Eutyche
3540 5136 3544 5140 -

1938 5200 2260 5274 mysterium
2302 5202 2700 5258 incarnationis
2738 5200 2955 5254 tollunt.
2999 5197 3055 5253 Si
3098 5206 3281 5251 autem
3316 5210 3515 5250 secun-

1939 5295 2067 5350 dum
2107 5303 2412 5350 extremum
2449 5293 2813 5365 signiﬁcatum
2849 5291 3063 5355 dicunt,
3114 5284 3392 5358 quomodo
3418 5299 3517 5337 na-

1943 5396 2063 5442 tura
2092 5387 2250 5441 Verbi
2283 5403 2407 5440 cum
2433 5401 2618 5450 carne,
2651 5399 2777 5438 cum
2808 5392 3011 5437 natura
3031 5378 3211 5436 carnis
3242 5394 3363 5447 quae
3389 5388 3546 5429 cum.

245 5476 420 5535 Verbo
451 5490 559 5546 est,
598 5497 707 5536 una
745 5489 835 5536 est
872 5479 1178 5543 secundum
1217 5479 1510 5535 naturam?
1545 5487 1641 5534 aut
1677 5481 1953 5551 quomodo
1981 5481 2162 5537 sinon
2225 5489 2306 5536 est
2335 5497 2439 5535 una
2500 5478 2800 5535 secundum
2856 5488 3130 5539 naturam.
3164 5484 3357 5530 natura
3408 5485 3530 5526 una.

243 5573 490 5632 diutor?

314 5669 418 5722 Ill'.
470 5668 555 5722 Τὰ
608 5670 817 5742 κυρίως
850 5666 1104 5738 ἀλλήλοις
1141 5665 1515 5739 ἀντικείμενα,
1577 5668 1705 5740 ὅλην
1738 5668 1834 5739 τὴν

320 5835 393 5906 (‘2)
425 5836 560 5892 Cod.
599 5836 673 5909 μὴ
704 5836 800 5889 δύο
827 5834 1079 5906 πότερον.

2014 5667 2198 5724 XVIII.
2230 5666 2361 5733 Quae
2391 5662 2610 5736 proprie
2655 5664 2799 5719 inter
2838 5677 2895 5715 se
2934 5667 3061 5715 sunt
3112 5658 3381 5729 opposita,
3431 5666 3517 5713 ton

2010 5829 2084 5899 (5)
2112 5828 2295 5884 Prima
2329 5843 2487 5882 manu
2524 5834 2667 5880 recte
2701 5822 2753 5892 ἠ,
2783 5819 3026 5881 secunda
3059 5831 3343 5889 perperam
3367 5816 3437 5872 εί.
