4034 6410
479 429 618 493 ι9ὒ7

1754 446 2066 509 LEONTII
2102 449 2510 512 ΒῩΖΑΝΤΙΝῙ

3614 448 3751 515 1908

475 555 587 635 tam
612 550 961 620 negationem
992 556 1092 608 toti
1115 519 1467 614 allirmationi
1509 568 1834 629 opponunt;
1870 571 1934 635 ut
1967 560 2053 616 af-

2185 564 2434 632 ιπόφασιν
2472 564 2597 619 καθ’
2639 564 2767 635 ὅλης
2799 565 2902 635 τῆς
2939 562 3307 632 καταφάσεως
3341 561 3747 634 ἀντιστρόφουη

475 634 775 693 tlrmationi
804 639 1009 697 dicenti
1037 662 1050 698 :
1079 645 1280 701 Paulus
1316 648 1602 717 apostolus
1632 658 1735 712 est,
1764 634 2061 720 apponitur

475 731 717 798 negatio.
747 748 871 800 qua:
914 733 1089 790 dicit:
1124 736 1330 793 Paulus
1356 742 1643 808 apostolus
1680 756 1791 793 non
1823 751 1924 796 est.
1972 742 2064 798 Sic

475 820 650 888 igitur
676 832 733 877 et
778 824 996 879 duabus
1023 830 1238 883 naturis
1284 846 1391 884 una
1442 839 1643 887 natura
1669 836 1921 904 opposita
1955 845 2061 891 est.

475 912 534 965 Si
574 914 722 966 enim
775 931 883 970 una
933 926 1130 973 natura
1174 928 1260 974 est
1315 921 1595 989 Christus,
1649 941 1757 979 non
1805 936 1892 980 est
1928 926 2062 983 duo.

473 1004 599 1060 Etsi
623 1006 755 1069 duo,
770 1024 879 1063 non
897 1018 983 1064 est
1005 1026 1134 1065 una.
1155 1011 1212 1066 Si
1229 1022 1415 1069 autem
1436 1032 1600 1069 unam
1624 1017 1894 1080 dicentes,
1916 1020 2065 1074 aliud

474 1097 708 1160 addunt.
727 1115 839 1155 non
858 1101 971 1171 jam
988 1102 1254 1158 dicuntur
1290 1106 1680 1173 ἁντιφατικῶς.
1705 1109 1759 1163 id
1778 1119 1883 1173 est,
1905 1126 2067 1180 oppo-

477 1192 604 1255 site,
627 1191 724 1246 sed
743 1191 986 1258 diverse,
1017 1204 1073 1249 et
1093 1196 1400 1251 secundum
1432 1200 1822 1269 periphrasim,
1850 1212 1908 1256 et
1933 1219 2067 1259 eon-

475 1282 646 1338 fessio
662 1283 899 1339 duarum
918 1293 1245 1342 naturarum
1271 1299 1490 1346 constat
1509 1292 1644 1361 ipsis
1659 1309 1725 1347 ex
1744 1294 1987 1359 nomine,
2013 1302 2069 1349 et

477 1389 548 1429 ex
562 1374 923 1431 deﬁnitione:
949 1392 1017 1432 ex
1045 1379 1270 1434 nomine
1300 1380 1525 1449 quidem
1550 1393 1763 1438 naturae
1793 1385 1980 1450 Verbi,
2002 1402 2068 1440 ex

479 1464 808 1522 deﬁnitione
822 1482 953 1522 vero
964 1468 1145 1524 carnis
1162 1470 1417 1525 animatae
1432 1471 1614 1525 anima
1632 1473 1886 1527 rationali
1909 1484 1965 1528 et
1983 1475 2070 1527 inn

480 1556 785 1627 telligente,
825 1559 943 1613 haec
974 1561 1120 1615 enim
1150 1569 1234 1615 est
1261 1561 1513 1617 deﬁnitio
1552 1572 1765 1619 naturae
1794 1565 2065 1620 humanae.

480 1649 770 1715 Quomodo
788 1651 1221 1721 igiturdicentes
1234 1654 1613 1710 deﬁnitionem
1635 1666 1867 1723 naturae,
1891 1660 2072 1728 appel-

480 1741 747 1798 lationem
792 1745 915 1814 ejus
954 1746 1245 1800 recusant?
1275 1746 1386 1802 Aut
1425 1748 1703 1817 quomodo
1741 1751 2070 1819 appellatio-

480 1848 608 1888 nem
626 1835 914 1906 utriusque
940 1845 1149 1892 natura:
1170 1838 1560 1906 concedentes,
1591 1856 1885 1895 numerum
1913 1858 2074 1912 repu—

480 1923 669 1980 diant?
688 1925 1075 1995 Respondeant
1106 1928 1327 1998 isti,qui
1358 1944 1538 1999 neque
1561 1946 1684 2000 qua:
1709 1930 1845 2003 ipsis
1864 1910 2071 1987 conre-
2102 1910 2147 1969 Β

483 2015 659 2070 niant.
685 2032 867 2086 neque
887 2034 1010 2087 quae
1031 2030 1362 2090 repugnent,
1396 2021 1705 2093 intelligere
1743 2035 2001 2094 possunt.

556 2104 701 2162 XIX.
732 2105 978 2177 Simplex
1011 2120 1210 2164 natura
1232 2126 1343 2165 non
1360 2121 1445 2166 est
1470 2110 1719 2182 ejusdem
1747 2112 2073 2169 substantiae

484 2214 623 2269 cum
642 2199 975 2268 composita;
999 2202 1044 2255 si
1069 2210 1253 2257 autem
1282 2203 1513 2273 simplex
1533 2212 1619 2259 est
1645 2214 1844 2259 natura
1868 2205 2069 2273 Patris,

485 2294 794 2362 composita
836 2308 969 2347 vero
1008 2292 1217 2351 Christi
1249 2307 1470 2359 natura.
1496 2312 1609 2352 non
1645 2307 1731 2353 est
1768 2298 1939 2369 igitur
1978 2315 2074 2353 na-

487 2393 612 2441 tura
639 2384 845 2442 Christi
878 2386 1124 2459 ejusdem
1146 2389 1468 2446 substantiae
1495 2406 1623 2446 eum
1658 2400 1856 2446 natura
1872 2391 2072 2447 Patris.

486 2480 558 2530 At
595 2475 697 2545 ipsi
744 2477 1008 2533 simulant
1049 2477 1385 2535 bomousion
1417 2496 1539 2537 esse
1582 2481 1731 2536 Patri
1768 2481 2073 2547 Christum,

462 2576 545 2622 .et
560 2568 722 2623 nobis
747 2568 1079 2626 bomousion
1100 2571 1382 2627 eumdem.
1406 2573 1605 2628 Dicant
1632 2573 1821 2644 igitur,
1847 2589 1917 2629 an
1944 2589 2074 2644 pos-

492 2661 567 2714 sit
602 2676 732 2723 una,
767 2670 827 2716 ut
869 2662 972 2732 ipsi
1004 2661 1217 2727 dicunt,
1257 2663 1566 2733 composita
1609 2673 1806 2719 natura
1841 2663 2072 2728 Christi,

488 2768 559 2808 ex
596 2761 710 2809 toto
742 2770 863 2809 esse
914 2755 1236 2813 homousios
1284 2758 1455 2823 Patri,
1511 2766 1567 2812 et
1599 2772 1668 2812 ex
1711 2766 1828 2813 toto
1880 2773 2076 2813 rursus

490 2845 693 2900 nobis?
728 2847 798 2900 Et
845 2862 1031 2903 annon
1096 2848 1204 2905 hoc
1249 2863 1354 2903 nos
1399 2851 1564 2903 etiam
1615 2848 1681 2903 ad
1717 2846 1896 2904 Patris
1939 2864 2075 2904 con-

489 2936 1018 2996 substantialitatcm
1054 2940 1317 2996 revocet?
1359 2940 1516 3006 Quod
1551 2941 1596 2994 si
1636 2940 1823 2995 dicant
1864 2956 1976 2995 non
2008 2957 2076 2997 ex

493 3043 611 3089 toto
634 3048 797 3089 unam
831 3042 1084 3088 naturam
1124 3033 1328 3107 Christi
1358 3033 1507 3093 Patri
1544 3041 1599 3087 et
1643 3032 1803 3088 nobis
1828 3047 1949 3088 esse
1978 3033 2079 3087 ho-

490 3123 769 3189 mousion,
803 3124 857 3178 id
900 3133 1005 3187 est,
1043 3124 1292 3194 ejusdem
1346 3124 1701 3191 substantiae;
1741 3123 2077 3194 relinquitur

494 3214 662 3269 unius
706 3223 918 3269 natura:
953 3215 1244 3269 dimidium
1274 3229 1398 3269 esse
1444 3213 1591 3268 Patri
1640 3214 1993 3279 bomousion,
2020 3223 2079 3269 et
2101 3251 2146 3313 C

492 3305 786 3361 dimidium
819 3307 983 3361 nobis
1013 3324 1026 3359 :
1056 3316 1113 3359 at
1133 3305 1266 3375 quid
1293 3305 1442 3360 aliud
1469 3314 1553 3360 est
1590 3306 1715 3373 hoc,
1744 3322 1908 3377 quam
1933 3306 2078 3362 divi-

493 3398 649 3459 dere,
682 3413 847 3467 quam
889 3396 995 3467 ipsi
1023 3395 1217 3450 dicunt
1267 3410 1432 3449 unam
1458 3394 1664 3451 Christi
1709 3407 1966 3451 naturam
2018 3394 2076 3450 in

493 3499 749 3543 naturam
765 3487 1013 3557 ejusdem
1032 3487 1374 3549 substantia,
1397 3497 1454 3543 et
1469 3488 1700 3544 diversa:
1726 3489 2074 3554 substantiae,

492 3590 551 3637 et
580 3581 635 3635 in
667 3591 852 3650 partes
881 3580 1275 3651 complentium
1301 3580 1433 3650 ipsis
1454 3597 1619 3637 unam
1640 3590 1894 3637 naturam
1923 3596 2079 3637 eom-

497 3674 757 3749 positam.
796 3673 895 3727 Est
946 3682 1130 3727 autem
1178 3672 1481 3743 impietatis
1530 3674 1881 3746 Apollinarii,
1916 3682 1973 3729 et
1996 3673 2079 3726 in-

497 3772 666 3828 saniae
695 3768 810 3824 Arii
851 3782 1051 3838 negare
1086 3768 1389 3838 perfectum
1438 3768 1493 3824 in
1522 3767 1814 3824 divinitate
1848 3763 2079 3832 Christi,

497 3873 554 3931 et
585 3865 640 3919 in
676 3862 1021 3935 humanitate
1053 3864 1191 3935 ejus.

569 4041 686 4096 XX.
717 4039 774 4096 Si
803 4041 970 4106 Deus,
1004 4051 1061 4097 et
1107 4042 1295 4109 homo,
1335 4045 1505 4100 etiam
1551 4042 1859 4097 secundum
1908 4040 2078 4109 ipsos,

500 4150 644 4201 unus
669 4133 924 4189 Christus
955 4134 1121 4189 etiam
1146 4122 1279 4205 'post
1312 4136 1579 4193 unionem
1623 4132 1851 4194 dicitur,
1883 4138 2082 4183 natura

497 4241 632 4281 vero
670 4233 995 4295 utrumque;
1033 4224 1310 4296 qu’omodo
1355 4242 1467 4280 non
1512 4225 1634 4280 duae
1675 4231 1891 4277 natura:
1939 4235 2085 4274 unus

498 4318 754 4387 Christus
803 4304 926 4389 post
960 4318 1267 4374 unionem?
1297 4316 1584 4388 Siquidem
1626 4327 1910 4384 nunquam
1952 4322 2087 4367 sunt

503 4410 647 4473 idem
691 4396 888 4473 natura
921 4410 1075 4477 Deus,
1098 4418 1156 4479 et
1189 4410 1397 4465 homo:
1431 4422 1610 4487 neque
1647 4406 1842 4478 eadem
1885 4414 2084 4461 natura

500 4518 765 4571 unquam,
791 4519 900 4574 qua
931 4504 1153 4574 quidem
1185 4512 1272 4558 est
1300 4503 1467 4566 Deus,
1499 4499 1603 4559 hac
1631 4506 1717 4553 est
1748 4505 1805 4552 et
1841 4497 2028 4551 homo.

2167 670 2251 708 σιν
2275 671 2290 685 ⁸
2313 649 2424 708 οἷον
2460 657 2526 726 τῇ
2565 655 2799 726 λεγούσῃ
2824 655 3137 724 καταφάσει
3189 653 3401 718 Παῦλος
3426 655 3747 719 ἀπόστολος,

2165 749 2197 815 ἡ
2231 747 2463 815 λέγουσα
2490 748 2768 815 ἀπόφασις
2819 746 3033 811 Παῦλος
3061 746 3363 810 ἀπόστολος
3414 748 3515 799 οὐκ
3560 748 3710 801 ἔστιν
3732 765 3748 778 ο

2165 837 2338 900 οὕτως
2369 837 2425 890 δὲ
2451 838 2547 891 καὶ
2568 841 2687 901 ταῖς
2724 837 2818 892 δύο
2861 838 3090 908 φύσεσιν
3130 840 3163 908 ἡ
3211 838 3309 909 μία
3337 836 3499 906 φύσις
3515 840 3754 892 ἀντίκει-

2166 943 2276 979 ται.
2306 926 2368 979 Εἰ
2398 927 2507 996 γὰρ
2535 927 2634 997 μία
2664 926 2827 995 φύσις
2881 929 3027 981 ἐστὶν
3056 929 3084 981 6
3113 928 3370 999 Χριστὸς,
3400 929 3459 981 ού
3493 927 3620 982 δύο⁹
3656 929 3753 982 καὶ

2167 1020 2215 1071 εἰ
2238 1019 2351 1085 δύο,
2381 1020 2442 1073 οὐ
2470 1019 2599 1089 μία·
2644 1022 2692 1072 εἰ
2718 1020 2773 1074 δὲ
2803 1021 2932 1091 μίαν
2961 1020 3237 1088 λέγοντες,
3272 1021 3404 1075 ἄλλο
3434 1038 3488 1074 τι
3514 1037 3752 1087 προστι-

2168 1110 2375 1175 θέασιν,
2406 1112 2590 1166 οὐκέτι
2624 1112 2809 1178 αὐτοῖς
2830 1111 3199 1181 ἀντιφατικῶς
3216 1112 3459 1180 λέγεται,
3491 1113 3606 1165 ἀλλ’
3630 1114 3752 1165 ἐτε-

2172 1202 2328 1273 ροίως
2383 1202 2523 1256 κατά
2555 1201 2919 1273 περίφρασινο
2977 1202 3074 1255 καὶ
3108 1202 3444 1270 συνέστηκεν
3484 1203 3670 1264 αὐτοῖς
3693 1202 3756 1268 ἐξ

2168 1292 2430 1363 ὀνόματος
2465 1295 2558 1347 καὶ
2590 1293 2718 1362 ὅρου
2771 1295 2805 1363 ἡ
2860 1292 2969 1345 τῶν
2994 1292 3086 1345 δύο
3116 1293 3332 1360 φύσεων
3358 1293 3621 1362 ὁμολογία
3641 1308 3655 1323 ο
3688 1294 3758 1345 ἐκ

2174 1386 2272 1456 μὲν
2296 1385 2563 1456 ὀνόματος
2584 1388 2683 1455 τῆς
2714 1384 2930 1455 φύσεως
2958 1383 3053 1439 τοῦ
3078 1384 3285 1451 Λόγουο
3319 1384 3383 1436 ὲκ
3412 1382 3471 1436 δὲ
3498 1384 3627 1452 ὅρου
3654 1382 3758 1451 τῆς

2171 1476 2532 1548 ἐψυχωμένης
2563 1477 2766 1547 σαρκὸς
2811 1476 2958 1547 ψυχῇ
3012 1478 3205 1546 λογικῇ
3239 1475 3334 1528 καὶ
3386 1477 3552 1546 νοερᾷ
3577 1490 3591 1504 ·
3629 1476 3759 1543 ὅρος

2172 1569 2280 1639 γὰρ
2303 1568 2657 1637 ἀνθρωπίνης
2686 1567 2902 1636 φύσεως
2926 1561 3111 1630 οὗτος·
3149 1567 3266 1629 πῶς
3292 1566 3472 1619 τοίνυν
3498 1566 3589 1619 τὸν
3630 1566 3762 1634 ὅρον

2171 1662 2271 1731 τῆς
2299 1659 2513 1729 φύσεως
2561 1660 2831 1727 λέγοντες,
2861 1657 2960 1728 τὴν
2986 1657 3175 1729 κλῆσιν
3221 1656 3393 1726 αὐτῆς
3424 1655 3762 1727 παραιτοῦν-

2173 1772 2295 1822 ταις
2347 1755 2657 1822 λεγέτωσαν
2684 1754 2733 1805 οί
2768 1752 2902 1822 μηδὲ
2937 1750 3008 1805 τά
3036 1752 3391 1822 συμφέροντα
3417 1751 3636 1812 ἑαυτοῖς
3660 1748 3763 1802 καὶ

2173 1849 2242 1903 τά
2272 1848 2558 1919 μαχόμενα
2594 1847 2829 1919 συνορᾷν
2853 1845 3164 1916 δυνάμενοι.

2247 2114 2349 2167 ΙΘ¹.
2390 2115 2455 2168 Ἦ
2481 2114 2627 2184 ἁπλῆ
2654 2113 2816 2182 φύσις
2851 2117 2918 2185 τῇ
2948 2113 3192 2184 συνθέτῳ
3248 2113 3412 2182 φύσει
3445 2107 3762 2182 ούχόμοού-

2178 2220 2322 2267 σιος·
2369 2205 2419 2257 εί
2446 2203 2502 2257 δὲ
2530 2203 2678 2273 ἁπλῆ
2704 2203 2803 2272 μὲν
2842 2205 2876 2275 ἡ
2908 2202 3000 2256 τοῦ
3032 2203 3250 2274 Πατρδς
3281 2201 3463 2271 φύσις,
3503 2199 3764 2261 σύνθετος

2174 2297 2231 2350 δὲ
2270 2298 2304 2366 ή
2330 2296 2425 2349 τοῦ
2454 2295 2717 2367 Χριστοῦ,
2746 2296 2847 2348 οὐκ
2876 2294 2985 2365 ἄρα
3007 2294 3349 2366 ὀμοούσιοςὴ
3375 2293 3472 2347 τοῦ
3513 2290 3762 2362 Χριστοῦ

2176 2388 2337 2455 φύσις
2364 2390 2431 2458 τῇ
2464 2386 2626 2455 φύσει
2648 2387 2744 2440 τοῦ
2773 2387 2989 2458 Πατρός
3009 2401 3025 2417 ’
3066 2386 3203 2440 ἀλλά
3231 2386 3341 2459 μὴν
3372 2387 3661 2458 ὀμοούσιον
3682 2386 3765 2455 τῷ

2176 2479 2355 2549 Πατρὶ
2408 2478 2502 2532 τὸν
2542 2479 2775 2546 Χριστὸν
2830 2479 2924 2531 καὶ
2954 2479 3085 2549 ἡμῖν
3130 2478 3417 2549 ὁμοούσιον
3455 2478 3548 2557 τὸν
3592 2477 3766 2531 αὑτὸν

2175 2571 2357 2641 λέγειν
2381 2572 2831 2642 προσποιοῦνται.
2855 2574 3180 2639 Λεγὲτωσαν
3207 2572 3388 2625 τοίνυν
3412 2574 3460 2624 εἰ
3482 2570 3767 2639 ἐνδέχεται

2174 2662 2274 2730 τὴν
2312 2662 2463 2732 μίαν,
2495 2663 2571 2725 ὡς
2609 2660 2762 2714 αὐτοί
2789 2676 2946 2729 φασι,
2981 2660 3236 2714 σύνθετον
3266 2659 3360 2713 τοῦ
3390 2658 3633 2732 Χριστοῦ
3658 2660 3768 2727 φύο

2179 2772 2261 2808 σιν
2284 2753 2342 2820 ἐξ
2367 2753 2489 2807 ὅλου
2512 2753 2590 2823 τῷ
2616 2753 2793 2822 lla-cpt
2814 2752 3124 2821 ὀμοούσιον,
3158 2752 3252 2804 καὶ
3276 2751 3405 2822 ὅλην
3435 2751 3600 2805 πάλιν
3626 2752 3767 2820 ἡμῖν

2175 2847 2483 2917 ὁμοούσιον,
2515 2847 2611 2898 καὶ
2640 2847 2686 2897 εἰ
2732 2843 2808 2914 μὴ
2852 2844 2935 2907 είς
2960 2844 3059 2914 τὴν
3080 2844 3175 2896 τοῦ
3209 2844 3426 2914 Πατρὸς
3467 2842 3766 2913 ὁμοουσιό-

2176 2956 2335 3008 τητα,
2359 2937 2516 2992 τοῦτο
2559 2940 2655 2991 καὶ
2691 2938 2841 3007 ἡμᾶς
2873 2934 3160 3008 ἀναφέρει.
3195 2935 3260 2988 Εἰ
3310 2935 3365 2989 δὲ
3418 2936 3629 3004 λέγοιεν
3687 2934 3771 3005 μὴ

2178 3030 2321 3084 κατὰ
2356 3030 2416 3084 τὸ
2463 3029 2583 3082 ὅλον
2629 3030 2729 3098 τὴν
2783 3031 2912 3099 μίαν
2940 3030 3037 3082 τοῦ
3095 3026 3335 3099 Χριστοῦ
3396 3026 3559 3097 φύσιν
3594 3024 3673 3095 τῷ
3705 3042 3771 3078 τε

2178 3124 2359 3194 Πατρλ
2382 3126 2475 3177 καὶ
2494 3124 2625 3192 ἡμῖν
2650 3121 2960 3191 ὁμοούσιον,
2991 3120 3237 3173 λείπεται
3262 3120 3359 3189 τῆς
3390 3120 3517 3189 μιᾶς
3547 3116 3772 3186 φύσεως

2178 3216 2240 3269 τὸ
2269 3215 2369 3286 μὲν
2393 3214 2564 3284 ἥμισυ
2603 3210 2743 3266 εἶναι
2766 3211 2845 3282 τῷ
2873 3214 3071 3281 Πατρὶ,
3091 3212 3154 3265 τὸ
3182 3210 3239 3264 δὲ
3269 3211 3442 3281 ἥμισυ
3479 3211 3612 3280 ἡμῖν
3634 3210 3774 3286 ὁμο-

2179 3307 2396 3361 ούσιον·
2439 3307 2536 3360 καὶ
2589 3304 2749 3359 τοῦτο
2778 3307 2830 3359 τί
2884 3305 3073 3377 ἕτερόν
3126 3306 3273 3358 ἐστιν
3324 3304 3357 3375 ἣ
3401 3303 3644 3375 μερίζειν
3685 3283 3775 3371 ’ἢν

2180 3398 2336 3454 αὐτοὶ
2362 3398 2582 3468 λέγουσι
2619 3398 2747 3469 μίαν
2811 3398 3047 3468 Χριστοῦ
3077 3397 3237 3466 φύσιν
3271 3397 3353 3461 εἴς
3379 3414 3440 3450 τε
3483 3395 3776 3465 ὁμοουσιό·

2179 3508 2338 3562 τητα,
2396 3489 2494 3543 καὶ
2542 3490 2624 3554 είς
2680 3489 3152 3560 ἑτεροουσιὸτητα,
3212 3489 3309 3543 καὶ
3364 3490 3445 3549 εἰς
3510 3486 3648 3557 πρὸς
3701 3488 3777 3555 τῇ

2187 3582 2353 3656 μοίρᾳ
2372 3580 2449 3653 (4)
2480 3581 2588 3635 τῶν
2630 3581 3095 3652 συμπληρούντων
3128 3582 3313 3645 αὐτοῖς
3343 3580 3442 3650 τὴν
3506 3580 3635 3649 μίαν
3670 3576 3778 3630 τοῦ

2185 3674 2426 3745 Χριστοῦ
2467 3673 2629 3744 φύσιν
2659 3675 2759 3745 τὴν
2804 3674 3092 3728 σύνθετον’
3146 3674 3243 3743 τῆς
3288 3674 3345 3726 δὲ
3388 3670 3778 3740 Ἀπολιναρίου

2184 3766 2438 3843 ἀσεβείας
2469 3768 2563 3819 καὶ
2586 3767 2686 3835 τῆς
2736 3765 2949 3837 Ἀρείου
3010 3766 3295 3833 ἀρνεῖσθαι
3341 3765 3402 3817 τὺ
3431 3764 3641 3817 τέλειον
3668 3763 3780 3833 τῆς

2186 3858 2438 3930 θεότητος
2468 3857 2561 3917 τοῦ
2595 3857 2831 3930 Χριστοῦ
2863 3859 2957 3911 καὶ
2993 3858 3089 3925 τῆς
3122 3859 3243 3911 κατ’
3273 3856 3438 3912 αὑτὸν
3483 3855 3781 3925 ἀνθρωπό-

2185 3968 2369 4023 τητος.

2258 4044 2343 4097 Κ’.
2366 4043 2429 4097 El
2452 4042 2583 4106 Θεὸς
2611 4043 2705 4100 καὶ
2734 4040 3041 4113 ἄνθρωπος,
3069 4043 3165 4096 καὶ
3195 4040 3552 4104 κατάὐτοὺς,
3576 4041 3605 4093 ὁ
3631 4040 3781 4109 Χρι-

2190 4136 2313 4199 στὸς
2345 4136 2438 4188 καὶ
2473 4135 2614 4205 μετά
2651 4133 2750 4204 τὴν
2779 4134 2974 4187 ἕνωσιν
3015 4132 3269 4200 λέγεται,
3303 4132 3465 4202 φύσει
3504 4131 3561 4184 δὲ
3592 4132 3784 4201 ἀμφόο

2187 4244 2344 4297 τερα,
2381 4226 2498 4288 πῶς
2538 4228 2600 4280 οὐ
2645 4224 2738 4278 δύο
2781 4224 2974 4293 φύσεις
3003 4227 3030 4278 ὁ
3071 4224 3329 4294 Χριστὸς,
3367 4224 3460 4277 καὶ
3494 4222 3632 4291 ρετὰ
3677 4225 3782 4291 τὴν

2190 4320 2406 4384 ἕνωσιν,
2438 4319 2596 4388 εἴπερ
2627 4319 2764 4387 μηδὲ
2790 4318 2983 4371 ταύτὸν
3002 4320 3067 4387 τῇ
3102 4317 3263 4385 φύσει
3288 4316 3419 4380 Θεὸς
3450 4317 3543 4366 καὶ
3564 4314 3784 4385 ἀνθρωι

2192 4429 2314 4474 πος,
2350 4410 2487 4480 μηδὲ
2515 4412 2579 4480 τῇ
2607 4411 2742 4481 αὐτῇ
2780 4411 2937 4477 φύσει
2968 4403 3114 4483 ᾖπέρ
3140 4412 3254 4461 ἐστι
3279 4407 3434 4472 Θεὸς,
3458 4406 3632 4478 ταύτῃ
3656 4405 3784 4458 ἐστὶ

2192 4502 2287 4554 καὶ
2319 4500 2415 4554 ἄνθ
2427 4516 2605 4570 ρωπος
2632 4518 2646 4564 ;

570 4594 712 4650 ΧΧΙ.
764 4596 821 4651 Si
860 4596 955 4667 qui
1006 4596 1200 4652 dicunt
1243 4592 1594 4654 bomousion,
1644 4601 1701 4651 et
1749 4587 2076 4646 bomousion

2263 4593 2392 4647 ΚΝ.
2433 4592 2495 4646 Εἰ
2552 4590 2859 4659 ὁμοούσιον,
2908 4591 3001 4642 καὶ
3051 4589 3338 4658 ὀμοούσιον
3395 4588 3484 4639 τὸν
3541 4587 3786 4656 Χριστὸν

499 4687 779 4743 Christum
823 4695 947 4760 post
997 4690 1282 4752 unionem,
1320 4685 1390 4739 ad
1436 4680 1610 4749 aliud,
1644 4689 1701 4735 et
1747 4679 1896 4735 aliud
1935 4680 2082 4734 refe-

501 4789 685 4849 rentes
701 4778 914 4843 dicunt,
945 4778 1001 4833 id
1035 4786 1140 4839 est,
1168 4775 1235 4829 ad
1262 4774 1503 4835 Patrem,
1534 4769 1676 4827 etad
1703 4786 1845 4835 nos;
1879 4786 2087 4839 nequa-

500 4885 665 4940 quam
700 4885 831 4937 vero
869 4871 1052 4933 Pater,
1088 4877 1146 4922 et
1193 4882 1294 4920 nos
1330 4863 1608 4917 bomousii
1654 4878 1876 4928 sumus;
1916 4862 2088 4933 igitur

499 4978 682 5034 neque
731 4963 881 5044 quod
934 4969 1018 5018 est
1064 4958 1226 5013 nobis
1268 4956 1631 5021 bomousion,
1681 4955 1793 5013 erit
1840 4971 2085 5026 unquam

501 5042 831 5113 bomousion
876 5047 1171 5115 bomousio
1222 5044 1417 5100 Patris.
1469 5042 1527 5099 Si
1578 5052 1761 5099 autem
1799 5045 2088 5101 homousia

502 5159 668 5200 umus
696 5153 910 5203 natum
938 5150 1070 5207 sunt
1098 5149 1154 5194 et
1180 5137 1462 5198 dicuntur.
1499 5152 1611 5191 non
1648 5147 1735 5193 est
1760 5148 1946 5193 autem
1986 5138 2088 5193 ho-

502 5237 750 5291 mousios
766 5236 930 5292 etiam
955 5231 1260 5288 secundum
1286 5229 1704 5299 ipsosdivinitas
1721 5229 2086 5296 humanitati;

503 5343 626 5397 quae
656 5343 790 5382 vero
822 5331 954 5380 sunt
987 5321 1220 5375 diversae
1251 5320 1592 5385 substantiae,
1637 5318 1947 5375 differentis
1988 5336 2089 5374 na-

503 5428 643 5472 turae
673 5427 827 5478 sunt,
858 5428 983 5483 quae
1009 5412 1261 5465 suntalia
1281 5411 1587 5465 secundum
1618 5420 1897 5479 naturam,
1924 5421 2091 5467 erunt

505 5509 673 5564 etiam
700 5516 913 5562 natura:
932 5503 1145 5559 scilicet
1168 5502 1418 5558 diversae.

575 5596 748 5654 XXII.
780 5595 1155 5666 Proprietates
1176 5611 1287 5651 non
1318 5610 1452 5656 sum,
1485 5596 1581 5651 sed
1613 5596 1930 5667 aliquorum
1962 5607 2092 5650 sunt

508 5688 913 5761 proprietates;
951 5686 999 5743 si
1050 5703 1183 5743 vero
1232 5698 1362 5743 sunt
1400 5687 1521 5743 dua:
1562 5688 1727 5744 etiam
1781 5688 2088 5745 secundum

2198 4684 2336 4753 μετά
2366 4684 2465 4754 τὴν
2499 4683 2714 4747 ἕνωσιν,
2767 4683 3007 4749 λέγουσι,
3057 4680 3195 4751 πρὸς
3239 4679 3367 4733 ἄλλο
3400 4679 3494 4733 καὶ
3536 4679 3666 4731 ἄλλο
3691 4677 3787 4730 λέ-

2195 4792 2383 4844 γοντες
2418 4773 2576 4827 τοῦτο
2605 4771 2767 4837 εἶναι,
2800 4772 2933 4840 πρὸς
2962 4773 3053 4824 τὸν
3081 4772 3302 4840 Πατέρα
3323 4772 3414 4824 καὶ
3443 4771 3579 4840 πρὸς
3608 4771 3783 4838 ἡμᾶς,

2195 4867 2456 4919 οὐδέποτε
2489 4865 2547 4918 δὲ
2586 4868 2615 4918 ὁ
2653 4865 2847 4936 Πατὴρ
2884 4865 2980 4918 καὶ
3018 4866 3181 4933 ἡμεῖς
3217 4861 3517 4932 ὁμοούσιοι,
3557 4861 3680 4914 οὐδὲ
3719 4862 3786 4913 τὸ

2198 4962 2328 5029 ἡμῖν
2351 4960 2457 5031 ἄρα
2483 4956 2791 5027 ὁμοούσιον,
2824 4955 3109 5025 ὀμοούσιον
3141 4956 3298 5007 ἔσται
3323 4954 3401 5023 τῷ
3432 4952 3525 5005 τοῦ
3566 4952 3784 5022 Πατρεὺς

2195 5052 2490 5122 ὁμοουσίῳ.
2519 5052 2581 5105 El
2611 5049 2669 5103 δὲ
2701 5051 2771 5122 σι·ιά
2803 5047 3069 5119 ὁμοούσια
3115 5047 3244 5117 μιᾶς
3288 5045 3384 5098 καὶ
3421 5043 3644 5111 λέγεται
3678 5041 3786 5108 φύ-

2197 5161 2356 5209 σεως,
2385 5145 2485 5212 οὐχ
2520 5116 2808 5212 ὁμοούσῖος
2849 5141 2906 5192 δὲ
2940 5141 3035 5191 καὶ
3064 5137 3188 5192 κατ’
3217 5138 3415 5199 αὐτοὺς
3445 5137 3480 5207 ἡ
3512 5133 3608 5188 τοῦ
3645 5134 3790 5202 Χριο

2198 5234 2327 5287 στοῦ
2356 5233 2552 5298 θεότης
2579 5234 2645 5302 τῇ
2682 5229 2804 5283 κατ’
2830 5229 3030 5293 αὐτοὺς
3056 5228 3460 5300 ἀνθρωπότητι·
3491 5224 3560 5278 τά
3587 5223 3634 5276 δ’
3668 5225 3790 5275 ἐτε-

2203 5326 2424 5398 ροούσια
2468 5325 2562 5376 καὶ
2591 5322 2850 5390 διαφόρου
2880 5321 2999 5374 ἐστὶ
3032 5320 3271 5388 φύσεως,
3294 5321 3390 5373 καὶ
3412 5317 3481 5372 τά
3520 5318 3586 5387 τῇ
3623 5309 3789 5386 φύσει

2199 5418 2362 5487 ἔτερα
2382 5456 2398 5477 ,
2433 5415 2527 5469 καὶ
2562 5413 2755 5481 φύσεις
2785 5413 2969 5482 ἕτεραι
3002 5410 3264 5480 δηλονότι.

2272 5591 2400 5648 ΚΠ.
2454 5595 2519 5646 Δί
2551 5593 2812 5663 ἰδιότητες
2852 5593 2950 5663 οὐχ
2984 5590 3228 5656 ἑαυτῶν,
3255 5592 3392 5651 ἀλλᾶ
3442 5587 3604 5642 τίνων
3648 5590 3794 5641 εἰσιν

2203 5688 2488 5759 ἰδιότητες·
2522 5689 2571 5740 εί
2601 5686 2658 5741 δὲ
2681 5686 2775 5739 δύο
2799 5687 2890 5749 καὶ
2921 5686 3042 5740 κατ’
3066 5687 3263 5750 αὐτοὺς
3297 5684 3435 5755 μετὰ
3463 5684 3562 5754 τὴν
3588 5685 3789 5736 ἕνωσιν

582 5870 660 5941 (4)
695 5870 750 5926 1η
778 5871 1020 5943 margine
1068 5868 1322 5943 τημορία.
1350 5868 1529 5924 Malim
1568 5885 1668 5939 ego
1693 5871 1770 5932 εἰς
1805 5870 1871 5939 τᾷ
1904 5870 2065 5942 μόρια

2185 5869 2215 5923 τι
2256 5866 2442 5939 potius
2518 5868 2595 5931 είς
2624 5865 2718 5938 τὴν
2751 5867 2963 5935 μοῖραν.
