4034 6416
502 386 642 454 1911

1785 392 2096 455 LEONTII
2138 397 2455 460 BYZANTI
2462 400 2545 460 NI

3644 405 3783 472 1912

573 507 790 564 XXVII.
822 508 1205 565 Communiter
1233 508 1302 563 ab
1329 509 1587 565 omni-bus
1624 523 1949 565 con-cessum
1980 522 2083 575 est,

2261 516 2386 569 KZ'.
2427 514 2638 580 Κοινῶς
2667 518 2819 589 παρά
2857 517 3079 571 πάντων
3109 520 3457 592 ὡμολόγηται
3483 523 3542 577 τὸ
3567 523 3781 593 ἄνθρω-

504 617 706 657 nomen
759 602 1005 657 hominis
1046 610 1298 656 naturam
1329 601 1634 668 declarare,
1690 602 1841 657 Pauli
1879 614 2085 667 autem,

502 702 557 747 et
585 691 731 747 Petri
757 692 1116 763 hypostasim.
1153 691 1469 746 Secundum
1503 701 1688 747 autem
1726 692 1949 746 beatum
1981 693 2089 763 Cy-

504 784 687 837 rillum
710 799 908 837 nomen
940 782 1358 855 Christi-neque
1374 784 1485 837 vim
1506 782 1847 838 deﬁnitionis
1880 785 2046 839 habet
2070 803 2086 849 ;

502 891 604 931 nec
650 876 886 947 alicujus
916 875 1285 930 substantiam
1325 875 1588 941 declarat,
1626 885 1684 931 ut
1734 876 2003 941 hominis,
2034 886 2091 931 et

499 968 653 1037 equi,
688 976 744 1022 et
785 968 961 1034 bovis,
1014 977 1070 1023 et
1109 969 1543 1039 uniuscujusque
1592 986 1807 1035 eorum,
1843 971 1940 1041 qui
1985 970 2089 1026 sub

498 1060 691 1113 eadem
723 1060 907 1129 specie
938 1060 1333 1125 continentur;
1362 1061 1531 1130 igitur
1556 1077 1666 1115 non
1690 1072 1775 1116 est
1806 1062 1952 1116 idem
1990 1063 2089 1117 ho-

500 1152 706 1206 minem
741 1151 1070 1222 simpliciter
1115 1153 1321 1218 dicere,
1352 1162 1408 1207 ct
1444 1153 1727 1208 Christum
1763 1172 1776 1207 :
1807 1154 2087 1224 quomodo

500 1245 666 1313 igitur
719 1245 1034 1313 exemplum
1086 1244 1350 1308 hominis,
1397 1245 1545 1314 quod
1598 1261 1799 1301 nomen
1832 1257 2085 1300 naturam

500 1336 794 1406 signiﬁcat,
836 1337 904 1391 ad
956 1352 1249 1407 personam
1305 1336 1513 1392 Christi
1564 1338 1911 1403 transfertis;
1960 1352 2087 1392 cum

502 1445 703 1484 nomen
738 1429 944 1485 Christi
985 1431 1290 1485 secundum
1336 1432 1619 1486 doctorem
1652 1446 1763 1485 non
1808 1440 2085 1496 naturam,

501 1521 599 1576 sed
632 1523 968 1594 hypostasim
1007 1524 1367 1579 declaret?Si
1397 1540 1529 1579 vero
1555 1524 1763 1588 dicitis,
1801 1524 1868 1579 ad
1904 1526 2090 1581 ratio-

501 1630 625 1669 nem
659 1614 904 1680 unionis,
946 1633 1055 1671 non
1106 1616 1387 1671 hominem
1432 1616 1800 1687 simpliciter,
1845 1616 1942 1671 sed
1988 1618 2089 1673 ali-

499 1723 664 1776 quem
695 1718 943 1773 sumunt,
979 1708 1069 1763 hic
1103 1718 1286 1763 autem
1310 1708 1624 1779 hypostasis
1653 1716 1739 1763 est
1767 1726 1780 1762 :
1813 1708 2086 1767 advertite

499 1810 703 1864 autem,
736 1818 859 1871 quae
887 1801 943 1856 in
987 1802 1208 1858 duobus
1241 1801 1413 1857 hircis
1444 1802 1626 1871 ipsum
1671 1800 1952 1857 Christum
1983 1801 2084 1858 de-

2193 624 2295 666 πος
2323 607 2495 677 ὄνομα
2525 607 2624 680 τὴν
2648 610 2812 679 φύσιν
2839 608 3054 679 δηλοῦν,
3084 611 3144 662 τὸ
3175 611 3231 664 δὲ
3263 611 3475 677 Παῦλος
3506 614 3537 682 ἢ
3570 616 3779 687 Πέτρος

2190 698 2288 769 τὴν
2327 699 2648 753 ὑπόστασιν·
2686 701 2829 754 κατὰ
2975 701 3070 755 τὸν
3100 703 3372 774 μακάριον
3417 705 3686 776 Κύριλλον
3716 709 3775 761 τὸ

2193 792 2428 863 Χριστὸς
2475 792 2646 863 ὄνομα
2690 792 2814 846 οὔτε
2858 793 3087 862 δύναμιν
3134 796 3264 865 ὅρου
3325 796 3461 866 ἔχει,
3515 796 3638 851 οὔτε
3678 801 3778 870 τήν

2191 899 2334 945 τινος
2355 883 2546 937 οὐσίαν
2584 884 2757 953 δηλοῖ,
2782 885 2858 948 ὡς
2887 884 3178 956 ἀνθρώπου
3205 886 3297 940 καὶ
3328 887 3500 943 ἵππου
3531 889 3623 942 καὶ
3656 890 3779 959 βοὸς

2192 972 2288 1025 καὶ
2320 975 2570 1029 ἑκάστων
2600 976 2712 1029 τῶν
2737 977 2844 1029 ὑπὸ
2881 977 2944 1030 τὸ
2980 977 3111 1031 αὐτὸ
3138 974 3296 1042 εἶδος·
3329 980 3528 1034 οὐκοῦν
3554 982 3616 1033 ού
3647 982 3780 1034 ταύ-

2190 1065 2283 1118 τὸν
2320 1064 2609 1137 ἄνθρωπόν
2653 1084 2714 1125 τε
2762 1068 2953 1133 ἁπλῶς
3008 1071 3183 1123 εἰπεῖν
3228 1070 3324 1124 καὶ
3365 1071 3623 1142 Χριστόν·
3660 1073 3780 1135 πῶς

2190 1156 2372 1209 τοίνυν
2398 1155 2461 1209 τὸ
2487 1157 2582 1213 τοῦ
2618 1156 2912 1229 ἀνθρώπου
2953 1161 3312 1231 παράδειγμα
3347 1161 3446 1231 τῆς
3483 1162 3696 1231 φύσεως
3717 1162 3779 1215 ὃν

2189 1247 2519 1316 δημοτικὸν,
2566 1249 2867 1318 μετάγεται
2918 1252 3014 1305 ἐπὶ
3068 1252 3131 1306 τὸ
3162 1252 3257 1306 τοῦ
3310 1253 3551 1325 Χριστοῦ
3605 1254 3781 1324 πρόσ-

2189 1356 2374 1407 ωπον;
2411 1339 2506 1393 τοῦ
2540 1341 2805 1412 ὀνόματος
2832 1342 2927 1397 τοῦ
2955 1343 3196 1415 Χριστοῦ
3236 1344 3384 1398 κατά
3401 1346 3494 1399 τὸν
3518 1345 3779 1399 διδάσκα-

2189 1427 2281 1481 λον
2295 1429 2357 1481 οὐ
2385 1428 2544 1498 φύσιν
2570 1430 2882 1502 δηλοῦντος,
2907 1433 3025 1487 ἀλλ’
3043 1434 3363 1489 ὑπόστασιν.
3388 1434 3448 1488 Εἰ
3479 1435 3536 1489 δὲ
3564 1436 3778 1505 λέγοιτε

2199 1520 2361 1573 αὐτόν
2386 1538 2446 1573 τε
2472 1522 2567 1574 καὶ
2590 1522 2718 1585 τοὺς
2746 1522 2942 1587 ἄλλους
2963 1525 3215 1597 Πατέρας
3244 1526 3557 1597 χρήσασθαι
3579 1527 3657 1598 τῷ
3679 1527 3777 1582 τοῦ

2190 1614 2482 1686 ἀνθρώπου
2514 1618 2923 1688 παραδείγματι
2949 1620 3029 1683 εἰς
3059 1619 3152 1674 τὸν
3184 1620 3284 1691 τῆς
3311 1622 3555 1685 ἑνὼσεως
3590 1621 3775 1690 λόγον,

2190 1708 2251 1760 οὐ
2282 1708 2345 1761 τὸ
2376 1709 2564 1772 ἁπλῶς
2607 1709 2922 1783 ἄνθρωπον,
2953 1712 3091 1769 ἀλλά
3119 1712 3210 1768 τόν
3239 1732 3362 1767 τινα
3396 1715 3779 1785 παραλαμϐά-

2190 1816 2393 1866 νουσιν,
2446 1800 2751 1866 ὑπόστασις
2793 1802 2851 1856 δὲ
2913 1797 3091 1869 οὗτος·
3128 1805 3463 1874 ὲπιστήσατε
3487 1805 3545 1859 δὲ
3570 1807 3650 1859 ὅτι
3682 1808 3782 1861 καὶ

496 1893 712 1949 scribit.
743 1893 897 1949 Sicut
948 1894 1115 1965 igitur
1154 1894 1246 1949 hic
1273 1909 1385 1949 non
1421 1892 1489 1947 ad
1534 1893 1859 1965 hypostases
1903 1893 2083 1949 hirco-

2189 1892 2249 1944 ὲν
2301 1890 2465 1978 δυσὶν
2495 1893 2658 1946 αὐτὸν
2694 1896 2808 1958 τοῖς
2854 1896 3113 1966 χιμάροις
3160 1872 3456 1968 διαγράφει
3494 1896 3572 1967 τῷ
3609 1897 3776 1978 λόγῳο

499 2001 618 2038 rum
652 1984 822 2040 refert
851 1982 1187 2055 exemplum,
1229 1984 1322 2040 sed
1357 1984 1423 2038 ad
1457 1984 1826 2039 diITerentiam
1866 1984 2001 2050 vivi,
2031 1994 2087 2039 et

496 2077 797 2139 immolati;
845 2077 926 2131 sic
961 2076 1128 2131 etiam
1161 2076 1254 2131 hic
1298 2091 1408 2130 non
1447 2075 1516 2130 ad
1550 2075 1947 2131 interimendas
1976 2092 2080 2131 na-

497 2176 672 2234 turas,
703 2167 797 2222 sed
825 2166 892 2221 ad
935 2166 1204 2221 unitatem
1237 2181 1489 2237 persona:
1523 2165 1702 2235 imago
1730 2164 1964 2237 alicujus
1987 2166 2088 2220 ho-

495 2259 664 2313 minis
692 2257 761 2311 ab
800 2256 934 2327 ipsis
972 2256 1236 2312 Patribus
1271 2256 1529 2310 sumitur.
1557 2254 1715 2321 Quod
1767 2262 1954 2310 autem
1992 2256 2086 2310 hic

495 2347 698 2418 aliquis
721 2348 889 2402 homo
914 2363 982 2402 ex
1009 2346 1228 2401 duabus
1249 2346 1486 2409 naturis,
1513 2353 1569 2399 ct
1591 2345 1715 2400 duae
1753 2354 1968 2401 natura:
1997 2354 2084 2402 est

494 2453 550 2496 et
576 2444 782 2498 dicitur
820 2443 890 2497 ab
933 2442 1142 2498 eisdem
1177 2442 1459 2507 Patribus,
1502 2457 1571 2497 ex
1618 2441 1842 2512 scriptis
1886 2457 2082 2497 eorum

494 2535 682 2589 multis
708 2535 842 2590 locis
872 2534 1094 2603 probari
1124 2542 1324 2603 potest.

2188 1980 2382 2052 ὥσπερ
2419 1976 2513 2036 οὖν
2544 1983 2782 2037 ὲνταῦοα
2813 1986 2875 2041 οὐ
2909 1986 3045 2057 πρὸς
3070 1986 3167 2050 τὰς
3200 1986 3531 2051 ὑποστάσεις
3553 1976 3663 2039 τῶν
3694 2003 3783 2057 χισ⁸

2190 2075 2382 2145 μάρων
2422 2076 2584 2147 φέρει
2615 2077 2675 2128 τὸ
2709 2077 3070 2150 παράδειγμα
3108 2080 3210 2151 (5),
3241 2080 3381 2134 ἀλλὰ
3405 2079 3542 2150 πρὸς
3574 2080 3638 2132 τὸ
3658 2078 3779 2132 διά-

2188 2184 2354 2238 φορον
2386 2168 2481 2221 τοῦ
2513 2185 2572 2221 τε
2619 2168 2826 2233 ζῶντος
2850 2170 2947 2223 καὶ
2981 2169 3077 2223 τοῦ
3105 2171 3409 2243 τεθυμέιου
3438 2170 3536 2241 τὴν
3573 2171 3780 2239 ἀναφο-

2191 2259 2291 2329 ρὰν
2325 2259 2459 2330 ἔχει’
2500 2260 2675 2324 οὓτως
2721 2263 2816 2315 καὶ
2851 2261 3086 2315 ἐνταῦθα
3107 2264 3168 2316 ού
3192 2264 3328 2334 πρὸς
3361 2264 3461 2333 τὴν
3489 2262 3777 2333 ἀναίρεσιν

2190 2350 2299 2405 τῶν
2326 2351 2565 2419 φύσεων,
2601 2353 2738 2406 ἀλλὰ
2776 2355 2912 2426 πρὸς
2940 2354 3039 2426 τὴν
3071 2355 3299 2429 ἑνότητα
3341 2356 3436 2409 τοῦ
3476 2355 3774 2425 προσώπου

2190 2443 2224 2514 ἦ
2258 2444 2354 2518 τοῦ
2387 2462 2532 2508 τινος
2556 2445 2850 2514 ἀνθρώπου
2884 2446 3050 2501 εἰκὼν
3094 2447 3609 2520 παραλαμϐάνεται.
3648 2448 3776 2497 Ὀτι

2190 2536 2248 2588 δὲ
2292 2536 2387 2589 καὶ
2413 2537 2443 2590 ὃ
2470 2554 2554 2601 τις
2598 2538 2886 2610 ἄνθρωπος
2932 2540 3085 2611 παρά
3120 2543 3235 2604 τοῖς
3272 2540 3459 2602 αὐτοῖς
3489 2537 3777 2609 Πατράσιν

494 2625 558 2678 ἐκ
584 2625 676 2677 δύο
695 2642 755 2677 τε
783 2626 877 2678 καὶ
899 2624 994 2679 δύο
1020 2625 1209 2692 φύσεις
1235 2623 1373 2685 ἐστὶ,
1396 2623 1518 2676 καθ’
1539 2622 1567 2676 ὃ
1586 2622 1731 2694 ψυχὴ
1756 2625 1848 2677 καὶ
1876 2622 2058 2692 σῶμα,
2102 2624 2167 2678 ὲκ
2197 2625 2306 2680 τῶν
2343 2628 2862 2700 συγγεγραμμένων
2931 2630 3114 2693 αὐτοῖς
3145 2628 3478 2699 πολλαγόοεν
3500 2627 3618 2681 ἔστι
3675 2644 3773 2680 πι-

494 2715 826 2769 στώσασΊαι.

561 2808 798 2863 XXVIII.
841 2807 955 2863 Dici
992 2807 1275 2864 Christum
1304 2826 1373 2864 ex
1420 2808 1637 2865 duabus
1677 2810 1916 2875 naturis,
1972 2817 2070 2864 aut

493 2914 752 2973 tauquam
780 2918 844 2957 ex
875 2902 1183 2972 principiis,
1208 2914 1303 2956 aut
1333 2911 1592 2972 tanquam
1632 2920 1700 2959 ex
1732 2904 1868 2973 ipsis
1906 2904 2076 2973 parti—

494 2998 599 3050 bus
634 2995 811 3049 unitis
836 2994 1255 3063 intelligendum
1289 3003 1413 3048 est:
1448 2995 1492 3049 si
1525 3007 1787 3065 tanquam
1815 3011 1881 3049 ex
1922 2994 2078 3064 prin-

493 3086 692 3156 cipiis:
728 3101 797 3141 ex
849 3085 1241 3156 hypostasibus
1290 3084 1475 3155 potius
1527 3101 1691 3155 quam
1745 3101 1812 3139 ex
1863 3084 2078 3138 naturis

491 3186 655 3233 erunt
690 3179 961 3248 principia
1003 3178 1142 3247 ejus.
1188 3177 1472 3247 Siquidem
1516 3177 1788 3247 principia
1830 3178 1952 3246 ejus
1987 3190 2077 3230 se-
2103 3194 2149 3256 ρ

491 3270 736 3325 cundum
780 3270 1149 3336 divinitatem,
1185 3268 1379 3332 Pater;
1422 3268 1731 3324 secundum
1769 3267 2083 3321 humanita-

499 3376 632 3427 tem,
668 3371 865 3416 mater.
895 3361 998 3427 Qui
1021 3371 1204 3416 autem
1237 3369 1412 3417 estex
1445 3360 1535 3415 his
1564 3369 1822 3429 tanquam
1850 3375 1918 3414 ex
1948 3374 2080 3412 cau—

492 3456 591 3519 sis,
613 3455 966 3510 manil‘estum
990 3464 1074 3509 est
1105 3453 1251 3524 quod
1273 3470 1385 3508 non
1422 3461 1505 3508 est
1527 3451 1719 3506 eadem
1748 3469 1763 3517 ;
1795 3467 1904 3506 non
1931 3453 2080 3506 enim

491 3557 577 3603 est
612 3549 796 3615 Pater,
824 3564 1006 3617 neque
1046 3555 1246 3602 mater.
1287 3545 1345 3599 Si
1391 3560 1526 3600 vero
1561 3552 1818 3614 tanquam
1860 3560 1925 3599 ex
1962 3560 2084 3617 par;-

491 3641 664 3704 tihus,
695 3638 978 3710 quomodo
1019 3653 1131 3692 non
1161 3648 1292 3692 sunt
1326 3636 1382 3690 in
1420 3645 1536 3691 toto
1566 3636 1787 3703 partes?
1811 3637 1920 3688 Aut
1945 3650 2082 3705 quo-

493 3731 658 3786 modo
712 3739 886 3785 totum
933 3744 1042 3783 non
1073 3738 1158 3783 est
1207 3728 1261 3780 in
1294 3724 1592 3796 partibus?
1627 3723 1684 3779 Si
1722 3723 1869 3778 enim
1902 3740 2082 3794 neque

491 3834 666 3880 totum
694 3833 778 3878 est
810 3824 865 3877 in
896 3822 1171 3892 partibus,
1201 3834 1382 3889 neque
1412 3829 1596 3888 partes
1632 3817 1689 3871 in
1719 3824 1835 3871 toto
1855 3859 1869 3884 ,
1905 3818 2079 3872 relin-

487 3918 701 3987 quitur,
744 3925 806 3970 ut
834 3925 997 3970 antea
1036 3915 1248 3969 dictum
1279 3920 1386 3977 est,
1421 3911 1506 3965 vel
1533 3910 1763 3965 minime
1792 3925 1913 3964 esse
1942 3910 2078 3971 haec,

485 4013 571 4067 vel
622 4011 679 4065 in
733 4012 906 4064 altero
953 4017 1156 4079 pragter
1187 4006 1474 4061 Christum
1530 4004 1685 4059 cerni
1732 4002 2079 4057 divinitatem

485 4104 693 4160 Christi
735 4112 793 4157 ct
826 4100 1254 4165 humanitatem;
1292 4107 1347 4153 ct
1394 4098 1449 4152 in
1500 4097 1626 4151 aliis
1680 4095 1990 4159 Christum,
2027 4104 2083 4149 ct

487 4213 594 4250 non
625 4197 678 4249 in
709 4196 1020 4255 divinitate,
1052 4203 1108 4248 et
1144 4194 1488 4247 humanitate
1528 4193 1654 4262 ejus
1687 4209 1702 4245 :
1737 4191 1845 4245 hoc
1894 4198 2080 4242 autem

486 4303 593 4340 non
628 4288 805 4342 solum
843 4284 1201 4341 humanitatis
1232 4285 1380 4354 ejus,
1418 4285 1513 4340 sed
1550 4284 1729 4354 ipsius
1768 4280 2084 4336 divinitatis

487 4378 653 4435 Verbi
687 4381 989 4436 essentiam
1025 4378 1187 4433 tollit.

555 4473 749 4528 XXIX.
777 4474 1055 4540 Quantum
1088 4473 1142 4525 in
1180 4470 1346 4526 rebus
1380 4485 1491 4524 non
1531 4468 1710 4522 solum
1735 4466 1957 4521 exsistit
2007 4482 2076 4520 cx

2253 2811 2388 2864 KH'.
2421 2811 2494 2865 Τὸ
2529 2812 2709 2879 λέγειν
2736 2813 2801 2866 ἐκ
2823 2813 2918 2866 δύο
2953 2812 3171 2882 φύσεων
3209 2812 3303 2864 τὸν
3334 2812 3591 2882 Χριστὸν,
3623 2809 3656 2882 ἢ
3695 2810 3774 2873 ὡς

2180 2903 2289 2957 ἀπὸ
2330 2890 2439 2957 τῶν
2469 2905 2678 2975 ἀρχῶν,
2727 2905 2761 2976 ἢ
2802 2905 2878 2969 ὡς
2924 2904 3021 2958 ἀπ’
3080 2904 3261 2958 αὐτῶν
3307 2904 3416 2956 τῶν
3455 2902 3775 2955 ἑνωθέντων

2185 2995 2372 3067 μερῶν
2414 2999 2556 3051 νοεῖν
2592 2998 2907 3052 ὑποϐάλλει·
2968 2997 3083 3051 ἀλλ’
3136 2998 3185 3049 εἰ
3245 2997 3345 3066 μὲν
3401 2997 3477 3060 ὡς
3515 2997 3623 3048 ἀπὸ
3658 2993 3775 3046 τῶν

2181 3092 2391 3160 ἀρχῶν,
2443 3089 2503 3155 ἐξ
2535 3091 2890 3145 ὐποστάσεων
2925 3090 3149 3165 μᾶλλον,
3178 3091 3272 3143 καὶ
3311 3089 3414 3142 οὐκ
3446 3088 3511 3138 ὲκ
3550 3086 3773 3152 φύσεων

2182 3180 2356 3233 ἔσται’
2396 3180 2556 3251 εἴπερ
2594 3181 2759 3251 ἀρχαὶ
2794 3178 2961 3232 αὐτοῦ
3011 3179 3154 3231 κατά
3193 3178 3289 3249 μὲν
3312 3177 3411 3247 τὴν
3448 3176 3704 3244 θεότητα,
3743 3176 3774 3227 ὁ

2189 3273 2402 3343 Πατὴρ,
2437 3272 2580 3327 κατὰ
2615 3272 2671 3325 δὲ
2695 3272 2793 3343 τὴν
2819 3269 3293 3342 ἀνθρωπότητα,ή
3320 3269 3524 3339 μήτηρ·
3554 3269 3619 3319 ἐκ
3647 3265 3774 3318 τού-

2184 3379 2292 3417 των
2312 3362 2372 3415 δὲ
2405 3361 2482 3415 ὣν
2504 3362 2582 3422 ὡς
2602 3362 2694 3414 ἀπ’
2725 3361 2934 3423 αἰτίων,
2976 3360 3145 3428 σαφὲς
3176 3360 3259 3412 ὅτι
3288 3360 3349 3412 οὔ
3381 3356 3554 3409 ταυτά
3589 3355 3771 3421 ἔσται,

2185 3450 2287 3503 κᾶν
2314 3451 2453 3522 ὅπερ
2491 3449 2687 3503 ταῦτα.
2729 3451 2792 3502 Εἰ
2828 3450 2886 3501 δὲ
2926 3449 3001 3511 ὡς
3034 3450 3143 3501 ἀπὸ
3188 3446 3396 3519 μερῶν,
3431 3448 3548 3509 πῶς
3580 3447 3680 3499 οὐκ
3709 3448 3774 3498 ὲν

2182 3542 2262 3613 τῷ
2287 3543 2399 3613 ὅλῳ
2423 3543 2490 3596 τὰ
2514 3537 2695 3613 μέρηξ
2717 3542 2750 3611 ἢ
2775 3541 2891 3605 πῶς
2916 3542 2976 3594 τὸ
2998 3540 3120 3594 ὅλον
3154 3540 3254 3593 οὐκ
3284 3541 3342 3591 ὲν
3364 3539 3475 3599 τοῖς
3509 3537 3770 3606 μέρεσινς

2186 3636 2248 3687 El
2275 3634 2386 3706 γὰρ
2423 3635 2562 3703 μήτε
2591 3635 2654 3687 τὸ
2679 3634 2799 3686 ὅλον
2830 3634 2889 3684 ἐν
2916 3635 3031 3695 τοῖς
3074 3633 3322 3703 μέρεσιν,
3355 3629 3491 3700 μηδὲ
3516 3630 3584 3681 τὰ
3626 3628 3770 3698 μέρη

2184 3728 2243 3778 ἐν
2286 3725 2371 3795 τῷ
2414 3725 2557 3795 ὅλῳ,
2599 3706 2879 3788 λείπεται,
2923 3725 2998 3787 ὡς
3050 3721 3466 3794 προείρηται,ῆ
3517 3718 3772 3788 μηδαμοῦ

2189 3814 2313 3888 μηδ’
2341 3815 2478 3878 ὅλως
2509 3816 2627 3867 ἐστὶ
2654 3814 2849 3878 ταῦτα,
2879 3814 2912 3885 ἢ
2949 3816 3007 3866 ὲν
3034 3814 3208 3883 ἑτέρῳ
3239 3811 3389 3882 παρὰ
3412 3811 3502 3861 τὸν
3537 3806 3774 3879 Χριστὸν

2185 3908 2511 3984 θεωρεῖσθαι
2532 3908 2633 3977 τὴν
2660 3907 2891 3974 θεότητα
2920 3905 3016 3959 τοῦ
3042 3905 3281 3976 Χριστοῦ
3318 3905 3413 3957 καὶ
3435 3900 3532 3972 τὴν
3561 3899 3775 3969 ἀνθρω-

2185 4002 2418 4069 πότητα,
2452 4002 2547 4053 καὶ
2575 4003 2632 4052 ἐν
2659 4000 2869 4069 ἑτέροις
2914 3998 3006 4051 τὸν
3040 3996 3276 4067 Χριστὸν
3320 3995 3414 4048 καὶ
3456 3993 3555 4046 οὐκ
3600 3993 3658 4044 ἐν
3701 3993 3773 4061 τῇ

2186 4093 2507 4147 κατ-ἀὐτὸν
2558 4090 2774 4166 οεύτητι
2832 4093 2929 4145 καὶ
2977 4089 3361 4161 ἀνθρωπότητι
3418 4083 3765 4156 θεωρεῖσθαι·

2184 4184 2346 4238 τοῦτο
2402 4183 2458 4236 δὲ
2504 4184 2566 4235 οὐ
2594 4182 2695 4251 τῆς
2729 4182 2848 4234 κατ’
2898 4181 3063 4234 αὑτὸν
3116 4178 3540 4250 ἀνθρωπότητος
3586 4174 3769 4244 μόνον,

2185 4273 2323 4327 ἀλλὰ
2348 4273 2445 4325 καὶ
2466 4271 2638 4339 αὐτῆς
2671 4271 2768 4341 τῆς
2798 4269 2892 4323 τοῦ
2917 4270 3093 4338 Λόγου
3126 4269 3380 4338 θεότητος
3409 4266 3510 4336 τὴν
3534 4262 3773 4333 ὓπαρξιν

2183 4363 2420 4431 ἀναιρεῖ.

2255 4465 2385 4518 ΚΘἏ
2447 4463 2522 4517 Τὸ
2561 4464 2725 4517 ποσὸν
2778 4464 2889 4517 τῶν
2935 4460 3278 4531 πραγμάτων
3312 4457 3655 4528 περιίσταται
3708 4454 3773 4506 οὐ

489 4584 719 4623 numero
768 4567 1019 4629 deﬁnito,
1055 4574 1114 4619 ut
1143 4567 1404 4627 duorum,
1454 4563 1535 4615 vel
1588 4561 1777 4624 trium,
1818 4561 1904 4614 vel
1939 4577 2077 4630 qua-

2191 4556 2354 4626 μόνον
2381 4555 2441 4621 ἐξ
2468 4556 2773 4626 ὡρισμένου
2803 4554 2898 4609 τοῦ
2926 4554 3020 4607 δύο
3050 4555 3083 4622 ἢ
3120 4552 3246 4621 τρία
3279 4553 3310 4621 ἢ
3340 4551 3603 4620 τέσσαρα,
3633 4547 3773 4600 ἀλλὰ

489 4669 635 4722 tuor,
682 4666 739 4713 et
779 4656 1065 4722 deinceps;
1114 4655 1209 4708 sed
1256 4671 1324 4708 ex
1377 4668 1487 4705 non
1529 4649 1780 4713 delinito,
1837 4660 1896 4702 ut
1943 4659 2079 4704 sunt

487 4749 682 4814 multa,
703 4762 901 4817 pauca,
922 4746 1099 4816 plura,
1128 4746 1411 4813 pauciora,
1433 4741 1735 4806 etsimilia;
1761 4749 1818 4794 et
1842 4757 1910 4795 ex
1944 4758 2074 4796 ana-

488 4841 652 4913 logia,
690 4841 805 4895 sive
845 4838 1221 4909 proportione,
1255 4847 1315 4890 ut
1349 4836 1545 4905 majus,
1584 4836 1802 4898 minus,
1842 4836 2076 4905 :cquale,

488 4930 556 4983 ad
584 4930 812 4999 aliquid,
841 4939 897 4982 et
932 4945 999 4983 ex
1033 4943 1169 4981 voce
1213 4943 1336 4995 qtne
1370 4936 1601 4979 vocatur
1650 4924 1971 4991 indicativa,
2010 4935 2071 4980 ut

490 5023 617 5085 hoc.
650 5034 706 5077 et
733 5023 890 5087 illud,
918 5032 975 5077 et
1003 5022 1142 5085 luce,
1173 5030 1230 5073 et
1260 5018 1434 5078 aliud.
1466 5026 1522 5071 et
1555 5017 1870 5083 diversum;
1897 5036 1991 5073 ant
2011 5036 2079 5075 ex

489 5115 705 5179 ordine,
735 5123 795 5168 ut
818 5122 945 5168 ante
969 5114 1094 5172 hoe,
1125 5119 1182 5164 et
1218 5117 1339 5179 post
1375 5107 1534 5171 illud“,
1573 5118 1682 5164 eta
1718 5110 1996 5180 principio
2025 5119 2081 5166 et

488 5217 701 5278 postea,
749 5217 807 5263 et
848 5223 916 5262 ex
951 5205 1074 5261 aliis
1101 5205 1266 5259 etiam
1317 5203 1515 5267 modis,
1548 5212 1609 5257 ut
1642 5213 2076 5259 consentaneum

486 5309 608 5354 est:
636 5299 683 5354 si
718 5297 887 5368 igitur
917 5312 1112 5367 omnes
1139 5295 1330 5350 modos
1361 5296 1706 5350 declarautes
1742 5312 1852 5357 res,
1891 5298 2079 5351 sciunt

488 5391 579 5445 isti
616 5390 866 5445 dividere
893 5405 985 5443 res
1023 5388 1348 5453 declaratas,
1379 5403 1445 5441 ex
1475 5404 1542 5441 eo
1568 5387 1687 5456 ipso
1723 5387 2079 5459 redarguitnr

487 5497 679 5536 eorum
721 5480 1053 5545 absurdum;
1088 5479 1294 5533 etenim
1325 5479 1428 5548 ipsi
1477 5477 1650 5541 aliud,
1706 5489 1762 5533 et
1795 5479 1965 5544 aliud,
1996 5480 2081 5533 di—

486 5589 733 5639 versum,
762 5589 828 5628 ac
849 5574 1151 5639 diversum,
1170 5583 1229 5628 et
1252 5575 1448 5643 majus,
1469 5573 1743 5633 ctminus,
1766 5580 1817 5626 et
1843 5574 2076 5643 aequale.

487 5675 544 5721 et
579 5666 649 5723 ad
704 5667 935 5737 aliquid,
966 5679 1023 5722 et
1054 5674 1180 5724 ante
1207 5668 1332 5730 hoc,
1376 5677 1431 5719 et
1474 5676 1597 5735 post
1629 5665 1786 5719 illud.
1819 5665 1916 5719 Sin
1946 5681 2082 5720 vero

2188 4651 2283 4704 καὶ
2321 4650 2382 4715 ἐξ
2431 4650 2707 4720 ἀορίστου,
2763 4647 2876 4703 οἷον
2922 4648 3018 4701 τοῦ
3070 4646 3242 4699 πολλά
3292 4646 3383 4697 καὶ
3423 4644 3642 4695 πλείονα
3676 4641 3772 4693 καὶ

2188 4744 2446 4797 ὲλάττονα
2491 4744 2586 4796 καὶ
2620 4744 2673 4796 εἰ
2714 4760 2766 4795 τι
2804 4742 3013 4812 ὅμοιον*
3067 4740 3163 4792 καὶ
3203 4737 3265 4802 ἐξ
3304 4736 3621 4803 ἀναλογίας,
3656 4730 3772 4785 οἶον

2191 4838 2397 4909 μεῖζον,
2429 4833 2616 4908 ἧττον,
2649 4836 2765 4889 ἴσον
2811 4835 2949 4906 πρός
2997 4849 3071 4885 τιο
3104 4833 3198 4885 καὶ
3230 4832 3338 4884 ἀπὸ
3366 4830 3466 4898 τῆς
3511 4825 3768 4893 δεκτικῆς

2188 4932 2393 5002 φωνῆς.
2427 4926 2540 4983 οἷον
2567 4928 2668 4997 τῆς
2694 4927 2870 4991 τοῦτο,
2895 4926 3133 4988 κάκεῖνο,
3162 4923 3257 4976 καὶ
3288 4920 3481 4985 ταῦτα,
3503 4919 3597 4971 καὶ
3634 4917 3771 4970 ἄλλα

2183 5027 2275 5079 καὶ
2316 5026 2501 5097 ’ἑτερα-
2534 5024 2631 5076 ttat
2659 5022 2766 5074 ἀπὸ
2807 5021 2906 5093 τῇς
2933 5018 3164 5085 τάξεως,
3193 5013 3305 5070 οἷον
3334 5014 3440 5084 προ
3469 5010 3644 5075 τοῦδε,
3673 5011 3773 5062 xui.

2187 5119 2307 5187 μετ’
2341 5117 2540 5174 ἐκεῖνο,
2579 5113 2674 5165 καὶ
2709 5112 2805 5165 ἀπ’
2835 5110 3033 5180 ἀρχῆς,
3070 5108 3166 5162 καὶ
3224 5106 3454 5174 ὕστερον
3476 5119 3490 5131 ’
3531 5102 3680 5164 εἰκὸς
3714 5100 3774 5153 δὲ

2182 5209 2278 5262 καὶ
2296 5207 2419 5261 καθ’
2433 5207 2520 5258 ’ἐτε
2532 5222 2621 5275 ρον
2638 5204 2859 5272 τρόπον.
2876 5204 2940 5256 Εἰ
2965 5202 3066 5272 μὲν
3085 5196 3177 5253 οὖν
3197 5201 3443 5259 ἅπαντας
3464 5196 3587 5256 τοὺς
3605 5191 3773 5261 δηλω-

2185 5300 2374 5364 τικούς
2415 5299 2655 5369 τρόπους
2704 5297 2816 5349 τῶν
2848 5294 3192 5365 πραγμάτων
3229 5287 3595 5359 διαιρετικοὺς
3619 5286 3771 5337 ἴσασι

2186 5390 2295 5445 τῶν
2328 5389 2696 5462 δηλουμένων,
2736 5387 2962 5441 αὐτόθεν
2981 5387 3163 5448 αὐτοῖς
3188 5383 3290 5453 τῆς
3312 5379 3540 5442 ἀτοπίας
3567 5378 3595 5428 ὁ
3616 5376 3773 5442 ἔλεγ-

2178 5498 2292 5554 χος⁶
2329 5482 2423 5535 καὶ
2454 5482 2563 5550 γὰρ
2613 5481 2706 5533 καὶ
2749 5480 2907 5532 αὐτοὶ
2956 5478 3084 5549 μίαν
3138 5476 3233 5530 καὶ
3267 5474 3397 5545 μίαν
3422 5471 3643 5539 λέγουσι
3676 5468 3771 5520 καὶ

2181 5573 2373 5645 φύσεις
2400 5577 2686 5645 ἀορίστους
2705 5576 2799 5629 καὶ
2828 5574 3119 5645 ἰδιότητας,
3141 5569 3303 5624 τοῦτό
3318 5586 3379 5622 τε
3414 5566 3658 5624 κάκεῖνο,
3676 5561 3772 5615 καὶ

2180 5667 2310 5721 ἀλλο
2341 5668 2434 5722 καὶ
2474 5667 2623 5730 ἄλλο,
2663 5667 2959 5738 καὶὲτερον
2991 5664 3082 5719 καὶ
3105 5663 3315 5733 ἕτερον,
3347 5660 3442 5713 καὶ
3462 5655 3644 5728 μεῖζον
3676 5653 3771 5706 καὶ

560 5782 636 5853 (5)
662 5781 877 5855 Confer
912 5784 1584 5855 Damasceniopusculum
1610 5781 1885 5855 aduersus
1909 5780 2177 5840 Jacobitas
2239 5787 2293 5841 in
2323 5787 2506 5855 Antiq.
2573 5783 2692 5837 lect.
2752 5780 2956 5837 Canisii
2991 5768 3081 5835 ed.
3145 5776 3379 5847 Basnag.
3412 5781 3450 5828 t.
3488 5771 3555 5838 II,
3587 5784 3643 5840 p.
3680 5767 3771 5823 45.

482 5852 744 5927 --llujus
787 5854 1127 5926 Patrnlogiw,
1157 5863 1198 5909 t.
1236 5854 1419 5919 XCIV,
1460 5853 1564 5907 col.
1602 5852 1759 5906 “54.
