3978 6404
344 371 478 438 2591
1543 380 1857 442 EVAGRII
1898 383 1906 438 ε

2044 380 2386 441 OLASTICI
3470 378 3613 443 2592

348 483 537 542 Acacii
605 483 934 541 seditionem
997 486 1330 551 movissent,
1394 486 1591 542 timore
1648 489 1903 558 perculsu

2041 506 2167 556 των,
2230 489 2487 561 φοδηθεὶς
2541 491 2569 543 6
2626 474 2946 553 Πασιλίσκος
2973 490 3191 544 ἐναντία
3235 491 3311 563 τῷ
3348 490 3616 564 πρότερον

344 574 653 632 contrarias
709 574 987 645 prioribus
1054 576 1346 647 encyclicis
1403 578 1618 633 litteras
1672 580 1906 649 promul-

2041 581 2248 651 γράψας
2274 578 2655 648 ἐξαπέστειλεν
2683 579 3072 649 ἅντεγκύκλια.

345 667 514 737 gavit.

418 758 553 815 VIII.
584 759 660 813 De
688 757 867 814 reditu
894 757 1150 814 Zenonis.

2100 758 2183 811 H'.
2217 756 2350 828 Περὶ
2378 756 2476 827 τῆς
2503 754 2766 809 ἐπανόδου
2788 756 3053 825 Ζήνωνος.

416 867 507 923 IX.
545 868 827 935 Quomodo
878 878 1003 940 post
1054 878 1288 925 mortem
1338 871 1620 938 Basilisci,
1675 872 1903 945 cpiscop

2097 869 2175 923 ϐ’.
2212 869 2303 933 Ὠς
2339 868 2477 939 μετὰ
2499 869 2589 921 τὸν
2614 868 2841 922 θάνατον
2864 869 3214 938 Βασιλίσκου,
3238 871 3287 925 oi
3310 871 3408 944 τῆς
3424 875 3610 939 Ἀσίας

341 961 484 1016 Asia:
516 970 575 1015 ut
601 961 857 1017 Acacium
889 966 1189 1032 placarent,
1224 963 1472 1019 libellum
1502 964 1844 1035 pmnitentiae
1870 981 1900 1022 e

2041 960 2314 1014 ἐπίσκοποι
2346 960 2440 1014 τὸν
2478 960 2733 1015 Ἀκάκιον
2784 961 3173 1034 ἡμερούμενοι,
3202 964 3490 1034 μετανοίας
3520 966 3604 1038 βι-

340 1060 725 1121 porrexerunt,
759 1054 976 1109 veniam
1019 1065 1272 1125 petentes
1314 1056 1464 1127 quod
1507 1055 1906 1113 Chalcedonen-

2041 1050 2174 1104 5λίον
2198 1049 2608 1116 ὲπιδεδώκασιν,
2637 1046 2718 1117 οἷς
2740 1053 3050 1126 ἐξήμαρτον
3079 1054 3180 1128 τὴν
3214 1054 3272 1110 ὲν
3304 1055 3615 1130 Καλχηδόνι

340 1156 455 1197 sem
492 1144 758 1215 synodum
802 1146 1179 1202 damnassent.

2041 1138 2246 1193 n5vo50v
2263 1136 2592 1210 ἀθετήσαντε
2600 1158 2644 1204 ς.

413 1230 479 1285 Χ.
520 1232 597 1288 De
637 1234 705 1288 iis
733 1234 827 1304 qui
862 1236 1167 1292 Antiochia:
1194 1236 1571 1307 episcopatum
1605 1252 1849 1309 gessere.

2096 1233 2152 1286 ιν.
2196 1232 2330 1303 Περὶ
2364 1233 2475 1287 τῶν
2508 1235 2567 1287 ἐν
2594 1234 2895 1309 Ἀντιοχείᾳ
2921 1237 3433 1310 ὲπισκοπησάντων.

374 1320 499 1377 'XI.
532 1322 819 1389 Quomodo
867 1326 1016 1381 Zeno
1055 1343 1181 1383 cum
1216 1328 1472 1383 Elurum
1515 1330 1773 1400 persequi
1823 1345 1906 1384 vo-

2097 1324 2201 1378 IA'.
2245 1325 2333 1388 Ὠς
2361 1327 2390 1379 6
2420 1324 2676 1395 βασιλεὺς
2701 1327 2887 1397 Ζήνων
2915 1327 3183 1400 έδουλήθη
3228 1328 3321 1382 τὸν
3341 1327 3606 1401 Αῐλουρον

333 1413 559 1481 luisset,
591 1416 663 1471 ob
706 1426 1047 1474 senectutem
1082 1436 1209 1475 eum
1256 1421 1548 1475 miseratus
1589 1419 1822 1477 dimisit.
1852 1420 1906 1475 E1

2041 1412 2249 1479 Ξιῶξαιθ
2301 1413 2391 1467 διὰ
2417 1413 2476 1467 δὲ
2506 1414 2566 1469 τὸ
2602 1415 2778 1486 γῆρας
2826 1414 2989 1470 αὐτὸν
3045 1417 3386 1485 κατελεήσας
3415 1417 3565 1470 είασε
3590 1432 3607 1446 ³

334 1512 401 1559 ut
427 1515 552 1575 post
594 1516 827 1563 mortem
867 1510 1110 1580 ejusdem
1138 1510 1336 1576 1Eluri,
1364 1512 1563 1566 Petrus
1590 1510 1819 1582 Mongus
1851 1510 1906 1565 at

2041 1501 2117 1555 ιαλ.
2146 1499 2401 1564 ὠςαὺτοῦ
2435 1502 2879 1575 τελευτήσαντος,
2907 1504 3115 1577 Πέτρος
3143 1507 3171 1558 6
3209 1505 3431 1574 Μογγδς
3462 1504 3605 1575 πρὸς

330 1592 721 1657 Alexandrinis
767 1602 1056 1658 ordinatus
1099 1612 1218 1671 est;
1254 1604 1579 1659 Timotheus
1620 1619 1752 1659 vero
1787 1618 1906 1658 suc-

2041 1593 2131 1648 :th
2169 1594 2568 1667 Ἀλεξανδρέων
2618 1598 3098 1668 κεχειροτόνηται·
3157 1597 3425 1668 Τιμόθεος
3475 1598 3532 1652 δὲ
3575 1601 3606 1653 6

334 1705 524 1746 cessor
556 1692 813 1760 Proterii,
856 1694 1013 1765 jussu
1059 1695 1409 1765 imperatoris
1455 1695 1643 1751 sedem
1676 1694 1906 1750 Alexan-

2041 1685 2165 1738 ιετὰ
2194 1686 2488 1759 Προτέρων
2509 1688 2738 1759 νεύματι
2765 1687 2862 1743 τοῦ
2893 1688 3176 1761 βασιλέως,
3195 1689 3287 1745 τὸν
3305 1689 3403 1761 τῆς
3419 1689 3605 1757 Ἀλεξ-

334 1782 552 1838 drinam
601 1786 865 1840 obtinuit.

328 1894 343 1904 ’
401 1876 519 1931 XII.
551 1878 626 1933 De
655 1879 865 1935 Joanne
888 1880 982 1950 qui
1012 1880 1391 1950 episcopatum
1424 1878 1769 1938 Alexandriae
1794 1893 1920 1952 post

330 1968 681 2024 Timotheum
729 1972 1076 2041 gubernavit.
1123 1970 1412 2039 Quomodo
1447 1986 1573 2026 eum
1608 1971 1754 2027 Zeno
1795 1980 1916 2027 tan-

330 2081 494 2136 quam
539 2068 825 2137 perjurum
863 2068 1057 2139 ejecit,
1108 2075 1165 2122 et
1214 2067 1380 2123 Petro
1424 2066 1619 2139 Mongo
1664 2067 1918 2123 eamdem

329 2157 519 2212 sedem
557 2158 820 2214 restituit.

400 2265 543 2322 XIII.
577 2268 866 2334 Quomodo
911 2270 1110 2325 Petrus
1155 2270 1386 2340 Mongus
1433 2268 1759 2323 Henoticum
1810 2269 1914 2324 Ze-

329 2359 493 2415 nonis
524 2360 806 2428 amplrxus
838 2370 941 2424 est,
977 2370 1032 2415 et
1069 2361 1410 2416 Proterianis
1444 2375 1503 2421 se
1535 2363 1840 2431 conjunxit.

399 2448 558 2519 331
592 2450 730 2505 XIV.
792 2450 1030 2506 Zenonis
1089 2450 1413 2507 Henoticum
1472 2450 1586 2507 sive
1630 2451 1914 2507 Unitivum

328 2538 595 2593 edictum.

399 2627 516 2684 XV.
579 2628 866 2697 Quomodo
918 2630 1158 2688 Joannes
1211 2633 1555 2690 Alexandria:
1612 2634 1912 2705 episcopus

328 2726 559 2782 Romam
590 2728 837 2793 veniens,
882 2727 1156 2798 persuasit
1189 2727 1475 2800 Simplicio
1520 2738 1581 2785 ut
1624 2730 1693 2785 ad
1736 2730 1914 2786 Zeno-

325 2836 453 2876 nem
480 2820 747 2876 seriberet
774 2820 844 2876 de
876 2820 945 2876 iis
971 2837 1095 2893 quae
1125 2821 1440 2877 acciderant
1470 2839 1483 2877 :
1516 2832 1572 2878 et
1601 2821 1735 2894 quid
1764 2822 1913 2878 Zeno

325 2910 694 2980 rescripserit.

397 2996 536 3058 XVI.
581 3002 657 3057 De
690 3001 1029 3059 Calendione
1072 3003 1378 3061 Antiochiae
1422 3004 1705 3075 episcopo,
1740 3014 1912 3077 utque

324 3092 519 3149 exsilio
548 3092 841 3148 damnatus
871 3093 944 3148 sit
970 3093 1041 3149 ob
1063 3094 1357 3150 amicitiam
1382 3111 1548 3165 quam
1576 3112 1703 3151 cum
1732 3096 1830 3152 Illo
1856 3107 1913 3153 et

2028 1777 2266 1847 ανδρέων
2285 1778 2473 1850 θρόνον
2494 1779 2779 1850 κατέσχεν.

1950 1841 1996 1898 Β
2094 1841 2194 1924 IIS'.
2219 1841 2358 1942 Περι
2397 1868 2642 1924 ἰωάννου
2666 1841 2766 1925 τοῦ
2804 1871 2944 1942 μετὰ
2987 1871 3253 1943 Τιμόθεον
3283 1872 3383 1943 τῆς
3452 1872 3606 1928 Ἀλε-

2023 1960 2291 2031 ξανδρέων
2319 1962 2447 2025 τοὺς
2493 1962 2685 2025 οἴακας
2728 1964 3115 2035 κατασχόντος,
3147 1965 3296 2030 ὅπως
3346 1981 3408 2018 τε
3476 1964 3604 2019 τοῦ·

2018 2069 2111 2107 τον
2143 2055 2171 2107 ὁ
2205 2056 2392 2124 Ζήνων
2418 2055 2495 2119 ὼς
2525 2057 2937 2127 ὲπιορκήκαντα
2968 2057 3292 2124 ἀπελαύνει,
3322 2059 3516 2131 Πέτρῳ
3539 2057 3604 2111 δι

2018 2137 2094 2207 τῷ
2120 2139 2327 2210 Μογγῷ
2353 2139 2452 2211 τὴν
2495 2142 2892 2214 Ἀλεξανδρέων
2924 2146 3239 2217 ἐγχειρίζει.

2092 2253 2195 2307 Il'".
2242 2254 2330 2319 Ὠς
2373 2255 2573 2328 Πέτρος
2603 2259 2632 2311 6
2677 2258 2899 2327 Μογγδς
2955 2259 3171 2332 δέχεται
3204 2264 3266 2317 τὸ
3307 2265 3604 2327 Ἐνωτικὸν

2018 2345 2288 2416 Ζήνωνος,
2324 2349 2552 2414 καὶτοῖς
2583 2351 2691 2404 ἀπὸ
2718 2353 3014 2425 Προτερίου
3064 2359 3420 2418 συνάπτεται.

2088 2438 2185 2492 1Δ’.
2228 2440 2364 2512 Περὶ
2382 2440 2477 2495 τοῦ
2506 2442 2797 2514 λεγομένου
2832 2444 3122 2503 Ἑνωτικοῢ
3148 2450 3243 2505 τοῦ
3273 2454 3542 2526 Ζήνωνος.
3632 2482 3658 2499 ο

2087 2618 2187 2672 lE'.
2236 2619 2321 2683 Ὧς
2354 2618 2609 2693 Ἰωάννης
2660 2626 2690 2678 6
2741 2624 3151 2700 Ἀλεξανδρείας
3212 2633 3494 2690 κατελθὼν
3539 2636 3603 2693 ιν

2030 2709 2239 2783 Ῥώμῃ,
2264 2712 2443 2767 πείθει
2478 2715 2802 2785 Σιμπλίκιον
2859 2720 2995 2791 πρὸς
3040 2723 3265 2794 Ζήνωνα
3319 2727 3449 2799 περὶ
3489 2727 3601 2784 τῶν

2018 2804 2341 2875 συμϐάντων
2362 2806 2571 2877 γράψαι
2603 2808 2832 2879 Ζήνωνι.

2087 2988 2201 3055 ις’.
2242 2988 2379 3059 Περὶ
2407 2988 2786 3057 Καλανδῖωνος
2815 2992 2910 3046 τοῦ
2957 2993 3308 3065 Ἀντιοχείας,
3360 2997 3456 3051 καὶ
3515 2998 3600 3053 ὅτι

2014 3077 2203 3151 ὲξορίᾳ
2237 3080 2606 3152 κατεδικάσθη
2630 3082 2720 3135 διὰ
2748 3084 2848 3154 τὴν
2892 3084 3029 3155 πρὸς
3064 3086 3275 3142 ’ἰλλουν
3315 3090 3411 3144 καὶ
3435 3091 3603 3146 Λεόν-

323 3180 559 3239 Leontio
589 3182 849 3240 habuisse
878 3183 1224 3240 credebatur.
1250 3186 1386 3241 Item
1411 3186 1691 3257 quomodo
1717 3188 1906 3246 Petrus

2041 3190 2132 3228 τιον
2163 3172 2555 3244 ὑπονοηθεῖσαν
2594 3174 2807 3244 φιλίαν·
2842 3177 2938 3230 καὶ
2967 3178 3042 3242 ὡς
3071 3178 3275 3253 Πέτρος
3307 3184 3335 3235 6
3357 3185 3602 3254 κναφεὺς

323 3272 486 3328 Fullo
522 3275 718 3344 Mongo
747 3282 803 3330 et
836 3275 1108 3346 episcopis
1140 3276 1656 3349 Constantinopolis
1691 3286 1747 3334 et
1785 3280 1913 3337 IIie-

325 3367 731 3436 rosolymorum
769 3368 1010 3424 sociatus
1049 3369 1236 3425 fuerit.

395 3457 561 3513 XVII.
597 3460 672 3513 De
721 3460 807 3515 his
846 3476 967 3530 qua:
1011 3462 1209 3517 Petrus
1240 3463 1464 3533 scripsit
1497 3464 1566 3519 ad
1613 3468 1909 3537 Acacium,

325 3550 421 3620 qui
451 3549 953 3605 Chalcedonensem
984 3552 1253 3623 synodum
1288 3561 1626 3623 susceperat.

396 3664 585 3720 XVIII.
615 3663 901 3731 Quomodo
927 3665 1169 3720 Joannes
1190 3665 1595 3722 Alexandrinus
1618 3668 1911 3741 episcopus

326 3757 494 3814 Felici
544 3773 697 3827 papa!
727 3756 1101 3827 persuaserit,
1150 3764 1211 3811 ut
1257 3757 1620 3827 depositionis
1661 3761 1911 3819 libellum

325 3850 573 3904 mitteret
600 3849 799 3903 Acacio
826 3848 1463 3917 Constantinopolitano.

396 3938 540 3995 XIX.
590 3939 666 3994 De
698 3938 904 4011 Cyrillo
958 3939 1255 4008 praeposito
1303 3943 1622 3999 monasterii
1671 3944 1912 4002 Accemi-

324 4031 566 4087 tensium
600 4029 919 4100 :quomodo
959 4029 1189 4084 Romam
1239 4030 1304 4084 ad
1354 4031 1592 4089 Felicem
1640 4036 1908 4105 quosdam

324 4123 607 4188 direxerit,
643 4122 879 4179 incitans
909 4120 1063 4174 illum
1103 4130 1162 4174 ut
1204 4138 1269 4178 ea
1293 4139 1416 4193 quae
1446 4126 1712 4183 adversus
1743 4128 1908 4184 Iidem

323 4216 617 4272 commissa
647 4223 827 4280 erant,
854 4213 1241 4272 ulcisceretur.

392 4308 513 4365 XX.
546 4309 621 4365 De
665 4308 734 4363 iis
764 4322 887 4378 qua:
921 4305 1073 4361 Felix
1117 4305 1185 4361 ad
1232 4307 1530 4381 Zenonem,
1557 4320 1614 4369 et
1643 4312 1792 4370 Zeno
1838 4313 1908 4368 ad

323 4401 560 4456 Felicem
603 4398 848 4468 scripsit.

391 4493 535 4548 XXI.
565 4490 853 4583 Quomodo
894 4488 1192 4560 Symeones
1232 4498 1536 4553 monachus
1568 4498 1907 4553 Accemiten-
1934 4524 1985 4583 ι)

1850 4590 1907 4644 ui
1934 4569 1979 4583 ⁸’
2007 4588 2117 4625 των
2145 4571 2225 4634 είς
2270 4569 2491 4638 Ῥώμην
2536 4569 2813 4624 κατελθὼν
2835 4613 2849 4637 ,
2873 4573 3001 4636 τοὺς
3048 4575 3107 4628 έν
3161 4577 3598 4634 Κωνσταντινου·

321 4587 418 4653 sis,
455 4588 687 4643 Romam
731 4582 981 4648 veniens,
1033 4584 1241 4655 legatos
1290 4588 1551 4644 Ecclesia
1600 4590 1759 4644 Itom.
1809 4606 1843 4659 q

318 4675 855 4747 Constantinopolim
881 4686 1168 4743 venerant,
1196 4681 1447 4750 coarguit
1469 4681 1617 4750 quod
1645 4695 1769 4736 cum
1795 4681 1909 4737 haz-

320 4774 511 4830 reticis
545 4771 1043 4828 communicassent
1072 4790 1086 4827 :
1118 4780 1176 4828 et
1201 4774 1477 4842 quomodo
1511 4775 1673 4845 legati
1703 4783 1760 4831 et
1787 4790 1908 4830 om-

319 4882 421 4923 nes
485 4864 984 4923 communicatores
1048 4866 1196 4922 Petri
1255 4881 1287 4919 a
1344 4867 1608 4922 Romanis
1666 4866 1905 4937 depositi

319 4958 451 5013 sint.

389 5070 559 5127 XXII.
610 5071 688 5128 De
738 5072 916 5130 turbis
965 5090 1087 5146 quze
1134 5074 1480 5131 Alexandriae
1533 5081 1592 5129 et
1640 5073 1811 5129 variis
1848 5072 1905 5127 in

315 5164 454 5221 locis
484 5165 734 5221 excitatae
761 5174 892 5222 sunt
921 5167 993 5223 ob
1020 5165 1473 5222 Cbalcedonensc
1507 5164 1831 5221 concilium.

386 5338 548 5410 332
586 5339 779 5396 XXIII.
818 5342 895 5398 De
939 5342 1157 5398 Fravita
1204 5351 1259 5397 et
1291 5341 1603 5412 Euphemio
1634 5340 1909 5396 Constan-

315 5429 575 5501 tinopolis
637 5432 914 5504 cpiscOpis
960 5451 975 5489 :
1021 5442 1077 5489 et
1136 5432 1203 5488 de
1240 5433 1544 5488 Athanasio
1583 5446 1647 5486 ac
1694 5431 1905 5487 Joanne

311 5519 699 5577 Alexandrinis
732 5540 752 5581 ι
776 5524 924 5580 etde
951 5523 1197 5580 Palladio
1227 5538 1290 5576 ac
1317 5521 1581 5576 Flaviano
1608 5520 1916 5577 Antioche-

314 5608 440 5676 nis;
469 5609 599 5667 item
631 5614 697 5669 de
724 5614 846 5669 aliis
875 5612 1232 5685 quibusdam.

318 5696 573 5845 .AXXIV.
600 5704 677 5763 De
707 5706 853 5765 caede
881 5704 1091 5762 Armati
1126 5701 1221 5771 qui
1256 5711 1523 5772 cognatus
1552 5701 1657 5757 fuit
1690 5704 1904 5763 Verinae

366 5800 601 5850 unusne.

403 5804 572 5860 gusta
586 5828 601 5845 .

2015 3268 2199 3340 ήνώθη
2224 3269 2300 3340 τῷ
2331 3268 2556 3341 Μογγῷ,
2584 3271 2677 3325 καὶ
2710 3269 2788 3341 τῷ
2818 3273 3471 3345 Κωνσταντινουπόλεως,
3504 3280 3603 3336 καὶ

2012 3358 2092 3424 τῷ
2131 3359 2395 3431 Ἱεροσολύ
2404 3379 2541 3430 μων.

2088 3451 2185 3507 IZ'.
2236 3454 2369 3525 Περί
2404 3448 2479 3507 ὧν
2535 3454 2741 3526 ἔγραψε
2797 3455 3004 3529 Πέτρος
3044 3458 3285 3533 Ἀκακίῳ
3318 3462 3601 3536 δεξαμένῳ

2011 3544 2111 3618 τήν
2141 3544 2199 3598 ὲν
2228 3546 2536 3616 Καλχηδόνι
2565 3546 2804 3601 σύνοδον.

2083 3660 2193 3715 1Η’.
2232 3660 2420 3724 Ὅπως
2448 3661 2705 3732 Ἰωάννης
2755 3664 2784 3716 ό
2815 3660 3223 3731 Ἀλεξανδρείας
3274 3665 3451 3720 πείθει
3486 3669 3596 3739 Φή-

2010 3752 2126 3804 λικι
2157 3749 2235 3821 τῷ
2264 3751 2422 3823 πάπᾳ
2459 3752 2676 3823 Ῥώμης
2705 3751 3023 3826 καθαίρεσιν
3056 3756 3296 3829 Ἀκακίῳ
3327 3755 3405 3829 τῷ
3438 3760 3598 3814 Κων-

2013 3844 2510 3906 σταντινουπόλεως
2539 3844 2778 3916 πέμψαι.

2082 3935 2184 3989 1θ’.
2213 3936 2348 4007 Περὶ
2368 3935 2637 4006 Κυρίλλου
2671 3937 2976 4008 ἡγουμένου
2999 3938 3167 4009 μονῆς
3201 3940 3310 3994 τῶν
3334 3942 3600 4016 Ἀκοιμή-

2010 4040 2139 4087 των,
2191 4024 2339 4088 ὅπως
2392 4026 2528 4097 πρὸς
2577 4026 2797 4096 Ῥώμην
2845 4028 3135 4081 ἀπέστειλε
3188 4029 3325 4100 πρὸς
3384 4030 3599 4100 Φήλικα

2009 4133 2183 4181 τινας,
2201 4116 2409 4186 ὲνάγων
2434 4117 2598 4173 αὐτὸν
2625 4118 2761 4187 πρὸς
2792 4119 3073 4191 ἐκδίκησιν
3099 4120 3208 4174 τῶν
3226 4123 3597 4194 τολμωμένων

2010 4206 2152 4260 κατὰ
2180 4207 2279 4276 τῆς
2306 4208 2564 4272 πίστεως.

2016 4348 2024 4357 .
2081 4299 2169 4353 Κ¹.
2194 4299 2342 4369 Περὶ
2368 4292 2442 4353 ὧν
2493 4298 2702 4370 ἔγραψε
2747 4300 2913 4372 Φῆλιξ
2945 4302 3082 4376 πρὸς
3104 4306 3354 4377 Ζήνωνα,
3398 4310 3493 4365 καὶ
3518 4305 3593 4369 αὖ

2010 4389 2175 4444 πάλιν
2197 4391 2381 4459 Ζήνων
2416 4390 2552 4458 πρὸς
2582 4389 2808 4461 Φήλικα.

2084 4479 2214 4532 KA'.
2261 4478 2348 4540 Ὠς
2374 4477 2671 4547 Συμεώνης
2724 4479 2955 4550 μοναχὸς
2984 4483 3165 4553 μονῆς,
3187 4485 3296 4539 τῶν
3331 4487 3592 4561 ’Δκοιμή-

2011 4661 2165 4715 πόλει
2206 4659 2611 4724 ἀποσταλέντας
2633 4662 2965 4729 ἐπισκόπους
2993 4667 3142 4736 παρὰ
3188 4667 3476 4740 Ῥωμαίων
3513 4673 3597 4727 δι-

2009 4750 2206 4825 ήλεγξε
2236 4752 2670 4836 κοινωνήσαντας
2706 4757 2819 4819 τοῖς
2854 4758 3181 4826 αίρετικοῖς¹
3211 4762 3305 4815 καὶ
3333 4762 3410 4827 ὡς
3440 4766 3596 4820 αὐτοί

2008 4860 2068 4898 τε
2128 4842 2223 4895 καὶ
2261 4844 2313 4895 οἱ
2347 4844 2773 4916 κοινωνήσαντες
2832 4848 3043 4921 Πέτρῳ,
3099 4853 3253 4923 παρὰ
3303 4853 3597 4927 Ῥωμαίων

2008 4932 2414 5005 καθῃρέθησαν.

2080 5051 2212 5109 KB’.
2258 5053 2397 5125 Περὶ
2423 5051 2532 5107 τῶν
2598 5054 2656 5108 ὲν
2687 5056 3071 5130 Ἀλεξανδρείᾳ
3112 5062 3448 5134 κινηθέντων
3495 5068 3594 5122 καὶ

2009 5150 2069 5201 ὲν
2100 5146 2376 5217 διαφόροις
2414 5145 2619 5213 τόποις,
2660 5148 2819 5220 χάριν
2873 5152 2971 5222 τῆς
3012 5152 3070 5206 ὲν
3103 5154 3410 5228 Καλχηδόνι
3460 5176 3594 5214 συν-

2009 5238 2152 5292 όδου.

2080 5332 2209 5385 Kl".
2255 5332 2390 5400 Περὶ
2415 5330 2509 5385 τοῦ
2539 5333 2808 5405 Φραυῒτου
2865 5337 2959 5390 καὶ
2994 5338 3257 5410 Εὐφήμου
3302 5344 3411 5398 τῶν
3433 5347 3594 5403 Κων-

2011 5424 2555 5489 σταντινουπολιτῶν,
2588 5426 2683 5479 καὶ
2720 5427 3043 5483 Ἀθανασίου
3067 5433 3161 5486 καλ⁸
3201 5436 3449 5492 Ἰωάννου
3479 5442 3592 5498 τῶν

2022 5513 2436 5585 Ἀλεξανδρέων,
2488 5515 2585 5569 καὶ
2641 5516 2945 5571 Παλλαδίου
2990 5521 3088 5573 καὶ
3132 5521 3436 5581 Φλαϐιανοῦ
3479 5529 3591 5585 τῶν

2008 5606 2346 5677 Ἀντιοχέων,
2381 5608 2476 5661 καὶ
2497 5608 2700 5679 ἑτέρων
2725 5611 2906 5667 τινῶν.

2014 5740 2021 5749 .
2080 5698 2205 5754 KA'.
2251 5698 2386 5770 Περὶ
2445 5699 2546 5767 τῆς
2589 5700 2923 5771 ἀναιρέσεως
2964 5703 3237 5775 Ἀρμάτου
3287 5713 3589 5781 συγγενοῦς

2006 5790 2232 5865 Βερίνης
2271 5794 2368 5864 τῆς
2400 5791 2685 5865 βασιλίδος.
