3978 6462
297 426 435 494 2593
1214 415 1601 478 HISTORI/E
1638 414 2229 476 ECCLESIASTICIE
2267 415 2499 480 LIBER
2532 417 2646 479 IlI.
2830 488 2833 491 _
3429 418 3571 483 2594
3617 459 3625 469 ι

365 545 497 599 KE'.
542 541 681 614 Περὶ
694 541 794 611 τῆς
826 538 1254 602 ἐπαναστάσεως
1278 536 1597 608 Θεοδερίχου
1617 535 1711 591 τοῦ
1743 536 1884 590 Σκύ-
1913 549 1936 604 1

2059 559 2224 617 XXV.
2260 561 2336 616 De
2381 557 2712 616 Theodorici
2759 556 2975 630 Scytha:
3023 555 3347 621 rebellione,
3390 555 3572 627 dequo
3626 604 3630 612 .

297 644 413 706 θου,
437 642 534 695 καὶ
563 639 662 709 τῆς
686 637 879 692 τούτου
907 635 1190 703 τελευτῆς.

946 635 1190 703 ελευτῆς.
1985 650 2235 721 ejusdem
2266 651 2517 706 interitu.

364 734 513 800 Κῷ.
544 730 682 800 Περὶ
703 731 803 800 τῆς
837 725 1159 798 Μαρκιανοῦ
1198 721 1643 789 ἐπαναστάσεως,
1679 723 1773 777 καὶ
1797 721 1883 778 οἷα

2054 742 2243 798 XXVI.
2288 742 2367 797 De
2416 742 2723 798 rebellione
2773 739 3072 811 Marciani,
3117 748 3175 796 et
3206 738 3344 810 quid
3390 737 3570 795 eidem

298 823 427 896 περὶ
446 821 637 874 τοῦτον
674 817 896 888 συνέϐη.

699 817 896 888 ξυνέϐη.
1986 832 2270 889 acciderit.

369 915 500 971 KZ'.
536 914 674 984 Περὶ
702 913 807 982 τῆς
835 909 1350 987 τυραννίδοςξῑλλου
1377 909 1473 963 καὶ
1496 907 1773 963 Λεοντίου.

1642 907 1773 962 τίουο
2057 923 2273 978 XXVII.
2304 924 2381 979 De
2414 922 2731 996 Tyrannide
2762 924 2844 979 Illi
2879 940 2943 979 ac
2973 922 3213 979 Leontii.

367 1005 505 1065 κη’.
544 1007 682 1079 Περὶ
716 1003 1085 1077 Μαμμιανοῦ,
1112 1003 1209 1058 καὶ
1239 1003 1349 1058 τῶν
1379 1003 1555 1075 ἔργων
1587 1001 1776 1057 αὑτοῦ.

2057 1010 2299 1065 XXVIII.
2354 1010 2430 1066 De
2477 1011 2838 1078 Mammiano,
2871 1022 2928 1067 et
2974 1011 3044 1067 de
3091 1010 3355 1082 operibus
3387 1009 3457 1064 ab
3504 1024 3573 1065 eo

1987 1105 2339 1160 constructis.
2683 1129 2690 1133 ·

365 1185 500 1241 ΚΘΕ
536 1183 674 1253 Περὶ
694 1182 793 1251 τῆς
822 1179 1080 1251 τελευτῆς
1107 1180 1375 1252 Ζήνωνος,
1400 1177 1614 1247 καὶτῆς
1637 1177 1886 1249 ἀναῤῥη-

2069 1194 2254 1250 XXIX.
2289 1196 2367 1251 De
2401 1195 2641 1251 Zenonis
2685 1194 2866 1261 obitu,
2896 1204 2952 1249 et
2982 1193 3050 1250 de
3081 1193 3355 1249 Anastasii
3401 1193 3578 1264 impe-
3634 1236 3640 1241 .

298 1296 438 1342 σεως
471 1274 851 1331 Ἀναστασίου.

1988 1287 2187 1343 ratoris
2227 1288 2661 1359 nuncupatione.

368 1371 450 1425 A’.
489 1369 628 1440 Περὶ
660 1367 1017 1423 ’Λναστασίου
1043 1364 1137 1421 τοῦ
1174 1364 1462 1436 βασιλέως,
1500 1361 1595 1418 καὶΔ
1619 1362 1696 1426 ὡς
1722 1361 1886 1416 διὰτὸ

2068 1379 2243 1435 XXX.
2280 1380 2358 1435 De
2394 1379 2683 1435 Anastasio
2729 1378 3064 1449 imperatore
3112 1394 3126 1431 :
3165 1383 3222 1430 et
3268 1375 3571 1446 quomodo,

304 1463 378 1532 ,ιὴ
411 1458 703 1532 βούλεσθαι
735 1458 925 1512 τοῦτον
955 1460 1303 1527 καινοτομεῖν
1329 1474 1381 1509 τι
1416 1456 1545 1528 περὶ
1566 1454 1666 1528 τὴν
1692 1453 1875 1529 ἐκκλη-

2005 1485 2116 1525 :um
2163 1470 2256 1524 ille
2297 1469 2436 1524 nihil
2481 1469 2537 1524 in
2586 1468 2964 1525 ecclesiastico
2996 1474 3146 1525 statu
3172 1466 3378 1520 sineret
3420 1466 3576 1520 inno‘

303 1552 589 1624 σιαστικὴν
620 1552 976 1615 κατάστασιν,
1011 1550 1220 1621 μυρίων
1248 1549 1507 1621 ταραχῶν
1538 1549 1595 1602 αἱ
1635 1548 1738 1602 ἀνὰ
1786 1546 1874 1618 rip

2008 1560 2128 1625 rari,
2165 1561 2335 1616 totius
2377 1560 2531 1615 orbis
2560 1561 2820 1618 Ecclesiae
2858 1559 3167 1614 innumeris
3204 1557 3579 1628 perturbatio-

300 1645 628 1716 οἰκουμένην
656 1643 976 1713 Ἐκκλησίαι
1007 1641 1422 1714 ἐνεπλήσθησαν
1443 1656 1454 1669 ·
1486 1639 1672 1696 πολλοί
1696 1657 1755 1694 τε
1777 1639 1871 1694 τῶι

2004 1651 2156 1707 nibus
2187 1651 2412 1721 repletae
2451 1660 2600 1716 sunt,
2630 1651 2899 1721 multique
2924 1649 3170 1721 episcOpi
3198 1664 3320 1704 eam
3348 1647 3421 1702 ob
3453 1662 3575 1702 cau-

302 1737 617 1794 ἐπισκόπων
646 1735 738 1789 διὰ
759 1734 918 1789 τοῦτο
949 1734 1341 1805 ἐξεϐλήθησαν.

798 1734 918 1789 οὖτο
949 1734 1341 1805 ἐξεϐλήθησαν.
1990 1758 2104 1798 sam
2133 1743 2369 1812 expulsi.

369 1830 495 1883 AA'.
538 1827 828 1898 Ἐπιστολὴ
879 1826 987 1880 τῶν
1022 1826 1272 1898 μοναχῶν
1323 1823 1705 1878 Παλαιστινῶν
1749 1823 1887 1895 πρὸς
1922 1889 1940 1903 _

2061 1832 2257 1889 XXXI.
2289 1832 2538 1903 Epistola
2569 1832 2964 1887 monachorum
3006 1831 3309 1887 Palaestinae
3336 1829 3403 1885 ad
3433 1829 3580 1884 Alci-

304 1923 608 1977 ’Δλκίσωνα
635 1921 763 1992 περ)⁸
789 1919 1024 1992 μονοιχοῦ
1054 1918 1279 1973 Ξεναίου
1308 1918 1403 1971 καὶ
1425 1919 1629 1988 ἐτέρων
1655 1916 1837 1970 τινῶν.

2079 1941 2187 1981 rem
2220 1924 2290 1981 de
2318 1889 2529 1979 Xenaia
2561 1925 2856 1988 monacho,
2891 1933 2947 1978 et
2974 1923 3041 1979 de
3073 1924 3197 1977 aliis
3225 1921 3579 1992 quibusdam.
3644 1962 3650 1971 .

366 2017 491 2071 AB’.
523 2013 659 2084 Περὶ
683 2012 782 2084 τῆς
804 2010 1032 2081 ἐκϐολῆς
1061 2009 1399 2065 Μακεδονίω
1434 2008 1530 2062 τοῦ
1581 2008 1889 2063 Κωνσταν-

2065 2016 2283 2071 XXXII.
2319 2017 2397 2071 De
2427 1998 2748 2085 expulsione
2781 2014 3086 2069 Macedonii
3116 2012 3580 2081 Constantinopo-

302 2106 681 2169 τινουπόλεως,
713 2106 807 2159 καὶ
830 2101 1132 2158 Φλαϐιανοῦ
1176 2102 1536 2172 Ἀντιοχείας.

1993 2109 2151 2165 litani
2184 2109 2454 2178 episcopi,
2482 2117 2538 2162 et
2572 2107 2813 2162 Flaviani
2843 2105 3195 2161 Antiocheni.

371 2195 497 2253 AI".
535 2198 673 2269 Περὶ
699 2196 943 2269 Σεϐήρου
975 2194 1286 2249 ἐπισκόπου
1321 2192 1675 2262 Ἀντιοχείας.

2065 2199 2311 2254 XXXIII.
2349 2201 2427 2254 De
2463 2199 2671 2254 Severo
2691 2199 2953 2268 episcopo
2983 2197 3306 2252 Antiochiae.

374 2288 496 2346 AA'.
538 2289 676 2362 Περὶ
712 2289 813 2360 τῆς
838 2286 1184 2359 πεμφθείσης
1207 2284 1356 2356 αὐτῷ
1391 2284 1767 2355 καθαιρέσεως
1788 2283 1893 2338 ὑπὸ

2085 2294 2310 2350 XXXIV.
2343 2296 2420 2349 De
2450 2294 2642 2349 libello
2670 2294 3039 2363 depositionis
3080 2294 3146 2357 ad
3195 2294 3453 2350 eumdem
3490 2291 3590 2348 Se-
3648 2326 3656 2357 ;

306 2384 503 2454 Κοσμᾶ
524 2383 621 2437 καὶ
643 2380 1001 2454 Σεϐηριανοῦ.

1995 2401 2187 2442 verum
2219 2386 2390 2440 misso
2418 2401 2449 2440 a
2477 2386 2673 2441 Cosma
2706 2394 2763 2439 et
2789 2384 3109 2439 Severiano.

375 2476 500 2531 AE’.
522 2476 659 2546 Περὶ
673 2474 771 2543 τῆς
787 2472 896 2526 τῶν
919 2471 1196 2542 τυράννων
1212 2469 1474 2541 Ἰσαύρων
1496 2470 1890 2541 καθαιρέσεως.

1806 2487 1890 2532 υς.
2068 2475 2284 2531 XXXV.
2316 2477 2393 2530 De
2421 2476 2691 2532 exstincta
2722 2477 3035 2530 Isaurorum
3067 2476 3377 2547 tyrannide.

343 2569 519 2636 ‘AG’.
545 2566 684 2638 Περὶ
703 2565 811 2619 τῶν
830 2563 1123 2635 Σκηνητῶν
1142 2561 1456 2634 βαρϐάρων,
1480 2561 1556 2626 ὡς
1572 2560 1894 2616 ἐσπείσαντο

2026 2622 2031 2627 .
2064 2567 2306 2623 XXXVI.
2346 2567 2635 2634 Quomodo
2663 2567 2923 2623 Saraceni
2947 2582 3141 2638 pacem
3170 2583 3295 2624 cum
3326 2566 3588 2624 Romanis

312 2659 445 2732 πρὸς
481 2657 810 2730 Ῥωμαίους.

698 2674 810 2721 ους.
1948 2660 1953 2661 ⁷
1996 2654 2269 2715 feCerunt.

376 2753 500 2806 AZ'.
540 2749 680 2822 Περὶ
710 2748 813 2820 τῆς
846 2748 904 2803 ἐν
933 2744 1119 2819 Ἀμίδῃ
1148 2743 1491 2816 πολιορκίας,
1523 2742 1618 2798 καὶ
1662 2742 1894 2808 κτίσεως

2067 2751 2334 2807 XXXVII.
2369 2752 2448 2807 De
2479 2751 2885 2822 expugnatione
2914 2750 3145 2816 Amidae,
3173 2759 3228 2806 et
3263 2750 3331 2805 de
3360 2748 3587 2806 conditu

305 2842 401 2896 τοῦ
430 2840 634 2914 Δάρας.
1690 2855 1694 2859 -

1690 2855 1694 2859 ·
1890 2842 1893 2845 ⁴
2001 2844 2158 2899 urbis
2186 2845 2379 2898 Daras.

374 2934 508 2989 AH'.
542 2930 681 3003 Περὶ
703 2928 801 2984 τοῦ
833 2927 1050 3000 μακροῦ
1077 2930 1312 2999 τείχους.

1306 2966 1312 2979 ι
2069 2933 2362 2990 XXXVIII.
2393 2935 2473 2989 De
2498 2935 2664 3005 longo
2698 2950 2877 2989 nturo.

372 3024 501 3081 AG'.
530 3023 671 3094 Περὶ
696 3020 792 3076 τοῦ
820 3020 1115 3092 λεγομένου
1153 3015 1591 3091 Χρυσαργύρου,
1639 3015 1714 3079 ὡς
1747 3016 1894 3069 ἀνεῖ-

2072 3026 2317 3082 XXXIX.
2351 3027 2428 3082 De
2452 3028 2707 3098 vectigali
2735 3027 2883 3098 quod
2908 3025 3342 3098 Chrysargyrum
3368 3029 3589 3089 vocant,

301 3120 401 3173 λεν
423 3116 591 3172 αὑτὸν
626 3116 1006 3178 Ἀναστᾶσιος.

2000 3127 2057 3173 et
2079 3118 2362 3188 quomodo
2389 3118 2667 3173 sublatum
2694 3118 2768 3172 sit
2791 3117 2861 3172 ab
2889 3117 3197 3171 Anastasio.

374 3209 468 3265 Μ’.
506 3205 648 3278 Περὶ
664 3200 739 3260 ὧν
774 3205 1030 3277 ἱστόρησε
1062 3203 1314 3274 Ζώσιμος
1338 3202 1499 3273 χάριν
1520 3199 1616 3254 τοῦ
1643 3201 1900 3272 Χρυσαρ-
1926 3226 1945 3279 ε

2091 3209 2188 3263 XL.
2222 3210 2301 3265 De
2330 3208 2418 3265 his
2444 3225 2566 3280 qua:
2595 3209 2850 3265 Zosimus
2880 3210 3102 3279 scripsit
3130 3207 3199 3263 de
3220 3206 3595 3278 Chrysargyro
3656 3236 3662 3250 ι

301 3295 501 3369 γύρου,
530 3297 628 3350 καὶ
655 3295 1073 3350 Κωνσταντίνου
1113 3292 1208 3346 τοῦ
1236 3291 1518 3362 βασιλέως.

1356 3291 1518 3355 πλέως.
2007 3309 2063 3357 et
2088 3302 2157 3358 de
2180 3301 2548 3358 Constantino
2575 3302 2927 3371 imperatore.

378 3389 522 3467 ῌΑθ.
578 3386 908 3449 ’Δπόστασις
958 3383 1095 3457 πρὸς
1123 3382 1380 3454 Ζώσιμον
1409 3383 1495 3452 ἐφ’
1521 3377 1602 3447 οἷς
1630 3381 1907 3454 ἐϐλασφή-

2091 3392 2215 3447 XLI.
2248 3392 2528 3448 Invectiva
2562 3392 2617 3447 in
2651 3392 2931 3447 Zosimum
2976 3390 3050 3446 ob
3079 3393 3200 3463 ejus
3231 3390 3290 3446 in
3322 3387 3597 3446 Constan-
3658 3422 3662 3425 ς

304 3495 456 3552 μησε
490 3478 908 3545 Κωνσταντῖνον
943 3476 1036 3530 καὶ
1067 3474 1462 3551 Χριστιανούς.
1578 3546 1583 3549 _

1422 3492 1462 3539 ῖς
1578 3546 1583 3549 _
2008 3485 2186 3539 tinum
2222 3492 2280 3539 et
2304 3483 2652 3540 Christianos
2680 3484 2993 3539 maledicta.

378 3569 520 3627 ΜΗ.
547 3570 692 3641 ’Περὶ
710 3569 811 3640 τῆς
832 3566 1236 3641 χρυσοτελείας.

2079 3574 2244 3630 XLII.
2273 3575 2351 3630 De
2380 3575 2601 3629 auraria
2635 3576 2922 3645 pensione.

380 3664 522 3720 Ml".
557 3664 697 3735 Περὶ
725 3662 827 3733 τῆς
857 3660 1181 3733 τυραννίδος
1205 3659 1553 3716 Βιταλιανοῦ.

1460 3659 1553 3716 νοῦ.
2079 3667 2264 3722 XLIII.
2297 3668 2375 3723 De
2404 3667 2663 3723 Vitaliani
2696 3667 3031 3740 Tyrannide.

381 3753 520 3812 ΜΝ.
560 3755 650 3820 Ὠς
682 3753 1043 3809 Ἀναστασίου
1089 3756 1148 3808 ἐν
1172 3753 1253 3823 τῷ
1277 3752 1552 3825 τρισαγίῳ
1588 3752 1786 3823 Ὕμνῳ
1818 3751 1927 3821 τδ,⁶

2081 3756 2265 3813 XLIV.
2302 3755 2592 3823 Quomodo
2636 3758 2831 3829 ingens
2863 3758 3064 3813 seditio
3104 3756 3159 3811 in
3201 3756 3409 3828 populo
3448 3756 3599 3812 exci-

315 3848 380 3904 Ὀ
402 3845 746 3919 σταυρωθεὶς
766 3845 835 3899 δι’
853 3846 1024 3916 ἡμᾶς,
1044 3843 1400 3916 βουληθέντος
1422 3844 1763 3913 προσθεῖναι,
1782 3844 1885 3897 στά

2029 3854 2121 3901 ata
2168 3846 2271 3912 sit,
2308 3862 2437 3901 cum
2484 3847 2811 3902 Anastasius
2856 3848 2912 3901 in
2958 3848 3173 3920 Hymno
3209 3846 3457 3918 Trisagio
3498 3846 3600 3902 bas

306 3958 399 4005 σις
427 3942 486 3995 ἐν
505 3939 586 4010 τῷ
608 3938 768 4010 δήμῳ
798 3937 892 3992 καὶ
921 3938 1137 4010 ταραχὴ
1166 3936 1393 4007 γέγονεν
1411 3950 1426 3967 ⁸
1466 3937 1603 4009 ὅπερ
1626 3935 1877 4009 φοϐηθεὶς

2028 3950 2180 3991 voces
2223 3934 2427 3990 addere
2477 3936 2746 3992 voluisset
2788 3955 2804 3991 :
2849 3938 2944 4008 qui
3011 3938 3307 3994 cruciﬁxus
3363 3948 3448 3994 est
3497 3952 3599 4009 pro

309 4033 762 4104 ὑποκρινάμενος
808 4029 1164 4099 ταπείνωσιν,
1230 4028 1368 4100 ταχὺ
1425 4028 1524 4093 τὰς
1562 4027 1791 4099 ⁴γνώμας
1817 4045 1878 4082 το

2095 4027 2199 4083 bis.
2228 4026 2385 4094 Quod
2416 4038 2670 4084 metuens
2695 4028 3038 4097 Anastasius,
3067 4030 3418 4087 simulatione
3444 4044 3599 4095 usus,
3662 4080 3666 4085 .

302 4126 375 4196 δή
384 4141 494 4196 μου
529 4120 819 4192 μετέϐαλε.

2032 4118 2218 4174 statim
2264 4118 2443 4189 plebis
2482 4121 2699 4175 animos
2751 4122 3130 4178 commutavit.

383 4396 528 4455 ME'.
560 4396 699 4468 Περὶ
720 4395 816 4451 τοῦ
855 4395 1091 4452 θανάτου
1139 4395 1516 4468 Ἀναστασίου.
1942 4375 1954 4431 Ῑ

1942 4375 1989 4434 Ῑ)
2085 4394 2247 4452 XLV.
2280 4422 2350 4434 -—
2382 4392 2520 4451 Item
2542 4397 2610 4453 de
2634 4397 2786 4468 obitu
2810 4394 3060 4468 ejusdem
3084 4395 3379 4452 Anastasii.

916 4468 1175 4522 ΚΕΦΑΛ.
1227 4466 1311 4522 A'.

2590 4467 2751 4539 333
2798 4466 2951 4521 CAP.
2992 4466 3035 4522 ι.

298 4587 459 4659 Περὶ
476 4588 591 4657 τῆς
612 4585 941 4652 βασιλείας
963 4583 1246 4653 Ζήνωνος
1288 4580 1388 4636 καὶ
1413 4578 1520 4635 τοῦ
1532 4579 1676 4647 ,βίου
1698 4579 1869 4634 αὐτοὶ

1903 4620 1908 4634 .
2198 4556 2274 4635 De
2302 4583 2524 4654 imperio
2550 4581 2777 4636 Zenonis
2834 4581 3000 4652 deque
3028 4581 3261 4651 ejusdem
3303 4582 3432 4635 vita.
3466 4574 3474 4582 ’

380 4725 584 4795 Ζήνων
621 4721 703 4788 δὲ,
731 4720 857 4774 ἐπεὶ
911 4719 1011 4790 τὴν
1041 4717 1339 4790 βασιλείαν,
1381 4716 1476 4771 τοῦ
1520 4716 1709 4780 παιδός
1747 4716 1796 4770 οί
1824 4734 1913 4770 τεο·

2105 4716 2165 4771 At
2196 4716 2369 4782 Zeno,
2408 4717 2573 4773 simul
2611 4725 2797 4788 atque,
2830 4722 3053 4770 mortuo
3082 4714 3256 4776 ipsius
3293 4712 3428 4777 ﬁlio,
3463 4713 3615 4770 solus
3672 4754 3676 4759 .

292 4815 708 4878 λευτὴσαντος,
750 4811 913 4882 μόνος
956 4810 1314 4882 περιεϐάλετο
1333 4849 1348 4875 ,
1377 4808 1569 4877 ὥσπερ
1600 4809 1699 4862 οὐκ
1732 4808 1863 4879 οίὸμι

2048 4815 2319 4885 mperium
2374 4814 2655 4881 obtinuit,
2706 4813 2864 4883 quasi
2920 4825 3246 4881 persuasum
3295 4809 3509 4864 habens
3553 4825 3613 4865 se

294 4924 404 4969 νος
444 4904 494 4937 ⁷⁰
521 4903 634 4957 τῶν
665 4903 809 4957 ὅλων
838 4901 1113 4972 ἐγκρατὴς
1156 4898 1435 4971 γενέσθαι,
1464 4901 1513 4952 εί
1558 4897 1634 4971 μὴ
1668 4898 1763 4952 καὶ
1802 4900 1865 4954 πί

2046 4921 2373 4977 tequaquam
2409 4919 2627 4961 summo
2659 4903 2894 4973 imperio
2927 4901 3219 4972 praeditum
3249 4914 3391 4960 esse.
3422 4899 3525 4955 nisi
3558 4899 3617 4953 in

303 5014 454 5059 σαις
488 4997 611 5059 ταῖς
650 4986 940 5057 ἐπιούσαις
990 4993 1208 5064 ἡδοναῖς
1243 4991 1361 5063 μετ’
1402 4991 1651 5058 ἐξουσίας
1692 4989 1874 5055 ἐπεξέλ

2095 5013 2191 5053 nne
2236 5014 2411 5070 genus
2458 4996 2732 5061 libidinis,
2770 4994 3142 5064 quodcunque
3180 4990 3405 5046 obvium
3441 4998 3614 5055 esset,
3658 5007 3666 5013 ·

296 5090 433 5153 θοι,
484 5086 742 5142 τοσοῦτον
776 5088 841 5139 ἐκ
882 5085 1187 5156 προοιμίων
1235 5082 1429 5137 ἑαυτὸν
1467 5084 1587 5147 ταῖς
1635 5081 1858 5135 ἐπιθέσε

2047 5104 2244 5145 summa
2287 5104 2414 5143 cum
2450 5087 2674 5142 licentia
2708 5083 3094 5141 effunderetur
3121 5099 3136 5137 :
3168 5081 3350 5137 statim
3383 5080 3453 5135 ab
3497 5080 3618 5150 ipso

293 5182 430 5239 τῶν
468 5177 779 5251 ἐπιθυμιῶν
810 5168 1128 5241 ἐκδέδωκεν,
1160 5175 1236 5240 ὼς
1285 5174 1453 5245 μηδὲν
1483 5174 1644 5228 αὐτὸν
1673 5175 1864 5244 ἔπισχε

2046 5180 2255 5235 :xordio
2288 5178 2569 5234 illecebris
2591 5176 2958 5247 cupiditatum
2990 5174 3064 5228 ita
3094 5187 3153 5228 se
3180 5179 3357 5227 totum
3383 5170 3617 5235 dedidit,

292 5275 432 5329 τῶν
465 5272 738 5342 ἀπρεπῶν
796 5287 856 5324 τε
902 5269 1001 5322 καὶ
1051 5268 1326 5340 ἀθέσμων
1356 5266 1473 5320 ἀλλ’
1501 5266 1673 5330 οὕτως
1711 5266 1863 5319 τούτο

2049 5278 2094 5325 ιι
2132 5270 2273 5325 nihil
2316 5277 2461 5325 esset
2508 5278 2614 5323 tam
2651 5276 2811 5338 turpe
2862 5275 3081 5336 tamque
3128 5264 3420 5329 illicitum,
3470 5261 3620 5332 quod

298 5362 815 5437 ἐμπολιτεύεσθαι,
853 5362 929 5426 ὼς
958 5361 1019 5415 τὸ
1063 5362 1293 5426 σκοτίως
1318 5359 1491 5415 ταῦτα
1533 5360 1628 5413 καὶ
1658 5359 1717 5412 ἐν
1741 5377 1869 5432 παρ(

2105 5374 2292 5436 petum
2318 5365 2440 5436 ejus
2472 5363 2796 5429 cohiberet;
2829 5361 2925 5418 sed
2956 5360 3037 5416 sic
3073 5360 3128 5415 in
3159 5356 3379 5428 ﬂagitiis
3406 5355 3623 5410 voluta—
3666 5358 3672 5363 '

302 5460 523 5526 ϐύστῳ
554 5454 867 5526 γίγνεσθαι,
890 5452 1183 5524 χαμερπές
1212 5448 1353 5506 εἶναι
1384 5450 1653 5522 νομίζειν*
1682 5449 1745 5503 τὸ
1778 5450 1835 5504 δέ
1862 5468 1873 5482 ·

2109 5465 2208 5522 tur,
2244 5465 2304 5511 ut
2331 5456 2472 5511 clam
2506 5454 2731 5525 quidem
2775 5468 2839 5508 ac
2868 5450 3096 5507 remotis
3123 5448 3350 5504 arbitris
3375 5460 3440 5502 ea
3466 5460 3625 5501 eom-
3674 5482 3680 5489 .

296 5548 641 5619 ἀναφανδὸν
669 5548 765 5602 καὶ
810 5546 1002 5617 ὥσπερ
1060 5545 1430 5610 ἐξ,ὰπόπτου,
1478 5542 1758 5611 βασιλικὸν
1782 5582 1797 5606 ,
1829 5561 1862 5596 κ

2107 5555 2266 5612 ttere,
2298 5545 2409 5602 vile
2455 5562 2519 5601 ac
2547 5545 2831 5616 plebeium
2866 5543 3208 5598 existimaret
3236 5556 3250 5595 :
3278 5540 3457 5611 palam
3486 5552 3622 5593 vero
3674 5564 3678 5571 -

238 5658 245 5667 '
301 5639 705 5708 abroxpa'ttopt
735 5636 882 5708 μόνῳ
921 5637 1154 5705 πρέπον·
1190 5634 1378 5700 κακῶς
1416 5634 1508 5689 κα)⁵
1537 5632 1809 5703 δουλοπρε⁸

2049 5646 2082 5692 rt
2107 5637 2211 5698 sub
2239 5638 2419 5695 oculis
2446 5637 2694 5695 omnium
2738 5640 2811 5693 ea
2844 5643 3084 5707 patrare,
3114 5631 3327 5704 regium
3357 5627 3620 5702 quiddam

1662 5746 1893 5805 νΔιιυΕ
1933 5740 2342 5805 LECTIONES.

382 5848 443 5882 ’°
480 5844 581 5900 οὐκ
617 5845 732 5898 οἱκε
743 5842 821 5897 tori
829 5860 1008 5915 μενος.
