  <div class='ocr_page' id='page_1' title='image "/cluster/home/n/w/nwhite01/storage/ocr_20150623/86:pt.2/coo.31924054869890/427.png"; bbox 0 0 3978 6392; ppageno 0'>
   <div class='ocr_carea' id='block_1_1' title="bbox 408 408 3682 487">
    <p class='ocr_par' dir='ltr' id='par_1_1' title="bbox 408 408 3682 487">
     <span class='ocr_line' id='line_1_1' title="bbox 408 408 3682 487; baseline -0.008 0"><span class='ocrx_word' id='word_1_1' title='bbox 408 418 550 487; x_wconf 74' lang='lat'><strong>2599</strong></span> <span class='ocrx_word' id='word_1_2' title='bbox 1328 444 1337 454; x_wconf 91' lang='lat'><strong>-</strong></span> <span class='ocrx_word' id='word_1_3' title='bbox 1611 412 1926 475; x_wconf 82' lang='lat' dir='ltr'><strong>EVAGRII</strong></span> <span class='ocrx_word' id='word_1_4' title='bbox 1967 409 2453 471; x_wconf 76' lang='lat' dir='ltr'><strong>SCHOLASTICI</strong></span> <span class='ocrx_word' id='word_1_5' title='bbox 3537 408 3682 475; x_wconf 56' lang='grc' dir='ltr'>που</span> 
     </span>
    </p>
   </div>
   <div class='ocr_carea' id='block_1_2' title="bbox 405 519 1974 596">
    <p class='ocr_par' dir='ltr' id='par_1_2' title="bbox 405 520 1969 596">
     <span class='ocr_line' id='line_1_2' title="bbox 405 520 1969 596; baseline -0.01 -6"><span class='ocrx_word' id='word_1_6' title='bbox 405 533 678 593; x_wconf 80' lang='lat' dir='ltr'><strong>mitteret,</strong></span> <span class='ocrx_word' id='word_1_7' title='bbox 703 535 760 584; x_wconf 90' lang='lat' dir='ltr'><strong>et</strong></span> <span class='ocrx_word' id='word_1_8' title='bbox 787 541 852 583; x_wconf 90' lang='lat' dir='ltr'><strong>ea</strong></span> <span class='ocrx_word' id='word_1_9' title='bbox 877 540 996 596; x_wconf 82' lang='lat' dir='ltr'><strong>quae</strong></span> <span class='ocrx_word' id='word_1_10' title='bbox 1040 521 1388 579; x_wconf 84' lang='lat' dir='ltr'><strong>Chalcedone</strong></span> <span class='ocrx_word' id='word_1_11' title='bbox 1446 530 1601 593; x_wconf 86' lang='lat' dir='ltr'><strong>gesta</strong></span> <span class='ocrx_word' id='word_1_12' title='bbox 1648 520 1969 594; x_wconf 80' lang='lat' dir='ltr'><strong>fuerant,_e</strong></span> 
     </span>
    </p>
   </div>
   <div class='ocr_carea' id='block_1_3' title="bbox 2081 519 3682 596">
    <p class='ocr_par' dir='ltr' id='par_1_3' title="bbox 2097 519 3682 592">
     <span class='ocr_line' id='line_1_3' title="bbox 2097 519 3682 592; baseline 0.003 -19"><span class='ocrx_word' id='word_1_13' title='bbox 2097 537 2157 573; x_wconf 87' lang='grc' dir='ltr'>τε</span> <span class='ocrx_word' id='word_1_14' title='bbox 2219 520 2532 590; x_wconf 79' lang='grc' dir='ltr'>περιϐαλεῖν</span> <span class='ocrx_word' id='word_1_15' title='bbox 2564 520 2634 575; x_wconf 71' lang='grc' dir='ltr'><strong>τὰ</strong></span> <span class='ocrx_word' id='word_1_16' title='bbox 2675 521 2732 574; x_wconf 80' lang='grc' dir='ltr'>ὲν</span> <span class='ocrx_word' id='word_1_17' title='bbox 2783 520 3088 592; x_wconf 72' lang='grc' dir='ltr'><strong>Καλχηδόνι</strong></span> <span class='ocrx_word' id='word_1_18' title='bbox 3128 519 3498 592; x_wconf 82' lang='grc' dir='ltr'>πεπραγμένα</span> <span class='ocrx_word' id='word_1_19' title='bbox 3522 560 3537 588; x_wconf 83' lang='grc'>,</span> <span class='ocrx_word' id='word_1_20' title='bbox 3589 521 3682 579; x_wconf 79' lang='grc' dir='ltr'><strong>καὶ</strong></span> 
     </span>
    </p>
   </div>
   <div class='ocr_carea' id='block_1_4' title="bbox 404 608 1974 686">
    <p class='ocr_par' dir='ltr' id='par_1_4' title="bbox 404 611 1974 686">
     <span class='ocr_line' id='line_1_4' title="bbox 404 611 1974 686; baseline -0.01 -5"><span class='ocrx_word' id='word_1_21' title='bbox 404 620 611 681; x_wconf 78' lang='lat' dir='ltr'><strong>Leonis</strong></span> <span class='ocrx_word' id='word_1_22' title='bbox 634 618 838 673; x_wconf 85' lang='lat' dir='ltr'><strong>librum</strong></span> <span class='ocrx_word' id='word_1_23' title='bbox 864 614 1198 670; x_wconf 89' lang='lat' dir='ltr'><strong>anathemati</strong></span> <span class='ocrx_word' id='word_1_24' title='bbox 1217 613 1537 686; x_wconf 65' lang='lat' dir='ltr'><strong>subiiceret.</strong></span> <span class='ocrx_word' id='word_1_25' title='bbox 1565 611 1789 669; x_wconf 83' lang='lat' dir='ltr'><strong>Litterae</strong></span> <span class='ocrx_word' id='word_1_26' title='bbox 1805 620 1974 667; x_wconf 84' lang='lat' dir='ltr'><strong>auten</strong></span> 
     </span>
    </p>
   </div>
   <div class='ocr_carea' id='block_1_5' title="bbox 2081 608 3463 686">
    <p class='ocr_par' dir='ltr' id='par_1_5' title="bbox 2093 608 3463 685">
     <span class='ocr_line' id='line_1_5' title="bbox 2093 608 3463 685; baseline 0.001 -21"><span class='ocrx_word' id='word_1_27' title='bbox 2093 611 2185 665; x_wconf 81' lang='grc' dir='ltr'>τὸν</span> <span class='ocrx_word' id='word_1_28' title='bbox 2213 614 2379 683; x_wconf 86' lang='grc' dir='ltr'>τόμον</span> <span class='ocrx_word' id='word_1_29' title='bbox 2404 611 2653 677; x_wconf 84' lang='grc' dir='ltr'>Λέοντος’</span> <span class='ocrx_word' id='word_1_30' title='bbox 2686 608 2761 667; x_wconf 82' lang='grc' dir='ltr'><strong>ὧν</strong></span> <span class='ocrx_word' id='word_1_31' title='bbox 2795 614 2829 684; x_wconf 87' lang='grc' dir='ltr'><strong>ή</strong></span> <span class='ocrx_word' id='word_1_32' title='bbox 2860 612 3106 685; x_wconf 84' lang='grc' dir='ltr'>συνθήκη</span> <span class='ocrx_word' id='word_1_33' title='bbox 3137 612 3288 682; x_wconf 81' lang='grc' dir='ltr'><strong>λέγει</strong></span> <span class='ocrx_word' id='word_1_34' title='bbox 3312 612 3463 669; x_wconf 81' lang='grc' dir='ltr'>τάδε’</span> 
     </span>
    </p>
   </div>
   <div class='ocr_carea' id='block_1_6' title="bbox 398 711 757 771">
    <p class='ocr_par' dir='ltr' id='par_1_6' title="bbox 398 711 757 771">
     <span class='ocr_line' id='line_1_6' title="bbox 398 711 757 771; baseline -0.019 -2"><span class='ocrx_word' id='word_1_35' title='bbox 398 715 486 771; x_wconf 88' lang='lat' dir='ltr'><strong>sic</strong></span> <span class='ocrx_word' id='word_1_36' title='bbox 510 711 757 767; x_wconf 78' lang='lat' dir='ltr'><strong>habent:</strong></span> 
     </span>
    </p>
   </div>
   <div class='ocr_carea' id='block_1_7' title="bbox 784 796 1603 891">
    <p class='ocr_par' dir='ltr' id='par_1_7' title="bbox 784 796 1603 891">
     <span class='ocr_line' id='line_1_7' title="bbox 784 796 1603 891; baseline -0.002 -17"><span class='ocrx_word' id='word_1_37' title='bbox 784 818 1066 891; x_wconf 82' lang='lat' dir='ltr'><strong>Encyclica</strong></span> <span class='ocrx_word' id='word_1_38' title='bbox 1088 796 1310 889; x_wconf 72' lang='lat' dir='ltr'><strong>epistola</strong></span> <span class='ocrx_word' id='word_1_39' title='bbox 1337 818 1603 874; x_wconf 73' lang='lat' dir='ltr'><strong>Basilisci.</strong></span> 
     </span>
    </p>
   </div>
   <div class='ocr_carea' id='block_1_8' title="bbox 466 931 1987 1005">
    <p class='ocr_par' dir='ltr' id='par_1_8' title="bbox 466 931 1987 1005">
     <span class='ocr_line' id='line_1_8' title="bbox 466 931 1987 1005; baseline 0 -15"><span class='ocrx_word' id='word_1_40' title='bbox 466 935 769 1005; x_wconf 81' lang='lat' dir='ltr'><strong>Imperator</strong></span> <span class='ocrx_word' id='word_1_41' title='bbox 793 932 976 989; x_wconf 77' lang='lat' dir='ltr'><strong>Caesar</strong></span> <span class='ocrx_word' id='word_1_42' title='bbox 1007 932 1326 996; x_wconf 82' lang='lat' dir='ltr'><strong>Basiliscus,</strong></span> <span class='ocrx_word' id='word_1_43' title='bbox 1359 932 1510 998; x_wconf 77' lang='lat' dir='ltr'><strong>Pius,</strong></span> <span class='ocrx_word' id='word_1_44' title='bbox 1525 932 1736 997; x_wconf 79' lang='lat' dir='ltr'><strong>Victor,</strong></span> <span class='ocrx_word' id='word_1_45' title='bbox 1760 931 1987 996; x_wconf 81' lang='lat' dir='ltr'><strong>Trium-</strong></span> 
     </span>
    </p>
   </div>
   <div class='ocr_carea' id='block_1_9' title="bbox 399 1024 1986 1096">
    <p class='ocr_par' dir='ltr' id='par_1_9' title="bbox 399 1024 1986 1096">
     <span class='ocr_line' id='line_1_9' title="bbox 399 1024 1986 1096; baseline -0.001 -16"><span class='ocrx_word' id='word_1_46' title='bbox 399 1026 618 1096; x_wconf 90' lang='lat' dir='ltr'><strong>phator,</strong></span> <span class='ocrx_word' id='word_1_47' title='bbox 651 1024 942 1091; x_wconf 79' lang='lat' dir='ltr'><strong>Maximus,</strong></span> <span class='ocrx_word' id='word_1_48' title='bbox 968 1040 1189 1095; x_wconf 84' lang='lat' dir='ltr'><strong>semper</strong></span> <span class='ocrx_word' id='word_1_49' title='bbox 1208 1025 1489 1095; x_wconf 79' lang='lat' dir='ltr'><strong>Augustus</strong></span> <span class='ocrx_word' id='word_1_50' title='bbox 1516 1042 1529 1077; x_wconf 89' lang='lat'><strong>:</strong></span> <span class='ocrx_word' id='word_1_51' title='bbox 1555 1032 1611 1079; x_wconf 90' lang='lat' dir='ltr'><strong>et</strong></span> <span class='ocrx_word' id='word_1_52' title='bbox 1640 1024 1859 1079; x_wconf 89' lang='lat' dir='ltr'><strong>Marcus</strong></span> <span class='ocrx_word' id='word_1_53' title='bbox 1872 1024 1986 1079; x_wconf 84' lang='lat' dir='ltr'><strong>No-</strong></span> 
     </span>
    </p>
   </div>
   <div class='ocr_carea' id='block_1_10' title="bbox 2494 812 3285 882">
    <p class='ocr_par' dir='ltr' id='par_1_10' title="bbox 2494 812 3285 882">
     <span class='ocr_line' id='line_1_10' title="bbox 2494 812 3285 882; baseline 0.001 -15"><span class='ocrx_word' id='word_1_54' title='bbox 2494 812 2856 882; x_wconf 76' lang='grc' dir='ltr'>Ἐγκύκλιον</span> <span class='ocrx_word' id='word_1_55' title='bbox 2882 814 3285 868; x_wconf 73' lang='grc' dir='ltr'>Βασιλίσκου.</span> 
     </span>
    </p>
   </div>
   <div class='ocr_carea' id='block_1_11' title="bbox 2161 925 3674 999">
    <p class='ocr_par' dir='ltr' id='par_1_11' title="bbox 2161 925 3674 999">
     <span class='ocr_line' id='line_1_11' title="bbox 2161 925 3674 999; baseline 0.003 -18"><span class='ocrx_word' id='word_1_56' title='bbox 2161 925 2534 999; x_wconf 72' lang='grc' dir='ltr'><strong>Αὐτοκράτωρ</strong></span> <span class='ocrx_word' id='word_1_57' title='bbox 2577 929 2794 999; x_wconf 85' lang='grc' dir='ltr'>Καῖσαρ</span> <span class='ocrx_word' id='word_1_58' title='bbox 2843 928 3206 993; x_wconf 87' lang='grc' dir='ltr'>Βασιλίσκος,</span> <span class='ocrx_word' id='word_1_59' title='bbox 3251 928 3521 999; x_wconf 81' lang='grc' dir='ltr'><strong>Εὐσεϐὴς,</strong></span> <span class='ocrx_word' id='word_1_60' title='bbox 3577 931 3674 985; x_wconf 69' lang='lat' dir='ltr'><strong>Nu</strong></span> 
     </span>
    </p>
   </div>
   <div class='ocr_carea' id='block_1_12' title="bbox 2092 1021 3677 1093">
    <p class='ocr_par' dir='ltr' id='par_1_12' title="bbox 2092 1021 3677 1093">
     <span class='ocr_line' id='line_1_12' title="bbox 2092 1021 3677 1093; baseline 0.002 -17"><span class='ocrx_word' id='word_1_61' title='bbox 2092 1022 2288 1093; x_wconf 84' lang='grc' dir='ltr'>κητὴς,</span> <span class='ocrx_word' id='word_1_62' title='bbox 2321 1021 2718 1093; x_wconf 84' lang='grc' dir='ltr'>¹Γροπαιοῦχος,</span> <span class='ocrx_word' id='word_1_63' title='bbox 2765 1022 3061 1090; x_wconf 81' lang='grc' dir='ltr'><strong>Μέγιστος,</strong></span> <span class='ocrx_word' id='word_1_64' title='bbox 3114 1022 3512 1089; x_wconf 78' lang='grc' dir='ltr'>Ἀεισέϐαστος,</span> <span class='ocrx_word' id='word_1_65' title='bbox 3564 1024 3677 1079; x_wconf 77' lang='grc' dir='ltr'><strong>Λῦ-</strong></span> 
     </span>
    </p>
   </div>
   <div class='ocr_carea' id='block_1_13' title="bbox 402 1116 1990 1188">
    <p class='ocr_par' dir='ltr' id='par_1_13' title="bbox 402 1116 1990 1188">
     <span class='ocr_line' id='line_1_13' title="bbox 402 1116 1990 1188; baseline -0.001 -15"><span class='ocrx_word' id='word_1_66' title='bbox 402 1116 708 1174; x_wconf 90' lang='lat' dir='ltr'><strong>bilissimus</strong></span> <span class='ocrx_word' id='word_1_67' title='bbox 779 1116 983 1188; x_wconf 68' lang='lat' dir='ltr'><strong>Caesar,</strong></span> <span class='ocrx_word' id='word_1_68' title='bbox 1054 1117 1349 1172; x_wconf 85' lang='lat' dir='ltr'><strong>Timotheo</strong></span> <span class='ocrx_word' id='word_1_69' title='bbox 1404 1116 1871 1172; x_wconf 85' lang='lat' dir='ltr'><strong>reverendissimo</strong></span> <span class='ocrx_word' id='word_1_70' title='bbox 1933 1126 1990 1171; x_wconf 88' lang='lat' dir='ltr'><strong>et</strong></span> 
     </span>
    </p>
   </div>
   <div class='ocr_carea' id='block_1_14' title="bbox 399 1208 1990 1279">
    <p class='ocr_par' dir='ltr' id='par_1_14' title="bbox 399 1208 1990 1279">
     <span class='ocr_line' id='line_1_14' title="bbox 399 1208 1990 1279; baseline -0.003 -13"><span class='ocrx_word' id='word_1_71' title='bbox 399 1209 496 1266; x_wconf 88' lang='lat' dir='ltr'><strong>Dei</strong></span> <span class='ocrx_word' id='word_1_72' title='bbox 517 1208 894 1264; x_wconf 90' lang='lat' dir='ltr'><strong>amantissimo</strong></span> <span class='ocrx_word' id='word_1_73' title='bbox 923 1209 1340 1279; x_wconf 84' lang='lat' dir='ltr'><strong>archiepiscOpo</strong></span> <span class='ocrx_word' id='word_1_74' title='bbox 1354 1225 1563 1279; x_wconf 70' lang='lat' dir='ltr'><strong>magna:</strong></span> <span class='ocrx_word' id='word_1_75' title='bbox 1583 1209 1738 1264; x_wconf 86' lang='lat' dir='ltr'><strong>urbis</strong></span> <span class='ocrx_word' id='word_1_76' title='bbox 1753 1209 1990 1263; x_wconf 78' lang='lat' dir='ltr'><strong>Alexan-</strong></span> 
     </span>
    </p>
   </div>
   <div class='ocr_carea' id='block_1_15' title="bbox 400 1299 1987 1370">
    <p class='ocr_par' dir='ltr' id='par_1_15' title="bbox 400 1299 1987 1370">
     <span class='ocr_line' id='line_1_15' title="bbox 400 1299 1987 1370; baseline 0 -17"><span class='ocrx_word' id='word_1_77' title='bbox 400 1299 706 1354; x_wconf 89' lang='lat' dir='ltr'><strong>drinorum.</strong></span> <span class='ocrx_word' id='word_1_78' title='bbox 779 1300 1062 1369; x_wconf 83' lang='lat' dir='ltr'><strong>Quotquot</strong></span> <span class='ocrx_word' id='word_1_79' title='bbox 1099 1300 1247 1370; x_wconf 82' lang='lat' dir='ltr'><strong>leges</strong></span> <span class='ocrx_word' id='word_1_80' title='bbox 1297 1316 1400 1370; x_wconf 88' lang='lat' dir='ltr'><strong>pro</strong></span> <span class='ocrx_word' id='word_1_81' title='bbox 1458 1308 1608 1354; x_wconf 89' lang='lat' dir='ltr'><strong>recta</strong></span> <span class='ocrx_word' id='word_1_82' title='bbox 1646 1309 1810 1369; x_wconf 87' lang='lat' dir='ltr'><strong>atque</strong></span> <span class='ocrx_word' id='word_1_83' title='bbox 1854 1313 1987 1369; x_wconf 90' lang='lat' dir='ltr'><strong>apo-</strong></span> 
     </span>
    </p>
   </div>
   <div class='ocr_carea' id='block_1_16' title="bbox 2090 1113 3680 1187">
    <p class='ocr_par' dir='ltr' id='par_1_16' title="bbox 2090 1113 3680 1187">
     <span class='ocr_line' id='line_1_16' title="bbox 2090 1113 3680 1187; baseline 0.001 -19"><span class='ocrx_word' id='word_1_84' title='bbox 2090 1130 2337 1183; x_wconf 85' lang='grc' dir='ltr'>γουστος·</span> <span class='ocrx_word' id='word_1_85' title='bbox 2371 1114 2469 1167; x_wconf 70' lang='grc' dir='ltr'>καὶ</span> <span class='ocrx_word' id='word_1_86' title='bbox 2495 1113 2725 1183; x_wconf 78' lang='grc' dir='ltr'>Μάρκος</span> <span class='ocrx_word' id='word_1_87' title='bbox 2747 1116 2776 1167; x_wconf 83' lang='grc' dir='ltr'><strong>ό</strong></span> <span class='ocrx_word' id='word_1_88' title='bbox 2818 1113 3283 1182; x_wconf 78' lang='grc' dir='ltr'>Ἐπιφανέστατος</span> <span class='ocrx_word' id='word_1_89' title='bbox 3311 1116 3553 1187; x_wconf 78' lang='grc' dir='ltr'>Καῖσαρ,</span> <span class='ocrx_word' id='word_1_90' title='bbox 3586 1117 3680 1170; x_wconf 85' lang='grc' dir='ltr'><strong>Τι-</strong></span> 
     </span>
    </p>
   </div>
   <div class='ocr_carea' id='block_1_17' title="bbox 2094 1201 3678 1276">
    <p class='ocr_par' dir='ltr' id='par_1_17' title="bbox 2094 1201 3678 1276">
     <span class='ocr_line' id='line_1_17' title="bbox 2094 1201 3678 1276; baseline 0.003 -21"><span class='ocrx_word' id='word_1_91' title='bbox 2094 1202 2275 1273; x_wconf 82' lang='grc' dir='ltr'>μοθέῳ</span> <span class='ocrx_word' id='word_1_92' title='bbox 2310 1202 2388 1272; x_wconf 82' lang='grc' dir='ltr'>τῷ</span> <span class='ocrx_word' id='word_1_93' title='bbox 2426 1202 2816 1273; x_wconf 82' lang='grc' dir='ltr'>εὐλαϐεστάτῳ</span> <span class='ocrx_word' id='word_1_94' title='bbox 2850 1202 2945 1256; x_wconf 75' lang='grc' dir='ltr'><strong>καὶ</strong></span> <span class='ocrx_word' id='word_1_95' title='bbox 2976 1201 3379 1276; x_wconf 75' lang='grc' dir='ltr'>θεοφιλεστάτῳ</span> <span class='ocrx_word' id='word_1_96' title='bbox 3423 1207 3678 1276; x_wconf 82' lang='grc' dir='ltr'>ἁρχιεπι-</span> 
     </span>
    </p>
   </div>
   <div class='ocr_carea' id='block_1_18' title="bbox 2091 1292 3678 1363">
    <p class='ocr_par' dir='ltr' id='par_1_18' title="bbox 2091 1292 3678 1363">
     <span class='ocr_line' id='line_1_18' title="bbox 2091 1292 3678 1363; baseline 0.004 -18"><span class='ocrx_word' id='word_1_97' title='bbox 2091 1294 2281 1363; x_wconf 85' lang='grc' dir='ltr'>σκόπῳ</span> <span class='ocrx_word' id='word_1_98' title='bbox 2308 1294 2409 1363; x_wconf 85' lang='grc' dir='ltr'>τῆς</span> <span class='ocrx_word' id='word_1_99' title='bbox 2467 1292 2863 1363; x_wconf 74' lang='grc' dir='ltr'><strong>Ἀλεξανδρέων</strong></span> <span class='ocrx_word' id='word_1_100' title='bbox 2925 1293 3363 1362; x_wconf 87' lang='grc' dir='ltr'>μεγαλοπόλεως.</span> <span class='ocrx_word' id='word_1_101' title='bbox 3412 1295 3678 1363; x_wconf 79' lang='grc' dir='ltr'>Ὀπόσους</span> 
     </span>
    </p>
   </div>
   <div class='ocr_carea' id='block_1_19' title="bbox 397 1383 1974 1461">
    <p class='ocr_par' dir='ltr' id='par_1_19' title="bbox 397 1390 1974 1461">
     <span class='ocr_line' id='line_1_19' title="bbox 397 1390 1974 1461; baseline -0.001 -16"><span class='ocrx_word' id='word_1_102' title='bbox 397 1391 591 1445; x_wconf 84' lang='lat' dir='ltr'><strong>stolica</strong></span> <span class='ocrx_word' id='word_1_103' title='bbox 642 1390 750 1445; x_wconf 89' lang='lat' dir='ltr'><strong>ﬁde</strong></span> <span class='ocrx_word' id='word_1_104' title='bbox 785 1400 1085 1445; x_wconf 86' lang='lat' dir='ltr'><strong>sanxerunt</strong></span> <span class='ocrx_word' id='word_1_105' title='bbox 1140 1390 1537 1461; x_wconf 79' lang='lat' dir='ltr'><strong>religiosissimi</strong></span> <span class='ocrx_word' id='word_1_106' title='bbox 1576 1390 1671 1459; x_wconf 89' lang='lat' dir='ltr'><strong>qui</strong></span> <span class='ocrx_word' id='word_1_107' title='bbox 1711 1396 1838 1445; x_wconf 85' lang='lat' dir='ltr'><strong>ante</strong></span> <span class='ocrx_word' id='word_1_108' title='bbox 1883 1404 1974 1444; x_wconf 76' lang='lat' dir='ltr'><strong>nos</strong></span> 
     </span>
    </p>
   </div>
   <div class='ocr_carea' id='block_1_20' title="bbox 2081 1383 3680 1461">
    <p class='ocr_par' dir='ltr' id='par_1_20' title="bbox 2092 1383 3680 1457">
     <span class='ocr_line' id='line_1_20' title="bbox 2092 1383 3680 1457; baseline 0.004 -20"><span class='ocrx_word' id='word_1_109' title='bbox 2092 1386 2191 1455; x_wconf 78' lang='grc' dir='ltr'>μὲν</span> <span class='ocrx_word' id='word_1_110' title='bbox 2222 1384 2364 1454; x_wconf 81' lang='grc' dir='ltr'>ὑπὲρ</span> <span class='ocrx_word' id='word_1_111' title='bbox 2405 1383 2506 1452; x_wconf 82' lang='grc' dir='ltr'>τῆς</span> <span class='ocrx_word' id='word_1_112' title='bbox 2541 1384 2711 1455; x_wconf 82' lang='grc' dir='ltr'>ὀρθῆς</span> <span class='ocrx_word' id='word_1_113' title='bbox 2766 1387 2860 1438; x_wconf 74' lang='grc' dir='ltr'>καὶ</span> <span class='ocrx_word' id='word_1_114' title='bbox 2896 1386 3268 1457; x_wconf 82' lang='grc' dir='ltr'>ἀποστολικῆς</span> <span class='ocrx_word' id='word_1_115' title='bbox 3296 1387 3534 1452; x_wconf 87' lang='grc' dir='ltr'>πίστεως</span> <span class='ocrx_word' id='word_1_116' title='bbox 3559 1389 3680 1443; x_wconf 72' lang='grc' dir='ltr'><strong>ἐθέ-</strong></span> 
     </span>
    </p>
   </div>
   <div class='ocr_carea' id='block_1_21' title="bbox 399 1476 1974 1553">
    <p class='ocr_par' dir='ltr' id='par_1_21' title="bbox 399 1480 1974 1553">
     <span class='ocr_line' id='line_1_21' title="bbox 399 1480 1974 1553; baseline -0.001 -18"><span class='ocrx_word' id='word_1_117' title='bbox 399 1481 622 1537; x_wconf 77' lang='lat' dir='ltr'><strong>l‘uerunt</strong></span> <span class='ocrx_word' id='word_1_118' title='bbox 655 1482 1036 1553; x_wconf 86' lang='lat' dir='ltr'><strong>imperatores,</strong></span> <span class='ocrx_word' id='word_1_119' title='bbox 1062 1483 1379 1552; x_wconf 88' lang='lat' dir='ltr'><strong>quicunque</strong></span> <span class='ocrx_word' id='word_1_120' title='bbox 1415 1488 1657 1537; x_wconf 88' lang='lat' dir='ltr'><strong>sanctam</strong></span> <span class='ocrx_word' id='word_1_121' title='bbox 1681 1490 1737 1535; x_wconf 87' lang='lat' dir='ltr'><strong>et</strong></span> <span class='ocrx_word' id='word_1_122' title='bbox 1768 1480 1974 1536; x_wconf 89' lang='lat' dir='ltr'><strong>beatam</strong></span> 
     </span>
    </p>
   </div>
   <div class='ocr_carea' id='block_1_22' title="bbox 2081 1476 3672 1553">
    <p class='ocr_par' dir='ltr' id='par_1_22' title="bbox 2090 1476 3672 1552">
     <span class='ocr_line' id='line_1_22' title="bbox 2090 1476 3672 1552; baseline 0.003 -22"><span class='ocrx_word' id='word_1_123' title='bbox 2090 1494 2290 1530; x_wconf 87' lang='grc' dir='ltr'>σπισαν</span> <span class='ocrx_word' id='word_1_124' title='bbox 2318 1476 2515 1547; x_wconf 87' lang='grc' dir='ltr'>νόμους</span> <span class='ocrx_word' id='word_1_125' title='bbox 2558 1480 2606 1530; x_wconf 85' lang='grc' dir='ltr'>οἰ</span> <span class='ocrx_word' id='word_1_126' title='bbox 2647 1477 2756 1549; x_wconf 84' lang='grc' dir='ltr'>πρὸ</span> <span class='ocrx_word' id='word_1_127' title='bbox 2786 1478 2942 1547; x_wconf 83' lang='grc' dir='ltr'>ήμῶν</span> <span class='ocrx_word' id='word_1_128' title='bbox 2980 1478 3367 1534; x_wconf 80' lang='grc' dir='ltr'>εὐσεϐέστατοι</span> <span class='ocrx_word' id='word_1_129' title='bbox 3406 1481 3672 1552; x_wconf 77' lang='grc' dir='ltr'><strong>βασιλεῖς,</strong></span> 
     </span>
    </p>
   </div>
   <div class='ocr_carea' id='block_1_23' title="bbox 398 1567 1974 1644">
    <p class='ocr_par' dir='ltr' id='par_1_23' title="bbox 398 1573 1974 1643">
     <span class='ocr_line' id='line_1_23' title="bbox 398 1573 1974 1643; baseline 0 -16"><span class='ocrx_word' id='word_1_130' title='bbox 398 1582 455 1628; x_wconf 88' lang='lat' dir='ltr'><strong>et</strong></span> <span class='ocrx_word' id='word_1_131' title='bbox 488 1574 855 1628; x_wconf 86' lang='lat' dir='ltr'><strong>immortalem</strong></span> <span class='ocrx_word' id='word_1_132' title='bbox 907 1590 971 1628; x_wconf 92' lang='lat' dir='ltr'><strong>ac</strong></span> <span class='ocrx_word' id='word_1_133' title='bbox 1020 1574 1294 1629; x_wconf 85' lang='lat' dir='ltr'><strong>viviﬁcam</strong></span> <span class='ocrx_word' id='word_1_134' title='bbox 1327 1573 1659 1628; x_wconf 84' lang='lat' dir='ltr'><strong>Trinitatem</strong></span> <span class='ocrx_word' id='word_1_135' title='bbox 1713 1580 1974 1643; x_wconf 78' lang='lat' dir='ltr'><strong>perpetua</strong></span> 
     </span>
    </p>
   </div>
   <div class='ocr_carea' id='block_1_24' title="bbox 2081 1567 3673 1644">
    <p class='ocr_par' dir='ltr' id='par_1_24' title="bbox 2086 1567 3673 1644">
     <span class='ocr_line' id='line_1_24' title="bbox 2086 1567 3673 1644; baseline 0.003 -23"><span class='ocrx_word' id='word_1_136' title='bbox 2086 1569 2202 1621; x_wconf 80' lang='grc' dir='ltr'>ὅσοι</span> <span class='ocrx_word' id='word_1_137' title='bbox 2228 1567 2329 1639; x_wconf 82' lang='grc' dir='ltr'>τὴν</span> <span class='ocrx_word' id='word_1_138' title='bbox 2364 1570 2641 1639; x_wconf 72' lang='grc' dir='ltr'><strong>μακαρίαν</strong></span> <span class='ocrx_word' id='word_1_139' title='bbox 2677 1570 2772 1622; x_wconf 82' lang='grc' dir='ltr'>καὶ</span> <span class='ocrx_word' id='word_1_140' title='bbox 2801 1570 2994 1641; x_wconf 84' lang='grc' dir='ltr'>ἀγήρω</span> <span class='ocrx_word' id='word_1_141' title='bbox 3038 1570 3134 1625; x_wconf 72' lang='grc' dir='ltr'><strong>καὶ</strong></span> <span class='ocrx_word' id='word_1_142' title='bbox 3168 1570 3433 1636; x_wconf 77' lang='grc' dir='ltr'>ζωοποιδν</span> <span class='ocrx_word' id='word_1_143' title='bbox 3463 1573 3673 1644; x_wconf 82' lang='grc' dir='ltr'>Τριὰδα</span> 
     </span>
    </p>
   </div>
   <div class='ocr_carea' id='block_1_25' title="bbox 399 1656 1974 1734">
    <p class='ocr_par' dir='ltr' id='par_1_25' title="bbox 399 1663 1974 1734">
     <span class='ocr_line' id='line_1_25' title="bbox 399 1663 1974 1734; baseline -0.001 -17"><span class='ocrx_word' id='word_1_144' title='bbox 399 1664 623 1718; x_wconf 90' lang='lat' dir='ltr'><strong>coluere</strong></span> <span class='ocrx_word' id='word_1_145' title='bbox 681 1681 694 1716; x_wconf 90' lang='lat'><strong>:</strong></span> <span class='ocrx_word' id='word_1_146' title='bbox 755 1679 887 1730; x_wconf 89' lang='lat' dir='ltr'><strong>eas,</strong></span> <span class='ocrx_word' id='word_1_147' title='bbox 935 1673 1126 1734; x_wconf 92' lang='lat' dir='ltr'><strong>utpote</strong></span> <span class='ocrx_word' id='word_1_148' title='bbox 1182 1679 1303 1734; x_wconf 62' lang='lat' dir='ltr'><strong>quae</strong></span> <span class='ocrx_word' id='word_1_149' title='bbox 1355 1663 1613 1717; x_wconf 85' lang='lat' dir='ltr'><strong>universo</strong></span> <span class='ocrx_word' id='word_1_150' title='bbox 1663 1663 1789 1718; x_wconf 89' lang='lat' dir='ltr'><strong>orbi</strong></span> <span class='ocrx_word' id='word_1_151' title='bbox 1836 1663 1974 1718; x_wconf 90' lang='lat' dir='ltr'><strong>salu-</strong></span> 
     </span>
    </p>
   </div>
   <div class='ocr_carea' id='block_1_26' title="bbox 2081 1656 3672 1734">
    <p class='ocr_par' dir='ltr' id='par_1_26' title="bbox 2088 1656 3672 1733">
     <span class='ocr_line' id='line_1_26' title="bbox 2088 1656 3672 1733; baseline 0.003 -22"><span class='ocrx_word' id='word_1_152' title='bbox 2088 1656 2486 1728; x_wconf 87' lang='grc' dir='ltr'>θεραπεύοντες</span> <span class='ocrx_word' id='word_1_153' title='bbox 2510 1658 2685 1728; x_wconf 81' lang='grc' dir='ltr'><strong>ὀρθῶς</strong></span> <span class='ocrx_word' id='word_1_154' title='bbox 2707 1659 3039 1726; x_wconf 81' lang='grc' dir='ltr'><strong>διετέλεσαν,</strong></span> <span class='ocrx_word' id='word_1_155' title='bbox 3070 1660 3295 1724; x_wconf 82' lang='grc' dir='ltr'><strong>τούτους</strong></span> <span class='ocrx_word' id='word_1_156' title='bbox 3321 1660 3397 1726; x_wconf 85' lang='grc' dir='ltr'>ὡς</span> <span class='ocrx_word' id='word_1_157' title='bbox 3424 1662 3503 1733; x_wconf 83' lang='grc' dir='ltr'><strong>τῷ</strong></span> <span class='ocrx_word' id='word_1_158' title='bbox 3531 1681 3672 1717; x_wconf 81' lang='grc' dir='ltr'>παν-</span> 
     </span>
    </p>
   </div>
   <div class='ocr_carea' id='block_1_27' title="bbox 400 1751 1974 1824">
    <p class='ocr_par' dir='ltr' id='par_1_27' title="bbox 400 1754 1974 1824">
     <span class='ocr_line' id='line_1_27' title="bbox 400 1754 1974 1824; baseline 0 -16"><span class='ocrx_word' id='word_1_159' title='bbox 400 1764 544 1810; x_wconf 88' lang='lat' dir='ltr'><strong>tares</strong></span> <span class='ocrx_word' id='word_1_160' title='bbox 603 1769 822 1824; x_wconf 85' lang='lat' dir='ltr'><strong>semper</strong></span> <span class='ocrx_word' id='word_1_161' title='bbox 851 1754 1195 1819; x_wconf 81' lang='lat' dir='ltr'><strong>exstiterint,</strong></span> <span class='ocrx_word' id='word_1_162' title='bbox 1258 1754 1414 1808; x_wconf 90' lang='lat' dir='ltr'><strong>nullo</strong></span> <span class='ocrx_word' id='word_1_163' title='bbox 1448 1769 1689 1824; x_wconf 87' lang='lat' dir='ltr'><strong>unquam</strong></span> <span class='ocrx_word' id='word_1_164' title='bbox 1733 1764 1974 1824; x_wconf 83' lang='lat' dir='ltr'><strong>tempore</strong></span> 
     </span>
    </p>
   </div>
   <div class='ocr_carea' id='block_1_28' title="bbox 2081 1751 3674 1824">
    <p class='ocr_par' dir='ltr' id='par_1_28' title="bbox 2087 1751 3674 1822">
     <span class='ocr_line' id='line_1_28' title="bbox 2087 1751 3674 1822; baseline 0.004 -20"><span class='ocrx_word' id='word_1_165' title='bbox 2087 1753 2142 1803; x_wconf 77' lang='grc' dir='ltr'>τὶ</span> <span class='ocrx_word' id='word_1_166' title='bbox 2196 1752 2389 1821; x_wconf 87' lang='grc' dir='ltr'>κόσμῳ</span> <span class='ocrx_word' id='word_1_167' title='bbox 2434 1751 2740 1821; x_wconf 82' lang='grc' dir='ltr'><strong>σωτηρίους</strong></span> <span class='ocrx_word' id='word_1_168' title='bbox 2781 1752 2868 1805; x_wconf 88' lang='grc' dir='ltr'><strong>ἀεί</strong></span> <span class='ocrx_word' id='word_1_169' title='bbox 2928 1769 3060 1805; x_wconf 86' lang='grc' dir='ltr'>ποτε</span> <span class='ocrx_word' id='word_1_170' title='bbox 3120 1754 3435 1822; x_wconf 75' lang='grc' dir='ltr'>γεγονότας,</span> <span class='ocrx_word' id='word_1_171' title='bbox 3482 1755 3674 1810; x_wconf 77' lang='grc' dir='ltr'>οὐδένα</span> 
     </span>
    </p>
   </div>
   <div class='ocr_carea' id='block_1_29' title="bbox 397 1843 1974 1920">
    <p class='ocr_par' dir='ltr' id='par_1_29' title="bbox 397 1845 1974 1917">
     <span class='ocr_line' id='line_1_29' title="bbox 397 1845 1974 1917; baseline 0.002 -18"><span class='ocrx_word' id='word_1_172' title='bbox 397 1845 586 1901; x_wconf 91' lang='lat' dir='ltr'><strong>irritas</strong></span> <span class='ocrx_word' id='word_1_173' title='bbox 606 1862 727 1901; x_wconf 88' lang='lat' dir='ltr'><strong>csse</strong></span> <span class='ocrx_word' id='word_1_174' title='bbox 753 1847 1009 1902; x_wconf 87' lang='lat' dir='ltr'><strong>volumus</strong></span> <span class='ocrx_word' id='word_1_175' title='bbox 1035 1864 1049 1900; x_wconf 91' lang='lat'>:</span> <span class='ocrx_word' id='word_1_176' title='bbox 1080 1846 1175 1902; x_wconf 90' lang='lat' dir='ltr'><strong>sed</strong></span> <span class='ocrx_word' id='word_1_177' title='bbox 1200 1847 1383 1917; x_wconf 87' lang='lat' dir='ltr'><strong>potius</strong></span> <span class='ocrx_word' id='word_1_178' title='bbox 1409 1856 1666 1917; x_wconf 87' lang='lat' dir='ltr'><strong>tanquam</strong></span> <span class='ocrx_word' id='word_1_179' title='bbox 1691 1848 1839 1917; x_wconf 82' lang='lat' dir='ltr'><strong>leges</strong></span> <span class='ocrx_word' id='word_1_180' title='bbox 1857 1861 1974 1916; x_wconf 91' lang='lat' dir='ltr'><strong>pro-</strong></span> 
     </span>
    </p>
   </div>
   <div class='ocr_carea' id='block_1_30' title="bbox 2081 1843 3674 1920">
    <p class='ocr_par' dir='ltr' id='par_1_30' title="bbox 2088 1843 3674 1915">
     <span class='ocr_line' id='line_1_30' title="bbox 2088 1843 3674 1915; baseline -0.004 -17"><span class='ocrx_word' id='word_1_181' title='bbox 2088 1844 2280 1914; x_wconf 85' lang='grc' dir='ltr'>χρόνον</span> <span class='ocrx_word' id='word_1_182' title='bbox 2309 1846 2502 1914; x_wconf 86' lang='grc' dir='ltr'>ἀργεῖν</span> <span class='ocrx_word' id='word_1_183' title='bbox 2541 1843 2821 1915; x_wconf 79' lang='grc' dir='ltr'><strong>ἐθέλομεν·</strong></span> <span class='ocrx_word' id='word_1_184' title='bbox 2856 1845 3060 1915; x_wconf 79' lang='grc' dir='ltr'>μᾶλλον</span> <span class='ocrx_word' id='word_1_185' title='bbox 3093 1846 3151 1899; x_wconf 78' lang='grc' dir='ltr'>δὲ</span> <span class='ocrx_word' id='word_1_186' title='bbox 3184 1847 3260 1911; x_wconf 86' lang='grc' dir='ltr'><strong>ὼς</strong></span> <span class='ocrx_word' id='word_1_187' title='bbox 3299 1847 3535 1912; x_wconf 74' lang='grc' dir='ltr'>οἰκείους</span> <span class='ocrx_word' id='word_1_188' title='bbox 3572 1850 3674 1902; x_wconf 66' lang='grc' dir='ltr'><strong>αὖ-</strong></span> 
     </span>
    </p>
   </div>
   <div class='ocr_carea' id='block_1_31' title="bbox 396 1938 1981 2009">
    <p class='ocr_par' dir='ltr' id='par_1_31' title="bbox 396 1938 1981 2009">
     <span class='ocr_line' id='line_1_31' title="bbox 396 1938 1981 2009; baseline 0.001 -18"><span class='ocrx_word' id='word_1_189' title='bbox 396 1938 544 2008; x_wconf 89' lang='lat' dir='ltr'><strong>prias</strong></span> <span class='ocrx_word' id='word_1_190' title='bbox 572 1940 1001 2009; x_wconf 87' lang='lat' dir='ltr'><strong>promulgamus.</strong></span> <span class='ocrx_word' id='word_1_191' title='bbox 1030 1939 1141 1994; x_wconf 88' lang='lat' dir='ltr'><strong>Nos</strong></span> <span class='ocrx_word' id='word_1_192' title='bbox 1161 1954 1292 1994; x_wconf 89' lang='lat' dir='ltr'><strong>vero</strong></span> <span class='ocrx_word' id='word_1_193' title='bbox 1322 1940 1416 2009; x_wconf 91' lang='lat' dir='ltr'><strong>qui</strong></span> <span class='ocrx_word' id='word_1_194' title='bbox 1441 1940 1699 2009; x_wconf 88' lang='lat' dir='ltr'><strong>pietatem</strong></span> <span class='ocrx_word' id='word_1_195' title='bbox 1716 1954 1781 1994; x_wconf 90' lang='lat' dir='ltr'><strong>ac</strong></span> <span class='ocrx_word' id='word_1_196' title='bbox 1803 1939 1981 1993; x_wconf 87' lang='lat' dir='ltr'><strong>zelum</strong></span> 
     </span>
    </p>
   </div>
   <div class='ocr_carea' id='block_1_32' title="bbox 394 2029 1983 2100">
    <p class='ocr_par' dir='ltr' id='par_1_32' title="bbox 394 2029 1983 2100">
     <span class='ocr_line' id='line_1_32' title="bbox 394 2029 1983 2100; baseline 0 -17"><span class='ocrx_word' id='word_1_197' title='bbox 394 2041 498 2100; x_wconf 85' lang='lat' dir='ltr'><strong>pro</strong></span> <span class='ocrx_word' id='word_1_198' title='bbox 528 2029 640 2084; x_wconf 91' lang='lat' dir='ltr'><strong>Deo</strong></span> <span class='ocrx_word' id='word_1_199' title='bbox 663 2045 729 2085; x_wconf 91' lang='lat' dir='ltr'><strong>ac</strong></span> <span class='ocrx_word' id='word_1_200' title='bbox 756 2029 1047 2086; x_wconf 89' lang='lat' dir='ltr'><strong>Servatore</strong></span> <span class='ocrx_word' id='word_1_201' title='bbox 1099 2040 1291 2085; x_wconf 89' lang='lat' dir='ltr'><strong>nostro</strong></span> <span class='ocrx_word' id='word_1_202' title='bbox 1329 2031 1458 2085; x_wconf 86' lang='lat' dir='ltr'><strong>Jesu</strong></span> <span class='ocrx_word' id='word_1_203' title='bbox 1506 2030 1752 2095; x_wconf 86' lang='lat' dir='ltr'><strong>Christo,</strong></span> <span class='ocrx_word' id='word_1_204' title='bbox 1794 2046 1824 2084; x_wconf 90' lang='lat' dir='ltr'><strong>a</strong></span> <span class='ocrx_word' id='word_1_205' title='bbox 1871 2044 1983 2098; x_wconf 89' lang='lat' dir='ltr'><strong>quo</strong></span> 
     </span>
    </p>
   </div>
   <div class='ocr_carea' id='block_1_33' title="bbox 394 2121 1984 2194">
    <p class='ocr_par' dir='ltr' id='par_1_33' title="bbox 394 2121 1984 2194">
     <span class='ocr_line' id='line_1_33' title="bbox 394 2121 1984 2194; baseline 0.001 -19"><span class='ocrx_word' id='word_1_206' title='bbox 394 2121 603 2177; x_wconf 86' lang='lat' dir='ltr'><strong>conditi</strong></span> <span class='ocrx_word' id='word_1_207' title='bbox 630 2130 688 2178; x_wconf 89' lang='lat' dir='ltr'><strong>et</strong></span> <span class='ocrx_word' id='word_1_208' title='bbox 712 2124 781 2178; x_wconf 90' lang='lat' dir='ltr'><strong>ad</strong></span> <span class='ocrx_word' id='word_1_209' title='bbox 808 2124 951 2178; x_wconf 89' lang='lat' dir='ltr'><strong>hanc</strong></span> <span class='ocrx_word' id='word_1_210' title='bbox 967 2125 1195 2194; x_wconf 75' lang='lat' dir='ltr'><strong>gloriam</strong></span> <span class='ocrx_word' id='word_1_211' title='bbox 1218 2124 1393 2178; x_wconf 83' lang='lat' dir='ltr'><strong>evecti</strong></span> <span class='ocrx_word' id='word_1_212' title='bbox 1421 2138 1632 2189; x_wconf 90' lang='lat' dir='ltr'><strong>sumus,</strong></span> <span class='ocrx_word' id='word_1_213' title='bbox 1658 2122 1809 2176; x_wconf 92' lang='lat' dir='ltr'><strong>omni</strong></span> <span class='ocrx_word' id='word_1_214' title='bbox 1836 2136 1984 2176; x_wconf 70' lang='lat' dir='ltr'><strong>cum</strong></span> 
     </span>
    </p>
   </div>
   <div class='ocr_carea' id='block_1_34' title="bbox 397 2212 1979 2283">
    <p class='ocr_par' dir='ltr' id='par_1_34' title="bbox 397 2212 1979 2283">
     <span class='ocr_line' id='line_1_34' title="bbox 397 2212 1979 2283; baseline -0.001 -17"><span class='ocrx_word' id='word_1_215' title='bbox 397 2227 464 2267; x_wconf 85' lang='lat' dir='ltr'><strong>ac</strong></span> <span class='ocrx_word' id='word_1_216' title='bbox 491 2214 847 2269; x_wconf 88' lang='lat' dir='ltr'><strong>sollicitudini</strong></span> <span class='ocrx_word' id='word_1_217' title='bbox 873 2230 1057 2269; x_wconf 90' lang='lat' dir='ltr'><strong>rerum</strong></span> <span class='ocrx_word' id='word_1_218' title='bbox 1089 2215 1457 2268; x_wconf 89' lang='lat' dir='ltr'><strong>humanarum</strong></span> <span class='ocrx_word' id='word_1_219' title='bbox 1484 2214 1645 2283; x_wconf 86' lang='lat' dir='ltr'><strong>longe</strong></span> <span class='ocrx_word' id='word_1_220' title='bbox 1686 2212 1979 2281; x_wconf 89' lang='lat' dir='ltr'><strong>anteponi-</strong></span> 
     </span>
    </p>
   </div>
   <div class='ocr_carea' id='block_1_35' title="bbox 394 2301 1984 2375">
    <p class='ocr_par' dir='ltr' id='par_1_35' title="bbox 394 2301 1984 2375">
     <span class='ocr_line' id='line_1_35' title="bbox 394 2301 1984 2375; baseline 0.001 -18"><span class='ocrx_word' id='word_1_221' title='bbox 394 2318 520 2358; x_wconf 89' lang='lat' dir='ltr'><strong>mus</strong></span> <span class='ocrx_word' id='word_1_222' title='bbox 556 2320 571 2357; x_wconf 89' lang='lat'><strong>:</strong></span> <span class='ocrx_word' id='word_1_223' title='bbox 603 2312 659 2358; x_wconf 89' lang='lat' dir='ltr'><strong>et</strong></span> <span class='ocrx_word' id='word_1_224' title='bbox 679 2305 770 2373; x_wconf 90' lang='lat' dir='ltr'><strong>qui</strong></span> <span class='ocrx_word' id='word_1_225' title='bbox 806 2313 1071 2375; x_wconf 68' lang='lat' dir='ltr'><strong>praeterea</strong></span> <span class='ocrx_word' id='word_1_226' title='bbox 1099 2304 1377 2359; x_wconf 87' lang='lat' dir='ltr'><strong>credimus</strong></span> <span class='ocrx_word' id='word_1_227' title='bbox 1422 2302 1773 2359; x_wconf 88' lang='lat' dir='ltr'><strong>concordiam</strong></span> <span class='ocrx_word' id='word_1_228' title='bbox 1805 2301 1984 2372; x_wconf 75' lang='lat' dir='ltr'><strong>gregis</strong></span> 
     </span>
    </p>
   </div>
   <div class='ocr_carea' id='block_1_36' title="bbox 395 2394 1981 2469">
    <p class='ocr_par' dir='ltr' id='par_1_36' title="bbox 395 2394 1981 2469">
     <span class='ocr_line' id='line_1_36' title="bbox 395 2394 1981 2469; baseline -0.002 -17"><span class='ocrx_word' id='word_1_229' title='bbox 395 2394 627 2462; x_wconf 86' lang='lat' dir='ltr'><strong>Christi,</strong></span> <span class='ocrx_word' id='word_1_230' title='bbox 661 2406 777 2452; x_wconf 89' lang='lat' dir='ltr'><strong>tum</strong></span> <span class='ocrx_word' id='word_1_231' title='bbox 800 2398 974 2469; x_wconf 89' lang='lat' dir='ltr'><strong>ipsius</strong></span> <span class='ocrx_word' id='word_1_232' title='bbox 997 2398 1197 2468; x_wconf 80' lang='lat' dir='ltr'><strong>gregis,</strong></span> <span class='ocrx_word' id='word_1_233' title='bbox 1226 2406 1339 2451; x_wconf 89' lang='lat' dir='ltr'><strong>tum</strong></span> <span class='ocrx_word' id='word_1_234' title='bbox 1364 2397 1609 2451; x_wconf 89' lang='lat' dir='ltr'><strong>omnium</strong></span> <span class='ocrx_word' id='word_1_235' title='bbox 1633 2396 1981 2450; x_wconf 89' lang='lat' dir='ltr'><strong>subditorum</strong></span> 
     </span>
    </p>
   </div>
   <div class='ocr_carea' id='block_1_37' title="bbox 393 2488 1979 2562">
    <p class='ocr_par' dir='ltr' id='par_1_37' title="bbox 393 2488 1979 2562">
     <span class='ocr_line' id='line_1_37' title="bbox 393 2488 1979 2562; baseline -0.004 -12"><span class='ocrx_word' id='word_1_236' title='bbox 393 2488 630 2550; x_wconf 85' lang='lat' dir='ltr'><strong>salutem</strong></span> <span class='ocrx_word' id='word_1_237' title='bbox 655 2492 940 2556; x_wconf 80' lang='lat' dir='ltr'><strong>exsistere,</strong></span> <span class='ocrx_word' id='word_1_238' title='bbox 965 2491 1296 2562; x_wconf 90' lang='lat' dir='ltr'><strong>ﬁrmumque</strong></span> <span class='ocrx_word' id='word_1_239' title='bbox 1328 2490 1503 2546; x_wconf 84' lang='lat' dir='ltr'><strong>nostri</strong></span> <span class='ocrx_word' id='word_1_240' title='bbox 1534 2490 1749 2560; x_wconf 86' lang='lat' dir='ltr'><strong>imperii</strong></span> <span class='ocrx_word' id='word_1_241' title='bbox 1779 2488 1979 2544; x_wconf 76' lang='lat' dir='ltr'><strong>funda-</strong></span> 
     </span>
    </p>
   </div>
   <div class='ocr_carea' id='block_1_38' title="bbox 393 2580 1981 2654">
    <p class='ocr_par' dir='ltr' id='par_1_38' title="bbox 393 2580 1981 2654">
     <span class='ocr_line' id='line_1_38' title="bbox 393 2580 1981 2654; baseline -0.004 -14"><span class='ocrx_word' id='word_1_242' title='bbox 393 2594 643 2643; x_wconf 89' lang='lat' dir='ltr'><strong>mentum</strong></span> <span class='ocrx_word' id='word_1_243' title='bbox 666 2592 723 2639; x_wconf 90' lang='lat' dir='ltr'><strong>et</strong></span> <span class='ocrx_word' id='word_1_244' title='bbox 769 2583 1251 2654; x_wconf 79' lang='lat' dir='ltr'><strong>inexpugnabilem</strong></span> <span class='ocrx_word' id='word_1_245' title='bbox 1306 2598 1525 2636; x_wconf 90' lang='lat' dir='ltr'><strong>murum</strong></span> <span class='ocrx_word' id='word_1_246' title='bbox 1576 2597 1697 2636; x_wconf 89' lang='lat' dir='ltr'><strong>esse</strong></span> <span class='ocrx_word' id='word_1_247' title='bbox 1730 2599 1742 2634; x_wconf 89' lang='lat'><strong>:</strong></span> <span class='ocrx_word' id='word_1_248' title='bbox 1772 2580 1981 2634; x_wconf 88' lang='lat' dir='ltr'><strong>idcirco</strong></span> 
     </span>
    </p>
   </div>
   <div class='ocr_carea' id='block_1_39' title="bbox 393 2672 1981 2743">
    <p class='ocr_par' dir='ltr' id='par_1_39' title="bbox 393 2672 1981 2743">
     <span class='ocr_line' id='line_1_39' title="bbox 393 2672 1981 2743; baseline -0.004 -11"><span class='ocrx_word' id='word_1_249' title='bbox 393 2677 583 2733; x_wconf 88' lang='lat' dir='ltr'><strong>divino</strong></span> <span class='ocrx_word' id='word_1_250' title='bbox 606 2676 839 2731; x_wconf 89' lang='lat' dir='ltr'><strong>interius</strong></span> <span class='ocrx_word' id='word_1_251' title='bbox 870 2676 987 2729; x_wconf 86' lang='lat' dir='ltr'><strong>zelo</strong></span> <span class='ocrx_word' id='word_1_252' title='bbox 1008 2674 1291 2737; x_wconf 91' lang='lat' dir='ltr'><strong>commoti,</strong></span> <span class='ocrx_word' id='word_1_253' title='bbox 1323 2683 1379 2729; x_wconf 91' lang='lat' dir='ltr'><strong>et</strong></span> <span class='ocrx_word' id='word_1_254' title='bbox 1400 2675 1547 2728; x_wconf 87' lang='lat' dir='ltr'><strong>velut</strong></span> <span class='ocrx_word' id='word_1_255' title='bbox 1581 2672 1843 2743; x_wconf 83' lang='lat' dir='ltr'><strong>quasdam</strong></span> <span class='ocrx_word' id='word_1_256' title='bbox 1873 2673 1981 2726; x_wconf 91' lang='lat' dir='ltr'><strong>im-</strong></span> 
     </span>
    </p>
   </div>
   <div class='ocr_carea' id='block_1_40' title="bbox 391 2764 1979 2839">
    <p class='ocr_par' dir='ltr' id='par_1_40' title="bbox 391 2764 1979 2839">
     <span class='ocr_line' id='line_1_40' title="bbox 391 2764 1979 2839; baseline -0.004 -15"><span class='ocrx_word' id='word_1_257' title='bbox 391 2768 532 2839; x_wconf 92' lang='lat' dir='ltr'><strong>perii</strong></span> <span class='ocrx_word' id='word_1_258' title='bbox 560 2766 736 2822; x_wconf 88' lang='lat' dir='ltr'><strong>nostri</strong></span> <span class='ocrx_word' id='word_1_259' title='bbox 767 2766 1061 2836; x_wconf 89' lang='lat' dir='ltr'><strong>primitias,</strong></span> <span class='ocrx_word' id='word_1_260' title='bbox 1116 2774 1322 2821; x_wconf 80' lang='lat' dir='ltr'><strong>sanctae</strong></span> <span class='ocrx_word' id='word_1_261' title='bbox 1354 2766 1614 2820; x_wconf 83' lang='lat' dir='ltr'><strong>Ecclesiae</strong></span> <span class='ocrx_word' id='word_1_262' title='bbox 1671 2764 1979 2818; x_wconf 90' lang='lat' dir='ltr'><strong>unitionem</strong></span> 
     </span>
    </p>
   </div>
   <div class='ocr_carea' id='block_1_41' title="bbox 391 2854 1979 2919">
    <p class='ocr_par' dir='ltr' id='par_1_41' title="bbox 391 2854 1979 2919">
     <span class='ocr_line' id='line_1_41' title="bbox 391 2854 1979 2919; baseline -0.004 -6"><span class='ocrx_word' id='word_1_263' title='bbox 391 2859 505 2913; x_wconf 91' lang='lat' dir='ltr'><strong>Deo</strong></span> <span class='ocrx_word' id='word_1_264' title='bbox 549 2873 612 2912; x_wconf 87' lang='lat' dir='ltr'><strong>ac</strong></span> <span class='ocrx_word' id='word_1_265' title='bbox 643 2856 925 2912; x_wconf 88' lang='lat' dir='ltr'><strong>Servatori</strong></span> <span class='ocrx_word' id='word_1_266' title='bbox 967 2869 1159 2911; x_wconf 90' lang='lat' dir='ltr'><strong>nostro</strong></span> <span class='ocrx_word' id='word_1_267' title='bbox 1204 2855 1338 2910; x_wconf 84' lang='lat' dir='ltr'><strong>Jesu</strong></span> <span class='ocrx_word' id='word_1_268' title='bbox 1384 2855 1606 2910; x_wconf 86' lang='lat' dir='ltr'><strong>Christo</strong></span> <span class='ocrx_word' id='word_1_269' title='bbox 1658 2854 1979 2919; x_wconf 70' lang='lat' dir='ltr'><strong>offerentes,</strong></span> 
     </span>
    </p>
   </div>
   <div class='ocr_carea' id='block_1_42' title="bbox 391 2946 1983 3006">
    <p class='ocr_par' dir='ltr' id='par_1_42' title="bbox 391 2946 1983 3006">
     <span class='ocr_line' id='line_1_42' title="bbox 391 2946 1983 3006; baseline -0.002 -2"><span class='ocrx_word' id='word_1_270' title='bbox 391 2950 768 3006; x_wconf 59' lang='lat' dir='ltr'><strong>sancimus-ut</strong></span> <span class='ocrx_word' id='word_1_271' title='bbox 797 2948 946 3005; x_wconf 87' lang='lat' dir='ltr'><strong>basis</strong></span> <span class='ocrx_word' id='word_1_272' title='bbox 1001 2965 1066 3006; x_wconf 85' lang='lat' dir='ltr'><strong>ac</strong></span> <span class='ocrx_word' id='word_1_273' title='bbox 1109 2947 1513 3003; x_wconf 89' lang='lat' dir='ltr'><strong>ﬁrmamentum</strong></span> <span class='ocrx_word' id='word_1_274' title='bbox 1567 2947 1847 3004; x_wconf 83' lang='lat' dir='ltr'><strong>felicitatis</strong></span> <span class='ocrx_word' id='word_1_275' title='bbox 1881 2946 1983 3003; x_wconf 89' lang='lat' dir='ltr'><strong>hu-</strong></span> 
     </span>
    </p>
   </div>
   <div class='ocr_carea' id='block_1_43' title="bbox 391 3040 1983 3111">
    <p class='ocr_par' dir='ltr' id='par_1_43' title="bbox 391 3040 1983 3111">
     <span class='ocr_line' id='line_1_43' title="bbox 391 3040 1983 3111; baseline 0.003 -18"><span class='ocrx_word' id='word_1_276' title='bbox 391 3056 585 3107; x_wconf 65' lang='lat' dir='ltr'><strong>manae,</strong></span> <span class='ocrx_word' id='word_1_277' title='bbox 607 3042 916 3111; x_wconf 85' lang='lat' dir='ltr'><strong>symbolum</strong></span> <span class='ocrx_word' id='word_1_278' title='bbox 938 3040 1104 3111; x_wconf 77' lang='lat'><strong>336</strong></span> <span class='ocrx_word' id='word_1_279' title='bbox 1130 3042 1385 3098; x_wconf 81' lang='lat' dir='ltr'><strong>videlicet</strong></span> <span class='ocrx_word' id='word_1_280' title='bbox 1407 3053 1775 3098; x_wconf 89' lang='lat' dir='ltr'><strong>trecentorum</strong></span> <span class='ocrx_word' id='word_1_281' title='bbox 1806 3051 1863 3098; x_wconf 87' lang='lat' dir='ltr'><strong>et</strong></span> <span class='ocrx_word' id='word_1_282' title='bbox 1888 3058 1983 3098; x_wconf 90' lang='lat' dir='ltr'><strong>oc-</strong></span> 
     </span>
    </p>
   </div>
   <div class='ocr_carea' id='block_1_44' title="bbox 391 3133 1980 3204">
    <p class='ocr_par' dir='ltr' id='par_1_44' title="bbox 391 3133 1980 3204">
     <span class='ocr_line' id='line_1_44' title="bbox 391 3133 1980 3204; baseline -0.001 -14"><span class='ocrx_word' id='word_1_283' title='bbox 391 3134 627 3190; x_wconf 90' lang='lat' dir='ltr'><strong>todecim</strong></span> <span class='ocrx_word' id='word_1_284' title='bbox 671 3140 988 3189; x_wconf 73' lang='lat' dir='ltr'><strong>sanctorum</strong></span> <span class='ocrx_word' id='word_1_285' title='bbox 1019 3136 1241 3189; x_wconf 90' lang='lat' dir='ltr'><strong>Patrum</strong></span> <span class='ocrx_word' id='word_1_286' title='bbox 1272 3133 1515 3203; x_wconf 92' lang='lat' dir='ltr'><strong>quiolim</strong></span> <span class='ocrx_word' id='word_1_287' title='bbox 1541 3134 1716 3189; x_wconf 86' lang='lat' dir='ltr'><strong>sancti</strong></span> <span class='ocrx_word' id='word_1_288' title='bbox 1740 3133 1980 3204; x_wconf 90' lang='lat' dir='ltr'><strong>Spiritus</strong></span> 
     </span>
    </p>
   </div>
   <div class='ocr_carea' id='block_1_45' title="bbox 408 3212 2047 3297">
    <p class='ocr_par' dir='ltr' id='par_1_45' title="bbox 408 3212 2047 3297">
     <span class='ocr_line' id='line_1_45' title="bbox 408 3212 2047 3297; baseline -0.001 -16"><span class='ocrx_word' id='word_1_289' title='bbox 408 3226 657 3281; x_wconf 87' lang='lat' dir='ltr'><strong>nstinctu</strong></span> <span class='ocrx_word' id='word_1_290' title='bbox 677 3226 875 3281; x_wconf 83' lang='lat' dir='ltr'><strong>Nicaeae</strong></span> <span class='ocrx_word' id='word_1_291' title='bbox 899 3227 1214 3297; x_wconf 76' lang='lat' dir='ltr'><strong>congregati</strong></span> <span class='ocrx_word' id='word_1_292' title='bbox 1245 3235 1395 3292; x_wconf 90' lang='lat' dir='ltr'><strong>sunt,</strong></span> <span class='ocrx_word' id='word_1_293' title='bbox 1428 3227 1483 3281; x_wconf 89' lang='lat' dir='ltr'><strong>in</strong></span> <span class='ocrx_word' id='word_1_294' title='bbox 1507 3227 1653 3297; x_wconf 91' lang='lat' dir='ltr'><strong>quod</strong></span> <span class='ocrx_word' id='word_1_295' title='bbox 1687 3242 1812 3282; x_wconf 92' lang='lat' dir='ltr'><strong>cum</strong></span> <span class='ocrx_word' id='word_1_296' title='bbox 1846 3240 1971 3291; x_wconf 89' lang='lat' dir='ltr'><strong>nos,</strong></span> <span class='ocrx_word' id='word_1_297' title='bbox 2003 3212 2047 3269; x_wconf 74' lang='grc' dir='ltr'>ο</span> 
     </span>
    </p>
   </div>
   <div class='ocr_carea' id='block_1_46' title="bbox 391 3318 1968 3389">
    <p class='ocr_par' dir='ltr' id='par_1_46' title="bbox 391 3318 1968 3389">
     <span class='ocr_line' id='line_1_46' title="bbox 391 3318 1968 3389; baseline -0.001 -16"><span class='ocrx_word' id='word_1_298' title='bbox 391 3328 508 3373; x_wconf 84' lang='lat' dir='ltr'><strong>tum</strong></span> <span class='ocrx_word' id='word_1_299' title='bbox 535 3319 772 3389; x_wconf 86' lang='lat' dir='ltr'><strong>majores</strong></span> <span class='ocrx_word' id='word_1_300' title='bbox 832 3318 1007 3371; x_wconf 89' lang='lat' dir='ltr'><strong>nostri</strong></span> <span class='ocrx_word' id='word_1_301' title='bbox 1063 3319 1373 3384; x_wconf 87' lang='lat' dir='ltr'><strong>credentes,</strong></span> <span class='ocrx_word' id='word_1_302' title='bbox 1439 3318 1701 3388; x_wconf 88' lang='lat' dir='ltr'><strong>baptizati</strong></span> <span class='ocrx_word' id='word_1_303' title='bbox 1755 3334 1968 3384; x_wconf 90' lang='lat' dir='ltr'><strong>sumus,</strong></span> 
     </span>
    </p>
   </div>
   <div class='ocr_carea' id='block_1_47' title="bbox 388 3407 1973 3466">
    <p class='ocr_par' dir='ltr' id='par_1_47' title="bbox 388 3407 1973 3466">
     <span class='ocr_line' id='line_1_47' title="bbox 388 3407 1973 3466; baseline 0 -2"><span class='ocrx_word' id='word_1_304' title='bbox 388 3409 568 3464; x_wconf 91' lang='lat' dir='ltr'><strong>solum</strong></span> <span class='ocrx_word' id='word_1_305' title='bbox 597 3409 652 3461; x_wconf 93' lang='lat' dir='ltr'><strong>in</strong></span> <span class='ocrx_word' id='word_1_306' title='bbox 676 3407 893 3463; x_wconf 89' lang='lat' dir='ltr'><strong>cunctis</strong></span> <span class='ocrx_word' id='word_1_307' title='bbox 918 3408 1286 3464; x_wconf 88' lang='lat' dir='ltr'><strong>sanctissimis</strong></span> <span class='ocrx_word' id='word_1_308' title='bbox 1311 3411 1406 3465; x_wconf 92' lang='lat' dir='ltr'><strong>Dei</strong></span> <span class='ocrx_word' id='word_1_309' title='bbox 1438 3410 1973 3466; x_wconf 87' lang='lat' dir='ltr'><strong>Ecclesiisetortho—</strong></span> 
     </span>
    </p>
   </div>
   <div class='ocr_carea' id='block_1_48' title="bbox 387 3499 1972 3574">
    <p class='ocr_par' dir='ltr' id='par_1_48' title="bbox 387 3499 1972 3574">
     <span class='ocr_line' id='line_1_48' title="bbox 387 3499 1972 3574; baseline 0.001 -18"><span class='ocrx_word' id='word_1_310' title='bbox 387 3502 660 3556; x_wconf 81' lang='lat' dir='ltr'><strong>doxorum</strong></span> <span class='ocrx_word' id='word_1_311' title='bbox 688 3499 1019 3569; x_wconf 88' lang='lat' dir='ltr'><strong>populorum</strong></span> <span class='ocrx_word' id='word_1_312' title='bbox 1048 3502 1413 3557; x_wconf 78' lang='lat' dir='ltr'><strong>conventibus</strong></span> <span class='ocrx_word' id='word_1_313' title='bbox 1461 3512 1761 3573; x_wconf 87' lang='lat' dir='ltr'><strong>usurpctur</strong></span> <span class='ocrx_word' id='word_1_314' title='bbox 1804 3514 1972 3574; x_wconf 89' lang='lat' dir='ltr'><strong>atque</strong></span> 
     </span>
    </p>
   </div>
   <div class='ocr_carea' id='block_1_49' title="bbox 388 3591 1974 3665">
    <p class='ocr_par' dir='ltr' id='par_1_49' title="bbox 388 3591 1974 3665">
     <span class='ocr_line' id='line_1_49' title="bbox 388 3591 1974 3665; baseline 0.002 -20"><span class='ocrx_word' id='word_1_315' title='bbox 388 3591 676 3657; x_wconf 86' lang='lat' dir='ltr'><strong>obtineat;</strong></span> <span class='ocrx_word' id='word_1_316' title='bbox 707 3591 913 3661; x_wconf 89' lang='lat' dir='ltr'><strong>quippe</strong></span> <span class='ocrx_word' id='word_1_317' title='bbox 940 3592 1088 3661; x_wconf 90' lang='lat' dir='ltr'><strong>quod</strong></span> <span class='ocrx_word' id='word_1_318' title='bbox 1139 3608 1311 3648; x_wconf 91' lang='lat' dir='ltr'><strong>unum</strong></span> <span class='ocrx_word' id='word_1_319' title='bbox 1369 3594 1556 3665; x_wconf 83' lang='lat' dir='ltr'><strong>regula</strong></span> <span class='ocrx_word' id='word_1_320' title='bbox 1609 3594 1670 3649; x_wconf 87' lang='lat' dir='ltr'><strong>ﬁt</strong></span> <span class='ocrx_word' id='word_1_321' title='bbox 1701 3603 1867 3650; x_wconf 62' lang='lat' dir='ltr'><strong>rectae</strong></span> <span class='ocrx_word' id='word_1_322' title='bbox 1906 3608 1974 3648; x_wconf 88' lang='lat' dir='ltr'><strong>ac</strong></span> 
     </span>
    </p>
   </div>
   <div class='ocr_carea' id='block_1_50' title="bbox 387 3682 1973 3755">
    <p class='ocr_par' dir='ltr' id='par_1_50' title="bbox 387 3682 1973 3755">
     <span class='ocr_line' id='line_1_50' title="bbox 387 3682 1973 3755; baseline 0.002 -18"><span class='ocrx_word' id='word_1_323' title='bbox 387 3684 621 3738; x_wconf 62' lang='lat' dir='ltr'><strong>sincera:</strong></span> <span class='ocrx_word' id='word_1_324' title='bbox 639 3682 787 3748; x_wconf 89' lang='lat' dir='ltr'><strong>ﬁdei,</strong></span> <span class='ocrx_word' id='word_1_325' title='bbox 819 3683 1098 3739; x_wconf 82' lang='lat' dir='ltr'><strong>suﬂiciens</strong></span> <span class='ocrx_word' id='word_1_326' title='bbox 1140 3691 1253 3739; x_wconf 91' lang='lat' dir='ltr'><strong>tum</strong></span> <span class='ocrx_word' id='word_1_327' title='bbox 1301 3685 1368 3739; x_wconf 91' lang='lat' dir='ltr'><strong>ad</strong></span> <span class='ocrx_word' id='word_1_328' title='bbox 1397 3685 1738 3741; x_wconf 85' lang='lat' dir='ltr'><strong>eversionem</strong></span> <span class='ocrx_word' id='word_1_329' title='bbox 1786 3686 1973 3755; x_wconf 87' lang='lat' dir='ltr'><strong>cujus-</strong></span> 
     </span>
    </p>
   </div>
   <div class='ocr_carea' id='block_1_51' title="bbox 384 3774 1971 3845">
    <p class='ocr_par' dir='ltr' id='par_1_51' title="bbox 384 3774 1971 3845">
     <span class='ocr_line' id='line_1_51' title="bbox 384 3774 1971 3845; baseline 0 -15"><span class='ocrx_word' id='word_1_330' title='bbox 384 3774 525 3831; x_wconf 89' lang='lat' dir='ltr'><strong>libet</strong></span> <span class='ocrx_word' id='word_1_331' title='bbox 561 3774 852 3840; x_wconf 67' lang='lat' dir='ltr'><strong>haareseos,</strong></span> <span class='ocrx_word' id='word_1_332' title='bbox 890 3783 1004 3830; x_wconf 93' lang='lat' dir='ltr'><strong>tum</strong></span> <span class='ocrx_word' id='word_1_333' title='bbox 1034 3775 1102 3830; x_wconf 88' lang='lat' dir='ltr'><strong>ad</strong></span> <span class='ocrx_word' id='word_1_334' title='bbox 1160 3774 1459 3845; x_wconf 84' lang='lat' dir='ltr'><strong>perfectam</strong></span> <span class='ocrx_word' id='word_1_335' title='bbox 1513 3786 1829 3832; x_wconf 88' lang='lat' dir='ltr'><strong>sanctarum</strong></span> <span class='ocrx_word' id='word_1_336' title='bbox 1875 3777 1971 3830; x_wconf 88' lang='lat' dir='ltr'><strong>Dei</strong></span> 
     </span>
    </p>
   </div>
   <div class='ocr_carea' id='block_1_52' title="bbox 370 3866 1972 3941">
    <p class='ocr_par' dir='ltr' id='par_1_52' title="bbox 370 3866 1972 3941">
     <span class='ocr_line' id='line_1_52' title="bbox 370 3866 1972 3941; baseline 0.001 -19"><span class='ocrx_word' id='word_1_337' title='bbox 370 3866 764 3941; x_wconf 9' lang='lat' dir='ltr'><strong>‘Ecclesiarum</strong></span> <span class='ocrx_word' id='word_1_338' title='bbox 785 3867 1094 3922; x_wconf 90' lang='lat' dir='ltr'><strong>unitionem</strong></span> <span class='ocrx_word' id='word_1_339' title='bbox 1135 3884 1148 3920; x_wconf 89' lang='lat'>:</span> <span class='ocrx_word' id='word_1_340' title='bbox 1195 3868 1267 3923; x_wconf 89' lang='lat' dir='ltr'><strong>ita</strong></span> <span class='ocrx_word' id='word_1_341' title='bbox 1294 3876 1474 3924; x_wconf 86' lang='lat' dir='ltr'><strong>tamen</strong></span> <span class='ocrx_word' id='word_1_342' title='bbox 1512 3878 1574 3924; x_wconf 91' lang='lat' dir='ltr'><strong>ut</strong></span> <span class='ocrx_word' id='word_1_343' title='bbox 1601 3885 1764 3924; x_wconf 86' lang='lat' dir='ltr'><strong>suum</strong></span> <span class='ocrx_word' id='word_1_344' title='bbox 1797 3869 1972 3923; x_wconf 89' lang='lat' dir='ltr'><strong>robur</strong></span> 
     </span>
    </p>
   </div>
   <div class='ocr_carea' id='block_1_53' title="bbox 385 3958 1970 4034">
    <p class='ocr_par' dir='ltr' id='par_1_53' title="bbox 385 3958 1970 4034">
     <span class='ocr_line' id='line_1_53' title="bbox 385 3958 1970 4034; baseline 0.004 -23"><span class='ocrx_word' id='word_1_345' title='bbox 385 3959 713 4029; x_wconf 81' lang='lat' dir='ltr'><strong>acvigorem</strong></span> <span class='ocrx_word' id='word_1_346' title='bbox 738 3958 1029 4014; x_wconf 87' lang='lat' dir='ltr'><strong>obtineant</strong></span> <span class='ocrx_word' id='word_1_347' title='bbox 1078 3959 1244 4014; x_wconf 86' lang='lat' dir='ltr'><strong>etiam</strong></span> <span class='ocrx_word' id='word_1_348' title='bbox 1269 3976 1355 4027; x_wconf 90' lang='lat' dir='ltr'><strong>ea,</strong></span> <span class='ocrx_word' id='word_1_349' title='bbox 1411 3977 1534 4032; x_wconf 84' lang='lat' dir='ltr'><strong>quae</strong></span> <span class='ocrx_word' id='word_1_350' title='bbox 1567 3962 1622 4016; x_wconf 94' lang='lat' dir='ltr'><strong>in</strong></span> <span class='ocrx_word' id='word_1_351' title='bbox 1657 3962 1760 4016; x_wconf 91' lang='lat' dir='ltr'><strong>hac</strong></span> <span class='ocrx_word' id='word_1_352' title='bbox 1821 3962 1970 4034; x_wconf 85' lang='lat' dir='ltr'><strong>regia</strong></span> 
     </span>
    </p>
   </div>
   <div class='ocr_carea' id='block_1_54' title="bbox 387 4049 1971 4122">
    <p class='ocr_par' dir='ltr' id='par_1_54' title="bbox 387 4049 1971 4122">
     <span class='ocr_line' id='line_1_54' title="bbox 387 4049 1971 4122; baseline 0.003 -19"><span class='ocrx_word' id='word_1_353' title='bbox 387 4049 521 4105; x_wconf 88' lang='lat' dir='ltr'><strong>urbe</strong></span> <span class='ocrx_word' id='word_1_354' title='bbox 553 4067 584 4105; x_wconf 92' lang='lat' dir='ltr'><strong>a</strong></span> <span class='ocrx_word' id='word_1_355' title='bbox 621 4058 843 4106; x_wconf 86' lang='lat' dir='ltr'><strong>centum</strong></span> <span class='ocrx_word' id='word_1_356' title='bbox 893 4057 951 4105; x_wconf 86' lang='lat' dir='ltr'><strong>et</strong></span> <span class='ocrx_word' id='word_1_357' title='bbox 1003 4050 1403 4122; x_wconf 79' lang='lat' dir='ltr'><strong>quinquaginta</strong></span> <span class='ocrx_word' id='word_1_358' title='bbox 1454 4053 1659 4107; x_wconf 89' lang='lat' dir='ltr'><strong>sanctis</strong></span> <span class='ocrx_word' id='word_1_359' title='bbox 1716 4051 1971 4107; x_wconf 90' lang='lat' dir='ltr'><strong>Patribus</strong></span> 
     </span>
    </p>
   </div>
   <div class='ocr_carea' id='block_1_55' title="bbox 383 4140 1969 4214">
    <p class='ocr_par' dir='ltr' id='par_1_55' title="bbox 383 4140 1969 4214">
     <span class='ocr_line' id='line_1_55' title="bbox 383 4140 1969 4214; baseline 0.001 -16"><span class='ocrx_word' id='word_1_360' title='bbox 383 4149 534 4214; x_wconf 73' lang='lat' dir='ltr'><strong>gesta</strong></span> <span class='ocrx_word' id='word_1_361' title='bbox 561 4151 691 4200; x_wconf 89' lang='lat' dir='ltr'><strong>sunt</strong></span> <span class='ocrx_word' id='word_1_362' title='bbox 720 4141 790 4197; x_wconf 90' lang='lat' dir='ltr'><strong>ad</strong></span> <span class='ocrx_word' id='word_1_363' title='bbox 845 4140 1320 4199; x_wconf 87' lang='lat' dir='ltr'><strong>conﬁrmationem</strong></span> <span class='ocrx_word' id='word_1_364' title='bbox 1347 4144 1596 4214; x_wconf 88' lang='lat' dir='ltr'><strong>ejusdem</strong></span> <span class='ocrx_word' id='word_1_365' title='bbox 1634 4143 1969 4199; x_wconf 89' lang='lat' dir='ltr'><strong>sanctissimi</strong></span> 
     </span>
    </p>
   </div>
   <div class='ocr_carea' id='block_1_56' title="bbox 382 4229 1969 4302">
    <p class='ocr_par' dir='ltr' id='par_1_56' title="bbox 382 4229 1969 4302">
     <span class='ocr_line' id='line_1_56' title="bbox 382 4229 1969 4302; baseline 0.002 -17"><span class='ocrx_word' id='word_1_366' title='bbox 382 4230 650 4302; x_wconf 81' lang='lat' dir='ltr'><strong>Symboli,</strong></span> <span class='ocrx_word' id='word_1_367' title='bbox 693 4229 958 4284; x_wconf 84' lang='lat' dir='ltr'><strong>adversus</strong></span> <span class='ocrx_word' id='word_1_368' title='bbox 985 4245 1081 4285; x_wconf 90' lang='lat' dir='ltr'><strong>eos</strong></span> <span class='ocrx_word' id='word_1_369' title='bbox 1133 4233 1228 4301; x_wconf 92' lang='lat' dir='ltr'><strong>qui</strong></span> <span class='ocrx_word' id='word_1_370' title='bbox 1280 4233 1337 4287; x_wconf 93' lang='lat' dir='ltr'><strong>in</strong></span> <span class='ocrx_word' id='word_1_371' title='bbox 1394 4232 1661 4302; x_wconf 89' lang='lat' dir='ltr'><strong>Spiritum</strong></span> <span class='ocrx_word' id='word_1_372' title='bbox 1719 4242 1969 4288; x_wconf 89' lang='lat' dir='ltr'><strong>sanctum</strong></span> 
     </span>
    </p>
   </div>
   <div class='ocr_carea' id='block_1_57' title="bbox 381 4322 1966 4395">
    <p class='ocr_par' dir='ltr' id='par_1_57' title="bbox 381 4322 1966 4395">
     <span class='ocr_line' id='line_1_57' title="bbox 381 4322 1966 4395; baseline 0.001 -17"><span class='ocrx_word' id='word_1_373' title='bbox 381 4322 882 4392; x_wconf 88' lang='lat' dir='ltr'><strong>blasphemabant:</strong></span> <span class='ocrx_word' id='word_1_374' title='bbox 934 4337 1001 4378; x_wconf 88' lang='lat' dir='ltr'><strong>ea</strong></span> <span class='ocrx_word' id='word_1_375' title='bbox 1055 4323 1283 4395; x_wconf 90' lang='lat' dir='ltr'><strong>insuper</strong></span> <span class='ocrx_word' id='word_1_376' title='bbox 1334 4340 1457 4395; x_wconf 64' lang='lat' dir='ltr'><strong>quae</strong></span> <span class='ocrx_word' id='word_1_377' title='bbox 1490 4325 1543 4378; x_wconf 90' lang='lat' dir='ltr'><strong>in</strong></span> <span class='ocrx_word' id='word_1_378' title='bbox 1602 4325 1966 4394; x_wconf 90' lang='lat' dir='ltr'><strong>Ephesiorum</strong></span> 
     </span>
    </p>
   </div>
   <div class='ocr_carea' id='block_1_58' title="bbox 379 4415 1965 4487">
    <p class='ocr_par' dir='ltr' id='par_1_58' title="bbox 379 4415 1965 4487">
     <span class='ocr_line' id='line_1_58' title="bbox 379 4415 1965 4487; baseline 0.002 -19"><span class='ocrx_word' id='word_1_379' title='bbox 379 4415 675 4485; x_wconf 90' lang='lat' dir='ltr'><strong>metropoli</strong></span> <span class='ocrx_word' id='word_1_380' title='bbox 750 4424 947 4470; x_wconf 84' lang='lat' dir='ltr'><strong>contra</strong></span> <span class='ocrx_word' id='word_1_381' title='bbox 994 4416 1226 4487; x_wconf 91' lang='lat' dir='ltr'><strong>impium</strong></span> <span class='ocrx_word' id='word_1_382' title='bbox 1271 4416 1591 4471; x_wconf 87' lang='lat' dir='ltr'><strong>Nestorium</strong></span> <span class='ocrx_word' id='word_1_383' title='bbox 1637 4426 1757 4472; x_wconf 89' lang='lat' dir='ltr'><strong>acta</strong></span> <span class='ocrx_word' id='word_1_384' title='bbox 1814 4426 1965 4482; x_wconf 90' lang='lat' dir='ltr'><strong>sunt,</strong></span> 
     </span>
    </p>
   </div>
   <div class='ocr_carea' id='block_1_59' title="bbox 376 4509 1964 4581">
    <p class='ocr_par' dir='ltr' id='par_1_59' title="bbox 376 4509 1964 4581">
     <span class='ocr_line' id='line_1_59' title="bbox 376 4509 1964 4581; baseline 0.001 -19"><span class='ocrx_word' id='word_1_385' title='bbox 376 4516 434 4562; x_wconf 90' lang='lat' dir='ltr'><strong>et</strong></span> <span class='ocrx_word' id='word_1_386' title='bbox 460 4516 657 4563; x_wconf 88' lang='lat' dir='ltr'><strong>contra</strong></span> <span class='ocrx_word' id='word_1_387' title='bbox 678 4522 774 4563; x_wconf 85' lang='lat' dir='ltr'><strong>eos</strong></span> <span class='ocrx_word' id='word_1_388' title='bbox 795 4509 891 4579; x_wconf 89' lang='lat' dir='ltr'><strong>qui</strong></span> <span class='ocrx_word' id='word_1_389' title='bbox 949 4510 1071 4581; x_wconf 82' lang='lat' dir='ltr'><strong>ejus</strong></span> <span class='ocrx_word' id='word_1_390' title='bbox 1099 4524 1344 4564; x_wconf 89' lang='lat' dir='ltr'><strong>errorem</strong></span> <span class='ocrx_word' id='word_1_391' title='bbox 1390 4520 1578 4579; x_wconf 90' lang='lat' dir='ltr'><strong>postea</strong></span> <span class='ocrx_word' id='word_1_392' title='bbox 1618 4520 1747 4565; x_wconf 86' lang='lat' dir='ltr'><strong>sunt</strong></span> <span class='ocrx_word' id='word_1_393' title='bbox 1768 4511 1964 4567; x_wconf 88' lang='lat' dir='ltr'><strong>secuti.</strong></span> 
     </span>
    </p>
   </div>
   <div class='ocr_carea' id='block_1_60' title="bbox 1991 4564 2046 4623">
    <p class='ocr_par' dir='ltr' id='par_1_60' title="bbox 1991 4564 2046 4623">
     <span class='ocr_line' id='line_1_60' title="bbox 1991 4564 2046 4623; baseline 0 0"><span class='ocrx_word' id='word_1_394' title='bbox 1991 4564 2046 4623; x_wconf 92' lang='lat' dir='ltr'><strong>D</strong></span> 
     </span>
    </p>
   </div>
   <div class='ocr_carea' id='block_1_61' title="bbox 2083 1935 3675 2013">
    <p class='ocr_par' dir='ltr' id='par_1_61' title="bbox 2083 1935 3675 2013">
     <span class='ocr_line' id='line_1_61' title="bbox 2083 1935 3675 2013; baseline 0.003 -24"><span class='ocrx_word' id='word_1_395' title='bbox 2083 1936 2193 1991; x_wconf 85' lang='grc' dir='ltr'><strong>τῶν</strong></span> <span class='ocrx_word' id='word_1_396' title='bbox 2222 1935 2580 2006; x_wconf 84' lang='grc' dir='ltr'>ὲκφωνοῦμεν</span> <span class='ocrx_word' id='word_1_397' title='bbox 2607 1936 2829 2006; x_wconf 88' lang='grc' dir='ltr'>νόμους.</span> <span class='ocrx_word' id='word_1_398' title='bbox 2875 1937 3070 2006; x_wconf 81' lang='grc' dir='ltr'>Ἡμεῖς</span> <span class='ocrx_word' id='word_1_399' title='bbox 3109 1938 3168 1992; x_wconf 79' lang='grc' dir='ltr'>δὲ</span> <span class='ocrx_word' id='word_1_400' title='bbox 3197 1941 3380 2010; x_wconf 81' lang='grc' dir='ltr'><strong>πάσης</strong></span> <span class='ocrx_word' id='word_1_401' title='bbox 3406 1941 3508 2009; x_wconf 74' lang='grc' dir='ltr'><strong>τῆς</strong></span> <span class='ocrx_word' id='word_1_402' title='bbox 3542 1941 3675 2013; x_wconf 75' lang='grc' dir='ltr'>περὶ</span> 
     </span>
    </p>
   </div>
   <div class='ocr_carea' id='block_1_62' title="bbox 2083 2027 3713 2102">
    <p class='ocr_par' dir='ltr' id='par_1_62' title="bbox 2083 2027 3713 2102">
     <span class='ocr_line' id='line_1_62' title="bbox 2083 2027 3713 2102; baseline 0.002 -21"><span class='ocrx_word' id='word_1_403' title='bbox 2083 2028 2153 2081; x_wconf 82' lang='grc' dir='ltr'>τὰ</span> <span class='ocrx_word' id='word_1_404' title='bbox 2175 2027 2489 2099; x_wconf 85' lang='grc' dir='ltr'>ἀνθρώπινα</span> <span class='ocrx_word' id='word_1_405' title='bbox 2519 2028 2819 2099; x_wconf 81' lang='grc' dir='ltr'>πράγματα</span> <span class='ocrx_word' id='word_1_406' title='bbox 2844 2030 3081 2099; x_wconf 82' lang='grc' dir='ltr'><strong>σπουδῆς</strong></span> <span class='ocrx_word' id='word_1_407' title='bbox 3114 2031 3550 2102; x_wconf 74' lang='grc' dir='ltr'>προτιμήσαντες</span> <span class='ocrx_word' id='word_1_408' title='bbox 3570 2032 3674 2101; x_wconf 72' lang='grc' dir='ltr'>τὴν</span> <span class='ocrx_word' id='word_1_409' title='bbox 3708 2056 3713 2061; x_wconf 90' lang='grc'><strong>·</strong></span> 
     </span>
    </p>
   </div>
   <div class='ocr_carea' id='block_1_63' title="bbox 2083 2121 3675 2194">
    <p class='ocr_par' dir='ltr' id='par_1_63' title="bbox 2083 2121 3675 2194">
     <span class='ocr_line' id='line_1_63' title="bbox 2083 2121 3675 2194; baseline 0.001 -19"><span class='ocrx_word' id='word_1_410' title='bbox 2083 2122 2386 2187; x_wconf 71' lang='grc' dir='ltr'>εύσέϐειαν,</span> <span class='ocrx_word' id='word_1_411' title='bbox 2409 2123 2505 2174; x_wconf 83' lang='grc' dir='ltr'>καὶ</span> <span class='ocrx_word' id='word_1_412' title='bbox 2533 2121 2623 2174; x_wconf 74' lang='grc' dir='ltr'>τὸν</span> <span class='ocrx_word' id='word_1_413' title='bbox 2655 2122 2793 2192; x_wconf 81' lang='grc' dir='ltr'>ὑπὲρ</span> <span class='ocrx_word' id='word_1_414' title='bbox 2818 2122 2915 2175; x_wconf 83' lang='grc' dir='ltr'><strong>τοῦ</strong></span> <span class='ocrx_word' id='word_1_415' title='bbox 2942 2122 3077 2175; x_wconf 88' lang='grc' dir='ltr'>Θεοῦ</span> <span class='ocrx_word' id='word_1_416' title='bbox 3108 2123 3201 2175; x_wconf 77' lang='grc' dir='ltr'>καὶ</span> <span class='ocrx_word' id='word_1_417' title='bbox 3228 2123 3478 2194; x_wconf 79' lang='grc' dir='ltr'>Σωτῆρος</span> <span class='ocrx_word' id='word_1_418' title='bbox 3512 2123 3675 2194; x_wconf 82' lang='grc' dir='ltr'>ἡμῶν</span> 
     </span>
    </p>
   </div>
   <div class='ocr_carea' id='block_1_64' title="bbox 2097 2213 3676 2287">
    <p class='ocr_par' dir='ltr' id='par_1_64' title="bbox 2097 2213 3676 2287">
     <span class='ocr_line' id='line_1_64' title="bbox 2097 2213 3676 2287; baseline -0.002 -17"><span class='ocrx_word' id='word_1_419' title='bbox 2097 2215 2270 2287; x_wconf 80' lang='grc' dir='ltr'><strong>Ἰησοῦ</strong></span> <span class='ocrx_word' id='word_1_420' title='bbox 2315 2213 2553 2287; x_wconf 78' lang='grc' dir='ltr'>Χριστοῦ</span> <span class='ocrx_word' id='word_1_421' title='bbox 2588 2213 2771 2284; x_wconf 77' lang='grc' dir='ltr'>ζῆλον,</span> <span class='ocrx_word' id='word_1_422' title='bbox 2814 2215 2907 2267; x_wconf 86' lang='grc' dir='ltr'><strong>τοῦ</strong></span> <span class='ocrx_word' id='word_1_423' title='bbox 2942 2232 2999 2267; x_wconf 89' lang='grc' dir='ltr'><strong>τε</strong></span> <span class='ocrx_word' id='word_1_424' title='bbox 3042 2215 3424 2286; x_wconf 82' lang='grc' dir='ltr'><strong>πεποιηκότος,</strong></span> <span class='ocrx_word' id='word_1_425' title='bbox 3458 2215 3556 2269; x_wconf 75' lang='grc' dir='ltr'>καὶ</span> <span class='ocrx_word' id='word_1_426' title='bbox 3584 2215 3676 2268; x_wconf 87' lang='grc' dir='ltr'><strong>δε-</strong></span> 
     </span>
    </p>
   </div>
   <div class='ocr_carea' id='block_1_65' title="bbox 2082 2292 3675 2377">
    <p class='ocr_par' dir='ltr' id='par_1_65' title="bbox 2082 2292 3675 2377">
     <span class='ocr_line' id='line_1_65' title="bbox 2082 2292 3675 2377; baseline -0.001 -16"><span class='ocrx_word' id='word_1_427' title='bbox 2082 2306 2370 2372; x_wconf 80' lang='grc' dir='ltr'>δοξακότος</span> <span class='ocrx_word' id='word_1_428' title='bbox 2396 2292 2563 2377; x_wconf 73' lang='grc' dir='ltr'>ήμᾶς·</span> <span class='ocrx_word' id='word_1_429' title='bbox 2610 2305 2691 2358; x_wconf 72' lang='grc' dir='ltr'>ἔτι</span> <span class='ocrx_word' id='word_1_430' title='bbox 2743 2306 2801 2359; x_wconf 82' lang='grc' dir='ltr'>δὲ</span> <span class='ocrx_word' id='word_1_431' title='bbox 2854 2306 3206 2369; x_wconf 81' lang='grc' dir='ltr'><strong>πιστεύοντες</strong></span> <span class='ocrx_word' id='word_1_432' title='bbox 3248 2307 3341 2362; x_wconf 78' lang='grc' dir='ltr'>τὸν</span> <span class='ocrx_word' id='word_1_433' title='bbox 3374 2307 3675 2377; x_wconf 85' lang='grc' dir='ltr'>σύνδεσμον</span> 
     </span>
    </p>
   </div>
   <div class='ocr_carea' id='block_1_66' title="bbox 2083 2379 3672 2469">
    <p class='ocr_par' dir='ltr' id='par_1_66' title="bbox 2083 2395 3672 2469">
     <span class='ocr_line' id='line_1_66' title="bbox 2083 2395 3672 2469; baseline -0.002 -16"><span class='ocrx_word' id='word_1_434' title='bbox 2083 2399 2190 2452; x_wconf 84' lang='grc' dir='ltr'>τῶν</span> <span class='ocrx_word' id='word_1_435' title='bbox 2240 2399 2334 2453; x_wconf 80' lang='grc' dir='ltr'><strong>τοῦ</strong></span> <span class='ocrx_word' id='word_1_436' title='bbox 2383 2397 2620 2467; x_wconf 79' lang='grc' dir='ltr'>Χριστοῦ</span> <span class='ocrx_word' id='word_1_437' title='bbox 2670 2396 2939 2467; x_wconf 81' lang='grc' dir='ltr'>ποιμνίων</span> <span class='ocrx_word' id='word_1_438' title='bbox 2976 2397 3251 2469; x_wconf 87' lang='grc' dir='ltr'>σωτηρίαν</span> <span class='ocrx_word' id='word_1_439' title='bbox 3286 2397 3496 2452; x_wconf 78' lang='grc' dir='ltr'>ἑαυτῶν</span> <span class='ocrx_word' id='word_1_440' title='bbox 3527 2395 3672 2452; x_wconf 81' lang='grc' dir='ltr'>εἰναι</span> 
     </span>
    </p>
   </div>
   <div class='ocr_carea' id='block_1_67' title="bbox 2089 2487 3673 2563">
    <p class='ocr_par' dir='ltr' id='par_1_67' title="bbox 2089 2487 3673 2563">
     <span class='ocr_line' id='line_1_67' title="bbox 2089 2487 3673 2563; baseline 0.001 -20"><span class='ocrx_word' id='word_1_441' title='bbox 2089 2490 2185 2543; x_wconf 70' lang='grc' dir='ltr'>καὶ</span> <span class='ocrx_word' id='word_1_442' title='bbox 2209 2489 2305 2543; x_wconf 90' lang='grc' dir='ltr'><strong>τοῦ</strong></span> <span class='ocrx_word' id='word_1_443' title='bbox 2346 2489 2589 2558; x_wconf 79' lang='grc' dir='ltr'><strong>ὑπηκόου</strong></span> <span class='ocrx_word' id='word_1_444' title='bbox 2622 2487 2847 2552; x_wconf 78' lang='grc' dir='ltr'>παντὸς,</span> <span class='ocrx_word' id='word_1_445' title='bbox 2897 2488 3147 2558; x_wconf 85' lang='grc' dir='ltr'>θεμέλιον</span> <span class='ocrx_word' id='word_1_446' title='bbox 3203 2506 3263 2543; x_wconf 86' lang='grc' dir='ltr'><strong>τε</strong></span> <span class='ocrx_word' id='word_1_447' title='bbox 3302 2489 3525 2563; x_wconf 77' lang='grc' dir='ltr'>ἀρραγῆ</span> <span class='ocrx_word' id='word_1_448' title='bbox 3574 2489 3673 2544; x_wconf 74' lang='grc' dir='ltr'>καὶ</span> 
     </span>
    </p>
   </div>
   <div class='ocr_carea' id='block_1_68' title="bbox 2085 2582 3672 2656">
    <p class='ocr_par' dir='ltr' id='par_1_68' title="bbox 2085 2582 3672 2656">
     <span class='ocr_line' id='line_1_68' title="bbox 2085 2582 3672 2656; baseline -0.002 -18"><span class='ocrx_word' id='word_1_449' title='bbox 2085 2586 2385 2638; x_wconf 73' lang='grc' dir='ltr'>ἀσάλευτον</span> <span class='ocrx_word' id='word_1_450' title='bbox 2424 2586 2602 2653; x_wconf 87' lang='grc' dir='ltr'>τεῖχος</span> <span class='ocrx_word' id='word_1_451' title='bbox 2646 2582 2747 2652; x_wconf 85' lang='grc' dir='ltr'>τῆς</span> <span class='ocrx_word' id='word_1_452' title='bbox 2777 2583 3056 2656; x_wconf 79' lang='grc' dir='ltr'>ἡμετέρας</span> <span class='ocrx_word' id='word_1_453' title='bbox 3091 2584 3392 2655; x_wconf 84' lang='grc' dir='ltr'>βασιλείας,</span> <span class='ocrx_word' id='word_1_454' title='bbox 3423 2582 3672 2637; x_wconf 77' lang='grc' dir='ltr'>ἐντεῦθεν</span> 
     </span>
    </p>
   </div>
   <div class='ocr_carea' id='block_1_69' title="bbox 2084 2672 3673 2745">
    <p class='ocr_par' dir='ltr' id='par_1_69' title="bbox 2084 2672 3673 2745">
     <span class='ocr_line' id='line_1_69' title="bbox 2084 2672 3673 2745; baseline -0.002 -16"><span class='ocrx_word' id='word_1_455' title='bbox 2084 2676 2312 2740; x_wconf 88' lang='grc' dir='ltr'>εἰκότως</span> <span class='ocrx_word' id='word_1_456' title='bbox 2356 2674 2486 2745; x_wconf 87' lang='grc' dir='ltr'>θείῳ</span> <span class='ocrx_word' id='word_1_457' title='bbox 2516 2673 2757 2737; x_wconf 80' lang='grc' dir='ltr'>διανοίας</span> <span class='ocrx_word' id='word_1_458' title='bbox 2800 2673 3110 2744; x_wconf 81' lang='grc' dir='ltr'>κινούμενοι</span> <span class='ocrx_word' id='word_1_459' title='bbox 3153 2673 3301 2745; x_wconf 79' lang='grc' dir='ltr'>ζήλῳ</span> <span class='ocrx_word' id='word_1_460' title='bbox 3323 2713 3339 2735; x_wconf 84' lang='lat'><strong>,</strong></span> <span class='ocrx_word' id='word_1_461' title='bbox 3370 2672 3464 2728; x_wconf 75' lang='grc' dir='ltr'>καὶ</span> <span class='ocrx_word' id='word_1_462' title='bbox 3491 2675 3673 2742; x_wconf 78' lang='grc' dir='ltr'>ἀπαρ-</span> 
     </span>
    </p>
   </div>
   <div class='ocr_carea' id='block_1_70' title="bbox 2083 2763 3673 2837">
    <p class='ocr_par' dir='ltr' id='par_1_70' title="bbox 2083 2763 3673 2837">
     <span class='ocr_line' id='line_1_70' title="bbox 2083 2763 3673 2837; baseline -0.004 -16"><span class='ocrx_word' id='word_1_463' title='bbox 2083 2767 2184 2837; x_wconf 78' lang='grc' dir='ltr'>χὴν</span> <span class='ocrx_word' id='word_1_464' title='bbox 2223 2766 2323 2836; x_wconf 81' lang='grc' dir='ltr'>τῆς</span> <span class='ocrx_word' id='word_1_465' title='bbox 2350 2764 2627 2836; x_wconf 84' lang='grc' dir='ltr'>ἡμετέρας</span> <span class='ocrx_word' id='word_1_466' title='bbox 2680 2764 2961 2834; x_wconf 84' lang='grc' dir='ltr'>βασιλείας</span> <span class='ocrx_word' id='word_1_467' title='bbox 3018 2763 3099 2835; x_wconf 83' lang='grc' dir='ltr'>τῷ</span> <span class='ocrx_word' id='word_1_468' title='bbox 3148 2764 3267 2835; x_wconf 83' lang='grc' dir='ltr'><strong>Θεῷ</strong></span> <span class='ocrx_word' id='word_1_469' title='bbox 3309 2765 3406 2817; x_wconf 67' lang='grc' dir='ltr'>καὶ</span> <span class='ocrx_word' id='word_1_470' title='bbox 3453 2763 3673 2835; x_wconf 80' lang='grc' dir='ltr'>Σωτῆρι</span> 
     </span>
    </p>
   </div>
   <div class='ocr_carea' id='block_1_71' title="bbox 2083 2854 3673 2928">
    <p class='ocr_par' dir='ltr' id='par_1_71' title="bbox 2083 2854 3673 2928">
     <span class='ocr_line' id='line_1_71' title="bbox 2083 2854 3673 2928; baseline -0.001 -17"><span class='ocrx_word' id='word_1_471' title='bbox 2083 2856 2241 2928; x_wconf 81' lang='grc' dir='ltr'>ἡμῶν</span> <span class='ocrx_word' id='word_1_472' title='bbox 2278 2855 2454 2928; x_wconf 80' lang='grc' dir='ltr'>Ἰησοῦ</span> <span class='ocrx_word' id='word_1_473' title='bbox 2480 2854 2705 2927; x_wconf 84' lang='grc' dir='ltr'>Χριστῷ</span> <span class='ocrx_word' id='word_1_474' title='bbox 2731 2855 2831 2925; x_wconf 77' lang='grc' dir='ltr'>τὴν</span> <span class='ocrx_word' id='word_1_475' title='bbox 2858 2855 2959 2924; x_wconf 83' lang='grc' dir='ltr'><strong>τῆς</strong></span> <span class='ocrx_word' id='word_1_476' title='bbox 2985 2855 3146 2924; x_wconf 83' lang='grc' dir='ltr'>ἁγίας</span> <span class='ocrx_word' id='word_1_477' title='bbox 3175 2855 3499 2924; x_wconf 84' lang='grc' dir='ltr'>Ἐκκλησίας</span> <span class='ocrx_word' id='word_1_478' title='bbox 3531 2855 3673 2909; x_wconf 67' lang='grc' dir='ltr'>ἐνω-</span> 
     </span>
    </p>
   </div>
   <div class='ocr_carea' id='block_1_72' title="bbox 2084 2946 3733 3021">
    <p class='ocr_par' dir='ltr' id='par_1_72' title="bbox 2084 2946 3733 3021">
     <span class='ocr_line' id='line_1_72' title="bbox 2084 2946 3733 3021; baseline -0.002 -18"><span class='ocrx_word' id='word_1_479' title='bbox 2084 2967 2170 3003; x_wconf 92' lang='grc' dir='ltr'><strong>σιν</strong></span> <span class='ocrx_word' id='word_1_480' title='bbox 2227 2947 3101 3021; x_wconf 42' lang='grc' dir='ltr'>προσκομίςοντες,,θεσπίζομεν</span> <span class='ocrx_word' id='word_1_481' title='bbox 3139 2946 3238 3019; x_wconf 80' lang='grc' dir='ltr'>τὴν</span> <span class='ocrx_word' id='word_1_482' title='bbox 3289 2949 3534 3018; x_wconf 83' lang='grc' dir='ltr'>κρηπῖδα</span> <span class='ocrx_word' id='word_1_483' title='bbox 3577 2948 3672 3002; x_wconf 77' lang='grc' dir='ltr'>καὶ</span> <span class='ocrx_word' id='word_1_484' title='bbox 3730 2978 3733 2981; x_wconf 97' lang='grc'><strong><em>-</em></strong></span> 
     </span>
    </p>
   </div>
   <div class='ocr_carea' id='block_1_73' title="bbox 2084 3039 3674 3115">
    <p class='ocr_par' dir='ltr' id='par_1_73' title="bbox 2084 3039 3674 3115">
     <span class='ocr_line' id='line_1_73' title="bbox 2084 3039 3674 3115; baseline -0.003 -18"><span class='ocrx_word' id='word_1_485' title='bbox 2084 3042 2381 3115; x_wconf 83' lang='grc' dir='ltr'>βεϐαίωσιν</span> <span class='ocrx_word' id='word_1_486' title='bbox 2439 3041 2540 3112; x_wconf 81' lang='grc' dir='ltr'><strong>τῆς</strong></span> <span class='ocrx_word' id='word_1_487' title='bbox 2591 3040 2940 3110; x_wconf 85' lang='grc' dir='ltr'>ἀνθρωπίνης</span> <span class='ocrx_word' id='word_1_488' title='bbox 2994 3039 3262 3106; x_wconf 80' lang='grc' dir='ltr'>εὐζωΐας,</span> <span class='ocrx_word' id='word_1_489' title='bbox 3313 3040 3561 3094; x_wconf 79' lang='grc' dir='ltr'>τουτέστι</span> <span class='ocrx_word' id='word_1_490' title='bbox 3609 3039 3674 3093; x_wconf 79' lang='grc' dir='ltr'>τὸ</span> 
     </span>
    </p>
   </div>
   <div class='ocr_carea' id='block_1_74' title="bbox 2082 3130 3675 3206">
    <p class='ocr_par' dir='ltr' id='par_1_74' title="bbox 2082 3130 3675 3206">
     <span class='ocr_line' id='line_1_74' title="bbox 2082 3130 3675 3206; baseline -0.002 -18"><span class='ocrx_word' id='word_1_491' title='bbox 2082 3134 2360 3206; x_wconf 87' lang='grc' dir='ltr'>Σύμϐολον</span> <span class='ocrx_word' id='word_1_492' title='bbox 2396 3133 2506 3187; x_wconf 81' lang='grc' dir='ltr'>τῶν</span> <span class='ocrx_word' id='word_1_493' title='bbox 2552 3130 2658 3204; x_wconf 82' lang='grc' dir='ltr'>τιη⁹</span> <span class='ocrx_word' id='word_1_494' title='bbox 2682 3130 2854 3203; x_wconf 88' lang='grc' dir='ltr'>ἁγίων</span> <span class='ocrx_word' id='word_1_495' title='bbox 2906 3131 3165 3202; x_wconf 84' lang='grc' dir='ltr'>Πατέρων</span> <span class='ocrx_word' id='word_1_496' title='bbox 3193 3130 3305 3185; x_wconf 82' lang='grc' dir='ltr'>τῶν</span> <span class='ocrx_word' id='word_1_497' title='bbox 3353 3132 3412 3186; x_wconf 77' lang='grc' dir='ltr'>ὲν</span> <span class='ocrx_word' id='word_1_498' title='bbox 3464 3132 3675 3204; x_wconf 78' lang='grc' dir='ltr'>Νικαία</span> 
     </span>
    </p>
   </div>
   <div class='ocr_carea' id='block_1_75' title="bbox 2080 3221 3668 3297">
    <p class='ocr_par' dir='ltr' id='par_1_75' title="bbox 2080 3221 3668 3297">
     <span class='ocr_line' id='line_1_75' title="bbox 2080 3221 3668 3297; baseline -0.002 -17"><span class='ocrx_word' id='word_1_499' title='bbox 2080 3227 2248 3282; x_wconf 83' lang='grc' dir='ltr'>πάλαι</span> <span class='ocrx_word' id='word_1_500' title='bbox 2282 3226 2420 3297; x_wconf 78' lang='grc' dir='ltr'>μετὰ</span> <span class='ocrx_word' id='word_1_501' title='bbox 2457 3224 2554 3278; x_wconf 88' lang='grc' dir='ltr'><strong>τοῦ</strong></span> <span class='ocrx_word' id='word_1_502' title='bbox 2584 3224 2741 3293; x_wconf 86' lang='grc' dir='ltr'>ἁγίου</span> <span class='ocrx_word' id='word_1_503' title='bbox 2777 3221 3097 3294; x_wconf 83' lang='grc' dir='ltr'>Πνεύματος</span> <span class='ocrx_word' id='word_1_504' title='bbox 3137 3222 3668 3295; x_wconf 69' lang='grc' dir='ltr'>δκκλησιασθέντων,</span> 
     </span>
    </p>
   </div>
   <div class='ocr_carea' id='block_1_76' title="bbox 2081 3315 3669 3391">
    <p class='ocr_par' dir='ltr' id='par_1_76' title="bbox 2081 3315 3669 3391">
     <span class='ocr_line' id='line_1_76' title="bbox 2081 3315 3669 3391; baseline -0.003 -18"><span class='ocrx_word' id='word_1_505' title='bbox 2081 3322 2162 3383; x_wconf 88' lang='grc' dir='ltr'><strong>είς</strong></span> <span class='ocrx_word' id='word_1_506' title='bbox 2190 3320 2220 3373; x_wconf 83' lang='grc' dir='ltr'><strong>ὃ</strong></span> <span class='ocrx_word' id='word_1_507' title='bbox 2247 3321 2411 3391; x_wconf 81' lang='grc' dir='ltr'>ήμείς</span> <span class='ocrx_word' id='word_1_508' title='bbox 2449 3335 2511 3371; x_wconf 90' lang='grc' dir='ltr'><strong>τε</strong></span> <span class='ocrx_word' id='word_1_509' title='bbox 2538 3319 2633 3371; x_wconf 76' lang='grc' dir='ltr'>καὶ</span> <span class='ocrx_word' id='word_1_510' title='bbox 2665 3317 2869 3381; x_wconf 81' lang='grc' dir='ltr'>πάντες</span> <span class='ocrx_word' id='word_1_511' title='bbox 2899 3317 2949 3370; x_wconf 69' lang='grc' dir='ltr'><strong>οἱ</strong></span> <span class='ocrx_word' id='word_1_512' title='bbox 2995 3316 3103 3385; x_wconf 80' lang='grc' dir='ltr'>πρὸ</span> <span class='ocrx_word' id='word_1_513' title='bbox 3131 3315 3292 3386; x_wconf 80' lang='grc' dir='ltr'>ἡμῶν</span> <span class='ocrx_word' id='word_1_514' title='bbox 3328 3316 3669 3370; x_wconf 87' lang='grc' dir='ltr'>πιστεύσαν-</span> 
     </span>
    </p>
   </div>
   <div class='ocr_carea' id='block_1_77' title="bbox 2079 3407 3673 3481">
    <p class='ocr_par' dir='ltr' id='par_1_77' title="bbox 2079 3407 3673 3481">
     <span class='ocr_line' id='line_1_77' title="bbox 2079 3407 3673 3481; baseline -0.003 -15"><span class='ocrx_word' id='word_1_515' title='bbox 2079 3428 2191 3477; x_wconf 85' lang='grc' dir='ltr'>τες,</span> <span class='ocrx_word' id='word_1_516' title='bbox 2216 3409 2648 3480; x_wconf 75' lang='grc' dir='ltr'>ὲϐαπτίσθημεν,</span> <span class='ocrx_word' id='word_1_517' title='bbox 2696 3409 2857 3481; x_wconf 89' lang='grc' dir='ltr'>μόνον</span> <span class='ocrx_word' id='word_1_518' title='bbox 2889 3407 3293 3473; x_wconf 88' lang='grc' dir='ltr'>πολιτεύεσθαι,</span> <span class='ocrx_word' id='word_1_519' title='bbox 3323 3409 3421 3462; x_wconf 71' lang='grc' dir='ltr'>καὶ</span> <span class='ocrx_word' id='word_1_520' title='bbox 3441 3408 3673 3479; x_wconf 75' lang='grc' dir='ltr'>κρατεῖν</span> 
     </span>
    </p>
   </div>
   <div class='ocr_carea' id='block_1_78' title="bbox 2080 3498 3672 3570">
    <p class='ocr_par' dir='ltr' id='par_1_78' title="bbox 2080 3498 3672 3570">
     <span class='ocr_line' id='line_1_78' title="bbox 2080 3498 3672 3570; baseline -0.001 -14"><span class='ocrx_word' id='word_1_521' title='bbox 2080 3505 2139 3556; x_wconf 83' lang='grc' dir='ltr'>ὲν</span> <span class='ocrx_word' id='word_1_522' title='bbox 2163 3502 2367 3567; x_wconf 80' lang='grc' dir='ltr'>πάσαις</span> <span class='ocrx_word' id='word_1_523' title='bbox 2391 3504 2512 3565; x_wconf 87' lang='grc' dir='ltr'>ταῖς</span> <span class='ocrx_word' id='word_1_524' title='bbox 2540 3501 2870 3570; x_wconf 83' lang='grc' dir='ltr'>ἁγιωτάταις</span> <span class='ocrx_word' id='word_1_525' title='bbox 2898 3499 2992 3553; x_wconf 86' lang='grc' dir='ltr'><strong>τοῦ</strong></span> <span class='ocrx_word' id='word_1_526' title='bbox 3026 3498 3161 3553; x_wconf 86' lang='grc' dir='ltr'>Θεοῦ</span> <span class='ocrx_word' id='word_1_527' title='bbox 3191 3500 3543 3568; x_wconf 86' lang='grc' dir='ltr'>Ἐκκλησίαις</span> <span class='ocrx_word' id='word_1_528' title='bbox 3574 3499 3672 3555; x_wconf 80' lang='grc' dir='ltr'>τὸν</span> 
     </span>
    </p>
   </div>
   <div class='ocr_carea' id='block_1_79' title="bbox 2079 3589 3669 3666">
    <p class='ocr_par' dir='ltr' id='par_1_79' title="bbox 2079 3589 3669 3666">
     <span class='ocr_line' id='line_1_79' title="bbox 2079 3589 3669 3666; baseline -0.001 -20"><span class='ocrx_word' id='word_1_529' title='bbox 2079 3593 2361 3666; x_wconf 79' lang='grc' dir='ltr'>όρθόδοξον</span> <span class='ocrx_word' id='word_1_530' title='bbox 2380 3593 2532 3659; x_wconf 83' lang='grc' dir='ltr'>λαὸν,</span> <span class='ocrx_word' id='word_1_531' title='bbox 2564 3593 2641 3657; x_wconf 80' lang='grc' dir='ltr'>ὡς</span> <span class='ocrx_word' id='word_1_532' title='bbox 2675 3592 2835 3663; x_wconf 83' lang='grc' dir='ltr'>μόνον</span> <span class='ocrx_word' id='word_1_533' title='bbox 2864 3591 2968 3662; x_wconf 83' lang='grc' dir='ltr'>τῆς</span> <span class='ocrx_word' id='word_1_534' title='bbox 3001 3589 3282 3654; x_wconf 81' lang='grc' dir='ltr'>ἀπλανοῦς</span> <span class='ocrx_word' id='word_1_535' title='bbox 3309 3590 3546 3655; x_wconf 79' lang='grc' dir='ltr'>πίστεως</span> <span class='ocrx_word' id='word_1_536' title='bbox 3569 3608 3669 3644; x_wconf 82' lang='grc' dir='ltr'>κυ-</span> 
     </span>
    </p>
   </div>
   <div class='ocr_carea' id='block_1_80' title="bbox 2082 3684 3667 3761">
    <p class='ocr_par' dir='ltr' id='par_1_80' title="bbox 2082 3684 3667 3761">
     <span class='ocr_line' id='line_1_80' title="bbox 2082 3684 3667 3761; baseline -0.002 -19"><span class='ocrx_word' id='word_1_537' title='bbox 2082 3689 2215 3761; x_wconf 77' lang='grc' dir='ltr'>ρίως</span> <span class='ocrx_word' id='word_1_538' title='bbox 2264 3690 2409 3760; x_wconf 85' lang='grc' dir='ltr'>ὅρον,</span> <span class='ocrx_word' id='word_1_539' title='bbox 2444 3687 2540 3742; x_wconf 72' lang='grc' dir='ltr'>καὶ</span> <span class='ocrx_word' id='word_1_540' title='bbox 2571 3684 2776 3758; x_wconf 84' lang='grc' dir='ltr'>ἀρκοῦν</span> <span class='ocrx_word' id='word_1_541' title='bbox 2829 3687 2910 3749; x_wconf 88' lang='grc' dir='ltr'><strong>εἰς</strong></span> <span class='ocrx_word' id='word_1_542' title='bbox 2961 3684 3244 3755; x_wconf 80' lang='grc' dir='ltr'>ἀναίρεσιν</span> <span class='ocrx_word' id='word_1_543' title='bbox 3293 3684 3392 3755; x_wconf 80' lang='grc' dir='ltr'>μὲν</span> <span class='ocrx_word' id='word_1_544' title='bbox 3437 3685 3667 3739; x_wconf 79' lang='grc' dir='ltr'>καθόλου</span> 
     </span>
    </p>
   </div>
   <div class='ocr_carea' id='block_1_81' title="bbox 2081 3774 3666 3853">
    <p class='ocr_par' dir='ltr' id='par_1_81' title="bbox 2081 3774 3666 3853">
     <span class='ocr_line' id='line_1_81' title="bbox 2081 3774 3666 3853; baseline -0.003 -20"><span class='ocrx_word' id='word_1_545' title='bbox 2081 3780 2261 3851; x_wconf 83' lang='grc' dir='ltr'>πάσης</span> <span class='ocrx_word' id='word_1_546' title='bbox 2284 3781 2568 3853; x_wconf 83' lang='grc' dir='ltr'>αἱρέσεως,</span> <span class='ocrx_word' id='word_1_547' title='bbox 2590 3779 2782 3833; x_wconf 69' lang='grc' dir='ltr'>ἕνωσιν</span> <span class='ocrx_word' id='word_1_548' title='bbox 2807 3777 2865 3830; x_wconf 84' lang='grc' dir='ltr'>δὲ</span> <span class='ocrx_word' id='word_1_549' title='bbox 2885 3776 3061 3848; x_wconf 78' lang='grc' dir='ltr'>ἄκραν</span> <span class='ocrx_word' id='word_1_550' title='bbox 3079 3775 3186 3831; x_wconf 84' lang='grc' dir='ltr'>τῶν</span> <span class='ocrx_word' id='word_1_551' title='bbox 3213 3775 3385 3844; x_wconf 83' lang='grc' dir='ltr'>ἁγίων</span> <span class='ocrx_word' id='word_1_552' title='bbox 3406 3775 3499 3830; x_wconf 86' lang='grc' dir='ltr'><strong>τοῦ</strong></span> <span class='ocrx_word' id='word_1_553' title='bbox 3526 3774 3666 3829; x_wconf 84' lang='grc' dir='ltr'>Θεοῦ</span> 
     </span>
    </p>
   </div>
   <div class='ocr_carea' id='block_1_82' title="bbox 2092 3866 3668 3943">
    <p class='ocr_par' dir='ltr' id='par_1_82' title="bbox 2092 3866 3668 3943">
     <span class='ocr_line' id='line_1_82' title="bbox 2092 3866 3668 3943; baseline -0.004 -17"><span class='ocrx_word' id='word_1_554' title='bbox 2092 3872 2450 3943; x_wconf 78' lang='grc' dir='ltr'>Ἐκκλησιῶνο</span> <span class='ocrx_word' id='word_1_555' title='bbox 2484 3871 2717 3941; x_wconf 76' lang='grc' dir='ltr'>ἐχόντων</span> <span class='ocrx_word' id='word_1_556' title='bbox 2741 3867 2941 3940; x_wconf 83' lang='grc' dir='ltr'>δηλαδὴ</span> <span class='ocrx_word' id='word_1_557' title='bbox 2962 3867 3061 3939; x_wconf 82' lang='grc' dir='ltr'><strong>τὴν</strong></span> <span class='ocrx_word' id='word_1_558' title='bbox 3100 3868 3309 3921; x_wconf 84' lang='grc' dir='ltr'>οἰκείαν</span> <span class='ocrx_word' id='word_1_559' title='bbox 3344 3869 3518 3936; x_wconf 82' lang='grc' dir='ltr'>ἰσχὺν,</span> <span class='ocrx_word' id='word_1_560' title='bbox 3569 3866 3668 3921; x_wconf 75' lang='grc' dir='ltr'>καὶ</span> 
     </span>
    </p>
   </div>
   <div class='ocr_carea' id='block_1_83' title="bbox 2077 3959 3666 4035">
    <p class='ocr_par' dir='ltr' id='par_1_83' title="bbox 2077 3959 3666 4035">
     <span class='ocr_line' id='line_1_83' title="bbox 2077 3959 3666 4035; baseline -0.003 -17"><span class='ocrx_word' id='word_1_561' title='bbox 2077 3965 2186 4018; x_wconf 84' lang='grc' dir='ltr'><strong>τῶν</strong></span> <span class='ocrx_word' id='word_1_562' title='bbox 2218 3966 2297 4028; x_wconf 86' lang='grc' dir='ltr'><strong>εἰς</strong></span> <span class='ocrx_word' id='word_1_563' title='bbox 2319 3963 2612 4035; x_wconf 80' lang='grc' dir='ltr'>βεϐαίωσιν</span> <span class='ocrx_word' id='word_1_564' title='bbox 2636 3961 2801 4015; x_wconf 81' lang='grc' dir='ltr'>αὐτοῦ</span> <span class='ocrx_word' id='word_1_565' title='bbox 2828 3959 2923 4013; x_wconf 86' lang='grc' dir='ltr'><strong>τοῦ</strong></span> <span class='ocrx_word' id='word_1_566' title='bbox 2956 3959 3101 4013; x_wconf 85' lang='grc' dir='ltr'>θείου</span> <span class='ocrx_word' id='word_1_567' title='bbox 3132 3959 3411 4030; x_wconf 79' lang='grc' dir='ltr'>Συμϐόλου</span> <span class='ocrx_word' id='word_1_568' title='bbox 3445 3976 3666 4029; x_wconf 86' lang='grc' dir='ltr'>πεπρα-</span> 
     </span>
    </p>
   </div>
   <div class='ocr_carea' id='block_1_84' title="bbox 2077 4053 3689 4128">
    <p class='ocr_par' dir='ltr' id='par_1_84' title="bbox 2077 4053 3689 4128">
     <span class='ocr_line' id='line_1_84' title="bbox 2077 4053 3689 4128; baseline -0.001 -17"><span class='ocrx_word' id='word_1_569' title='bbox 2077 4058 2317 4128; x_wconf 81' lang='grc' dir='ltr'>γμένων,</span> <span class='ocrx_word' id='word_1_570' title='bbox 2340 4056 2396 4110; x_wconf 80' lang='grc' dir='ltr'>ἓν</span> <span class='ocrx_word' id='word_1_571' title='bbox 2425 4073 2487 4110; x_wconf 89' lang='grc' dir='ltr'><strong>τε</strong></span> <span class='ocrx_word' id='word_1_572' title='bbox 2512 4059 2580 4127; x_wconf 78' lang='grc' dir='ltr'>τῇ</span> <span class='ocrx_word' id='word_1_573' title='bbox 2614 4054 2973 4126; x_wconf 83' lang='grc' dir='ltr'>βασιλευούσῃ</span> <span class='ocrx_word' id='word_1_574' title='bbox 3000 4053 3153 4107; x_wconf 88' lang='grc' dir='ltr'>πόλει</span> <span class='ocrx_word' id='word_1_575' title='bbox 3178 4053 3350 4124; x_wconf 79' lang='grc' dir='ltr'>ταύτῃ</span> <span class='ocrx_word' id='word_1_576' title='bbox 3377 4053 3516 4106; x_wconf 86' lang='grc' dir='ltr'><strong>κατὰ</strong></span> <span class='ocrx_word' id='word_1_577' title='bbox 3553 4053 3689 4109; x_wconf 76' lang='grc' dir='ltr'>τῶν.</span> 
     </span>
    </p>
   </div>
   <div class='ocr_carea' id='block_1_85' title="bbox 2080 4143 3665 4219">
    <p class='ocr_par' dir='ltr' id='par_1_85' title="bbox 2080 4143 3665 4219">
     <span class='ocr_line' id='line_1_85' title="bbox 2080 4143 3665 4219; baseline -0.002 -19"><span class='ocrx_word' id='word_1_578' title='bbox 2080 4147 2545 4219; x_wconf 84' lang='grc' dir='ltr'>βλασφημούντων</span> <span class='ocrx_word' id='word_1_579' title='bbox 2570 4146 2650 4207; x_wconf 87' lang='grc' dir='ltr'><strong>εἰς</strong></span> <span class='ocrx_word' id='word_1_580' title='bbox 2677 4145 2737 4197; x_wconf 80' lang='grc' dir='ltr'><strong>τὸ</strong></span> <span class='ocrx_word' id='word_1_581' title='bbox 2763 4144 2988 4214; x_wconf 80' lang='grc' dir='ltr'>Πνεῦμα</span> <span class='ocrx_word' id='word_1_582' title='bbox 3009 4144 3070 4197; x_wconf 85' lang='grc' dir='ltr'>τὸ</span> <span class='ocrx_word' id='word_1_583' title='bbox 3095 4143 3249 4213; x_wconf 80' lang='grc' dir='ltr'>ἆγιον</span> <span class='ocrx_word' id='word_1_584' title='bbox 3277 4144 3427 4216; x_wconf 86' lang='grc' dir='ltr'><strong>παρὰ</strong></span> <span class='ocrx_word' id='word_1_585' title='bbox 3448 4144 3558 4197; x_wconf 83' lang='grc' dir='ltr'>τῶν</span> <span class='ocrx_word' id='word_1_586' title='bbox 3587 4149 3665 4214; x_wconf 58' lang='grc' dir='ltr'>ριν</span> 
     </span>
    </p>
   </div>
   <div class='ocr_carea' id='block_1_86' title="bbox 2078 4235 3665 4309">
    <p class='ocr_par' dir='ltr' id='par_1_86' title="bbox 2078 4235 3665 4309">
     <span class='ocr_line' id='line_1_86' title="bbox 2078 4235 3665 4309; baseline -0.004 -15"><span class='ocrx_word' id='word_1_587' title='bbox 2078 4240 2249 4309; x_wconf 85' lang='grc' dir='ltr'>ἁγίων</span> <span class='ocrx_word' id='word_1_588' title='bbox 2281 4239 2559 4308; x_wconf 83' lang='grc' dir='ltr'>Πατέρων·</span> <span class='ocrx_word' id='word_1_589' title='bbox 2589 4238 2671 4288; x_wconf 80' lang='grc' dir='ltr'>ἑτι</span> <span class='ocrx_word' id='word_1_590' title='bbox 2708 4236 2765 4289; x_wconf 80' lang='grc' dir='ltr'>δὲ</span> <span class='ocrx_word' id='word_1_591' title='bbox 2802 4237 2896 4288; x_wconf 76' lang='grc' dir='ltr'>καὶ</span> <span class='ocrx_word' id='word_1_592' title='bbox 2928 4236 3147 4289; x_wconf 70' lang='grc' dir='ltr'>πάντων</span> <span class='ocrx_word' id='word_1_593' title='bbox 3182 4235 3291 4288; x_wconf 84' lang='grc' dir='ltr'>τῶν</span> <span class='ocrx_word' id='word_1_594' title='bbox 3328 4237 3665 4306; x_wconf 83' lang='grc' dir='ltr'>πεπραγμέ-</span> 
     </span>
    </p>
   </div>
   <div class='ocr_carea' id='block_1_87' title="bbox 2076 4326 3661 4401">
    <p class='ocr_par' dir='ltr' id='par_1_87' title="bbox 2076 4326 3661 4401">
     <span class='ocr_line' id='line_1_87' title="bbox 2076 4326 3661 4401; baseline -0.003 -16"><span class='ocrx_word' id='word_1_595' title='bbox 2076 4349 2184 4385; x_wconf 90' lang='grc' dir='ltr'><strong>νων</strong></span> <span class='ocrx_word' id='word_1_596' title='bbox 2217 4333 2273 4383; x_wconf 78' lang='grc' dir='ltr'>ὲν</span> <span class='ocrx_word' id='word_1_597' title='bbox 2307 4333 2373 4401; x_wconf 84' lang='grc' dir='ltr'>τῇ</span> <span class='ocrx_word' id='word_1_598' title='bbox 2411 4327 2679 4397; x_wconf 81' lang='grc' dir='ltr'>Ἐφεσίων</span> <span class='ocrx_word' id='word_1_599' title='bbox 2717 4327 3047 4398; x_wconf 88' lang='grc' dir='ltr'>μητροπόλει</span> <span class='ocrx_word' id='word_1_600' title='bbox 3073 4326 3215 4382; x_wconf 87' lang='grc' dir='ltr'><strong>κατὰ</strong></span> <span class='ocrx_word' id='word_1_601' title='bbox 3241 4327 3334 4381; x_wconf 85' lang='grc' dir='ltr'><strong>τοῦ</strong></span> <span class='ocrx_word' id='word_1_602' title='bbox 3364 4327 3661 4391; x_wconf 79' lang='grc' dir='ltr'>δυσσεϐοῦς</span> 
     </span>
    </p>
   </div>
   <div class='ocr_carea' id='block_1_88' title="bbox 2075 4419 3668 4493">
    <p class='ocr_par' dir='ltr' id='par_1_88' title="bbox 2075 4419 3668 4493">
     <span class='ocr_line' id='line_1_88' title="bbox 2075 4419 3668 4493; baseline -0.003 -16"><span class='ocrx_word' id='word_1_603' title='bbox 2075 4423 2399 4493; x_wconf 83' lang='grc' dir='ltr'>Νεστορίου,</span> <span class='ocrx_word' id='word_1_604' title='bbox 2440 4422 2533 4474; x_wconf 74' lang='grc' dir='ltr'>καὶ</span> <span class='ocrx_word' id='word_1_605' title='bbox 2569 4420 2679 4473; x_wconf 85' lang='grc' dir='ltr'><strong>τῶν</strong></span> <span class='ocrx_word' id='word_1_606' title='bbox 2710 4421 2848 4491; x_wconf 86' lang='grc' dir='ltr'><strong>μετὰ</strong></span> <span class='ocrx_word' id='word_1_607' title='bbox 2872 4419 3047 4474; x_wconf 87' lang='grc' dir='ltr'>ταῦτα</span> <span class='ocrx_word' id='word_1_608' title='bbox 3095 4422 3164 4472; x_wconf 87' lang='grc' dir='ltr'>τὰ</span> <span class='ocrx_word' id='word_1_609' title='bbox 3208 4419 3417 4473; x_wconf 71' lang='grc' dir='ltr'>ἐκείνου</span> <span class='ocrx_word' id='word_1_610' title='bbox 3454 4437 3668 4491; x_wconf 79' lang='grc' dir='ltr'>φρονη-</span> 
     </span>
    </p>
   </div>
   <div class='ocr_carea' id='block_1_89' title="bbox 2079 4511 3667 4582">
    <p class='ocr_par' dir='ltr' id='par_1_89' title="bbox 2079 4511 3667 4582">
     <span class='ocr_line' id='line_1_89' title="bbox 2079 4511 3667 4582; baseline -0.004 -13"><span class='ocrx_word' id='word_1_611' title='bbox 2079 4515 2311 4569; x_wconf 86' lang='grc' dir='ltr'>σάντων.</span> <span class='ocrx_word' id='word_1_612' title='bbox 2354 4511 2437 4564; x_wconf 86' lang='grc' dir='ltr'>Τὰ</span> <span class='ocrx_word' id='word_1_613' title='bbox 2488 4511 2544 4564; x_wconf 82' lang='grc' dir='ltr'>δὲ</span> <span class='ocrx_word' id='word_1_614' title='bbox 2596 4511 2838 4565; x_wconf 86' lang='grc' dir='ltr'>διελόντα</span> <span class='ocrx_word' id='word_1_615' title='bbox 2885 4513 2986 4582; x_wconf 80' lang='grc' dir='ltr'>τὴν</span> <span class='ocrx_word' id='word_1_616' title='bbox 3030 4512 3227 4564; x_wconf 76' lang='grc' dir='ltr'>ἕνωσιν</span> <span class='ocrx_word' id='word_1_617' title='bbox 3274 4512 3367 4564; x_wconf 73' lang='grc' dir='ltr'>καὶ</span> <span class='ocrx_word' id='word_1_618' title='bbox 3404 4511 3667 4577; x_wconf 78' lang='grc' dir='ltr'>εὐταξίαν</span> 
     </span>
    </p>
   </div>
   <div class='ocr_carea' id='block_1_90' title="bbox 374 4598 1974 4673">
    <p class='ocr_par' dir='ltr' id='par_1_90' title="bbox 374 4598 1964 4669">
     <span class='ocr_line' id='line_1_90' title="bbox 374 4598 1964 4669; baseline 0.001 -15"><span class='ocrx_word' id='word_1_619' title='bbox 374 4598 454 4654; x_wconf 89' lang='lat' dir='ltr'><strong>Ea</strong></span> <span class='ocrx_word' id='word_1_620' title='bbox 478 4613 611 4653; x_wconf 90' lang='lat' dir='ltr'><strong>vero</strong></span> <span class='ocrx_word' id='word_1_621' title='bbox 629 4615 750 4669; x_wconf 70' lang='lat' dir='ltr'><strong>quae</strong></span> <span class='ocrx_word' id='word_1_622' title='bbox 772 4609 1086 4655; x_wconf 87' lang='lat' dir='ltr'><strong>sanctarum</strong></span> <span class='ocrx_word' id='word_1_623' title='bbox 1119 4599 1215 4654; x_wconf 91' lang='lat' dir='ltr'><strong>Dei</strong></span> <span class='ocrx_word' id='word_1_624' title='bbox 1241 4598 1609 4655; x_wconf 88' lang='lat' dir='ltr'><strong>Ecclesiarum</strong></span> <span class='ocrx_word' id='word_1_625' title='bbox 1636 4618 1964 4656; x_wconf 85' lang='lat' dir='ltr'><strong>consensum</strong></span> 
     </span>
    </p>
   </div>
   <div class='ocr_carea' id='block_1_91' title="bbox 2081 4598 3664 4673">
    <p class='ocr_par' dir='ltr' id='par_1_91' title="bbox 2081 4601 3664 4673">
     <span class='ocr_line' id='line_1_91' title="bbox 2081 4601 3664 4673; baseline -0.004 -12"><span class='ocrx_word' id='word_1_626' title='bbox 2081 4607 2182 4661; x_wconf 85' lang='grc' dir='ltr'><strong>τῶν</strong></span> <span class='ocrx_word' id='word_1_627' title='bbox 2231 4602 2402 4673; x_wconf 85' lang='grc' dir='ltr'>ἁγίων</span> <span class='ocrx_word' id='word_1_628' title='bbox 2446 4602 2543 4656; x_wconf 88' lang='grc' dir='ltr'><strong>τοῦ</strong></span> <span class='ocrx_word' id='word_1_629' title='bbox 2577 4603 2725 4657; x_wconf 86' lang='grc' dir='ltr'>-Θεοῦ</span> <span class='ocrx_word' id='word_1_630' title='bbox 2778 4603 3115 4672; x_wconf 83' lang='grc' dir='ltr'>Ἐκκλησιῶν</span> <span class='ocrx_word' id='word_1_631' title='bbox 3163 4603 3258 4655; x_wconf 79' lang='grc' dir='ltr'>καὶ</span> <span class='ocrx_word' id='word_1_632' title='bbox 3292 4603 3515 4673; x_wconf 81' lang='grc' dir='ltr'>εἰρήνην</span> <span class='ocrx_word' id='word_1_633' title='bbox 3565 4601 3664 4655; x_wconf 88' lang='grc' dir='ltr'><strong>τοῦ</strong></span> 
     </span>
    </p>
   </div>
   <div class='ocr_carea' id='block_1_92' title="bbox 374 4691 1968 4763">
    <p class='ocr_par' dir='ltr' id='par_1_92' title="bbox 374 4691 1968 4763">
     <span class='ocr_line' id='line_1_92' title="bbox 374 4691 1968 4763; baseline 0.001 -17"><span class='ocrx_word' id='word_1_634' title='bbox 374 4706 441 4746; x_wconf 85' lang='lat' dir='ltr'><strong>ac</strong></span> <span class='ocrx_word' id='word_1_635' title='bbox 471 4691 947 4761; x_wconf 87' lang='lat' dir='ltr'><strong>tranquillitatem,</strong></span> <span class='ocrx_word' id='word_1_636' title='bbox 977 4699 1035 4747; x_wconf 87' lang='lat' dir='ltr'><strong>et</strong></span> <span class='ocrx_word' id='word_1_637' title='bbox 1077 4691 1250 4747; x_wconf 86' lang='lat' dir='ltr'><strong>totius</strong></span> <span class='ocrx_word' id='word_1_638' title='bbox 1280 4692 1433 4747; x_wconf 90' lang='lat' dir='ltr'><strong>orbis</strong></span> <span class='ocrx_word' id='word_1_639' title='bbox 1480 4708 1671 4763; x_wconf 89' lang='lat' dir='ltr'><strong>pacem</strong></span> <span class='ocrx_word' id='word_1_640' title='bbox 1714 4693 1968 4763; x_wconf 90' lang='lat' dir='ltr'><strong>disrupe-</strong></span> 
     </span>
    </p>
   </div>
   <div class='ocr_carea' id='block_1_93' title="bbox 372 4782 1965 4854">
    <p class='ocr_par' dir='ltr' id='par_1_93' title="bbox 372 4782 1965 4854">
     <span class='ocr_line' id='line_1_93' title="bbox 372 4782 1965 4854; baseline 0 -16"><span class='ocrx_word' id='word_1_641' title='bbox 372 4796 381 4816; x_wconf 65' lang='grc' dir='ltr'>ε</span> <span class='ocrx_word' id='word_1_642' title='bbox 408 4792 547 4849; x_wconf 73' lang='lat' dir='ltr'><strong>unt;</strong></span> <span class='ocrx_word' id='word_1_643' title='bbox 572 4791 781 4837; x_wconf 91' lang='lat' dir='ltr'><strong>tomum</strong></span> <span class='ocrx_word' id='word_1_644' title='bbox 813 4783 1027 4838; x_wconf 89' lang='lat' dir='ltr'><strong>scilicet</strong></span> <span class='ocrx_word' id='word_1_645' title='bbox 1054 4782 1280 4849; x_wconf 88' lang='lat' dir='ltr'><strong>Leonis,</strong></span> <span class='ocrx_word' id='word_1_646' title='bbox 1323 4792 1379 4839; x_wconf 93' lang='lat' dir='ltr'><strong>et</strong></span> <span class='ocrx_word' id='word_1_647' title='bbox 1429 4793 1627 4839; x_wconf 87' lang='lat' dir='ltr'><strong>cuncta</strong></span> <span class='ocrx_word' id='word_1_648' title='bbox 1655 4800 1776 4854; x_wconf 73' lang='lat' dir='ltr'><strong>quae</strong></span> <span class='ocrx_word' id='word_1_649' title='bbox 1799 4784 1965 4840; x_wconf 91' lang='lat' dir='ltr'><strong>Chal-</strong></span> 
     </span>
    </p>
   </div>
   <div class='ocr_carea' id='block_1_94' title="bbox 373 4873 1962 4949">
    <p class='ocr_par' dir='ltr' id='par_1_94' title="bbox 373 4873 1962 4949">
     <span class='ocr_line' id='line_1_94' title="bbox 373 4873 1962 4949; baseline 0.001 -20"><span class='ocrx_word' id='word_1_650' title='bbox 373 4873 585 4929; x_wconf 88' lang='lat' dir='ltr'><strong>cedone</strong></span> <span class='ocrx_word' id='word_1_651' title='bbox 612 4875 670 4929; x_wconf 91' lang='lat' dir='ltr'><strong>in</strong></span> <span class='ocrx_word' id='word_1_652' title='bbox 686 4874 1013 4929; x_wconf 90' lang='lat' dir='ltr'><strong>deﬁnitione</strong></span> <span class='ocrx_word' id='word_1_653' title='bbox 1042 4874 1167 4929; x_wconf 86' lang='lat' dir='ltr'><strong>ﬁdei</strong></span> <span class='ocrx_word' id='word_1_654' title='bbox 1186 4884 1282 4930; x_wconf 91' lang='lat' dir='ltr'><strong>aut</strong></span> <span class='ocrx_word' id='word_1_655' title='bbox 1306 4877 1649 4946; x_wconf 75' lang='lat' dir='ltr'><strong>eXpositione</strong></span> <span class='ocrx_word' id='word_1_656' title='bbox 1673 4878 1962 4949; x_wconf 81' lang='lat' dir='ltr'><strong>Symbolo-</strong></span> 
     </span>
    </p>
   </div>
   <div class='ocr_carea' id='block_1_95' title="bbox 364 4965 1958 5038">
    <p class='ocr_par' dir='ltr' id='par_1_95' title="bbox 364 4965 1958 5038">
     <span class='ocr_line' id='line_1_95' title="bbox 364 4965 1958 5038; baseline 0.001 -17"><span class='ocrx_word' id='word_1_657' title='bbox 364 4982 520 5031; x_wconf 70' lang='lat' dir='ltr'><strong>rum,</strong></span> <span class='ocrx_word' id='word_1_658' title='bbox 556 4965 795 5022; x_wconf 89' lang='lat' dir='ltr'><strong>docendi</strong></span> <span class='ocrx_word' id='word_1_659' title='bbox 853 4966 942 5020; x_wconf 83' lang='lat' dir='ltr'><strong>vel</strong></span> <span class='ocrx_word' id='word_1_660' title='bbox 1016 4965 1419 5036; x_wconf 89' lang='lat' dir='ltr'><strong>interpretandi</strong></span> <span class='ocrx_word' id='word_1_661' title='bbox 1473 4969 1561 5024; x_wconf 90' lang='lat' dir='ltr'><strong>vel</strong></span> <span class='ocrx_word' id='word_1_662' title='bbox 1636 4968 1958 5038; x_wconf 86' lang='lat' dir='ltr'><strong>disputandi</strong></span> 
     </span>
    </p>
   </div>
   <div class='ocr_carea' id='block_1_96' title="bbox 360 5054 1963 5130">
    <p class='ocr_par' dir='ltr' id='par_1_96' title="bbox 360 5054 1963 5130">
     <span class='ocr_line' id='line_1_96' title="bbox 360 5054 1963 5130; baseline 0.001 -20"><span class='ocrx_word' id='word_1_663' title='bbox 360 5071 560 5122; x_wconf 66' lang='lat' dir='ltr'><strong>causa,</strong></span> <span class='ocrx_word' id='word_1_664' title='bbox 582 5054 651 5110; x_wconf 91' lang='lat' dir='ltr'><strong>ad</strong></span> <span class='ocrx_word' id='word_1_665' title='bbox 678 5056 1093 5110; x_wconf 83' lang='lat' dir='ltr'><strong>innovationem</strong></span> <span class='ocrx_word' id='word_1_666' title='bbox 1114 5070 1283 5127; x_wconf 81' lang='lat' dir='ltr'><strong>supra</strong></span> <span class='ocrx_word' id='word_1_667' title='bbox 1310 5058 1601 5113; x_wconf 89' lang='lat' dir='ltr'><strong>memorati</strong></span> <span class='ocrx_word' id='word_1_668' title='bbox 1636 5059 1777 5112; x_wconf 87' lang='lat' dir='ltr'><strong>sacri</strong></span> <span class='ocrx_word' id='word_1_669' title='bbox 1805 5057 1963 5130; x_wconf 83' lang='lat' dir='ltr'><strong>Sym-</strong></span> 
     </span>
    </p>
   </div>
   <div class='ocr_carea' id='block_1_97' title="bbox 370 5150 1959 5207">
    <p class='ocr_par' dir='ltr' id='par_1_97' title="bbox 370 5150 1959 5207">
     <span class='ocr_line' id='line_1_97' title="bbox 370 5150 1959 5207; baseline -0.001 -2"><span class='ocrx_word' id='word_1_670' title='bbox 370 5150 485 5205; x_wconf 91' lang='lat' dir='ltr'><strong>boli</strong></span> <span class='ocrx_word' id='word_1_671' title='bbox 514 5156 896 5205; x_wconf 84' lang='lat' dir='ltr'><strong>trecentorum</strong></span> <span class='ocrx_word' id='word_1_672' title='bbox 924 5157 981 5205; x_wconf 90' lang='lat' dir='ltr'><strong>et</strong></span> <span class='ocrx_word' id='word_1_673' title='bbox 1008 5150 1315 5207; x_wconf 89' lang='lat' dir='ltr'><strong>octodecim</strong></span> <span class='ocrx_word' id='word_1_674' title='bbox 1364 5163 1681 5207; x_wconf 88' lang='lat' dir='ltr'><strong>sanctorum</strong></span> <span class='ocrx_word' id='word_1_675' title='bbox 1733 5151 1959 5206; x_wconf 87' lang='lat' dir='ltr'><strong>Patrum</strong></span> 
     </span>
    </p>
   </div>
   <div class='ocr_carea' id='block_1_98' title="bbox 371 5241 1961 5315">
    <p class='ocr_par' dir='ltr' id='par_1_98' title="bbox 371 5241 1961 5315">
     <span class='ocr_line' id='line_1_98' title="bbox 371 5241 1961 5315; baseline 0.002 -19"><span class='ocrx_word' id='word_1_676' title='bbox 371 5242 518 5298; x_wconf 91' lang='lat' dir='ltr'><strong>dicta</strong></span> <span class='ocrx_word' id='word_1_677' title='bbox 539 5251 764 5313; x_wconf 86' lang='lat' dir='ltr'><strong>etgesta</strong></span> <span class='ocrx_word' id='word_1_678' title='bbox 786 5249 936 5306; x_wconf 90' lang='lat' dir='ltr'><strong>sunt,</strong></span> <span class='ocrx_word' id='word_1_679' title='bbox 962 5241 1131 5298; x_wconf 17' lang='lat' dir='ltr'><strong>hictet</strong></span> <span class='ocrx_word' id='word_1_680' title='bbox 1161 5243 1365 5315; x_wconf 90' lang='lat' dir='ltr'><strong>ubique</strong></span> <span class='ocrx_word' id='word_1_681' title='bbox 1380 5260 1479 5314; x_wconf 90' lang='lat' dir='ltr'><strong>per</strong></span> <span class='ocrx_word' id='word_1_682' title='bbox 1502 5243 1748 5311; x_wconf 78' lang='lat' dir='ltr'><strong>singulas</strong></span> <span class='ocrx_word' id='word_1_683' title='bbox 1770 5243 1961 5299; x_wconf 87' lang='lat' dir='ltr'><strong>Eccle-</strong></span> 
     </span>
    </p>
   </div>
   <div class='ocr_carea' id='block_1_99' title="bbox 371 5331 1961 5405">
    <p class='ocr_par' dir='ltr' id='par_1_99' title="bbox 371 5331 1961 5405">
     <span class='ocr_line' id='line_1_99' title="bbox 371 5331 1961 5405; baseline -0.001 -19"><span class='ocrx_word' id='word_1_684' title='bbox 371 5332 483 5388; x_wconf 85' lang='lat' dir='ltr'><strong>sias</strong></span> <span class='ocrx_word' id='word_1_685' title='bbox 508 5331 580 5386; x_wconf 88' lang='lat' dir='ltr'><strong>ab</strong></span> <span class='ocrx_word' id='word_1_686' title='bbox 617 5331 895 5388; x_wconf 84' lang='lat' dir='ltr'><strong>universis</strong></span> <span class='ocrx_word' id='word_1_687' title='bbox 926 5333 1293 5389; x_wconf 87' lang='lat' dir='ltr'><strong>sanctissimis</strong></span> <span class='ocrx_word' id='word_1_688' title='bbox 1323 5335 1601 5405; x_wconf 89' lang='lat' dir='ltr'><strong>episcopis</strong></span> <span class='ocrx_word' id='word_1_689' title='bbox 1643 5334 1961 5388; x_wconf 82' lang='lat' dir='ltr'><strong>anathema-</strong></span> 
     </span>
    </p>
   </div>
   <div class='ocr_carea' id='block_1_100' title="bbox 368 5423 1958 5496">
    <p class='ocr_par' dir='ltr' id='par_1_100' title="bbox 368 5423 1958 5496">
     <span class='ocr_line' id='line_1_100' title="bbox 368 5423 1958 5496; baseline 0.004 -20"><span class='ocrx_word' id='word_1_690' title='bbox 368 5423 532 5479; x_wconf 85' lang='lat' dir='ltr'><strong>tizari</strong></span> <span class='ocrx_word' id='word_1_691' title='bbox 556 5423 932 5491; x_wconf 90' lang='lat' dir='ltr'><strong>decernimus,</strong></span> <span class='ocrx_word' id='word_1_692' title='bbox 979 5436 1038 5482; x_wconf 87' lang='lat' dir='ltr'><strong>et</strong></span> <span class='ocrx_word' id='word_1_693' title='bbox 1086 5426 1403 5496; x_wconf 88' lang='lat' dir='ltr'><strong>ubicunque</strong></span> <span class='ocrx_word' id='word_1_694' title='bbox 1456 5435 1677 5496; x_wconf 86' lang='lat' dir='ltr'><strong>reperta</strong></span> <span class='ocrx_word' id='word_1_695' title='bbox 1729 5426 1958 5493; x_wconf 81' lang='lat' dir='ltr'><strong>fuerint,</strong></span> 
     </span>
    </p>
   </div>
   <div class='ocr_carea' id='block_1_101' title="bbox 361 5510 1961 5587">
    <p class='ocr_par' dir='ltr' id='par_1_101' title="bbox 361 5510 1961 5587">
     <span class='ocr_line' id='line_1_101' title="bbox 361 5510 1961 5587; baseline 0.004 -20"><span class='ocrx_word' id='word_1_696' title='bbox 361 5510 606 5570; x_wconf 74' lang='lat' dir='ltr'><strong>ﬂammis</strong></span> <span class='ocrx_word' id='word_1_697' title='bbox 628 5515 869 5571; x_wconf 90' lang='lat' dir='ltr'><strong>absumi.</strong></span> <span class='ocrx_word' id='word_1_698' title='bbox 912 5516 1005 5572; x_wconf 86' lang='lat' dir='ltr'><strong>Sic</strong></span> <span class='ocrx_word' id='word_1_699' title='bbox 1026 5517 1176 5570; x_wconf 90' lang='lat' dir='ltr'><strong>enim</strong></span> <span class='ocrx_word' id='word_1_700' title='bbox 1205 5517 1311 5587; x_wconf 65' lang='lat' dir='ltr'><strong>piae</strong></span> <span class='ocrx_word' id='word_1_701' title='bbox 1354 5532 1420 5573; x_wconf 87' lang='lat' dir='ltr'><strong>ac</strong></span> <span class='ocrx_word' id='word_1_702' title='bbox 1453 5516 1629 5574; x_wconf 67' lang='lat' dir='ltr'><strong>beatae</strong></span> <span class='ocrx_word' id='word_1_703' title='bbox 1678 5518 1961 5574; x_wconf 85' lang='lat' dir='ltr'><strong>memoriae</strong></span> 
     </span>
    </p>
   </div>
   <div class='ocr_carea' id='block_1_102' title="bbox 362 5597 1957 5674">
    <p class='ocr_par' dir='ltr' id='par_1_102' title="bbox 362 5597 1957 5674">
     <span class='ocr_line' id='line_1_102' title="bbox 362 5597 1957 5674; baseline 0.003 -16"><span class='ocrx_word' id='word_1_704' title='bbox 362 5597 737 5673; x_wconf 70' lang='lat' dir='ltr'><strong>imperatores</strong></span> <span class='ocrx_word' id='word_1_705' title='bbox 761 5604 860 5674; x_wconf 92' lang='lat' dir='ltr'><strong>qui</strong></span> <span class='ocrx_word' id='word_1_706' title='bbox 888 5613 1016 5661; x_wconf 88' lang='lat' dir='ltr'><strong>ante</strong></span> <span class='ocrx_word' id='word_1_707' title='bbox 1048 5619 1153 5661; x_wconf 90' lang='lat' dir='ltr'><strong>nos</strong></span> <span class='ocrx_word' id='word_1_708' title='bbox 1201 5605 1410 5673; x_wconf 81' lang='lat' dir='ltr'><strong>vixere,</strong></span> <span class='ocrx_word' id='word_1_709' title='bbox 1434 5605 1830 5663; x_wconf 89' lang='lat' dir='ltr'><strong>Constantinus</strong></span> <span class='ocrx_word' id='word_1_710' title='bbox 1849 5609 1957 5663; x_wconf 89' lang='lat' dir='ltr'><strong>sci-</strong></span> 
     </span>
    </p>
   </div>
   <div class='ocr_carea' id='block_1_103' title="bbox 2075 4690 3665 4763">
    <p class='ocr_par' dir='ltr' id='par_1_103' title="bbox 2075 4690 3665 4763">
     <span class='ocr_line' id='line_1_103' title="bbox 2075 4690 3665 4763; baseline -0.001 -17"><span class='ocrx_word' id='word_1_711' title='bbox 2075 4693 2287 4763; x_wconf 86' lang='grc' dir='ltr'>κόσμου</span> <span class='ocrx_word' id='word_1_712' title='bbox 2322 4691 2546 4754; x_wconf 82' lang='grc' dir='ltr'>παντὸς,</span> <span class='ocrx_word' id='word_1_713' title='bbox 2590 4690 2792 4763; x_wconf 84' lang='grc' dir='ltr'>δηλαδὴ</span> <span class='ocrx_word' id='word_1_714' title='bbox 2830 4691 2921 4745; x_wconf 77' lang='grc' dir='ltr'>τὸν</span> <span class='ocrx_word' id='word_1_715' title='bbox 2963 4692 3256 4763; x_wconf 85' lang='grc' dir='ltr'>λεγόμενον</span> <span class='ocrx_word' id='word_1_716' title='bbox 3291 4692 3455 4761; x_wconf 90' lang='grc' dir='ltr'>τόμον</span> <span class='ocrx_word' id='word_1_717' title='bbox 3497 4691 3665 4745; x_wconf 80' lang='grc' dir='ltr'><strong>Λέον·</strong></span> 
     </span>
    </p>
   </div>
   <div class='ocr_carea' id='block_1_104' title="bbox 2071 4784 3662 4856">
    <p class='ocr_par' dir='ltr' id='par_1_104' title="bbox 2071 4784 3662 4856">
     <span class='ocr_line' id='line_1_104' title="bbox 2071 4784 3662 4856; baseline -0.002 -16"><span class='ocrx_word' id='word_1_718' title='bbox 2071 4802 2183 4849; x_wconf 84' lang='grc' dir='ltr'>τος,</span> <span class='ocrx_word' id='word_1_719' title='bbox 2219 4784 2316 4839; x_wconf 67' lang='grc' dir='ltr'><strong>καὶ</strong></span> <span class='ocrx_word' id='word_1_720' title='bbox 2349 4785 2527 4839; x_wconf 83' lang='grc' dir='ltr'>πάντα</span> <span class='ocrx_word' id='word_1_721' title='bbox 2571 4784 2642 4836; x_wconf 85' lang='grc' dir='ltr'>τὰ</span> <span class='ocrx_word' id='word_1_722' title='bbox 2676 4785 2737 4839; x_wconf 79' lang='grc' dir='ltr'>ὲν</span> <span class='ocrx_word' id='word_1_723' title='bbox 2784 4785 3090 4856; x_wconf 81' lang='grc' dir='ltr'>Καλχηδόνι</span> <span class='ocrx_word' id='word_1_724' title='bbox 3137 4787 3196 4839; x_wconf 84' lang='grc' dir='ltr'>ὲν</span> <span class='ocrx_word' id='word_1_725' title='bbox 3237 4786 3350 4855; x_wconf 82' lang='grc' dir='ltr'><strong>ὅρῳ</strong></span> <span class='ocrx_word' id='word_1_726' title='bbox 3400 4785 3662 4849; x_wconf 84' lang='grc' dir='ltr'>πίστεως,</span> 
     </span>
    </p>
   </div>
   <div class='ocr_carea' id='block_1_105' title="bbox 2070 4875 3660 4949">
    <p class='ocr_par' dir='ltr' id='par_1_105' title="bbox 2070 4875 3660 4949">
     <span class='ocr_line' id='line_1_105' title="bbox 2070 4875 3660 4949; baseline -0.001 -18"><span class='ocrx_word' id='word_1_727' title='bbox 2070 4876 2284 4931; x_wconf 80' lang='grc' dir='ltr'>ἐκθέσει</span> <span class='ocrx_word' id='word_1_728' title='bbox 2315 4875 2609 4946; x_wconf 86' lang='grc' dir='ltr'>Συμϐόλων</span> <span class='ocrx_word' id='word_1_729' title='bbox 2635 4876 2714 4940; x_wconf 71' lang='grc' dir='ltr'><strong>τί,</strong></span> <span class='ocrx_word' id='word_1_730' title='bbox 2763 4875 2797 4947; x_wconf 78' lang='grc' dir='ltr'><strong>ἢ</strong></span> <span class='ocrx_word' id='word_1_731' title='bbox 2842 4877 3161 4947; x_wconf 77' lang='grc' dir='ltr'>ἑρμηνείας,</span> <span class='ocrx_word' id='word_1_732' title='bbox 3204 4877 3238 4949; x_wconf 81' lang='grc' dir='ltr'>ἡ</span> <span class='ocrx_word' id='word_1_733' title='bbox 3285 4876 3660 4945; x_wconf 83' lang='grc' dir='ltr'>διδασκαλίας,</span> 
     </span>
    </p>
   </div>
   <div class='ocr_carea' id='block_1_106' title="bbox 2068 4966 3663 5040">
    <p class='ocr_par' dir='ltr' id='par_1_106' title="bbox 2068 4966 3663 5040">
     <span class='ocr_line' id='line_1_106' title="bbox 2068 4966 3663 5040; baseline 0.001 -18"><span class='ocrx_word' id='word_1_734' title='bbox 2068 4970 2101 5040; x_wconf 87' lang='grc' dir='ltr'>ἢ</span> <span class='ocrx_word' id='word_1_735' title='bbox 2134 4966 2421 5033; x_wconf 83' lang='grc' dir='ltr'>διαλέξεως</span> <span class='ocrx_word' id='word_1_736' title='bbox 2470 4967 2737 5038; x_wconf 77' lang='grc' dir='ltr'>εἰρημένα</span> <span class='ocrx_word' id='word_1_737' title='bbox 2776 4968 2870 5022; x_wconf 76' lang='grc' dir='ltr'>καὶ</span> <span class='ocrx_word' id='word_1_738' title='bbox 2903 4968 3274 5040; x_wconf 84' lang='grc' dir='ltr'>πεπραγμένα</span> <span class='ocrx_word' id='word_1_739' title='bbox 3300 4970 3380 5033; x_wconf 89' lang='grc' dir='ltr'><strong>εἰς</strong></span> <span class='ocrx_word' id='word_1_740' title='bbox 3409 4985 3663 5023; x_wconf 87' lang='grc' dir='ltr'>καινοτο-</span> 
     </span>
    </p>
   </div>
   <div class='ocr_carea' id='block_1_107' title="bbox 2069 5056 3661 5130">
    <p class='ocr_par' dir='ltr' id='par_1_107' title="bbox 2069 5056 3661 5130">
     <span class='ocr_line' id='line_1_107' title="bbox 2069 5056 3661 5130; baseline 0.002 -19"><span class='ocrx_word' id='word_1_741' title='bbox 2069 5060 2201 5130; x_wconf 84' lang='grc' dir='ltr'>μίαν</span> <span class='ocrx_word' id='word_1_742' title='bbox 2224 5059 2325 5130; x_wconf 82' lang='grc' dir='ltr'>τὴν</span> <span class='ocrx_word' id='word_1_743' title='bbox 2366 5057 2509 5111; x_wconf 88' lang='grc' dir='ltr'><strong>κατά</strong></span> <span class='ocrx_word' id='word_1_744' title='bbox 2550 5056 2646 5110; x_wconf 89' lang='grc' dir='ltr'><strong>τοῦ</strong></span> <span class='ocrx_word' id='word_1_745' title='bbox 2689 5058 3156 5129; x_wconf 84' lang='grc' dir='ltr'>μνημονευθέντος</span> <span class='ocrx_word' id='word_1_746' title='bbox 3186 5059 3343 5127; x_wconf 84' lang='grc' dir='ltr'>ἁγίου</span> <span class='ocrx_word' id='word_1_747' title='bbox 3375 5057 3661 5129; x_wconf 86' lang='grc' dir='ltr'>Συμϐόλου</span> 
     </span>
    </p>
   </div>
   <div class='ocr_carea' id='block_1_108' title="bbox 2064 5148 3659 5222">
    <p class='ocr_par' dir='ltr' id='par_1_108' title="bbox 2064 5148 3659 5222">
     <span class='ocr_line' id='line_1_108' title="bbox 2064 5148 3659 5222; baseline -0.001 -19"><span class='ocrx_word' id='word_1_748' title='bbox 2064 5150 2177 5204; x_wconf 82' lang='grc' dir='ltr'>τῶν</span> <span class='ocrx_word' id='word_1_749' title='bbox 2224 5148 2331 5220; x_wconf 82' lang='grc' dir='ltr'>τιη¹</span> <span class='ocrx_word' id='word_1_750' title='bbox 2365 5150 2539 5217; x_wconf 84' lang='grc' dir='ltr'>ἁγίων</span> <span class='ocrx_word' id='word_1_751' title='bbox 2581 5150 2864 5221; x_wconf 84' lang='grc' dir='ltr'>Πατὲρων,</span> <span class='ocrx_word' id='word_1_752' title='bbox 2918 5151 3252 5222; x_wconf 78' lang='grc' dir='ltr'>θεσπίζομεν</span> <span class='ocrx_word' id='word_1_753' title='bbox 3304 5149 3547 5205; x_wconf 74' lang='grc' dir='ltr'>ἐνταῦθὰ</span> <span class='ocrx_word' id='word_1_754' title='bbox 3598 5167 3659 5204; x_wconf 80' lang='grc' dir='ltr'>τε</span> 
     </span>
    </p>
   </div>
   <div class='ocr_carea' id='block_1_109' title="bbox 2065 5241 3660 5316">
    <p class='ocr_par' dir='ltr' id='par_1_109' title="bbox 2065 5241 3660 5316">
     <span class='ocr_line' id='line_1_109' title="bbox 2065 5241 3660 5316; baseline 0.001 -21"><span class='ocrx_word' id='word_1_755' title='bbox 2065 5241 2161 5295; x_wconf 79' lang='grc' dir='ltr'>καὶ</span> <span class='ocrx_word' id='word_1_756' title='bbox 2190 5241 2467 5311; x_wconf 84' lang='grc' dir='ltr'>πανταχοῦ</span> <span class='ocrx_word' id='word_1_757' title='bbox 2518 5242 2640 5296; x_wconf 87' lang='grc' dir='ltr'>καθ’</span> <span class='ocrx_word' id='word_1_758' title='bbox 2674 5243 2912 5314; x_wconf 80' lang='grc' dir='ltr'>ἑκάστην</span> <span class='ocrx_word' id='word_1_759' title='bbox 2960 5244 3312 5313; x_wconf 86' lang='grc' dir='ltr'>Ἐκκλησίαν,</span> <span class='ocrx_word' id='word_1_760' title='bbox 3352 5243 3507 5316; x_wconf 83' lang='grc' dir='ltr'>παρὰ</span> <span class='ocrx_word' id='word_1_761' title='bbox 3545 5242 3660 5297; x_wconf 86' lang='grc' dir='ltr'><strong>τῶν</strong></span> 
     </span>
    </p>
   </div>
   <div class='ocr_carea' id='block_1_110' title="bbox 2063 5333 3655 5415">
    <p class='ocr_par' dir='ltr' id='par_1_110' title="bbox 2063 5333 3655 5415">
     <span class='ocr_line' id='line_1_110' title="bbox 2063 5333 3655 5415; baseline 0.001 -28"><span class='ocrx_word' id='word_1_762' title='bbox 2063 5333 2375 5405; x_wconf 87' lang='grc' dir='ltr'>ἁπανταχοῦ</span> <span class='ocrx_word' id='word_1_763' title='bbox 2400 5336 2733 5415; x_wconf 33' lang='grc' dir='ltr'>’ἁγιωτάτων</span> <span class='ocrx_word' id='word_1_764' title='bbox 2771 5336 3086 5390; x_wconf 78' lang='grc' dir='ltr'>ἐπισκόπων</span> <span class='ocrx_word' id='word_1_765' title='bbox 3132 5335 3655 5406; x_wconf 75' lang='grc' dir='ltr'>ἁναθεματίξεσθαι,</span> 
     </span>
    </p>
   </div>
   <div class='ocr_carea' id='block_1_111' title="bbox 2065 5423 3656 5501">
    <p class='ocr_par' dir='ltr' id='par_1_111' title="bbox 2065 5423 3656 5501">
     <span class='ocr_line' id='line_1_111' title="bbox 2065 5423 3656 5501; baseline 0.003 -22"><span class='ocrx_word' id='word_1_766' title='bbox 2065 5427 2157 5480; x_wconf 74' lang='grc' dir='ltr'>καὶ</span> <span class='ocrx_word' id='word_1_767' title='bbox 2191 5428 2325 5498; x_wconf 76' lang='grc' dir='ltr'>πυρὶ</span> <span class='ocrx_word' id='word_1_768' title='bbox 2366 5428 2761 5500; x_wconf 88' lang='grc' dir='ltr'>παραδίδοσθαι</span> <span class='ocrx_word' id='word_1_769' title='bbox 2795 5430 2926 5500; x_wconf 87' lang='grc' dir='ltr'>παρ’</span> <span class='ocrx_word' id='word_1_770' title='bbox 2970 5423 3052 5493; x_wconf 75' lang='grc' dir='ltr'>οἷς</span> <span class='ocrx_word' id='word_1_771' title='bbox 3085 5429 3152 5483; x_wconf 85' lang='grc' dir='ltr'><strong>ἀν</strong></span> <span class='ocrx_word' id='word_1_772' title='bbox 3186 5429 3535 5501; x_wconf 82' lang='grc' dir='ltr'>εὑρίσκηται,</span> <span class='ocrx_word' id='word_1_773' title='bbox 3565 5429 3656 5484; x_wconf 78' lang='grc' dir='ltr'><strong>διὰ</strong></span> 
     </span>
    </p>
   </div>
   <div class='ocr_carea' id='block_1_112' title="bbox 2063 5518 3655 5593">
    <p class='ocr_par' dir='ltr' id='par_1_112' title="bbox 2063 5518 3655 5593">
     <span class='ocr_line' id='line_1_112' title="bbox 2063 5518 3655 5593; baseline 0.001 -21"><span class='ocrx_word' id='word_1_774' title='bbox 2063 5518 2125 5572; x_wconf 84' lang='grc' dir='ltr'>τὸ</span> <span class='ocrx_word' id='word_1_775' title='bbox 2185 5518 2329 5573; x_wconf 75' lang='grc' dir='ltr'>οὕτω</span> <span class='ocrx_word' id='word_1_776' title='bbox 2393 5519 2773 5591; x_wconf 84' lang='grc' dir='ltr'>διατεταχέναι</span> <span class='ocrx_word' id='word_1_777' title='bbox 2830 5520 2961 5592; x_wconf 74' lang='grc' dir='ltr'>περὶ</span> <span class='ocrx_word' id='word_1_778' title='bbox 3013 5521 3237 5576; x_wconf 86' lang='grc' dir='ltr'>πάντων</span> <span class='ocrx_word' id='word_1_779' title='bbox 3280 5522 3391 5576; x_wconf 83' lang='grc' dir='ltr'><strong>τῶν</strong></span> <span class='ocrx_word' id='word_1_780' title='bbox 3441 5522 3655 5593; x_wconf 81' lang='grc' dir='ltr'>αἱρετι-</span> 
     </span>
    </p>
   </div>
   <div class='ocr_carea' id='block_1_113' title="bbox 2065 5611 3653 5687">
    <p class='ocr_par' dir='ltr' id='par_1_113' title="bbox 2065 5611 3653 5687">
     <span class='ocr_line' id='line_1_113' title="bbox 2065 5611 3653 5687; baseline 0.006 -23"><span class='ocrx_word' id='word_1_781' title='bbox 2065 5611 2176 5665; x_wconf 83' lang='grc' dir='ltr'>κῶν</span> <span class='ocrx_word' id='word_1_782' title='bbox 2204 5612 2517 5684; x_wconf 80' lang='grc' dir='ltr'>δογμάτων,</span> <span class='ocrx_word' id='word_1_783' title='bbox 2555 5613 2650 5670; x_wconf 75' lang='grc' dir='ltr'>καὶ</span> <span class='ocrx_word' id='word_1_784' title='bbox 2697 5613 2826 5680; x_wconf 79' lang='grc' dir='ltr'>τοὺς</span> <span class='ocrx_word' id='word_1_785' title='bbox 2868 5613 2974 5684; x_wconf 81' lang='grc' dir='ltr'>πρὸ</span> <span class='ocrx_word' id='word_1_786' title='bbox 3002 5613 3162 5687; x_wconf 84' lang='grc' dir='ltr'>ήμῶν</span> <span class='ocrx_word' id='word_1_787' title='bbox 3201 5616 3262 5671; x_wconf 72' lang='grc' dir='ltr'>ὲν</span> <span class='ocrx_word' id='word_1_788' title='bbox 3309 5612 3528 5670; x_wconf 73' lang='grc' dir='ltr'>εὐσεϐεῖ</span> <span class='ocrx_word' id='word_1_789' title='bbox 3557 5618 3653 5673; x_wconf 79' lang='grc' dir='ltr'>καὶ</span> 
     </span>
    </p>
   </div>
   <div class='ocr_carea' id='block_1_114' title="bbox 1683 5762 2366 5824">
    <p class='ocr_par' dir='ltr' id='par_1_114' title="bbox 1683 5762 2366 5824">
     <span class='ocr_line' id='line_1_114' title="bbox 1683 5762 2366 5824; baseline 0.001 -3"><span class='ocrx_word' id='word_1_790' title='bbox 1683 5762 1917 5821; x_wconf 73' lang='lat' dir='ltr'><strong>VARle</strong></span> <span class='ocrx_word' id='word_1_791' title='bbox 1958 5762 2366 5824; x_wconf 78' lang='lat' dir='ltr'><strong>LECTIONES.</strong></span> 
     </span>
    </p>
   </div>
   <div class='ocr_carea' id='block_1_115' title="bbox 441 5845 1041 5918">
    <p class='ocr_par' dir='ltr' id='par_1_115' title="bbox 441 5845 1041 5918">
     <span class='ocr_line' id='line_1_115' title="bbox 441 5845 1041 5918; baseline -0.003 -11"><span class='ocrx_word' id='word_1_792' title='bbox 441 5846 492 5880; x_wconf 74' lang='grc'><strong>³³</strong></span> <span class='ocrx_word' id='word_1_793' title='bbox 523 5848 589 5906; x_wconf 67' lang='lat' dir='ltr'><strong>Cn.</strong></span> <span class='ocrx_word' id='word_1_794' title='bbox 621 5845 685 5903; x_wconf 77' lang='grc' dir='ltr'><strong>α.</strong></span> <span class='ocrx_word' id='word_1_795' title='bbox 732 5848 1041 5918; x_wconf 85' lang='grc' dir='ltr'>συμϐόλου.-</span> 
     </span>
    </p>
   </div>
  </div>
