  <div class='ocr_page' id='page_1' title='image "/cluster/home/n/w/nwhite01/storage/ocr_20150623/86:pt.2/coo.31924054869890/429.png"; bbox 0 0 3978 6388; ppageno 0'>
   <div class='ocr_carea' id='block_1_1' title="bbox 552 369 699 436">
    <p class='ocr_par' dir='ltr' id='par_1_1' title="bbox 552 369 699 436">
     <span class='ocr_line' id='line_1_1' title="bbox 552 369 699 436; baseline -0.007 -3"><span class='ocrx_word' id='word_1_1' title='bbox 552 369 699 436; x_wconf 76' lang='lat'><strong>2603</strong></span> 
     </span>
    </p>
   </div>
   <div class='ocr_carea' id='block_1_2' title="bbox 1768 372 2609 439">
    <p class='ocr_par' dir='ltr' id='par_1_2' title="bbox 1768 372 2609 439">
     <span class='ocr_line' id='line_1_2' title="bbox 1768 372 2609 439; baseline 0.007 -6"><span class='ocrx_word' id='word_1_2' title='bbox 1768 372 2093 435; x_wconf 19' lang='lat' dir='ltr'><strong>‘EVAGRII</strong></span> <span class='ocrx_word' id='word_1_3' title='bbox 2130 373 2609 439; x_wconf 82' lang='lat' dir='ltr'><strong>SCHOLASTIC]</strong></span> 
     </span>
    </p>
   </div>
   <div class='ocr_carea' id='block_1_3' title="bbox 3691 387 3833 452">
    <p class='ocr_par' dir='ltr' id='par_1_3' title="bbox 3691 387 3833 452">
     <span class='ocr_line' id='line_1_3' title="bbox 3691 387 3833 452; baseline 0 0"><span class='ocrx_word' id='word_1_4' title='bbox 3691 387 3833 452; x_wconf 66' lang='lat'><strong>2601</strong></span> 
     </span>
    </p>
   </div>
   <div class='ocr_carea' id='block_1_4' title="bbox 548 479 2124 570">
    <p class='ocr_par' dir='ltr' id='par_1_4' title="bbox 548 479 2124 554">
     <span class='ocr_line' id='line_1_4' title="bbox 548 479 2124 554; baseline 0 -16"><span class='ocrx_word' id='word_1_5' title='bbox 548 482 755 554; x_wconf 89' lang='lat' dir='ltr'><strong>quippe</strong></span> <span class='ocrx_word' id='word_1_6' title='bbox 776 480 874 553; x_wconf 87' lang='lat' dir='ltr'><strong>qui</strong></span> <span class='ocrx_word' id='word_1_7' title='bbox 917 487 1157 553; x_wconf 85' lang='lat' dir='ltr'><strong>optatam</strong></span> <span class='ocrx_word' id='word_1_8' title='bbox 1190 479 1259 538; x_wconf 87' lang='lat' dir='ltr'><strong>ab</strong></span> <span class='ocrx_word' id='word_1_9' title='bbox 1301 480 1561 539; x_wconf 88' lang='lat' dir='ltr'><strong>omnibus</strong></span> <span class='ocrx_word' id='word_1_10' title='bbox 1590 481 1860 538; x_wconf 86' lang='lat' dir='ltr'><strong>unitatem</strong></span> <span class='ocrx_word' id='word_1_11' title='bbox 1902 484 2124 538; x_wconf 87' lang='lat' dir='ltr'><strong>sanctis-</strong></span> 
     </span>
    </p>
   </div>
   <div class='ocr_carea' id='block_1_5' title="bbox 2227 479 3831 570">
    <p class='ocr_par' dir='ltr' id='par_1_5' title="bbox 2246 487 3831 570">
     <span class='ocr_line' id='line_1_5' title="bbox 2246 487 3831 570; baseline 0.008 -31"><span class='ocrx_word' id='word_1_12' title='bbox 2246 502 2379 556; x_wconf 85' lang='grc' dir='ltr'><strong>μασι</strong></span> <span class='ocrx_word' id='word_1_13' title='bbox 2416 487 2539 541; x_wconf 86' lang='grc' dir='ltr'>καθ’</span> <span class='ocrx_word' id='word_1_14' title='bbox 2565 487 2881 557; x_wconf 69' lang='grc' dir='ltr'><strong>οἱανδήποτε</strong></span> <span class='ocrx_word' id='word_1_15' title='bbox 2926 489 3140 563; x_wconf 78' lang='grc' dir='ltr'>καιρὸν,</span> <span class='ocrx_word' id='word_1_16' title='bbox 3166 492 3199 563; x_wconf 81' lang='grc' dir='ltr'><strong>ἢ</strong></span> <span class='ocrx_word' id='word_1_17' title='bbox 3231 492 3433 565; x_wconf 85' lang='grc' dir='ltr'>τρόπον</span> <span class='ocrx_word' id='word_1_18' title='bbox 3462 491 3495 565; x_wconf 76' lang='grc' dir='ltr'>ἢ</span> <span class='ocrx_word' id='word_1_19' title='bbox 3526 493 3696 550; x_wconf 83' lang='grc' dir='ltr'>τόπον</span> <span class='ocrx_word' id='word_1_20' title='bbox 3731 498 3831 570; x_wconf 75' lang='grc' dir='ltr'>τὴν</span> 
     </span>
    </p>
   </div>
   <div class='ocr_carea' id='block_1_6' title="bbox 548 573 2134 643">
    <p class='ocr_par' dir='ltr' id='par_1_6' title="bbox 548 573 2134 643">
     <span class='ocr_line' id='line_1_6' title="bbox 548 573 2134 643; baseline -0.001 -12"><span class='ocrx_word' id='word_1_21' title='bbox 548 577 708 632; x_wconf 83' lang='lat' dir='ltr'><strong>simis</strong></span> <span class='ocrx_word' id='word_1_22' title='bbox 764 575 861 631; x_wconf 89' lang='lat' dir='ltr'><strong>Dei</strong></span> <span class='ocrx_word' id='word_1_23' title='bbox 926 573 1192 631; x_wconf 81' lang='lat' dir='ltr'><strong>Ecclesiis</strong></span> <span class='ocrx_word' id='word_1_24' title='bbox 1253 574 1575 640; x_wconf 90' lang='lat' dir='ltr'><strong>conciliant,</strong></span> <span class='ocrx_word' id='word_1_25' title='bbox 1642 574 1943 630; x_wconf 72' lang='lat' dir='ltr'><strong>novitatem</strong></span> <span class='ocrx_word' id='word_1_26' title='bbox 2010 588 2134 643; x_wconf 66' lang='lat' dir='ltr'><strong>quae</strong></span> 
     </span>
    </p>
   </div>
   <div class='ocr_carea' id='block_1_7' title="bbox 548 664 2135 731">
    <p class='ocr_par' dir='ltr' id='par_1_7' title="bbox 548 664 2135 731">
     <span class='ocr_line' id='line_1_7' title="bbox 548 664 2135 731; baseline -0.003 -8"><span class='ocrx_word' id='word_1_27' title='bbox 548 668 813 723; x_wconf 81' lang='lat' dir='ltr'><strong>adversus</strong></span> <span class='ocrx_word' id='word_1_28' title='bbox 867 664 1032 720; x_wconf 85' lang='lat' dir='ltr'><strong>ﬁdem</strong></span> <span class='ocrx_word' id='word_1_29' title='bbox 1105 664 1458 722; x_wconf 83' lang='lat' dir='ltr'><strong>Chalcedone</strong></span> <span class='ocrx_word' id='word_1_30' title='bbox 1517 665 1661 721; x_wconf 80' lang='lat' dir='ltr'><strong>facta</strong></span> <span class='ocrx_word' id='word_1_31' title='bbox 1730 675 1835 731; x_wconf 85' lang='lat' dir='ltr'><strong>est,</strong></span> <span class='ocrx_word' id='word_1_32' title='bbox 1870 675 1966 721; x_wconf 87' lang='lat' dir='ltr'><strong>aut</strong></span> <span class='ocrx_word' id='word_1_33' title='bbox 1992 665 2135 720; x_wconf 89' lang='lat' dir='ltr'><strong>inter</strong></span> 
     </span>
    </p>
   </div>
   <div class='ocr_carea' id='block_1_8' title="bbox 547 757 2134 831">
    <p class='ocr_par' dir='ltr' id='par_1_8' title="bbox 547 757 2134 831">
     <span class='ocr_line' id='line_1_8' title="bbox 547 757 2134 831; baseline 0 -17"><span class='ocrx_word' id='word_1_34' title='bbox 547 758 964 831; x_wconf 86' lang='lat' dir='ltr'><strong>disputandum.</strong></span> <span class='ocrx_word' id='word_1_35' title='bbox 994 757 1256 814; x_wconf 88' lang='lat' dir='ltr'><strong>autinter</strong></span> <span class='ocrx_word' id='word_1_36' title='bbox 1308 758 1643 824; x_wconf 88' lang='lat' dir='ltr'><strong>docendum,</strong></span> <span class='ocrx_word' id='word_1_37' title='bbox 1692 767 1788 813; x_wconf 90' lang='lat' dir='ltr'><strong>aut</strong></span> <span class='ocrx_word' id='word_1_38' title='bbox 1816 759 1871 813; x_wconf 94' lang='lat' dir='ltr'><strong>in</strong></span> <span class='ocrx_word' id='word_1_39' title='bbox 1913 759 2134 829; x_wconf 75' lang='lat' dir='ltr'><strong>scriptis</strong></span> 
     </span>
    </p>
   </div>
   <div class='ocr_carea' id='block_1_9' title="bbox 544 851 2133 925">
    <p class='ocr_par' dir='ltr' id='par_1_9' title="bbox 544 851 2133 925">
     <span class='ocr_line' id='line_1_9' title="bbox 544 851 2133 925; baseline -0.003 -15"><span class='ocrx_word' id='word_1_40' title='bbox 544 854 662 910; x_wconf 85' lang='lat' dir='ltr'><strong>suis</strong></span> <span class='ocrx_word' id='word_1_41' title='bbox 693 868 1028 925; x_wconf 90' lang='lat' dir='ltr'><strong>quocunque</strong></span> <span class='ocrx_word' id='word_1_42' title='bbox 1070 852 1293 909; x_wconf 85' lang='lat' dir='ltr'><strong>domum</strong></span> <span class='ocrx_word' id='word_1_43' title='bbox 1322 862 1569 923; x_wconf 88' lang='lat' dir='ltr'><strong>tempore</strong></span> <span class='ocrx_word' id='word_1_44' title='bbox 1609 861 1667 906; x_wconf 92' lang='lat' dir='ltr'><strong>et</strong></span> <span class='ocrx_word' id='word_1_45' title='bbox 1720 851 1887 905; x_wconf 91' lang='lat' dir='ltr'><strong>modo</strong></span> <span class='ocrx_word' id='word_1_46' title='bbox 1919 866 1983 906; x_wconf 87' lang='lat' dir='ltr'><strong>ac</strong></span> <span class='ocrx_word' id='word_1_47' title='bbox 2009 851 2133 905; x_wconf 91' lang='lat' dir='ltr'><strong>loco</strong></span> 
     </span>
    </p>
   </div>
   <div class='ocr_carea' id='block_1_10' title="bbox 544 944 2132 1017">
    <p class='ocr_par' dir='ltr' id='par_1_10' title="bbox 544 944 2132 1017">
     <span class='ocr_line' id='line_1_10' title="bbox 544 944 2132 1017; baseline -0.003 -16"><span class='ocrx_word' id='word_1_48' title='bbox 544 946 792 1017; x_wconf 79' lang='lat' dir='ltr'><strong>proferre</strong></span> <span class='ocrx_word' id='word_1_49' title='bbox 822 961 1085 1017; x_wconf 83' lang='lat' dir='ltr'><strong>unquam,</strong></span> <span class='ocrx_word' id='word_1_50' title='bbox 1140 953 1236 1000; x_wconf 89' lang='lat' dir='ltr'><strong>aut</strong></span> <span class='ocrx_word' id='word_1_51' title='bbox 1259 946 1489 999; x_wconf 91' lang='lat' dir='ltr'><strong>omnino</strong></span> <span class='ocrx_word' id='word_1_52' title='bbox 1542 944 1833 999; x_wconf 89' lang='lat' dir='ltr'><strong>nominare</strong></span> <span class='ocrx_word' id='word_1_53' title='bbox 1885 949 2132 997; x_wconf 86' lang='lat' dir='ltr'><strong>tentavc—</strong></span> 
     </span>
    </p>
   </div>
   <div class='ocr_carea' id='block_1_11' title="bbox 542 1034 2130 1109">
    <p class='ocr_par' dir='ltr' id='par_1_11' title="bbox 542 1034 2130 1109">
     <span class='ocr_line' id='line_1_11' title="bbox 542 1034 2130 1109; baseline -0.004 -16"><span class='ocrx_word' id='word_1_54' title='bbox 542 1040 674 1105; x_wconf 84' lang='lat' dir='ltr'><strong>rint,</strong></span> <span class='ocrx_word' id='word_1_55' title='bbox 710 1054 807 1095; x_wconf 91' lang='lat' dir='ltr'><strong>eos</strong></span> <span class='ocrx_word' id='word_1_56' title='bbox 831 1049 1093 1109; x_wconf 88' lang='lat' dir='ltr'><strong>tanquam</strong></span> <span class='ocrx_word' id='word_1_57' title='bbox 1142 1038 1414 1093; x_wconf 89' lang='lat' dir='ltr'><strong>tumultus</strong></span> <span class='ocrx_word' id='word_1_58' title='bbox 1439 1052 1504 1091; x_wconf 88' lang='lat' dir='ltr'><strong>ac</strong></span> <span class='ocrx_word' id='word_1_59' title='bbox 1554 1036 1889 1091; x_wconf 78' lang='lat' dir='ltr'><strong>seditionum</strong></span> <span class='ocrx_word' id='word_1_60' title='bbox 1922 1034 2130 1089; x_wconf 91' lang='lat' dir='ltr'><strong>sanctis</strong></span> 
     </span>
    </p>
   </div>
   <div class='ocr_carea' id='block_1_12' title="bbox 539 1125 2131 1199">
    <p class='ocr_par' dir='ltr' id='par_1_12' title="bbox 539 1125 2131 1199">
     <span class='ocr_line' id='line_1_12' title="bbox 539 1125 2131 1199; baseline -0.005 -12"><span class='ocrx_word' id='word_1_61' title='bbox 539 1132 638 1187; x_wconf 86' lang='lat' dir='ltr'><strong>Dei</strong></span> <span class='ocrx_word' id='word_1_62' title='bbox 666 1130 931 1187; x_wconf 84' lang='lat' dir='ltr'><strong>Ecclesiis</strong></span> <span class='ocrx_word' id='word_1_63' title='bbox 974 1141 1033 1186; x_wconf 89' lang='lat' dir='ltr'><strong>et</strong></span> <span class='ocrx_word' id='word_1_64' title='bbox 1082 1129 1357 1185; x_wconf 84' lang='lat' dir='ltr'><strong>universis</strong></span> <span class='ocrx_word' id='word_1_65' title='bbox 1392 1128 1489 1199; x_wconf 86' lang='lat' dir='ltr'><strong>qui</strong></span> <span class='ocrx_word' id='word_1_66' title='bbox 1526 1136 1719 1182; x_wconf 88' lang='lat' dir='ltr'><strong>nostro</strong></span> <span class='ocrx_word' id='word_1_67' title='bbox 1772 1125 2006 1197; x_wconf 87' lang='lat' dir='ltr'><strong>imperio</strong></span> <span class='ocrx_word' id='word_1_68' title='bbox 2033 1141 2131 1196; x_wconf 85' lang='lat' dir='ltr'><strong>pa-</strong></span> 
     </span>
    </p>
   </div>
   <div class='ocr_carea' id='block_1_13' title="bbox 538 1203 2126 1292">
    <p class='ocr_par' dir='ltr' id='par_1_13' title="bbox 538 1203 2126 1292">
     <span class='ocr_line' id='line_1_13' title="bbox 538 1203 2126 1292; baseline -0.004 -14"><span class='ocrx_word' id='word_1_69' title='bbox 538 1233 685 1287; x_wconf 90' lang='lat' dir='ltr'><strong>rent,</strong></span> <span class='ocrx_word' id='word_1_70' title='bbox 715 1233 993 1288; x_wconf 83' lang='lat' dir='ltr'><strong>auctores,</strong></span> <span class='ocrx_word' id='word_1_71' title='bbox 1037 1222 1247 1292; x_wconf 90' lang='lat' dir='ltr'><strong>Deique</strong></span> <span class='ocrx_word' id='word_1_72' title='bbox 1289 1236 1357 1275; x_wconf 88' lang='lat' dir='ltr'><strong>ac</strong></span> <span class='ocrx_word' id='word_1_73' title='bbox 1403 1229 1608 1275; x_wconf 67' lang='lat' dir='ltr'><strong>nostrae</strong></span> <span class='ocrx_word' id='word_1_74' title='bbox 1659 1203 1853 1273; x_wconf 76' lang='lat' dir='ltr'><strong>salutis</strong></span> <span class='ocrx_word' id='word_1_75' title='bbox 1906 1217 2126 1283; x_wconf 88' lang='lat' dir='ltr'><strong>hostes;</strong></span> 
     </span>
    </p>
   </div>
   <div class='ocr_carea' id='block_1_14' title="bbox 535 1308 2131 1388">
    <p class='ocr_par' dir='ltr' id='par_1_14' title="bbox 535 1308 2131 1388">
     <span class='ocr_line' id='line_1_14' title="bbox 535 1308 2131 1388; baseline -0.005 -18"><span class='ocrx_word' id='word_1_76' title='bbox 535 1318 691 1388; x_wconf 72' lang='lat' dir='ltr'><strong>juxta</strong></span> <span class='ocrx_word' id='word_1_77' title='bbox 715 1316 864 1387; x_wconf 82' lang='lat' dir='ltr'><strong>leges</strong></span> <span class='ocrx_word' id='word_1_78' title='bbox 878 1331 1003 1385; x_wconf 69' lang='lat' dir='ltr'><strong>quae</strong></span> <span class='ocrx_word' id='word_1_79' title='bbox 1026 1316 1138 1387; x_wconf 86' lang='lat' dir='ltr'><strong>jam</strong></span> <span class='ocrx_word' id='word_1_80' title='bbox 1167 1313 1380 1384; x_wconf 89' lang='lat' dir='ltr'><strong>pridem</strong></span> <span class='ocrx_word' id='word_1_81' title='bbox 1413 1314 1481 1368; x_wconf 90' lang='lat' dir='ltr'><strong>de</strong></span> <span class='ocrx_word' id='word_1_82' title='bbox 1509 1311 1825 1383; x_wconf 88' lang='lat' dir='ltr'><strong>hujusmodi</strong></span> <span class='ocrx_word' id='word_1_83' title='bbox 1858 1308 2131 1379; x_wconf 91' lang='lat' dir='ltr'><strong>improbi-</strong></span> 
     </span>
    </p>
   </div>
   <div class='ocr_carea' id='block_1_15' title="bbox 539 1399 2128 1480">
    <p class='ocr_par' dir='ltr' id='par_1_15' title="bbox 539 1399 2128 1480">
     <span class='ocr_line' id='line_1_15' title="bbox 539 1399 2128 1480; baseline -0.006 -18"><span class='ocrx_word' id='word_1_84' title='bbox 539 1417 654 1464; x_wconf 85' lang='lat' dir='ltr'><strong>tate</strong></span> <span class='ocrx_word' id='word_1_85' title='bbox 690 1407 814 1480; x_wconf 60' lang='lat' dir='ltr'><strong>laue</strong></span> <span class='ocrx_word' id='word_1_86' title='bbox 861 1407 973 1461; x_wconf 90' lang='lat' dir='ltr'><strong>sint</strong></span> <span class='ocrx_word' id='word_1_87' title='bbox 995 1421 1026 1460; x_wconf 90' lang='lat' dir='ltr'><strong>a</strong></span> <span class='ocrx_word' id='word_1_88' title='bbox 1058 1404 1232 1461; x_wconf 72' lang='lat' dir='ltr'><strong>beatze</strong></span> <span class='ocrx_word' id='word_1_89' title='bbox 1262 1419 1325 1459; x_wconf 88' lang='lat' dir='ltr'><strong>ac</strong></span> <span class='ocrx_word' id='word_1_90' title='bbox 1355 1403 1495 1459; x_wconf 60' lang='lat' dir='ltr'><strong>divae</strong></span> <span class='ocrx_word' id='word_1_91' title='bbox 1556 1401 1836 1457; x_wconf 82' lang='lat' dir='ltr'><strong>memoriae</strong></span> <span class='ocrx_word' id='word_1_92' title='bbox 1889 1399 2128 1470; x_wconf 89' lang='lat' dir='ltr'><strong>impera-</strong></span> 
     </span>
    </p>
   </div>
   <div class='ocr_carea' id='block_1_16' title="bbox 533 1495 2128 1567">
    <p class='ocr_par' dir='ltr' id='par_1_16' title="bbox 533 1495 2128 1567">
     <span class='ocr_line' id='line_1_16' title="bbox 533 1495 2128 1567; baseline -0.006 -11"><span class='ocrx_word' id='word_1_93' title='bbox 533 1509 659 1557; x_wconf 85' lang='lat' dir='ltr'><strong>tore</strong></span> <span class='ocrx_word' id='word_1_94' title='bbox 719 1498 1055 1564; x_wconf 79' lang='lat' dir='ltr'><strong>Theodosio,</strong></span> <span class='ocrx_word' id='word_1_95' title='bbox 1118 1512 1256 1567; x_wconf 86' lang='lat' dir='ltr'><strong>quas</strong></span> <span class='ocrx_word' id='word_1_96' title='bbox 1300 1496 1463 1551; x_wconf 91' lang='lat' dir='ltr'><strong>etiam</strong></span> <span class='ocrx_word' id='word_1_97' title='bbox 1523 1495 1654 1549; x_wconf 88' lang='lat' dir='ltr'><strong>huic</strong></span> <span class='ocrx_word' id='word_1_98' title='bbox 1700 1504 1905 1548; x_wconf 70' lang='lat' dir='ltr'><strong>nostrae</strong></span> <span class='ocrx_word' id='word_1_99' title='bbox 1958 1507 2128 1547; x_wconf 70' lang='lat' dir='ltr'><strong>sacrm</strong></span> 
     </span>
    </p>
   </div>
   <div class='ocr_carea' id='block_1_17' title="bbox 535 1583 2126 1662">
    <p class='ocr_par' dir='ltr' id='par_1_17' title="bbox 535 1583 2126 1662">
     <span class='ocr_line' id='line_1_17' title="bbox 535 1583 2126 1662; baseline -0.006 -15"><span class='ocrx_word' id='word_1_100' title='bbox 535 1590 787 1662; x_wconf 70' lang='lat' dir='ltr'><strong>epistola:</strong></span> <span class='ocrx_word' id='word_1_101' title='bbox 806 1589 1100 1661; x_wconf 60' lang='lat' dir='ltr'><strong>encyclicm</strong></span> <span class='ocrx_word' id='word_1_102' title='bbox 1121 1586 1461 1658; x_wconf 87' lang='lat' dir='ltr'><strong>subjecimus</strong></span> <span class='ocrx_word' id='word_1_103' title='bbox 1484 1602 1499 1651; x_wconf 94' lang='lat'><strong>;</strong></span> <span class='ocrx_word' id='word_1_104' title='bbox 1526 1584 1573 1640; x_wconf 93' lang='lat' dir='ltr'><strong>si</strong></span> <span class='ocrx_word' id='word_1_105' title='bbox 1630 1583 1852 1654; x_wconf 83' lang='lat' dir='ltr'><strong>quidem</strong></span> <span class='ocrx_word' id='word_1_106' title='bbox 1881 1583 2126 1653; x_wconf 82' lang='lat' dir='ltr'><strong>episcopi</strong></span> 
     </span>
    </p>
   </div>
   <div class='ocr_carea' id='block_1_18' title="bbox 537 1676 2125 1751">
    <p class='ocr_par' dir='ltr' id='par_1_18' title="bbox 537 1676 2125 1751">
     <span class='ocr_line' id='line_1_18' title="bbox 537 1676 2125 1751; baseline -0.007 -12"><span class='ocrx_word' id='word_1_107' title='bbox 537 1692 668 1740; x_wconf 87' lang='lat' dir='ltr'><strong>sunt</strong></span> <span class='ocrx_word' id='word_1_108' title='bbox 698 1690 793 1739; x_wconf 84' lang='lat' dir='ltr'><strong>aut</strong></span> <span class='ocrx_word' id='word_1_109' title='bbox 838 1681 1048 1747; x_wconf 87' lang='lat' dir='ltr'><strong>clerici,</strong></span> <span class='ocrx_word' id='word_1_110' title='bbox 1089 1679 1290 1751; x_wconf 89' lang='lat' dir='ltr'><strong>deponi</strong></span> <span class='ocrx_word' id='word_1_111' title='bbox 1335 1678 1719 1749; x_wconf 77' lang='lat' dir='ltr'><strong>pra-cipimus:</strong></span> <span class='ocrx_word' id='word_1_112' title='bbox 1749 1676 1794 1731; x_wconf 88' lang='lat' dir='ltr'><strong>si</strong></span> <span class='ocrx_word' id='word_1_113' title='bbox 1823 1690 1956 1729; x_wconf 80' lang='lat' dir='ltr'><strong>vero</strong></span> <span class='ocrx_word' id='word_1_114' title='bbox 2004 1690 2125 1729; x_wconf 89' lang='lat' dir='ltr'><strong>mo-</strong></span> 
     </span>
    </p>
   </div>
   <div class='ocr_carea' id='block_1_19' title="bbox 534 1766 2124 1839">
    <p class='ocr_par' dir='ltr' id='par_1_19' title="bbox 534 1766 2124 1839">
     <span class='ocr_line' id='line_1_19' title="bbox 534 1766 2124 1839; baseline -0.007 -6"><span class='ocrx_word' id='word_1_115' title='bbox 534 1776 700 1833; x_wconf 87' lang='lat' dir='ltr'><strong>nachi</strong></span> <span class='ocrx_word' id='word_1_116' title='bbox 730 1781 825 1831; x_wconf 90' lang='lat' dir='ltr'><strong>aut</strong></span> <span class='ocrx_word' id='word_1_117' title='bbox 842 1773 992 1839; x_wconf 88' lang='lat' dir='ltr'><strong>laici,</strong></span> <span class='ocrx_word' id='word_1_118' title='bbox 1012 1773 1209 1828; x_wconf 81' lang='lat' dir='ltr'><strong>exsilio</strong></span> <span class='ocrx_word' id='word_1_119' title='bbox 1226 1781 1285 1826; x_wconf 87' lang='lat' dir='ltr'><strong>et</strong></span> <span class='ocrx_word' id='word_1_120' title='bbox 1305 1772 1578 1826; x_wconf 85' lang='lat' dir='ltr'><strong>bonorum</strong></span> <span class='ocrx_word' id='word_1_121' title='bbox 1602 1767 1850 1823; x_wconf 90' lang='lat' dir='ltr'><strong>omnium</strong></span> <span class='ocrx_word' id='word_1_122' title='bbox 1874 1766 2124 1837; x_wconf 87' lang='lat' dir='ltr'><strong>publica-</strong></span> 
     </span>
    </p>
   </div>
   <div class='ocr_carea' id='block_1_20' title="bbox 2240 578 3831 654">
    <p class='ocr_par' dir='ltr' id='par_1_20' title="bbox 2240 578 3831 654">
     <span class='ocr_line' id='line_1_20' title="bbox 2240 578 3831 654; baseline 0.008 -24"><span class='ocrx_word' id='word_1_123' title='bbox 2240 579 2300 630; x_wconf 84' lang='grc' dir='ltr'>ὲν</span> <span class='ocrx_word' id='word_1_124' title='bbox 2332 578 2642 650; x_wconf 77' lang='grc' dir='ltr'><strong>Καλχηδόνι</strong></span> <span class='ocrx_word' id='word_1_125' title='bbox 2683 580 3065 652; x_wconf 82' lang='grc' dir='ltr'><strong>γεγενημένην</strong></span> <span class='ocrx_word' id='word_1_126' title='bbox 3089 582 3232 636; x_wconf 82' lang='grc' dir='ltr'>κατὰ</span> <span class='ocrx_word' id='word_1_127' title='bbox 3255 582 3359 654; x_wconf 75' lang='grc' dir='ltr'><strong>τῆς</strong></span> <span class='ocrx_word' id='word_1_128' title='bbox 3386 584 3623 651; x_wconf 83' lang='grc' dir='ltr'>πίστεως</span> <span class='ocrx_word' id='word_1_129' title='bbox 3650 605 3831 643; x_wconf 83' lang='grc' dir='ltr'>καινο-</span> 
     </span>
    </p>
   </div>
   <div class='ocr_carea' id='block_1_21' title="bbox 2236 670 3828 746">
    <p class='ocr_par' dir='ltr' id='par_1_21' title="bbox 2236 670 3828 746">
     <span class='ocr_line' id='line_1_21' title="bbox 2236 670 3828 746; baseline 0.006 -22"><span class='ocrx_word' id='word_1_130' title='bbox 2236 670 2453 740; x_wconf 79' lang='grc' dir='ltr'>τομίαν,</span> <span class='ocrx_word' id='word_1_131' title='bbox 2497 672 2622 735; x_wconf 73' lang='grc' dir='ltr'>τοὺς</span> <span class='ocrx_word' id='word_1_132' title='bbox 2651 672 2928 737; x_wconf 76' lang='grc' dir='ltr'><strong>τοιούτους</strong></span> <span class='ocrx_word' id='word_1_133' title='bbox 2974 674 3052 739; x_wconf 84' lang='grc' dir='ltr'>ὡς</span> <span class='ocrx_word' id='word_1_134' title='bbox 3079 675 3328 746; x_wconf 70' lang='grc' dir='ltr'>ταραχῆς</span> <span class='ocrx_word' id='word_1_135' title='bbox 3365 677 3460 731; x_wconf 81' lang='grc' dir='ltr'><strong>καὶ</strong></span> <span class='ocrx_word' id='word_1_136' title='bbox 3506 678 3828 736; x_wconf 83' lang='grc' dir='ltr'>ἀκαταστα-</span> 
     </span>
    </p>
   </div>
   <div class='ocr_carea' id='block_1_22' title="bbox 2239 764 3828 841">
    <p class='ocr_par' dir='ltr' id='par_1_22' title="bbox 2239 764 3828 841">
     <span class='ocr_line' id='line_1_22' title="bbox 2239 764 3828 841; baseline 0.008 -27"><span class='ocrx_word' id='word_1_137' title='bbox 2239 764 2359 827; x_wconf 86' lang='grc' dir='ltr'>σίας</span> <span class='ocrx_word' id='word_1_138' title='bbox 2388 765 2508 828; x_wconf 84' lang='grc' dir='ltr'>ταῖς</span> <span class='ocrx_word' id='word_1_139' title='bbox 2540 764 2724 832; x_wconf 84' lang='grc' dir='ltr'>ἁγίαις</span> <span class='ocrx_word' id='word_1_140' title='bbox 2778 765 2873 819; x_wconf 78' lang='grc' dir='ltr'><strong>τοῦ</strong></span> <span class='ocrx_word' id='word_1_141' title='bbox 2925 766 3061 820; x_wconf 85' lang='grc' dir='ltr'><strong>Θεοῦ</strong></span> <span class='ocrx_word' id='word_1_142' title='bbox 3104 768 3456 838; x_wconf 80' lang='grc' dir='ltr'>Ἑκκλησίαις</span> <span class='ocrx_word' id='word_1_143' title='bbox 3490 772 3587 823; x_wconf 74' lang='grc' dir='ltr'><strong>καὶ</strong></span> <span class='ocrx_word' id='word_1_144' title='bbox 3616 771 3697 841; x_wconf 79' lang='grc' dir='ltr'>τῷ</span> <span class='ocrx_word' id='word_1_145' title='bbox 3725 773 3828 826; x_wconf 83' lang='grc' dir='ltr'>ὑπ-</span> 
     </span>
    </p>
   </div>
   <div class='ocr_carea' id='block_1_23' title="bbox 2233 855 3830 934">
    <p class='ocr_par' dir='ltr' id='par_1_23' title="bbox 2233 855 3830 934">
     <span class='ocr_line' id='line_1_23' title="bbox 2233 855 3830 934; baseline 0.004 -27"><span class='ocrx_word' id='word_1_146' title='bbox 2233 855 2385 925; x_wconf 83' lang='grc' dir='ltr'>ηκόῳ</span> <span class='ocrx_word' id='word_1_147' title='bbox 2410 856 2577 909; x_wconf 79' lang='grc' dir='ltr'>παντὶ</span> <span class='ocrx_word' id='word_1_148' title='bbox 2608 858 2955 928; x_wconf 81' lang='grc' dir='ltr'>παραιτίους,</span> <span class='ocrx_word' id='word_1_149' title='bbox 2972 857 3092 929; x_wconf 81' lang='grc' dir='ltr'><strong>Θεῷ</strong></span> <span class='ocrx_word' id='word_1_150' title='bbox 3119 876 3177 911; x_wconf 88' lang='grc' dir='ltr'><strong>τε</strong></span> <span class='ocrx_word' id='word_1_151' title='bbox 3198 860 3292 913; x_wconf 75' lang='grc' dir='ltr'><strong>καὶ</strong></span> <span class='ocrx_word' id='word_1_152' title='bbox 3309 860 3555 932; x_wconf 73' lang='grc' dir='ltr'>ἡμετέρᾳ</span> <span class='ocrx_word' id='word_1_153' title='bbox 3580 862 3830 934; x_wconf 75' lang='grc' dir='ltr'><strong>σωτηρίᾳ</strong></span> 
     </span>
    </p>
   </div>
   <div class='ocr_carea' id='block_1_24' title="bbox 2235 947 3824 1024">
    <p class='ocr_par' dir='ltr' id='par_1_24' title="bbox 2235 947 3824 1024">
     <span class='ocr_line' id='line_1_24' title="bbox 2235 947 3824 1024; baseline 0.005 -24"><span class='ocrx_word' id='word_1_154' title='bbox 2235 947 2550 1017; x_wconf 80' lang='grc' dir='ltr'>πολεμίους,</span> <span class='ocrx_word' id='word_1_155' title='bbox 2590 948 2889 1019; x_wconf 73' lang='grc' dir='ltr'>κελεύομεν</span> <span class='ocrx_word' id='word_1_156' title='bbox 2919 951 3063 1004; x_wconf 66' lang='grc' dir='ltr'>κατὰ</span> <span class='ocrx_word' id='word_1_157' title='bbox 3092 951 3217 1014; x_wconf 66' lang='grc' dir='ltr'>τοὺς</span> <span class='ocrx_word' id='word_1_158' title='bbox 3267 952 3367 1021; x_wconf 71' lang='grc' dir='ltr'>ἤδη</span> <span class='ocrx_word' id='word_1_159' title='bbox 3396 952 3504 1024; x_wconf 76' lang='grc' dir='ltr'>πρὸ</span> <span class='ocrx_word' id='word_1_160' title='bbox 3535 953 3698 1023; x_wconf 72' lang='grc' dir='ltr'>ἡμῶν</span> <span class='ocrx_word' id='word_1_161' title='bbox 3729 953 3824 1009; x_wconf 85' lang='grc' dir='ltr'>θε-</span> 
     </span>
    </p>
   </div>
   <div class='ocr_carea' id='block_1_25' title="bbox 2235 1040 3826 1117">
    <p class='ocr_par' dir='ltr' id='par_1_25' title="bbox 2235 1040 3826 1117">
     <span class='ocr_line' id='line_1_25' title="bbox 2235 1040 3826 1117; baseline 0.005 -25"><span class='ocrx_word' id='word_1_162' title='bbox 2235 1041 2561 1105; x_wconf 80' lang='grc' dir='ltr'>σπισθέντας</span> <span class='ocrx_word' id='word_1_163' title='bbox 2591 1042 2742 1112; x_wconf 75' lang='grc' dir='ltr'>παρὰ</span> <span class='ocrx_word' id='word_1_164' title='bbox 2777 1040 2869 1096; x_wconf 78' lang='grc' dir='ltr'>τοῦ</span> <span class='ocrx_word' id='word_1_165' title='bbox 2900 1045 2956 1095; x_wconf 78' lang='grc' dir='ltr'>ἐν</span> <span class='ocrx_word' id='word_1_166' title='bbox 2991 1044 3243 1115; x_wconf 73' lang='grc' dir='ltr'>μακαρίᾳ</span> <span class='ocrx_word' id='word_1_167' title='bbox 3284 1044 3378 1097; x_wconf 68' lang='grc' dir='ltr'><strong>καῖ¹</strong></span> <span class='ocrx_word' id='word_1_168' title='bbox 3423 1044 3547 1117; x_wconf 79' lang='grc' dir='ltr'>θείᾳ</span> <span class='ocrx_word' id='word_1_169' title='bbox 3571 1046 3826 1117; x_wconf 75' lang='grc' dir='ltr'>τῇ.λήξει</span> 
     </span>
    </p>
   </div>
   <div class='ocr_carea' id='block_1_26' title="bbox 2233 1133 3825 1209">
    <p class='ocr_par' dir='ltr' id='par_1_26' title="bbox 2233 1133 3825 1209">
     <span class='ocr_line' id='line_1_26' title="bbox 2233 1133 3825 1209; baseline 0.003 -22"><span class='ocrx_word' id='word_1_170' title='bbox 2233 1133 2529 1203; x_wconf 75' lang='grc' dir='ltr'>γενομένου</span> <span class='ocrx_word' id='word_1_171' title='bbox 2581 1133 2848 1205; x_wconf 80' lang='grc' dir='ltr'>βασιλέως</span> <span class='ocrx_word' id='word_1_172' title='bbox 2907 1136 3189 1189; x_wconf 79' lang='grc' dir='ltr'>Θεοδοσίου</span> <span class='ocrx_word' id='word_1_173' title='bbox 3234 1137 3374 1191; x_wconf 75' lang='grc' dir='ltr'>κατὰ</span> <span class='ocrx_word' id='word_1_174' title='bbox 3421 1138 3522 1208; x_wconf 84' lang='grc' dir='ltr'><strong>τῆς</strong></span> <span class='ocrx_word' id='word_1_175' title='bbox 3558 1137 3825 1209; x_wconf 76' lang='grc' dir='ltr'><strong>τοιαύτης</strong></span> 
     </span>
    </p>
   </div>
   <div class='ocr_carea' id='block_1_27' title="bbox 2231 1225 3828 1299">
    <p class='ocr_par' dir='ltr' id='par_1_27' title="bbox 2231 1225 3828 1299">
     <span class='ocr_line' id='line_1_27' title="bbox 2231 1225 3828 1299; baseline 0.006 -22"><span class='ocrx_word' id='word_1_176' title='bbox 2231 1225 2522 1290; x_wconf 80' lang='grc' dir='ltr'>κακονοίας</span> <span class='ocrx_word' id='word_1_177' title='bbox 2550 1227 2771 1297; x_wconf 75' lang='grc' dir='ltr'>νόμους,</span> <span class='ocrx_word' id='word_1_178' title='bbox 2808 1228 2937 1292; x_wconf 76' lang='grc' dir='ltr'>τοὺς</span> <span class='ocrx_word' id='word_1_179' title='bbox 2976 1229 3453 1298; x_wconf 76' lang='grc' dir='ltr'>ὑποτεταγμένους</span> <span class='ocrx_word' id='word_1_180' title='bbox 3482 1230 3618 1295; x_wconf 78' lang='grc' dir='ltr'>τῷδε</span> <span class='ocrx_word' id='word_1_181' title='bbox 3661 1229 3828 1299; x_wconf 78' lang='grc' dir='ltr'>ἡμῶν</span> 
     </span>
    </p>
   </div>
   <div class='ocr_carea' id='block_1_28' title="bbox 2229 1315 3829 1392">
    <p class='ocr_par' dir='ltr' id='par_1_28' title="bbox 2229 1315 3829 1392">
     <span class='ocr_line' id='line_1_28' title="bbox 2229 1315 3829 1392; baseline 0.006 -25"><span class='ocrx_word' id='word_1_182' title='bbox 2229 1315 2309 1385; x_wconf 82' lang='grc' dir='ltr'>τῷ</span> <span class='ocrx_word' id='word_1_183' title='bbox 2366 1315 2495 1387; x_wconf 79' lang='grc' dir='ltr'>θείῳ</span> <span class='ocrx_word' id='word_1_184' title='bbox 2546 1318 2849 1391; x_wconf 83' lang='grc' dir='ltr'>Ἐγκυκλίῳ</span> <span class='ocrx_word' id='word_1_185' title='bbox 2896 1321 2944 1373; x_wconf 83' lang='grc' dir='ltr'><strong>εί</strong></span> <span class='ocrx_word' id='word_1_186' title='bbox 3009 1321 3109 1389; x_wconf 74' lang='grc' dir='ltr'>μὲν</span> <span class='ocrx_word' id='word_1_187' title='bbox 3140 1321 3428 1374; x_wconf 82' lang='grc' dir='ltr'>ἐπίσκοποι</span> <span class='ocrx_word' id='word_1_188' title='bbox 3478 1320 3511 1392; x_wconf 84' lang='grc' dir='ltr'>ἢ</span> <span class='ocrx_word' id='word_1_189' title='bbox 3561 1321 3829 1392; x_wconf 77' lang='grc' dir='ltr'>κληρικοὶ</span> 
     </span>
    </p>
   </div>
   <div class='ocr_carea' id='block_1_29' title="bbox 2239 1405 3829 1483">
    <p class='ocr_par' dir='ltr' id='par_1_29' title="bbox 2239 1405 3829 1483">
     <span class='ocr_line' id='line_1_29' title="bbox 2239 1405 3829 1483; baseline 0.005 -24"><span class='ocrx_word' id='word_1_190' title='bbox 2239 1405 2348 1460; x_wconf 75' lang='grc' dir='ltr'>εἷεν</span> <span class='ocrx_word' id='word_1_191' title='bbox 2379 1409 2797 1479; x_wconf 73' lang='grc' dir='ltr'>καθαιρεῖσθαι·</span> <span class='ocrx_word' id='word_1_192' title='bbox 2851 1412 2900 1464; x_wconf 88' lang='grc' dir='ltr'><strong>εί</strong></span> <span class='ocrx_word' id='word_1_193' title='bbox 2951 1412 3006 1464; x_wconf 74' lang='grc' dir='ltr'>δὲ</span> <span class='ocrx_word' id='word_1_194' title='bbox 3049 1412 3377 1482; x_wconf 79' lang='grc' dir='ltr'>μονάζοντες</span> <span class='ocrx_word' id='word_1_195' title='bbox 3414 1412 3447 1483; x_wconf 78' lang='grc' dir='ltr'><strong>ἢ</strong></span> <span class='ocrx_word' id='word_1_196' title='bbox 3493 1413 3699 1479; x_wconf 70' lang='grc' dir='ltr'>λαῖκοὶ,</span> <span class='ocrx_word' id='word_1_197' title='bbox 3733 1414 3829 1482; x_wconf 72' lang='grc' dir='ltr'><strong>ἐξ·</strong></span> 
     </span>
    </p>
   </div>
   <div class='ocr_carea' id='block_1_30' title="bbox 2227 1496 3818 1573">
    <p class='ocr_par' dir='ltr' id='par_1_30' title="bbox 2227 1496 3818 1573">
     <span class='ocr_line' id='line_1_30' title="bbox 2227 1496 3818 1573; baseline 0.005 -24"><span class='ocrx_word' id='word_1_198' title='bbox 2227 1496 2353 1569; x_wconf 72' lang='grc' dir='ltr'>ορίᾳ</span> <span class='ocrx_word' id='word_1_199' title='bbox 2391 1499 2484 1551; x_wconf 70' lang='grc' dir='ltr'><strong>καὶ</strong></span> <span class='ocrx_word' id='word_1_200' title='bbox 2514 1498 2779 1569; x_wconf 82' lang='grc' dir='ltr'>δημεύσει</span> <span class='ocrx_word' id='word_1_201' title='bbox 2810 1503 3037 1571; x_wconf 71' lang='grc' dir='ltr'>παντοία</span> <span class='ocrx_word' id='word_1_202' title='bbox 3071 1502 3166 1555; x_wconf 71' lang='grc' dir='ltr'>καὶ</span> <span class='ocrx_word' id='word_1_203' title='bbox 3194 1505 3305 1565; x_wconf 87' lang='grc' dir='ltr'>τοῖς</span> <span class='ocrx_word' id='word_1_204' title='bbox 3332 1503 3585 1573; x_wconf 78' lang='grc' dir='ltr'>ἐσχάτοις</span> <span class='ocrx_word' id='word_1_205' title='bbox 3611 1502 3818 1557; x_wconf 78' lang='grc' dir='ltr'>ὑποπί-</span> 
     </span>
    </p>
   </div>
   <div class='ocr_carea' id='block_1_31' title="bbox 2230 1590 3826 1665">
    <p class='ocr_par' dir='ltr' id='par_1_31' title="bbox 2230 1590 3826 1665">
     <span class='ocr_line' id='line_1_31' title="bbox 2230 1590 3826 1665; baseline 0.005 -25"><span class='ocrx_word' id='word_1_206' title='bbox 2230 1605 2386 1642; x_wconf 82' lang='grc' dir='ltr'>πτειν</span> <span class='ocrx_word' id='word_1_207' title='bbox 2413 1590 2731 1660; x_wconf 80' lang='grc' dir='ltr'>ὲπιτιμίοις.</span> <span class='ocrx_word' id='word_1_208' title='bbox 2770 1591 2926 1645; x_wconf 71' lang='grc' dir='ltr'>Οὕτω</span> <span class='ocrx_word' id='word_1_209' title='bbox 2956 1593 3064 1663; x_wconf 89' lang='grc' dir='ltr'><strong>γὰρ</strong></span> <span class='ocrx_word' id='word_1_210' title='bbox 3104 1593 3189 1645; x_wconf 81' lang='grc' dir='ltr'>ἀεί</span> <span class='ocrx_word' id='word_1_211' title='bbox 3213 1610 3342 1647; x_wconf 82' lang='grc' dir='ltr'>ποτε</span> <span class='ocrx_word' id='word_1_212' title='bbox 3379 1593 3532 1665; x_wconf 77' lang='grc' dir='ltr'>παρὰ</span> <span class='ocrx_word' id='word_1_213' title='bbox 3552 1594 3653 1664; x_wconf 82' lang='grc' dir='ltr'>τῆς</span> <span class='ocrx_word' id='word_1_214' title='bbox 3683 1593 3826 1665; x_wconf 74' lang='grc' dir='ltr'>ἢμε-</span> 
     </span>
    </p>
   </div>
   <div class='ocr_carea' id='block_1_32' title="bbox 2227 1679 3822 1755">
    <p class='ocr_par' dir='ltr' id='par_1_32' title="bbox 2227 1679 3822 1755">
     <span class='ocr_line' id='line_1_32' title="bbox 2227 1679 3822 1755; baseline 0.003 -23"><span class='ocrx_word' id='word_1_215' title='bbox 2227 1679 2391 1747; x_wconf 85' lang='grc' dir='ltr'>τέρας</span> <span class='ocrx_word' id='word_1_216' title='bbox 2426 1681 2709 1747; x_wconf 74' lang='grc' dir='ltr'>εὐσεϐείας</span> <span class='ocrx_word' id='word_1_217' title='bbox 2739 1685 3193 1753; x_wconf 78' lang='grc' dir='ltr'>προσκυνουμένη</span> <span class='ocrx_word' id='word_1_218' title='bbox 3226 1684 3358 1753; x_wconf 81' lang='grc' dir='ltr'>ἁγία</span> <span class='ocrx_word' id='word_1_219' title='bbox 3384 1687 3478 1737; x_wconf 66' lang='grc' dir='ltr'><strong>καὶ</strong></span> <span class='ocrx_word' id='word_1_220' title='bbox 3503 1683 3822 1755; x_wconf 76' lang='grc' dir='ltr'>δμοούσιος,</span> 
     </span>
    </p>
   </div>
   <div class='ocr_carea' id='block_1_33' title="bbox 2228 1772 3827 1845">
    <p class='ocr_par' dir='ltr' id='par_1_33' title="bbox 2228 1772 3827 1845">
     <span class='ocr_line' id='line_1_33' title="bbox 2228 1772 3827 1845; baseline 0.001 -19"><span class='ocrx_word' id='word_1_221' title='bbox 2228 1772 2566 1844; x_wconf 86' lang='grc' dir='ltr'>δημιουργός</span> <span class='ocrx_word' id='word_1_222' title='bbox 2596 1790 2653 1826; x_wconf 88' lang='grc' dir='ltr'><strong>τε</strong></span> <span class='ocrx_word' id='word_1_223' title='bbox 2685 1775 2779 1827; x_wconf 71' lang='grc' dir='ltr'><strong>καὶ</strong></span> <span class='ocrx_word' id='word_1_224' title='bbox 2807 1773 3073 1837; x_wconf 74' lang='grc' dir='ltr'>ζωοποιὸς</span> <span class='ocrx_word' id='word_1_225' title='bbox 3113 1774 3221 1827; x_wconf 82' lang='grc' dir='ltr'><strong>τῶν</strong></span> <span class='ocrx_word' id='word_1_226' title='bbox 3250 1774 3388 1827; x_wconf 76' lang='grc' dir='ltr'>ὅλων</span> <span class='ocrx_word' id='word_1_227' title='bbox 3432 1774 3628 1845; x_wconf 68' lang='grc' dir='ltr'>Τριὰς,</span> <span class='ocrx_word' id='word_1_228' title='bbox 3662 1773 3827 1845; x_wconf 84' lang='grc' dir='ltr'>θερα-</span> 
     </span>
    </p>
   </div>
   <div class='ocr_carea' id='block_1_34' title="bbox 533 1860 2124 1938">
    <p class='ocr_par' dir='ltr' id='par_1_34' title="bbox 533 1860 2124 1937">
     <span class='ocr_line' id='line_1_34' title="bbox 533 1860 2124 1937; baseline -0.006 -13"><span class='ocrx_word' id='word_1_229' title='bbox 533 1868 672 1924; x_wconf 89' lang='lat' dir='ltr'><strong>tioni</strong></span> <span class='ocrx_word' id='word_1_230' title='bbox 689 1877 745 1924; x_wconf 92' lang='lat' dir='ltr'><strong>ct</strong></span> <span class='ocrx_word' id='word_1_231' title='bbox 763 1866 1026 1923; x_wconf 76' lang='lat' dir='ltr'><strong>extremis</strong></span> <span class='ocrx_word' id='word_1_232' title='bbox 1057 1864 1239 1937; x_wconf 76' lang='lat' dir='ltr'><strong>pmnis</strong></span> <span class='ocrx_word' id='word_1_233' title='bbox 1263 1863 1568 1935; x_wconf 68' lang='lat' dir='ltr'><strong>subiacere.</strong></span> <span class='ocrx_word' id='word_1_234' title='bbox 1585 1862 1662 1915; x_wconf 81' lang='lat' dir='ltr'><strong>Ita</strong></span> <span class='ocrx_word' id='word_1_235' title='bbox 1692 1860 1840 1915; x_wconf 91' lang='lat' dir='ltr'><strong>enim</strong></span> <span class='ocrx_word' id='word_1_236' title='bbox 1867 1867 2054 1915; x_wconf 85' lang='lat' dir='ltr'><strong>sancta</strong></span> <span class='ocrx_word' id='word_1_237' title='bbox 2071 1868 2124 1915; x_wconf 89' lang='lat' dir='ltr'><strong>et</strong></span> 
     </span>
    </p>
   </div>
   <div class='ocr_carea' id='block_1_35' title="bbox 2227 1860 3826 1938">
    <p class='ocr_par' dir='ltr' id='par_1_35' title="bbox 2237 1864 3826 1938">
     <span class='ocr_line' id='line_1_35' title="bbox 2237 1864 3826 1938; baseline 0.002 -22"><span class='ocrx_word' id='word_1_238' title='bbox 2237 1864 2501 1917; x_wconf 83' lang='grc' dir='ltr'>πευθεῖσα</span> <span class='ocrx_word' id='word_1_239' title='bbox 2529 1868 2621 1919; x_wconf 69' lang='grc' dir='ltr'><strong>καὶ</strong></span> <span class='ocrx_word' id='word_1_240' title='bbox 2645 1869 2742 1919; x_wconf 81' lang='grc' dir='ltr'>νῦν</span> <span class='ocrx_word' id='word_1_241' title='bbox 2774 1868 2901 1936; x_wconf 79' lang='grc' dir='ltr'>παρ’</span> <span class='ocrx_word' id='word_1_242' title='bbox 2931 1865 3089 1938; x_wconf 79' lang='grc' dir='ltr'>ἡμῶν</span> <span class='ocrx_word' id='word_1_243' title='bbox 3120 1867 3207 1920; x_wconf 72' lang='grc' dir='ltr'>διὰ</span> <span class='ocrx_word' id='word_1_244' title='bbox 3224 1870 3322 1937; x_wconf 83' lang='grc' dir='ltr'>τῆς</span> <span class='ocrx_word' id='word_1_245' title='bbox 3355 1866 3694 1935; x_wconf 84' lang='grc' dir='ltr'>ἀναιρέσεως</span> <span class='ocrx_word' id='word_1_246' title='bbox 3718 1865 3826 1935; x_wconf 69' lang='grc' dir='ltr'>μὲν</span> 
     </span>
    </p>
   </div>
   <div class='ocr_carea' id='block_1_36' title="bbox 531 1951 2124 2029">
    <p class='ocr_par' dir='ltr' id='par_1_36' title="bbox 531 1951 2124 2020">
     <span class='ocr_line' id='line_1_36' title="bbox 531 1951 2124 2020; baseline -0.006 -4"><span class='ocrx_word' id='word_1_247' title='bbox 531 1958 1025 2016; x_wconf 82' lang='lat' dir='ltr'><strong>consubstantialis</strong></span> <span class='ocrx_word' id='word_1_248' title='bbox 1086 1955 1353 2020; x_wconf 83' lang='lat' dir='ltr'><strong>Trinitas,</strong></span> <span class='ocrx_word' id='word_1_249' title='bbox 1415 1954 1665 2007; x_wconf 90' lang='lat' dir='ltr'><strong>omnium</strong></span> <span class='ocrx_word' id='word_1_250' title='bbox 1738 1951 2013 2007; x_wconf 83' lang='lat' dir='ltr'><strong>conditrix</strong></span> <span class='ocrx_word' id='word_1_251' title='bbox 2065 1965 2124 2006; x_wconf 89' lang='lat' dir='ltr'><strong>ac</strong></span> 
     </span>
    </p>
   </div>
   <div class='ocr_carea' id='block_1_37' title="bbox 2227 1951 3824 2029">
    <p class='ocr_par' dir='ltr' id='par_1_37' title="bbox 2233 1957 3824 2029">
     <span class='ocr_line' id='line_1_37' title="bbox 2233 1957 3824 2029; baseline 0.001 -18"><span class='ocrx_word' id='word_1_252' title='bbox 2233 1958 2341 2011; x_wconf 85' lang='grc' dir='ltr'><strong>τῶν</strong></span> <span class='ocrx_word' id='word_1_253' title='bbox 2386 1960 2870 2029; x_wconf 85' lang='grc' dir='ltr'>μνημονευθέντων</span> <span class='ocrx_word' id='word_1_254' title='bbox 2917 1959 3193 2025; x_wconf 76' lang='grc' dir='ltr'>ζιζανίων,</span> <span class='ocrx_word' id='word_1_255' title='bbox 3231 1958 3580 2029; x_wconf 77' lang='grc' dir='ltr'>βεϐαιώσεως</span> <span class='ocrx_word' id='word_1_256' title='bbox 3623 1958 3680 2012; x_wconf 77' lang='grc' dir='ltr'>δὲ</span> <span class='ocrx_word' id='word_1_257' title='bbox 3709 1957 3824 2012; x_wconf 80' lang='grc' dir='ltr'>τῶν</span> 
     </span>
    </p>
   </div>
   <div class='ocr_carea' id='block_1_38' title="bbox 532 2043 2124 2120">
    <p class='ocr_par' dir='ltr' id='par_1_38' title="bbox 532 2043 2124 2120">
     <span class='ocr_line' id='line_1_38' title="bbox 532 2043 2124 2120; baseline -0.005 -14"><span class='ocrx_word' id='word_1_258' title='bbox 532 2051 1032 2120; x_wconf 71' lang='lat' dir='ltr'><strong>viviﬁcatri1,qu:e</strong></span> <span class='ocrx_word' id='word_1_259' title='bbox 1059 2065 1087 2103; x_wconf 91' lang='lat' dir='ltr'><strong>a</strong></span> <span class='ocrx_word' id='word_1_260' title='bbox 1109 2048 1314 2119; x_wconf 86' lang='lat' dir='ltr'><strong>pietate</strong></span> <span class='ocrx_word' id='word_1_261' title='bbox 1343 2054 1532 2101; x_wconf 87' lang='lat' dir='ltr'><strong>nostra</strong></span> <span class='ocrx_word' id='word_1_262' title='bbox 1547 2053 1817 2116; x_wconf 88' lang='lat' dir='ltr'><strong>perpetuo</strong></span> <span class='ocrx_word' id='word_1_263' title='bbox 1844 2043 2124 2109; x_wconf 88' lang='lat' dir='ltr'><strong>adoratur,</strong></span> 
     </span>
    </p>
   </div>
   <div class='ocr_carea' id='block_1_39' title="bbox 2227 2043 3826 2120">
    <p class='ocr_par' dir='ltr' id='par_1_39' title="bbox 2229 2046 3826 2118">
     <span class='ocr_line' id='line_1_39' title="bbox 2229 2046 3826 2118; baseline 0.002 -20"><span class='ocrx_word' id='word_1_264' title='bbox 2229 2046 2408 2117; x_wconf 80' lang='grc' dir='ltr'>ὀρθῶν</span> <span class='ocrx_word' id='word_1_265' title='bbox 2448 2050 2541 2101; x_wconf 72' lang='grc' dir='ltr'>καὶ</span> <span class='ocrx_word' id='word_1_266' title='bbox 2587 2049 2964 2102; x_wconf 81' lang='grc' dir='ltr'>ἀποστολιχῶν</span> <span class='ocrx_word' id='word_1_267' title='bbox 2995 2048 3087 2102; x_wconf 77' lang='grc' dir='ltr'>τοῦ</span> <span class='ocrx_word' id='word_1_268' title='bbox 3127 2050 3283 2116; x_wconf 78' lang='grc' dir='ltr'>ἁγίου</span> <span class='ocrx_word' id='word_1_269' title='bbox 3315 2049 3597 2118; x_wconf 78' lang='grc' dir='ltr'>Συμὸόλου</span> <span class='ocrx_word' id='word_1_270' title='bbox 3645 2065 3826 2118; x_wconf 83' lang='grc' dir='ltr'>παρα-</span> 
     </span>
    </p>
   </div>
   <div class='ocr_carea' id='block_1_40' title="bbox 530 2136 2124 2214">
    <p class='ocr_par' dir='ltr' id='par_1_40' title="bbox 530 2137 2124 2214">
     <span class='ocr_line' id='line_1_40' title="bbox 530 2137 2124 2214; baseline -0.004 -15"><span class='ocrx_word' id='word_1_271' title='bbox 530 2158 684 2199; x_wconf 73' lang='lat' dir='ltr'><strong>nunc</strong></span> <span class='ocrx_word' id='word_1_272' title='bbox 737 2157 960 2214; x_wconf 89' lang='lat' dir='ltr'><strong>quoque</strong></span> <span class='ocrx_word' id='word_1_273' title='bbox 1032 2150 1143 2196; x_wconf 91' lang='lat' dir='ltr'><strong>tam</strong></span> <span class='ocrx_word' id='word_1_274' title='bbox 1196 2154 1297 2214; x_wconf 89' lang='lat' dir='ltr'><strong>per</strong></span> <span class='ocrx_word' id='word_1_275' title='bbox 1364 2137 1721 2192; x_wconf 83' lang='lat' dir='ltr'><strong>abolitionem</strong></span> <span class='ocrx_word' id='word_1_276' title='bbox 1767 2152 1961 2192; x_wconf 88' lang='lat' dir='ltr'><strong>eorum</strong></span> <span class='ocrx_word' id='word_1_277' title='bbox 2005 2151 2124 2206; x_wconf 77' lang='lat' dir='ltr'><strong>quze</strong></span> 
     </span>
    </p>
   </div>
   <div class='ocr_carea' id='block_1_41' title="bbox 2227 2136 3822 2214">
    <p class='ocr_par' dir='ltr' id='par_1_41' title="bbox 2227 2136 3822 2211">
     <span class='ocr_line' id='line_1_41' title="bbox 2227 2136 3822 2211; baseline 0.001 -21"><span class='ocrx_word' id='word_1_278' title='bbox 2227 2136 2450 2200; x_wconf 78' lang='grc' dir='ltr'>δόσεων,</span> <span class='ocrx_word' id='word_1_279' title='bbox 2474 2138 2634 2201; x_wconf 83' lang='grc' dir='ltr'>ἵλεως</span> <span class='ocrx_word' id='word_1_280' title='bbox 2667 2140 2761 2191; x_wconf 75' lang='grc' dir='ltr'><strong>καὶ</strong></span> <span class='ocrx_word' id='word_1_281' title='bbox 2786 2138 3023 2211; x_wconf 79' lang='grc' dir='ltr'>εὐμενὴς</span> <span class='ocrx_word' id='word_1_282' title='bbox 3051 2139 3343 2210; x_wconf 81' lang='grc' dir='ltr'>γενομένη,</span> <span class='ocrx_word' id='word_1_283' title='bbox 3376 2142 3494 2202; x_wconf 86' lang='grc' dir='ltr'>ταῖς</span> <span class='ocrx_word' id='word_1_284' title='bbox 3516 2156 3575 2192; x_wconf 85' lang='grc' dir='ltr'><strong>τε</strong></span> <span class='ocrx_word' id='word_1_285' title='bbox 3610 2139 3822 2210; x_wconf 78' lang='grc' dir='ltr'>ἡμετέ-</span> 
     </span>
    </p>
   </div>
   <div class='ocr_carea' id='block_1_42' title="bbox 532 2228 2124 2307">
    <p class='ocr_par' dir='ltr' id='par_1_42' title="bbox 532 2228 2124 2307">
     <span class='ocr_line' id='line_1_42' title="bbox 532 2228 2124 2307; baseline -0.006 -16"><span class='ocrx_word' id='word_1_286' title='bbox 532 2251 704 2307; x_wconf 88' lang='lat' dir='ltr'><strong>supra</strong></span> <span class='ocrx_word' id='word_1_287' title='bbox 733 2235 975 2290; x_wconf 78' lang='lat' dir='ltr'><strong>diximus</strong></span> <span class='ocrx_word' id='word_1_288' title='bbox 993 2231 1357 2293; x_wconf 81' lang='lat' dir='ltr'><strong>zizaniorum,</strong></span> <span class='ocrx_word' id='word_1_289' title='bbox 1402 2243 1567 2299; x_wconf 84' lang='lat' dir='ltr'><strong>quam</strong></span> <span class='ocrx_word' id='word_1_290' title='bbox 1615 2240 1715 2299; x_wconf 86' lang='lat' dir='ltr'><strong>per</strong></span> <span class='ocrx_word' id='word_1_291' title='bbox 1748 2228 2124 2283; x_wconf 71' lang='lat' dir='ltr'><strong>confirmatio-</strong></span> 
     </span>
    </p>
   </div>
   <div class='ocr_carea' id='block_1_43' title="bbox 2227 2228 3820 2307">
    <p class='ocr_par' dir='ltr' id='par_1_43' title="bbox 2234 2228 3820 2302">
     <span class='ocr_line' id='line_1_43' title="bbox 2234 2228 3820 2302; baseline 0.002 -23"><span class='ocrx_word' id='word_1_292' title='bbox 2234 2244 2352 2299; x_wconf 86' lang='grc' dir='ltr'>ραις</span> <span class='ocrx_word' id='word_1_293' title='bbox 2383 2228 2586 2298; x_wconf 77' lang='grc' dir='ltr'>ψυχαῖς</span> <span class='ocrx_word' id='word_1_294' title='bbox 2616 2231 2707 2282; x_wconf 78' lang='grc' dir='ltr'>καὶ</span> <span class='ocrx_word' id='word_1_295' title='bbox 2729 2229 2806 2300; x_wconf 82' lang='grc' dir='ltr'><strong>τῷ</strong></span> <span class='ocrx_word' id='word_1_296' title='bbox 2831 2231 3059 2302; x_wconf 81' lang='grc' dir='ltr'>ὑπηκόῳ</span> <span class='ocrx_word' id='word_1_297' title='bbox 3085 2232 3269 2295; x_wconf 71' lang='grc' dir='ltr'>παντὶ,</span> <span class='ocrx_word' id='word_1_298' title='bbox 3294 2231 3446 2285; x_wconf 68' lang='grc' dir='ltr'>ἔσται</span> <span class='ocrx_word' id='word_1_299' title='bbox 3486 2229 3575 2283; x_wconf 76' lang='grc' dir='ltr'>διὰ</span> <span class='ocrx_word' id='word_1_300' title='bbox 3609 2229 3820 2292; x_wconf 78' lang='grc' dir='ltr'>παντὸς</span> 
     </span>
    </p>
   </div>
   <div class='ocr_carea' id='block_1_44' title="bbox 531 2317 2124 2397">
    <p class='ocr_par' dir='ltr' id='par_1_44' title="bbox 531 2318 2124 2397">
     <span class='ocr_line' id='line_1_44' title="bbox 531 2318 2124 2397; baseline -0.007 -13"><span class='ocrx_word' id='word_1_301' title='bbox 531 2342 663 2384; x_wconf 89' lang='lat' dir='ltr'><strong>nem</strong></span> <span class='ocrx_word' id='word_1_302' title='bbox 716 2334 992 2383; x_wconf 84' lang='lat' dir='ltr'><strong>rectarum</strong></span> <span class='ocrx_word' id='word_1_303' title='bbox 1066 2331 1125 2380; x_wconf 90' lang='lat' dir='ltr'><strong>et</strong></span> <span class='ocrx_word' id='word_1_304' title='bbox 1176 2323 1602 2394; x_wconf 90' lang='lat' dir='ltr'><strong>apostolicarum</strong></span> <span class='ocrx_word' id='word_1_305' title='bbox 1671 2318 2124 2397; x_wconf 77' lang='lat' dir='ltr'><strong>sanctiSymboli</strong></span> 
     </span>
    </p>
   </div>
   <div class='ocr_carea' id='block_1_45' title="bbox 2227 2317 3820 2397">
    <p class='ocr_par' dir='ltr' id='par_1_45' title="bbox 2230 2317 3820 2394">
     <span class='ocr_line' id='line_1_45' title="bbox 2230 2317 3820 2394; baseline 0.001 -22"><span class='ocrx_word' id='word_1_306' title='bbox 2230 2317 2606 2373; x_wconf 73' lang='grc' dir='ltr'>συνδιοικοῦσα</span> <span class='ocrx_word' id='word_1_307' title='bbox 2628 2321 2672 2353; x_wconf 75' lang='grc'>⁸⁷</span> <span class='ocrx_word' id='word_1_308' title='bbox 2705 2323 2842 2391; x_wconf 81' lang='grc' dir='ltr'>ἡμῖν</span> <span class='ocrx_word' id='word_1_309' title='bbox 2868 2323 2963 2374; x_wconf 81' lang='grc' dir='ltr'>καὶ</span> <span class='ocrx_word' id='word_1_310' title='bbox 2992 2322 3352 2394; x_wconf 79' lang='grc' dir='ltr'>εἰρηνεύουσα</span> <span class='ocrx_word' id='word_1_311' title='bbox 3375 2322 3444 2374; x_wconf 82' lang='grc' dir='ltr'>τὰ</span> <span class='ocrx_word' id='word_1_312' title='bbox 3472 2320 3820 2391; x_wconf 78' lang='grc' dir='ltr'>ἀνθρώπινα.</span> 
     </span>
    </p>
   </div>
   <div class='ocr_carea' id='block_1_46' title="bbox 533 2412 3826 2487">
    <p class='ocr_par' dir='ltr' id='par_1_46' title="bbox 533 2412 3826 2487">
     <span class='ocr_line' id='line_1_46' title="bbox 533 2412 3826 2487; baseline -0.002 -11"><span class='ocrx_word' id='word_1_313' title='bbox 533 2421 916 2487; x_wconf 89' lang='lat' dir='ltr'><strong>traditionum,</strong></span> <span class='ocrx_word' id='word_1_314' title='bbox 983 2434 1014 2473; x_wconf 92' lang='lat' dir='ltr'><strong>a</strong></span> <span class='ocrx_word' id='word_1_315' title='bbox 1067 2416 1231 2472; x_wconf 88' lang='lat' dir='ltr'><strong>nobis</strong></span> <span class='ocrx_word' id='word_1_316' title='bbox 1276 2416 1447 2480; x_wconf 84' lang='lat' dir='ltr'><strong>culta,</strong></span> <span class='ocrx_word' id='word_1_317' title='bbox 1507 2412 1798 2469; x_wconf 87' lang='lat' dir='ltr'><strong>animabus</strong></span> <span class='ocrx_word' id='word_1_318' title='bbox 1852 2412 2059 2467; x_wconf 87' lang='lat' dir='ltr'><strong>nostris</strong></span> <span class='ocrx_word' id='word_1_319' title='bbox 2097 2421 2154 2467; x_wconf 91' lang='lat' dir='ltr'><strong>et</strong></span> <span class='ocrx_word' id='word_1_320' title='bbox 2220 2412 2459 2468; x_wconf 85' lang='lat' dir='ltr'><strong>subditis</strong></span> <span class='ocrx_word' id='word_1_321' title='bbox 2512 2413 2773 2469; x_wconf 88' lang='lat' dir='ltr'><strong>omnibus</strong></span> <span class='ocrx_word' id='word_1_322' title='bbox 2830 2416 3068 2486; x_wconf 84' lang='lat' dir='ltr'><strong>propitia</strong></span> <span class='ocrx_word' id='word_1_323' title='bbox 3130 2431 3194 2472; x_wconf 88' lang='lat' dir='ltr'><strong>ac</strong></span> <span class='ocrx_word' id='word_1_324' title='bbox 3250 2415 3485 2485; x_wconf 86' lang='lat' dir='ltr'><strong>benigna</strong></span> <span class='ocrx_word' id='word_1_325' title='bbox 3552 2412 3826 2485; x_wconf 79' lang='lat' dir='ltr'><strong>deinceps</strong></span> 
     </span>
    </p>
   </div>
   <div class='ocr_carea' id='block_1_47' title="bbox 529 2503 3064 2579">
    <p class='ocr_par' dir='ltr' id='par_1_47' title="bbox 529 2503 3064 2579">
     <span class='ocr_line' id='line_1_47' title="bbox 529 2503 3064 2579; baseline -0.004 -7"><span class='ocrx_word' id='word_1_326' title='bbox 529 2513 719 2572; x_wconf 79' lang='lat' dir='ltr'><strong>futura</strong></span> <span class='ocrx_word' id='word_1_327' title='bbox 751 2519 855 2579; x_wconf 89' lang='lat' dir='ltr'><strong>est,</strong></span> <span class='ocrx_word' id='word_1_328' title='bbox 895 2519 951 2567; x_wconf 90' lang='lat' dir='ltr'><strong>et</strong></span> <span class='ocrx_word' id='word_1_329' title='bbox 997 2524 1085 2565; x_wconf 88' lang='lat' dir='ltr'><strong>res</strong></span> <span class='ocrx_word' id='word_1_330' title='bbox 1129 2509 1399 2563; x_wconf 87' lang='lat' dir='ltr'><strong>humanas</strong></span> <span class='ocrx_word' id='word_1_331' title='bbox 1447 2505 1733 2562; x_wconf 86' lang='lat' dir='ltr'><strong>nobiscum</strong></span> <span class='ocrx_word' id='word_1_332' title='bbox 1775 2503 2111 2576; x_wconf 74' lang='lat' dir='ltr'><strong>gubernans,</strong></span> <span class='ocrx_word' id='word_1_333' title='bbox 2153 2513 2375 2575; x_wconf 87' lang='lat' dir='ltr'><strong>pacatas</strong></span> <span class='ocrx_word' id='word_1_334' title='bbox 2397 2520 2460 2562; x_wconf 89' lang='lat' dir='ltr'><strong>ac</strong></span> <span class='ocrx_word' id='word_1_335' title='bbox 2489 2508 2813 2577; x_wconf 90' lang='lat' dir='ltr'><strong>tranquillas</strong></span> <span class='ocrx_word' id='word_1_336' title='bbox 2843 2507 3064 2563; x_wconf 79' lang='lat' dir='ltr'><strong>eﬂiciet.</strong></span> 
     </span>
    </p>
   </div>
   <div class='ocr_carea' id='block_1_48' title="bbox 1093 2619 2124 2694">
    <p class='ocr_par' dir='ltr' id='par_1_48' title="bbox 1093 2620 1548 2694">
     <span class='ocr_line' id='line_1_48' title="bbox 1093 2620 1548 2694; baseline -0.009 -16"><span class='ocrx_word' id='word_1_337' title='bbox 1093 2622 1261 2694; x_wconf 77' lang='lat'><strong>333</strong></span> <span class='ocrx_word' id='word_1_338' title='bbox 1296 2620 1449 2678; x_wconf 80' lang='lat' dir='ltr'><strong>CAP.</strong></span> <span class='ocrx_word' id='word_1_339' title='bbox 1484 2620 1548 2676; x_wconf 77' lang='grc' dir='ltr'>ν.</span> 
     </span>
    </p>
   </div>
   <div class='ocr_carea' id='block_1_49' title="bbox 2227 2619 3206 2694">
    <p class='ocr_par' dir='ltr' id='par_1_49' title="bbox 2844 2619 3206 2674">
     <span class='ocr_line' id='line_1_49' title="bbox 2844 2619 3206 2674; baseline 0.003 -1"><span class='ocrx_word' id='word_1_340' title='bbox 2844 2619 3096 2674; x_wconf 78' lang='grc' dir='ltr'><strong>ΚΕΦΔΔ.</strong></span> <span class='ocrx_word' id='word_1_341' title='bbox 3129 2620 3206 2674; x_wconf 83' lang='lat' dir='ltr'><strong>E&#39;.</strong></span> 
     </span>
    </p>
   </div>
   <div class='ocr_carea' id='block_1_50' title="bbox 520 2707 2124 2793">
    <p class='ocr_par' dir='ltr' id='par_1_50' title="bbox 520 2711 2123 2793">
     <span class='ocr_line' id='line_1_50' title="bbox 520 2711 2123 2793; baseline -0.011 -13"><span class='ocrx_word' id='word_1_342' title='bbox 520 2723 612 2780; x_wconf 44' lang='lat' dir='ltr'><strong>‘De</strong></span> <span class='ocrx_word' id='word_1_343' title='bbox 648 2724 712 2777; x_wconf 73' lang='lat' dir='ltr'><strong>iis</strong></span> <span class='ocrx_word' id='word_1_344' title='bbox 750 2720 840 2793; x_wconf 86' lang='lat' dir='ltr'><strong>qui</strong></span> <span class='ocrx_word' id='word_1_345' title='bbox 895 2716 1171 2789; x_wconf 78' lang='lat' dir='ltr'><strong>encyclicis</strong></span> <span class='ocrx_word' id='word_1_346' title='bbox 1202 2714 1446 2793; x_wconf 65' lang='grc' dir='ltr'>βαεῖίξδςὶ</span> <span class='ocrx_word' id='word_1_347' title='bbox 1487 2711 1674 2766; x_wconf 78' lang='lat' dir='ltr'><strong>litteris</strong></span> <span class='ocrx_word' id='word_1_348' title='bbox 1720 2717 2123 2774; x_wconf 65' lang='lat' dir='ltr'><strong>consenserunt,</strong></span> 
     </span>
    </p>
   </div>
   <div class='ocr_carea' id='block_1_51' title="bbox 2227 2707 3820 2793">
    <p class='ocr_par' dir='ltr' id='par_1_51' title="bbox 2227 2707 3820 2793">
     <span class='ocr_line' id='line_1_51' title="bbox 2227 2707 3820 2793; baseline 0.003 -32"><span class='ocrx_word' id='word_1_349' title='bbox 2227 2707 2367 2777; x_wconf 78' lang='grc' dir='ltr'>Περὶ</span> <span class='ocrx_word' id='word_1_350' title='bbox 2404 2707 2523 2762; x_wconf 82' lang='grc' dir='ltr'><strong>τῶν</strong></span> <span class='ocrx_word' id='word_1_351' title='bbox 2572 2712 2967 2793; x_wconf 57' lang='grc' dir='ltr'>συηθειςένωνς</span> <span class='ocrx_word' id='word_1_352' title='bbox 3004 2711 3130 2793; x_wconf 52' lang='grc' dir='ltr'>τοὶς</span> <span class='ocrx_word' id='word_1_353' title='bbox 3177 2713 3522 2793; x_wconf 47' lang='lat' dir='ltr'><strong>{ramum</strong></span> <span class='ocrx_word' id='word_1_354' title='bbox 3563 2712 3820 2767; x_wconf 66' lang='grc' dir='ltr'>Βασιλι-</span> 
     </span>
    </p>
   </div>
   <div class='ocr_carea' id='block_1_52' title="bbox 984 2780 2124 2858">
    <p class='ocr_par' dir='ltr' id='par_1_52' title="bbox 984 2780 1666 2858">
     <span class='ocr_line' id='line_1_52' title="bbox 984 2780 1666 2858; baseline -0.006 -17"><span class='ocrx_word' id='word_1_355' title='bbox 984 2780 1034 2841; x_wconf 79' lang='grc' dir='ltr'>ἱι</span> <span class='ocrx_word' id='word_1_356' title='bbox 1058 2786 1318 2858; x_wconf 77' lang='lat' dir='ltr'><strong>synodum</strong></span> <span class='ocrx_word' id='word_1_357' title='bbox 1349 2785 1666 2855; x_wconf 74' lang='lat' dir='ltr'><strong>refecerunt.</strong></span> 
     </span>
    </p>
   </div>
   <div class='ocr_carea' id='block_1_53' title="bbox 2227 2780 3637 2858">
    <p class='ocr_par' dir='ltr' id='par_1_53' title="bbox 2397 2780 3637 2849">
     <span class='ocr_line' id='line_1_53' title="bbox 2397 2780 3637 2849; baseline 0.006 -17"><span class='ocrx_word' id='word_1_358' title='bbox 2397 2796 2579 2844; x_wconf 78' lang='grc' dir='ltr'>σκου,</span> <span class='ocrx_word' id='word_1_359' title='bbox 2605 2780 2703 2834; x_wconf 71' lang='grc' dir='ltr'>καὶ</span> <span class='ocrx_word' id='word_1_360' title='bbox 2742 2781 2855 2849; x_wconf 79' lang='grc' dir='ltr'><strong>τὴν</strong></span> <span class='ocrx_word' id='word_1_361' title='bbox 2890 2782 3161 2836; x_wconf 80' lang='grc' dir='ltr'>σύνοδον</span> <span class='ocrx_word' id='word_1_362' title='bbox 3188 2780 3637 2849; x_wconf 54' lang='lat' dir='ltr'><strong>diiunctis-rw.</strong></span> 
     </span>
    </p>
   </div>
   <div class='ocr_carea' id='block_1_54' title="bbox 594 2867 2124 2958">
    <p class='ocr_par' dir='ltr' id='par_1_54' title="bbox 594 2872 2122 2958">
     <span class='ocr_line' id='line_1_54' title="bbox 594 2872 2122 2958; baseline -0.013 -12"><span class='ocrx_word' id='word_1_363' title='bbox 594 2887 698 2946; x_wconf 71' lang='lat' dir='ltr'><strong>ﬂis</strong></span> <span class='ocrx_word' id='word_1_364' title='bbox 721 2883 1023 2958; x_wconf 82' lang='lat' dir='ltr'><strong>encyclicis</strong></span> <span class='ocrx_word' id='word_1_365' title='bbox 1052 2878 1278 2945; x_wconf 90' lang='lat' dir='ltr'><strong>litteris,</strong></span> <span class='ocrx_word' id='word_1_366' title='bbox 1319 2884 1380 2932; x_wconf 91' lang='lat' dir='ltr'><strong>ut</strong></span> <span class='ocrx_word' id='word_1_367' title='bbox 1416 2875 1611 2932; x_wconf 83' lang='lat' dir='ltr'><strong>scribit</strong></span> <span class='ocrx_word' id='word_1_368' title='bbox 1642 2873 1942 2928; x_wconf 77' lang='lat' dir='ltr'><strong>Zacharias</strong></span> <span class='ocrx_word' id='word_1_369' title='bbox 1973 2872 2122 2927; x_wconf 81' lang='lat' dir='ltr'><strong>Rhe-</strong></span> 
     </span>
    </p>
   </div>
   <div class='ocr_carea' id='block_1_55' title="bbox 2227 2867 3821 2958">
    <p class='ocr_par' dir='ltr' id='par_1_55' title="bbox 2307 2867 3821 2947">
     <span class='ocr_line' id='line_1_55' title="bbox 2307 2867 3821 2947; baseline 0.005 -24"><span class='ocrx_word' id='word_1_370' title='bbox 2307 2870 2396 2933; x_wconf 83' lang='grc' dir='ltr'>Ὠς</span> <span class='ocrx_word' id='word_1_371' title='bbox 2425 2872 2524 2941; x_wconf 81' lang='grc' dir='ltr'>μὲν</span> <span class='ocrx_word' id='word_1_372' title='bbox 2562 2867 2656 2927; x_wconf 82' lang='grc' dir='ltr'>οὖν</span> <span class='ocrx_word' id='word_1_373' title='bbox 2686 2874 2933 2947; x_wconf 74' lang='grc' dir='ltr'>Ζαχαρία</span> <span class='ocrx_word' id='word_1_374' title='bbox 2962 2873 3270 2945; x_wconf 83' lang='grc' dir='ltr'>γέγραπται</span> <span class='ocrx_word' id='word_1_375' title='bbox 3309 2874 3386 2945; x_wconf 80' lang='grc' dir='ltr'>τῷ</span> <span class='ocrx_word' id='word_1_376' title='bbox 3416 2874 3656 2947; x_wconf 79' lang='grc' dir='ltr'>Ῥήτορι,</span> <span class='ocrx_word' id='word_1_377' title='bbox 3681 2875 3821 2930; x_wconf 84' lang='grc' dir='ltr'>ταύ-</span> 
     </span>
    </p>
   </div>
   <div class='ocr_carea' id='block_1_56' title="bbox 529 2961 2124 3048">
    <p class='ocr_par' dir='ltr' id='par_1_56' title="bbox 529 2961 2117 3048">
     <span class='ocr_line' id='line_1_56' title="bbox 529 2961 2117 3048; baseline -0.013 -11"><span class='ocrx_word' id='word_1_378' title='bbox 529 2990 637 3048; x_wconf 85' lang='lat' dir='ltr'><strong>tor,</strong></span> <span class='ocrx_word' id='word_1_379' title='bbox 658 2976 1002 3034; x_wconf 74' lang='lat' dir='ltr'><strong>Timotheus</strong></span> <span class='ocrx_word' id='word_1_380' title='bbox 1040 2971 1136 3043; x_wconf 93' lang='lat' dir='ltr'><strong>qui</strong></span> <span class='ocrx_word' id='word_1_381' title='bbox 1172 2969 1337 3041; x_wconf 88' lang='lat' dir='ltr'><strong>paulo</strong></span> <span class='ocrx_word' id='word_1_382' title='bbox 1369 2976 1497 3021; x_wconf 88' lang='lat' dir='ltr'><strong>ante</strong></span> <span class='ocrx_word' id='word_1_383' title='bbox 1531 2978 1789 3021; x_wconf 78' lang='lat' dir='ltr'><strong>reversus</strong></span> <span class='ocrx_word' id='word_1_384' title='bbox 1810 2962 1888 3017; x_wconf 85' lang='lat' dir='ltr'><strong>ab</strong></span> <span class='ocrx_word' id='word_1_385' title='bbox 1919 2961 2117 3016; x_wconf 79' lang='lat' dir='ltr'><strong>exsilio</strong></span> 
     </span>
    </p>
   </div>
   <div class='ocr_carea' id='block_1_57' title="bbox 2227 2961 3820 3048">
    <p class='ocr_par' dir='ltr' id='par_1_57' title="bbox 2227 2966 3820 3048">
     <span class='ocr_line' id='line_1_57' title="bbox 2227 2966 3820 3048; baseline 0.005 -33"><span class='ocrx_word' id='word_1_386' title='bbox 2227 2979 2347 3027; x_wconf 83' lang='grc' dir='ltr'>ταις</span> <span class='ocrx_word' id='word_1_387' title='bbox 2377 2966 2495 3027; x_wconf 86' lang='grc' dir='ltr'>ταῖς</span> <span class='ocrx_word' id='word_1_388' title='bbox 2531 2966 2842 3034; x_wconf 77' lang='grc' dir='ltr'>ὲγκυκλίοις</span> <span class='ocrx_word' id='word_1_389' title='bbox 2894 2967 3187 3031; x_wconf 77' lang='grc' dir='ltr'>συλλαϐαῖς</span> <span class='ocrx_word' id='word_1_390' title='bbox 3219 2971 3523 3022; x_wconf 81' lang='grc' dir='ltr'>συντίθεται</span> <span class='ocrx_word' id='word_1_391' title='bbox 3561 2971 3590 3048; x_wconf 69' lang='grc' dir='ltr'><strong>ό</strong></span> <span class='ocrx_word' id='word_1_392' title='bbox 3642 2970 3820 3040; x_wconf 75' lang='grc' dir='ltr'>Τιμόο</span> 
     </span>
    </p>
   </div>
   <div class='ocr_carea' id='block_1_58' title="bbox 528 3046 2124 3137">
    <p class='ocr_par' dir='ltr' id='par_1_58' title="bbox 528 3046 2115 3137">
     <span class='ocr_line' id='line_1_58' title="bbox 528 3046 2115 3137; baseline -0.016 -6"><span class='ocrx_word' id='word_1_393' title='bbox 528 3046 732 3137; x_wconf 75' lang='lat' dir='ltr'><strong>fuerat,</strong></span> <span class='ocrx_word' id='word_1_394' title='bbox 750 3064 1069 3130; x_wconf 71' lang='lat' dir='ltr'><strong>consensit,</strong></span> <span class='ocrx_word' id='word_1_395' title='bbox 1111 3062 1312 3118; x_wconf 89' lang='lat' dir='ltr'><strong>Petrus</strong></span> <span class='ocrx_word' id='word_1_396' title='bbox 1344 3072 1563 3129; x_wconf 88' lang='lat' dir='ltr'><strong>quoque</strong></span> <span class='ocrx_word' id='word_1_397' title='bbox 1580 3061 1951 3127; x_wconf 88' lang='lat' dir='ltr'><strong>cognomento</strong></span> <span class='ocrx_word' id='word_1_398' title='bbox 1982 3052 2115 3107; x_wconf 84' lang='lat' dir='ltr'><strong>Ful-</strong></span> 
     </span>
    </p>
   </div>
   <div class='ocr_carea' id='block_1_59' title="bbox 2227 3046 3819 3137">
    <p class='ocr_par' dir='ltr' id='par_1_59' title="bbox 2227 3046 3819 3132">
     <span class='ocr_line' id='line_1_59' title="bbox 2227 3046 3819 3132; baseline 0.004 -24"><span class='ocrx_word' id='word_1_399' title='bbox 2227 3054 2366 3118; x_wconf 89' lang='grc' dir='ltr'>θεος,</span> <span class='ocrx_word' id='word_1_400' title='bbox 2396 3057 2520 3125; x_wconf 76' lang='grc' dir='ltr'>ἄρτι</span> <span class='ocrx_word' id='word_1_401' title='bbox 2546 3057 2646 3128; x_wconf 80' lang='grc' dir='ltr'><strong>τῆς</strong></span> <span class='ocrx_word' id='word_1_402' title='bbox 2680 3058 2998 3130; x_wconf 81' lang='grc' dir='ltr'>ὑπερορίας,</span> <span class='ocrx_word' id='word_1_403' title='bbox 3048 3059 3123 3122; x_wconf 81' lang='grc' dir='ltr'>ὡς</span> <span class='ocrx_word' id='word_1_404' title='bbox 3155 3060 3312 3130; x_wconf 72' lang='grc' dir='ltr'>ἔφην,</span> <span class='ocrx_word' id='word_1_405' title='bbox 3346 3046 3819 3132; x_wconf 61' lang='grc' dir='ltr'>ἐπανηεῆγμένος-</span> 
     </span>
    </p>
   </div>
   <div class='ocr_carea' id='block_1_60' title="bbox 529 3144 2124 3235">
    <p class='ocr_par' dir='ltr' id='par_1_60' title="bbox 529 3144 2118 3235">
     <span class='ocr_line' id='line_1_60' title="bbox 529 3144 2118 3235; baseline -0.016 -13"><span class='ocrx_word' id='word_1_406' title='bbox 529 3167 609 3235; x_wconf 86' lang='lat' dir='ltr'><strong>lo,</strong></span> <span class='ocrx_word' id='word_1_407' title='bbox 653 3163 951 3234; x_wconf 83' lang='lat' dir='ltr'><strong>episcopus</strong></span> <span class='ocrx_word' id='word_1_408' title='bbox 985 3155 1314 3219; x_wconf 80' lang='lat' dir='ltr'><strong>Antiochiae,</strong></span> <span class='ocrx_word' id='word_1_409' title='bbox 1359 3150 1456 3223; x_wconf 93' lang='lat' dir='ltr'><strong>qui</strong></span> <span class='ocrx_word' id='word_1_410' title='bbox 1502 3164 1613 3211; x_wconf 84' lang='lat' dir='ltr'><strong>una</strong></span> <span class='ocrx_word' id='word_1_411' title='bbox 1662 3161 1789 3202; x_wconf 90' lang='lat' dir='ltr'><strong>cum</strong></span> <span class='ocrx_word' id='word_1_412' title='bbox 1819 3144 2118 3201; x_wconf 88' lang='lat' dir='ltr'><strong>Timotheo</strong></span> 
     </span>
    </p>
   </div>
   <div class='ocr_carea' id='block_1_61' title="bbox 2227 3144 3818 3235">
    <p class='ocr_par' dir='ltr' id='par_1_61' title="bbox 2227 3149 3818 3225">
     <span class='ocr_line' id='line_1_61' title="bbox 2227 3149 3818 3225; baseline 0.005 -25"><span class='ocrx_word' id='word_1_413' title='bbox 2227 3149 2321 3200; x_wconf 72' lang='grc' dir='ltr'><strong>καὶ</strong></span> <span class='ocrx_word' id='word_1_414' title='bbox 2348 3149 2486 3218; x_wconf 88' lang='grc' dir='ltr'>πρός</span> <span class='ocrx_word' id='word_1_415' title='bbox 2531 3165 2597 3218; x_wconf 85' lang='grc' dir='ltr'><strong>γε</strong></span> <span class='ocrx_word' id='word_1_416' title='bbox 2648 3150 2858 3219; x_wconf 79' lang='grc' dir='ltr'>Πέτρος</span> <span class='ocrx_word' id='word_1_417' title='bbox 2886 3151 2962 3221; x_wconf 89' lang='lat' dir='ltr'><strong>(a)</strong></span> <span class='ocrx_word' id='word_1_418' title='bbox 3002 3153 3029 3203; x_wconf 87' lang='grc' dir='ltr'><strong>ό</strong></span> <span class='ocrx_word' id='word_1_419' title='bbox 3068 3153 3167 3223; x_wconf 86' lang='grc' dir='ltr'><strong>τῆς</strong></span> <span class='ocrx_word' id='word_1_420' title='bbox 3204 3154 3482 3224; x_wconf 81' lang='grc' dir='ltr'>Ἀντιόχου</span> <span class='ocrx_word' id='word_1_421' title='bbox 3525 3155 3818 3225; x_wconf 77' lang='grc' dir='ltr'>πρόεδρος,</span> 
     </span>
    </p>
   </div>
   <div class='ocr_carea' id='block_1_62' title="bbox 527 3238 2124 3323">
    <p class='ocr_par' dir='ltr' id='par_1_62' title="bbox 527 3238 2114 3323">
     <span class='ocr_line' id='line_1_62' title="bbox 527 3238 2114 3323; baseline -0.015 -9"><span class='ocrx_word' id='word_1_422' title='bbox 527 3266 648 3315; x_wconf 81' lang='lat' dir='ltr'><strong>erat</strong></span> <span class='ocrx_word' id='word_1_423' title='bbox 686 3249 1191 3323; x_wconf 85' lang='lat' dir='ltr'><strong>Constantinopoli.</strong></span> <span class='ocrx_word' id='word_1_424' title='bbox 1230 3247 1329 3304; x_wconf 80' lang='lat' dir='ltr'><strong>His</strong></span> <span class='ocrx_word' id='word_1_425' title='bbox 1372 3243 1441 3300; x_wconf 90' lang='lat' dir='ltr'><strong>ad</strong></span> <span class='ocrx_word' id='word_1_426' title='bbox 1486 3242 1638 3297; x_wconf 90' lang='lat' dir='ltr'><strong>hunc</strong></span> <span class='ocrx_word' id='word_1_427' title='bbox 1665 3238 1891 3295; x_wconf 86' lang='lat' dir='ltr'><strong>modum</strong></span> <span class='ocrx_word' id='word_1_428' title='bbox 1923 3238 2114 3309; x_wconf 88' lang='lat' dir='ltr'><strong>gestis,</strong></span> 
     </span>
    </p>
   </div>
   <div class='ocr_carea' id='block_1_63' title="bbox 2227 3238 3822 3323">
    <p class='ocr_par' dir='ltr' id='par_1_63' title="bbox 2227 3239 3822 3319">
     <span class='ocr_line' id='line_1_63' title="bbox 2227 3239 3822 3319; baseline 0.004 -28"><span class='ocrx_word' id='word_1_429' title='bbox 2227 3239 2246 3291; x_wconf 75' lang='grc'><strong>5</strong></span> <span class='ocrx_word' id='word_1_430' title='bbox 2280 3239 2511 3310; x_wconf 78' lang='grc' dir='ltr'>ἐπίκλην</span> <span class='ocrx_word' id='word_1_431' title='bbox 2540 3241 2819 3310; x_wconf 79' lang='grc' dir='ltr'>Κναφεὺς,</span> <span class='ocrx_word' id='word_1_432' title='bbox 2846 3242 2922 3307; x_wconf 84' lang='grc' dir='ltr'>ὼς</span> <span class='ocrx_word' id='word_1_433' title='bbox 2960 3242 3055 3297; x_wconf 71' lang='grc' dir='ltr'>καὶ</span> <span class='ocrx_word' id='word_1_434' title='bbox 3082 3244 3335 3315; x_wconf 80' lang='grc' dir='ltr'>Τιμοθέῳ</span> <span class='ocrx_word' id='word_1_435' title='bbox 3368 3247 3550 3317; x_wconf 73' lang='grc' dir='ltr'>παρῆν</span> <span class='ocrx_word' id='word_1_436' title='bbox 3580 3248 3685 3299; x_wconf 66' lang='grc' dir='ltr'>ἀνὰ</span> <span class='ocrx_word' id='word_1_437' title='bbox 3720 3248 3822 3319; x_wconf 80' lang='grc' dir='ltr'><strong>τὴν</strong></span> 
     </span>
    </p>
   </div>
   <div class='ocr_carea' id='block_1_64' title="bbox 529 3329 2124 3417">
    <p class='ocr_par' dir='ltr' id='par_1_64' title="bbox 529 3330 2117 3417">
     <span class='ocr_line' id='line_1_64' title="bbox 529 3330 2117 3417; baseline -0.016 -7"><span class='ocrx_word' id='word_1_438' title='bbox 529 3361 592 3410; x_wconf 92' lang='lat' dir='ltr'><strong>ut</strong></span> <span class='ocrx_word' id='word_1_439' title='bbox 625 3350 830 3409; x_wconf 85' lang='lat' dir='ltr'><strong>Paulus</strong></span> <span class='ocrx_word' id='word_1_440' title='bbox 858 3360 1079 3417; x_wconf 86' lang='lat' dir='ltr'><strong>quoque</strong></span> <span class='ocrx_word' id='word_1_441' title='bbox 1124 3335 1661 3411; x_wconf 88' lang='lat' dir='ltr'><strong>archiepiscopalem</strong></span> <span class='ocrx_word' id='word_1_442' title='bbox 1692 3331 1900 3402; x_wconf 88' lang='lat' dir='ltr'><strong>Ephesi</strong></span> <span class='ocrx_word' id='word_1_443' title='bbox 1929 3330 2117 3386; x_wconf 88' lang='lat' dir='ltr'><strong>sedem</strong></span> 
     </span>
    </p>
   </div>
   <div class='ocr_carea' id='block_1_65' title="bbox 2227 3329 3818 3417">
    <p class='ocr_par' dir='ltr' id='par_1_65' title="bbox 2227 3329 3818 3406">
     <span class='ocr_line' id='line_1_65' title="bbox 2227 3329 3818 3406; baseline 0.006 -23"><span class='ocrx_word' id='word_1_444' title='bbox 2227 3329 2642 3401; x_wconf 80' lang='grc' dir='ltr'>βασιλεύουσαν.</span> <span class='ocrx_word' id='word_1_445' title='bbox 2683 3332 2901 3387; x_wconf 81' lang='grc' dir='ltr'>Τούτων</span> <span class='ocrx_word' id='word_1_446' title='bbox 2942 3333 3087 3388; x_wconf 77' lang='grc' dir='ltr'>οὕτω</span> <span class='ocrx_word' id='word_1_447' title='bbox 3117 3338 3448 3406; x_wconf 85' lang='grc' dir='ltr'>γενομένων,</span> <span class='ocrx_word' id='word_1_448' title='bbox 3484 3336 3818 3406; x_wconf 71' lang='grc' dir='ltr'>ψηφίζονται</span> 
     </span>
    </p>
   </div>
   <div class='ocr_carea' id='block_1_66' title="bbox 529 3424 2115 3515">
    <p class='ocr_par' dir='ltr' id='par_1_66' title="bbox 529 3424 2115 3515">
     <span class='ocr_line' id='line_1_66' title="bbox 529 3424 2115 3515; baseline -0.014 -15"><span class='ocrx_word' id='word_1_449' title='bbox 529 3444 863 3515; x_wconf 84' lang='lat' dir='ltr'><strong>susciperet,</strong></span> <span class='ocrx_word' id='word_1_450' title='bbox 895 3440 1288 3496; x_wconf 87' lang='lat' dir='ltr'><strong>decreverunt.</strong></span> <span class='ocrx_word' id='word_1_451' title='bbox 1312 3432 1487 3489; x_wconf 90' lang='lat' dir='ltr'><strong>Porro</strong></span> <span class='ocrx_word' id='word_1_452' title='bbox 1525 3426 1671 3483; x_wconf 93' lang='lat' dir='ltr'><strong>idem</strong></span> <span class='ocrx_word' id='word_1_453' title='bbox 1702 3424 2000 3480; x_wconf 81' lang='lat' dir='ltr'><strong>Zacharias</strong></span> <span class='ocrx_word' id='word_1_454' title='bbox 2023 3438 2115 3479; x_wconf 89' lang='lat' dir='ltr'><strong>re-</strong></span> 
     </span>
    </p>
   </div>
   <div class='ocr_carea' id='block_1_67' title="bbox 525 3516 2115 3595">
    <p class='ocr_par' dir='ltr' id='par_1_67' title="bbox 525 3516 2115 3595">
     <span class='ocr_line' id='line_1_67' title="bbox 525 3516 2115 3595; baseline -0.016 0"><span class='ocrx_word' id='word_1_455' title='bbox 525 3530 638 3595; x_wconf 79' lang='lat' dir='ltr'><strong>fert</strong></span> <span class='ocrx_word' id='word_1_456' title='bbox 701 3533 1056 3591; x_wconf 83' lang='lat' dir='ltr'><strong>Anastasium</strong></span> <span class='ocrx_word' id='word_1_457' title='bbox 1089 3529 1283 3585; x_wconf 81' lang='lat' dir='ltr'><strong>etiam</strong></span> <span class='ocrx_word' id='word_1_458' title='bbox 1344 3521 1852 3592; x_wconf 82' lang='lat' dir='ltr'><strong>Hierosolymorum</strong></span> <span class='ocrx_word' id='word_1_459' title='bbox 1896 3516 2115 3587; x_wconf 84' lang='lat' dir='ltr'><strong>episco-</strong></span> 
     </span>
    </p>
   </div>
   <div class='ocr_carea' id='block_1_68' title="bbox 528 3606 2115 3701">
    <p class='ocr_par' dir='ltr' id='par_1_68' title="bbox 528 3606 2115 3701">
     <span class='ocr_line' id='line_1_68' title="bbox 528 3606 2115 3701; baseline -0.014 -17"><span class='ocrx_word' id='word_1_460' title='bbox 528 3644 684 3701; x_wconf 88' lang='lat' dir='ltr'><strong>pum,</strong></span> <span class='ocrx_word' id='word_1_461' title='bbox 734 3625 828 3696; x_wconf 91' lang='lat' dir='ltr'><strong>qui</strong></span> <span class='ocrx_word' id='word_1_462' title='bbox 870 3620 1534 3680; x_wconf 84' lang='lat' dir='ltr'><strong>Juvenali-successerat,</strong></span> <span class='ocrx_word' id='word_1_463' title='bbox 1570 3609 1766 3666; x_wconf 87' lang='lat' dir='ltr'><strong>iisdem</strong></span> <span class='ocrx_word' id='word_1_464' title='bbox 1815 3606 2115 3701; x_wconf 82' lang='lat' dir='ltr'><strong>encyclicis</strong></span> 
     </span>
    </p>
   </div>
   <div class='ocr_carea' id='block_1_69' title="bbox 526 3699 2115 3788">
    <p class='ocr_par' dir='ltr' id='par_1_69' title="bbox 526 3699 2115 3788">
     <span class='ocr_line' id='line_1_69' title="bbox 526 3699 2115 3788; baseline -0.015 -12"><span class='ocrx_word' id='word_1_465' title='bbox 526 3699 945 3788; x_wconf 80' lang='lat' dir='ltr'><strong>subscripsisse,</strong></span> <span class='ocrx_word' id='word_1_466' title='bbox 980 3713 1231 3780; x_wconf 84' lang='lat' dir='ltr'><strong>aliosque</strong></span> <span class='ocrx_word' id='word_1_467' title='bbox 1279 3709 1411 3762; x_wconf 90' lang='lat' dir='ltr'><strong>item</strong></span> <span class='ocrx_word' id='word_1_468' title='bbox 1456 3703 1817 3775; x_wconf 89' lang='lat' dir='ltr'><strong>complures:</strong></span> <span class='ocrx_word' id='word_1_469' title='bbox 1848 3699 1988 3755; x_wconf 90' lang='lat' dir='ltr'><strong>adeo</strong></span> <span class='ocrx_word' id='word_1_470' title='bbox 2049 3705 2115 3753; x_wconf 85' lang='lat' dir='ltr'><strong>ut</strong></span> 
     </span>
    </p>
   </div>
   <div class='ocr_carea' id='block_1_70' title="bbox 525 3790 2114 3879">
    <p class='ocr_par' dir='ltr' id='par_1_70' title="bbox 525 3790 2114 3879">
     <span class='ocr_line' id='line_1_70' title="bbox 525 3790 2114 3879; baseline -0.014 -13"><span class='ocrx_word' id='word_1_471' title='bbox 525 3809 750 3866; x_wconf 84' lang='lat' dir='ltr'><strong>circiter</strong></span> <span class='ocrx_word' id='word_1_472' title='bbox 775 3804 1065 3879; x_wconf 87' lang='lat' dir='ltr'><strong>quingenti</strong></span> <span class='ocrx_word' id='word_1_473' title='bbox 1097 3796 1585 3861; x_wconf 82' lang='lat' dir='ltr'><strong>numero‘l&#39;uerint,</strong></span> <span class='ocrx_word' id='word_1_474' title='bbox 1618 3794 1716 3865; x_wconf 92' lang='lat' dir='ltr'><strong>qui</strong></span> <span class='ocrx_word' id='word_1_475' title='bbox 1750 3791 1955 3847; x_wconf 89' lang='lat' dir='ltr'><strong>Leonis</strong></span> <span class='ocrx_word' id='word_1_476' title='bbox 1990 3790 2114 3861; x_wconf 82' lang='lat' dir='ltr'><strong>epi-</strong></span> 
     </span>
    </p>
   </div>
   <div class='ocr_carea' id='block_1_71' title="bbox 524 3886 2110 3959">
    <p class='ocr_par' dir='ltr' id='par_1_71' title="bbox 524 3886 2110 3959">
     <span class='ocr_line' id='line_1_71' title="bbox 524 3886 2110 3959; baseline -0.015 0"><span class='ocrx_word' id='word_1_477' title='bbox 524 3903 721 3959; x_wconf 86' lang='lat' dir='ltr'><strong>stolam</strong></span> <span class='ocrx_word' id='word_1_478' title='bbox 749 3910 806 3955; x_wconf 91' lang='lat' dir='ltr'><strong>et</strong></span> <span class='ocrx_word' id='word_1_479' title='bbox 829 3896 1286 3955; x_wconf 84' lang='lat' dir='ltr'><strong>Chaicedonense</strong></span> <span class='ocrx_word' id='word_1_480' title='bbox 1334 3888 1632 3946; x_wconf 76' lang='lat' dir='ltr'><strong>concilium</strong></span> <span class='ocrx_word' id='word_1_481' title='bbox 1687 3886 2110 3940; x_wconf 87' lang='lat' dir='ltr'><strong>damnaverunt.</strong></span> 
     </span>
    </p>
   </div>
   <div class='ocr_carea' id='block_1_72' title="bbox 523 3967 2114 4050">
    <p class='ocr_par' dir='ltr' id='par_1_72' title="bbox 523 3967 2114 4050">
     <span class='ocr_line' id='line_1_72' title="bbox 523 3967 2114 4050; baseline -0.014 -1"><span class='ocrx_word' id='word_1_482' title='bbox 523 3992 788 4049; x_wconf 80' lang='lat' dir='ltr'><strong>Refertur</strong></span> <span class='ocrx_word' id='word_1_483' title='bbox 822 3967 988 4044; x_wconf 68' lang='lat' dir='ltr'><strong>etiam</strong></span> <span class='ocrx_word' id='word_1_484' title='bbox 1018 3985 1089 4041; x_wconf 89' lang='lat' dir='ltr'><strong>ab</strong></span> <span class='ocrx_word' id='word_1_485' title='bbox 1127 3982 1325 4039; x_wconf 91' lang='lat' dir='ltr'><strong>eodem</strong></span> <span class='ocrx_word' id='word_1_486' title='bbox 1370 3980 1646 4050; x_wconf 85' lang='lat' dir='ltr'><strong>scriptore</strong></span> <span class='ocrx_word' id='word_1_487' title='bbox 1681 3975 1929 4045; x_wconf 80' lang='lat' dir='ltr'><strong>Libellus</strong></span> <span class='ocrx_word' id='word_1_488' title='bbox 1980 3988 2114 4043; x_wconf 88' lang='lat' dir='ltr'><strong>pre-</strong></span> 
     </span>
    </p>
   </div>
   <div class='ocr_carea' id='block_1_73' title="bbox 527 4067 2114 4153">
    <p class='ocr_par' dir='ltr' id='par_1_73' title="bbox 527 4067 2114 4153">
     <span class='ocr_line' id='line_1_73' title="bbox 527 4067 2114 4153; baseline -0.015 -9"><span class='ocrx_word' id='word_1_489' title='bbox 527 4101 676 4153; x_wconf 88' lang='lat' dir='ltr'><strong>cum,</strong></span> <span class='ocrx_word' id='word_1_490' title='bbox 702 4084 927 4141; x_wconf 85' lang='lat' dir='ltr'><strong>oblatus</strong></span> <span class='ocrx_word' id='word_1_491' title='bbox 954 4079 1219 4136; x_wconf 86' lang='lat' dir='ltr'><strong>Basilisco</strong></span> <span class='ocrx_word' id='word_1_492' title='bbox 1246 4075 1315 4133; x_wconf 90' lang='lat' dir='ltr'><strong>ab</strong></span> <span class='ocrx_word' id='word_1_493' title='bbox 1343 4072 1620 4146; x_wconf 85' lang='lat' dir='ltr'><strong>episcopis</strong></span> <span class='ocrx_word' id='word_1_494' title='bbox 1641 4069 1784 4126; x_wconf 79' lang='lat' dir='ltr'><strong>Asia:</strong></span> <span class='ocrx_word' id='word_1_495' title='bbox 1808 4068 1904 4139; x_wconf 90' lang='lat' dir='ltr'><strong>qui</strong></span> <span class='ocrx_word' id='word_1_496' title='bbox 1939 4067 2114 4138; x_wconf 85' lang='lat' dir='ltr'><strong>Ephe-</strong></span> 
     </span>
    </p>
   </div>
   <div class='ocr_carea' id='block_1_74' title="bbox 2218 3422 3821 3497">
    <p class='ocr_par' dir='ltr' id='par_1_74' title="bbox 2218 3422 3821 3497">
     <span class='ocr_line' id='line_1_74' title="bbox 2218 3422 3821 3497; baseline 0.006 -21"><span class='ocrx_word' id='word_1_497' title='bbox 2218 3422 2317 3477; x_wconf 74' lang='grc' dir='ltr'><strong>καὶ</strong></span> <span class='ocrx_word' id='word_1_498' title='bbox 2344 3423 2558 3476; x_wconf 82' lang='grc' dir='ltr'>Παῦλον</span> <span class='ocrx_word' id='word_1_499' title='bbox 2582 3425 2673 3479; x_wconf 83' lang='grc' dir='ltr'><strong>τὸν</strong></span> <span class='ocrx_word' id='word_1_500' title='bbox 2697 3428 2796 3495; x_wconf 81' lang='grc' dir='ltr'>τῆς</span> <span class='ocrx_word' id='word_1_501' title='bbox 2846 3427 3114 3496; x_wconf 80' lang='grc' dir='ltr'>Ἐφεσίων</span> <span class='ocrx_word' id='word_1_502' title='bbox 3143 3428 3530 3497; x_wconf 62' lang='grc' dir='ltr'>ἀρχιερατικὴν</span> <span class='ocrx_word' id='word_1_503' title='bbox 3557 3430 3821 3485; x_wconf 78' lang='grc' dir='ltr'>ὑπελθεῖν</span> 
     </span>
    </p>
   </div>
   <div class='ocr_carea' id='block_1_75' title="bbox 2220 3512 3816 3589">
    <p class='ocr_par' dir='ltr' id='par_1_75' title="bbox 2220 3512 3816 3589">
     <span class='ocr_line' id='line_1_75' title="bbox 2220 3512 3816 3589; baseline 0.005 -22"><span class='ocrx_word' id='word_1_504' title='bbox 2220 3514 2432 3586; x_wconf 89' lang='grc' dir='ltr'>θρόνον.</span> <span class='ocrx_word' id='word_1_505' title='bbox 2469 3516 2609 3586; x_wconf 62' lang='grc' dir='ltr'><strong>Φησὶ⁵</strong></span> <span class='ocrx_word' id='word_1_506' title='bbox 2637 3516 2685 3570; x_wconf 83' lang='grc' dir='ltr'>δ’</span> <span class='ocrx_word' id='word_1_507' title='bbox 2723 3512 2817 3571; x_wconf 81' lang='grc' dir='ltr'>οὖν</span> <span class='ocrx_word' id='word_1_508' title='bbox 2843 3518 2919 3582; x_wconf 82' lang='grc' dir='ltr'>ὡς</span> <span class='ocrx_word' id='word_1_509' title='bbox 2950 3519 3044 3573; x_wconf 77' lang='grc' dir='ltr'>καὶ</span> <span class='ocrx_word' id='word_1_510' title='bbox 3069 3520 3419 3582; x_wconf 76' lang='grc' dir='ltr'>Ἀναστάσιος</span> <span class='ocrx_word' id='word_1_511' title='bbox 3440 3521 3473 3573; x_wconf 83' lang='grc' dir='ltr'><strong>δ</strong></span> <span class='ocrx_word' id='word_1_512' title='bbox 3498 3520 3637 3589; x_wconf 74' lang='grc' dir='ltr'>μετὰ</span> <span class='ocrx_word' id='word_1_513' title='bbox 3676 3522 3816 3575; x_wconf 82' lang='grc' dir='ltr'>Ἰου-</span> 
     </span>
    </p>
   </div>
   <div class='ocr_carea' id='block_1_76' title="bbox 2218 3607 3817 3684">
    <p class='ocr_par' dir='ltr' id='par_1_76' title="bbox 2218 3607 3817 3684">
     <span class='ocr_line' id='line_1_76' title="bbox 2218 3607 3817 3684; baseline 0.004 -24"><span class='ocrx_word' id='word_1_514' title='bbox 2218 3607 2470 3661; x_wconf 68' lang='grc' dir='ltr'>ϐενὰλιον</span> <span class='ocrx_word' id='word_1_515' title='bbox 2505 3608 2573 3661; x_wconf 85' lang='grc' dir='ltr'>Ἰε</span> <span class='ocrx_word' id='word_1_516' title='bbox 2584 3609 2777 3679; x_wconf 88' lang='grc' dir='ltr'>ροσολύ</span> <span class='ocrx_word' id='word_1_517' title='bbox 2788 3627 2905 3680; x_wconf 87' lang='grc' dir='ltr'><strong>μων</strong></span> <span class='ocrx_word' id='word_1_518' title='bbox 2937 3612 3217 3684; x_wconf 84' lang='grc' dir='ltr'>πρόεδρος,</span> <span class='ocrx_word' id='word_1_519' title='bbox 3239 3612 3678 3682; x_wconf 79' lang='grc' dir='ltr'>ὑποσημαίνεται</span> <span class='ocrx_word' id='word_1_520' title='bbox 3701 3616 3817 3677; x_wconf 85' lang='grc' dir='ltr'>τοῖς</span> 
     </span>
    </p>
   </div>
   <div class='ocr_carea' id='block_1_77' title="bbox 2228 3699 3816 3774">
    <p class='ocr_par' dir='ltr' id='par_1_77' title="bbox 2228 3699 3816 3774">
     <span class='ocr_line' id='line_1_77' title="bbox 2228 3699 3816 3774; baseline 0.003 -21"><span class='ocrx_word' id='word_1_521' title='bbox 2228 3699 2593 3768; x_wconf 77' lang='grc' dir='ltr'>Ἐγκυκλίοις,</span> <span class='ocrx_word' id='word_1_522' title='bbox 2618 3700 2798 3771; x_wconf 73' lang='grc' dir='ltr'>ἕτεροί</span> <span class='ocrx_word' id='word_1_523' title='bbox 2821 3719 2879 3754; x_wconf 89' lang='grc' dir='ltr'><strong>τε</strong></span> <span class='ocrx_word' id='word_1_524' title='bbox 2905 3702 3237 3772; x_wconf 76' lang='grc' dir='ltr'>πάμπολλοιο</span> <span class='ocrx_word' id='word_1_525' title='bbox 3262 3704 3337 3766; x_wconf 84' lang='grc' dir='ltr'>ὡς</span> <span class='ocrx_word' id='word_1_526' title='bbox 3367 3721 3434 3756; x_wconf 83' lang='grc' dir='ltr'><strong>πε</strong></span> <span class='ocrx_word' id='word_1_527' title='bbox 3445 3705 3498 3774; x_wconf 73' lang='lat' dir='ltr'><strong>p‘t</strong></span> <span class='ocrx_word' id='word_1_528' title='bbox 3522 3705 3649 3767; x_wconf 71' lang='grc' dir='ltr'>τοὺς</span> <span class='ocrx_word' id='word_1_529' title='bbox 3677 3722 3816 3758; x_wconf 84' lang='grc' dir='ltr'>πεν-</span> 
     </span>
    </p>
   </div>
   <div class='ocr_carea' id='block_1_78' title="bbox 2217 3792 3815 3865">
    <p class='ocr_par' dir='ltr' id='par_1_78' title="bbox 2217 3792 3815 3865">
     <span class='ocr_line' id='line_1_78' title="bbox 2217 3792 3815 3865; baseline 0.003 -21"><span class='ocrx_word' id='word_1_530' title='bbox 2217 3792 2509 3855; x_wconf 75' lang='grc' dir='ltr'>τακοσίους</span> <span class='ocrx_word' id='word_1_531' title='bbox 2534 3792 2892 3856; x_wconf 81' lang='grc' dir='ltr'>καθεστάναι,</span> <span class='ocrx_word' id='word_1_532' title='bbox 2923 3797 3051 3859; x_wconf 82' lang='grc' dir='ltr'>τοὺς</span> <span class='ocrx_word' id='word_1_533' title='bbox 3075 3794 3168 3849; x_wconf 78' lang='grc' dir='ltr'><strong>τὸν</strong></span> <span class='ocrx_word' id='word_1_534' title='bbox 3215 3796 3450 3860; x_wconf 82' lang='grc' dir='ltr'>Λέοντος</span> <span class='ocrx_word' id='word_1_535' title='bbox 3490 3796 3687 3865; x_wconf 85' lang='grc' dir='ltr'>τόμον,</span> <span class='ocrx_word' id='word_1_536' title='bbox 3718 3797 3815 3851; x_wconf 78' lang='grc' dir='ltr'>καὶ</span> 
     </span>
    </p>
   </div>
   <div class='ocr_carea' id='block_1_79' title="bbox 2215 3884 3816 3959">
    <p class='ocr_par' dir='ltr' id='par_1_79' title="bbox 2215 3884 3816 3959">
     <span class='ocr_line' id='line_1_79' title="bbox 2215 3884 3816 3959; baseline 0.004 -23"><span class='ocrx_word' id='word_1_537' title='bbox 2215 3885 2317 3953; x_wconf 80' lang='grc' dir='ltr'><strong>τὴν</strong></span> <span class='ocrx_word' id='word_1_538' title='bbox 2366 3885 2423 3936; x_wconf 79' lang='grc' dir='ltr'>ὲν</span> <span class='ocrx_word' id='word_1_539' title='bbox 2456 3884 2762 3956; x_wconf 71' lang='grc' dir='ltr'>Καλχηδόνι</span> <span class='ocrx_word' id='word_1_540' title='bbox 2792 3885 3012 3939; x_wconf 85' lang='grc' dir='ltr'>σύνοδον</span> <span class='ocrx_word' id='word_1_541' title='bbox 3048 3887 3524 3959; x_wconf 78' lang='grc' dir='ltr'>ἀποκηρύξαντας.</span> <span class='ocrx_word' id='word_1_542' title='bbox 3559 3887 3673 3941; x_wconf 85' lang='grc' dir='ltr'>Καί</span> <span class='ocrx_word' id='word_1_543' title='bbox 3707 3903 3816 3942; x_wconf 86' lang='grc' dir='ltr'><strong>που</strong></span> 
     </span>
    </p>
   </div>
   <div class='ocr_carea' id='block_1_80' title="bbox 2218 3974 3815 4051">
    <p class='ocr_par' dir='ltr' id='par_1_80' title="bbox 2218 3974 3815 4051">
     <span class='ocr_line' id='line_1_80' title="bbox 2218 3974 3815 4051; baseline 0.003 -24"><span class='ocrx_word' id='word_1_544' title='bbox 2218 3976 2314 4029; x_wconf 70' lang='grc' dir='ltr'><strong>καὶ</strong></span> <span class='ocrx_word' id='word_1_545' title='bbox 2330 3974 2514 4048; x_wconf 83' lang='grc' dir='ltr'>δέησιν</span> <span class='ocrx_word' id='word_1_546' title='bbox 2538 3978 2791 4047; x_wconf 68' lang='grc' dir='ltr'>ἐγγραφῇ</span> <span class='ocrx_word' id='word_1_547' title='bbox 2817 3978 2926 4048; x_wconf 76' lang='lat'><strong>(65)</strong></span> <span class='ocrx_word' id='word_1_548' title='bbox 2947 3980 3255 4051; x_wconf 83' lang='grc' dir='ltr'>γενομένην</span> <span class='ocrx_word' id='word_1_549' title='bbox 3277 3982 3425 4051; x_wconf 70' lang='grc' dir='ltr'>παρὰ</span> <span class='ocrx_word' id='word_1_550' title='bbox 3446 3980 3555 4033; x_wconf 85' lang='grc' dir='ltr'><strong>τῶν</strong></span> <span class='ocrx_word' id='word_1_551' title='bbox 3577 3980 3815 4051; x_wconf 77' lang='grc' dir='ltr'>ὲνἋσίᾳ</span> 
     </span>
    </p>
   </div>
   <div class='ocr_carea' id='block_1_81' title="bbox 2219 4067 3810 4145">
    <p class='ocr_par' dir='ltr' id='par_1_81' title="bbox 2219 4067 3810 4145">
     <span class='ocr_line' id='line_1_81' title="bbox 2219 4067 3810 4145; baseline 0.003 -26"><span class='ocrx_word' id='word_1_552' title='bbox 2219 4067 2498 4140; x_wconf 81' lang='grc' dir='ltr'>προέδρων</span> <span class='ocrx_word' id='word_1_553' title='bbox 2529 4069 2815 4141; x_wconf 72' lang='grc' dir='ltr'>ἒνἘφέσῳ</span> <span class='ocrx_word' id='word_1_554' title='bbox 2836 4071 3272 4143; x_wconf 80' lang='grc' dir='ltr'>συνεληλυθότων</span> <span class='ocrx_word' id='word_1_555' title='bbox 3287 4072 3399 4145; x_wconf 67' lang='grc'><strong>(64)</strong></span> <span class='ocrx_word' id='word_1_556' title='bbox 3426 4071 3563 4144; x_wconf 68' lang='grc' dir='ltr'>πρὸς</span> <span class='ocrx_word' id='word_1_557' title='bbox 3583 4070 3810 4127; x_wconf 84' lang='grc' dir='ltr'>Βασιλί-</span> 
     </span>
    </p>
   </div>
   <div class='ocr_carea' id='block_1_82' title="bbox 1826 4201 2505 4305">
    <p class='ocr_par' dir='ltr' id='par_1_82' title="bbox 1826 4201 2505 4305">
     <span class='ocr_line' id='line_1_82' title="bbox 1826 4201 2505 4305; baseline 0.007 -46"><span class='ocrx_word' id='word_1_558' title='bbox 1826 4201 2062 4305; x_wconf 49' lang='grc' dir='ltr'><strong>νΑΠΙίΕ</strong></span> <span class='ocrx_word' id='word_1_559' title='bbox 2096 4202 2505 4264; x_wconf 70' lang='lat' dir='ltr'><strong>LECTIONES.</strong></span> 
     </span>
    </p>
   </div>
   <div class='ocr_carea' id='block_1_83' title="bbox 593 4304 1223 4366">
    <p class='ocr_par' dir='ltr' id='par_1_83' title="bbox 593 4304 1223 4366">
     <span class='ocr_line' id='line_1_83' title="bbox 593 4304 1223 4366; baseline -0.01 1"><span class='ocrx_word' id='word_1_560' title='bbox 593 4312 637 4345; x_wconf 81' lang='lat'><strong>&quot;&#39;</strong></span> <span class='ocrx_word' id='word_1_561' title='bbox 669 4309 735 4366; x_wconf 93' lang='lat' dir='ltr'><strong>C.</strong></span> <span class='ocrx_word' id='word_1_562' title='bbox 766 4307 828 4365; x_wconf 85' lang='lat' dir='ltr'><strong>C.</strong></span> <span class='ocrx_word' id='word_1_563' title='bbox 856 4304 1223 4362; x_wconf 78' lang='grc' dir='ltr'>συνοδικοῦσα.</span> 
     </span>
    </p>
   </div>
   <div class='ocr_carea' id='block_1_84' title="bbox 1729 4390 2591 4452">
    <p class='ocr_par' dir='ltr' id='par_1_84' title="bbox 1729 4390 2591 4452">
     <span class='ocr_line' id='line_1_84' title="bbox 1729 4390 2591 4452; baseline -0.002 -3"><span class='ocrx_word' id='word_1_564' title='bbox 1729 4391 2004 4450; x_wconf 79' lang='lat' dir='ltr'><strong>VALESH</strong></span> <span class='ocrx_word' id='word_1_565' title='bbox 2034 4390 2591 4452; x_wconf 79' lang='lat' dir='ltr'><strong>ANNOTATIONES.</strong></span> 
     </span>
    </p>
   </div>
   <div class='ocr_carea' id='block_1_85' title="bbox 595 4486 3810 4575">
    <p class='ocr_par' dir='ltr' id='par_1_85' title="bbox 595 4486 3810 4575">
     <span class='ocr_line' id='line_1_85' title="bbox 595 4486 3810 4575; baseline -0.004 -21"><span class='ocrx_word' id='word_1_566' title='bbox 595 4502 706 4575; x_wconf 70' lang='grc'><strong>(65)</strong></span> <span class='ocrx_word' id='word_1_567' title='bbox 739 4498 851 4575; x_wconf 69' lang='grc' dir='ltr'>ιςαι</span> <span class='ocrx_word' id='word_1_568' title='bbox 880 4513 997 4552; x_wconf 86' lang='grc' dir='ltr'><strong>που</strong></span> <span class='ocrx_word' id='word_1_569' title='bbox 1023 4496 1120 4575; x_wconf 61' lang='grc' dir='ltr'><strong>καί</strong></span> <span class='ocrx_word' id='word_1_570' title='bbox 1154 4495 1371 4575; x_wconf 63' lang='grc' dir='ltr'>δέησιν</span> <span class='ocrx_word' id='word_1_571' title='bbox 1397 4492 1686 4575; x_wconf 44' lang='lat' dir='ltr'><strong>emam}:</strong></span> <span class='ocrx_word' id='word_1_572' title='bbox 1705 4491 1906 4575; x_wconf 78' lang='lat' dir='ltr'><strong>Procul</strong></span> <span class='ocrx_word' id='word_1_573' title='bbox 1933 4490 2112 4575; x_wconf 73' lang='lat' dir='ltr'><strong>dubio</strong></span> <span class='ocrx_word' id='word_1_574' title='bbox 2145 4494 2190 4550; x_wconf 88' lang='lat' dir='ltr'><strong>D</strong></span> <span class='ocrx_word' id='word_1_575' title='bbox 2217 4490 2433 4575; x_wconf 59' lang='lat' dir='ltr'><strong>litteras</strong></span> <span class='ocrx_word' id='word_1_576' title='bbox 2481 4487 2749 4575; x_wconf 67' lang='lat' dir='ltr'><strong>adversus</strong></span> <span class='ocrx_word' id='word_1_577' title='bbox 2797 4487 3095 4575; x_wconf 75' lang='lat' dir='ltr'><strong>concilium</strong></span> <span class='ocrx_word' id='word_1_578' title='bbox 3151 4486 3625 4575; x_wconf 50' lang='lat' dir='ltr'><strong>Chalcedonense,</strong></span> <span class='ocrx_word' id='word_1_579' title='bbox 3661 4490 3810 4575; x_wconf 63' lang='lat' dir='ltr'><strong>Aea-</strong></span> 
     </span>
    </p>
   </div>
   <div class='ocr_carea' id='block_1_86' title="bbox 520 4561 2108 4638">
    <p class='ocr_par' dir='ltr' id='par_1_86' title="bbox 520 4561 2108 4638">
     <span class='ocr_line' id='line_1_86' title="bbox 520 4561 2108 4638; baseline -0.008 -9"><span class='ocrx_word' id='word_1_580' title='bbox 520 4561 880 4629; x_wconf 67' lang='lat' dir='ltr'><strong>scribendum</strong></span> <span class='ocrx_word' id='word_1_581' title='bbox 914 4576 1001 4623; x_wconf 86' lang='lat' dir='ltr'><strong>est</strong></span> <span class='ocrx_word' id='word_1_582' title='bbox 1044 4561 1352 4638; x_wconf 67' lang='grc' dir='ltr'>ἐγγράφει·</span> <span class='ocrx_word' id='word_1_583' title='bbox 1393 4561 1543 4638; x_wconf 81' lang='lat' dir='ltr'><strong>quod</strong></span> <span class='ocrx_word' id='word_1_584' title='bbox 1583 4561 1777 4638; x_wconf 32' lang='lat' dir='ltr'><strong>‘tnjror</strong></span> <span class='ocrx_word' id='word_1_585' title='bbox 1827 4561 1896 4638; x_wconf 78' lang='lat' dir='ltr'><strong>ab</strong></span> <span class='ocrx_word' id='word_1_586' title='bbox 1933 4562 2108 4617; x_wconf 90' lang='lat' dir='ltr'><strong>inter-</strong></span> 
     </span>
    </p>
   </div>
   <div class='ocr_carea' id='block_1_87' title="bbox 518 4630 2110 4717">
    <p class='ocr_par' dir='ltr' id='par_1_87' title="bbox 518 4630 2110 4717">
     <span class='ocr_line' id='line_1_87' title="bbox 518 4630 2110 4717; baseline -0.008 -18"><span class='ocrx_word' id='word_1_587' title='bbox 518 4641 775 4717; x_wconf 72' lang='lat' dir='ltr'><strong>pretibus</strong></span> <span class='ocrx_word' id='word_1_588' title='bbox 802 4630 1249 4717; x_wconf 58' lang='lat' dir='ltr'><strong>animadversum</strong></span> <span class='ocrx_word' id='word_1_589' title='bbox 1280 4630 1610 4717; x_wconf 60' lang='lat' dir='ltr'><strong>noni‘ttisse.</strong></span> <span class='ocrx_word' id='word_1_590' title='bbox 1641 4630 2110 4717; x_wconf 69' lang='lat' dir='ltr'><strong>Subauditurau-</strong></span> 
     </span>
    </p>
   </div>
   <div class='ocr_carea' id='block_1_88' title="bbox 518 4703 2108 4782">
    <p class='ocr_par' dir='ltr' id='par_1_88' title="bbox 518 4703 2108 4782">
     <span class='ocr_line' id='line_1_88' title="bbox 518 4703 2108 4782; baseline -0.009 -12"><span class='ocrx_word' id='word_1_591' title='bbox 518 4703 628 4771; x_wconf 70' lang='lat' dir='ltr'><strong>tem</strong></span> <span class='ocrx_word' id='word_1_592' title='bbox 708 4710 1011 4782; x_wconf 85' lang='grc' dir='ltr'>Ζαχαρίας,</span> <span class='ocrx_word' id='word_1_593' title='bbox 1054 4708 1150 4778; x_wconf 91' lang='lat' dir='ltr'><strong>qui</strong></span> <span class='ocrx_word' id='word_1_594' title='bbox 1204 4707 1261 4761; x_wconf 92' lang='lat' dir='ltr'><strong>in</strong></span> <span class='ocrx_word' id='word_1_595' title='bbox 1291 4704 1547 4782; x_wconf 81' lang='lat' dir='ltr'><strong>_Historia</strong></span> <span class='ocrx_word' id='word_1_596' title='bbox 1591 4719 1689 4759; x_wconf 90' lang='lat' dir='ltr'><strong>sua</strong></span> <span class='ocrx_word' id='word_1_597' title='bbox 1730 4703 2108 4782; x_wconf 79' lang='lat' dir='ltr'><strong>ecclesiastica</strong></span> 
     </span>
    </p>
   </div>
   <div class='ocr_carea' id='block_1_89' title="bbox 516 4774 2107 4849">
    <p class='ocr_par' dir='ltr' id='par_1_89' title="bbox 516 4774 2107 4849">
     <span class='ocr_line' id='line_1_89' title="bbox 516 4774 2107 4849; baseline -0.009 -8"><span class='ocrx_word' id='word_1_598' title='bbox 516 4774 972 4841; x_wconf 72' lang='lat' dir='ltr'><strong>Libellum&quot;hunc</strong></span> <span class='ocrx_word' id='word_1_599' title='bbox 1014 4774 1242 4849; x_wconf 71' lang='lat' dir='ltr'><strong>precum</strong></span> <span class='ocrx_word' id='word_1_600' title='bbox 1267 4774 1566 4849; x_wconf 54' lang='lat' dir='ltr'><strong>integrum</strong></span> <span class='ocrx_word' id='word_1_601' title='bbox 1617 4775 1905 4849; x_wconf 77' lang='lat' dir='ltr'><strong>retulerat,</strong></span> <span class='ocrx_word' id='word_1_602' title='bbox 1934 4787 2107 4849; x_wconf 53' lang='lat' dir='ltr'><strong>quem</strong></span> 
     </span>
    </p>
   </div>
   <div class='ocr_carea' id='block_1_90' title="bbox 516 4842 2105 4938">
    <p class='ocr_par' dir='ltr' id='par_1_90' title="bbox 516 4842 2105 4938">
     <span class='ocr_line' id='line_1_90' title="bbox 516 4842 2105 4938; baseline -0.011 -25"><span class='ocrx_word' id='word_1_603' title='bbox 516 4852 764 4938; x_wconf 68' lang='lat' dir='ltr'><strong>episcopi</strong></span> <span class='ocrx_word' id='word_1_604' title='bbox 799 4842 1838 4938; x_wconf 30' lang='lat' dir='ltr'><strong>Asiae“apudwlipltzesunlAcongregati,</strong></span> <span class='ocrx_word' id='word_1_605' title='bbox 1880 4842 1949 4897; x_wconf 89' lang='lat' dir='ltr'><strong>ad</strong></span> <span class='ocrx_word' id='word_1_606' title='bbox 1999 4842 2105 4896; x_wconf 80' lang='lat' dir='ltr'><strong>Ba-</strong></span> 
     </span>
    </p>
   </div>
   <div class='ocr_carea' id='block_1_91' title="bbox 516 4915 1520 4990">
    <p class='ocr_par' dir='ltr' id='par_1_91' title="bbox 516 4915 1520 4990">
     <span class='ocr_line' id='line_1_91' title="bbox 516 4915 1520 4990; baseline -0.012 -8"><span class='ocrx_word' id='word_1_607' title='bbox 516 4915 767 4981; x_wconf 66' lang='lat' dir='ltr'><strong>siliscu&#39;m</strong></span> <span class='ocrx_word' id='word_1_608' title='bbox 809 4915 1201 4990; x_wconf 79' lang='lat' dir='ltr'><strong>imperatorem</strong></span> <span class='ocrx_word' id='word_1_609' title='bbox 1230 4915 1520 4990; x_wconf 71' lang='lat' dir='ltr'><strong>miserant.</strong></span> 
     </span>
    </p>
   </div>
   <div class='ocr_carea' id='block_1_92' title="bbox 588 4981 2108 5069">
    <p class='ocr_par' dir='ltr' id='par_1_92' title="bbox 588 4981 2108 5069">
     <span class='ocr_line' id='line_1_92' title="bbox 588 4981 2108 5069; baseline -0.008 -22"><span class='ocrx_word' id='word_1_610' title='bbox 588 4995 701 5069; x_wconf 50' lang='grc' dir='ltr'><strong>(ϐξ)</strong></span> <span class='ocrx_word' id='word_1_611' title='bbox 729 4994 848 5069; x_wconf 31' lang='grc' dir='ltr'><strong>’Ἐκ-</strong></span> <span class='ocrx_word' id='word_1_612' title='bbox 866 4981 1097 5059; x_wconf 71' lang='grc' dir='ltr'><strong>Ἐφέσῳ</strong></span> <span class='ocrx_word' id='word_1_613' title='bbox 1123 4987 1653 5069; x_wconf 28' lang='grc' dir='ltr'>ρἰίκνεᾼ-ιιιλυφότων,</span> <span class='ocrx_word' id='word_1_614' title='bbox 1681 4985 1758 5040; x_wconf 88' lang='lat' dir='ltr'><strong>De</strong></span> <span class='ocrx_word' id='word_1_615' title='bbox 1785 4985 1896 5069; x_wconf 60' lang='lat' dir='ltr'><strong>hoc</strong></span> <span class='ocrx_word' id='word_1_616' title='bbox 1918 4981 2108 5037; x_wconf 73' lang='lat' dir='ltr'><strong>conci-</strong></span> 
     </span>
    </p>
   </div>
   <div class='ocr_carea' id='block_1_93' title="bbox 515 5053 2108 5181">
    <p class='ocr_par' dir='ltr' id='par_1_93' title="bbox 515 5053 2108 5181">
     <span class='ocr_line' id='line_1_93' title="bbox 515 5053 2108 5181; baseline -0.011 -59"><span class='ocrx_word' id='word_1_617' title='bbox 515 5053 608 5122; x_wconf 84' lang='lat' dir='ltr'><strong>lio‘</strong></span> <span class='ocrx_word' id='word_1_618' title='bbox 642 5053 946 5136; x_wconf 71' lang='lat' dir='ltr'><strong>Ephesino,</strong></span> <span class='ocrx_word' id='word_1_619' title='bbox 991 5058 1140 5181; x_wconf 66' lang='lat' dir='ltr'><strong>quod</strong></span> <span class='ocrx_word' id='word_1_620' title='bbox 1185 5056 1432 5112; x_wconf 87' lang='lat' dir='ltr'><strong>Basilisci</strong></span> <span class='ocrx_word' id='word_1_621' title='bbox 1469 5058 1600 5127; x_wconf 89' lang='lat' dir='ltr'><strong>imp.</strong></span> <span class='ocrx_word' id='word_1_622' title='bbox 1641 5053 1987 5125; x_wconf 75' lang='lat' dir='ltr'><strong>temporibus</strong></span> <span class='ocrx_word' id='word_1_623' title='bbox 2016 5069 2108 5134; x_wconf 79' lang='lat' dir='ltr'><strong>ce—</strong></span> 
     </span>
     <span class='ocr_line' id='line_1_94' title="bbox 516 5124 2107 5181; baseline -0.003 0"><span class='ocrx_word' id='word_1_624' title='bbox 516 5137 793 5181; x_wconf 70' lang='lat' dir='ltr'><strong>lehralnm</strong></span> <span class='ocrx_word' id='word_1_625' title='bbox 840 5141 950 5181; x_wconf 83' lang='lat' dir='ltr'><strong>est.</strong></span> <span class='ocrx_word' id='word_1_626' title='bbox 1026 5129 1204 5181; x_wconf 88' lang='lat' dir='ltr'><strong>eviter</strong></span> <span class='ocrx_word' id='word_1_627' title='bbox 1249 5127 1548 5181; x_wconf 85' lang='lat' dir='ltr'><strong>admodum</strong></span> <span class='ocrx_word' id='word_1_628' title='bbox 1604 5143 1672 5181; x_wconf 89' lang='lat' dir='ltr'><strong>ac</strong></span> <span class='ocrx_word' id='word_1_629' title='bbox 1732 5124 2107 5181; x_wconf 68' lang='lat' dir='ltr'><strong>perfunctorie</strong></span> 
     </span>
    </p>
   </div>
   <div class='ocr_carea' id='block_1_94' title="bbox 515 5124 2107 5194">
    <p class='ocr_par' dir='ltr' id='par_1_94' title="bbox 515 5124 2107 5194">
     <span class='ocr_line' id='line_1_95' title="bbox 515 5124 2107 5194; baseline -0.008 -4"><span class='ocrx_word' id='word_1_630' title='bbox 515 5124 793 5192; x_wconf 64' lang='lat' dir='ltr'><strong>iebrat&#39;um</strong></span> <span class='ocrx_word' id='word_1_631' title='bbox 840 5141 950 5190; x_wconf 89' lang='lat' dir='ltr'><strong>est.</strong></span> <span class='ocrx_word' id='word_1_632' title='bbox 1005 5124 1204 5183; x_wconf 78' lang='lat' dir='ltr'><strong>leviter</strong></span> <span class='ocrx_word' id='word_1_633' title='bbox 1249 5124 1560 5182; x_wconf 43' lang='lat' dir='ltr'><strong>admodum‘</strong></span> <span class='ocrx_word' id='word_1_634' title='bbox 1604 5143 1672 5181; x_wconf 89' lang='lat' dir='ltr'><strong>ac</strong></span> <span class='ocrx_word' id='word_1_635' title='bbox 1732 5124 2107 5194; x_wconf 69' lang='lat' dir='ltr'><strong>perfunctorie</strong></span> 
     </span>
    </p>
   </div>
   <div class='ocr_carea' id='block_1_95' title="bbox 515 5192 2107 5261">
    <p class='ocr_par' dir='ltr' id='par_1_95' title="bbox 515 5192 2107 5261">
     <span class='ocr_line' id='line_1_96' title="bbox 515 5192 2107 5261; baseline -0.009 0"><span class='ocrx_word' id='word_1_636' title='bbox 515 5205 711 5261; x_wconf 87' lang='lat' dir='ltr'><strong>scribit</strong></span> <span class='ocrx_word' id='word_1_637' title='bbox 761 5198 1036 5258; x_wconf 88' lang='lat' dir='ltr'><strong>Baronius</strong></span> <span class='ocrx_word' id='word_1_638' title='bbox 1080 5198 1134 5253; x_wconf 93' lang='lat' dir='ltr'><strong>in</strong></span> <span class='ocrx_word' id='word_1_639' title='bbox 1174 5196 1471 5253; x_wconf 73' lang='lat' dir='ltr'><strong>Annalibus</strong></span> <span class='ocrx_word' id='word_1_640' title='bbox 1519 5196 1586 5251; x_wconf 90' lang='lat' dir='ltr'><strong>ad</strong></span> <span class='ocrx_word' id='word_1_641' title='bbox 1635 5192 1841 5249; x_wconf 73' lang='lat' dir='ltr'><strong>annum</strong></span> <span class='ocrx_word' id='word_1_642' title='bbox 1899 5192 2107 5247; x_wconf 89' lang='lat' dir='ltr'><strong>Christi</strong></span> 
     </span>
    </p>
   </div>
   <div class='ocr_carea' id='block_1_96' title="bbox 515 5264 2109 5336">
    <p class='ocr_par' dir='ltr' id='par_1_96' title="bbox 515 5264 2109 5336">
     <span class='ocr_line' id='line_1_97' title="bbox 515 5264 2109 5336; baseline -0.009 -4"><span class='ocrx_word' id='word_1_643' title='bbox 515 5278 622 5332; x_wconf 74' lang='grc'><strong>476</strong></span> <span class='ocrx_word' id='word_1_644' title='bbox 653 5293 667 5330; x_wconf 90' lang='lat'><strong>:</strong></span> <span class='ocrx_word' id='word_1_645' title='bbox 698 5274 753 5329; x_wconf 90' lang='lat' dir='ltr'><strong>id</strong></span> <span class='ocrx_word' id='word_1_646' title='bbox 810 5278 1023 5327; x_wconf 89' lang='lat' dir='ltr'><strong>tantum</strong></span> <span class='ocrx_word' id='word_1_647' title='bbox 1068 5268 1389 5331; x_wconf 83' lang='lat' dir='ltr'><strong>observans,</strong></span> <span class='ocrx_word' id='word_1_648' title='bbox 1442 5268 1513 5321; x_wconf 89' lang='lat' dir='ltr'><strong>ab</strong></span> <span class='ocrx_word' id='word_1_649' title='bbox 1562 5264 1921 5336; x_wconf 83' lang='lat' dir='ltr'><strong>Eutychianis</strong></span> <span class='ocrx_word' id='word_1_650' title='bbox 1965 5264 2109 5317; x_wconf 87' lang='lat' dir='ltr'><strong>cele-</strong></span> 
     </span>
    </p>
   </div>
   <div class='ocr_carea' id='block_1_97' title="bbox 514 5334 2105 5407">
    <p class='ocr_par' dir='ltr' id='par_1_97' title="bbox 514 5334 2105 5407">
     <span class='ocr_line' id='line_1_98' title="bbox 514 5334 2105 5407; baseline -0.011 -4"><span class='ocrx_word' id='word_1_651' title='bbox 514 5346 735 5402; x_wconf 78' lang='lat' dir='ltr'><strong>bratum</strong></span> <span class='ocrx_word' id='word_1_652' title='bbox 768 5341 904 5398; x_wconf 92' lang='lat' dir='ltr'><strong>illud</strong></span> <span class='ocrx_word' id='word_1_653' title='bbox 944 5340 1135 5396; x_wconf 82' lang='lat' dir='ltr'><strong>fuisse.</strong></span> <span class='ocrx_word' id='word_1_654' title='bbox 1184 5338 1294 5393; x_wconf 88' lang='lat' dir='ltr'><strong>Sed</strong></span> <span class='ocrx_word' id='word_1_655' title='bbox 1343 5352 1527 5407; x_wconf 85' lang='lat' dir='ltr'><strong>neque</strong></span> <span class='ocrx_word' id='word_1_656' title='bbox 1572 5334 1737 5406; x_wconf 79' lang='lat' dir='ltr'><strong>quam</strong></span> <span class='ocrx_word' id='word_1_657' title='bbox 1780 5334 1853 5388; x_wconf 86' lang='lat' dir='ltr'><strong>ob</strong></span> <span class='ocrx_word' id='word_1_658' title='bbox 1883 5348 2105 5407; x_wconf 74' lang='lat' dir='ltr'><strong>causam</strong></span> 
     </span>
    </p>
   </div>
   <div class='ocr_carea' id='block_1_98' title="bbox 514 5402 2103 5487">
    <p class='ocr_par' dir='ltr' id='par_1_98' title="bbox 514 5402 2103 5487">
     <span class='ocr_line' id='line_1_99' title="bbox 514 5402 2103 5487; baseline -0.01 -16"><span class='ocrx_word' id='word_1_659' title='bbox 514 5422 909 5487; x_wconf 83' lang='lat' dir='ltr'><strong>congregatum</strong></span> <span class='ocrx_word' id='word_1_660' title='bbox 964 5412 1059 5475; x_wconf 90' lang='lat' dir='ltr'><strong>sit,</strong></span> <span class='ocrx_word' id='word_1_661' title='bbox 1110 5423 1218 5487; x_wconf 72' lang='lat' dir='ltr'><strong>nec</strong></span> <span class='ocrx_word' id='word_1_662' title='bbox 1255 5406 1391 5477; x_wconf 91' lang='lat' dir='ltr'><strong>quid</strong></span> <span class='ocrx_word' id='word_1_663' title='bbox 1436 5402 1607 5487; x_wconf 40' lang='lat' dir='ltr'><strong>inﬂet}</strong></span> <span class='ocrx_word' id='word_1_664' title='bbox 1649 5414 1865 5487; x_wconf 80' lang='lat' dir='ltr'><strong>gestum</strong></span> <span class='ocrx_word' id='word_1_665' title='bbox 1914 5402 2103 5487; x_wconf 73' lang='lat' dir='ltr'><strong>fuerit,</strong></span> 
     </span>
    </p>
   </div>
   <div class='ocr_carea' id='block_1_99' title="bbox 512 5474 2104 5549">
    <p class='ocr_par' dir='ltr' id='par_1_99' title="bbox 512 5474 2104 5549">
     <span class='ocr_line' id='line_1_100' title="bbox 512 5474 2104 5549; baseline -0.011 -7"><span class='ocrx_word' id='word_1_666' title='bbox 512 5474 953 5549; x_wconf 55' lang='lat' dir='ltr'><strong>mnfmemorat;</strong></span> <span class='ocrx_word' id='word_1_667' title='bbox 990 5474 1165 5536; x_wconf 81' lang='lat' dir='ltr'><strong>nestri</strong></span> <span class='ocrx_word' id='word_1_668' title='bbox 1204 5474 1389 5548; x_wconf 83' lang='lat' dir='ltr'><strong>itaque</strong></span> <span class='ocrx_word' id='word_1_669' title='bbox 1431 5475 1595 5531; x_wconf 81' lang='lat' dir='ltr'><strong>cilicii</strong></span> <span class='ocrx_word' id='word_1_670' title='bbox 1637 5474 1743 5539; x_wconf 86' lang='lat' dir='ltr'><strong>est,</strong></span> <span class='ocrx_word' id='word_1_671' title='bbox 1774 5488 2007 5549; x_wconf 57' lang='lat' dir='ltr'><strong>ea___qua&#39;</strong></span> <span class='ocrx_word' id='word_1_672' title='bbox 2033 5474 2104 5549; x_wconf 77' lang='lat' dir='ltr'><strong>ab</strong></span> 
     </span>
    </p>
   </div>
   <div class='ocr_carea' id='block_1_100' title="bbox 513 5543 2101 5628">
    <p class='ocr_par' dir='ltr' id='par_1_100' title="bbox 513 5543 2101 5628">
     <span class='ocr_line' id='line_1_101' title="bbox 513 5543 2101 5628; baseline -0.008 -19"><span class='ocrx_word' id='word_1_673' title='bbox 513 5556 611 5613; x_wconf 87' lang='lat' dir='ltr'><strong>illo</strong></span> <span class='ocrx_word' id='word_1_674' title='bbox 652 5543 1027 5628; x_wconf 65' lang='lat' dir='ltr'><strong>pmtermissa</strong></span> <span class='ocrx_word' id='word_1_675' title='bbox 1067 5557 1221 5628; x_wconf 76' lang='lat' dir='ltr'><strong>sunt,</strong></span> <span class='ocrx_word' id='word_1_676' title='bbox 1265 5543 1401 5628; x_wconf 52' lang='lat' dir='ltr'><strong>cura</strong></span> <span class='ocrx_word' id='word_1_677' title='bbox 1436 5555 1643 5628; x_wconf 45' lang='lat' dir='ltr'><strong>nostra</strong></span> <span class='ocrx_word' id='word_1_678' title='bbox 1699 5561 1766 5599; x_wconf 88' lang='lat' dir='ltr'><strong>ac</strong></span> <span class='ocrx_word' id='word_1_679' title='bbox 1818 5543 2101 5628; x_wconf 76' lang='lat' dir='ltr'><strong>diligentia</strong></span> 
     </span>
    </p>
   </div>
   <div class='ocr_carea' id='block_1_101' title="bbox 404 5614 2104 5699">
    <p class='ocr_par' dir='ltr' id='par_1_101' title="bbox 404 5614 2104 5699">
     <span class='ocr_line' id='line_1_102' title="bbox 404 5614 2104 5699; baseline -0.009 -15"><span class='ocrx_word' id='word_1_680' title='bbox 404 5673 409 5677; x_wconf 93' lang='lat'><strong>.</strong></span> <span class='ocrx_word' id='word_1_681' title='bbox 511 5614 791 5699; x_wconf 60' lang='lat' dir='ltr'><strong>supplere.</strong></span> <span class='ocrx_word' id='word_1_682' title='bbox 848 5625 979 5679; x_wconf 86' lang='lat' dir='ltr'><strong>Post</strong></span> <span class='ocrx_word' id='word_1_683' title='bbox 1027 5620 1207 5677; x_wconf 89' lang='lat' dir='ltr'><strong>editas</strong></span> <span class='ocrx_word' id='word_1_684' title='bbox 1245 5633 1276 5673; x_wconf 91' lang='lat' dir='ltr'><strong>a</strong></span> <span class='ocrx_word' id='word_1_685' title='bbox 1327 5616 1592 5672; x_wconf 88' lang='lat' dir='ltr'><strong>Basilisco</strong></span> <span class='ocrx_word' id='word_1_686' title='bbox 1626 5616 1762 5684; x_wconf 86' lang='lat' dir='ltr'><strong>imp.</strong></span> <span class='ocrx_word' id='word_1_687' title='bbox 1791 5614 2104 5685; x_wconf 84' lang='lat' dir='ltr'><strong>encyclicas</strong></span> 
     </span>
    </p>
   </div>
   <div class='ocr_carea' id='block_1_102' title="bbox 2205 4559 3808 4629">
    <p class='ocr_par' dir='ltr' id='par_1_102' title="bbox 2205 4559 3808 4629">
     <span class='ocr_line' id='line_1_103' title="bbox 2205 4559 3808 4629; baseline -0.001 -13"><span class='ocrx_word' id='word_1_688' title='bbox 2205 4561 2339 4616; x_wconf 70' lang='lat' dir='ltr'><strong>eius</strong></span> <span class='ocrx_word' id='word_1_689' title='bbox 2367 4559 2793 4629; x_wconf 88' lang='lat' dir='ltr'><strong>Conslantinop.</strong></span> <span class='ocrx_word' id='word_1_690' title='bbox 2834 4560 3131 4629; x_wconf 88' lang='lat' dir='ltr'><strong>episcopus</strong></span> <span class='ocrx_word' id='word_1_691' title='bbox 3161 4560 3313 4613; x_wconf 90' lang='lat' dir='ltr'><strong>solus</strong></span> <span class='ocrx_word' id='word_1_692' title='bbox 3340 4575 3407 4613; x_wconf 79' lang='lat' dir='ltr'><strong>ex</strong></span> <span class='ocrx_word' id='word_1_693' title='bbox 3438 4561 3808 4629; x_wconf 66' lang='lat' dir='ltr'><strong>partriarchig</strong></span> 
     </span>
    </p>
   </div>
   <div class='ocr_carea' id='block_1_103' title="bbox 2213 4629 3810 4700">
    <p class='ocr_par' dir='ltr' id='par_1_103' title="bbox 2213 4629 3810 4700">
     <span class='ocr_line' id='line_1_104' title="bbox 2213 4629 3810 4700; baseline 0.003 -16"><span class='ocrx_word' id='word_1_694' title='bbox 2213 4633 2306 4700; x_wconf 89' lang='lat' dir='ltr'><strong>qui</strong></span> <span class='ocrx_word' id='word_1_695' title='bbox 2328 4629 2598 4685; x_wconf 87' lang='lat' dir='ltr'><strong>Orientali</strong></span> <span class='ocrx_word' id='word_1_696' title='bbox 2628 4630 2864 4699; x_wconf 89' lang='lat' dir='ltr'><strong>imperio</strong></span> <span class='ocrx_word' id='word_1_697' title='bbox 2894 4630 3275 4700; x_wconf 68' lang='lat' dir='ltr'><strong>subiacebant,</strong></span> <span class='ocrx_word' id='word_1_698' title='bbox 3309 4629 3396 4683; x_wconf 88' lang='lat' dir='ltr'><strong>his</strong></span> <span class='ocrx_word' id='word_1_699' title='bbox 3434 4629 3641 4687; x_wconf 88' lang='lat' dir='ltr'><strong>litteris</strong></span> <span class='ocrx_word' id='word_1_700' title='bbox 3669 4632 3810 4688; x_wconf 75' lang='lat' dir='ltr'><strong>sub.</strong></span> 
     </span>
    </p>
   </div>
   <div class='ocr_carea' id='block_1_104' title="bbox 2212 4699 3808 4766">
    <p class='ocr_par' dir='ltr' id='par_1_104' title="bbox 2212 4699 3808 4766">
     <span class='ocr_line' id='line_1_105' title="bbox 2212 4699 3808 4766; baseline 0.002 -11"><span class='ocrx_word' id='word_1_701' title='bbox 2212 4699 2461 4755; x_wconf 82' lang='lat' dir='ltr'><strong>scribere</strong></span> <span class='ocrx_word' id='word_1_702' title='bbox 2508 4700 2809 4766; x_wconf 85' lang='lat' dir='ltr'><strong>recusavit,</strong></span> <span class='ocrx_word' id='word_1_703' title='bbox 2865 4715 2969 4755; x_wconf 90' lang='lat' dir='ltr'><strong>nec</strong></span> <span class='ocrx_word' id='word_1_704' title='bbox 3014 4699 3471 4755; x_wconf 85' lang='lat' dir='ltr'><strong>Cbalcedonense</strong></span> <span class='ocrx_word' id='word_1_705' title='bbox 3500 4703 3808 4763; x_wconf 85' lang='lat' dir='ltr'><strong>concilium</strong></span> 
     </span>
    </p>
   </div>
   <div class='ocr_carea' id='block_1_105' title="bbox 2209 4769 3807 4840">
    <p class='ocr_par' dir='ltr' id='par_1_105' title="bbox 2209 4769 3807 4840">
     <span class='ocr_line' id='line_1_106' title="bbox 2209 4769 3807 4840; baseline 0.003 -15"><span class='ocrx_word' id='word_1_706' title='bbox 2209 4786 2277 4825; x_wconf 76' lang='lat' dir='ltr'><strong>ex</strong></span> <span class='ocrx_word' id='word_1_707' title='bbox 2324 4769 2718 4825; x_wconf 84' lang='lat' dir='ltr'><strong>ecclesiasticis</strong></span> <span class='ocrx_word' id='word_1_708' title='bbox 2766 4770 2969 4840; x_wconf 81' lang='lat' dir='ltr'><strong>tabulis</strong></span> <span class='ocrx_word' id='word_1_709' title='bbox 2997 4783 3312 4840; x_wconf 74' lang='lat' dir='ltr'><strong>expungere</strong></span> <span class='ocrx_word' id='word_1_710' title='bbox 3353 4786 3599 4839; x_wconf 89' lang='lat' dir='ltr'><strong>unquam</strong></span> <span class='ocrx_word' id='word_1_711' title='bbox 3631 4780 3807 4833; x_wconf 81' lang='lat' dir='ltr'><strong>susti-</strong></span> 
     </span>
    </p>
   </div>
   <div class='ocr_carea' id='block_1_106' title="bbox 2209 4838 3806 4905">
    <p class='ocr_par' dir='ltr' id='par_1_106' title="bbox 2209 4838 3806 4905">
     <span class='ocr_line' id='line_1_107' title="bbox 2209 4838 3806 4905; baseline 0.002 -10"><span class='ocrx_word' id='word_1_712' title='bbox 2209 4842 2353 4895; x_wconf 86' lang='lat' dir='ltr'><strong>nuit.</strong></span> <span class='ocrx_word' id='word_1_713' title='bbox 2387 4840 2493 4895; x_wconf 90' lang='lat' dir='ltr'><strong>Sed</strong></span> <span class='ocrx_word' id='word_1_714' title='bbox 2527 4848 2584 4894; x_wconf 91' lang='lat' dir='ltr'><strong>et</strong></span> <span class='ocrx_word' id='word_1_715' title='bbox 2607 4841 2862 4895; x_wconf 85' lang='lat' dir='ltr'><strong>monachi</strong></span> <span class='ocrx_word' id='word_1_716' title='bbox 2895 4838 3493 4904; x_wconf 76' lang='lat' dir='ltr'><strong>Constantinopolitani</strong></span> <span class='ocrx_word' id='word_1_717' title='bbox 3534 4842 3806 4905; x_wconf 81' lang='lat' dir='ltr'><strong>Basilisco</strong></span> 
     </span>
    </p>
   </div>
   <div class='ocr_carea' id='block_1_107' title="bbox 2208 4909 3803 4984">
    <p class='ocr_par' dir='ltr' id='par_1_107' title="bbox 2208 4909 3803 4984">
     <span class='ocr_line' id='line_1_108' title="bbox 2208 4909 3803 4984; baseline -0.003 -18"><span class='ocrx_word' id='word_1_718' title='bbox 2208 4911 2427 4966; x_wconf 80' lang='lat' dir='ltr'><strong>fortiter</strong></span> <span class='ocrx_word' id='word_1_719' title='bbox 2456 4911 2801 4984; x_wconf 76' lang='lat' dir='ltr'><strong>restiterunt.</strong></span> <span class='ocrx_word' id='word_1_720' title='bbox 2832 4909 3081 4984; x_wconf 81' lang='lat' dir='ltr'><strong>Denique</strong></span> <span class='ocrx_word' id='word_1_721' title='bbox 3106 4910 3262 4984; x_wconf 77' lang='lat' dir='ltr'><strong>plebs</strong></span> <span class='ocrx_word' id='word_1_722' title='bbox 3284 4909 3803 4984; x_wconf 72' lang='lat' dir='ltr'><strong>Constantinopoli-</strong></span> 
     </span>
    </p>
   </div>
   <div class='ocr_carea' id='block_1_108' title="bbox 2215 4980 3805 5053">
    <p class='ocr_par' dir='ltr' id='par_1_108' title="bbox 2215 4980 3805 5053">
     <span class='ocr_line' id='line_1_109' title="bbox 2215 4980 3805 5053; baseline 0.003 -17"><span class='ocrx_word' id='word_1_723' title='bbox 2215 4991 2342 5036; x_wconf 90' lang='lat' dir='ltr'><strong>tana</strong></span> <span class='ocrx_word' id='word_1_724' title='bbox 2383 4980 2711 5053; x_wconf 81' lang='lat' dir='ltr'><strong>gravissime</strong></span> <span class='ocrx_word' id='word_1_725' title='bbox 2745 4981 3067 5053; x_wconf 78' lang='lat' dir='ltr'><strong>tumultuari</strong></span> <span class='ocrx_word' id='word_1_726' title='bbox 3095 4981 3285 5053; x_wconf 72' lang='grc' dir='ltr'>ςωρίι,</span> <span class='ocrx_word' id='word_1_727' title='bbox 3327 4981 3485 5053; x_wconf 86' lang='lat' dir='ltr'><strong>urbis</strong></span> <span class='ocrx_word' id='word_1_728' title='bbox 3515 4998 3581 5037; x_wconf 87' lang='lat' dir='ltr'><strong>ac</strong></span> <span class='ocrx_word' id='word_1_729' title='bbox 3611 4980 3805 5053; x_wconf 71' lang='lat' dir='ltr'><strong>palatii</strong></span> 
     </span>
    </p>
   </div>
   <div class='ocr_carea' id='block_1_109' title="bbox 2214 5050 3804 5121">
    <p class='ocr_par' dir='ltr' id='par_1_109' title="bbox 2214 5050 3804 5121">
     <span class='ocr_line' id='line_1_110' title="bbox 2214 5050 3804 5121; baseline 0.006 -16"><span class='ocrx_word' id='word_1_730' title='bbox 2214 5051 2532 5121; x_wconf 85' lang='lat' dir='ltr'><strong>incendium</strong></span> <span class='ocrx_word' id='word_1_731' title='bbox 2553 5050 2833 5116; x_wconf 86' lang='lat' dir='ltr'><strong>minitans,</strong></span> <span class='ocrx_word' id='word_1_732' title='bbox 2857 5052 2900 5104; x_wconf 91' lang='lat' dir='ltr'><strong>si</strong></span> <span class='ocrx_word' id='word_1_733' title='bbox 2924 5051 3222 5121; x_wconf 86' lang='lat' dir='ltr'><strong>imperator</strong></span> <span class='ocrx_word' id='word_1_734' title='bbox 3239 5052 3349 5104; x_wconf 80' lang='lat' dir='ltr'><strong>vim</strong></span> <span class='ocrx_word' id='word_1_735' title='bbox 3372 5052 3577 5107; x_wconf 75' lang='lat' dir='ltr'><strong>inferre</strong></span> <span class='ocrx_word' id='word_1_736' title='bbox 3595 5050 3804 5114; x_wconf 75' lang='lat' dir='ltr'><strong>Acacio</strong></span> 
     </span>
    </p>
   </div>
   <div class='ocr_carea' id='block_1_110' title="bbox 2214 5120 3805 5191">
    <p class='ocr_par' dir='ltr' id='par_1_110' title="bbox 2214 5120 3805 5191">
     <span class='ocr_line' id='line_1_111' title="bbox 2214 5120 3805 5191; baseline 0.006 -15"><span class='ocrx_word' id='word_1_737' title='bbox 2214 5131 2269 5176; x_wconf 94' lang='lat' dir='ltr'><strong>et</strong></span> <span class='ocrx_word' id='word_1_738' title='bbox 2287 5120 2588 5176; x_wconf 80' lang='lat' dir='ltr'><strong>Catliolicis</strong></span> <span class='ocrx_word' id='word_1_739' title='bbox 2613 5120 3150 5191; x_wconf 59' lang='lat' dir='ltr'><strong>perseverarenQua</strong></span> <span class='ocrx_word' id='word_1_740' title='bbox 3171 5136 3228 5174; x_wconf 90' lang='lat' dir='ltr'><strong>re</strong></span> <span class='ocrx_word' id='word_1_741' title='bbox 3254 5124 3482 5176; x_wconf 87' lang='lat' dir='ltr'><strong>territus</strong></span> <span class='ocrx_word' id='word_1_742' title='bbox 3503 5124 3805 5185; x_wconf 82' lang='lat' dir='ltr'><strong>Basiliscus</strong></span> 
     </span>
    </p>
   </div>
   <div class='ocr_carea' id='block_1_111' title="bbox 2215 5190 3805 5268">
    <p class='ocr_par' dir='ltr' id='par_1_111' title="bbox 2215 5190 3805 5268">
     <span class='ocr_line' id='line_1_112' title="bbox 2215 5190 3805 5268; baseline 0.006 -23"><span class='ocrx_word' id='word_1_743' title='bbox 2215 5208 2283 5268; x_wconf 77' lang='lat' dir='ltr'><strong>ex</strong></span> <span class='ocrx_word' id='word_1_744' title='bbox 2316 5192 2453 5268; x_wconf 81' lang='lat' dir='ltr'><strong>urbe</strong></span> <span class='ocrx_word' id='word_1_745' title='bbox 2499 5190 2645 5261; x_wconf 89' lang='lat' dir='ltr'><strong>regia</strong></span> <span class='ocrx_word' id='word_1_746' title='bbox 2680 5190 2891 5268; x_wconf 76' lang='lat' dir='ltr'><strong>aufugit</strong></span> <span class='ocrx_word' id='word_1_747' title='bbox 2912 5192 3306 5268; x_wconf 68' lang='lat' dir='ltr'><strong>_:_et._i£cc_lesi:e</strong></span> <span class='ocrx_word' id='word_1_748' title='bbox 3334 5192 3805 5268; x_wconf 83' lang='lat' dir='ltr'><strong>Constantinopo-</strong></span> 
     </span>
    </p>
   </div>
   <div class='ocr_carea' id='block_1_112' title="bbox 2210 5261 3804 5332">
    <p class='ocr_par' dir='ltr' id='par_1_112' title="bbox 2210 5261 3804 5332">
     <span class='ocr_line' id='line_1_113' title="bbox 2210 5261 3804 5332; baseline 0.006 -16"><span class='ocrx_word' id='word_1_749' title='bbox 2210 5263 2395 5316; x_wconf 64' lang='lat' dir='ltr'><strong>litanae</strong></span> <span class='ocrx_word' id='word_1_750' title='bbox 2416 5264 2540 5332; x_wconf 87' lang='lat' dir='ltr'><strong>jura</strong></span> <span class='ocrx_word' id='word_1_751' title='bbox 2574 5277 2671 5317; x_wconf 89' lang='lat' dir='ltr'><strong>sua</strong></span> <span class='ocrx_word' id='word_1_752' title='bbox 2696 5277 2759 5315; x_wconf 89' lang='lat' dir='ltr'><strong>ac</strong></span> <span class='ocrx_word' id='word_1_753' title='bbox 2786 5262 3070 5331; x_wconf 78' lang='lat' dir='ltr'><strong>privilegia</strong></span> <span class='ocrx_word' id='word_1_754' title='bbox 3102 5261 3332 5321; x_wconf 82' lang='lat' dir='ltr'><strong>ademit.</strong></span> <span class='ocrx_word' id='word_1_755' title='bbox 3359 5272 3415 5317; x_wconf 89' lang='lat' dir='ltr'><strong>et</strong></span> <span class='ocrx_word' id='word_1_756' title='bbox 3444 5261 3804 5326; x_wconf 71' lang='lat' dir='ltr'><strong>senatoribus</strong></span> 
     </span>
    </p>
   </div>
   <div class='ocr_carea' id='block_1_113' title="bbox 2211 5332 3804 5401">
    <p class='ocr_par' dir='ltr' id='par_1_113' title="bbox 2211 5332 3804 5401">
     <span class='ocr_line' id='line_1_114' title="bbox 2211 5332 3804 5401; baseline 0.005 -16"><span class='ocrx_word' id='word_1_757' title='bbox 2211 5332 2500 5387; x_wconf 82' lang='lat' dir='ltr'><strong>interdixit</strong></span> <span class='ocrx_word' id='word_1_758' title='bbox 2531 5347 2601 5387; x_wconf 91' lang='lat' dir='ltr'><strong>ne</strong></span> <span class='ocrx_word' id='word_1_759' title='bbox 2633 5333 2892 5386; x_wconf 84' lang='lat' dir='ltr'><strong>Acacium</strong></span> <span class='ocrx_word' id='word_1_760' title='bbox 2940 5333 3379 5401; x_wconf 84' lang='lat' dir='ltr'><strong>alloqucrentur.</strong></span> <span class='ocrx_word' id='word_1_761' title='bbox 3421 5336 3619 5391; x_wconf 88' lang='lat' dir='ltr'><strong>Postea</strong></span> <span class='ocrx_word' id='word_1_762' title='bbox 3665 5355 3804 5396; x_wconf 82' lang='lat' dir='ltr'><strong>vero</strong></span> 
     </span>
    </p>
   </div>
   <div class='ocr_carea' id='block_1_114' title="bbox 2210 5402 3804 5471">
    <p class='ocr_par' dir='ltr' id='par_1_114' title="bbox 2210 5402 3804 5471">
     <span class='ocr_line' id='line_1_115' title="bbox 2210 5402 3804 5471; baseline 0.004 -13"><span class='ocrx_word' id='word_1_763' title='bbox 2210 5418 2336 5458; x_wconf 86' lang='lat' dir='ltr'><strong>cum</strong></span> <span class='ocrx_word' id='word_1_764' title='bbox 2384 5403 2662 5457; x_wconf 86' lang='lat' dir='ltr'><strong>Zenonem</strong></span> <span class='ocrx_word' id='word_1_765' title='bbox 2695 5419 2763 5457; x_wconf 83' lang='lat' dir='ltr'><strong>cx</strong></span> <span class='ocrx_word' id='word_1_766' title='bbox 2804 5402 3013 5458; x_wconf 82' lang='lat' dir='ltr'><strong>Isauria</strong></span> <span class='ocrx_word' id='word_1_767' title='bbox 3062 5402 3244 5456; x_wconf 85' lang='lat' dir='ltr'><strong>redire</strong></span> <span class='ocrx_word' id='word_1_768' title='bbox 3289 5404 3595 5471; x_wconf 83' lang='lat' dir='ltr'><strong>didicisset,</strong></span> <span class='ocrx_word' id='word_1_769' title='bbox 3645 5418 3804 5464; x_wconf 84' lang='lat' dir='ltr'><strong>metu</strong></span> 
     </span>
    </p>
   </div>
   <div class='ocr_carea' id='block_1_115' title="bbox 2204 5473 3802 5543">
    <p class='ocr_par' dir='ltr' id='par_1_115' title="bbox 2204 5473 3802 5543">
     <span class='ocr_line' id='line_1_116' title="bbox 2204 5473 3802 5543; baseline 0.004 -15"><span class='ocrx_word' id='word_1_770' title='bbox 2204 5474 2517 5543; x_wconf 83' lang='lat' dir='ltr'><strong>perculsus,</strong></span> <span class='ocrx_word' id='word_1_771' title='bbox 2553 5488 2661 5527; x_wconf 88' lang='lat' dir='ltr'><strong>una</strong></span> <span class='ocrx_word' id='word_1_772' title='bbox 2688 5488 2814 5526; x_wconf 93' lang='lat' dir='ltr'><strong>cum</strong></span> <span class='ocrx_word' id='word_1_773' title='bbox 2859 5488 3030 5527; x_wconf 84' lang='lat' dir='ltr'><strong>uxore</strong></span> <span class='ocrx_word' id='word_1_774' title='bbox 3072 5482 3128 5527; x_wconf 93' lang='lat' dir='ltr'><strong>ct</strong></span> <span class='ocrx_word' id='word_1_775' title='bbox 3164 5473 3359 5530; x_wconf 88' lang='lat' dir='ltr'><strong>liberis</strong></span> <span class='ocrx_word' id='word_1_776' title='bbox 3396 5475 3451 5530; x_wconf 92' lang='lat' dir='ltr'><strong>in</strong></span> <span class='ocrx_word' id='word_1_777' title='bbox 3494 5477 3802 5534; x_wconf 59' lang='lat' dir='ltr'><strong>Eceli-siam</strong></span> 
     </span>
    </p>
   </div>
   <div class='ocr_carea' id='block_1_116' title="bbox 2208 5542 3800 5617">
    <p class='ocr_par' dir='ltr' id='par_1_116' title="bbox 2208 5542 3800 5617">
     <span class='ocr_line' id='line_1_117' title="bbox 2208 5542 3800 5617; baseline 0.003 -19"><span class='ocrx_word' id='word_1_778' title='bbox 2208 5542 2361 5617; x_wconf 51' lang='lat' dir='ltr'><strong>venit</strong></span> <span class='ocrx_word' id='word_1_779' title='bbox 2393 5561 2416 5617; x_wconf 67' lang='grc' dir='ltr'><strong>εΔ</strong></span> <span class='ocrx_word' id='word_1_780' title='bbox 2434 5559 2604 5617; x_wconf 83' lang='lat' dir='ltr'><strong>seque</strong></span> <span class='ocrx_word' id='word_1_781' title='bbox 2635 5542 2839 5617; x_wconf 76' lang='lat' dir='ltr'><strong>Acacio</strong></span> <span class='ocrx_word' id='word_1_782' title='bbox 2862 5550 2919 5597; x_wconf 92' lang='lat' dir='ltr'><strong>et</strong></span> <span class='ocrx_word' id='word_1_783' title='bbox 2941 5543 3091 5617; x_wconf 73' lang='lat' dir='ltr'><strong>clero</strong></span> <span class='ocrx_word' id='word_1_784' title='bbox 3117 5544 3273 5599; x_wconf 89' lang='lat' dir='ltr'><strong>urbis</strong></span> <span class='ocrx_word' id='word_1_785' title='bbox 3309 5555 3474 5617; x_wconf 74' lang='lat' dir='ltr'><strong>regia:</strong></span> <span class='ocrx_word' id='word_1_786' title='bbox 3500 5563 3800 5617; x_wconf 74' lang='lat' dir='ltr'><strong>excusans,</strong></span> 
     </span>
    </p>
   </div>
   <div class='ocr_carea' id='block_1_117' title="bbox 2208 5613 3800 5688">
    <p class='ocr_par' dir='ltr' id='par_1_117' title="bbox 2208 5613 3800 5688">
     <span class='ocr_line' id='line_1_118' title="bbox 2208 5613 3800 5688; baseline 0.001 -20"><span class='ocrx_word' id='word_1_787' title='bbox 2208 5613 2469 5670; x_wconf 71' lang='lat' dir='ltr'><strong>Ecclesiae</strong></span> <span class='ocrx_word' id='word_1_788' title='bbox 2504 5613 2932 5684; x_wconf 88' lang='lat' dir='ltr'><strong>Constantinop.</strong></span> <span class='ocrx_word' id='word_1_789' title='bbox 2960 5614 3084 5685; x_wconf 83' lang='lat' dir='ltr'><strong>jura</strong></span> <span class='ocrx_word' id='word_1_790' title='bbox 3124 5628 3223 5669; x_wconf 84' lang='lat' dir='ltr'><strong>sua</strong></span> <span class='ocrx_word' id='word_1_791' title='bbox 3272 5613 3535 5688; x_wconf 60' lang='lat' dir='ltr'><strong>restituit,</strong></span> <span class='ocrx_word' id='word_1_792' title='bbox 3577 5628 3635 5675; x_wconf 87' lang='lat' dir='ltr'><strong>et</strong></span> <span class='ocrx_word' id='word_1_793' title='bbox 3665 5613 3800 5676; x_wconf 62' lang='lat' dir='ltr'><strong>aut;</strong></span> 
     </span>
    </p>
   </div>
   <div class='ocr_carea' id='block_1_118' title="bbox 1966 5726 2357 5785">
    <p class='ocr_par' dir='ltr' id='par_1_118' title="bbox 1966 5726 2357 5785">
     <span class='ocr_line' id='line_1_119' title="bbox 1966 5726 2357 5785; baseline 0.005 -2"><span class='ocrx_word' id='word_1_794' title='bbox 1966 5726 2357 5785; x_wconf 77' lang='lat' dir='ltr'><strong>VARIORUM.</strong></span> 
     </span>
    </p>
   </div>
   <div class='ocr_carea' id='block_1_119' title="bbox 584 5728 2807 5902">
    <p class='ocr_par' dir='ltr' id='par_1_119' title="bbox 584 5728 2807 5902">
     <span class='ocr_line' id='line_1_120' title="bbox 1966 5728 2357 5785; baseline 0.005 -2"><span class='ocrx_word' id='word_1_795' title='bbox 1966 5728 2230 5783; x_wconf 71' lang='lat' dir='ltr'><strong>VAIthR</strong></span> <span class='ocrx_word' id='word_1_796' title='bbox 2288 5728 2357 5785; x_wconf 81' lang='grc' dir='ltr'><strong>Μ.</strong></span> 
     </span>
     <span class='ocr_line' id='line_1_121' title="bbox 584 5728 2807 5902; baseline -0.005 -13"><span class='ocrx_word' id='word_1_797' title='bbox 584 5830 663 5902; x_wconf 81' lang='grc' dir='ltr'><strong>(α)</strong></span> <span class='ocrx_word' id='word_1_798' title='bbox 722 5828 965 5902; x_wconf 80' lang='grc' dir='ltr'>Πέτρος.</span> <span class='ocrx_word' id='word_1_799' title='bbox 998 5828 1076 5883; x_wconf 90' lang='lat' dir='ltr'><strong>De</strong></span> <span class='ocrx_word' id='word_1_800' title='bbox 1121 5826 1285 5883; x_wconf 83' lang='lat' dir='ltr'><strong>Petro</strong></span> <span class='ocrx_word' id='word_1_801' title='bbox 1322 5823 1553 5880; x_wconf 86' lang='lat' dir='ltr'><strong>Fullone</strong></span> <span class='ocrx_word' id='word_1_802' title='bbox 1596 5822 1705 5880; x_wconf 80' lang='lat' dir='ltr'><strong>vid.</strong></span> <span class='ocrx_word' id='word_1_803' title='bbox 1752 5822 1961 5880; x_wconf 84' lang='lat' dir='ltr'><strong>Thcod.</strong></span> <span class='ocrx_word' id='word_1_804' title='bbox 2019 5728 2357 5881; x_wconf 36' lang='grc' dir='ltr'><strong>καίοι-ΒΗ).</strong></span> <span class='ocrx_word' id='word_1_805' title='bbox 2396 5839 2433 5891; x_wconf 92' lang='lat' dir='ltr'><strong>l,</strong></span> <span class='ocrx_word' id='word_1_806' title='bbox 2476 5822 2620 5880; x_wconf 80' lang='lat' dir='ltr'><strong>circa</strong></span> <span class='ocrx_word' id='word_1_807' title='bbox 2652 5821 2807 5877; x_wconf 88' lang='lat' dir='ltr'><strong>me-l.</strong></span> 
     </span>
    </p>
   </div>
  </div>
