3978 6384
289 394 432 467 289.9

1232 390 1621 453 HISTORIAE
1661 391 2256 455 ECCLESIASTICE
2298 397 2530 458 LIBER
2571 399 2685 459 lli.

3446 410 3589 477 2630

278 512 602 584 ’Καλχηδόνι
637 509 858 565 σύνοδον
889 505 1194 576 ἀναφανδὸν
1239 503 1661 575 ἀναθεματίσαι.
1700 504 1869 573 Ὅπερ

1984 506 2496 578 Hierosolymorum
2558 509 2628 563 ad
2691 508 2951 565 eumdem
3017 512 3242 568 Petrum
3297 519 3609 588 synodicas.

282 607 344 670 ἐς
386 605 650 659 Ἀκάκιον
682 603 835 657 ἐλθὸν
863 600 954 654 τδν
991 595 1624 663 Κωνσταντινονπόλεως
1654 596 1883 649 συνετά-

284 694 442 767 ραξε.
477 694 701 764 Πέμψαι
729 710 789 745 τε
813 689 1084 759 πεποίηκέ
1109 705 1261 751 τινας
1294 688 1360 741 τὰ
1384 686 1742 758 περὶτούτων
1773 686 1885 738 εἰσ-

280 787 518 857 ομένους
538 793 556 808 ⁸
584 784 682 848 οὓς
719 784 784 855 δὴ
814 784 1025 854 Πέτρος
1049 781 1417 852 πληροφορείν
1449 779 1770 849 βουλόμενος
1808 779 1884 842 ὡς

287 878 443 930 οὐδὲν
470 875 686 929 τοιοῦτο
710 872 1012 945 πεπραχὼς
1044 875 1153 943 εἴη,
1186 874 1554 942 ὑπομνήματα
1578 871 1880 942 γέγραφεν,

286 973 343 1024 ἐν
369 967 450 1034 οἷς
480 987 627 1034 τινες
663 971 919 1040 εἰρήκασι
960 967 1126 1039 μηδὲν
1181 966 1394 1020 τοιοῦτο
1449 967 1749 1020 συνειδέναι
1787 981 1880 1033 γε·

286 1062 525 1132 γραφὸτι
558 1060 636 1131 τῷ
669 1062 865 1130 Πέτρῳ
898 1059 995 1129 (ὅ).

1991 615 2121 654 suas
2166 599 2335 652 misit.
2375 600 2568 655 Postea
2617 610 2797 656 tamen
2849 602 3073 671 quidam
3123 621 3153 659 a
3201 612 3588 666 communione

1988 692 2137 746 Petri
2169 708 2289 747 sese
2323 683 2734 763 abjunxcrui'it:
2764 704 2929 765 atque
2964 695 3164 751 exinde
3197 699 3397 755 Petrus
3425 701 3585 757 Chal-

1988 785 2358 838 cedoncnsein
2436 785 2704 856 synodum
2784 787 3003 856 publice
3074 790 3585 847 anatlicinatizavit.

1986 877 2118 941 Quae
2156 892 2242 930 res
2288 892 2412 931 cum
2456 877 2709 931 nuntiata
2757 887 2903 932 esset
2942 881 3143 934 Acacio
3189 881 3585 939 Constantino-

1986 969 2178 1037 poleos
2211 969 2496 1039 episc0po,
2535 985 2645 1023 non
2674 971 3027 1025 mediocriter
3053 989 3178 1026 eum
3205 977 3579 1031 conturbavit.

1985 1060 2135 1114 Missi
2177 1069 2305 1114 sunt
2342 1061 2510 1130 igitur
2543 1061 2611 1114 ab
2655 1061 2878 1126 Acacio,
2927 1062 3090 1134 350
3128 1066 3220 1134 qui
3259 1068 3336 1121 rei
3373 1069 3579 1123 verita-

289 1171 398 1213 tem
452 1156 825 1226 inquirerent.
871 1156 1087 1223 Quibus
1135 1143 1261 1213 cum
1306 1158 1506 1212 Petrus
1551 1159 1885 1227 persuadere
1924 1158 2113 1223 vellet,
2182 1157 2320 1212 nihil
2386 1158 2705 1227 hujusmodi
2735 1158 3076 1213 asel‘actuni
3118 1176 3261 1227 esse,
3296 1171 3418 1217 aeta
3445 1178 3581 1217 con-

289 1250 378 1306 tlci
449 1253 691 1316 curavit,
738 1251 794 1305 in
867 1250 1072 1321 quibus
1118 1252 1342 1321 quidam
1386 1250 1572 1306 testati
1619 1260 1766 1317 sunt,
1808 1250 1950 1305 nihil
1986 1251 2308 1323 hujusmodi
2359 1251 2509 1321 quod
2549 1250 2774 1320 quidem
2825 1250 3056 1317 scirent,
3100 1268 3131 1306 a
3171 1253 3333 1309 Petro
3370 1257 3578 1311 factum

288 1341 481 1397 fuisse.

998 1459 1253 1512 ΚΕΦΛΛ.
1276 1458 1377 1512 ῐΖ’.

284 1551 425 1620 Περὶ
454 1546 544 1605 ὧν
590 1551 820 1620 ἔγραψε
860 1549 1082 1617 Πέτρος
1132 1552 1384 1613 Ἀκίικίῳ
1421 1550 1725 1621 δεξαμένῳ
1761 1551 1876 1620 τὴν

673 1626 746 1675 ἐν
790 1621 1135 1690 Καλχηδόνι
1196 1621 1482 1675 σύνοδον.

352 1727 528 1797 Οὗτος
559 1734 587 1786 ὀ
612 1733 841 1803 Πέτρος,
883 1733 958 1797 ὡς
1005 1733 1259 1803 κόθορνος
1292 1733 1367 1802 (ri)
1404 1735 1500 1785 καὶ
1542 1734 1878 1805 παλίμϐολος
1907 1758 1956 1816 Β

1943 1850 1959 1869 ν
1983 1834 2288 1889 veterator,
2324 1834 2380 1878 et
2437 1824 2533 1894 qui
2578 1825 2923 1893 temporibus
2957 1840 3077 1879 sese
3108 1829 3572 1893 accommodaret,

282 1827 376 1880 καὶ
413 1828 525 1889 τοῖς
559 1828 770 1897 καιροῖς
798 1826 1295 1895 συνδιατιθέμενος,
1327 1826 1527 1895 ἣκιστα
1560 1827 1697 1896 πρδς
1744 1827 1874 1896 μίαν

282 1917 415 1989 ἔστη
447 1916 677 1987 γνώμην
698 1930 719 1945 ‘
762 1915 858 1968 νῦν
886 1916 985 1983 μὲν
1014 1916 1427 1986 ἁναθεματίζων
1450 1916 1548 1986 τὴν
1575 1918 1630 1968 ἐν
1656 1917 1878 1988 Καλχη-

280 2007 387 2061 δόνι
420 2007 642 2060 σύνοδον
672 2022 687 2038 ·
717 2006 813 2058 νῦν
840 2008 917 2070 δὲ,
952 2006 1283 2077 παλινῳδίαν
1313 2008 1508 2074 λέγων,
1545 2008 1637 2060 καὶ
1670 2009 1874 2078 ταύτην

280 2100 482 2170 ψήφοις
501 2100 743 2161 ἁπάσαις
771 2099 1080 2168 δεχόμενος.
1108 2098 1360 2167 Γέγραφε
1384 2099 1564 2151 τοίνυν
1583 2098 1875 2170 ἐπιστολὴν

281 2196 310 2248 ὁ
340 2194 504 2256 αὐτὸς
536 2193 742 2263 Πέτρος
782 2193 920 2264 πρὸς
965 2191 1222 2244 Ἀκάκιον
1272 2191 1364 2243 τὸν
1395 2192 1495 2260 τῆς
1527 2192 1873 2244 Κωνσταντι-

281 2284 590 2348 νονπόλεως
618 2283 902 2355 προεδρον,
933 2283 1024 2336 ἐπὶ
1054 2281 1253 2349 λέξεως
1285 2282 1514 2352 ἔχουσαν
1562 2283 1734 2345 οὕτως
1756 2297 1771 2313 ο
1815 2282 1873 2335 Ὀ

284 2376 414 2440 Θεὸς
446 2379 474 2429 ὀ
523 2376 749 2445 ὕψιστος
804 2377 903 2446 τὴν
951 2377 1053 2445 σὴν
1080 2374 1391 2444 ἁγιωσύνην
1422 2374 1739 2444 ἀμείψηται,
1770 2375 1873 2427 ύπὸ

279 2486 337 2522 τε
366 2469 549 2522 πόνων
592 2468 670 2537 (5)
703 2468 797 2520 καὶ
845 2467 1109 2536 καμάτων
1152 2465 1445 2527 τοσούτων,
1480 2459 1555 2519 ὧν
1600 2466 1872 2536 περιόδοις

280 2564 492 2635 χρόνων
535 2557 811 2631 ὲφύλαξας
862 2560 961 2630 τὴν
993 2558 1102 2611 τῶν
1148 2558 1323 2627 ἁγίων
1363 2559 1624 2629 ῐιατέρων
1662 2559 1866 2625 πίστιν,

281 2655 345 2724 ἢν
371 2652 817 2715 ἀκαταπαύστως
861 2650 1148 2723 κηρύττων
1197 2651 1555 2714 έδεϐαίωσας.
1598 2653 1686 2706 Ἐν
1777 2653 1871 2705 καὶ

282 2746 341 2797 τὸ
387 2743 662 2813 σύμϐολον
709 2743 962 2811 κείμενον
996 2742 1104 2794 τῶν
1136 2749 1243 2812 τιη¹
1274 2742 1443 2809 ἁγίων
1478 2741 1740 2812 Πατὲρων
1771 2743 1866 2795 εύ-

286 2838 470 2906 ροντες
500 2827 984 2901 ὰκολούθως,ὲν‹ἷ)
1036 2832 1425 2903 βαπτισθέντες
1468 2834 1869 2905 ἐπιστεύσαμεν

281 2930 375 2981 καὶ
429 2925 762 2995 πιστεύομεν
791 2942 805 2956 ο
871 2926 1014 2997 ὅπερ
1056 2927 1150 2978 καὶ
1201 2925 1540 2979 ἐϐεϐαίωσαν
1573 2927 1623 2978 οἱ
1670 2927 1867 2979 συνελ-

280 3020 463 3083 θόντες
520 3021 582 3071 έν
632 3018 1206 3072 Κωνσταντινονπόλει
1263 3018 1409 3084 ἆγιοι
1466 3018 1710 3089 ιῙατέρες
1767 3025 1864 3089 (ον’.

2603 1458 2755 1514 CAP.
2795 1459 2961 1513 XVII.

1982 1548 2060 1606 De
2092 1553 2172 1606 liis
2197 1568 2315 1623 qute
2348 1550 2537 1605 Petrus
2580 1552 2891 1623 scripsitad
2918 1552 3190 1613 Acacium.
3228 1554 3318 1622 qui
3361 1552 3581 1608 Chalce-

2318 1624 2604 1675 donenscm
2640 1621 2897 1692 synodum
2924 1621 3246 1692 susceperat.

2056 1733 2161 1787 llic
2200 1735 2349 1788 enim
2386 1734 2604 1797 Petrus,
2656 1734 2827 1788 veluti
2866 1734 3179 1788 cothurnus
3235 1737 3459 1805 quidam
3513 1752 3577 1793 ac

1983 1916 2037 1971 in
2073 1917 2265 1971 eadem
2299 1916 2574 1970 sententia
2615 1916 2839 1970 minime
2867 1919 3258 1985 perseveravit.
3296 1920 3402 1976 Sed
3427 1937 3577 1977 nunc

1981 2006 2491 2063 Chalcedonensem
2550 2008 2819 2078 synodum
2870 2007 2975 2063 sub
3040 2011 3390 2066 anathemate
3424 2014 3579 2070 dam-

1982 2102 2153 2155 nabat
2180 2118 2192 2153 :
2223 2117 2372 2156 nunc
2405 2102 2743 2171 palinodiam
2776 2117 3001 2168 canens,
3032 2103 3282 2158 eamdem
3316 2107 3576 2162 omnibus

1982 2194 2263 2265 sutl‘ragiis
2287 2195 2749 2265 amplectebatur.
2772 2194 2961 2263 Itaque
3007 2195 3298 2264 epistolam
3351 2198 3577 2269 scripsit

1981 2285 2049 2339 ad
2080 2283 2342 2339 Acacium
2371 2283 3048 2353 Constantinopolitanum
3084 2285 3411 2353 antistitem,
3451 2303 3576 2357 quae

1980 2376 2048 2431 ad
2078 2376 2307 2430 verbum
2338 2376 2418 2431 sic
2462 2376 2631 2431 habet
2673 2394 2685 2429 :
2735 2377 2885 2431 Deus
2935 2377 3237 2432 altissimus
3294 2380 3573 2434 sanctitati

1982 2476 2089 2520 tuae
2128 2466 2439 2521 mercedem
2496 2466 2767 2536 rependet
2810 2482 2912 2535 pro
2954 2466 3122 2520 tantis
3182 2467 3469 2522 laboribus
3510 2484 3574 2523 ac

1978 2558 2268 2624 molestiis,
2300 2540 2440 2627 quas
2469 2573 2569 2627 per
2604 2566 2680 2611 tot
2702 2573 2977 2611 annorum
3002 2558 3277 2613 curricula
3301 2560 3573 2649 sustiuui—
3628 2598 3633 2603 -

1978 2651 2072 2716 sti,
2105 2659 2423 2707 sanctorum
2478 2650 2701 2706 Patrum
2744 2649 2903 2704 tidem
2940 2666 3280 2707 conservans
3334 2671 3346 2705 :
3405 2667 3570 2721 quam

1975 2745 2205 2815 quidem
2236 2744 2457 2799 assidue
2488 2743 2793 2813 przedicans
2827 2743 3189 2798 conﬁrmasti.
3225 2743 3340 2809 Qua
3365 2742 3421 2799 iu
3465 2745 3571 2799 lida

1978 2837 2295 2909 symbolum
2326 2851 2549 2905 quoque
2604 2842 2976 2889 trecentorum
3005 2845 3061 2888 et
3094 2834 3399 2889 octodecim
3441 2851 3556 2890 san-

1976 2939 2190 2984 ctorum
2222 2926 2449 2981 Patrum
2476 2936 2625 2981 recte
2660 2934 2825 2995 atque
2856 2926 3050 2980 ordine
3081 2927 3323 2996 positum
3349 2927 3575 2981 inveni-.

1977 3038 2102 3076 mus
2137 3040 2149 3075 :
2190 3022 2244 3075 iu
2282 3038 2392 3091 quo
2426 3022 2557 3076 olim
2594 3020 2856 3089 baptizati
2909 3020 3274 3092 credidimus,
3315 3032 3372 3077 et
3421 3038 3571 3078 nunc

265 3110 762 3174 ”Λκαταπαύστως
796 3109 976 3163 τοίνυν
1004 3111 1214 3173 πάντας
1251 3109 1484 3179 ὁδηγῶν,
1509 3111 1728 3181 ἤνωσας
1771 3112 1868 3181 τὴν

1983 3113 2285 3168 credimus:
2319 3112 2466 3181 quod
2489 3112 2711 3181 quidem
2744 3119 2907 3166 etiam
2963 3113 3349 3169 confirmatum
3399 3125 3484 3170 est
3540 3132 3569 3169 a

268 3200 443 3273 Δἁγίαν
478 3203 577 3258 τοῦ
607 3202 745 3256 Θεοῦ
794 3202 1146 3273 Ἐκκλησίαν,
1177 3203 1373 3266 πείσας
1408 3205 1555 3272 ἡμᾶς
1585 3203 1677 3256 διὰ
1710 3204 1871 3273 μεγί-

278 3314 420 3351 στων
471 3297 889 3367 ὑποδειγμάτων
920 3297 996 3357 ὡς
1038 3295 1191 3348 οὐδέν
1226 3296 1340 3348 ἐστι
1378 3298 1533 3365 παρὰ
1568 3296 1740 3349 ταῦτα
1770 3314 1869 3349 πε-

276 3390 596 3459 πραγμένον
626 3391 685 3441 ἐν
715 3391 783 3459 τῇ
827 3387 1109 3459 ἁγιωτάτῃ
1144 3388 1236 3438 καὶ
1274 3389 1627 3457 οἰκουμενικῇ
1664 3389 1868 3460 συνόδῳ

275 3484 339 3550 τῇ
352 3482 409 3532 ὲν
435 3478 744 3551 Καλχηδόνι
774 3476 1065 3548 γενομένῃ,
1087 3475 1483 3547 σνμφωνούσης
1504 3480 1599 3529 καὶ
1616 3476 1866 3543 βεϐαιού-

279 3590 374 3644 σης
404 3572 504 3641 (m)
538 3571 610 3625 τὰ
635 3574 747 3634 τοῖς
775 3573 834 3623 ὲν
883 3570 1093 3639 Νικαία
1139 3568 1320 3635 ἁγίοις
1362 3569 1660 3637 Πατράσιν.
1699 3570 1866 3623 Οὐδὲν

272 3666 380 3735 γὰρ
442 3663 702 3734 εὑρόντες
740 3660 930 3714 καινὸν
978 3659 1285 3721 αὐτοτελῶς
1329 3662 1739 3730 συνεστήσαμεν
1770 3662 1865 3715 καὶ

273 3754 750 3822 πεπιστεύκαμεν.
781 3750 1202 3822 Μεμαθήκαμεν
1225 3749 1303 3811 δὲ,
1325 3749 1399 3811 ὡς
1426 3751 1570 3811 τινὲς
1606 3750 1865 3820 μονάζον-

263 3866 360 3911 ,τες
394 3846 720 3917 φθονοῦντες
749 3847 814 3915 τῇ
856 3842 1017 3914 ἡμῶν
1068 3842 1412 3912 ἀδελφότητι,
1449 3845 1528 3906 είς
1568 3843 1665 3907 τὰς
1713 3844 1866 3914 ὑμῶν

268 3939 422 4001 ὁσίας
471 3935 644 3997 ἀκοὰς
674 3936 1004 4005 εἰσήνεγκαν
1033 3932 1305 4002 λοιδορίας
1340 3935 1515 3999 τινας,
1544 3935 1649 3986 οὐκ
1708 3935 1864 4004 εὐχε..

273 4031 382 4103 ρῶς
414 4027 766 4102 μεταγούσας
796 4028 876 4087 είς
899 4025 1079 4093 λύπην
1132 4025 1231 4096 τὴν
1263 4025 1419 4096 ἡμῶν
1446 4026 1717 4094 ὁσιότητα.
1756 4027 1865 4080 Καὶ

270 4123 488 4195 πρῶτον
523 4122 623 4194 μὶν
654 4120 730 4185 ὼς
760 4119 829 4174 τὰ
881 4116 1114 4187 λείψανα
1160 4116 1255 4171 τοῦ
1299 4120 1356 4171 ἐν
1390 4117 1564 4187 ἁγίοις
1595 4119 1673 4192 (6)
1700 4118 1859 4191 ἡμῶν

1978 3213 2199 3259 centum
2232 3216 2287 3258 et
2315 3204 2719 3273 quinquaginta
2743 3204 2952 3258 sanctis
2982 3204 3245 3259 Patribus
3293 3206 3387 3276 qui
3422 3206 3572 3263 Con-

1976 3296 2337 3365 stantinopoli
2369 3304 2774 3350 convenerunt.
2802 3297 2883 3350 Tu
2939 3312 3071 3367 ergo
3113 3298 3232 3352 sine
3290 3299 3574 3357 intermis-

1970 3388 2132 3442 sione
2165 3390 2308 3441 viam
2338 3388 2599 3441 omnibus
2623 3396 2958 3452 monstrans,
2991 3398 3231 3443 sanetam
3254 3390 3350 3445 Dei
3388 3393 3575 3447 Eccle-

1976 3478 2113 3533 siam
2153 3478 2451 3539 adunasti;
2486 3479 2691 3547 quippe
2727 3479 2821 3548 qui
2854 3480 3185 3535 certissimis
3226 3483 3572 3551 argumentis

1975 3570 2138 3625 nobis
2168 3571 2535 3639 persuaseris,
2569 3571 2712 3624 nihil
2745 3579 2939 3624 contra
2987 3570 3104 3625 haec
3142 3582 3328 3626 aetum
3362 3589 3485 3629 esse
3513 3576 3568 3630 in

1973 3660 2318 3715 sanctissima
2351 3660 2728 3715 etuniversali
2779 3661 2991 3730 synodo
3045 3677 3167 3730 qua:
3218 3661 3569 3719 Chalcedone

1973 3760 2302 3823 congregata
2349 3759 2466 3806 est:
2501 3761 2693 3821 utpote
2727 3767 2848 3822 qua:
2882 3767 3007 3806 cum
3063 3754 3271 3808 sanctis
3309 3756 3569 3811 Patrihus

1973 3846 2105 3900 olim
2130 3845 2323 3899 Nicaea:
2357 3844 2605 3898 collectis
2637 3844 2981 3909 consentiat,
3014 3859 3318 3914 eorumque
3345 3847 3566 3902 decreta

1973 3938 2283 3993 conﬁrmet.
2317 3937 2455 3993 Cum
2499 3936 2831 4006 igiturnihil
2858 3936 2912 3989 in
2953 3952 3035 3990 ca.
3065 3946 3326 3991 novatum
3365 3939 3566 4009 deprc-

1974 4028 2359 4092 henderimus,
2403 4027 2554 4082 ultro
2583 4042 2649 4081 ac
2690 4035 2885 4096 sponte
2908 4042 3238 4083 consensum
3272 4045 3336 4085 ac
3402 4032 3563 4086 tidem

1970 4122 2021 4177 ei
2046 4121 2608 4178 aceommodavimus.
2633 4120 3006 4191 Cognovimus
3029 4130 3211 4177 autem
3264 4126 3564 4181 monachos

1461 4260 1735 4316 VALESII
1787 4260 2355 4320 ANNOTA'I'IONES.

269 4366 527 4422 Ammone
569 4366 624 4415 et
667 4359 878 4415 Joanne
920 4357 1159 4429 episcopo
1200 4354 1490 4429 Magileos,
1513 4364 1579 4429 et-
1598 4357 1662 4409 ab
1705 4356 1867 4411 abba-

264 4437 404 4490 tibus
450 4434 830 4488 monachorum
884 4425 1154 4499 inferioris
1212 4425 1431 4499 {Egypti
1474 4425 1614 4499 bella
1654 4444 1862 4499 passus,

260 4516 319 4562 et
356 4506 618 4561 seditione
648 4504 694 4554 ei
731 4503 784 4555 in
817 4496 1061 4556 Ciesarea
1108 4496 1331 4551 basilica
1356 4496 1429 4549 ut
1468 4498 1664 4550 dicitur
1697 4498 1862 4566 facta,

1975 4359 2486 4412 anathematizavit.

2048 4429 2121 4501 (5)
2164 4432 2499 4501 l‘erpagdn
2527 4427 2607 4501 τῷ
2639 4426 2854 4501 Πέτρῳ.
2893 4425 3261 4501 scribendum
3292 4428 3442 4501 inihi
3484 4431 3562 4483 vi-

1973 4497 2135 4553 detur
2190 4500 2517 4568 πεπραχότι,
2570 4499 2751 4567 Atque
2801 4497 2875 4551 ita
2928 4498 3061 4568 legit
3116 4498 3459 4568 Nicephorus
3505 4503 3559 4555 in

269 4574 748 4643 anathematizan
780 4571 1040 4643 synodum
1070 4567 1547 4643 Chalcedonensem
1579 4578 1631 4643 et
1668 4576 1867 4643 tomum
1906 4567 1945 4623 D
1977 4585 2098 4643 cap.
2138 4571 2241 4643 15,
2268 4567 2520 4623 Ιίικχνι.

269 4663 426 4720 papa:
455 4644 665 4720 tionis“.
698 4642 765 4720 _Et
791 4639 899 4720 litvo
931 4640 1071 4709 fecit,
1112 4655 1230 4720 cuin
1252 4639 1373 4720 jam
1404 4639 1694 4707 scripsisset
1724 4639 1863 4720 Aea-7

269 4709 354 4772 cio
388 4727 436 4770 et
469 4713 784 4784 Simplicio:
807 4709 1377 4784 quiacommnnicator
1417 4725 1598 4761 eorum
1642 4718 1774 4784 esset
1815 4719 1864 4763 et

266 4799 471 4843 sancta:
493 4779 701 4855 synodi.
737 4779 908 4837 Et'his
933 4782 1010 4835 ita
1040 4780 1221 4904 gestis,
1254 4779 1614 4832 abscesserunt
1644 4780 1864 4847 quidam

266 4876 301 4904 α
341 4857 488 4904 Petri
531 4854 918 4904 communione.
954 4858 1003 4904 et
1088 4865 1263 4903 omam
1298 4851 1676 4903 nuntiaverunt
1714 4866 1864 4904 nava:

266 4876 301 4912 ο
337 4857 488 4911 Petri
524 4851 918 4918 communione,
954 4858 1003 4905 et
1040 4851 1263 4904 Romam
1298 4851 1676 4903 nuntiaverunt
1713 4866 1865 4919 papa:

268 4927 535 4983 Romano.
575 4927 709 4991 Quae
752 4933 879 4977 eum
925 4921 1037 4975 sint
1081 4920 1225 4991 satis
1275 4919 1533 4991 obscura,
1580 4921 1652 4971 ita
1699 4936 1867 4988 expo-

268 4999 450 5054 nenda
503 4988 626 5050 esse
678 4993 814 5046 mihi
867 4991 1147 5047 videntur.
1206 4990 1404 5044 Petrus
1458 4988 1861 5057 Mongus,cum

270 5068 325 5123 in
378 5067 571 5122 sedem
625 5062 1050 5117 Alexandrinam
1109 5061 1268 5131 pulso
1311 5060 1522 5114 Joanne
1573 5062 1860 5116 restitutus

268 5149 437 5193 esset,
496 5136 680 5205 primo
719 5134 944 5205 quidem
983 5130 1415 5205 simulatecgit,
1470 5139 1526 5205 et
1564 5130 1861 5205 synmlicas

268 5200 584 5263 litteras-ad
616 5200 877 5259 Acacium
903 5212 960 5257 et
985 5202 1052 5255 ad
1080 5200 1427 5270 Simplicium
1454 5200 1623 5257 misit.
1657 5202 1859 5267 quibus

269 5294 329 5333 se
362 5278 896 5332 connuuuieatorem
927 5287 1049 5326 esse
1083 5271 1345 5326 Chalced.
1386 5271 1578 5340 synodi
1624 5273 1866 5325 atlirnia-

270 5347 383 5403 bat.
424 5349 537 5402 Eos
566 5360 790 5415 quoque
821 5342 915 5413 qui
953 5351 1113 5415 erant
1156 5357 1224 5395 ex
1265 5350 1419 5410 parte
1450 5341 1726 5415 Timothei
1769 5343 1865 5415 Sa:

271 5417 538 5480 lot’acioli,
586 5410 658 5468 'iu
699 5410 1175 5468 'couimuniouem
1231 5426 1386 5465 suam
1437 5410 1702 5475 admisit,
1786 5413 1863 5467 uti

274 5497 510 5544 testatur
560 5486 872 5540 Liberatus.
930 5483 1124 5539 Postea
1166 5497 1297 5535 vero
1336 5497 1461 5534 cum
1497 5482 1568 5535 ob
1602 5482 1746 5537 hanc.
1793 5483 1855 5537 si-

271 5559 632 5613 mulationem
658 5558 967 5620 exagitatus
997 5561 1145 5607 esset
1176 5552 1247 5605 ab
1280 5552 1636 5620 Eutychiauis
1674 5569 1864 5606 mona—

270 5596 662 5700 chisip‘ulblicc
686 5621 741 5678 iu
763 5596 1026 5679 IL‘Ecclesia
1052 5622 1322 5693 synodum
1355 5611 1864 5679 Chalcedonenscm

2046 4637 2121 4702 Η)
2164 4641 2385 4707 Πέτρος
2414 4643 2447 4693 ὀ
2515 4639 2822 4707 κόθορνος.
2857 4637 3015 4692 Hunc
3044 4641 3226 4695 locum
3262 4641 3455 4708 partim
3492 4656 3556 4695 ex

1974 4709 2307 4780 Nicephoro,
2343 4710 2542 4779 partim
2572 4710 2917 4780 auctoritate
2942 4708 3240 4765 Florentini
3270 4711 3477 4765 codicis
3504 4722 3559 4767 et

1974 4778 2272 4835 Telleriaui
2304 4778 2618 4835 emendavi.
2670 4780 2840 4833 Porro
2887 4778 2956 4832 de
3004 4781 3150 4834 Petri
3189 4781 3408 4847 ingenio
3438 4784 3557 4834 mo-

1974 4850 2068 4903 bili
2109 4866 2172 4905 ac
2220 4851 2593 4910 fraudulento.
2648 4849 2792 4903 idem
2844 4857 3077 4903 testatur
3129 4850 3417 4903 Liberatus
3474 4851 3560 4907 his

1972 4921 2160 4974 verbis
2188 4937 2202 4975 :
2231 4920 2333 4975 Sed
2359 4922 2649 4990 permansit
2681 4918 2868 4990 Petrus
2893 4920 2947 4971 in
2980 4921 3300 4990 episcopatu,
3330 4920 3558 4976 scribens

1974 4991 2168 5045 Acacio
2215 4989 2513 5060 quia’esset
2551 4989 2737 5059 synodi
2767 4992 3204 5052 communicator,
3262 4999 3312 5042 ct
3362 4990 3558 5056 fallens

1967 5060 2360 5115 Alexandrinos
2393 5062 2520 5129 quia
2553 5076 2654 5112 non
2680 5076 2790 5112 com
2804 5060 3093 5129 inimicm-ct
3112 5061 3310 5128 synodo
3341 5077 3359 5113 :
3394 5060 3470 5113 ita
3500 5070 3556 5114 ut

1967 5133 2183 5201 quidam
2201 5128 2707 5201 communicatorum
2732 5129 2844 5198 ejus
2862 5128 3058 5192 clerici,
3080 5131 3322 5182 monachi
3340 5140 3393 5201 et
3411 5129 3555 5196 laici,

1966 5212 2332 5272 cognoscentes
2368 5203 2482 5273 ej_us
2518 5200 2813 5273 fallaciam,
2864 5201 3232 5273 separaverint
3265 5217 3321 5252 se
3344 5200 3406 5254 ab
3442 5202 3556 5273 eius

1964 5269 2353 5325 communione.
2392 5269 2463 5324 Et
2504 5285 2654 5323 extra
2697 5269 2945 5323 collectas
2985 5272 3235 5340 facientes
3265 5286 3367 5324 non
3414 5269 3557 5341 passi

1963 5350 2084 5396 sunt
2121 5343 2321 5396 nomini
2355 5342 2468 5412 ejus
2503 5341 2915 5412 communicare.

2038 5415 2112 5479 (Si)
2151 5412 2299 5465 ’Υπό
2321 5410 2386 5464 τέ
2413 5415 2636 5465 πόνων.
2663 5410 3029 5466 Scrihendum
3056 5421 3142 5466 est
3163 5410 3357 5479 procul
3384 5410 3556 5465 dubio

1967 5483 2108 5554 ὑπέρ
2133 5500 2192 5535 τε
2221 5483 2419 5554 πόνων.
2455 5483 2561 5536 Pro
2597 5481 3367 5554 designentlegendumhest
3394 5482 3557 5554 ᾁμείυ

1965 5551 2148 5621 ψεται.
2192 5562 2251 5608 ιιι
2300 5553 2466 5607 habet
2509 5551 2684 5607 codex
2731 5551 3078 5607 Tellerizinus
3115 5561 3171 5606 et
3217 5551 3447 5622 Niceph.

2039 5625 2114 5694 (ὕ)
2153 5624 2246 5689 Ὡς
2270 5626 2341 5677 τὰ
2367 5624 2637 5692 λείψανα
2665 5622 2768 5677 τοῦ
2793 5622 2864 5674 ἐν
2890 5623 3103 5689 ἁγίοις.
3128 5620 3414 5693 Οιῄρςιυιιι
3437 5620 3560 5693 qui-

1713 5742 2100 5799 \‘AlilOliUM.

340 5842 439 5918 (m)
482 5841 943 5911 Σιομεριιηθούσης
974 5839 1071 5894 καὶ
1096 5837 1492 5905 βεϐαιούσης.
1537 5838 1853 5910 Legendum

1983 5840 2265 5915 ιφωνούσῃ
2300 5841 2397 5896 καὶ
2426 5838 2746 5912 βεϐαιούσῃ.
2797 5838 2884 5896 W.
2925 5838 3149 5896 Lowru.
