3978 6392
447 369 581 439 2631

1678 369 1996 431 EVAGRII
2036 367 2523 430 SCHOLASTICI
2613 359 2619 366 ’

3496 401 3506 410 ο
3575 367 3707 434 2632

444 483 717 555 quosdam
742 481 1078 538 fraternitati
1112 488 1317 537 nostra:
1348 480 1685 542 invidentes,
1709 482 1776 536 ad
1808 481 2044 538 sanctis-

2159 481 2365 552 Πατίδς
2384 478 2480 533 τοῦ
2507 477 2781 550 μακαρίου
2810 477 3246 549 ἀρχιεπισκὸπου
3277 477 3537 549 Τιμοθέου
3593 497 3711 551 μετ-

445 581 616 630 simas
647 588 812 629 aures
867 580 1080 626 vestras
1129 572 1380 642 quaedam
1442 571 1710 626 detulisse
1759 572 2032 637 convicia,

446 685 572 740 quae
603 665 950 723 sanctitatem
982 672 1132 718 tuom
1177 663 1324 718 haud
1377 663 1541 719 facile
1593 663 1888 719 adversum
1935 678 2040 718 nos

447 761 731 817 concitare
766 763 1090 827 potuerunt.
1141 755 1388 819 Primum
1416 756 1641 826 quidem
1676 756 1824 826 quod
1860 755 2040 810 sancti

445 850 622 906 Patris
646 849 898 904 nostriet
928 846 1361 918 archiepiscopi,
1397 847 1542 902 beati
1584 847 1862 903 Timothei
1913 847 2044 902 reli-

447 943 606 1013 quias
624 943 798 1000 alium
831 944 884 998 in
921 943 1107 997 locum
1129 941 1598 996 transtulerimus.
1628 942 1785 1009 Quod
1815 941 2043 1012 quidem

448 1033 682 1100 facinus,
708 1051 816 1093 nec
843 1038 956 1092 Deo
997 1043 1285 1106 acceptum
1336 1049 1443 1090 nec
1502 1034 1717 1106 legibus
1754 1043 2046 1092 consenta-

448 1141 616 1181 neum
641 1128 802 1200 351
841 1137 949 1185 est.
983 1128 1196 1185 Deinde
1217 1128 1284 1182 ad
1318 1126 1552 1183 alterum
1581 1129 1794 1185 crimen
1849 1129 2048 1185 transi-

449 1219 616 1286 liunt,
647 1206 795 1292 quod
831 1238 932 1277 nec
957 1220 1268 1278 verisimile
1304 1230 1408 1286 est,
1443 1229 1501 1276 et
1531 1221 1720 1291 priore
1751 1221 1848 1278 illo
1884 1223 2048 1292 longe

453 1311 710 1368 deterius
755 1315 999 1369 videtur.
1035 1313 1156 1380 Quo
1197 1313 1346 1367 enim
1404 1313 1572 1367 modo
1605 1322 1850 1368 sanctam
1887 1311 2050 1368 Chal-

451 1407 828 1461 cedonensem
877 1405 1149 1476 synodum
1210 1403 1682 1458 anathematizare
1743 1403 2048 1472 potuimus,

451 1497 542 1550 cui
577 1495 946 1558 credidimus,
996 1505 1053 1549 et
1106 1510 1272 1565 quam
1315 1493 1806 1548 conﬁrmavimus?
1860 1495 2052 1564 Neque

453 1604 589 1643 vero
612 1587 854 1658 ignoras,
875 1595 933 1640 ut
955 1585 1218 1650 arbitror,
1245 1601 1350 1640 nec
1369 1592 1518 1642 tuam
1544 1586 1681 1640 latet
1701 1587 2051 1640 sanctitatem

453 1688 661 1752 quanta
687 1677 1057 1734 sitmmulatio
1097 1691 1162 1731 ac
1207 1675 1405 1731 levitas
1449 1676 1782 1746 populorum
1832 1686 2054 1732 nostro-

456 1787 602 1835 rum,
627 1778 683 1825 et
709 1769 1111 1824 monachorum
1140 1767 1300 1822 novis
1333 1767 1500 1822 rebus
1529 1766 1898 1822 studentium.
1946 1767 2052 1833 Qui

2140 573 2452 644 ηνέγκαμεν
2506 573 2584 635 εις
2628 572 2816 643 ἕτερον
2853 570 3040 624 τόπον.
3099 571 3280 641 Ὅπερ
3317 573 3546 642 πρᾶγμα
3597 571 3714 627 οὕτε

2141 664 2280 735 Θεῷ,
2308 663 2433 718 οὔτε
2481 664 2668 733 νόμοις
2711 663 2924 732 πρέπον
2973 663 3110 716 ἐστί.
3152 663 3263 718 Καὶ
3291 664 3386 717 ἐπὶ
3411 663 3616 728 τούτοις
3639 665 3709 722 ei;

2141 755 2332 828 ἕτερον
2387 753 2774 825 μετεπήδησαν
2828 753 3132 808 ἀσύστατον
3195 755 3291 810 καὶ
3333 753 3427 808 τοῦ
3459 754 3716 826 προτέρου

2143 849 2348 918 χεῖρον.
2376 846 2501 910 Πῶς
2532 845 2642 916 γὰρ
2671 845 3099 916 ἀναθεματίζειν
3129 847 3352 916 εἴχομεν
3380 845 3479 915 τὴν
3507 848 3562 898 ἐν
3584 844 3718 899 Καλ-

2145 940 2332 1013 χηδόνι
2356 939 2520 1008 ἁγίαν
2547 939 2768 992 σύνοδον
2866 941 3257 1003 πιστεύσαντες
3286 938 3718 1008 ὲϐεϐαιώσαμενε

2147 1033 2264 1085 Οὐκ
2297 1033 2573 1100 ἀγνοεῖται
2601 1031 2680 1096 δὲ,
2702 1031 2826 1085 οὐδὲ
2852 1031 3049 1103 )έληθε
3085 1035 3186 1100 τὴν
3234 1031 3390 1101 ὑμῶν
3428 1030 3726 1101 θεοφιλειαν

2145 1124 2256 1178 τῶν
2313 1124 2444 1195 παρ’
2467 1126 2603 1195 ἡμῖν
2640 1123 2788 1178 λαῶν
2819 1125 2847 1177 ὁ
2881 1124 3042 1194 ζῆλος
3066 1165 3080 1190 ,
3115 1125 3212 1178 καὶ
3259 1125 3292 1194 ἡ
3359 1124 3612 1194 ὲλαφρία,
3635 1126 3728 1180 καὶ

2149 1215 2257 1270 τῶν
2281 1203 2629 1286 νεωτερίζειν
2651 1215 2950 1269 ἐθελόντων
2980 1214 3346 1286 μοναζὸντων,
3386 1216 3585 1278 οἵτινες
3633 1232 3727 1285 με·-

2151 1304 2481 1374 ὶετὴσαντες
2535 1303 2654 1375 ἅμα
2696 1304 2840 1358 τισὶν
2893 1304 3236 1368 ἐθελοκάκοις
3266 1305 3364 1374 τῆς
3415 1303 3730 1373 Ἑκκληοίας

2151 1397 2614 1467 ἀποσκιρτήσασι,
2679 1397 2808 1460 τοὺς
2856 1395 3021 1458 λαοὺς
3071 1396 3328 1467 ἀποσπᾷν
3377 1395 3730 1466 ἐπιχειροῦσι.

2151 1487 2266 1542 Καὶ
2290 1487 2379 1540 διὰ
2417 1487 2528 1539 τῶν
2565 1487 2848 1558 ὑμετέρων
2879 1486 3054 1557 εὐχῶν
3081 1487 3439 1558 ἐσκεψάμεθα
3483 1488 3634 1555 λόγον
3659 1487 3732 1559 (⁵1)

2155 1577 2453 1648 θεραπείας
2519 1579 2805 1648 ἐχόμενον,
2834 1577 3002 1650 μηδὲν
3063 1578 3371 1648 βλάπτοντα
3433 1581 3532 1648 τὴν
3581 1579 3734 1646 ἁγίαν

2157 1669 2376 1722 σύνοδον
2405 1670 2505 1740 τὴν
2535 1671 2592 1722 ἐν
2631 1669 2956 1739 Καλχηδόνι,
2983 1669 3183 1734 εἰδότες
3207 1669 3358 1724 οὐδὲν
3385 1669 3571 1724 καινὸν
3600 1669 3735 1740 ἔχειν

2157 1759 2297 1830 αὐτῇ
2331 1761 2742 1831 πεπραγμένον.
2773 1761 2884 1814 Καὶ
2913 1761 3051 1835 πρὸς
3081 1761 3462 1832 πεισμοσύνην
3489 1761 3598 1814 τῶν
3619 1763 3739 1815 ἀκε-

455 1861 842 1931 conjuratione
911 1859 1055 1912 facta
1137 1871 1264 1910 cum
1349 1855 1685 1925 quibusdam
1765 1855 2049 1910 malevolis

2164 1849 2333 1920 ραίων
2355 1851 2450 1902 καὶ
2492 1849 2811 1918 ἀπολογίαν,
2846 1850 2974 1914 τοὺς
3014 1851 3474 1913 ὲπισυνεΜὶόντας
3505 1853 3635 1921 ἡμῖν
3663 1849 3734 1921 (8)

457 1949 786 2003 hominibus
817 1947 914 2016 qui
940 1946 1010 2000 ab
1052 1943 1300 2000 Ecclesia
1363 1951 1740 2006 recesserunt,
1788 1942 2054 2012 populum

458 2056 649 2094 secum
703 2039 945 2092 avellere
1002 2044 1298 2092 conantur.
1363 2034 1434 2089 At
1488 2050 1590 2089 nos
1639 2033 2059 2104 precationibus

457 2132 663 2187 vestris
706 2129 906 2201 adjuti,
961 2127 1232 2182 rationem
1289 2125 1728 2196 excogitavimus
1770 2139 1891 2192 qua:
1926 2122 2058 2178 huic

461 2224 610 2277 malo
676 2222 1032 2284 mederetur;
1098 2233 1202 2273 nec
1257 2225 1502 2272 sanetam
1549 2216 2057 2273 Chalcedonensem

457 2315 729 2386 synodum
756 2314 1036 2368 ullatenus
1056 2311 1361 2366 offenderet
1383 2309 1622 2380 ;quippe
1651 2307 1744 2378 qui
1785 2307 2049 2372 sciamus,

457 2407 595 2463 nihil
624 2407 680 2462 in
716 2423 779 2462 ea
808 2405 933 2460 novi
969 2412 1182 2476 gestum
1211 2419 1354 2459 esse.
1402 2403 1580 2471 Atque
1616 2411 1676 2454 ut
1733 2397 2036 2469 persuade-

2157 1938 2316 1994 τοῦτο
2343 1939 2524 2009 λέγειν
2569 1941 2974 2013 πεποιήκαμεν.
3009 1941 3121 1995 Καὶ
3151 1940 3310 1994 τοῦτο
3336 1941 3436 2012 μὲν
3468 1941 3544 2012 (9)
3583 1939 3740 2004 πολὺς

2158 2031 2468 2100 γενόμενος,
2501 2032 2714 2102 ταχέως
2757 2031 3032 2086 ἐκώλυσα.
3072 2033 3111 2085 Γ
3115 2033 3332 2103 νωρίζω
3381 2032 3440 2086 δὲ
3481 2035 3546 2104 τῇ
3595 2030 3740 2102 ὑμῶν

2157 2123 2459 2196 ἁγιωσύνῃ,
2486 2123 2561 2188 ὡς
2583 2125 2674 2177 καὶ
2701 2123 2864 2195 μέχρι
2892 2123 2988 2176 νῦν
3011 2124 3074 2177 οὐ
3100 2124 3367 2178 παύονται
3393 2125 3443 2178 οἱ
3487 2123 3557 2177 τὰ
3595 2121 3741 2188 ζιζά-

2161 2232 2249 2268 νια
2278 2216 2602 2286 σπείροντες
2639 2216 2726 2269 ἀεὶ
2754 2214 3104 2286 μονάζοντες,
3127 2216 3337 2290 ὄργανα
3361 2216 3572 2278 ἑαυτοῖς
3595 2216 3744 2283 ἐγκα-

2160 2306 2492 2376 ταμίξαντές
2538 2325 2705 2360 τινων
2752 2309 3133 2379 μοναστηρίων
3159 2309 3270 2379 (10)
3305 2309 3443 2361 ποτὲ
3495 2309 3568 2379 μὴ
3598 2307 3742 2378 οἰκη-

2148 2399 2379 2464 σάντων,
2422 2400 2518 2453 κα).
2553 2399 2935 2472 περιέρχονται
2975 2401 3166 2472 φήμας
3212 2399 3538 2472 θρυλοῦντες
3568 2397 3742 2468 διαφύ-

1648 2539 1926 2596 VALESII
1998 2537 2557 2596 ANNOTATIONES.

457 2665 582 2719 dem
614 2664 720 2718 sibi
764 2663 900 2718 dicit
934 2663 1038 2716 hoc
1069 2661 1279 2718 crimen
1315 2659 1559 2728 Mongus,
1603 2657 1749 2726 quod
1782 2654 2046 2728 reliquias

457 2735 732 2789 Timothei
779 2734 1092 2788 Salofacioli
1127 2731 1180 2785 in
1211 2731 1378 2784 alium
1434 2727 1614 2782 locum
1647 2727 2040 2782 transtulisset.

457 2806 562 2861 Sed
597 2806 649 2859 id
683 2807 886 2859 factum
920 2819 1022 2857 nec
1065 2810 1312 2866 excusat,
1347 2815 1450 2854 nec
1487 2809 1678 2867 negat;
1715 2799 1821 2850 hoc
1865 2797 2044 2850 solum

455 2875 638 2930 dicere
673 2883 985 2932 contentus.
1024 2873 1168 2926 istud
1194 2872 1404 2925 facinus
1425 2885 1610 2924 coram
1641 2870 1752 2923 Deo
1778 2875 1833 2921 et
1857 2881 2042 2921 coram

457 2945 778 3000 hominibus
832 2945 1062 3014 impium
1113 2957 1252 2996 esse.
1310 2941 1524 3014 Quippe
1579 2939 1832 3014 humana:
1889 2937 2044 3014 leges

455 3017 836 3086 sepulcrorum
896 3005 1198 3086 violatorfs
1261 3005 1815 3086 gra\'i_ter__pnnit_tnt.
1883 3005 2046 3086 certe

457 3077 648 3142 Victor
664 3084 1020 3139 Tunonensis
1043 3083 1096 3135 in
1121 3077 1377 3136 Chronico
1399 3081 1468 3134 de
1492 3077 1687 3149 Mongo
1707 3079 1784 3149 ita
1815 3077 2042 3149 scribit:

465 3175 483 3240 ε
522 3157 652 3210 Post
674 3156 1021 3240 Sonsulatum
1061 3152 1298 3234 lenonis
1335 3151 1600 3240 tertiumn,‘
1625 3146 1717 3240 ιιιιί
1754 3146 2045 3240 confestim
2077 3181 2122 3240 Ο

458 3226 647 3280 favore
674 3225 914 3279 Zenonis
931 3223 1216 3292 principis,
1243 3221 1511 3292 synodum
1541 3217 2047 3292 (l_lialcetlo_nenscm

458 3297 528 3350 de
569 3296 784 3364 pulpito
807 3287 992 3347 cora—ru
1025 3287 2048 3364 populisdamnat.Nominaj’roterii

458 3375 517 3420 et
551 3356 827 3419 Timothei
867 3356 1189 3418 Salafatiatii
1221 3363 1289 3417 de
1333 3358 1728 3416 ecclesiasticis
1775 3356 2054 3426 diptychis

461 3437 634 3501 tollit;
676 3445 732 3489 et
775 3434 1016 3489 Dioscuri
1054 3443 1110 3487 et
1145 3432 1356 3501 (Eluri,
1393 3431 1497 3501 qui
1535 3429 1845 3501 Protcrium
1876 3427 2050 3501 inter-

459 3496 899 3586 feci_t,'.serib_it:
945 3519 1257 3586 corpusque
1300 3496 1596 3586 Timothei“
1613 3497 1953 3586 Salafatiatii‘
1981 3496 2050 3552 de

457 3576 691 3630 ecclesia
739 3577 988 3645 ejiciens,
1042 3570 1096 3626 in
1145 3570 1266 3626 loco
1309 3570 1721 3645 desertqforas
1768 3570 2050 3645 civitatem

459 3647 712 3715 projecit.
747 3638 944 3701 {Idem
980 3659 1207 3715 quoque
1245 3649 1479 3715 testatur
1505 3641 1800 3715 Liberatus
1830 3639 1885 3715 in
1916 3638 2050 3692 Bre-

457 3710 650 3786 eiario,
670 3732 790 3786 cap.
823 3717 907 3780 l8,
929 3710 1018 3769 his
1041 3710 1222 3786 verbis
1247 3729 1258 3765 :
1286 3730 1303 3762 ι
1333 3711 1438 3764 Sed
1476 3721 1532 3786 et
1563 3712 1784 3786 Petrum
1815 3710 2051 3786 Alexan-

460 3785 679 3839 driumn
713 3781 1274 3840 airathematizantem
1324 3782 1595 3852 synodum
1630 3781 2048 3852 Chalcedonen-

461 3872 577 3910 sem
617 3865 673 3911 et.
703 3866 910 3910 tomum
943 3869 1098 3924 papae
1138 3849 1364 3914 Leonis,
1405 3853 1496 3924 qui
1524 3852 1775 3924 sublato
1802 3849 2050 3924 nomine

460 3927 696 3981 Proterii
721 3937 778 3982 et
797 3921 1075 3981 Timothei
1099 3923 1358 3978 catholici
1389 3923 1456 3976 de
1481 3923 1777 3994 diptyehis,
1801 3921 2048 3994 Dioscori

458 4006 518 4051 et
559 3997 838 4052 Timothei
883 3995 1056 4050 Ailuri
1092 3995 1314 4048 nomina
1353 3995 1576 4064 scripsit
1618 4009 1631 4047 :
1672 3993 1766 4064 qui
1801 3993 2092 4064 ejusdem-

461 4067 737 4122 Timothei
774 4067 1034 4122 catholici
1060 4081 1261 4134 corpus
1287 4065 1355 4120 de
1384 4062 1529 4118 terra
1565 4062 1786 4126 levavit,
1815 4072 1869 4116 et
1904 4062 2051 4134 foras

463 4139 718 4209 projecit,
765 4137 860 4208 qui
905 4137 1052 4209 inter
1115 4132 1407 4209 episcopos
1447 4136 1752 4190 catholicos
1799 4132 2052 4209 sepultus

459 4202 662 4270 fuerat,
692 4202 852 4263 miris
879 4222 1006 4262 cum
1031 4202 1283 4260 laudibus
1308 4202 1640 4276 prosecutus
1680 4212 1767 4259 est
1794 4202 2048 4276 Aeacius,

460 4278 530 4332 de
551 4295 663 4348 quo
685 4295 745 4334 se
765 4287 914 4332 tanta
935 4278 1167 4332 crimina
1186 4273 1344 4331 antea
1370 4273 1706 4348 meminerat
1727 4273 2003 4348 retulisse.
2027 4294 2043 4323 ι

2153 2660 2248 2712 hoc
2301 2661 2442 2714 idem
2489 2660 2666 2714 dicere
2721 2659 2958 2728 fecimus.
3021 2657 3520 2728 Christ0phorsoni
3572 2669 3745 2716 autem

2153 2729 2542 2800 interpretatio
2561 2731 2640 2800 sic
2670 2730 2869 2784 habet:
2898 2731 3024 2784 Tum
3051 2738 3106 2781 ut
3129 2729 3209 2783 illi
3229 2731 3320 2799 qui
3360 2730 3627 2784 nobiscum
3649 2748 3748 2785 una

2153 2799 2558 2871 accersebantur
2599 2799 2703 2871 [sic
2761 2800 2986 2869 quidem
3015 2800 3151 2854 edit.
3188 2801 3370 2871 Paris.
3411 2810 3545 2870 puto
3575 2811 3748 2856 tamen

2153 2870 2428 2926 Valesium
2472 2870 2758 2940 scripsisse
2789 2871 3218 2924 accenscbantur.
3257 2870 3752 2941 Christophorsoni

2195 2943 2377 2996 uidem
2408 2942 2792 3010 interpretatio
2823 2942 2975 3008 juxta
3006 2941 3310 2996 editioncm‘
3353 2941 3592 3005 Coloss.,
3619 2955 3754 2995 anno

2193 3013 2320 3076 (ne,
2381 3011 2608 3066 exhibet
2661 3011 3059 3081 versabantur],
3107 3027 3202 3077 pro
3259 3012 3576 3080 defensione
3625 3012 3754 3066 idem

2153 3085 2332 3151 ipsum
2366 3083 2622 3146 dicerent,
2669 3083 2949 3152 eﬂ‘ecimus.
2981 3083 3225 3136 Verbum
3273 3082 3454 3150 igitur
3479 3082 3755 3136 ὲπισυνελο

2155 3152 2348 3224 Οόντας
2393 3152 2534 3206 nihil
2576 3153 2724 3224 aliud
2771 3152 3084 3221 significare
3123 3153 3553 3224 existimarunt,
3583 3167 3756 3224 Aquam

2161 3223 2536 3285 συνελθόντας.
2585 3222 2698 3292 Ego
2737 3238 2871 3275 vero
2908 3239 3008 3292 per
3055 3239 3244 3277 vocem
3299 3221 3760 3292 ἐ.πισυνε>.06ντας

2161 3292 2396 3362 intelligi
2447 3301 2583 3360 puto
2626 3292 2862 3347 clericos
2912 3291 2970 3346 et
3021 3293 3190 3347 laicos
3252 3293 3438 3361 partis
3489 3291 3756 3348 Timothei

2161 3363 2497 3435 Salofacioli,
2534 3363 2630 3432 qui
2670 3365 2943 3435 aggregati
2984 3374 3144 3416 erant
3179 3363 3334 3435 Pero,
3376 3365 3580 3434 Mongo
3603 3365 3753 3435 jussu

2159 3434 2397 3488 Zenonis
2457 3434 2712 3503 Augusti.
2763 3433 2896 3487 Nam
2951 3435 3254 3502 imperator
3299 3434 3456 3490 Zeno
3491 3433 3655 3489 suasu
3701 3439 3754 3488 et

2159 3505 2396 3559 consilio
2441 3504 2650 3570 Acacii,
2695 3504 2994 3571 scripserat
3044 3503 3343 3572 Apollonio
3392 3503 3756 3574 Augustaliet

2159 3575 2444 3643 Pergamio
2494 3574 2644 3639 duci,
2689 3581 2749 3628 ut
2777 3574 3305 3643 pcllcrentquidem
3353 3573 3625 3630 Joannem
3659 3573 3756 3628 Ta-

2159 3645 2343 3708 laiam,
2376 3645 2820 3700 inthronizareut
2852 3653 3037 3697 autem
3063 3645 3314 3709 Petrum,
3362 3646 3754 3714 suscipientem

2160 3715 2466 3770 llenoticon
2497 3724 2554 3769 ct
2581 3714 2812 3768 clericos
2843 3714 3120 3768 Timothei
3159 3715 3449 3780 catholici,
3483 3713 3545 3771 ut
3572 3713 3757 3770 scribit

2160 3785 2456 3841 Liberatus
2489 3787 2546 3840 in
2589 3785 2884 3846 Breviurio,
2923 3801 3046 3907 cap.
3087 3785 3174 3840 18.
3219 3783 3543 3854 Scripserat
3596 3784 3758 3840 etiam

2160 3855 2310 3907 Zeno
2356 3857 2570 3907 litteras
2605 3855 2671 3907 ad
2703 3856 2926 3907 Petrum
2959 3855 2985 3907 ἢ
3012 3870 3238 3907 oneum.
3271 3856 3488 3907 quibus
3521 3856 3571 3907 ei
3604 3869 3754 3907 man-

2159 3855 2310 3910 Zeno
2356 3857 2570 3911 litteras
2605 3855 2671 3909 ad
2703 3856 2926 3909 Petrum
2959 3855 3238 3921 Mougum,
3271 3856 3488 3921 quibus
3521 3856 3571 3910 ei
3604 3869 3754 3908 man-

2159 3897 2692 3988 dabat,lutvclericos
2714 3926 2884 3994 partis
2911 3897 3185 3979 Timothei
3219 3897 3325 3994 ipsi
3346 3926 3759 3980 consentientes

2161 3999 2490 4066 susciperet,
2523 3995 2992 4066 quemadmodum
3029 3995 3174 4066 idem
3205 3995 3510 4050 Liberatus
3533 3995 3761 4051 allirmat-

2161 4067 2248 4121 his
2296 4065 2482 4121 verbis
2516 4065 2625 4120 :la‘t
2647 4067 2858 4136 quidem
2894 4065 3081 4120 Petrus
3113 4065 3522 4120 inthronizatur
3559 4067 3624 4120 ab
3648 4081 3758 4119 om-

2162 4138 2336 4191 nibus.
2381 4135 2758 4206 Scriptumest
2787 4135 2850 4188 ab
2895 4137 3240 4206 imperatore,
3274 4145 3336 4188 ut
3373 4137 3760 4206 consentientes

2157 4209 2445 4277 susciperet
2495 4205 2579 4260 eos
2609 4207 2699 4275 qui
2741 4216 2896 4259 erunt
2932 4215 3158 4277 aiparte
3189 4205 3454 4261 Timothei
3501 4205 3760 4277 catholici.

2161 4279 2216 4332 ld
2245 4275 2350 4340 est,
2379 4287 2486 4331 tam
2513 4277 2766 4338 clericos,
2793 4291 2957 4344 quam
2982 4275 3171 4342 laieos,
3195 4277 3290 4345 qui
3317 4277 3568 4332 Zenonis
3587 4275 3763 4331 edicto

461 4343 709 4424 Denique
730 4349 884 4424 lj‘elix
905 4363 1064 4424 papa,
1091 4348 1144 4401 in
1175 4348 1450 4424 sententia
1467 4344 1836 4424 damnationis
1857 4343 2049 4424 adver-
2086 4379 2136 4424 Δ
2159 4349 2478 4424 consentire
2500 4343 2829 4424 voluissent.
2858 4347 2975 4424 llos
3001 4347 3191 4416 igitur,
3214 4343 3350 4424 eum
3385 4347 3762 4424 ecclesiastico

461 4415 1162 4500 sus“Acaciuutt—idipmtm
1195 4418 1406 4500 diserte
1440 4417 1748 4500 confirmat;
1781 4433 1795 4469 :
1849 4415 2050 4500 utjam

452 4489 531 4543 de
576 4489 742 4558 hujus
792 4487 1052 4544 facinoris
1093 4490 1326 4544 veritate
1359 4487 1602 4543 dubitari
1636 4502 1752 4558 non
1783 4488 1978 4556 possit.

538 4559 614 4629 (7)
651 4555 1083 4630 "Ecrxsgﬁ-djlsOa
1109 4562 1318 4629 λόγον.
1353 4559 1516 4615 Varie
1560 4555 1924 4630 hunc'loeum
1952 4571 2048 4630 ex-

465 4626 777 4702 posuerunt
824 4626 1171 4702 interpretes.
1197 4626 1346 4685 Nam
1382 4629 1664 4702 Musculus
1698 4626 1923 4702 quidem
1974 4628 2049 4702 ita

463 4699 664 4754 vertit:
698 4698 982 4756 Liliellunf
1020 4702 1351 4756 ronsiderate
1400 4699 1856 4763 concinnavimus,
1922 4698 2054 4751 mali

463 4769 620 4840 [cujus
669 4772 928 4826 medelam
971 4770 1840 4838 habentem;Christophorsouus
1870 4775 2053 4822 autem

464 4833 570 4896 hoc
611 4842 802 4896 modo:
832 4843 1060 4898 Litteras
1110 4833 1264 4895 hasce
1299 4833 1735 4910 excogitdvimus,
1757 4855 1890 4964 1qua:
1937 4840 2056 4892 huic

465 4911 606 4964 malo
641 4915 869 4964 remedio
895 4915 1022 4964 sint.
1051 4914 1292 4964 Joannes
1323 4924 1456 4964 vero
1481 4911 1720 4964 Laneus.
1807 4909 2053 4964 icenhori

460 4911 606 4981 male
641 4915 869 4967 remedio
895 4915 1022 4968 sint.
1051 4914 1292 4967 Joannes
1323 4909 1456 4981 vero
1481 4911 1720 4980 Langus,
1757 4909 2053 4978 Nicephori

465 4979 738 5051 interpres
765 4984 839 5037 ita
873 4983 1171 5038 transtulit.
1207 4982 1283 5036 Ile
1307 4979 1620 5044 deliberata,
1651 4981 1911 5034 rationem
1939 4996 2056 5050 qua:

465 5053 660 5107 mederi
711 5054 854 5108 malo
893 5053 1206 5108 imminenti
1241 5059 1434 5117 posset,
1477 5051 1795 5105 invenimus.
1847 5051 1926 5105 Ex
1969 5051 2056 5105 his

467 5123 647 5178 tribus
679 5123 1253 5194 interpretationibus,
1301 5123 1544 5176 secunda
1571 5121 1801 5194 quidem
1834 5121 2057 5190 penitus

467 5193 775 5263 respuenda
801 5191 923 5248 est:
955 5195 1130 5263 prima
1157 5203 1339 5248 autem
1361 5208 1424 5247 ac
1455 5192 1618 5248 tertia
1642 5191 1772 5246 ferri
1803 5202 2052 5263 possunt.

464 5262 821 5318 Commodius
865 5262 1048 5320 tamen
1089 5264 1225 5318 mihi
1272 5263 1516 5330 videtur,
1553 5263 1711 5329 λόγον
1742 5262 2055 5316 orationem

467 5333 841 5404 interpretari.
907 5351 1003 5389 seu
1061 5350 1372 5389 sermonem
1425 5335 1493 5388 ad
1548 5333 1837 5402 populum,
1891 5348 2055 5404 quem

465 5402 663 5458 l’etrus
694 5406 886 5459 habuit
915 5406 967 5460 in
1006 5405 1252 5460 Ecclesia
1290 5413 1421 5458 tunc
1449 5419 1576 5458 cum
1619 5412 1738 5456 acta
1790 5402 2057 5457 ecclesia-

466 5475 604 5530 stica
639 5476 836 5530 confici
864 5477 1029 5547 jussit
1063 5491 1248 5547 coram
1289 5475 1485 5544 legatis
1512 5474 1719 5538 Acacii,
1753 5473 1823 5528 de
1851 5473 2058 5543 quibus

465 5559 630 5614 supra
671 5545 888 5600 locutus
921 5556 1006 5602 est
1049 5545 1340 5616 Evagrius.

538 5611 614 5686 (8)
661 5617 808 5683 Τοὺς
833 5611 1352 5686 emam-a103er
1377 5615 1541 5684 ἡμῖν.
1574 5611 1816 5670 Joannes
1838 5611 2059 5686 Langus

466 5684 614 5740 hunc
663 5687 846 5740 locum
887 5689 964 5740 ita
1003 5689 1212 5742 vertit:
1251 5684 1485 5738 Fecimus
1524 5695 1582 5738 ut
1627 5686 1690 5738 ab
1736 5686 1800 5738 iis
1835 5685 1924 5755 qui
1962 5684 2060 5738 no-

468 5758 662 5810 biscum
701 5767 981 5810 conventus
1025 5764 1212 5826 agunt,
1255 5757 1358 5826 ista
1403 5756 1723 5810 dicerentur.
1779 5755 2056 5810 Musonius

471 5839 600 5880 vero
647 5827 722 5881 sic
779 5825 1195 5897 interpretatur.
1245 5825 1349 5879 Eos
1395 5829 1484 5896 qui
1537 5833 1606 5881 ad
1645 5844 1738 5882 nos
1779 5835 2051 5894 venerunt,

2159 4427 2280 4473 aeta
2305 4419 2604 4472 conficeret
2628 4417 2824 4470 Petrus
2854 4417 3105 4486 Mongus,
3155 4417 3369 4487 quibus
3397 4418 3606 4473 Acacio
3635 4431 3762 4486 pro-

2162 4490 2319 4544 baret
2357 4503 2416 4542 se
2445 4487 2956 4542 Chalcedonensem
2991 4487 3259 4558 synodum
3284 4504 3591 4558 nunquam
3614 4489 3764 4544 dam-

2159 4575 2341 4622 nasse,
2385 4566 2552 4613 testcs
2593 4557 2873 4621 adhibuit,
2919 4557 3163 4627 fecitque
3203 4566 3264 4612 ut
3300 4557 3638 4615 testimonio
3670 4570 3766 4614 suo

2157 4631 2573 4700 confirmarent,
2617 4627 3132 4700 Chalcedonensem
3169 4631 3452 4700 synodum
3483 4641 3767 4700 nunquam

2157 4718 2186 4754 a
2231 4701 2393 4754 Petro
2441 4699 2610 4754 fuisse
2649 4699 2986 4770 damnatam.
3036 4699 3239 4754 Eorum
3297 4717 3478 4770 porro
3517 4701 3765 4756 testimo—

2159 4772 2312 4824 nium
2357 4770 2463 4824 ftde
2499 4770 2726 4839 dignum
2765 4769 3086 4839 videbatur,
3125 4784 3193 4824 eo
3226 4769 3380 4839 quod
3433 4772 3677 4826 fuissent
3705 4783 3768 4822 ex

2157 4851 2314 4910 parte
2352 4838 2630 4895 Timothei
2672 4838 2955 4910 catholici,
3004 4839 3102 4908 qui
3147 4838 3427 4910 synodum
3461 4839 3767 4910 Chalcedo-

2158 4900 2392 4982 iicnsem
2439 4917 2731 4982 perpetqu
2763 4900 3108 4982 defenderat.
3155 4900 3292 4964 Vide
3349 4921 3530 4982 caput
3579 4908 3768 4982 16.7iu

2160 4981 2291 5044 fine,
2321 4997 2390 5036 ex
2421 4979 2551 5049 quo
2574 4979 2691 5034 haec
2718 4979 3076 5050 intelligenda
3130 4989 3282 5034 sunt.
3320 4982 3404 5037 De
3424 4979 3648 5038 'iisdem
3689 4981 3766 5034 lo-

2159 5052 2353 5120 quitur
2373 5051 2526 5106 Felix
2553 5065 2692 5121 papa
2713 5051 2768 5104 in
2796 5049 3069 5121 sententia
3091 5049 3477 5108 damnationis
3506 5051 3770 5107 adversus

2159 5119 2448 5187 Acacium,
2493 5119 2590 5176 ubi
2629 5119 2748 5176 ait:
2783 5119 3092 5193 Quid_enim
3141 5132 3263 5193 sunt
3297 5122 3484 5193 aliud,
3528 5123 3621 5193 qui
3658 5123 3763 5193 post

2161 5193 2362 5246 obitum
2391 5202 2590 5246 sancta:
2621 5192 2888 5246 memoria:
2923 5191 3199 5258 Timothei,
3238 5191 3310 5246 ad
3345 5189 3666 5248 Ecclesium
3681 5189 3767 5244 sub

2160 5263 2321 5317 Petro
2367 5263 2609 5324 redeunt,
2653 5274 2760 5317 etc.

2235 5333 2310 5405 (9)
2347 5335 2457 5389 Καὶ
2491 5333 2670 5405 τοῦτο
2689 5332 2824 5405 μέν.
2870 5330 3333 5405 ld__est,_crir_11en
3368 5333 3516 5388 illud
3561 5329 3710 5405 quod
3740 5343 3769 5382 a

2162 5402 2450 5476 malevolis
2492 5402 2826 5476 quibusdam
2875 5402 3013 5476 mihi
3057 5402 3444 5476 ohjiciebatur
3482 5422 3496 5460 :
3544 5402 3770 5476 Chalce-

2160 5475 2464 5557 donensem
2506 5472 2721 5531 scilicet
2742 5473 3012 5545 synodum
3039 5489 3069 5528 a
3101 5489 3190 5528 me
3225 5473 3389 5543 rejici
3427 5484 3602 5545 atque
3625 5472 3772 5527 dam«

2162 5561 2307 5600 Ilal‘l.

2235 5617 2350 5688 (l0)
2399 5616 2586 5672 Τινῶν
2612 5614 3057 5688 μοναστηρίων.
3098 5611 3456 5688 Jampridem
3491 5611 3604 5688 viri
3631 5605 3773 5688 docti

2167 5681 2511 5758 μοναστήρια
2542 5681 2951 5758 emendarunt,
2997 5681 3278 5758 quomodo
3339 5685 3522 5742 etiam
3583 5681 3777 5754 legitur

2165 5731 2314 5830 apud
2361 5731 2762 5829 Niceplrorum.
