3978 6388
218 351 359 416 2537

1158 312 1540 412 Hismara:
1582 345 2178 410 ECCLESIASTICE
2221 344 2452 405 1.1mm
2490 341 2604 401 III.

3337 310 3480 396 2633

218 489 329 533 νον,
364 468 533 540 μηδὲν
556 467 760 538 πρᾶξαι
791 468 921 539 πρὶν
945 458 1021 542 τῷ
1044 467 1299 539 ι(υρὶλλῳ
1334 466 1668 537 συντύχοιεν,
1704 466 1798 521 καὶ

1934 450 2169 520 enumet
2200 462 2439 533 collegas
2473 461 2594 530 ejus
2643 455 2888 525 scripsit,
2920 468 2990 509 ne
3030 450 3329 523 quidquam
3360 465 3486 521 age-

150 592 155 597 ~
220 561 353 631 παρ’
383 559 551 615 αὐτοῦ
580 560 640 614 τὸ
670 560 940 631 πρακτέον
974 559 1212 631 μάθοιεν.

834 761 880 814 Κ
890 761 1087 815 ΕΦΛΛ.
1124 763 1210 817 Κ’.

222 852 362 922 Περὶ
421 847 510 910 ὧν
562 853 786 923 ἔγραψε
834 852 1030 921 Φῆλιξ
1068 854 1219 921 πρὸς
1261 856 1544 922 Ζήνωνα,
1581 855 1680 912 καί
1726 851 1806 913 αὖ

565 925 759 978 πάλιν
778 923 991 993 Ζήνων
1018 928 1167 992 πρὸς
1203 924 1457 992 Φήλικα.

291 1039 555 1105 Γεγόνασι
592 1039 721 1109 πρὸς
752 1040 948 1104 αὐτοὺς
983 1040 1077 1094 καὶ
1118 1041 1280 1111 ἕτερα
1328 1040 1464 1113 πρὸς
1509 1042 1602 1097 τοῦ
1642 1044 1806 1113 Φήλι-

223 1148 315 1194 κος
352 1132 639 1201 ὑπομνηστ
678 1132 736 1185 (ὰ
774 1131 910 1205 (16),
943 1133 1040 1186 κα)⁵
1076 1134 1209 1204 πρὸς
1243 1133 1334 1187 τὸν
1373 1136 1596 1205 Ζήνωνα
1630 1135 1809 1206 γράμ-

224 1240 372 1294 ματα
408 1224 537 1291 περί
571 1240 629 1276 τε
678 1226 777 1292 τῆς
810 1227 867 1277 ἐν
907 1224 1213 1295 Καλχηδόνι
1238 1225 1477 1288 συνόδου,
1506 1225 1601 1278 καὶ
1630 1226 1722 1279 τοῦ
1750 1228 1809 1277 ἐν

233 1312 472 1382 ’Δφρικῇ
492 1312 736 1381 διωγμοῦ
761 1311 833 1380 (0)
859 1312 949 1365 τοῦ
976 1316 1117 1365 κατὰ
1145 1311 1461 1382 Ὀνὼριχον.
1497 1311 1809 1364 Ἐπέστειλε

222 1403 280 1456 δὲ
319 1405 414 1456 καὶ
458 1404 597 1471 πρὸς
637 1404 911 1458 ’Λκάκιον.
948 1404 1093 1474 Πρὸς
1121 1403 1180 1457 ὂν
1202 1405 1229 1456 ὁ
1264 1404 1451 1473 Ζήνων
1476 1402 1806 1473 ἀντέγραυξε,

227 1496 406 1565 μάτην
429 1492 524 1545 τὸν
554 1492 807 1562 Ἰωάννην
840 1495 1004 1548 αὑτὸν
1035 1480 1380 1564 διαταράξαι,
1412 1494 1808 1562 διομοσάμενον

229 1586 327 1656 μὲν
358 1585 587 1655 μηδαμῆ
622 1584 884 1656 μηδαμῶς
917 1587 1175 1655 παριέναι
1209 1585 1296 1638 διὰ
1341 1584 1435 1638 τοῦ
1488 1584 1675 1656 θρόνου
1708 1589 1808 1657 τῆς

239 1676 656 1743 Ἀλεξανδρέων,
690 1676 1015 1747 παραϐάντα
1036 1676 1115 1737 δὲ,
1148 1678 1239 1729 καὶ
1263 1678 1329 1730 τὰ
1359 1678 1655 1749 ὠμοσμένα
1683 1678 1810 1732 ἁλοο

225 1768 497 1838 γήσαντα,
533 1768 714 1820 πᾶσαν
744 1768 1053 1840 ἱεροσυλίαν
1086 1769 1448 1838 ἐργάσαοθαι’
1482 1769 1577 1822 καὶ
1605 1771 1812 1840 Πέτρον

1907 564 2050 619 rent,
2079 556 2399 626 priusquam
2429 566 2552 606 cum
2582 547 2786 621 Cyrillo
2812 554 2998 601 essent
3028 542 3310 608 collocuti,
3341 538 3487 597 etab

1906 661 1972 700 co
1994 645 2125 716 quid
2156 642 2428 715 agendum
2454 647 2600 696 esset
2634 638 2983 694 didicissent.

2533 755 2684 810 CAP.
2736 753 2856 808 XX.

1913 850 1987 904 De
2026 852 2086 905 iis
2114 866 2231 922 qua?
2265 849 2414 903 Felix
2449 849 2517 901 ad
2554 847 2845 922 Zenonem,
2879 853 2929 900 et
2976 845 3119 900 Zeno
3150 844 3220 898 ad
3266 841 3496 899 Felicem'

2579 919 2814 989 scripsit.

1948 1035 2215 1106 ~Scripsit
2247 1034 2414 1090 etiam
2450 1032 2603 1088 Felix
2652 1033 2788 1085 alias
2814 1030 2881 1085 ad
2916 1030 3143 1086 eosdem
3194 1028 3497 1084 commoni-

1913 1127 2105 1181 torias.
2139 1126 2377 1179 Litteras
2412 1139 2632 1192 quoque
2656 1120 2808 1176 dedit
2830 1121 2896 1175 ad
2935 1121 3238 1180 Zenonem,
3290 1119 3498 1188 quibus

1910 1236 2035 1274 eum
2061 1218 2470 1281 commonebat,
2516 1226 2631 1270 tum
2663 1216 2731 1269 de
2783 1213 3220 1285 Chalcedonensi
3263 1211 3495 1284 synodo,

1913 1322 2027 1366 tum
2058 1312 2126 1365 de
2159 1309 2547 1381 persecutione
2579 1324 2701 1377 qua:
2728 1307 2785 1361 in
2821 1306 3005 1361 Africa
3038 1306 3272 1360 excitata
3321 1305 3503 1359 fuerat

1912 1401 1980 1455 ab
2004 1399 2302 1455 llunerico.
2338 1397 2577 1468 Scripsit
2621 1398 2750 1451 item
2780 1399 2847 1451 ad
2873 1396 3159 1452 Kcacium.
3201 1396 3503 1464 Imperator

1911 1500 2097 1545 autem
2133 1491 2284 1544 Zeno
2310 1489 2599 1559 rescripsit
2622 1488 2813 1555 Felici,
2848 1489 3054 1542 frustra
3093 1488 3248 1541 illum
3287 1497 3501 1556 pertur-

1913 1582 2107 1637 batum
2140 1597 2262 1636 esse
2286 1581 2475 1636 verbis
2498 1581 2747 1645 Joannis,
2772 1582 2975 1651 quippe
2995 1581 3089 1649 qui
3119 1565 3248 1633 olim
3277 1579 3499 1648 quidem

1908 1674 2151 1745 iurasset
2209 1689 2268 1727 se
2308 1672 2739 1750 Alexandrinam
2802 1673 2990 1728 sedem
3048 1673 3204 1725 nullo
3259 1688 3503 1740 unquam

1916 1765 2082 1819 modo
2158 1765 2499 1820 ambitnrum
2562 1781 2685 1820 esse
2733 1785 2744 1819 :
2788 1774 2980 1836 postea
3038 1781 3171 1819 vero
3251 1766 3506 1835 neglecto

225 1860 283 1914 δὲ
318 1861 394 1931 μὴ
428 1861 807 1925 ἀϐασανίστως
849 1861 1322 1933 προχειρισοῆναι,
1352 1862 1469 1915 ἀλλ’
1501 1862 1815 1933 αὐτοχειρία

1943 1857 2297 1922 urcjurando,
2331 1857 2541 1910 nullum
2574 1873 2683 1913 non
2725 1856 2994 1927 sacrilegii
3022 1873 3198 1927 genus
3254 1856 3511 1911 admisis-

229 1952 629 2022 ὑπογράψαντα
655 1952 908 2023 δέχεσθαι
941 1954 1041 2023 τὴν
1098 1954 1284 2006 πίστιν
1334 1952 1444 2006 τῶν
1490 1955 1815 2026 τριακοσίων

228 2042 511 2097 δεκαοκτὼ
548 2043 721 2113 ἁγίων
753 2044 1010 2115 Πατέρων
1044 2045 1155 2097 τῶν
1190 2048 1249 2099 ὲν
1283 2046 1488 2118 Nimia
1520 2046 1810 2118 συνεληλυ-

230 2135 424 2196 θότων,
479 2129 625 2210 ᾗτινι
657 2135 751 2189 καὶ
783 2138 815 2206 ἡ
848 2137 906 2188 ἐν
947 2135 1251 2207 Καλχηδόνι
1280 2139 1412 2206 ἁγία
1441 2139 1656 2203 σύνοδος
1690 2142 1819 2212 ἠκο-

230 2225 485 2296 λούθησε,
519 2229 615 2280 καὶ
640 2227 817 2281 ταῦτα
851 2231 1166 2298 γέγραπται
1198 2230 1290 2282 ἐπὶ
1321 2231 1587 2301 ῥήματος·
1636 2233 1819 2302 Ὀρεία

232 2319 343 2371 λειν
394 2319 655 2389 ἀσφαλῶς
706 2319 851 2390 ἔχειν
900 2320 1048 2390 (l7),
1081 2322 1180 2373 καὶ
1212 2319 1310 2391 τὴν
1356 2323 1632 2395 ἡμετέραν
1668 2324 1822 2377 εὗσέ-

232 2410 407 2474 ὗειαν,
439 2413 535 2466 καὶ
580 2411 674 2464 τὸν
717 2411 1084 2483 προλεχθέντα
1123 2412 1428 2480 ἁγιώτατον
1458 2415 1687 2486 Πέτρον,
1724 2417 1821 2469 καὶ

237 2507 416 2567 πάσας
464 2505 564 2568 τὰς
601 2505 910 2572 ἁγιωτάτας
978 2504 1307 2575 Ἑκκλησίας
1333 2548 1347 2572 ,
1405 2507 1504 2578 τὴν
1547 2508 1823 2578 Καλχηδο-

234 2594 371 2647 νέων
411 2593 525 2665 (i8)
575 2596 882 2664 ἁγιωτάτην
913 2595 1133 2650 σύνοδον
1180 2598 1434 2668 δέχεσθαι
1472 2600 1565 2652 καὶ
1608 2601 1818 2665 σέϐειν,

233 2685 353 2754 ἥτις
388 2686 625 2753 συνέστη
675 2687 740 2755 τῇ
790 2686 972 2739 πίστει
1006 2689 1072 2757 τῇ
1105 2688 1162 2739 ἐν
1201 2691 1267 2759 τῇ
1313 2689 1561 2743 Νικαέων
1596 2691 1818 2760 cavdam.

245 2778 613 2848 Ἐμφέρονται
648 2780 763 2842 τοῖς
800 2795 859 2831 τε
909 2781 1322 2851 πεπραγμένοις
1371 2783 1483 2852 (19)
1535 2784 1822 2836 ἐπιστολαὶ

241 2870 395 2940 παρά
432 2887 491 2922 τε
529 2870 800 2941 Κυρίλλου
831 2871 925 2925 τοῦ
975 2872 1281 2942 λεχθέντος,
1307 2873 1402 2927 καὶ
1443 2874 1647 2945 ἐτέρων
1668 2876 1824 2945 ἀρχι-

244 2961 551 3031 μανδριτῶν
581 2963 681 3028 τῆς
720 2960 1017 3029 βασιλίδος,
1049 2964 1141 3015 καὶ
1177 2964 1329 3029 παρὰ
1370 2964 1683 3015 ἐπισκόπων
1731 2965 1826 3017 καὶ

242 3053 522 3123 κληρικῶν
575 3053 671 3106 τοῦ
715 3053 1092 3122 Αίγυπτιακοῦ
1123 3052 1387 3121 κλίματος
1414 3046 1825 3125 ⁴πρὸςιῑηιλλικα,

242 3150 383 3203 κατὰ
418 3149 629 3220 Πέτρου
671 3148 747 3212 ὠς
803 3146 1107 3219 αἱρετικοῦ,
1151 3148 1385 3201 καὶτῶν
1424 3148 1827 3202 κοινωνούντων

243 3239 411 3308 αὑτῷ.
462 3239 527 3292 Οἳ
563 3240 656 3292 καὶ
693 3238 983 3309 διήλεγξαν
1029 3237 1143 3310 (‘20)
1184 3240 1232 3291 ot
1267 3239 1333 3291 ὲκ
1371 3237 1472 3308 τῆς
1518 3239 1686 3308 μονῆς
1718 3238 1826 3290 τῶν

255 3331 599 3400 ’Λκοιμήτων
631 3330 928 3400 ἀφιγμένοι
958 3330 1095 3402 πρὸς
1130 3329 1362 3400 Φήλικα,
1394 3331 1521 3392 τοὺς
1557 3330 1685 3400 περὶ
1718 3331 1827 3384 Μι-

180 3418 197 3433 ’
246 3426 409 3486 σίνον,
443 3423 521 3486 ὠς
554 3421 716 3493 μέχρι
754 3423 855 3491 τῆς
897 3423 1076 3477 αὐτῶν
1126 3422 1431 3492 παρουσίας
1474 3424 1573 3494 τῆς
1616 3421 1720 3475 ἀνὰ
1767 3422 1829 3475 τὸ

244 3516 576 3581 Βυζάντιον,
642 3518 699 3568 ὲν
750 3514 1088 3585 παραϐύστῳ
1124 3514 1331 3584 Πέτρος
1387 3516 1443 3568 ἐν
1490 3516 1612 3578 ταῖς
1655 3515 1828 3586 ἱεραῖς

241 3603 447 3667 δέλτοις
495 3587 918 3673 ἀνεγινώσκετο,
959 3605 1056 3657 καὶ.
1085 3604 1143 3671 ἐξ
1174 3604 1385 3657 ἐκείνου
1431 3603 1534 3667 ἕως
1574 3604 1669 3659 νῦν
1697 3607 1826 3659 ἁνα-

245 3695 466 3762 φανδόν·
504 3694 613 3751 καὶ
650 3692 822 3756 οὕτως
859 3693 993 3754 τοὺς
1040 3694 1169 3765 περὶ
1203 3693 1431 3746 Μισῖνον
1477 3695 1826 3762 κοινωνῆσαι.

247 3788 354 3839 Καὶ
395 3789 430 3856 ἡ
480 3785 741 3857 ἐπιστολὴ
788 3784 845 3838 δὲ
894 3784 1005 3839 τῶν
1034 3784 1375 3853 Αἰγυπτίων,
1427 3787 1498 3838 τὰ
1530 3785 1673 3839 αὐτὰ
1701 3786 1831 3854 περὶ

248 3878 456 3947 Πέτρου
489 3876 668 3945 ἔλεγεν
744 3876 838 3929 καὶ
871 3875 947 3938 ὡς
1005 3875 1262 3946 Ἰωάννης
1291 3875 1389 3945 μὲν
1421 3875 1703 3945 ὀρθόδοξος
1732 3873 1829 3939 ὢν,

246 3970 532 4040 ὲνθέσμως
559 3969 990 4040 κεχειροτόνητοο
1016 3967 1225 4038 Πέτρος
1262 3968 1317 4020 δὲ
1351 3967 1455 4022 ὑπὸ
1488 3968 1582 4021 δύο
1611 3969 1706 4022 καὶ
1734 3967 1834 4035 μό-

1919 1958 2022 2003 sct.
2060 1949 2284 2032 Petrum
2328 1965 2494 2017 porro
2544 1965 2654 2002 non
2706 1949 2915 2018 absque
2964 1949 3212 2019 diligenti
3254 1948 3508 2003 examine

1918 2051 2233 2111 promotum
2271 2041 2441 2096 fuisse
2483 2059 2496 2094 :
2530 2040 2736 2111 quippe
2776 2041 2870 2111 qui
2901 2042 3127 2111 propria
3175 2057 3339 2095 manu
3381 2040 3511 2095 sub-

1920 2133 2258 2202 scripsisset,
2290 2132 2548 2202 amplecti
2593 2148 2651 2186 se
2704 2132 2869 2187 [idem
2917 2142 3291 2189 trecentorum
3344 2141 3511 2200 atque

1921 2225 2228 2280 octodecim
2264 2238 2581 2280 sanctorum
2635 2225 2859 2279 Patrum
2910 2224 3006 2293 qui
3060 2225 3297 2279 Nicmam
3347 2222 3513 2294 354

1922 2318 2054 2372 olim
2112 2327 2494 2373 convenerunt
2547 2334 2763 2389 :quam
2818 2317 2982 2372 tidem
3044 2317 3513 2373 Chalcedonensis

1923 2425 2143 2479 quoque
2217 2411 2459 2481 synodus
2524 2410 2926 2479 comprobavit.
3005 2410 3182 2465 Verba
3263 2408 3512 2479 epistolae

1923 2501 2161 2555 Zenonis
2183 2502 2298 2555 haec
2330 2511 2496 2556 sunt:
2531 2501 2637 2556 Pro
2673 2511 2827 2557 certo
2857 2502 3057 2556 habere
3092 2502 3281 2565 debes,
3311 2512 3366 2555 et
3397 2501 3514 2571 pie-

1924 2602 2093 2646 tatem
2122 2603 2388 2655 nostram,
2421 2600 2476 2645 et
2507 2607 2671 2661 supra
2704 2598 3068 2645 memoratum
3101 2592 3511 2646 sanctissimum

1924 2682 2169 2747 Petrum,
2206 2691 2261 2736 et
2291 2683 2578 2737 universas
2621 2689 3003 2736 sacrosanctas
3052 2682 3347 2747 Ecclesias,
3387 2670 3515 2735 san-

1927 2775 2239 2828 ctissimum
2259 2772 2710 2828 Chalcedonense
2740 2772 3039 2827 concilium
3069 2773 3323 2843 amplecti
3347 2784 3513 2842 atque

1927 2866 2199 2930 venerari,
2229 2865 2377 2935 quod
2426 2881 2550 2919 cum
2579 2863 2702 2918 ﬁde
2741 2864 2965 2918 concilii
3024 2865 3228 2920 Nicaeni
3285 2881 3514 2936 prorsus

1928 2959 2227 3012 consentit.
2278 2956 2336 3010 In
2382 2957 2577 3011 iisdem
2613 2955 2753 3011 actis
2804 2956 3066 3026 leguntur
3098 2957 3347 3027 epistola:
3395 2964 3514 3010 tum

1928 3049 2118 3122 Cyrilli
2144 3065 2309 3120 supra
2330 3048 2642 3114 memorati,
2673 3056 2730 3103 et
2770 3048 3004 3103 aliorum
3047 3050 3516 3104 archimandrita-

1878 3204 1897 3223 η
1933 3161 2055 3199 rum
2090 3144 2244 3199 urbis
2271 3145 2455 3215 regite,
2491 3153 2607 3198 tum
2653 3144 3042 3215 episcoporum
3092 3154 3149 3200 et
3187 3143 3517 3199 clericorum

1935 3238 2263 3312 [Egyptiacaz
2287 3239 2567 3306 dicecesis,
2596 3240 2663 3295 ad
2693 3241 2932 3296 Felicem
2959 3240 3202 3311 scriptas,
3232 3240 3297 3295 de
3355 3240 3521 3294 Petro

1940 3341 2198 3400 tanquam
2233 3319 2520 3395 haeretico,
2543 3340 2599 3385 et
2629 3331 2698 3387 de
2731 3331 2800 3388 iis
2824 3332 2917 3402 qui
2940 3331 3106 3386 Petro
3143 3331 3523 3386 communica-

1935 3422 2088 3476 hant.
2116 3422 2290 3476 Porro
2321 3422 2578 3477 monachi
2598 3421 2990 3478 Acmmitensis
3014 3423 3356 3485 monasterii,
3394 3438 3520 3478 cum

1936 3508 2004 3562 ad
2044 3509 2284 3564 Felicem
2311 3511 2609 3577 venissent,
2636 3510 2904 3566 Misenum
2932 3527 2996 3566 ac
3031 3512 3266 3566 Vitalem
3300 3527 3526 3566 accusa-

1940 3610 2090 3666 runt,
2148 3601 2297 3672 quod
2355 3613 2485 3658 ante
2554 3603 2853 3659 adventum
2913 3605 3139 3674 quidem
3191 3605 3410 3658 illorum
3467 3605 3523 3657 in

1937 3694 2133 3749 urbem
2179 3694 2409 3765 regiam,
2462 3696 2613 3751 Petri
2648 3690 2866 3752 nomen
2910 3697 2966 3751 in
3020 3696 3194 3751 sacris
3245 3697 3525 3768 diptychis

1937 3786 2155 3841 occulte
2196 3787 2565 3842 recitaretur:
2606 3787 2808 3843 exinde
2844 3803 2975 3843 vero
3024 3789 3246 3859 publice
3302 3790 3523 3844 recitari

1939 3878 2237 3948 coepisset;
2272 3886 2437 3949 atque
2472 3879 2547 3933 ita
2568 3879 2811 3936 Misenus
2838 3896 2903 3935 ac
2948 3881 3142 3936 Vitatis
3185 3880 3235 3934 ei
3273 3895 3525 3934 commu-

1941 3970 2246 4027 nicasscnt.
2283 3970 2526 4043 Egyptii
2582 3988 2717 4027 vero
2744 3972 2799 4027 in
2858 3972 2975 4028 suis
3004 3972 3207 4027 litteris
3253 3981 3370 4027 tum
3421 3971 3527 4026 ista

1440 4125 1714 4183 VALESII
1768 4125 2221 4184 ΑΝΝΟΤΑΤΙΟΝ
2231 4128 2333 4184 ES.

315 4270 361 4327 Η
374 4272 430 4342 6)
474 4267 954 4342 Α’Υπομνῃστικά.
981 4266 1496 4342 Nieephorus_ha2c
1523 4270 1835 4342 commoni-

245 4344 385 4397 toria
415 4339 525 4399 ~(sic
549 4341 696 4393 enim
716 4339 895 4393 Latini
927 4338 1149 4404 vocant,
1182 4354 1305 4408 quae
1325 4338 1530 4394 Graecis
1564 4340 1835 4394 dicuntur

244 4411 664 4481 unopvqatzxdn
679 4410 745 4463 ad
776 4409 1054 4481 Zenonem
1074 4410 1462 4481 imperatorem
1486 4411 1691 4481 scripta
1712 4426 1834 4466 esse

242 4476 604 4537 existimavit.
624 4476 825 4534 Verum
851 4480 1118 4548 Evagrius
1135 4476 1201 4533 ad
1223 4479 1454 4534 Vitalem
1473 4494 1537 4534 ac
1566 4476 1834 4535 Misenum

243 4554 394 4607 sedis
417 4551 737 4643 apostolica:
751 4551 958 4643 legatos
982 4565 1046 4605 ea
1071 4549 1651 4643 scripltatuissed‘dicit.
1671 4550 1835 4607 Certe
1868 4588 1911 4643 υ

243 4620 674 4676 commonitoria
720 4619 1054 4690 ad'legatos
1097 4629 1153 4675 et
1212 4619 1521 4690 Intjusmodi
1568 4637 1835 4690 personas

244 4693 390 4747 mitti
436 4691 713 4751 solebant,
766 4688 1106 4745 nouantem
1172 4688 1241 4744 ad
1288 4688 1690 4759 imperato—rem
1723 4692 1835 4746 Ro-

244 4777 495 4817 manum.
552 4760 724 4813 Erant
781 4761 930 4815 enim
980 4761 1139 4830 quasi
1200 4761 1458 4814 mandata
1515 4770 1573 4815 et
1626 4763 1839 4816 instru-

241 4838 484 4893 ctiones,
547 4845 685 4899 quas
718 4831 966 4884 studiose
997 4833 1293 4886 observare
1321 4830 1598 4886 debebant
1650 4832 1834 4901 legati.

317 4905 437 4969 (Π)
476 4900 777 4969 Ὀφείλειν
825 4901 1116 4969 ἀσφαλῶς
1162 4902 1348 4969 ἔχειν.
1405 4902 1638 4958 Rectius
1690 4900 1839 4970 apud

242 4974 628 5043 Nicephorum
646 4971 914 5025 scribitur
941 4972 1198 5041 ὀφείλεις,
1226 4971 1281 5026 id
1313 4982 1418 5039 est,
1454 4988 1550 5042 pro
1576 4981 1716 5027 certo
1745 4974 1843 5027 ha-

245 5045 365 5095 bere
392 5042 569 5095 debes.

245 5045 365 5099 bere
392 5045 569 5096 debes.

318 5118 434 5183 (ιδ)
470 5110 929 5179 Καλχηδονέων.
967 5112 1027 5168 1η
1063 5111 1273 5183 optimo
1295 5112 1489 5168 codice
1518 5112 1845 5169 Florentino

250 5182 524 5253 Scriptum
582 5183 792 5246 inveni,
833 5182 1252 5254 Καλχηδοναίων
1279 5199 1294 5215 ο
1354 5184 1633 5254 quomodo
1675 5184 1845 5254 etiam

252 5252 387 5309 alibi
407 5255 686 5322 scriptum
726 5254 892 5307 habet
942 5254 1087 5309 idem
1118 5252 1312 5324 codex,
1344 5252 1405 5309 ut
1439 5270 1606 5324 supra
1638 5253 1844 5308 notavi.

254 5324 399 5380 Sane
452 5335 671 5379 veteres
718 5325 929 5393 nummi
960 5339 1082 5379 eam
1112 5323 1442 5393 scripturam
1493 5323 1844 5387 conﬁrmant,

253 5404 310 5449 et
329 5404 533 5453 auctor
557 5392 891 5465 etymologici
921 5396 976 5451 in
1003 5408 1140 5449 voce
1174 5392 1496 5465 καλχηδών.

2014 4271 2060 4340 (σί
2073 4271 2127 4337 9)
2162 4269 2545 4340 Ἐμφέρονται
2573 4270 2699 4337 τοῖς
2734 4287 2800 4324 τε
2824 4270 3287 4338 πεπραγμένοις.
3321 4271 3528 4323 Assen-

1944 4341 2307 4396 tiorHenrico
2338 4340 2565 4407 Savilio,
2602 4343 2697 4411 qui
2727 4341 2781 4395 in
2815 4341 3007 4397 codice
3041 4356 3142 4394 suo
3192 4342 3528 4406 emendavit,

1943 4411 2280 4481 ἐμφέρονταί
2310 4428 2368 4464 τε
2399 4414 2512 4465 τοῖς
2537 4412 2970 4480 πεπραγμένοις.
2995 4411 3099 4466 Sed
3132 4412 3371 4480 probare
3414 4426 3525 4465 non

1982 4496 2168 4537 ossum
2196 4482 2709 4552 interpretationem
2738 4481 3252 4552 Christopliorsoni.
3270 4481 3363 4551 qui
3384 4481 3531 4535 hunc.

1982 4498 2168 4537 ossum
2196 4498 2709 4552 Interpretationem
2738 4498 3252 4552 unrismpnorsonl.
3270 4498 3363 4551 qm
3385 4498 3531 4535 nunc.

1940 4498 2125 4608 Focum
2153 4552 2227 4606 ita
2257 4553 2465 4623 vertit:
2503 4550 2729 4606 Exstant
2752 4562 3010 4623 prmerea
3046 4553 3100 4605 in
3139 4553 3269 4606 aclis
3298 4554 3531 4623 ejusdem

1940 4622 2168 4686 concilii,
2211 4633 2320 4677 etc.
2375 4622 2564 4691 Neque
2593 4622 2759 4693 enim
2800 4623 3070 4693 Evagrius
3102 4623 3268 4676 ullius
3310 4622 3530 4693 concilii

1944 4694 2285 4748 mentionem
2320 4693 2473 4753 facit,
2521 4691 2619 4746 sed
2654 4691 3037 4748 collectionem
3094 4693 3357 4745 duntaxat
3410 4692 3532 4762 epi-

1944 4764 2215 4819 stolarum
2239 4775 2512 4825 recenset,
2539 4779 2670 4832 qua:
2698 4763 2765 4816 ad
2817 4778 3038 4816 causam
3068 4763 3253 4817 Acacii
3281 4762 3531 4832 pertineg

1946 4834 2100 4888 bant.
2137 4834 2354 4886 Putavit
2374 4831 2587 4887 scilicet
2610 4833 3171 4901 Christophorsonus,
3193 4847 3259 4884 ex
3291 4847 3358 4885 eo
3381 4831 3529 4901 quod

1947 4912 2196 4958 actorum
2221 4904 2558 4957 mentionem
2590 4903 2658 4956 ab
2682 4903 2919 4971 Evagrio
2943 4903 3059 4956 lteri
3094 4903 3325 4963 viderat,
3345 4903 3531 4957 statim

1949 4973 2237 5043 consequi,
2277 4983 2336 5028 ut
2368 4973 2483 5027 haec
2506 4973 2561 5026 in
2596 4973 2833 5043 concilio
2882 4981 3004 5043 aeta
3049 4971 3278 5043 fuerint.
3323 4972 3531 5043 Verum

1949 5060 2060 5098 non
2091 5040 2165 5098 ita
2198 5052 2469 5113 perpetuo
2508 5057 2567 5097 se
2608 5057 2698 5096 res
2728 5042 2914 5096 habet.
2944 5041 3078 5096 Acta
3107 5042 3255 5096 enim
3314 5040 3535 5113 simpli-

1948 5116 2093 5169 citer
2117 5111 2313 5168 vocari
2353 5121 2587 5182 possunt
2618 5126 2964 5182 quacunque
3001 5113 3057 5182 in
3100 5112 3286 5179 aliquo
3312 5111 3536 5182 negotio

1948 5194 2100 5266 gesta
2135 5181 2525 5266 sunt,etiamsi
2562 5181 2777 5237 nullum
2806 5181 3109 5237 concilium
3147 5181 3537 5253 autjudieium

1950 5262 2338 5309 intervenerit.

2025 5324 2137 5394 (20)
2197 5323 2265 5377 Οἳ
2290 5322 2389 5376 καὶ
2423 5321 2772 5392 διήλεγξαν.
2821 5323 3105 5379 Delendus
3149 5331 3236 5380 est
3267 5322 3539 5379 articulus

1954 5394 2375 5465 postpositivus,
2399 5408 2566 5463 quem
2590 5408 2696 5448 nec
2723 5394 3071 5465 Nicephorus
3098 5394 3367 5468 agnoscit.

1729 5533 2119 5593 VARIORUM.

327 5658 403 5732 (ο)
450 5656 666 5732 Τοῦ-ὲν
696 5652 1616 5732 Ἀφρικῇ-ᾷίωγέιοῦ.,ςαξριαηεει
1660 5669 1849 5732 perse-

261 5724 409 5789 cutio
456 5727 718 5785 Africana
753 5724 1066 5783 anno'7485.
1116 5724 1237 5781 Duo
1268 5724 1403 5781 illic
1432 5724 1614 5780 edicta
1663 5724 1851 5778 emisit

266 5799 897 5859 ttunnericusadvcrsus
911 5797 1216 5855 catholicos
1236 5814 1247 5849 :
1274 5797 1512 5868 primum
1536 5796 1625 5851 die
1644 5795 1850 5850 Ascen-

1958 5654 2132 5711 sionis
2160 5653 2463 5711 Dominicae
2498 5656 2628 5711 anni
2656 5655 2800 5721 485;
2831 5654 3136 5711 secundum
3173 5669 3227 5708 v1
3252 5652 3371 5710 Kal.
3392 5649 3539 5709 Mar-

1963 5726 2068 5780 tias
2115 5726 2245 5780 anni
2285 5726 2411 5781 484.
2453 5727 2602 5796 (Ant.
2655 5727 2830 5795 Pam.)
