3978 6444
213 333 339 399 2857

1138 303 1531 389 Hisronm
1566 325 2165 389 ECCLESIASTICAS
2204 321 2438 384 LIBER
2476 320 2593 382 III.

3345 324 3487 390 2858

214 439 627 513 ἑκτεθειμένων,
654 439 793 511 αὐτῇ
849 439 997 511 μάλα
1021 419 1286 508 γεννικῗὺς
1314 440 1629 510 ἀντείχοντο
1653 483 1667 503 ,
1705 442 1798 495 καὶ

1907 454 2119 504 eorum,
2143 447 2341 493 cuncta
2366 453 2489 508 quae
2514 437 2570 490 in
2595 435 2688 491 illo
2714 434 2951 490 concilio
2973 436 3221 505 exposita
3246 436 3483 492 fuerant.

215 534 340 605 πρὸς
370 530 637 601 οὐδεμίαν
670 526 979 583 ἐνεδίδοσαν
1028 526 1303 597 συλλαϐὴν
1332 527 1442 580 τῶν
1471 526 1799 601 ὁρισθέντων

212 627 331 696 παρ’
373 624 549 691 αὐτῆς
578 665 592 685 ,
624 622 686 675 οὗ
722 619 830 691 μὴν
860 620 1195 689 γράμματος
1227 619 1532 691 ἐναλλαγὴν
1563 619 1795 689 παρεδέ-

216 734 376 789 χοντο.
413 713 580 767 Ἀλλὰ
617 712 712 765 καὶ
745 711 886 782 μετά
913 710 1117 780 πολλῆς
1141 710 1441 779 ἀπεπήδων
1464 712 1561 780 τῆς
1586 710 1801 782 παρρη-

217 811 343 872 σίας.
373 809 470 861 καὶ
496 807 779 860 κοινωνεῖν
826 803 1109 867 παντελῶς
1138 804 1237 856 οὐκ
1267 803 1548 874 ἠνείχοντο
1574 808 1684 866 τοῖς
1724 801 1800 873 μὴ

214 903 515 974 δεχομένοις
550 901 682 971 παρ’
733 899 906 968 αὐτῆς
959 901 1030 952 τὰ
1062 899 1413 967 ἐκτιθέμενοι.
1459 897 1795 965 ”Ετεροι’δὲ,

215 998 265 1071 οὐ
296 997 461 1067 μόνον
491 994 595 1047 οὐκ
621 993 869 1062 ἐδέχοντο
900 992 999 1062 τὴν
1028 993 1085 1045 ὲν
1112 992 1419 1061 Καλχηδόνι
1443 990 1681 1056 σύνοδον,
1704 990 1799 1045 καὶ

215 1084 270 1136 τὶ
295 1084 429 1152 παρ’
450 1083 624 1149 αὐτῆς
652 1079 962 1150 ὁρισθέντα·
996 1078 1133 1133 ἀλλὰ
1164 1080 1259 1132 καὶ
1289 1080 1592 1147 ἁναθὲματι
1638 1098 1797 1150 περι-
1824 1138 1849 1151 δ

217 1171 393 1242 ὕαλον
422 1170 596 1240 αὐτήν
639 1187 697 1222 τε
728 1171 823 1223 καὶ
849 1171 940 1224 τὸν
969 1171 1196 1235 Λέοντος
1225 1171 1411 1242 τόμον.
1453 1172 1635 1224 ’Ἀλλοι
1686 1175 1799 1234 τοῖς

222 1237 527 1323 ῗνωτικοίς
555 1262 807 1330 Ζήνωνος
835 1260 1238 1330 ἐνισχυρίξοντο
1260 1298 1274 1324 ,
1331 1261 1424 1312 καὶ
1458 1259 1630 1312 ταῦτα
1663 1259 1798 1330 πρὸς

217 1353 470 1421 ἀλλήλους
511 1352 878 1422 διεῤῥωγότες
912 1354 978 1421 τῇ
1010 1369 1067 1403 τε
1101 1352 1197 1422 μιᾷ
1226 1352 1321 1403 καὶ
1364 1353 1485 1413 ταῖς
1513 1349 1605 1404 δύο
1632 1349 1799 1417 φύσε-

216 1459 302 1497 σινο
316 1443 513 1512 οἱμὲν,
528 1445 595 1514 τῇ
612 1441 852 1516 συνθήκῃ
876 1441 1453 1518 τόινγραμμάτωνμὸ)
1473 1440 1795 1503 κλαπέντες·

215 1534 330 1588 οἶδὲ
361 1574 378 1598 ,
419 1536 516 1586 καὶ
564 1533 701 1604 πρὸς
738 1535 799 1584 τὸ
846 1532 1271 1602 εἰρηνικώτερον
1313 1532 1515 1603 μᾶλλον
1564 1531 1795 1584 ἀποκλί-

215 1643 387 1690 ναντες
419 1642 435 1656 ⁸
461 1625 539 1689 ὡς
575 1627 755 1689 πάσας
783 1626 882 1689 τὰς
926 1627 1257 1694 Ἐκκλησίας
1298 1629 1357 1690 ἐς
1390 1626 1526 1689 ἰδίας
1560 1628 1795 1696 ἀποκρι-

215 1717 355 1787 θῆναι
405 1715 631 1786 μοίρας,
680 1716 775 1769 καὶ
836 1717 971 1787 μηδὲ
1034 1719 1315 1770 κοινωνεῖν
1371 1715 1619 1786 ἀλλήλοις
1668 1718 1796 1779 τοὺς

1903 530 2348 601 pertinacissime
2396 528 2792 589 defendebant,
2829 543 2932 581 nec
2995 528 3049 581 in
3092 530 3212 599 ejus
3250 529 3490 583 decretis

1902 622 1987 676 vel
2022 637 2185 675 unam
2212 621 2475 692 syllabam
2506 622 2815 685 remittere,
2856 636 2921 675 ac
2960 603 3029 675 ne
3062 622 3227 674 unius
3263 623 3487 691 quidem

1903 713 2102 767 littera:
2163 711 2527 765 mutationem
2582 710 2875 764 admittere
2946 710 3293 765 sustinebant
3343 713 3485 766 :sed

1904 820 2100 876 magna
2141 820 2266 860 cum
2314 804 2516 859 ﬁducia
2553 804 2888 858 recedebant
2917 803 2986 857 ab
3032 804 3099 857 iis
3136 805 3230 873 qui
3266 804 3487 859 decreta

1902 896 2054 952 illius
2101 895 2328 952 concilii
2377 895 2605 950 minimc
2644 895 3017 964 susciperent,
3050 911 3154 948 nec
3189 894 3299 949 illis
3334 911 3489 949 com-

1903 989 2192 1044 municare
2231 988 2343 1042 ullo
2386 987 2549 1040 modo
2582 986 2952 1041 sustinebant.
2989 986 3096 1040 Alii
3128 1002 3281 1052 vero,
3326 986 3490 1040 Chal-

1903 1081 2273 1136 cedonensem
2309 1078 2579 1150 synodum
2622 1078 2854 1147 ejusque
2894 1077 3115 1131 decreta
3162 1093 3274 1131 non
3325 1077 3489 1131 modo

1902 1189 2015 1227 non
2063 1171 2475 1241 suscipiebant;
2545 1184 2741 1224 verum
2809 1169 2975 1222 etiam
3019 1169 3165 1222 illam
3210 1185 3316 1223 una
3362 1184 3487 1223 cum

1902 1265 2105 1321 Leonis
2147 1264 2383 1335 epistola
2429 1263 2533 1318 sub
2569 1262 2924 1316 anathemate
2975 1261 3329 1315 damnabant.
3382 1261 3488 1315 Alii

1901 1356 2142 1412 Zenonis
2176 1356 2447 1411 llenotico
2476 1353 2759 1408 mordicus
2782 1353 3132 1407 inhzerebant
3164 1370 3176 1406 :
3211 1351 3377 1422 idque
3406 1362 3489 1407 ta—

1903 1451 2063 1506 metsi
2097 1450 2243 1504 inter
2277 1466 2335 1505 se
2376 1448 2716 1504 dissiderent
2754 1447 2822 1501 de
2856 1463 2964 1501 una
3008 1454 3105 1500 aut
3155 1446 3223 1501 de
3276 1447 3490 1501 duabus

1900 1540 2119 1594 naturis
2148 1558 2159 1591 :
2189 1537 2247 1593 hi
2278 1539 2501 1608 quidem
2547 1535 2954 1606 compositione
2994 1534 3365 1604 impcrialium
3399 1534 3489 1588 lit-

1901 1640 2146 1687 terarum
2172 1631 2391 1701 decepti
2427 1649 2440 1683 :
2480 1632 2559 1685 illi
2594 1645 2728 1684 vero
2752 1628 2874 1698 paci
2901 1637 2956 1682 et
2979 1626 3295 1683 concordiae
3317 1626 3490 1697 magis

1904 1724 2211 1779 studentes.
2241 1724 2394 1779 Adeo
2427 1732 2490 1778 ut
2517 1723 2689 1778 totius
2724 1722 2878 1777 orbis
2919 1719 3179 1774 Ecclesiae.
3213 1718 3267 1772 in
3306 1718 3490 1772 varias

212 1808 658 1878 προεδρεύοντας.
688 1808 972 1861 Ἐντεῦθεν
1013 1809 1238 1861 πλεῖστα
1272 1810 1531 1879 χρήματα
1562 1805 1707 1861 κατᾶ
1737 1825 1795 1861 τε

1907 1814 2172 1871 factiones
2195 1816 2388 1870 divisae
2428 1823 2637 1881 essent,
2674 1829 2739 1868 ac
2793 1828 2864 1867 ne
2919 1811 3200 1867 antistites
3260 1810 3485 1881 quidem

209 1902 295 1971 τὴν
331 1900 537 1970 Ἒῴαν,
572 1901 677 1955 ἀνά
715 1918 776 1954 τε
811 1902 882 1955 τὰ
912 1901 1181 1970 Ἐσπέρια
1221 1903 1361 1971 μέρη
1393 1903 1487 1954 καὶ
1534 1901 1674 1953 κατὰ
1698 1902 1797 1972 τὴν

206 1993 406 2063 Διϐύην
442 1993 745 2063 ἐτύγχανον
786 1992 936 2057 ὄντα,
965 1993 1090 2046 οὔτε
1124 1994 1232 2047 τῶν
1272 1994 1456 2065 Ὶῖῴων
1478 1995 1797 2047 ἐπισκόπων

210 2088 311 2145 τοῖς
357 2083 676 2155 Ἐσπερῐοις
703 2085 735 2153 ἢ
760 2086 875 2147 τοῖς
902 2084 1102 2137 Λίϐυσι
1134 2084 1534 2153 σπενδομένων,
1572 2083 1696 2137 οὔτε
1728 2080 1795 2138 αὖ

202 2178 402 2233 τούτων
426 2180 548 2240 τοῖς
579 2175 788 2246 Ἑῴοις.
820 2178 893 2229 Τὸ
916 2178 973 2230 δὲ
1001 2177 1190 2248 μεῖζον
1222 2179 1279 2240 ἐς
1313 2178 1546 2230 ἀτοπίαν
1578 2178 1795 2249 προῄει.

206 2272 333 2325 Οὐδὲ
392 2273 508 2343 γὰρ
566 2274 752 2340 σφίσιν
802 2273 988 2336 αὐτοῖς
1038 2273 1362 2328 ἐκοινώνουν
1390 2275 1441 2327 oi
1485 2276 1584 2343 τῆς
1625 2274 1798 2345 Ἑῴας

206 2364 480 2433 πρόεδροι,
526 2364 650 2416 οὐδὲ
689 2364 797 2435 μὴν
827 2365 1013 2433 orti};
1047 2364 1322 2437 Εὐρώπης
1353 2365 1385 2436 ἢ
1447 2366 1548 2434 τῆς
1582 2366 1797 2438 Λιϐύης

200 2456 319 2516 τοὺς
355 2456 588 2526 θρόνους
616 2456 893 2521 διέποντες
914 2499 928 2521 ,
971 2459 1106 2528 μήτι
1135 2475 1199 2526 γε
1233 2458 1296 2528 δὴ
1330 2460 1425 2512 καὶ
1459 2459 1793 2531 ὑπερορίοις.

202 2545 375 2616 ’Ᾱπερ
406 2547 438 2599 ὁ
475 2545 736 2616 βασιλεὺς
764 2547 1122 2609 ’Λναστάσιος
1162 2545 1435 2616 θεώμενος
1463 2588 1478 2612 ,
1506 2546 1634 2609 τοὺς
1657 2563 1794 2598 νεω-

207 2636 523 2707 τερίζοντας
551 2637 661 2690 τῶν
685 2637 1004 2690 ἐπισκόπων
1036 2636 1311 2703 ὲξωθεῖτο,
1342 2635 1500 2689 εἵπου
1538 2636 1797 2707 κατειλή-

207 2745 305 2796 φει,
335 2729 372 2799 ἢ
406 2728 565 2799 παρὰ
594 2729 655 2782 τὸ
676 2728 870 2792 εἰωθὸς
895 2732 1009 2792 τοῖς
1038 2729 1225 2791 τόποις
1264 2730 1387 2781 τινὰ
1433 2728 1530 2799 τὴν
1556 2729 1614 2780 ὲν
1647 2728 1796 2782 Καλ-

203 2818 382 2888 χηδόνι
412 2818 638 2873 σύνοδον
664 2818 1029 2889 κηρύττοντα,
1062 2819 1094 2891 ἢ
1121 2818 1327 2889 ταύτην
1359 2819 1664 2888 ἀναθέματι
1698 2836 1799 2872 πεσ-

206 2911 504 2982 ριτιθέντα.
532 2912 873 2982 Έκσέϐληκε
908 2913 1004 2983 μὲν
1047 2908 1140 2966 οὖν
1178 2914 1240 2965 ὲκ
1264 2913 1361 2981 τῆς
1395 2910 1663 2981 βασιλίδος
1688 2912 1796 2965 τῶν

199 3004 429 3066 πολεων,
457 3002 676 3075 πρῶτον
704 3005 804 3075 μὲν
826 3005 1110 3076 Εὑιρήμιον
1132 3003 1226 3076 (b),
1255 3003 1331 3067 ὡς
1356 3002 1794 3073 προγέγραπται,

198 3086 313 3145 εἶτα
337 3094 712 3159 Μακεδόνων,
763 3094 884 3165 μεθ’
917 3094 976 3148 ὃν
1021 3093 1288 3165 Τιμόθεος
1320 3093 1565 3162 ἐγεγόνει
1588 3109 1602 3122 ·
1645 3095 1710 3147 ἐκ
1742 3093 1798 3147 δὲ

196 3184 289 3252 τῆς
318 3184 608 3255 Ἀντιόχου
635 3187 784 3238 Φλαὸ
792 3186 962 3240 ιανόν.
1154 3210 1159 3221 ν
1424 3216 1433 3223 ·

196 3372 436 3441 expulit.

784 3488 1037 3541 ΚΕΦΑΛ.
1093 3486 1224 3542 AA'.

195 3578 532 3645 Ἐπιστολὴ
571 3575 693 3630 τῶν
719 3574 1010 3646 μοναχῶν
1039 3573 1465 3630 Παλαιστινῶν
1499 3574 1652 3646 πρὸς
1671 3575 1802 3631 Ἀλ-

339 3653 585 3705 κίσωνα
619 3644 755 3716 περὶ
779 3644 1034 3701 Ξεναίου
1073 3647 1171 3701 καὶ
1206 3646 1430 3715 ἐτέρων
1454 3644 1656 3701 τινῶν.

260 3764 413 3835 Περὶ
442 3761 630 3816 τοίνυν
659 3760 997 3815 Μακεδονίου
1042 3760 1139 3815 καὶ
1161 3758 1463 3814 Φλαϐιανοῦ
1486 3760 1715 3831 γράφων
1741 3758 1806 3813 τὸ

1900 1907 2005 1961 sibi
2035 1917 2229 1962 mutuo
2262 1907 2761 1963 communicarent.
2789 1906 2929 1960 Hinc
2961 1905 3132 1958 multa
3167 1902 3395 1957 dissidia
3429 1901 3486 1955 in

1899 1999 2141 2055 Orientis
2164 2008 2222 2053 et
2253 1999 2311 2054 in
2343 1989 2666 2053 Occidentis
2698 1997 2973 2067 partibus,
3006 2006 3063 2050 et
3092 2011 3192 2065 per
3242 1994 3485 2050 Africam

1898 2092 2257 2159 exstiterunt,
2289 2107 2417 2147 cum
2454 2107 2558 2146 nec
2583 2090 2897 2146 Orientales
2934 2089 3182 2158 episc0pi
3214 2087 3487 2143 Occiden-

1899 2186 2107 2241 talibus
2147 2193 2203 2241 et
2244 2185 2393 2240 Afris
2432 2185 2804 2251 sociarentur,
2838 2198 2945 2238 nec
2987 2183 3078 2238 isti
3110 2182 3352 2237 vicissim
3390 2198 3486 2236 co-

1899 2276 2047 2331 irent
2069 2291 2195 2331 cum
2231 2276 2633 2332 Orientalibus.
2662 2275 2806 2343 Quin
2828 2276 2996 2331 etiam
3015 2275 3084 2329 ad
3112 2276 3374 2346 majorem
3394 2275 3491 2329 ab-

1898 2367 2225 2422 surditatem
2259 2383 2348 2422 res
2380 2382 2673 2437 progressa
2707 2374 2819 2422 est.
2847 2367 2985 2421 Nam
3024 2382 3131 2422 nec
3180 2366 3492 2421 Orientales

1900 2458 2180 2513 antistites
2222 2459 2370 2513 inter
2410 2474 2470 2514 se
2513 2458 2615 2529 ipsi
2641 2458 3128 2513 communicabant
3154 2476 3166 2512 :
3191 2474 3296 2513 nec
3324 2457 3486 2513 Occi-

1899 2551 2152 2605 dentales
2186 2550 2320 2605 item
2348 2567 2451 2606 nec
2479 2552 2596 2606 Afri
2625 2552 2772 2606 inter
2800 2552 3131 2621 semetipsos
3146 2551 3490 2617 communio-

1900 2657 2028 2697 nem
2051 2641 2334 2709 iovebant,
2378 2642 2581 2697 nedum
2605 2659 2730 2699 cum
2750 2643 3059 2714 peregrinis
3099 2651 3154 2699 et
3185 2643 3485 2697 extraneis.

1898 2733 2031 2801 Quae
2054 2752 2179 2791 cum
2223 2736 2526 2807 imperator
2569 2736 2898 2791 Anastasius
2928 2736 3162 2800 videret,
3197 2735 3491 2804 episcopos

1899 2827 1995 2898 qui
2046 2827 2258 2897 aliquid
2310 2828 2667 2893 innovarent,
2718 2828 2983 2883 Ecclesiis
3036 2825 3392 2887 exturbabat,
3442 2823 3488 2879 si

1900 2932 2067 2987 quem
2086 2915 2227 2971 forte
2251 2916 2721 2987 deprehendisset
2746 2926 2842 2971 aut
2864 2915 3163 2971 concilium
3185 2907 3492 2970 Chalcedo-

1898 3023 2073 3063 ncnse
2105 3009 2495 3079 praedicantem
2541 3017 2734 3063 contra
2768 3008 3018 3062 inclitam
3062 3007 3311 3061 locorum
3359 3018 3493 3058 con-

1902 3100 2282 3166 suetudinem,
2307 3108 2405 3155 aut
2428 3101 2572 3155 idem
2596 3100 2700 3157 sub
2735 3101 3086 3154 anathemate
3112 3098 3489 3154 damnantem.

1825 3161 1870 3221 C
1902 3189 1973 3245 Et
2004 3205 2072 3244 ex
2105 3161 2507 3262 regia'quidem
2545 3190 2705 3255 urbe,
2740 3189 2822 3242 uti
2852 3204 3019 3257 supra
3053 3186 3295 3241 diximus
3322 3200 3336 3249 ;
3374 3181 3490 3251 pri-

196 3289 347 3331 mum
415 3278 589 3346 ejecit
654 3279 1050 3350 Euphemium,
1083 3277 1288 3334 deinde
1327 3276 1735 3345 Macedonium,
1800 3280 1891 3335 cui
1928 3283 2198 3338 successit
2240 3283 2601 3350 Timotheus;
2643 3280 2940 3336 Antiochia
2981 3294 3113 3333 vero
3166 3275 3491 3332 Flavianum
3570 3280 3573 3281 '

2507 3484 2660 3541 CAP.
2703 3483 2892 3538 XXXI.

1905 3577 2154 3651 Epistola
2190 3579 2568 3651 monachorum
2599 3575 2934 3651 _Pal_¢gstinac_
2961 3572 3045 3651 ad.
3078 3569 3394 3638 Alcisonem,
3433 3573 3497 3627 de

2249 3649 2459 3704 Xen’at’a
2487 3657 2535 3701 et
2574 3648 2636 3700 de
2669 3648 2791 3700 aliis
2822 3642 3159 3716 quibusdam.

1977 3759 2058 3814 De
2088 3757 2414 3813 Macedonio
2452 3756 2676 3827 quidem
2711 3764 2766 3809 et
2807 3752 3067 3808 Flaviano
3100 3751 3358 3806 monachi
3397 3754 3498 3807 Pa-

187 3860 251 3911 ὲν
286 3857 637 3928 Παλαιστίνῃ
655 3853 942 3925 μοναδικὸν
971 3852 1109 3923 πρὸς
1139 3852 1444 3906 Ἀλκίσωνα
1474 3852 1586 3922 (44)
1611 3850 1798 3904 ὲπὶλέ·

1909 3850 2138 3907 laestinae
2169 3851 2225 3905 in
2269 3850 2473 3904 litteris
2500 3850 2567 3903 ad
2601 3849 2917 3903 Alcisouem
2944 3846 3099 3902 datis'
3123 3847 3197 3902 ita
3218 3847 3492 3903 scribunt.

189 3949 337 4015 ξεως
358 3950 514 4018 λέγει
533 3948 726 4002 ταῦτα·
754 3944 964 4016 Πέτρου
987 3944 1042 3998 δὲ
1066 3940 1470 4015 κεκοιμημένον
1492 3942 1808 4016 (45),πάλιν

1913 3942 2128 3998 Mortuo
2174 3949 2360 3997 autem
2409 3942 2595 4007 Petro,
2626 3941 2790 4012 362
2827 3941 2970 3993 inter
3008 3954 3069 3994 se
3109 3939 3257 4010 ipsos
3292 3940 3493 3997 iterum

1336 4120 1339 4125 ,
1408 4076 1496 4156 VA
1509 4075 1683 4130 LESII
1738 4073 2300 4132 ANNOTA'IIONES.

266 4199 385 4270 (43)
427 4194 509 4264 Τῇ
533 4193 958 4270 συζθήκῃ-τῷν
975 4191 1348 4270 γραμμάτωτς.
1375 4189 1622 4270 Joannes
1644 4188 1784 4243 Lan-

189 4260 302 4341 gus
348 4260 570 4341 litteras
620 4260 1361 4341 Zenonis_imperatoris_de
1416 4261 1789 4341 Ecclesiarum

189 4331 546 4395 adunatione
600 4336 819 4388 videtur
871 4331 1202 4403 intelligere.
1238 4331 1329 4386 Sic
1382 4332 1529 4386 enim
1569 4332 1787 4403 vertit:

190 4410 243 4481 Ii
275 4411 497 4481 quidem
552 4405 740 4460 litteris
794 4400 1075 4458 insidiose'
1096 4403 1395 4481 compositis
1414 4418 1535 4481 per.
1553 4400 1793 4481 fraudem

188 4472 426 4549 dec'epli.
445 4478 862 4549 Quemsensmn
880 4482 1105 4549 secutus
1120 4483 1202 4526 est
1223 4474 1386 4549 etiam
1408 4472 1798 4549 Christqpllor—

190 4542 393 4604 sontis.
431 4542 595 4603 Certe
627 4546 719 4599 hic
780 4545 1000 4614 Evagrii
1049 4544 1204 4596 locus
1246 4543 1408 4595 aliter
1435 4542 1634 4614 exponi
1674 4554 1794 4614 non

232 4631 411 4674 otest.
448 4619 593 4671 Duas
626 4617 774 4670 enim
804 4610 1000 4669 causas
1024 4614 1206 4674 alfert,
1231 4629 1330 4665 cur
1351 4610 1803 4665 nonnulliedicto

240 4690 453 4745 enonis
510 4687 954 4757 acquiescerent.
1020 4683 1295 4757 Quosdam
1330 4683 1494 4757 igitur
1522 4682 1597 4734 ait
1634 4681 1803 4733 fuisse

193 4760 477 4830 deceptos
515 4752 719 4830 blanda
750 4756 965 4830 illa,_et
1022 4752 1589 4830 ad__persuadeiultu_n
1648 4766 1803 4829 com-

190 4822 387 4900 posita
439 4824 1040 4900 principlsoratione.
1077 4825 1230 4900 Alios
1279 4822 1619 4900 verostudio
1656 4823 1805 4900 pacis

190 4891 250 4982 et
280 4891 503 4971 quietis
536 4891 912 4953 Ecclesiarum
946 4895 1186 4957 illectos,
1209 4894 1337 4946 huic
1359 4893 1549 4946 edicto
1576 4891 1803 4959 acquie-

188 4985 376 5025 "sse.

266 5039 397 5110 (44)
427 5037 1007 5110 ΠρὸςῌἈλκίσωνα.
1070 5033 1173 5110 llic
1226 5031 1450 5087 Alcison
1499 5031 1806 5110 episcopus

187 5101 325 5164 erat
378 5101 673 5177 Nicopolis
723 5122 846 5175 quae
889 5104 1207 5173 metropolis
1232 5101 1543 5177 estjeteris
1589 5102 1745 5177 Epiri
1786 5120 1800 5156 :

188 5179 354 5235 inter
385 5172 702 5249 praecipuos
730 5172 1279 5249 (lefensoresisynqdi
1303 5172 1797 5249 Chalcedonensis.

187 5243 465 5304 Morta—us
508 5243 592 5303 est
629 5262 775 5302 anno
810 5246 1019 5302 Christi
1042 5243 1167 5311 516,
1204 5245 1368 5299 Petro
1400 5243 1518 5297 solo
1551 5244 1800 5298 consule.

1894 4188 2027 4258 Ejus
2054 4187 2303 4243 meminit
2321 4188 2670 4241 Marcellinus
2688 4186 2743 4241 in
2761 4186 3034 4249 Chronico,
3050 4186 3141 4256 qui
3166 4202 3291 4241 eum
3315 4186 3491 4242 Alcis-

1896 4274 2018 4313 smn
2054 4266 2234 4313 vocat.
2271 4259 2406 4313 Vide
2438 4258 2733 4312 Baronium
2766 4258 2832 4311 ad
2868 4273 3075 4311 annum
3129 4258 3331 4311 Christi
3366 4259 3490 4312 516.

1975 4330 2088 4395 (45)
2126 4330 2351 4396 Πέτρου
2385 4328 2452 4380 δὲ
2478 4328 2935 4396 κεκοιμημένου.
2968 4327 3103 4381 Cum
3139 4329 3248 4380 duo
3289 4332 3495 4382 lueriLt

1900 4398 2048 4453 Petri
2090 4415 2200 4453 uno
2252 4400 2558 4466 eodemque
2609 4408 2876 4467 tempore,
2916 4399 3054 4453 alter
3087 4398 3497 4453 Alexandrinus

1903 4469 2792 4539 episc0pus,alterAntiocheuus,
2821 4469 3091 4522 incertmn
3112 4477 3195 4522 est
3227 4478 3347 4522 uter
3380 4470 3497 4522 illu-

1834 4526 1875 4581 D
1906 4526 2027 4593 rum
2079 4526 2171 4593 hic
2206 4526 2583 4607 intelligatur.
2643 4526 2993 4593 Prohahilius
3041 4548 3220 4591 tamen
3276 4539 3497 4593 vidrtur

1910 4609 2342 4664 Alexandrinum
2372 4611 2592 4663 Petrum
2631 4609 2721 4662 hic
2753 4609 3067 4677 designari;
3103 4626 3169 4663 eo
3195 4610 3341 4678 quod
3380 4626 3497 4663 mo-

1907 4680 2070 4734 nachi
2112 4680 2411 4734 Palzestina:
2445 4680 2629 4733 statim
2663 4680 2965 4748 loquuntur
3023 4681 3089 4733 de
3136 4681 3490 4739 Alexandria,

1905 4760 1963 4805 et
1989 4751 2056 4804 de
2082 4750 2423 4821 {Egypto'ac
2463 4750 2654 4821 Libya.
2700 4749 2895 4804 Obstat
2930 4762 3108 4803 tamen
3143 4752 3286 4818 quod
3324 4751 3496 4817 subji-

1902 4821 2054 4879 citur
2102 4823 2171 4874 ah
2234 4821 2429 4875 iisdem
2473 4821 2806 4883 monachis;
2841 4828 2964 4889 post
3002 4829 3232 4873 mortem
3282 4822 3497 4874 scilicet

1908 4892 2052 4944 Petri
2082 4892 2377 4962 lligyptum
2407 4891 2704 4962 separatim
2730 4890 3190 4962 communicasse,
3216 4898 3269 4962 et
3296 4891 3494 4962 Orien-

1910 4962 2048 5015 tales
2063 4963 2131 5015 ab
2160 4960 2359 5017 eorum
2395 4961 2787 5016 communione
2826 4961 3134 5029 disjunctos
3169 4961 3359 5015 fuisse.
3389 4960 3491 5013 l’c«

1915 5042 1998 5086 tro
2058 5033 2205 5087 enim
2257 5030 2632 5085 Alexandrino
2683 5033 2951 5085 successit
3009 5031 3361 5094 Athanasius,
3398 5031 3493 5100 qui

1912 5102 2206 5173 synqdicas
2256 5102 2480 5171 scripsit
2507 5102 2574 5155 ad
2605 5101 2910 5173 Palladium
2941 5101 3261 5173 episcopum
3299 5101 3495 5173 Antio-

1912 5171 2071 5233 claim.
2087 5177 2316 5243 ejusque
2344 5172 2723 5227 communioni
2741 5172 2985 5243 sociatus
3008 5171 3132 5233 fuit.
3153 5181 3212 5225 ut
3238 5172 3496 5241 superius

1910 5241 2201 5299 observavi
2231 5241 2319 5297 ‘ex
2373 5243 2608 5312 Evagrio
2655 5249 2711 5295 et
2758 5241 3017 5297 Liberato
3045 5247 3080 5297 '.
3116 5243 3328 5297 Rursus
3358 5257 3488 5297 vero

1688 5378 2077 5436 VAlllOBUM.

268 5487 353 5559 (ζι)
413 5480 782 5559 ᾙκϐέϐλιηκε
831 5476 1170 5559 Εὐφήμιρν.
1211 5476 1583 5559 Euphemium
1619 5476 1794 5559 cpisc.

185 5551 360 5612 CXI).
396 5554 572 5620 ‘l'also
625 5554 694 5605 ab
746 5552 1036 5606 Anastasio
1082 5551 1213 5618 imp.
1256 5557 1595 5620 accusatum_
1631 5556 1798 5615 atquc

186 5617 557 5685 damnatum,
591 5623 645 5675 in
710 5622 963 5677 exsilium
1027 5617 1254 5673 ductum
1306 5635 1449 5683 esse,
1484 5626 1538 5670 et
1585 5617 1637 5670 in
1679 5620 1800 5687 ejus

184 5698 388 5754 locum
439 5691 827 5749 Macedonium
880 5691 1239 5760 subrogatum
1284 5704 1431 5743 anno
1490 5688 1797 5760 Chr._496.

184 5769 403 5823 scribit
430 5766 635 5835 l‘agius
657 5763 723 5817 ad
756 5779 886 5817 ann.
931 5758 1140 5826 itlfijn.
1170 5761 1223 5814 5.
1254 5760 1373 5829 Ipse
1402 5768 1585 5813 autem
1620 5758 1797 5813 Macc-

1906 5477 2108 5531 donius
2141 5476 2212 5529 ah
2257 5475 2458 5529 eodem
2501 5474 2631 5544 imp.
2669 5473 2865 5544 pulsus
2893 5483 2976 5530 est
3017 5489 3163 5529 anno
3202 5473 3330 5529 5H.
3363 5472 3487 5531 Vid.

1907 5548 2049 5602 infra
2083 5562 2204 5615 cap.
2235 5547 2302 5599 44
2328 5547 2491 5612 hujus
2517 5546 2614 5599 lib.

1984 5623 1998 5639 '
2041 5619 2115 5671 De
2162 5619 2323 5671 Petro
2354 5617 2546 5687 Mongo
2589 5616 2851 5687 episcopo
2889 5615 3261 5672 Alexandrino
3311 5615 3496 5687 omni-

1914 5704 1985 5743 no
2010 5687 2405 5759 intelligendus
2444 5686 2621 5743 locus.
2668 5686 2919 5742 Schisma
2958 5688 3104 5742 enim
3153 5688 3218 5741 de
3262 5701 3370 5756 qua
3403 5686 3495 5740 hic
