3982 6422
336 409 484 473 2585

1247 384 1642 477 HISTORIA;
1673 418 2272 479 ECCLESIASTICJE
2314 420 2541 479 LIBER
2585 421 2702 481 III.

3475 421 3618 486 2686

341 522 732 593 στρατοπέδοιν
753 522 1090 578 ἀλισθέντοιν
1115 523 1332 596 πρῶτος
1360 528 1389 581 ὁ
1414 526 1931 598 Κωνστάντιος’(88)

2039 526 2340 583 verborum
2389 516 2747 595 persuasion'e
2793 531 3112 585 Vetranioui
3167 531 3458 602 imperium
3494 534 3625 585 ade-

336 612 756 685 δημηγορήσας,
808 617 911 686 τῆς
955 614 1052 669 τοῦ
1110 617 1318 688 πατρὸς
1371 619 1754 689 ἀνεμίμνησκε
1806 622 1932 684 τοὺς

341 703 692 776 στρατιώτας
735 706 1071 776 φιλοτιμίας,
1099 707 1218 778 μεθ’
1254 704 1316 762 οὗ
1366 709 1598 773 πολλοὺς
1637 710 1932 781 πολεμίους

337 795 701 869 διεπόνησαν,
728 797 824 849 καὶ
862 798 1150 868 μεγίσταις
1181 798 1525 872 ἐτιμήθησαν
1541 801 1771 872 δωρεαῖς
1791 820 1804 833 ο
1839 804 1934 856 καὶ

339 885 422 949 ὡς
437 884 648 941 τούτων
667 888 1005 952 ἀκούσαντες
1025 891 1072 943 ot
1093 891 1447 962 στρατιῶται,
1472 892 1563 945 τὸν
1588 892 1933 962 Βρετανίωνα

342 978 447 1046 τῆς
478 978 712 1049 ἐσθῆτος
758 980 1170 1051 γυμνώσαντες,
1221 983 1537 1055 κατήγαγον
1559 982 1653 1036 τοῦ
1688 983 1934 1055 βήματος

346 1066 569 1139 ίδιώτην
596 1086 610 1098 ·
672 1071 768 1125 καὶ
818 1073 894 1136 ὼς
949 1072 1105 1126 οὐδὲν
1156 1073 1324 1145 ἄχαρι
1371 1075 1507 1145 πρὸς
1553 1075 1932 1128 Κωνσταντίου

343 1161 612 1228 πέπονθε,
646 1163 741 1218 τοῦ
785 1165 935 1238 παρὰ
989 1164 1084 1218 σοῦ
1115 1165 1356 1219 τοσαῦτα
1406 1167 1549 1235 μετὰ
1575 1165 1670 1219 τοῦ
1723 1167 1933 1237 πατρὸς

345 1254 864 1327 βλασφημηθέντος.
920 1255 1044 1320 Πῶς
1076 1257 1257 1310 τοίνυν
1284 1259 1456 1324 ἀξιοῖς
1482 1258 1575 1311 τὸν
1602 1258 1764 1310 αὐτὸν
1790 1258 1933 1311 οὕτω

344 1347 655 1418 φιλότιμον,
707 1346 852 1402 οὕτω
910 1350 1289 1420 μεγαλόδωρον
1347 1349 1626 1418 γενέσθαι,
1663 1351 1756 1403 καὶ
1789 1349 1934 1403 οὕτω

345 1438 716 1508 σμικρολόγον
756 1440 850 1492 κα)⁸
877 1439 1157 1509 φειδωλὸν,
1184 1442 1260 1505 ὼς
1284 1440 1529 1495 τοιοῦτον
1567 1442 1736 1510 ἐναγῆ
1765 1441 1931 1513 πόρον

345 1527 641 1595 ιπιθεῖναι,
680 1530 864 1585 τέλεον
924 1530 1125 1597 ἀγνοῶ.
1177 1532 1300 1585 Ὀτι
1328 1533 1385 1586 δὲ
1446 1533 1565 1586 οὐδὲ
1620 1532 1932 1604 Φαῦστανῆ

344 1621 601 1690 Κρίσπον
652 1620 885 1684 ἀνεῖλεν,
943 1622 1066 1675 οὐδὲ
1115 1623 1268 1692 παρά
1291 1638 1436 1683 τινος
1493 1621 1792 1689 Αἰγυπτίου
1844 1622 1934 1674 διὰ

343 1708 523 1765 ταῦτα
570 1710 683 1764 τῶν
718 1712 1005 1782 ἡμετέρων
1060 1713 1377 1784 μυστηρίων
1423 1713 1710 1784 μετέσχεν,
1766 1713 1932 1768 ἄκουε

346 1802 765 1872 συγγρᾲφοντος
795 1802 1061 1856 Εὐσεϐίου
1084 1803 1179 1857 τοῦ
1200 1805 1511 1875 Παμφίλου,
1545 1805 1933 1874 συνακμάσαν-

2040 619 2229 674 misse.
2249 618 2385 674 Nam
2407 636 2533 676 cum
2562 620 2855 688 utriusque
2880 622 3050 691 partis
3064 622 3343 677 exercitus
3372 621 3429 676 in
3453 637 3624 677 unum

2038 712 2415 775 convenisset,
2443 711 2685 781 priorem
2708 712 3091 769 Constantium
3122 715 3293 770 verba
3334 716 3530 771 fecisse
3556 717 3626 770 ad

2038 800 2265 866 milites,
2300 801 2493 873 eisque
2520 804 2574 857 in
2615 805 2938 858 memeriam
2979 821 3270 860 revocasse
3323 804 3627 861 liberalita-

2036 900 2148 946 tem
2176 894 2421 963 parentis
2455 894 2564 959 sui,
2598 910 2838 963 quocum
2860 897 3030 950 multa
3060 896 3206 951 bella
3231 897 3622 959 confecissent,

2034 994 2091 1038 et
2113 1000 2143 1038 a
2172 1000 2285 1054 quo
2327 986 2580 1040 maximis
2605 986 2767 1040 donis
2799 987 2981 1041 alfccti
3013 1002 3219 1042 essent.
3242 987 3442 1042 Milites
3469 1003 3625 1053 vero,

2038 1074 2126 1128 his
2177 1076 2404 1140 auditis,
2470 1078 2795 1132 Vetranioni
2854 1094 3152 1147 purpuram
3209 1081 3514 1141 ademisse.
3569 1094 3626 1134 et

2032 1164 2255 1233 privato
2286 1165 2480 1246 habitu
2534 1167 2791 1221 indutum
2845 1183 2912 1220 ex
2959 1168 3222 1222 tribunali
3264 1169 3622 1223 abstraxisse.

2038 1256 2307 1311 Eumdem
2338 1269 2522 1313 tamen
2556 1259 2695 1313 nihil
2753 1259 2977 1329 gravius
3000 1274 3219 1328 paSsum
3250 1274 3371 1314 esse
3401 1276 3431 1312 a
3453 1258 3628 1337 .Con-

2035 1349 2262 1408 stantio,
2316 1364 2482 1418 quem
2544 1359 2600 1404 tu
2651 1366 2759 1404 una
2818 1366 2944 1406 cum
2991 1361 3148 1421 patre
3196 1359 3277 1405 tot
3321 1352 3627 1408 maledictis

2037 1439 2319 1495 lacerasti.
2352 1439 2606 1507 Quonam
2635 1442 2804 1510 igitur
2842 1440 3008 1495 modo
3057 1441 3312 1495 eumdem
3346 1441 3625 1494 hominem

2040 1533 2203 1587 simul
2234 1533 2376 1586 adeo
2397 1532 2753 1603 magniﬁcum
2775 1548 2840 1587 ac
2865 1533 3154 1586 liberalem
3179 1532 3351 1587 fuisse
3365 1531 3623 1596 aﬂlrmes,

2036 1631 2092 1676 et
2116 1622 2258 1678 adeo
2280 1638 2513 1693 parcum
2543 1639 2607 1678 ac
2635 1623 2944 1689 sordidum,
2978 1634 3162 1679 uttam
3192 1624 3373 1678 dirum
3397 1624 3627 1694 vectigal

2037 1713 2278 1769 subditis
2338 1715 2673 1784 imponeret,
2734 1715 2994 1785 equidem
3050 1730 3161 1769 non
3222 1714 3409 1769 video.
3465 1714 3626 1780 Quod

2038 1815 2222 1860 autem
2242 1821 2348 1861 nec
2371 1806 2626 1861 Faustam
2653 1821 2756 1861 nec
2775 1806 3031 1877 Crispum
3055 1808 3199 1862 idem
3226 1807 3623 1863 Constantinus

343 1908 437 1955 τος
467 1893 869 1966 Κωνσταντίνῳ
913 1896 1006 1948 καὶ
1056 1894 1313 1967 Κρίσπῳ,
1375 1899 1468 1950 καὶ
1535 1898 1931 1967 συγγενομένου

2038 1899 2330 1964 occiderit,
2363 1892 2466 1954 nec
2493 1899 2566 1954 ob
2593 1915 2713 1953 eam
2750 1914 2971 1953 causam
2996 1900 3066 1954 ab
3098 1900 3322 1956 homine
3368 1900 3626 1972 Egyptio

342 1983 578 2047 τούτοις.
636 1985 707 2039 Σὺ
762 1986 873 2055 γὰρ
916 1986 1039 2041 οὐδὲ
1082 1987 1251 2063 ἀκοὴν
1292 1988 1549 2057 γράφεις,
1598 1990 1730 2058 μήτι
1771 2006 1834 2057 γε
1872 1990 1937 2058 δὴ

344 2073 631 2145 ἀλήθειαν,
693 2077 911 2141 πολλοῖς
960 2078 1193 2150 ὕστερον
1246 2081 1463 2150 χρόνοις
1500 2082 1595 2134 ἐπὶ
1647 2068 1935 2149 Ἀρκαδίου

344 2166 442 2231 καὶ
481 2164 746 2236 ὀνωρίου
791 2168 953 2239 μέχρι
1010 2168 1105 2223 σοῦ
1146 2170 1435 2240 γέγραφας
1458 2169 1591 2241 (89),
1621 2173 1654 2242 ἢ
1685 2172 1781 2224 καὶ
1818 2173 1934 2242 μετ’

344 2259 546 2324 αὐτοὺς
574 2257 840 2328 γεγονώς.
875 2258 1084 2331 Γράφει
1109 2260 1167 2314 δὲ
1203 2260 1297 2315 ἐπὶ
1320 2260 1519 2326 λέξεως
1542 2260 1737 2328 ταῦτα,
1761 2266 1820 2316 ὲν
1858 2263 1937 2334 τῷ

345 2358 517 2430 ὀγδόῳ
541 2359 687 2431 λόγῳ
710 2359 822 2431 (90)
842 2362 941 2432 τῆς
973 2361 1139 2415 αὐτοῦ
1188 2356 1734 2432 Ἐκκλησιαστικῆς
1775 2369 1936 2420 ιστο-

340 2451 517 2517 plac’
566 2452 776 2524 Χρόνου
821 2452 877 2505 δὲ
931 2454 993 2506 οὐ
1041 2452 1297 2507 πλείστου
1352 2455 1558 2525 μεταξὺ
1615 2457 1932 2527 γενομένου,

348 2541 606 2612 βασιλεὺς
669 2543 1049 2605 Κωνστάντιος
1098 2544 1191 2597 τὸν
1228 2544 1408 2600 πάντα
1468 2545 1587 2616 βίον
1625 2548 1932 2617 πραότατα,

346 2620 435 2699 ita!
470 2636 587 2698 τοῖς
647 2633 910 2703 ὑπηκόοις
952 2635 1339 2700 εὐνοϊκώτατα,
1392 2636 1471 2707 τῷ
1499 2654 1559 2689 τε
1602 2636 1734 2709 θείῳ
1789 2638 1934 2712 λόγῳ

346 2725 791 2794 προσφιλέστατα
827 2725 1169 2798 διαθέμενος,
1197 2728 1365 2782 παῖδα
1391 2731 1619 2800 γνήσιον
1651 2732 1933 2786 Κωνσταν-

343 2818 487 2869 τίνον
529 2802 912 2888 αὐτοκράτορα
965 2818 1231 2871 σεϐαστδν
1272 2819 1391 2873 ἀνθ’
1443 2821 1640 2875 ἑαυτοῦ
1709 2823 1934 2878 καταλι-

346 2905 485 2975 πὼν,
510 2908 678 2979 κοινῷ
707 2909 922 2979 φύσεως
950 2910 1102 2981 νόμῳ
1123 2910 1348 2984 τελευτᾷ
1382 2913 1475 2966 τὸν
1498 2913 1632 2983 βίον.
1670 2916 1781 2970 Καὶ
1800 2918 1931 2985 μεθ’

342 2994 773 3069 ιτεραιτούτου
812 3004 944 3066 παῖς
978 3002 1354 3068 Κωνστάντιος
1393 3004 1558 3070 εὐθὺς
1605 3008 1931 3078 ἀρχόμενος,

348 3089 606 3160 βασιλεὺς
628 3090 961 3156 τελεώτατος
1013 3094 1107 3145 καὶ
1143 3094 1405 3158 σεϐαστὸς
1446 3096 1585 3166 πρὸς
1627 3096 1735 3150 τῶν
1764 3114 1933 3159 στρα-

347 3184 611 3250 τοπέδων,
643 3186 737 3239 καὶ
766 3183 848 3239 ἔτι
875 3186 1009 3241 πολὺ
1035 3186 1243 3241 τούτων
1276 3189 1542 3260 πρότερον
1578 3189 1717 3260 πρὸς
1763 3189 1930 3244 αὐτοῦ
1958 3216 2005 3279 C

344 3273 438 3329 τοῦ
506 3276 903 3347 παμϐασιλέως
981 3276 1120 3332 Θεοῦ
1196 3279 1611 3351 ἀναγορευθεὶς,
1680 3280 1932 3352 ζηλωτὴν

349 3368 545 3422 ἑαυτδν
573 3369 675 3438 τῆς
699 3368 980 3440 πατρικῆς
1006 3370 1137 3441 περί¹
1168 3371 1260 3423 τὸν
1290 3371 1562 3443 ἡμέτερον
1591 3373 1750 3440 λόγον
1779 3373 1935 3428 εὐσε-

349 3460 498 3525 ϐείας
528 3462 923 3532 κατεστήσατο.
944 3461 1057 3515 Καὶ
1089 3462 1224 3534 πρὸς
1249 3461 1327 3533 τῷ
1359 3464 1502 3517 τέλει
1533 3464 1590 3517 δὲ
1618 3462 1717 3531 τῆς
1741 3463 1934 3520 Ἰστο-

343 3552 500 3618 plac,
558 3553 771 3617 τούτοις
819 3553 953 3622 φησὶ
991 3555 1103 3617 τοῖς
1141 3553 1437 3623 ὀνόμασιν·
1494 3554 1553 3605 '0
1609 3555 1706 3621 δὲ,
1760 3558 1930 3629 ἀρετῇ

342 3632 501 3716 ὶπάσῃ
562 3642 879 3707 θεοσεϐείας
952 3645 1270 3714 ὲκπρέπων,
1338 3644 1636 3715 μέγιστος,
1710 3647 1938 3715 νικητὴς

352 3733 763 3798 Κωνσταντῖνος
819 3736 917 3789 σὺν
957 3735 1110 3789 παιδὶ
1159 3736 1393 3807 Κρίσπῳ
1442 3737 1655 3806 βασιλεί
1694 3736 1938 3806 Θεοφιλε-

351 3825 553 3896 στὰτῳ,
578 3826 675 3880 καὶ
696 3827 839 3880 κατὰ
862 3826 1039 3881 πάντα
1062 3824 1156 3880 τοῦ
1177 3827 1384 3899 πατρὸς
1416 3827 1589 3898 ὁμοίῳ
1609 3828 1709 3899 τὴν
1727 3827 1938 3881 οἰκείαν

351 3916 494 3988 ἑῴαν
525 3916 933 3989 ἀπελάμϐανον,
983 3918 1098 3971 Οὐκ
1136 3917 1203 3972 ἂν
1229 3916 1288 3971 δὲ
1329 3919 1357 3970 ὁ
1387 3915 1656 3982 Εὐσέϐιος
1685 3918 1938 3989 Κρίσπον

350 4004 526 4071 οὕτως
556 4004 843 4077 ἐπῄνεσεν,
879 4008 928 4059 εί
962 4005 1100 4077 πρὸς
1147 4005 1244 4059 τοῦ
1275 4006 1484 4077 πατρὸς
1514 4006 1781 4078 ἀνῄρητο,
1811 4007 1936 4058 ἑπι-

351 4097 558 4163 ριώσας
590 4097 667 4169 τῷ
686 4098 1114 4170 ,Κωνσταντίνῳ.
1162 4098 1220 4152 ’0
1247 4098 1305 4152 δὲ
1333 4098 1667 4173 Θεοδώριτος
1700 4099 1937 4167 ἱστορῶν

418 4243 441 4273 ⁸
477 4240 684 4296 Euseb.
716 4256 840 4312 pag.
875 4240 1003 4308 492.

2039 1997 2453 2044 sacramentum
2479 1998 2683 2044 nostrae
2729 1989 3016 2059 religionis
3047 1992 3343 2059 acceperit,
3373 1992 3524 2057 audi,
3576 1992 3625 2046 si

2047 2082 2250 2152 placet,
2286 2089 2579 2137 testantem
2642 2081 2935 2135 Eusebium
2990 2082 3280 2151 Pamphili.
3312 2083 3473 2152 375
3527 2087 3621 2153 qui

2042 2174 2241 2228 iisdem
2273 2174 2621 2243 temporibus
2642 2172 2830 2227 ﬂoruit
2877 2173 3082 2242 quibus
3133 2172 3531 2229 Constantinus
3567 2183 3626 2229 et

2037 2265 2268 2336 Crispus
2297 2269 2512 2331 vixere,
2549 2276 2606 2321 et
2648 2266 2895 2335 quicum
2927 2266 3121 2320 iisdem
3170 2281 3316 2336 saepe
3375 2276 3626 2322 versatus

2036 2367 2141 2413 est.
2168 2358 2249 2412 Tu
2277 2358 2426 2413 enim
2455 2374 2522 2413 ne
2582 2358 2868 2413 auditione
2916 2358 3142 2428 quidem
3178 2360 3277 2414 abs
3308 2369 3361 2415 te
3395 2369 3625 2430 accepta

2037 2449 2264 2515 scribis,
2293 2450 2497 2505 nedum
2522 2466 2673 2506 vera.
2700 2451 2915 2520 Quippe
2933 2452 3026 2521 qui
3061 2452 3373 2521 principatu
3401 2451 3622 2507 Arcadii

2036 2551 2093 2597 ct
2127 2541 2375 2605 Honorii,
2419 2543 2486 2597 ad
2515 2558 2755 2612 quorum
2794 2558 2970 2612 usque
3026 2552 3276 2613 tempora
3332 2543 3623 2599 historiam

2043 2641 2197 2686 tuam
2258 2632 2591 2703 perduxisti,
2625 2644 2722 2686 aut
2779 2633 2948 2686 etiam
2976 2644 3101 2702 post
3146 2634 3271 2688 illos
3315 2634 3537 2687 vixeris.
3575 2634 3626 2689 Is

2038 2725 2210 2795 igitur
2233 2725 2289 2779 in
2322 2733 2522 2779 octavo
2554 2724 2944 2781 Ecclesiasticw
2974 2725 3225 2779 Historia:
3245 2741 3357 2781 sua:
3386 2726 3529 2781 libro
3552 2726 3622 2781 ad

2036 2818 2275 2869 verbum
2314 2815 2389 2870 ita
2436 2816 2662 2871 scribit:
2722 2815 2878 2872 Haud
2926 2817 3100 2871 multo
3147 2827 3274 2886 post
3321 2817 3625 2887 imperator

2036 2904 2416 2971 Constantius,
2441 2907 2528 2961 vir
2557 2907 2612 2960 in
2647 2908 2798 2962 omni
2827 2909 2936 2962 vita
2960 2907 3395 2978 placidissimus;
3422 2910 3516 2978 qui
3568 2918 3626 2965 et

2035 2999 2336 3054 clementia
2359 2999 2415 3053 in
2441 2999 2718 3066 subditos,
2786 3009 2842 3055 et
2866 3000 3133 3072 singulari
3158 3017 3286 3072 erga
3325 3000 3489 3056 ﬁdem
3521 3017 3628 3057 no-

2042 3098 2212 3144 stram
2244 3089 2632 3146 benevolentia
2656 3098 2928 3161 perpetuo
2962 3091 3227 3162 praeditus
3251 3092 3451 3158 fuerat,
3475 3090 3627 3147 Con-

2036 3182 2339 3237 stantinum
2371 3183 2661 3252 proprium
2695 3180 2871 3236 ﬁlium
2908 3183 3051 3250 vice,
3085 3199 3186 3238 sua
3232 3183 3623 3253 imperatorem

2039 3284 2206 3344 atque
2231 3275 2542 3345 Augustum
2581 3274 2926 3345 relinquens,
2946 3275 3098 3330 fatali
3125 3284 3302 3329 morte
3330 3275 3626 3332 defunctus

2035 3374 2141 3421 est.
2196 3365 2263 3419 Et
2293 3365 2453 3436 paulo
2476 3375 2630 3435 post:
2680 3364 2854 3437 Hujus
2912 3366 3060 3421 lilius
3098 3366 3517 3431 Constantinus,
3555 3368 3627 3421 ab

2038 3458 2158 3528 ipso
2182 3459 2367 3514 statim
2395 3459 2627 3514 exordio
2655 3474 2950 3529 supremus
2980 3459 3304 3529 imperator,
3335 3468 3393 3515 et
3439 3460 3624 3531 Augu-

2037 3558 2178 3615 stus,
2210 3566 2239 3604 a
2265 3550 2561 3616 militibus,
2593 3550 2803 3620 diuque
2824 3560 2985 3605 antea
3010 3550 3082 3605 ab
3108 3552 3358 3606 omnium
3387 3549 3628 3620 impe‘ra-

2040 3651 2221 3696 torum
2240 3642 2355 3697 Deo
2376 3643 2751 3707 renuntiatus,
2777 3649 3021 3711 paternae
3037 3655 3169 3712 erga
3192 3641 3353 3697 tidem
3383 3652 3625 3696 nostram

2039 3734 2263 3804 pietatis
2284 3734 2662 3789 aamulatorem
2688 3751 2745 3789 se
2765 3736 3041 3804 praestitit.
3088 3735 3236 3791 Idem
3265 3735 3541 3790 Eusebius
3569 3735 3624 3788 in

2037 3824 2147 3881 line
2176 3825 2432 3880 Historia:
2454 3836 2476 3856 °
2505 3826 2593 3880 his
2620 3826 2796 3881 utitur
2820 3826 3038 3881 verbis:
3069 3825 3465 3882 Constantinus
3491 3840 3625 3879 vero

2036 3915 2304 3971 omnibus
2361 3916 2648 3987 religionis
2690 3915 2995 3971 virtutibus
3037 3923 3289 3975 ornatus,
3343 3924 3399 3969 et
3447 3913 3627 3968 victor

2036 4009 2472 4074 maximus,una
2495 4024 2622 4064 cum
2652 4007 2766 4062 tilio
2793 4005 2991 4077 Crispo
3043 4005 3280 4070 Caesare,
3326 4006 3440 4060 Deo
3487 4004 3622 4059 cha-

2039 4100 2261 4157 rissimo
2290 4110 2350 4157 et
2392 4101 2533 4172 patri
2575 4100 2944 4171 undequaque
2987 4100 3292 4165 simillimo,
3338 4099 3621 4157 Orientem

1543 4353 1807 4411 VALESII
1842 4355 2402 4414 ANNO’I‘ATIUNES.

424 4456 535 4530 (88)
566 4451 815 4530 ﬂpétoc
845 4454 894 4530 d_
918 4448 1355 4530 Κιυονθστοιι’ῒιννοςἶ
1405 4447 1776 4530 scribendum
1836 4457 1923 4530 est

2036 4450 2226 4530 simum
2278 4448 2495 4529 vixisse_
2525 4447 2894 4530 _temporibtts
2924 4437 3276 4530 "Theodosii
3343 4440 3613 4530 Iunioris.

353 4518 754 4585 Κώνστάντιος,
781 4529 845 4575 ut
879 4522 1089 4591 legitur
1132 4519 1190 4575 in
1234 4518 1425 4579 codice
1472 4519 1806 4591 Telleriano,
1870 4527 1925 4591 et

350 4595 493 4665 apud
526 4588 988 4665 Nicephorumin
1011 4590 1186 4665 _libro_
1225 4604 1338 4665 xvi,
1373 4602 1493 4665 cap.
1524 4588 1616 4665 ιῌ.
1649 4588 1718 4642 Ει
1765 4590 1931 4665 paulo

350 4658 476 4735 post
491 4664 585 4719 ubi
621 4658 823 4732 legitur
841 4662 1071 4735 πολλοὺς
1101 4658 1933 4735 πολεμίομς-διεπόνησανζερτί-

353 4727 596 4790 bendum
652 4727 740 4787 est
796 4730 1072 4801 πολέμους
1129 4768 1144 4793 ,
1210 4738 1274 4784 ut
1325 4728 1497 4783 habet
1557 4727 1702 4784 idem
1767 4727 1930 4783 Nice-

388 4804 584 4859 herus.

350 4822 757 4939 pn(083;sllléxpt
784 4869 903 4923 σοῦ
958 4869 1275 4939 γέγραφας.
1301 4867 1529 4939 AProcul
1575 4866 1748 4939 dubio
1791 4867 1930 4939 scri-

350 4933 591 5001 bendum
616 4933 711 4997 est
730 4939 925 5010 μέχρις
953 4933 1639 5011 ὸῖιξὃίεζῑιιηοιίεΑνοοίίωε.Δ
1657 4937 1832 5006 Atque
1857 4936 1932 4991 ita

348 5015 480 5086 legit
500 5007 870 5086 Njcephorus,
905 5007 1371 5086 quihaze'Evagrii
1398 5009 1574 5086 verba
1598 5007 1677 5062 sic
1702 5020 1930 5086 expres—

348 5077 449 5140 sit:
486 5080 581 5144 Οἷς
612 5077 707 5134 καὶ
735 5080 835 5149 τὴν
864 5077 1189 5150 συγγραφὴν
1238 5079 1506 5150 ἐστησας,
1536 5077 1735 5150 Quenr
1766 5077 1929 5150 Nice-

350 5155 508 5224 phori
540 5154 727 5224 locum
771 5146 1027 5224 joannes
1058 5146 1278 5224 Langus
1334 5163 1446 5202 non
1495 5147 1787 5224 intellexit.
1836 5146 1929 5202 Sic

347 5216 494 5280 enim
521 5222 691 5278 vertit
723 5237 737 5275 :
766 5218 842 5275 Tu
878 5236 1108 5289 namque
1131 5216 1304 5273 solum
1322 5234 1590 5271 rumorem
1622 5216 1929 5272 mutilatum

238 5348 257 5357 ,
349 5296 573 5349 mandas
600 5293 820 5355 litteris,
849 5307 953 5344 non
981 5288 1256 5343 veritatem
1290 5289 1482 5351 ipsum,
1513 5289 1603 5356 qui
1638 5288 1793 5357 longo
1814 5297 1926 5356 post

348 5375 581 5435 tempore
612 5363 707 5417 sub
761 5363 993 5435 Honorio
1045 5368 1094 5411 et
1134 5359 1361 5413 Arcadio
1411 5360 1598 5435 quibus
1650 5358 1928 5411 historiam

346 5430 495 5488 tuam
528 5434 804 5497 dedicasti,
830 5442 877 5486 et
896 5433 1131 5501 fortasse
1158 5438 1271 5500 post
1302 5444 1485 5482 eorum
1508 5430 1668 5501 etiam
1687 5438 1926 5501 tempora

348 5504 551 5576 longius
574 5506 787 5559 vixeris.
816 5497 922 5576 Sed
953 5497 1279 5576 verte_ndut_n
1309 5509 1431 5576 erat
1450 5515 1474 5576 :_
1512 5497 1711 5563 Quzbus
1762 5499 1926 5576 histo:

346 5568 485 5629 riam
537 5583 686 5628 tuam
741 5573 1062 5628 terminasti.
1092 5571 1306 5624 Etenim
1352 5569 1606 5622 Zosimus
1651 5584 1824 5636 usque
1857 5568 1925 5622 ad

344 5645 821 5716 expugnationem
856 5643 1015 5716 urbis
1075 5641 1262 5716 Roma:
1308 5639 1379 5716 ab
1421 5639 1653 5716 Alarico
1698 5639 1921 5702 factam,

344 5707 660 5785 opussuum
688 5713 967 5785 perduxit,
1002 5720 1157 5785 ut_ex
1189 5708 1369 5785 Photii
1414 5707 1737 5785 bibliotheca
1779 5724 1921 5785 con-

346 5778 473 5840 stat.
511 5778 786 5842 Caeterum
821 5800 888 5840 ex
916 5783 1021 5838 hoc
1064 5780 1280 5850 Evagrii
1313 5795 1377 5834 ac
1434 5779 1727 5850 Nicephori
1778 5778 1920 5850 loco,

351 5855 592 5924 Vossius,
626 5856 683 5912 in
714 5855 856 5911 libro
896 5854 969 5909 Da
1003 5848 1276 5908 Historicis
1308 5849 1524 5914 Crwcis,
1554 5848 1786 5903 atiirmut
1815 5848 1922 5903 Ζορ

2033 4518 2238 4573 Neuter
2273 4526 2455 4572 tamen
2483 4518 2536 4570 id
2566 4518 2634 4571 de
2658 4516 2878 4572 Zusimo
2904 4516 3063 4570 dixit.
3091 4517 3195 4571 Sed
3231 4526 3442 4577 tantum
3466 4519 3621 4578 aiunt

1962 4564 2007 4621 ο
2034 4564 2226 4643 iiﬁiﬁf'
2249 4564 2635 4641 εἶιῖίἰὸὶιῖηἷό
2659 4564 3618 4657 edd-reddit)"duabus-Historia;

2035 4672 2189 4713 suam
2215 4657 2550 4718 terminavit,
2588 4658 2869 4713 autetiam
2913 4656 3009 4710 diu
3042 4656 3165 4726 pest
3192 4658 3337 4720 illos,
3389 4659 3614 4716 vixi~se.

1990 4728 1993 4731 ’
2033 4728 2195 4783 Certe
2225 4726 2504 4780 Zosimum
2548 4726 2719 4792 hunc,
2750 4729 2895 4782 circa
2938 4726 3216 4781 Anastasii
3264 4727 3618 4796 imperatoris

2035 4807 2285 4867 tempora
2339 4796 2543 4850 vixisse
2572 4797 2847 4867 existimo.
2883 4797 3015 4851 Nam
3058 4806 3115 4850 et
3152 4797 3610 4867 Olympiodorum

2034 4868 2333 4923 Thebzeum
2354 4866 2509 4936 citat,
2529 4868 2624 4936 qui
2649 4867 2752 4920 sub
2771 4866 3083 4920 Theodosio
3098 4866 3327 4922 Juni'orc
3338 4868 3616 4925 historiam

2034 4954 2188 4993 suam
2227 4935 2470 5008 scripsit,
2510 4935 2856 5008 attestatur
2900 4936 3157 5008 Photius;
3219 4946 3275 5008 et
3324 4936 3613 5008 Syrianum

2034 5006 2726 5080 philosophtttn‘nominat,
2762 5006 2855 5080 qui
2903 5007 3080 5060 Procli
3137 5006 3401 5080 Di‘adoclii
3436 5010 3613 5080 magi-

2032 5075 2146 5132 ster
2173 5078 2296 5131 fuit.
2318 5075 2669 5147 AVixitautem
2698 5077 2925 5135 Proclns
2949 5077 3293 5147 temporibus
3314 5075 3608 5133 Anastasii.

2032 5148 2280 5216 Denique
2307 5145 2506 5200 Suidas
2529 5145 2810 5199 Zosimum
2842 5145 3149 5214 sophistam
3187 5148 3387 5201 vixisse
3417 5148 3613 5205 scribit

2034 5229 2299 5288 regnante
2328 5216 2635 5288 Anastasio.
2672 5216 2846 5281 Quem
2882 5216 3109 5288 quidem
3163 5216 3419 5271 existimo
3451 5234 3609 5272 eum-

2031 5285 2155 5341 dcin
2221 5301 2341 5340 esse
2406 5298 2529 5357 cum
2598 5286 2817 5339 Zosimo
2882 5285 3242 5357 historiarum
3312 5289 3604 5357 scriptore.

2030 5357 2257 5413 Plurimi
2285 5357 2432 5411 enim
2468 5355 2719 5410 rhetores
2744 5372 2808 5410 ae
2847 5356 3130 5425 suphistze,
3157 5357 3223 5411 ad
3255 5355 3606 5413 scribendam

2030 5428 2319 5482 historiam
2356 5440 2415 5481 se
2438 5426 2820 5485 contulerunt,
2844 5434 2901 5479 ut
2928 5439 3042 5479 tum
3065 5443 3131 5481 ex
3161 5428 3420 5497 Dionysio
3456 5427 3608 5483 Hali-

2030 5514 2357 5561 carnasseo,
2418 5506 2533 5551 tum
2582 5512 2650 5551 ex
2702 5497 2826 5550 aliis
2886 5497 3195 5551 innumeris
3243 5507 3481 5553 constat.
3544 5500 3607 5553 Et

2028 5568 2281 5622 advocati
2316 5569 2433 5625 lisci
2491 5565 2732 5637 dignitas
2763 5580 3137 5637 quaornatur
3191 5567 3461 5633 Zosimus,
3494 5584 3607 5624 non

2028 5638 2263 5691 multum
2301 5635 2618 5694 abhorret'a
2648 5635 2976 5706 Sepliistiea.

2098 5708 2206 5783 (9_0)
2239 5709 2337 5762 Ἐν
2360 5709 2441 5783 τῤ
2466 5707 2656 5783 ὀγδόῳ
2677 5709 2857 5777 λόγῳ.
2899 5707 2999 5765 Hic
3025 5708 3258 5783 Eusebii
3279 5708 3436 5783 locus
3468 5708 3608 5783 legi-

2029 5778 2450 5850 turinieap.28
2498 5778 2625 5832 libri
2678 5794 2795 5844 vm,
2830 5793 2901 5831 ex
2950 5795 3062 5850 quo
3116 5779 3478 5850 corrigendus
3520 5778 3605 5836 est

2028 5849 2294 5919 Evagrius
2311 5858 2518 5907 noster.
