3982 6384
303 358 442 428 9539

1247 352 1632 430 HISTORLE
1672 349 2268 427 ECCLESIASTICIE
2308 351 2537 426 LIBER
2578 354 2692 427 In.

3425 372 3568 436 963i)

308 474 547 544 σπομένη.
589 472 881 542 ’Δρμὲνειά
902 489 962 526 τε
980 475 1076 527 καὶ
1103 474 1172 529 τὰ
1189 474 1558 546 πλησιάζοντα
1591 474 1718 545 ἔθνη
1763 475 1872 528 Ῥω

1999 473 2290 546 Egyptum
2349 476 2514 541 rexit,
2569 487 2628 534 ut
2681 480 2750 534 ab
2805 480 3164 536 historiarum
3219 483 3582 552 scriptoribus

306 565 853 636 μαίοιςπροσετέθη,
896 564 1018 636 μεθ’
1056 567 1259 639 ἐτέρων
1293 570 1548 637 ἱστορεῖς.
1584 566 1798 639 Μικροῦ
1831 567 1888 619 δέ

304 675 370 724 με
403 655 652 709 διέλαθεν
685 655 722 709 ἃ
752 657 817 709 σὺ
855 658 1090 726 γράφεις
1135 657 1226 711 τὸν
1257 659 1670 713 Κωνσταντῖνον
1721 676 1888 713 κατα-

301 748 640 820 πράξασθαι,
675 748 821 817 μάλα
863 749 1136 817 γεννικῶς
1179 754 1272 806 καὶ
1311 751 1575 820 ἀνδρείως
1605 752 1706 823 τῆς
1751 753 1888 806 Ῥω-

301 842 481 911 μαίων
541 841 959 911 ἐξηγησάμενον
1032 844 1211 915 ἀρχῆς
1270 846 1410 914 μετὰ
1460 845 1559 915 τῆς
1611 844 1888 916 ἡμετέρας

299 932 628 1002 θρησκείας,
665 933 761 986 καὶ
803 929 894 987 οἷα
934 933 1206 988 πέπονθεν
1257 935 1544 999 Ἰουλιανὸς
1588 938 1616 989 ὁ
1653 937 1745 999 σὸς
1793 937 1887 990 καὶ

294 1024 408 1078 τῶν
438 1023 550 1077 σῶν
577 1024 782 1096 ὀργίων
813 1024 1110 1096 θιασώτης,
1139 1025 1446 1095 τηλικαῦτα
1485 1028 1777 1096 τραύματα
1814 1031 1883 1098 τῇ

296 1115 552 1186 πολιτείᾳ
586 1115 1018 1180 καταλελοιπώς.
1049 1117 1113 1169 El
1145 1117 1204 1170 δέ
1250 1135 1304 1170 τι
1333 1118 1444 1170 τῶν
1476 1117 1880 1187 προφητευθέν-

292 1214 402 1261 των
444 1208 580 1275 περὶ
635 1205 738 1276 τῆς
789 1206 887 1260 τοῦ
937 1207 1149 1277 κόσμου
1191 1207 1451 1279 τελευτῆς
1507 1208 1541 1278 ἢ
1596 1208 1882 1278 προοίμιον

294 1299 547 1368 εἴληφεν.
607 1297 641 1368 ἢ
680 1300 776 1351 καὶ
820 1299 882 1352 τὸ
931 1301 1106 1371 πέρας
1151 1299 1385 1364 δέξεται,
1434 1299 1679 1368 μείζονος
1734 1301 1882 1352 ἐστιν

292 1389 636 1460 οἰκονομίας,
679 1388 711 1460 ἦ
766 1390 910 1444 κατὰ
964 1391 1046 1444 σέ.
1112 1390 1492 1460 Ἐξετάσωμεν
1538 1390 1595 1442 δὲ
1621 1393 1669 1443 εί
1710 1390 1879 1451 δοκεῖ,

291 1485 440 1544 ὅπως
464 1482 516 1534 οί
547 1481 616 1534 τὰ
661 1481 932 1550 Ἑλλήνων
979 1482 1422 1552 πρεσϐεύσαντες
1473 1482 1733 1550 βασιλεῖς,
1787 1483 1880 1535 καὶ

291 1578 439 1640 ὅπως
497 1579 548 1630 οἱ
587 1576 658 1629 τὰ
705 1577 801 1630 τοῦ
836 1578 1076 1647 Χριστοῦ
1135 1576 1525 1641 Calabras;-
1571 1580 1671 1647 τὴν
1731 1579 1879 1648 βασι-

277 1669 444 1743 -λείαν
482 1667 778 1721 ἀπέθεντο.
807 1669 880 1721 Οὐ
934 1669 1152 1738 πρῶτος
1210 1669 1371 1731 Γαῖος
1423 1668 1638 1732 Ἰούλιος
1665 1671 1880 1738 Καῖσαρ

296 1760 678 1830 μοναρχήσας,
727 1758 1110 1828 δολοφονηθεὶς
1161 1759 1252 1812 τὸν
1297 1759 1411 1827 βίον
1472 1759 1882 1828 κατέστρεψεη

1999 562 2264 616 traditum
2300 572 2405 620 est.
2434 563 2551 618 Jam
2573 581 2707 620 vero
2732 577 2866 638 quot
2899 570 3154 639 regiones
3173 570 3443 640 ademplte
3471 570 3581 626 sint

1996 652 2180 708 Persis
2212 670 2243 708 a
2268 655 2528 709 Ventidio
2558 665 2614 710 et
2641 673 2669 710 a
2699 655 3017 715 Corbulone
3065 659 3303 716 Neronis
3333 662 3506 716 duce:
3549 678 3580 716 a

1996 744 2204 800 Severo
2241 747 2373 799 item
2404 763 2469 801 ac
2497 747 2733 817 Trajano
2758 760 2815 804 et
2843 751 3019 814 Caro;
3052 766 3082 805 a
3115 751 3306 808 Cassio
3358 769 3580 823 quoque

1995 845 2051 891 et
2076 836 2379 893 Odamatho
2408 839 2736 910 Pelmyreno
2768 851 2824 896 et
2870 843 3165 913 Apollonio
3213 853 3271 900 et
3321 845 3390 898 ab
3422 846 3576 900 aliis:

1999 929 2219 1000 quoties
2253 941 2521 1000 prazterea
2540 932 2793 988 Seleucia
2823 944 2880 989 et
2900 935 3202 1006 Ctesiphon
3224 937 3391 992 urbes
3405 948 3579 1006 captae

1991 1022 2138 1086 sint;
2171 1025 2391 1091 quoties
2420 1023 2651 1087 Nisibis,
2684 1042 2834 1080 nunc
2863 1027 2929 1080 ad
2970 1028 3269 1093 Romanos,
3328 1045 3476 1082 nunc
3508 1028 3576 1084 ad

1991 1110 2205 1169 Persas
2247 1116 2556 1180 transiens;
2609 1116 2866 1171 Armenia
2925 1118 3166 1189 denique
3213 1136 3278 1175 ac
3333 1119 3578 1174 ﬁnitima:

1990 1215 2184 1275 gentes
2217 1207 2468 1262 Romano
2499 1209 2733 1278 imperio
2775 1209 3051 1280 adjuncta:
3077 1210 3312 1278 fuerint;
3348 1222 3404 1266 tu
3469 1228 3574 1268 una

1990 1313 2115 1352 cum
2160 1298 2391 1368 reliquis
2420 1300 2790 1368 scriptoribus
2820 1300 3018 1354 refers.
3056 1300 3162 1355 Sed
3222 1318 3362 1371 pene
3383 1303 3579 1358 omise-

1991 1404 2107 1442 ram
2141 1405 2203 1442 ea
2239 1405 2360 1458 quae
2383 1398 2437 1442 tu
2476 1391 2676 1443 scribis
2708 1390 2959 1444 confecta
2981 1407 3102 1445 esse
3126 1407 3155 1444 a
3189 1389 3573 1454 Constantino,

1990 1480 2084 1550 qui
2111 1496 2235 1534 eum
2261 1489 2503 1535 nostram
2530 1482 2854 1552 religionem
2882 1483 3258 1551 proﬁteretur,
3284 1483 3574 1551 imperium

1989 1557 2298 1621 Romanum
2346 1578 2571 1623 strenue
2629 1587 2692 1624 ac
2747 1571 2968 1623 fortiter
3012 1571 3424 1625 administravit
3461 1589 3474 1624 :
3520 1580 3576 1627 et

1987 1669 2190 1729 quanta
2241 1675 2537 1728 perpessus
2586 1660 2657 1715 sit
2708 1660 2962 1732 Julianus
3012 1669 3174 1725 tuus,
3250 1663 3572 1716 corumdem

1989 1758 2171 1804 tecum
2206 1750 2594 1819 mysteriorum
2643 1751 2940 1820 particeps,
2987 1751 3081 1821 qui
3143 1760 3223 1805 tot
3273 1769 3336 1806 ac
3395 1762 3574 1806 tantas

289 1852 348 1904 οὗ
381 1851 644 1918 δεύτερον
680 1849 778 1903 τὸν
807 1849 1034 1917 ἔκγονον
1057 1850 1309 1919 Τεϐερίου
1347 1850 1506 1903 Γάῖον
1531 1850 1640 1901 τῶν
1671 1851 1727 1902 ἐν
1769 1852 1873 1912 τοῖς

1986 1842 2383 1896 eladesintulit
2413 1842 2750 1911 reipublicae.
2788 1843 2983 1898 Utrum
3023 1859 3156 1898 vero
3202 1860 3396 1899 eorum
3448 1860 3572 1915 qua

291 1942 708 2012 στρατεύμασιν
743 1941 876 1994 ἔνιοι
935 1939 1114 2009 ξίφεσι
1152 1941 1543 2010 διεχρήσαντο;
1593 1941 1653 1994 οὐ
1689 1942 1879 2005 Νέρων

289 2033 426 2103 πρός
460 2049 612 2096 τινος
650 2032 762 2084 τῶν
801 2032 1021 2085 οἰκείων
1082 2033 1364 2102 ἀνῃρέθης
1417 2032 1478 2085 οὐ
1547 2031 1758 2094 Γάλϐας
1812 2033 1882 2084 τὰ

294 2126 651 2197 παραπλήσια
713 2126 1017 2190 πέπονθεν;
1068 2125 1247 2178 Ὄθων
1277 2141 1334 2177 τε
1373 2125 1468 2178 καὶ
1521 2121 1792 2186 Βιτέλλιος
1825 2125 1876 2176 oi

286 2220 437 2287 τρεῖς
468 2215 896 2286 βασιλεύσαντες
927 2216 1122 2285 μόνους
1151 2214 1448 2268 ἑκκαίδεκα
1487 2215 1683 2284 μῆνας.
1719 2214 1878 2269 Τῖτον

282 2309 344 2362 δὲ
385 2308 818 2378 βασιλεύσαντα,
838 2308 900 2361 οὐ
933 2306 1259 2378 Δομετιανὸς
1311 2309 1629 2378 φαρμάκοις
1652 2306 1881 2376 ἀδελφὺν

283 2397 419 2454 ὄντα
465 2417 533 2469 γε
591 2398 783 2464 αὐτοῦ,
831 2398 1083 2464 ἀνεῖλεν;
1118 2399 1178 2452 οὐ
1231 2399 1558 2468 Δομετιανὸς
1617 2398 1754 2466 πρὸς
1784 2397 1878 2451 τοῦ

282 2489 564 2560 Στεφάνου
598 2491 848 2554 δειλαίως
865 2491 973 2543 τῶν
1005 2490 1258 2544 ἐντεῦθεν
1290 2490 1526 2561 μετέστη
1552 2507 1567 2556 ;
1611 2491 1677 2544 Τί
1704 2490 1759 2542 δὲ
1783 2491 1879 2543 καὶ

281 2580 416 2647 περὶ
445 2577 694 2648 Κομόδου
711 2579 819 2648 φής
849 2594 864 2642 ;
889 2579 1001 2647 Οὐχ
1030 2574 1184 2641 οὗτος
1211 2579 1316 2631 ὑπὸ
1337 2579 1650 2648 Ναρκίσσου
1665 2579 1878 2649 τὸνβίον

280 2669 595 2734 ἀπέλιπενς
659 2668 931 2740 Περτίναξ
954 2670 1024 2736 ⁸⁸,
1047 2671 1142 2723 καὶ
1160 2671 1466 2736 Ἰουλιανὸς,
1483 2673 1544 2723 οὐ
1571 2671 1680 2723 τῶν
1699 2673 1879 2724 αὐτῶν

279 2757 507 2829 ἔτυχονς
549 2759 868 2824 ’Λντωνῖνος
903 2760 959 2813 δὲ
988 2763 1017 2813 ὀ
1048 2763 1312 2831 Σευῆρον,
1334 2763 1394 2815 οὐ
1429 2763 1597 2815 Γέταν
1612 2764 1704 2817 τὸν
1723 2763 1876 2819 ἁδελο

277 2850 382 2918 φὺν
437 2849 752 2920 διέφθειρε,
817 2851 886 2904 τὰ
937 2853 1296 2923 παραπλήσια
1334 2855 1429 2907 καὶ
1477 2854 1639 2917 αὐτὸς
1688 2855 1876 2907 παθὼν

276 2937 388 2989 ὑπὸ
418 2937 764 3010 Μαρτιαλίου
790 2956 806 3006 ;
833 2940 900 2992 Τί
933 2940 990 2993 δὲ
1021 2941 1117 2994 καλ⁸
1159 2943 1462 3012 Μακρῖνος,
1506 2945 1566 2996 οὺ
1597 2947 1726 3014 περὶ
1767 2945 1873 2998 Βυ-

276 3025 502 3087 ζάντιον
551 3027 910 3099 αἰχμαλώτου
969 3030 1127 3100 δίκην
1181 3033 1520 3102 περιαχθεὶς,
1585 3036 1724 3104 προς
1765 3037 1873 3087 τῗρν

277 3119 571 3189 σφετέρων
611 3121 966 3191 στρατιωτῶν
1025 3125 1424 3195 ἐμιαιφονήθης
1467 3127 1575 3180 Καὶ
1603 3128 1871 3197 Αὐρήλιος

272 3209 333 3263 δὲ
375 3211 699 3276 Ἀντωνῖνος
729 3216 759 3267 ὁ
805 3213 866 3278 ὲξ
934 3215 1190 3284 Ἐμέσης,
1221 3217 1282 3269 οὐ
1330 3218 1466 3285 μετὰ
1510 3220 1608 3288 τῆς
1664 3221 1872 3291 μητρὸς

272 3300 641 3370 κατεσφάγης
676 3302 736 3354 '0
767 3301 824 3353 δέ
850 3318 913 3369 γε
950 3303 1248 3372 μετάὺτὺν
1289 3304 1673 3374 Ἀλέξανδρος..
1698 3307 1760 3358 οὐ
1793 3306 1871 3377 τῷ

275 3389 432 3459 αὐτῷ
469 3391 569 3443 σὺν
609 3394 676 3462 τῇ
734 3392 904 3461 μητρὶ
955 3394 1347 3462 περιπέπτωκε
1379 3395 1655 3464 δράματις
1699 3399 1765 3450 Τί
1803 3397 1869 3451 ἂν

270 3481 531 3550 εἰποιμεν
555 3481 652 3534 καὶ
677 3485 806 3552 περὶ
824 3483 1157 3552 Μαξιμίνου,
1185 3485 1321 3552 πρὸς
1349 3486 1446 3554 τῆς
1463 3487 1670 3549 οἰκείας
1700 3504 1869 3557 στρα-

273 3572 403 3632 τιᾶς
458 3573 938 3644 άναιρεθὲντος,ἢ
1007 3575 1301 3645 Γορδιανοῦ
1366 3577 1868 3648 ἐπιϐουλεύμασιη

269 3660 552 3717 Φιλίππου
592 3665 698 3717 ὑπὸ
738 3665 848 3718 τῶν
887 3667 1108 3720 οἰκείων
1147 3670 1498 3737 στρατιωτῶν
1535 3673 1632 3740 τὴν
1663 3672 1868 3726 τέλειον

273 3755 606 3818 ὑπελθόντος
637 3757 886 3826 ήμέραν;
911 3758 1051 3825 Λέγε
1075 3758 1133 3811 δὲ
1181 3758 1269 3819 σὺ,
1302 3760 1446 3822 ὅπως
1494 3777 1552 3812 τε
1580 3761 1864 3827 Φίλιππος,

268 3846 430 3900 καὶὸ
468 3849 589 3916 μετ’
641 3847 805 3900 αὑτὸν
861 3849 1074 3913 Δέκιος,
1131 3852 1229 3922 οὐχ
1285 3851 1392 3904 ὑπὸ
1441 3851 1551 3904 τῶν
1590 3853 1867 3922 πολεμίων

268 3936 654 4008 διεφθάρησαν
682 3954 697 4003 ;
735 3938 830 3991 καὶ
868 3939 1068 4005 Γάλλος
1111 3941 1168 3994 δὲ
1199 3943 1292 3994 καὶ
1323 3941 1734 4008 Βουλουσιανὺξ,
1767 3946 1864 4015 οὐχ

269 4029 378 4081 ὑπὸ
407 4029 522 4081 τῶν
563 4030 780 4083 οἰκείων
822 4031 1107 4102 δυνάμεων
1153 4033 1255 4103 τῆς
1281 4033 1431 4102 σφῶν
1455 4036 1600 4104 ζωῆς
1626 4035 1864 4106 ἐξώσθη-

269 4136 374 4173 σαν
399 4137 414 4184 ;
441 4121 508 4173 Τί
529 4119 644 4182 δαὶ,
670 4121 762 4174 καὶ
792 4123 1132 4192 Αἰμιλιανὸς,
1164 4127 1224 4178 οὐ
1261 4129 1374 4189 τοῖς
1417 4127 1603 4191 αὐτοῖς
1637 4132 1867 4198 περιπέ-

270 4225 530 4277 πτωκενς
566 4210 937 4281 Οὐαλεριανὸς
966 4213 1046 4278 δὲ,
1081 4214 1142 4266 οὐ
1176 4213 1515 4285 δορυάλωτος
1551 4217 1862 4285 γενόμενος,

268 4301 377 4352 ὑπὸ
417 4301 654 4372 Περσῶν
687 4303 1018 4374 περιήγετος
1053 4304 1347 4376 Γαλλιήνου
1373 4305 1429 4358 δὲ
1479 4306 1864 4377 δολοςονηθέν-

268 4407 382 4454 τος,
417 4392 517 4444 καὶ
551 4391 796 4460 Καρίνου
822 4394 1281 4462 σφαγιασθέντος,
1307 4397 1364 4457 ἐς
1386 4397 1768 4466 Διοκλητιανὸν
1795 4397 1862 4450 τὰ

1983 1934 2051 1987 de
2085 1933 2277 1987 mundi
2299 1933 2451 1987 exitu
2476 1933 2735 2003 przedieta
2763 1943 2913 1998 sunt,
2948 1945 3044 1989 aut
3063 1935 3414 2006 aliquodjam
3442 1953 3570 2006 pro-

1987 2024 2202 2079 ludiqu
2230 2025 2530 2094 acceperit,
2562 2033 2658 2078 aut
2690 2025 2855 2079 ﬁnem
2887 2027 3188 2080 sortiturus
3231 2030 3323 2091 sit,
3357 2029 3572 2084 altioris

1983 2125 2068 2169 est
2108 2116 2563 2184 dispensationis,
2595 2133 2759 2185 quam
2788 2126 2848 2171 ut
2899 2133 2957 2172 tu
2993 2135 3190 2189 capere
3223 2121 3420 2188 possis.
3463 2121 3575 2176 Ex-

1983 2207 2291 2278 pendamus
2320 2217 2528 2272 autem,
2559 2212 2603 2261 si
2636 2209 2839 2277 placet,
2862 2225 3102 2279 quonam
3129 2209 3296 2264 modo
3330 2211 3570 2279 impera-

1981 2307 2136 2353 tores
2165 2299 2261 2368 qui
2307 2299 2598 2369 gentilium
2653 2301 3108 2370 superstitionem
3145 2301 3574 2370 proﬁtebantur,

1979 2401 2036 2445 et
2068 2406 2310 2460 quonam
2365 2391 2530 2446 modo
2550 2393 2644 2460 qui
2692 2393 3020 2457 religionem
3072 2393 3284 2448 Christi
3329 2392 3572 2463 amplexi-

1979 2492 2132 2549 sunt,
2171 2485 2440 2553 regnandi
2499 2485 2665 2538 simul
2721 2501 2786 2540 ac
2823 2485 3046 2540 vivendi
3097 2487 3262 2541 ﬁnem
3306 2487 3564 2541 fecerint.

1982 2575 2179 2629 Annon
2210 2575 2378 2630 Caius
2417 2577 2600 2630 Julius
2643 2576 2847 2641 Caesar,
2881 2579 2976 2648 qui
3023 2578 3238 2648 primus
3289 2579 3566 2648 singulare

1978 2664 2282 2734 imperium
2329 2666 2592 2729 obtinuit,
2655 2683 2755 2736 per
2802 2668 3056 2721 fraudem
3129 2679 3298 2737 atque
3339 2669 3568 2722 insidias

1978 2753 2332 2821 interfectus,
2363 2771 2430 2810 ex
2459 2757 2563 2810 hac
2595 2757 2716 2810 luce
2749 2757 3040 2827 migravit?
3088 2759 3286 2811 Annon
3321 2759 3564 2812 alterum

1976 2846 2170 2900 Caiqu
2237 2847 2445 2901 Tiberii
2500 2856 2780 2916 nepotem,
2829 2847 3054 2916 quidam
3119 2847 3326 2902 milites
3368 2847 3569 2916 gladiis

1975 2940 2436 2994 obtruncarunt?
2460 2939 2721 3008 Nunquid
2746 2940 2892 2993 Nero
2929 2955 2958 2993 a
2991 2939 3227 3008 quodam
3258 2956 3324 2992 ex
3378 2941 3568 2994 dome-

1977 3033 2137 3086 sticis
2168 3031 2482 3085 trucidatus
2502 3030 2618 3084 est?
2657 3030 2854 3084 Annon
2877 3029 3048 3084 Galba
3079 3028 3314 3082 similem
3351 3029 3564 3082 exitum

1975 3126 2102 3180 vita:
2147 3123 2345 3178 habuit
2382 3141 2396 3176 :
2437 3121 2582 3178 Otho
2638 3123 2774 3176 item
2815 3137 2880 3176 ac
2906 3121 3164 3176 Vitellius
3201 3137 3214 3174 :
3277 3120 3371 3190 qui
3428 3131 3566 3185 tres,

1974 3215 2216 3270 sedecim
2282 3214 2552 3268 duntaxat
2616 3214 2891 3268 mensium
2965 3212 3144 3282 spatio
3203 3211 3562 3281 imperarunt.

1973 3307 2160 3360 Titum
2187 3321 2414 3375 quoque
2460 3306 2854 3374 imperatorem
2911 3303 3165 3373 nunquid
3221 3303 3608 3357 Domitianus’

1970 3401 2093 3469 ejus
2121 3398 2296 3452 frater
2325 3413 2539 3452 veneno
2559 3395 2876 3451 interfecit?
2907 3394 3028 3464 lpsc
3051 3409 3183 3448 vero
3220 3393 3567 3448 Domitianus

1970 3489 2223 3558 nunquid
2245 3505 2274 3542 a
2295 3488 2582 3557 Stephano
2598 3495 2846 3548 necatus,
2874 3485 3178 3540 miserabili
3198 3485 3349 3538 exitu
3377 3482 3565 3553 periit?

1971 3581 2114 3648 Quid
2139 3580 2208 3634 de
2239 3578 2545 3634 Commodo
2573 3575 2767 3631 dices?
2800 3575 2997 3629 Annon
3023 3575 3102 3628 illi
3145 3574 3308 3643 377
3337 3574 3562 3628 Narcis—

1971 3688 2068 3727 sus
2099 3671 2376 3724 violentas
2405 3685 2601 3723 manus
2648 3667 2868 3722 intulit?
2928 3667 3185 3721 Pertinax
3235 3681 3456 3734 quoque
3506 3671 3564 3718 et

1966 3765 2252 3825 Julianus,
2294 3761 2546 3830 nunquid
2582 3761 2783 3815 similia
2837 3759 2978 3828 passi
3024 3757 3192 3811 sunt?
3247 3757 3366 3811 Jam
3428 3769 3560 3810 vero

1966 3857 2280 3911 Antoninus
2303 3853 2491 3909 Severi
2527 3852 2691 3910 ﬁlius.
2717 3866 2902 3905 nonne
2925 3848 3115 3904 Getam
3138 3849 3363 3902 fratrem
3383 3847 3564 3900 inter-

1966 3945 2119 4008 fecit,
2144 3953 2200 4000 et
2233 3945 2349 4013 ipse
2383 3951 2573 4012 postea
2613 3941 2779 3996 simili
2822 3939 3019 3994 mortis
3049 3954 3249 4010 genere
3306 3937 3565 3991 sublatus

1965 4046 2052 4091 est
2081 4054 2110 4090 ιι
2140 4033 2430 4089 Martiale?
2466 4031 2607 4096 Quid
2631 4029 2930 4092 Macrinus,
2959 4043 3143 4082 nonne
3174 4029 3319 4081 circa
3344 4027 3557 4096 Byzan-

1969 4126 2106 4178 tium
2141 4123 2346 4192 captivi
2381 4121 2554 4175 instar
2572 4117 3012 4182 circumductus,
3038 4133 3068 4171 a
3122 4117 3238 4172 suis
3287 4115 3558 4168 militibus

1968 4217 2179 4271 nefarie
2205 4213 2518 4268 trucidatus
2573 4212 2695 4266 est?
2748 4209 3008 4264 Aurelius
3063 4208 3192 4263 item
3242 4205 3564 4260 Antoninus

1965 4317 2129 4362 ortus
2152 4322 2219 4362 ex
2245 4306 2384 4360 urbe
2415 4305 2635 4367 Emesa,
2660 4317 2846 4357 nonne
2879 4317 2985 4356 una
3031 4315 3154 4354 cum
3197 4307 3376 4352 matre
3420 4312 3562 4350 con-

1965 4400 2150 4454 fossus
2200 4396 2450 4451 interiit?
2505 4397 2568 4448 Et
2622 4395 2718 4464 qui
2771 4394 2849 4447 illi
2897 4391 3165 4447 successit
3213 4389 3550 4447 Alexandeh

272 4480 584 4551 πράγματα
619 4483 908 4551 περιέστη,
937 4484 1032 4537 καὶ
1056 4484 1152 4549 οὒς
1181 4485 1343 4549 αὐτὸς
1374 4486 1548 4539 είλετο
1575 4489 1861 4557 συνάρχειν

1977 4505 2152 4542 nonne
2184 4487 2350 4542 simili
2383 4486 2536 4541 exitu
2567 4501 2672 4539 una
2707 4501 2832 4539 cum
2867 4493 3040 4539 matre
3098 4483 3343 4538 interiit?
3399 4483 3540 4549 QuiJ

271 4575 422 4642 αὐτῷ
442 4589 456 4603 ’
489 4573 552 4638 ὲξ
578 4567 654 4628 ὧν
702 4574 1017 4646 Ἐρκούλιος
1043 4576 1390 4646 Μαξιμιανδς
1436 4577 1529 4630 καὶ
1561 4569 1859 4644 Μπξέντιος

267 4669 295 4717 ὸ
320 4666 520 4720 τούτου
554 4669 709 4732 παῖς,
739 4668 836 4720 καὶ
858 4668 1133 4732 Λικίννιος
1161 4669 1241 4732 δὲ,
1268 4671 1323 4732 ἐς
1346 4670 1548 4740 ἔσχατα
1570 4670 1860 4741 διεφθάρηο

269 4755 621 4824 σαν.⁹Εξᾶτου
650 4759 709 4812 δὲ
742 4761 1155 4824 Κωνσταντῖνος
1185 4764 1212 4814 ὁ
1268 4763 1624 4832 παναοίὸεμος
1662 4781 1800 4833 παρε
1813 4781 1857 4815 ι-

1961 4581 2141 4635 dicam
2176 4580 2244 4635 de
2273 4579 2594 4642 Maximino,
2631 4578 2725 4647 qui
2754 4595 2782 4632 a
2806 4578 3046 4648 propriis
3085 4577 3354 4630 militibus
3401 4576 3539 4630 intc-

1961 4685 2210 4743 remptus
2243 4671 2366 4724 est?
2397 4671 2538 4737 Quid
2563 4671 2631 4725 de
2661 4670 2965 4730 Gordiano.
3009 4672 3103 4740 qui
3142 4670 3362 4724 insidiis
3415 4668 3537 4722 Phi-

1959 4769 2092 4839 lippi
2117 4784 2144 4821 a
2177 4767 2451 4820 militibus
2468 4765 2584 4819 suis
2604 4775 2836 4818 necatus
2860 4765 3116 4818 ultimum
3141 4763 3286 4816 diem
3313 4758 3552 4814 clausit!

266 4851 427 4923 λήψει
482 4852 588 4922 τὴν
651 4851 847 4923 ἀρχὴν,
903 4854 998 4907 καὶ¹
1045 4853 1144 4926 τὴν
1180 4854 1472 4924 ἐπώνυμον
1512 4855 1660 4924 αὐτῷ
1704 4856 1856 4909 πόλιν

1977 4862 2074 4915 lam
2105 4872 2238 4912 vero
2296 4857 2586 4925 Philippus
2628 4865 2687 4910 et
2731 4855 2952 4917 Decius,
3011 4855 3102 4908 dic
3142 4853 3302 4916 mihi,
3336 4867 3545 4922 quaeso,

263 4944 603 5014 δειμάμενος
633 4944 713 5015 τῷ
744 4945 968 5015 Χριστῷ
997 4945 1371 5011 ἀνατέθεικεν,
1406 4947 1563 5015 ἄθρει
1582 4947 1644 5015 δή
1686 4964 1776 5016 μοι
1809 4949 1862 5000 εἴ

263 5052 347 5096 τις
375 5037 486 5088 τῶν
526 5037 590 5089 ἐν
614 5035 754 5105 αὐτῇ
787 5035 1074 5104 βασιλέων,
1115 5037 1408 5092 Ἰουλιανοῦ
1435 5038 1560 5109 δίχα
1585 5038 1680 5091 τοῦ
1721 5040 1862 5109 ἱερο-

264 5126 474 5193 ςράντου
502 5143 602 5180 σου
629 5126 728 5180 καὶ
752 5126 1046 5198 βασιλέως,
1077 5126 1113 5199 ἢ
1155 5128 1293 5200 πρὸς
1313 5127 1423 5181 τῶν
1453 5127 1723 5200 οἰκείωνῆ
1755 5129 1863 5181 τῶν

259 5218 530 5273 ἐναντίων
559 5217 912 5290 διεφθάρη,ἢ
940 5218 1077 5284 ὅλως
1116 5217 1384 5290 τύραννος
1425 5219 1692 5292 βασιλέως
1724 5237 1846 5274 κατι

261 5309 690 5378 εδυνάστευσεν,
737 5310 772 5380 ἢ
822 5311 983 5380 μόνον
1047 5310 1375 5367 Βασιλίσκου
1399 5313 1515 5387 (96)
1557 5311 1874 5382 ἑξώσαντος

1963 4965 2147 5004 annon
2184 4949 2254 5003 ab
2285 4945 2541 5002 hostibus
2569 4943 2848 5000 interfecti
2873 4943 3038 4999 sunt?
3069 4943 3259 4997 Gallus
3289 4951 3471 4996 autem
3491 4949 3552 4998 et

1962 5041 2301 5096 Volusianus
2353 5053 2540 5092 nonne
2575 5053 2606 5091 a
2639 5037 2756 5091 suis
2785 5035 3127 5091 exercitibus
3152 5043 3283 5090 sunt
3323 5035 3503 5089 necati
3525 5033 3557 5086 τ

1960 5132 2294 5188 Emilianus
2352 5143 2573 5200 quoque
2626 5142 2814 5183 nonne
2875 5127 3041 5181 simili
3099 5127 3249 5181 exitu
3308 5119 3560 5178 interiit?

1959 5222 2080 5278 lam
2118 5219 2466 5283 Valerianus,
2504 5233 2688 5273 nonne
2721 5217 2777 5272 in
2815 5217 3002 5288 prtelio
3030 5227 3245 5288 captus,
3274 5231 3303 5269 a
3364 5214 3557 5270 Persis

1960 5312 2381 5367 circumductus
2416 5308 2818 5379 est?Denique
2857 5308 3108 5365 Gallieno
3143 5325 3240 5382 per
3294 5305 3554 5362 fraudem

1551 5427 1788 5485 νΑιιιΑῑ
1823 5425 2225 5482 LECTIONES.

327 5515 374 5546 ⁸⁸
399 5522 464 5578 C.
485 5521 552 5578 C.
573 5521 844 5595 Περτίναξ
872 5541 958 5578 τε.
1032 5523 1078 5556 ⁸⁸
1093 5524 1154 5582 C.
1182 5525 1244 5583 ϐ.
1301 5523 1754 5596 ἐπιῦουλεύματι.

1477 5640 1744 5698 VALESll
1785 5635 2344 5693 ANNOTATIONES.

333 5731 453 5798 (95)
520 5733 592 5785 Ἦ
662 5733 858 5801 μόνον
911 5734 1310 5788 Βασιλίσκου.
1367 5733 1428 5789 ιη
1475 5748 1620 5788 mam

264 5818 422 5858 οκου.
450 5801 667 5856 Mallem
700 5813 884 5857 tamen
904 5802 1113 5870 dicere,
1145 5803 1286 5876 πλὴν
1319 5805 1483 5873 μόνου
1511 5813 1620 5857 etc.

662 5733 858 5801 μόνον
911 5734 1310 5788 Βασιλίσκου.
1367 5733 1428 5789 ιη
1475 5732 1858 5800 manuscripto
1897 5728 2090 5785 codice
2122 5727 2434 5784 Tclleriano
2492 5729 2763 5798 scriptum
2823 5720 3092 5794 invenlpil
3131 5718 3295 5789 μόνου
3329 5715 3547 5776 Βασιλί-
