3982 6384
237 411 367 479 ρτυι

304 524 398 592 εἷ’.
440 522 578 595 Περὶ
618 521 948 592 Ἐφραιμίου
973 521 1067 574 τοῦ
1102 521 1241 589 μετὰ
1271 518 1604 591 Εὺφράσιον.

302 619 376 672 Ζ’.
424 617 562 688 Περὶ
615 616 843 686 Ζωσιμᾶ
890 616 988 669 καὶ
1047 613 1294 668 Ἰωάννου
1333 612 1441 666 τῶν
1474 610 1823 681 θαυματουρ-

234 708 365 779 γῶν.

192 850 196 858 .
300 802 387 855 H'.
428 800 568 871 Περὶ
596 799 903 855 καθολικῶν
936 798 1299 870 παθημάτων.

297 890 378 945 Θτ.
422 889 511 955 Ὠς
547 891 835 954 Ἰουστίνος
864 889 947 944 ἔτι
965 889 1074 954 ζῶν
1097 885 1526 960 συμϐασιλεύειν
1551 882 1703 954 αὐτῷ
1729 882 1821 939 τὸν

244 982 621 1037 ἰουστινιανὸν
652 982 849 1035 εἵλετο.

298 1075 355 1128 I'.
392 1074 519 1126 Ὅτι
557 1071 940 1136 Ίουστινιανὺς
992 1073 1113 1143 μὲν,
1156 1070 1286 1135 τοὺς
1326 1069 1426 1138 τὴν
1456 1066 1821 1139 Χαλκηδόνιον

234 1166 451 1221 σύνοδον
514 1165 951 1235 ἀποδεχομένους
998 1164 1224 1235 ἠγάπα’
1281 1160 1535 1232 Θεοδὼρα
1590 1159 1648 1213 δὲ
1692 1158 1820 1224 τοὺς

235 1260 513 1323 ἐναντίους
540 1258 665 1313 ἐστε
676 1276 828 1329 ργεν.

298 1353 402 1406 IA'.
475 1352 567 1415 Ὠς
635 1350 904 1422 Ἀνθιμον
952 1349 1047 1404 τὸν
1102 1345 1737 1410 Κωνσταντινουπόλεως
1788 1347 1819 1400 ὁ

232 1446 469 1517 Σευῆρος
523 1443 834 1517 διέστρεψε,
884 1443 979 1497 καὶ
1037 1440 1323 1496 Θεοδόσιον
1385 1439 1481 1493 τὸν
1558 1438 1817 1504 Ἀλεξαν-

230 1537 414 1609 δρείας
464 1534 561 1601 οὓς
609 1537 639 1589 ὁ
712 1534 969 1606 βασιλεὺς
1024 1532 1309 1605 ἐξελάσας,
1375 1531 1597 1603 ἐτέρους
1680 1547 1818 1585 κατ-

228 1632 479 1699 ἐστησεν.

293 1722 398 1780 ΙΒ’.
438 1722 537 1776 Ἐκ
558 1721 659 1792 τῆς
688 1719 933 1791 ίστορίας
963 1717 1275 1792 Προκοπίου
1307 1715 1637 1785 Καισαρέως
1686 1712 1814 1785 περὶ

226 1815 485 1870 Καὸἀδου
522 1813 615 1868 τοῦ
648 1811 878 1885 Περσῶν
926 1811 1214 1883 βασιλέως,
1253 1810 1348 1863 καὶ
1401 1807 1645 1878 Χοσρόου
1694 1805 1812 1860 υίοῦ

225 1906 410 1962 αὐτοῦ.

290 1997 391 2052 ll".
420 1997 561 2069 Περὶ
605 1995 1072 2068 Ἀλαμουνδὰρου,
1098 1995 1195 2049 xa‘t
1236 1992 1557 2064 ’Δζαρέτου,
1585 1993 1683 2047 καὶ
1711 1991 1812 2062 τῆς

220 2094 279 2145 ἐν
321 2089 613 2161 Βυζαντίῳ
674 2090 941 2156 στάσεως,
989 2088 1094 2159 τῆς
1144 2087 1376 2160 ἐπίκλην
1434 2085 1709 2158 λαϐούσης
1749 2084 1813 2139 τὸ

222 2184 391 2238 Νίκα.

292 2276 393 2328 ΙΔν.
428 2274 571 2343 Περὶ
616 2271 919 2342 Ὀνωρίχου
944 2270 1041 2325 τοῦ
1092 2270 1368 2326 Βανδίλων
1397 2271 1679 2343 ἄρχοντος,
1716 2271 1813 2325 καὶ

219 2366 328 2419 τῶν
361 2364 932 2435 γλωσσοτόμηθέντων
957 2362 1301 2433 Χριστιανῶν
1336 2363 1464 2437 παρ’
1516 2362 1703 2416 αὑτοῦ.

288 2459 395 2512 IE’.
428 2457 566 2528 Περὶ
607 2454 914 2510 Καῦαώνου
935 2455 1032 2509 τοῦ
1067 2456 1443 2526 Μαυρουσίου.

289 2551 411 2618 ις’.
435 2549 572 2619 Περὶ
588 2548 685 2619 τῆς
712 2547 1074 2618 Βελισσαρίου
1108 2548 1250 2601 κατὰ
1277 2547 1550 2603 Βανδίλων
1582 2550 1813 2620 ἐκστρα-

217 2641 391 2708 τείας,
422 2640 522 2693 καὶ
552 2640 652 2710 τῆς
679 2639 888 2692 τούτων
921 2637 1380 2709 ἐξολοθρεύσεως.

287 2733 393 2787 IZ’.
431 2733 571 2802 Περ)⁸
600 2731 710 2785 τῶν
760 2731 870 2784 ἀπὸ
913 2731 1182 2802 Ἀφρικῆς
1231 2731 1496 2787 ἐλθόντων
1532 2732 1808 2807 λαφύρων.

285 2828 399 2880 ιη’.
433 2825 573 2897 Περὶ
621 2825 732 2878 τῶν
786 2824 895 2878 ἀπὸ
946 2823 1246 2894 προσώπου
1295 2823 1473 2896 Ἰησοῦ
1503 2824 1622 2879 υίοῦ
1653 2827 1809 2898 Ναυῆ

216 2919 618 2987 ἂποφυγόντων
646 2916 932 2971 Φοινίκων.

286 3011 390 3066 ιθο.
463 3011 603 3082 Περὶ
652 3009 979 3081 Θευδερίχου
1041 3013 1157 3072 τοῦ,
1184 3009 1387 3063 Γότθου
1432 3010 1692 3069 καὶτῶν
1749 3012 1809 3065 ἐν

227 3101 420 3175 Ῥώμῃ
488 3101 814 3171 συμὸάντων
868 3102 960 3155 ὑπ’
1018 3100 1187 3156 αὑτοῦ
1242 3102 1371 3173 ἄχρι
1436 3102 1545 3156 τῶν
1599 3104 1810 3173 χρόνων

228 3189 636 3252 Ἰουστινιανοῦ,
667 3191 763 3243 καὶ
790 3189 867 3254 ὡς
899 3190 1063 3244 πάλιν
1092 3193 1126 3262 ἡ
1164 3190 1351 3262 Ῥώμη
1379 3191 1484 3245 ὑπὸ
1520 3191 1813 3263 Ῥωμαίοις

216 3281 468 3349 γέγονεν,
500 3280 809 3349 Ούῖτίγιδος
842 3282 1107 3352 φυγόντος
1128 3282 1232 3335 ὑπὸ
1261 3283 1452 3338 αὐτοῦ.

284 3373 371 3431 κ’.
439 3375 530 3438 Ὠς
562 3375 614 3427 οἱ
669 3374 960 3445 λεγόμενοι
996 3376 1271 3449 Ἔρουλοι,
1328 3381 1388 3433 ἐν
1430 3380 1544 3443 τοῖς
1598 3378 1812 3450 χρόνοις

228 3465 612 3520 Ἰουστινιανοῦ
648 3467 1084 3537 ἐχριστιάνισαν.

285 3557 422 3614 KA'.
469 3559 559 3622 Ὡς
582 3559 747 3633 πάλιν
778 3558 884 3613 ὑπὸ
914 3558 1138 3623 Γότθοις
1186 3562 1479 3630 γεγονυῖαν
1531 3560 1631 3632 τὴν
1674 3560 1813 3616 Ῥώ-

217 3666 349 3723 μην,
378 3645 540 3712 αὖθις
568 3653 597 3704 ὁ
630 3649 950 3723 Βελισάριος
975 3650 1313 3706 ἀνεσώσατο.

285 3745 421 3800 KB’.
470 3742 564 3809 Ὠς
592 3744 689 3798 καὶ
734 3743 996 3812 Ἀϐασγοὶ
1020 3743 1330 3815 τηνικαῦτα
1379 3746 1809 3817 ἐχριστιάνισαν.

284 3923 422 3981 ΚΓ.
468 3923 559 3989 Ὠς
591 3924 688 3980 καὶ
718 3925 768 3978 οἱ
798 3923 890 3979 τὸν
931 3923 1134 3978 Τάναϊν
1167 3923 1470 3989 οἰκοῦντες,
1506 3924 1812 3994 τηνικαῦτα

219 4017 667 4090 ἐχριστιάνισανο
726 4020 825 4071 καὶ
873 4015 1003 4087 περὶ
1055 4014 1296 4086 σεισμῶν
1348 4016 1407 4070 ἐν
1448 4015 1658 4071 Ἑλλάδι
1714 4017 1814 4071 καὶ

230 4110 426 4184 ’Δχαῖᾳ
453 4110 786 4182 γεγονότων.

290 4292 417 4346 KA'.
452 4290 594 4361 Περὶ
643 4285 870 4361 Ναρσοῦ
899 4287 995 4343 τοῦ
1026 4287 1341 4362 στρατηγοῦ
1371 4286 1467 4343 καὶ
1501 4287 1812 4358 θεοφιλείας

218 4382 403 4437 αὐτοῦ.

289 4488 420 4548 KE'.
468 4489 618 4552 Ὠςό
663 4488 914 4560 Χοσρόης
953 4486 1135 4559 φθόνῳ
1179 4490 1371 4556 τακεὶς
1399 4491 1495 4546 ἐπὶ
1545 4493 1671 4555 ταῖς
1722 4491 1814 4545 εύ-

222 4580 482 4651 ημερίαις
529 4579 934 4648 ἰουστινιανοῦ,
963 4579 1108 4635 κατὰ
1148 4578 1438 4652 Ῥωμαίων
1456 4582 1809 4653 ἐστράτευσε,

224 4672 313 4725 καὶ
342 4671 609 4736 πλείστας
643 4668 824 4732 πόλεις
859 4669 1083 4725 καθεῖλε
1125 4669 1462 4742 Ῥωμαϊκὰς,
1492 4673 1550 4726 ἐν
1599 4665 1689 4736 αἶς
1718 4672 1815 4725 καὶ⁹

221 4763 314 4835 τὴν
345 4764 595 4836 μεγάλην
631 4762 686 4816 'A
696 4765 990 4838 ντιόχειαν.

288 4859 439 4924 KG’.
473 4856 614 4928 Περὶ
643 4853 740 4910 τοῦ
774 4853 1064 4923 γεγονότος
1096 4852 1383 4925 θαύματος
1428 4856 1488 4909 ἐν
1537 4853 1817 4927 ’Δπαμείᾳ

222 4947 311 5003 τοῦ
342 4949 534 5019 τιμίου
566 4947 660 5001 καὶ
680 4945 953 5011 ζωοποιοῦ
994 4945 1157 5013 ξύλου
1182 4945 1279 5000 τοῦ
1311 4946 1574 5019 σταυροῦ.

288 5038 418 5095 KZ'.
448 5039 587 5112 Περὶ
622 5039 720 5110 τῆς
746 5038 826 5103 εἰς
856 5037 1121 5093 Ἔδεσσαν
1151 5039 1513 5112 ἐκστρατείας
1540 5041 1786 5114 Χοσρόου

286 5224 426 5279 κη’.
446 5222 517 5276 [Ie
526 5222 583 5294 pl.
599 5221 693 5277 τοῦ
709 5221 998 5291 γεγονότος
1018 5223 1077 5275 ἐν
1089 5221 1317 5293 Σεργίου
1337 5221 1491 5276 πόλει
1509 5222 1810 5296 θαύματος.

287 5317 420 5371 KG’.
450 5314 590 5386 Περὶ
619 5315 715 5369 τοῦ
745 5314 998 5386 λοιμικοῦ
1030 5314 1259 5379 πάθους.

286 5408 367 5463 Δ’.
440 5407 579 5478 Περὶ
667 5406 765 5477 τῆς
825 5405 1288 5478 φιλοχρηματίας,
1337 5406 1432 5462 καὶ
1499 5406 1809 5478 ἀπληστίας

232 5497 632 5556 ἰουστινιανοῦ.

281 5595 415 5651 AA'.
473 5595 610 5668 Περὶ
659 5595 753 5649 τοῦ
788 5594 1028 5666 μεγάλου
1059 5594 1191 5650 ναοῦ
1222 5596 1322 5668 τῆς
1366 5597 1553 5665 Ἀγίας
1584 5596 1806 5667 Σοφίας,

219 5687 451 5744 καὶτῶν
497 5687 701 5758 ’Δγεων
746 5688 1113 5744 Ἀποστόλων.

282 5781 414 5838 ΔΒ’.
467 5782 605 5852 Περὶ
654 5785 755 5852 τῆς
802 5784 861 5835 ἐν
894 5780 972 5851 τῷ
991 5782 1187 5853 κυανῷ
1233 5783 1488 5857 χρώματι
1525 5785 1621 5839 τοῦ
1655 5783 1810 5856 βασι-

217 5872 354 5937 λέως
381 5873 584 5944 μανίας
616 5874 822 5945 μᾶλλον
850 5874 884 5945 ἢ
913 5874 1119 5945 φιλίας.
1163 5884 1167 5888 ‘

1135 405 1521 467 HISTORLE
1561 404 2158 467 ECCLESIASTICJE
2212 405 2444 467 LIBER
2487 406 2579 466 IV.

3353 408 3496 474 2702

1999 519 2086 571 Vl.
2118 519 2193 572 De
2228 519 2543 588 Ephrazmio
2574 521 2609 573 ῐλῖ
2656 517 2861 589 p‘nrasii
2903 534 3247 577 successore.

1996 608 2107 664 VII.
2156 610 2233 665 De
2263 610 2478 666 Zosima
2510 622 2568 701 eat
2597 611 2808 668 Joanne
2853 612 2947 683 qui
2978 612 3260 668 miraculis
3294 612 3512 668 claruea

1924 709 2072 766 runt.
2679 708 2683 712 '

1993 793 2130 847 VIII.
2156 794 2232 849 De
2256 795 2425 851 totius
2444 797 2597 853 orbis
2635 798 3063 855 calamitatibus.

1992 882 2086 939 IX.
2135 883 2424 952 Quomodo
2469 888 2722 944 Justinus
2759 890 2941 945 adhuc
2981 889 3195 955 vivens,
3241 887 3509 959 collegam

1923 975 2141 1045 imperii
2162 977 2536 1034 Justinianum
2562 982 2877 1052 assumpsit.

1991 1066 2060 1121 X.
2093 1067 2344 1134 Qualiter
2379 1069 2728 1126 Justinianus
2756 1073 2983 1143 quidem
3014 1087 3111 1127 eos
3156 1070 3377 1126 amabat
3411 1070 3506 1139 qui

1919 1158 2425 1218 Cbalcedonensem
2456 1162 2727 1234 synodum
2768 1164 3239 1234 amplecterentur
3270 1180 3284 1216 :
3323 1162 3509 1218 Theo-

1919 1252 2057 1310 dora
2082 1270 2215 1310 vero
2250 1270 2347 1310 eos
2372 1259 2467 1325 qui
2497 1256 2770 1328 synodum
2797 1256 2946 1312 illam
2981 1256 3381 1326 improbarent.

1988 1347 2081 1403 XI.
2113 1349 2405 1416 Quomodo
2434 1349 2674 1405 Severus
2691 1349 3014 1404 Anthimum
3044 1348 3510 1418 ConstantinOpo-

1917 1439 1987 1500 lis
1998 1440 2320 1512 episc0pum
2339 1450 2399 1498 et
2418 1442 2793 1498 Theodosium
2815 1442 3135 1512 episcopum
3165 1437 3509 1499 Alexandriae

1916 1535 2268 1604 pervcrterit,
2304 1535 2510 1606 quibus
2541 1536 2673 1592 sedc
2711 1551 2812 1592 sua
2853 1535 3133 1606 expulsis,
3160 1533 3510 1590 Justinianus

1916 1627 2056 1684 alios
2077 1628 2388 1686 substituit.

1986 1717 2105 1775 XII.
2132 1721 2210 1776 De
2255 1719 2472 1776 Cavade
2505 1721 2796 1777 Persarum
2829 1736 2979 1792 rege,
3026 1729 3083 1775 et
3131 1720 3199 1775 de
3244 1719 3356 1775 filio
3384 1718 3508 1790 ejus

1915 1810 2198 1881 Chosroe,
2254 1828 2326 1869 ex
2380 1813 2541 1869 libris
2604 1813 2974 1869 historiarum
3017 1812 3275 1881 Procopii
3323 1811 3509 1867 Caesa-

1916 1904 2138 1961 riensis.

1984 1997 2123 2053 XIII.
2154 1999 2231 2054 De
2253 1998 2631 2055 Alamundaro
2658 2008 2714 2055 et
2746 1999 2977 2055 Azareto
3014 2015 3029 2053 :
3061 1998 3209 2055 etde
3230 1999 3506 2055 seditione

1916 2095 2038 2160 quae
2059 2098 2180 2145 orta
2199 2099 2285 2146 est
2298 2089 2799 2162 Constantinopoli,
2825 2092 2916 2148 cui
2937 2106 3240 2163 cognomen
3264 2093 3503 2146 inditum

1913 2181 2021 2237 fuit
2041 2183 2204 2238 Νίκα.

1985 2276 2125 2333 XIV.
2152 2276 2228 2333 De
2254 2276 2533 2333 Hunerico
2582 2277 2951 2333 Vandalorum
2978 2292 3126 2349 rege,
3157 2286 3213 2332 et
3247 2276 3313 2332 de
3337 2275 3505 2331 Chri-

1913 2369 2108 2424 stianis
2135 2368 2340 2439 quibus
2372 2369 2613 2439 linguam
2638 2369 3059 2442 praecidijussit.

1984 2461 2102 2515 XV.
2132 2462 2209 2515 De
2235 2460 2492 2516 Cabaone
2517 2461 2729 2516 Mauro.

1984 2549 2123 2608 XVI.
2150 2552 2225 2607 De
2254 2552 2505 2608 Belisarii
2538 2553 2890 2623 expeditione
2918 2552 3188 2608 adversus
3204 2551 3501 2617 Vandalus.

1912 2660 2220 2715 eorumque
2255 2644 2655 2701 internecione.

1986 2736 2148 2792 XVII.
2182 2737 2257 2792 De
2287 2736 2478 2807 spoliis
2511 2752 2633 2807 quae
2662 2737 2833 2792 relata
2858 2745 2988 2793 sunt
3016 2753 3084 2793 ex
3112 2736 3323 2819 Africa;

1985 2828 2174 2884 XVIII.
2204 2830 2281 2885 De
2303 2829 2667 2886 Phoenicibus
2689 2830 2784 2901 qui
2808 2829 2981 2902 fugati
3012 2840 3145 2886 sunt
3174 2845 3205 2885 a
3227 2830 3357 2886 Jesu
3389 2828 3502 2885 filio

1915 2920 2087 2978 Nave.

1989 3012 2133 3068 XIX.
2168 3015 2246 3070 De
2278 3015 2629 3071 Theodorico
2661 3015 2971 3073 Gothorum
3019 3031 3168 3087 rege,
3209 3026 3267 3071 et
3311 3015 3380 3070 de
3418 3015 3508 3072 bis

1917 3123 2040 3178 quae
2068 3109 2164 3164 illo
2192 3120 2455 3181 regnante
2485 3125 2659 3181 usque
2690 3110 2757 3165 ad
2787 3109 3084 3166 Justiniani
3114 3121 3364 3179 tempora
3396 3107 3509 3164 Ro-

1918 3216 2022 3257 mae
2042 3202 2363 3258 acciderunt
2387 3222 2401 3256 :
2434 3212 2605 3274 utque
2628 3203 2800 3258 Roma
2824 3202 3026 3258 iterum
3054 3203 3110 3258 in
3131 3204 3508 3258 Romanorum

1919 3302 2249 3364 potestatem
2281 3295 2498 3351 venerit
2523 3310 2649 3350 cum
2679 3295 2886 3367 Vitiges
2920 3295 3072 3350 illinc
3098 3294 3421 3366 aufugisset.

1988 3387 2108 3444 XX.
2143 3389 2430 3456 Quomodo
2459 3389 2755 3444 Justiniani
2788 3389 3130 3460 temporibus
3162 3390 3314 3445 Eruli
3344 3389 3508 3446 Chri-

1919 3482 2152 3536 stianam
2180 3482 2344 3540 ﬁdem
2366 3483 2602 3554 amplexi
2627 3483 2759 3538 sint.

1993 3571 2133 3628 XXI.
2158 3572 2446 3640 Quomodo
2486 3574 2786 3637 Belisarius
2822 3575 3019 3631 urbem
3066 3575 3300 3630 Romam
3342 3590 3510 3646 quam

1918 3661 2083 3719 Gothi
2117 3664 2319 3718 iterum
2347 3674 2612 3735 ceperant
2643 3666 3014 3736 recuperavit.

1989 3754 2155 3810 XXII.
2186 3754 2474 3822 Quomodo
2500 3757 2697 3812 iisdem
2717 3757 3061 3828 temporibus
3074 3757 3275 3831 Abasgi
3288 3772 3510 3830 quoque

1917 3842 2291 3899 Christianam
2334 3844 2499 3900 fidem
2532 3845 2768 3916 amplexi
2793 3853 2943 3901 sunt.

1990 3936 2183 3993 XXIII.
2221 3938 2509 4005 Quomodo
2546 3940 2716 3992 etiam
2748 3937 2982 3993 Barbari
3025 3938 3122 4008 qui
3155 3937 3386 3993 Tanaim
3417 3953 3509 3992 ac-

1919 4031 2132 4093 colunt,
2175 4028 2547 4085 Christianam
2583 4030 2905 4102 religionem
2936 4031 3170 4101 amplexi
3200 4032 3330 4086 sint.
3368 4030 3510 4086 Item

1920 4124 1988 4179 de
2027 4133 2189 4179 terra:
2211 4123 2456 4180 motibus
2488 4124 2585 4195 qui
2612 4123 2670 4179 in
2694 4123 2905 4180 Gracia
2939 4132 2996 4180 et
3024 4124 3226 4180 Achaia
3265 4124 3512 4196 contige-

1921 4226 2071 4273 runt.

1992 4308 2156 4380 383
2190 4308 2384 4365 XXIV.
2417 4309 2496 4366 De
2533 4307 2706 4371 Narse
2744 4302 3010 4382 magistro
3048 4309 3311 4378 militum,
3341 4317 3398 4365 et
3438 4308 3511 4365 de

1922 4403 2170 4476 ejusdem
2195 4404 2419 4474 pietate.

1990 4495 2155 4552 XXV.
2187 4495 2476 4563 Quomodo
2509 4493 2812 4552 Chrosroes
2838 4496 2911 4552 ob
2950 4511 3040 4552 res
3069 4511 3332 4569 prospere
3360 4511 3390 4551 a
3414 4496 3517 4552 Ju-

1920 4586 2161 4643 stiniano
2183 4596 2368 4658 gestas
2395 4587 2604 4643 invidia
2625 4588 2943 4644 stimulatus
2963 4589 3165 4645 bellum
3194 4589 3380 4645 intulit
3403 4590 3514 4645 Ro—

1918 4678 2122 4744 manis,
2158 4679 2470 4749 multasque
2497 4680 2665 4736 urbes
2696 4680 2913 4752 imperii
2953 4680 3218 4747 Romani,
3257 4689 3423 4752 atque
3452 4681 3510 4736 in

1920 4770 2008 4826 his
2032 4785 2284 4842 magnam
2315 4771 2665 4827 Antiochiam
2698 4772 2989 4828 destruxit.

1988 4865 2179 4924 XXVI.
2219 4867 2294 4923 De
2318 4868 2546 4938 pretiosi
2578 4883 2642 4923 ac
2665 4866 2869 4922 vivifici
2900 4866 3034 4937 ligni
3080 4874 3284 4922 sancta:
3325 4866 3510 4923 crucis

1919 4957 2192 5013 miraculo
2218 4958 2367 5028 quod
2386 4958 2631 5028 Apamia;
2658 4957 2863 5013 factum
2894 4967 2997 5014 est.

1990 5049 2206 5107 XXVII.
2242 5051 2320 5106 De
2348 5050 2612 5108 Chosrois
2653 5051 3004 5122 expeditione
3040 5052 3306 5107 adversus
3332 5050 3505 5106 Edes-

1920 5156 2060 5198 sam.
2094 5196 2099 5203 _

1984 5233 2225 5290 XXVIII.
2256 5234 2334 5290 De
2364 5232 2633 5292 miraculo
2658 5235 2805 5306 quod
2830 5234 3034 5290 factum
3062 5245 3147 5291 est
3172 5233 3503 5308 Sergiopoli.

1986 5324 2180 5381 XXIX.
2215 5327 2291 5383 De
2318 5328 2601 5397 pestilenti
2628 5328 2846 5384 morbo.

1984 5413 2154 5470 XXX.
2187 5416 2265 5471 De
2291 5415 2613 5487 inexplebili
2648 5417 2880 5474 avaritia
2906 5418 3229 5476 Justiniani.

1981 5595 2175 5652 XXXI.
2204 5597 2281 5652 De
2307 5612 2504 5668 magna
2530 5599 2765 5655 ecclesia
2795 5601 3011 5659 Sanctae
3041 5602 3257 5673 Sophim
3289 5611 3344 5656 et
3363 5602 3507 5657 San—

1913 5699 2131 5744 ctorum
2157 5690 2572 5761 Apostolorum.

1981 5781 2197 5838 XXXII.
2233 5783 2306 5838 De
2335 5782 2833 5841 .Iustinianifurore
2862 5788 3047 5857 potius
3077 5803 3239 5858 quam
3266 5789 3505 5844 benevo-

1913 5874 2079 5930 lentia
2116 5889 2243 5949 erga
2286 5876 2582 5932 factionem
2610 5878 2968 5936 Venetorum.
