3982 6388
265 315 426 388 ’973

1210 329 1599 393 ΗῐὸΤΟΒΙιΕ
1636 332 2235 398 ECCLESIASTICrE
2273 338 2508 397 LIBER
2547 337 2653 398 1V.

3434 326 3574 400 2714

286 446 316 506 η
353 441 638 513 Ἀντιόχου
689 445 1119 518 προσηγορεύθη
1151 447 1329 515 πόλις,
1362 452 1458 506 καὶ
1508 453 1683 525 ’ἄλλης
1726 473 1864 526 προ-

1991 467 2223 528 [uassata
2252 465 2357 513 est.
2394 457 2515 523 Quo
2539 455 2767 526 quidem
2815 463 3067 525 tempore
3112 455 3413 525 Theopolis
3447 474 3574 512 mu-

275 536 427 600 νοξας
459 534 597 606 πρὸς
626 536 722 591 τοῦ
755 537 1024 608 βασιλέως
1056 539 1317 611 τυχοῦσα.

902 744 1158 803 ΚΕΦΑΛ.
1183 747 1261 802 Ζ’.

902 747 1158 803 ΚΕΦΑΛ.
1226 748 1261 802 ’.

314 832 455 903 Περὶ
484 830 733 903 Ζωσιμᾶ
759 835 857 888 καὶ
877 834 1165 892 Ἰωάννου
1183 747 1315 893 ἰῶν
1343 840 1836 914 θαυματουργῶν.

342 947 496 1002 Ἀλλ’
529 948 656 1002 ἐπεὶ
688 948 800 1001 τῶν
819 948 881 1015 ⁸⁸.-
899 950 1210 1023 εἰρημένων
1225 952 1583 1025 ἐμνήσθημεν
1611 955 1877 1027 παθημά-

283 1059 407 1106 των,
445 1042 584 1112 φέρε
606 1041 703 1095 καὶ
731 1041 895 1113 ἕτερα
916 1042 1055 1097 ἄττα
1069 1042 1179 1116 τῶν
1196 1043 1492 1114 ἀξιολόγων
1549 1047 1628 1120 τῷ
1652 1049 1880 1120 παρόντι

287 1132 622 1205 προσθῶμεν
685 1132 857 1203 πόνῳ,
898 1134 1045 1206 ἀπερ
1097 1136 1159 1199 ἐς
1199 1136 1348 1206 ἡμᾶς
1386 1139 1453 1192 ὲκ
1502 1140 1614 1194 τῶν
1659 1143 1881 1213 ἱστορη-

280 1229 496 1282 σάντων
527 1227 840 1298 ἐνήνεκται.
864 1230 1127 1299 Ζωσιμᾶς
1158 1231 1321 1302 ἀνὴρ,
1365 1234 1521 1300 γένος
1551 1234 1755 1300 Φοίνιξ,
1782 1236 1882 1307 τῆς

277 1321 591 1393 λεγομένης
640 1320 914 1391 παραλίας
936 1362 952 1387 ,
985 1320 1181 1392 κώμην
1237 1323 1432 1393 Σίνδην
1474 1326 1709 1396 πατρίδα
1744 1327 1880 1397 κλη-

272 1414 628 1485 ρωσάμενος,
693 1414 984 1484 διέχουσαν
1026 1416 1128 1485 τῆς
1163 1415 1275 1468 τῶν
1322 1417 1540 1487 Τυρίων
1582 1416 1699 1472 οὔτι
1734 1416 1882 1473 ’στα-

280 1505 427 1569 Sion;
472 1512 543 1568 κ’,
569 1505 665 1559 τὸν
703 1507 914 1577 μονήρη
951 1506 1251 1561 διαθλεύων
1279 1507 1327 1541 ⁸⁸
1376 1508 1512 1579 βίον.
1544 1504 1712 1573 Οὗτος
1758 1511 1881 1575 ταῖς

280 1614 337 1648 τε
386 1596 619 1666 ἀιρἐξεσι
664 1598 761 1651 καὶ
799 1596 1055 1667 μεθέξεσι
1085 1598 1197 1652 τῶν
1226 1598 1467 1669 τροφῶν,
1500 1600 1597 1654 καὶ
1634 1602 1756 1665 ταῖς
1783 1600 1881 1654 ἄλ-

280 1690 400 1750 λαις
450 1690 684 1760 ἀρεταῖς
721 1687 818 1742 τοῦ
849 1687 989 1759 βίου,
1020 1689 1112 1742 τὸν
1143 1689 1277 1744 Θεὸν
1308 1691 1746 1763 ὲσοικισάμενος,
1804 1692 1882 1756 ὡς

1973 560 2088 608 tato
2130 551 2358 606 nomine
2399 550 2670 621 appellata
2699 557 2805 612 est,
2837 555 2889 602 et
2921 548 3223 618 imperator
3260 549 3412 602 omni
3442 564 3575 604 cura

1973 660 2039 702 ac
2069 645 2357 717 diligentia
2395 644 2447 698 ei
2479 643 2785 714 prospexit.

2503 752 2670 823 339
2716 751 2873 807 CAP.
2918 725 3034 807 vii.

2045 846 2126 904 De
2155 846 2369 902 Zosima
2399 855 2451 899 et
2471 844 2681 899 Joanne
2711 845 2801 913 qui
2841 843 3118 898 miraculis
3160 851 3501 899 claruerunt.

2048 961 2159 1018 Sed
2196 960 2456 1032 quoniam
2509 957 2863 1028 superiorum
2911 956 3284 1010 calamitatum
3334 954 3575 1010 mentio—

1982 1070 2108 1111 nem
2155 1055 2409 1120 fecimus,
2443 1069 2593 1109 nunc
2641 1052 2747 1106 alia
2788 1050 3037 1120 quaedam
3070 1049 3224 1119 operi
3254 1058 3445 1103 nostro
3487 1055 3573 1101 at-

1983 1157 2254 1213 texamus,
2284 1155 2590 1202 memoratu
2639 1145 2695 1199 in
2743 1143 2943 1212 primis
2971 1142 3156 1213 digna,
3194 1157 3318 1212 quas
3359 1141 3428 1196 ah
3468 1140 3580 1195 illis

1983 1241 2120 1312 ipsis
2162 1240 2259 1311 qui
2290 1255 2354 1295 ea
2403 1238 2660 1294 viderant
2691 1237 3029 1305 accepimus.
3075 1234 3322 1288 Zosimas
3350 1232 3577 1303 quidem

1981 1335 2086 1390 fuit
2135 1333 2463 1397 monachus,
2506 1341 2664 1386 ortus
2709 1345 2777 1384 ex
2821 1328 3084 1383 Phoenice
3133 1342 3255 1396 quae
3300 1324 3579 1380 maritima

1982 1426 2191 1482 dicitur
2217 1444 2230 1479 :
2259 1424 2500 1487 Patriam
2526 1421 2723 1477 habuit
2746 1419 2995 1483 Sindem,
3016 1419 3200 1477 vicum
3228 1416 3323 1487 qui
3349 1416 3417 1469 ab
3442 1415 3580 1469 urbe

1983 1519 2130 1591 Tyro
2170 1516 2364 1588 viginti
2416 1516 2532 1571 fere
2582 1512 2776 1569 stadiis
2822 1512 3011 1567 distat.
3060 1511 3113 1565 is
3144 1518 3278 1566 .tum
3328 1508 3581 1563 ciborum

1983 1612 2316 1667 abstinentia
2350 1618 2408 1665 et
2435 1624 2560 1673 usu,
2598 1616 2715 1661 tum
2760 1605 2884 1660 aliis
2917 1603 3241 1667 virtutibus,
3290 1602 3363 1656 ita
3405 1601 3582 1655 Deum

1984 1704 2091 1759 sibi
2114 1701 2532 1766 conciliaverat,
2562 1707 2626 1755 ut
2660 1714 2769 1753 non
2798 1697 2962 1753 modo
2981 1712 3043 1751 ea
3066 1710 3194 1771 quae
3216 1693 3398 1748 futura
3419 1699 3584 1746 erant

283 1782 355 1875 pi}
377 1781 544 1875 μόνον
554 1779 740 1875 διορᾷν
750 1779 822 1834 τά
839 1780 1279 1851 μέλλοντα,ἀλλά
1293 1783 1389 1836 καὶ
1401 1783 1583 1854 πάσης
1604 1780 1879 1849 ἀπαθείας

1991 1795 2346 1868 praevideret.
2388 1807 2583 1849 verum
2629 1792 2798 1846 etiam
2836 1790 2907 1845 ab
2960 1788 3110 1844 omni
3159 1784 3584 1857 perturbatione

284 1870 446 1942 χάριν
470 1869 680 1932 λαϐεῖν,
697 1870 864 1935 συνῆν
886 1870 997 1925 τῶν
1012 1888 1118 1925 τινι
1136 1874 1300 1943 ὲπισή
1312 1873 1541 1944 μωνάνά
1558 1873 1656 1945 τὴν
1669 1874 1884 1929 Καίσαέ

283 1979 375 2032 ρος
403 1962 567 2016 πόλιν
591 1961 727 2034 (29),
748 1963 785 2033 ἢ
809 1964 938 2033 μιᾶς
956 1963 1065 2017 τῶν
1083 1964 1460 2019 Παλαιστίνων
1478 1964 1716 2037 ἡγεῖται·
1736 1961 1805 2038 ἦν
1825 1965 1885 2021 δὲ

274 2054 389 2124 ἄρα
404 2050 565 2118 οὗτος
581 2055 957 2126 Ἀρκεσίλαος,
973 2054 1075 2127 ἀνὴ
1081 2073 1113 2127 ρ
1130 2057 1463 2128 εὐπατρίδης
1477 2075 1537 2112 τε
1561 2058 1658 2112 καὶ
1679 2057 1884 2127 λόγιος,

282 2141 340 2199 εὖ
362 2162 425 2199 τε
443 2146 779 2217 ἀξιωμάτων
800 2146 898 2200 καὶ
926 2146 1035 2200 τῶν
1050 2147 1256 2201 λοιπῶν
1289 2146 1400 2202 τῶν
1426 2148 1773 2219 κοσμούντων
1788 2151 1888 2204 ἁν-

274 2237 409 2307 δρδς
425 2235 544 2307 βίον
561 2231 914 2308 ἤκων.οὗτος
933 2239 960 2290 ὁ
973 2240 1230 2309 Ζωσιμᾶς
1251 2242 1309 2293 ὲν
1330 2238 1408 2310 τῷ
1429 2242 1630 2311 ἀκαρεῖ
1650 2242 1750 2311 τῆς
1765 2240 1889 2293 Ἀν-

281 2330 465 2397 τιόχου
493 2328 759 2392 πτώσεως
780 2327 982 2398 ἀθρόον
1014 2330 1447 2397 ὲπιστυγνάσας,
1486 2329 1889 2402 ὁλοφυρόμενός

282 2424 470 2483 τε,καὶ
492 2421 686 2491 μύχιον
702 2421 1036 2493 ἀνοιμώξας,
1057 2422 1274 2493 δάκρυά
1292 2441 1352 2477 τε
1371 2423 1610 2478 τοσαῦτα
1634 2424 1886 2488 σπείσας,

283 2515 471 2579 ὥςκαὶ
491 2514 593 2586 τὴν
616 2514 724 2585 γῆν
745 2515 1055 2588 ὲπιδρέξαι,
1075 2514 1441 2588 θυμιατήριον
1455 2517 1780 2591 ἐξῃτήσατοί
1796 2518 1890 2571 καὶ

282 2608 471 2660 πάντα
496 2605 591 2660 τὸν
629 2606 807 2678 χῶρον
836 2608 895 2660 ὲν
924 2601 969 2675 ᾧ
999 2592 1460 2679 καθειστήκεισαν
1496 2608 1887 2679 ἐπιθυμιάσας,

278 2698 380 2752 ἐπὶ
404 2699 516 2769 γῆς
544 2699 741 2754 ἑαυτὸν
779 2699 985 2771 ῥίπτει,
1023 2704 1358 2772 προσευχαῖς
1389 2719 1449 2755 τε
1481 2702 1576 2756 καὶ
1601 2702 1774 2766 λιταῖς
1800 2702 1890 2756 τὸν

284 2786 425 2842 Θεὸν
472 2788 814 2859 ἱλεούμενος.
870 2785 1006 2844 Εἶτα
1052 2790 1464 2860 πυνθανομένου
1507 2790 1601 2844 τοῦ
1635 2791 1892 2861 Ἀρκεσι-

288 2882 447 2943 λάου,
489 2883 544 2934 τί
576 2883 687 2952 ἀρα
707 2882 771 2934 τὸ
809 2880 954 2936 οὕτω
983 2882 1320 2954 διαταράξαι)
1351 2883 1462 2954 εἴη,
1493 2882 1792 2956 διαρρήδην
1815 2876 1891 2936 εἶ-

288 2992 384 3039 πε,
418 2974 521 3047 τὴν
552 2975 692 3047 ἠχὴν
717 2976 818 3046 τῆς
842 2976 1118 3047 Ἀντιόχου
1163 2975 1426 3041 πτώσεως
1464 2976 1664 3030 αὐτίκα
1690 2977 1758 3031 τά
1778 2970 1895 3030 ὦτά

287 3069 340 3122 oi
385 3068 825 3139 περιϐομϐῆσαι.
883 3069 1049 3123 Ὥστε
1091 3068 1185 3123 τὸν
1242 3069 1597 3140 Ἀρκεσίλαον
1641 3069 1739 3124 καὶ
1767 3071 1894 3132 τοὺς

1987 1889 2157 1945 animi
2192 1904 2291 1959 per
2318 1886 2418 1942 Dei
2451 1885 2684 1958 gratiam
2728 1884 2872 1939 liber
2904 1890 3071 1938 esset.
3102 1879 3241 1936 Cum
3275 1878 3442 1949 igitur
3477 1876 3581 1931 ali-

1987 1980 2210 2053 quando
2249 1986 2394 2035 esset
2437 1978 2494 2032 in
2537 1976 2677 2032 urbe
2705 1973 2954 2030 Caesarea
2980 1987 3103 2042 qua:
3145 1968 3469 2038 metropolis
3497 1973 3584 2023 est

1988 2072 2156 2128 unius
2183 2088 2215 2127 e
2247 2070 2430 2126 tribus
2474 2066 2805 2130 Palaestinis,
2842 2065 2898 2120 in
2938 2064 3152 2119 aedibus
3197 2057 3585 2131 spectatissimi

1989 2162 2276 2234 cujusdam
2320 2159 2429 2216 viri
2461 2177 2475 2212 :
2512 2158 2559 2213 is
2597 2166 2718 2212 erat
2749 2154 3085 2217 Arcesilaus,
3130 2150 3217 2205 vir
3278 2148 3486 2204 nobilis
3528 2154 3587 2203 et

1989 2253 2266 2318 eruditus,
2307 2251 2402 2323 qui
2434 2260 2490 2306 et
2522 2247 2834 2304 honoribus
2876 2260 3016 2316 quos
3059 2250 3325 2315 gesserat,
3355 2249 3412 2295 et
3453 2240 3587 2294 reli-

1991 2346 2116 2417 quis
2156 2345 2286 2399 vitze
2328 2340 2670 2398 ornamentis
2727 2340 3061 2408 conspicuus
3122 2335 3476 2390 habebatur:
3518 2346 3588 2385 eo

1992 2439 2111 2509 ipso
2144 2435 2410 2507 temporis
2456 2432 2689 2488 articulo
2734 2446 2846 2502 quo
2890 2429 3185 2485 Antiochia
3229 2435 3393 2483 terrae
3433 2434 3587 2480 motu

1991 2532 2262 2588 subversa
2308 2538 2414 2591 est.
2467 2534 2697 2597 repente
2750 2533 2962 2580 mutato
3011 2524 3168 2578 vultu
3220 2522 3589 2594 ingemiscens

1991 2632 2157 2692 atque
2196 2619 2706 2687 altum-suspirans,
2745 2622 2953 2669 tantam
2982 2614 3346 2685 lacrymarum
3374 2611 3587 2681 capiam

1991 2711 2209 2775 effudit,
2244 2716 2305 2764 ut
2348 2709 2527 2764 solum
2571 2704 2964 2761 madefaceret.
3019 2702 3193 2759 Simul
3243 2701 3610 2756 thuribulum.

1992 2799 2265 2868 poposcit,
2299 2810 2510 2866 perque
2540 2793 2863 2848 universum
2908 2793 3093 2847 locum
3125 2793 3180 2846 in
3214 2807 3324 2861 quo
3350 2791 3590 2851 stabant.

1994 2903 2120 2944 cum
2153 2888 2280 2942 thus
2313 2885 2668 2950 adolevisset,
2703 2885 2857 2940 humi
2888 2900 2947 2939 se
2978 2883 3298 2954 prostravit,
3334 2881 3594 2951 precibus

1994 2993 2058 3033 ac
2109 2975 2615 3047 supplicationibus
2659 2976 2832 3029 Deum
2885 2974 3228 3044 placaturus.
3277 2969 3594 3026 Sciscitanti

1997 3072 2199 3128 deinde
2228 3071 2532 3142 Arcesilae,
2570 3070 2834 3142 quidnam
2865 3079 3014 3125 esset
3045 3068 3194 3139 quod
3223 3068 3377 3122 illum
3410 3075 3593 3120 tauto-

290 3178 368 3213 πα
376 3160 749 3230 ρατετυχότας
765 3161 1257 3231 ἐκπεπληγμένους
1270 3161 1587 3232 ἀναγράψαι
1600 3160 1698 3232 τὴν
1714 3161 1759 3214 ὦ
1766 3178 1884 3233 ραν,

1997 3179 2127 3235 pere
2200 3164 2623 3229 contnrbasset,
2687 3162 2894 3218 diserte
2969 3159 3260 3231 respondit
3320 3159 3595 3229 fragorem

291 3252 476 3323 εὑρεῖν
505 3269 565 3306 τε
601 3254 658 3317 ἐς
691 3251 933 3332 ὕστερον.
957 3253 1131 3318 οὕτως
1162 3254 1239 3318 ὡς
1265 3256 1293 3307 ό
1322 3255 1578 3325 Ζωσιμᾶς
1605 3254 1893 3324 ἀπεφήνα-

292 3362 378 3400 το.
411 3346 515 3398 Διά
547 3344 743 3399 τούτου
779 3344 975 3399 πολλαί
1000 3362 1063 3398 τε
1100 3348 1197 3400 καὶ
1224 3345 1415 3417 ἕτεραι
1447 3345 1773 3417 θεοσημεῖαι
1797 3362 1895 3414 γε-

293 3438 545 3507 γόνασιν,
577 3431 655 3495 ὧν
685 3437 748 3491 τὸ
794 3436 999 3508 πλῆθος
1044 3439 1263 3507 παρεὶς,
1292 3437 1415 3491 ἐπεὶ
1447 3439 1544 3492 καί⁹
1589 3436 1898 3509 κρείττονος

373 3681 421 3712 ³*
441 3675 505 3734 C.
540 3675 605 3733 C.
634 3677 855 3749 ἐπειδὴ.
933 3678 980 3710 ⁹⁰
996 3675 1471 3750 διαθριαμόεύων.

2000 3256 2216 3311 ruentis
2262 3255 2574 3311 Antiochiae
2610 3254 2841 3310 auribus
2878 3254 2994 3310 suis
3039 3252 3207 3308 modo
3257 3249 3596 3306 insenuisse.

2000 3348 2156 3404 Adeo
2191 3357 2253 3404 ut
2284 3348 2602 3404 Arcesilaus
2645 3355 2703 3402 et
2745 3346 2841 3417 qui
2892 3355 3007 3401 tum
3059 3346 3326 3409 aderant,
3373 3338 3599 3412 stupore

2003 3439 2271 3512 perculsi,
2292 3438 2488 3495 horam
2515 3437 2927 3505 adnotaverint,
2961 3446 3265 3510 posteaque
3287 3434 3600 3507 deprehen'.

1591 3582 1827 3640 VARle
1859 3582 2273 3640 LECTIONES.

1515 3794 1789 3852 VALESII
1821 3795 2387 3854 ANNOTATIONES.

301 3899 358 3958 id
385 3901 825 3967 cognomentum
854 3890 1170 3967 Antiochia:
1220 3892 1466 3967 inditum
1505 3908 1629 3967 esse
1673 3893 1902 3967 scribit.

303 3963 659 4029 ldem'etiam
685 3971 921 4036 testatur
947 3963 1297 4036 Stephanus
1339 3964 1640 4036 Byzantius
1673 3963 1729 4036 in
1749 3979 1906 4036 voce

301 4036 628 4100 Θεούπολις,
659 4042 716 4088 et
749 4032 1122 4103 Theophanes
1149 4034 1202 4088 in
1239 4032 1516 4105 Chronico.
1545 4032 1790 4105 Contigit
1814 4035 1909 4091 hic

303 4108 592 4185 posterior
620 4113 780 4185 terra:
808 4114 999 4185 _t_no_tus
1055 4106 1264 4185 mensis
1281 4104 1616 4185 Novembris
1637 4104 1731 4160 die
1757 4120 1908 4185 nono

303 4175 373 4239 ite
392 4178 689 4239 vicesimo,
729 4175 1036 4231 indictione
1056 4176 1315 4246 septima,
1354 4176 1584 4230 biennio
1606 4184 1733 4245 post
1755 4177 1910 4246 prio-

306 4271 430 4310 rem
460 4258 627 4304 terra:
658 4255 899 4318 motum.
916 4256 979 4318 ut
1006 4245 1203 4301 scribit
1264 4245 1413 4318 idem
1451 4246 1724 4318 ~Theoph.
1756 4245 1906 4318 pag.

310 4326 439 4387 151,
473 4334 575 4376 seu
602 4317 792 4387 potius
833 4315 1063 4386 triginta
1105 4316 1393 4387 mensibus
1417 4316 1623 4386 elapsis
1654 4333 1684 4371 a
1714 4315 1908 4387 priore

308 4398 409 4453 illo
467 4386 632 4448 teme
666 4398 845 4447 motu.
892 4395 956 4441 ut
1006 4395 1161 4442 recte
1213 4386 1409 4442 scribit
1464 4387 1755 4457 Evagrius.
1804 4386 1911 4442 Tot

309 4468 468 4524 enim
507 4467 877 4515 numerantur
917 4472 1137 4512 menses
1202 4472 1234 4511 a
1275 4457 1366 4512 die
1408 4458 1480 4513 29
1512 4459 1721 4512 mensis
1756 4457 1905 4523 Maii,

508 4513 727 4586 Christi
784 4527 908 4590 525,
938 4527 1009 4581 ad
1071 4528 1218 4583 diem
1251 4526 1323 4583 29
1375 4528 1728 4592 Novembris,
1774 4513 1906 4584 anni
1940 4513 1984 4569 ι)

309 4603 527 4665 Christi
557 4600 680 4654 528.
714 4597 838 4665 Quo
867 4598 1092 4668 quidem
1140 4613 1288 4653 anno
1342 4599 1577 4654 indictio
1610 4600 1846 4667 septima
1874 4616 1906 4655 a

314 4671 640 4748 Septembri
690 4684 889 4748 mense
920 4670 1204 4748 numerari
1229 4677 1499 4748 coeperat.
1554 4669 1639 4748 Ex_
1663 4685 1775 4738 quo
1804 4685 1907 4748 ap-

313 4739 483 4821 paret
508 4740 864 4821 verissimum
889 4754 1012 4795 esse
1045 4740 1101 4794 id
1126 4740 1275 4809 quod
1301 4741 1562 4821 superius
1586 4739 1905 4821 observavi,

316 4810 573 4889 priorem
614 4811 1002 4889 _ill_u“n1‘terrze
1035 4821 1248 4864 motum
1285 4811 1600 4889 Antiochia;
1636 4810 1907 4889 accidisse

316 4880 472 4944 anno
493 4882 705 4942 Christi
732 4880 857 4944 59.6,
890 4896 1003 4935 non
1041 4891 1248 4946 autem,
1299 4890 1362 4935 ut
1395 4880 1669 4935 Baronius
1713 4881 1908 4936 existi-

318 4957 518 5019 mavit,
550 4952 677 5010 525.
714 4951 1091 5008 Posteriorem
1119 4959 1304 5007 tamen
1333 4960 1496 5008 terra:
1523 4959 1732 5005 motum
1757 4958 1909 5008 recte

319 5027 600 5085 Baronius
653 5023 851 5079 retulit
916 5038 1062 5076 anno
1086 5021 1291 5078 Christi
1346 5022 1472 5087 5'28,
1529 5021 1677 5091 quod
1713 5038 1907 5077 verum

319 5110 428 5156 est.
466 5098 604 5153 Nam
630 5110 759 5149 cum
788 5092 1005 5162 Evagrii
1025 5093 1271 5163 calculos
1296 5101 1584 5163 sequatur,
1613 5107 1742 5147 eum
1795 5099 1909 5147 ter-

323 5187 403 5225 rae
419 5177 630 5221 motum
652 5178 801 5220 anno
828 5164 931 5219 5'27
982 5162 1193 5219 referre
1242 5162 1515 5218 debuerat
1553 5180 1567 5216 :
1628 5163 1908 5233 siquidem

324 5240 483 5308 prior
506 5238 598 5292 ille
622 5245 787 5308 terra:
817 5243 1002 5308 motus
1022 5234 1351 5302 Antiochiae,
1380 5249 1528 5289 anno
1548 5233 1653 5289 525
1705 5233 1908 5289 natalis

322 5305 607 5367 Dominici
639 5305 986 5377 contigisset.

399 5379 514 5450 (29)
567 5376 712 5450 Ῑῶν
761 5372 899 5450 ςτὶνι-
919 5373 1236 5443 ἐπισήμων
1295 5375 1419 5431 ἀνὰ
1457 5372 1573 5442 τὴν
1603 5375 1909 5450 Καίσαρος

326 5446 537 5507 πόλιν.
566 5446 850 5503 Musculus
886 5446 986 5500 has
1035 5455 1347 5516 postremas
1398 5460 1562 5500 voces
1619 5446 1809 5516 retulit
1836 5446 1906 5501 ad

327 5520 667 5578 vocabulum
702 5516 1009 5587 ἐπισήμων.
1040 5515 1134 5587 Sic
1182 5516 1332 5571 enim
1365 5517 1568 5571 vertit:
1626 5515 1726 5570 Hic
1774 5516 1909 5586 jun-

331 5598 447 5646 ctus
470 5597 588 5644 erat
616 5587 778 5642 nobili
827 5587 1042 5641 cuidam
1095 5586 1429 5643 Cwsariensi.
1477 5587 1655 5641 Aliter
1726 5597 1910 5644 tamen

334 5675 453 5717 haec
483 5659 654 5715 verba
703 5658 1015 5713 construxit
1038 5657 1385 5727 Nicephorus
1416 5665 1473 5712 et
1516 5656 1910 5727 Christophor—

332 5746 530 5795 sonus,
555 5736 613 5784 et
644 5744 708 5783 ea
734 5727 925 5782 retulit
945 5728 1012 5782 ad
1039 5728 1270 5783 verbum
1303 5730 1490 5796 συνῆν,
1532 5728 1677 5797 quod
1704 5744 1910 5797 praece-

337 5802 440 5857 dit.
470 5801 649 5869 Quam
670 5798 896 5871 quidem
920 5799 1254 5855 sententiam
1281 5799 1454 5870 magis
1485 5799 1681 5869 probo.
1734 5800 1905 5856 Dubi-

2011 3893 2283 3948 tationem
2305 3903 2488 3947 tamen
2521 3888 2686 3945 affert
2706 3887 2763 3944 id
2792 3885 2944 3958 quod
2970 3883 3307 3958 sequiturin
3337 3884 3599 3958 Evagrio,

2010 3964 2287 4018 Zosimam
2320 3962 2536 4017 scilicet
2576 3961 2646 4014 ab
2675 3956 2995 4014 astantibus
3057 3956 3371 4026 postulasse
3425 3956 3606 4011 thuri-

2013 4034 2230 4089 bulum.
2263 4032 2404 4088 Nam
2457 4033 2504 4087 si
2532 4031 2783 4086 Zosimas
2829 4037 2953 4084 erat
3019 4025 3075 4081 in
3118 4027 3286 4082 domo
3333 4025 3603 4084 Arcesilai

2010 4104 2160 4167 laici,
2197 4102 2479 4174 quomodo
2498 4101 2861 4174 ithuribulum
2880 4098 3015 4174 _illie
3048 4098 3367 4174 quaerebat,
3390 4112 3517 4174 eum
3546 4098 3607 4152 in

2012 4164 2181 4230 domo
2210 4164 2338 4229 laiCi
2370 4173 2542 4228 moris
2564 4188 2676 4226 non
2707 4171 2787 4226 sit
2808 4168 3014 4223 habere
3040 4164 3325 4224 thuribula
3348 4169 3370 4220 ?
3390 4164 3608 4236 {Scien-

2014 4246 2146 4302 dum
2181 4254 2366 4300 tamen
2392 4252 2479 4299 est
2521 4243 2694 4296 moris
2719 4241 2879 4294 illum
2913 4239 3085 4293 fuisse
3117 4248 3178 4293 ut
3203 4238 3510 4292 Christiani
3546 4239 3602 4292 in

2016 4316 2253 4387 privatis
2286 4314 2819 4387 aedibusincensum
2845 4310 3139 4374 haberent,
3178 4320 3237 4363 et
3292 4317 3422 4387 ante
3471 4324 3606 4387 ora-

2016 4378 2227 4443 tionem
2280 4384 2697 4439 thurilicatione
2743 4388 3073 4445 uterentur;
3137 4378 3607 4448 quemadmodum

2017 4457 2542 4513 observatloannes
2576 4455 2750 4519 Bona,
2776 4452 2949 4506 inlih.
2989 4467 3028 4505 ιι
3075 4449 3276 4504 Rerum
3324 4449 3608 4519 liturgica-

2016 4545 2158 4593 rum,
2193 4543 2317 4598 cap.
2342 4527 2397 4591 9,
2427 4526 2593 4598 nullo
2625 4523 2956 4598 tam_en_ejus
2993 4522 3072 4575 rei
3098 4521 3608 4598 p_rolato_testimo-

2010 4590 2153 4654 ῐιίο.⁷
2181 4590 2275 4652 οο’
2315 4590 2471 4652 laicis
2519 4597 2577 4650 in
2629 4590 2880 4650 ecclesia
2918 4596 3051 4647 thus
3076 4590 3435 4647 aii-olentibus
3475 4600 3609 4645 ante

2010 4668 2324 4725 orationem
2349 4668 2508 4722 locus
2525 4675 2614 4722 est
2637 4663 2873 4735 insignis
2911 4663 3055 4717 infra
3084 4663 3142 4735 in
3183 4661 3283 4715 lib.
3308 4662 3503 4735 vkuhi
3525 4662 3606 4735 Ade

2012 4740 2186 4809 signis
2219 4738 2442 4809 imperii
2468 4752 2593 4809 quae
2633 4730 2924 4809 Mauricio
2949 4732 3327 4809 contigerunt.
3367 4730 3607 4802 Chorip—

2009 4804 2117 4880 ptis
2139 4811 2192 4863 in
2219 4804 2318 4863 lib:
2344 4825 2383 4863 ιι
2412 4804 2500 4861 De
2512 4807 2758 4862 laudibus
2781 4804 2985 4859 Justini
3031 4805 3292 4857 minoris:

2154 4900 2179 4955 1
2189 4901 2308 4956 licet
2331 4900 2559 4971 angelici
2580 4914 2801 4971 pergens
2819 4896 2890 4971 ad
2918 4895 3107 4949 limina
3149 4894 3354 4971 templi,

2149 4967 2423 5101 ὖῖιριὶξιιίὶ
2448 4973 2538 5043 pia
2562 4967 2720 5025 thura
2743 4968 2892 5038 focis,
2924 4981 3179 5037 cerasque
3214 4967 3473 5019 micantes

2230 5052 2284 5097 tu
2312 5053 2374 5097 tl.
2406 5081 2421 5097 .

2010 5163 2070 5218 In
2095 5162 2212 5218 Vita
2242 5160 2530 5233 Paphnutii
2557 5157 2760 5233 abbatis
2790 5170 2914 5233 quae
2940 5162 3123 5233 existat
3148 5153 3302 5233 inter
3324 5152 3472 5233 Vitas
3495 5151 3608 5207 Pa-

2012 5243 2176 5296 trum,
2205 5225 2335 5304 pagl
2363 5231 2521 5304 _iO5,_
2550 5227 2876 5304 Onuphrius
2922 5226 3099 5304 abbas
3148 5225 3270 5304 hate
3310 5225 3604 5304 mandasse

2010 5294 2223 5359 dicitur
2246 5294 2563 5372 Paphnutio
2589 5316 2603 5353 :
2641 5294 2698 5353 Si
2734 5299 2850 5369 quis
2874 5312 2970 5372 nec
3001 5295 3324 5372 oblationem
3338 5310 3440 5372 nec
3466 5294 3607 5348 elec-

2011 5391 2295 5445 mosynant
2310 5368 2481 5444 potest
2511 5371 2718 5445 offerre,
2746 5368 2842 5445 pro
2871 5369 3148 5445 citat-itote
3187 5381 3305 5445 mea
3331 5368 3605 5445 incensum

2010 5435 2240 5500 Domino
2268 5435 2375 5500 Deo
2409 5435 2591 5497 nostro
2640 5442 2696 5495 in
2734 5435 2951 5494 odorem
2995 5438 3280 5493 suauitatis
3326 5435 3603 5490 accendat.

2010 5517 2081 5571 Et
2111 5516 2276 5585 paulo
2307 5522 2467 5581 post:
2510 5511 2569 5568 Si
2599 5514 2873 5585 incensum
2902 5525 2994 5585 nec
3027 5510 3143 5580 quis
3171 5507 3363 5585 habet,
3389 5521 3487 5559 nrt
3516 5505 3603 5573 fa-

2011 5579 2224 5641 cultatis
2252 5579 2461 5654 aliquid
2524 5583 2662 5636 unde
2721 5582 2890 5636 Deum
2936 5579 3154 5654 placare
3197 5584 3389 5654 potest,
3416 5583 3605 5647 surgat

2011 5659 2082 5711 ad
2112 5648 2523 5715 immolandum,
2551 5663 2599 5706 et
2624 5669 2812 5707 manus
2828 5648 2956 5705 suas
3007 5650 3076 5703 ad
3103 5648 3388 5702 Dominum
3416 5660 3603 5700 rauen-

2011 5728 2125 5790 dat,
2160 5737 2239 5779 ter
2278 5725 2607 5779 Dominicam
2632 5722 2940 5777 Ormionem
2985 5737 3080 5790 pro
3129 5734 3209 5790 me
3239 5735 3357 5790 cum
3395 5719 3603 5774 intenta

2014 5788 2185 5852 mente
2216 5804 2263 5849 et
2292 5796 2345 5849 in
2374 5796 2587 5849 nomine
2620 5792 2676 5849 S.
2720 5788 2993 5848 Trinitatis
3036 5788 3286 5860 psallat.)
