  <div class='ocr_page' id='page_1' title='image "/cluster/home/n/w/nwhite01/storage/ocr_20150623/86:pt.2/coo.31924054869890/486.png"; bbox 0 0 3982 6422; ppageno 0'>
   <div class='ocr_carea' id='block_1_1' title="bbox 343 361 490 426">
    <p class='ocr_par' dir='ltr' id='par_1_1' title="bbox 343 361 490 426">
     <span class='ocr_line' id='line_1_1' title="bbox 343 361 490 426; baseline 0.014 -2"><span class='ocrx_word' id='word_1_1' title='bbox 343 361 490 426; x_wconf 73' lang='lat'><strong>2717</strong></span> 
     </span>
    </p>
   </div>
   <div class='ocr_carea' id='block_1_2' title="bbox 1306 367 2736 440">
    <p class='ocr_par' dir='ltr' id='par_1_2' title="bbox 1306 367 2736 440">
     <span class='ocr_line' id='line_1_2' title="bbox 1306 367 2736 440; baseline 0.008 -13"><span class='ocrx_word' id='word_1_2' title='bbox 1306 367 1694 429; x_wconf 79' lang='lat' dir='ltr'><strong>HISTORLE</strong></span> <span class='ocrx_word' id='word_1_3' title='bbox 1732 371 2333 435; x_wconf 65' lang='lat' dir='ltr'><strong>ECCI.ESIASTIC}E</strong></span> <span class='ocrx_word' id='word_1_4' title='bbox 2362 374 2597 437; x_wconf 80' lang='lat' dir='ltr'><strong>LIBER</strong></span> <span class='ocrx_word' id='word_1_5' title='bbox 2636 378 2736 440; x_wconf 86' lang='lat' dir='ltr'><strong>1V.</strong></span> 
     </span>
    </p>
   </div>
   <div class='ocr_carea' id='block_1_3' title="bbox 3497 376 3646 442">
    <p class='ocr_par' dir='ltr' id='par_1_3' title="bbox 3497 376 3646 442">
     <span class='ocr_line' id='line_1_3' title="bbox 3497 376 3646 442; baseline -0.02 0"><span class='ocrx_word' id='word_1_6' title='bbox 3497 376 3646 442; x_wconf 71' lang='lat' dir='ltr'><strong>27l8</strong></span> 
     </span>
    </p>
   </div>
   <div class='ocr_carea' id='block_1_4' title="bbox 343 474 1944 554">
    <p class='ocr_par' dir='ltr' id='par_1_4' title="bbox 343 474 1944 550">
     <span class='ocr_line' id='line_1_4' title="bbox 343 474 1944 550; baseline 0.001 -21"><span class='ocrx_word' id='word_1_7' title='bbox 343 478 517 546; x_wconf 70' lang='grc' dir='ltr'>κορὴς</span> <span class='ocrx_word' id='word_1_8' title='bbox 567 476 598 528; x_wconf 99' lang='lat'><strong>6</strong></span> <span class='ocrx_word' id='word_1_9' title='bbox 639 474 781 529; x_wconf 84' lang='grc' dir='ltr'>λέων</span> <span class='ocrx_word' id='word_1_10' title='bbox 813 475 880 530; x_wconf 81' lang='grc' dir='ltr'>ὲκ</span> <span class='ocrx_word' id='word_1_11' title='bbox 914 476 1017 549; x_wconf 77' lang='grc' dir='ltr'>τῆς</span> <span class='ocrx_word' id='word_1_12' title='bbox 1047 475 1230 547; x_wconf 78' lang='grc' dir='ltr'>θοίνης</span> <span class='ocrx_word' id='word_1_13' title='bbox 1256 477 1352 531; x_wconf 80' lang='grc' dir='ltr'>τοῦ</span> <span class='ocrx_word' id='word_1_14' title='bbox 1387 478 1528 543; x_wconf 77' lang='grc' dir='ltr'>ξὼου</span> <span class='ocrx_word' id='word_1_15' title='bbox 1555 480 1777 547; x_wconf 81' lang='grc' dir='ltr'>γέγονε·</span> <span class='ocrx_word' id='word_1_16' title='bbox 1809 480 1944 550; x_wconf 66' lang='grc' dir='ltr'>προς</span> 
     </span>
    </p>
   </div>
   <div class='ocr_carea' id='block_1_5' title="bbox 2051 474 3643 554">
    <p class='ocr_par' dir='ltr' id='par_1_5' title="bbox 2051 478 3643 554">
     <span class='ocr_line' id='line_1_5' title="bbox 2051 478 3643 554; baseline 0.003 -19"><span class='ocrx_word' id='word_1_17' title='bbox 2051 478 2378 537; x_wconf 76' lang='lat' dir='ltr'><strong>Chuzibitae.</strong></span> <span class='ocrx_word' id='word_1_18' title='bbox 2418 482 2589 552; x_wconf 86' lang='lat' dir='ltr'><strong>quue</strong></span> <span class='ocrx_word' id='word_1_19' title='bbox 2640 484 2714 539; x_wconf 91' lang='lat' dir='ltr'><strong>ita</strong></span> <span class='ocrx_word' id='word_1_20' title='bbox 2765 484 2971 547; x_wconf 86' lang='lat' dir='ltr'><strong>evenit,</strong></span> <span class='ocrx_word' id='word_1_21' title='bbox 3023 482 3294 539; x_wconf 86' lang='lat' dir='ltr'><strong>ambobus</strong></span> <span class='ocrx_word' id='word_1_22' title='bbox 3345 483 3454 537; x_wconf 89' lang='lat' dir='ltr'><strong>illis</strong></span> <span class='ocrx_word' id='word_1_23' title='bbox 3482 484 3643 554; x_wconf 75' lang='lat' dir='ltr'><strong>justis</strong></span> 
     </span>
    </p>
   </div>
   <div class='ocr_carea' id='block_1_6' title="bbox 342 564 1941 641">
    <p class='ocr_par' dir='ltr' id='par_1_6' title="bbox 342 564 1941 641">
     <span class='ocr_line' id='line_1_6' title="bbox 342 564 1941 641; baseline 0.001 -19"><span class='ocrx_word' id='word_1_24' title='bbox 342 569 403 623; x_wconf 75' lang='grc' dir='ltr'>ὃν</span> <span class='ocrx_word' id='word_1_25' title='bbox 424 567 759 634; x_wconf 75' lang='grc' dir='ltr'><strong>ἐπιγελάσας</strong></span> <span class='ocrx_word' id='word_1_26' title='bbox 784 571 812 622; x_wconf 89' lang='lat'><strong>6</strong></span> <span class='ocrx_word' id='word_1_27' title='bbox 844 571 1103 638; x_wconf 79' lang='grc' dir='ltr'>Ζωσιμᾶς</span> <span class='ocrx_word' id='word_1_28' title='bbox 1131 586 1317 640; x_wconf 81' lang='grc' dir='ltr'>φησιν,</span> <span class='ocrx_word' id='word_1_29' title='bbox 1344 570 1481 624; x_wconf 86' lang='grc' dir='ltr'><strong>ἀλλά</strong></span> <span class='ocrx_word' id='word_1_30' title='bbox 1501 572 1629 640; x_wconf 80' lang='grc' dir='ltr'>γὰρ,</span> <span class='ocrx_word' id='word_1_31' title='bbox 1663 564 1708 623; x_wconf 85' lang='grc' dir='ltr'><strong>ὦ</strong></span> <span class='ocrx_word' id='word_1_32' title='bbox 1734 572 1941 641; x_wconf 81' lang='grc' dir='ltr'><strong>ἑταῖρε,</strong></span> 
     </span>
    </p>
   </div>
   <div class='ocr_carea' id='block_1_7' title="bbox 342 658 1941 730">
    <p class='ocr_par' dir='ltr' id='par_1_7' title="bbox 342 658 1941 730">
     <span class='ocr_line' id='line_1_7' title="bbox 342 658 1941 730; baseline 0.003 -22"><span class='ocrx_word' id='word_1_33' title='bbox 342 658 413 712; x_wconf 70' lang='grc' dir='ltr'><strong>τὰ</strong></span> <span class='ocrx_word' id='word_1_34' title='bbox 444 659 547 729; x_wconf 82' lang='grc' dir='ltr'>τῆς</span> <span class='ocrx_word' id='word_1_35' title='bbox 566 659 796 730; x_wconf 78' lang='grc' dir='ltr'><strong>πορείας</strong></span> <span class='ocrx_word' id='word_1_36' title='bbox 818 658 943 728; x_wconf 73' lang='grc' dir='ltr'>ἐμοὶ</span> <span class='ocrx_word' id='word_1_37' title='bbox 960 658 1339 722; x_wconf 78' lang='grc' dir='ltr'>διακέκοπται,</span> <span class='ocrx_word' id='word_1_38' title='bbox 1355 660 1565 730; x_wconf 85' lang='grc' dir='ltr'>πάχητί</span> <span class='ocrx_word' id='word_1_39' title='bbox 1591 676 1651 712; x_wconf 87' lang='grc' dir='ltr'><strong>τε</strong></span> <span class='ocrx_word' id='word_1_40' title='bbox 1678 658 1941 730; x_wconf 76' lang='grc' dir='ltr'>δντι(52),</span> 
     </span>
    </p>
   </div>
   <div class='ocr_carea' id='block_1_8' title="bbox 340 751 1943 825">
    <p class='ocr_par' dir='ltr' id='par_1_8' title="bbox 340 751 1943 825">
     <span class='ocr_line' id='line_1_8' title="bbox 340 751 1943 825; baseline 0.002 -20"><span class='ocrx_word' id='word_1_41' title='bbox 340 752 541 824; x_wconf 69' lang='grc' dir='ltr'>πόρρω</span> <span class='ocrx_word' id='word_1_42' title='bbox 572 769 634 805; x_wconf 89' lang='grc' dir='ltr'><strong>τε</strong></span> <span class='ocrx_word' id='word_1_43' title='bbox 670 751 769 823; x_wconf 83' lang='grc' dir='ltr'><strong>τῆς</strong></span> <span class='ocrx_word' id='word_1_44' title='bbox 801 752 1022 822; x_wconf 76' lang='grc' dir='ltr'>ἡλικίας</span> <span class='ocrx_word' id='word_1_45' title='bbox 1058 752 1370 824; x_wconf 78' lang='grc' dir='ltr'><strong>ἀφιγμένῳ,</strong></span> <span class='ocrx_word' id='word_1_46' title='bbox 1422 754 1514 806; x_wconf 79' lang='grc' dir='ltr'><strong>καὶ</strong></span> <span class='ocrx_word' id='word_1_47' title='bbox 1549 752 1624 824; x_wconf 81' lang='grc' dir='ltr'>μὴ</span> <span class='ocrx_word' id='word_1_48' title='bbox 1658 753 1943 825; x_wconf 75' lang='grc' dir='ltr'><strong>δυναμένῳ</strong></span> 
     </span>
    </p>
   </div>
   <div class='ocr_carea' id='block_1_9' title="bbox 342 845 1944 918">
    <p class='ocr_par' dir='ltr' id='par_1_9' title="bbox 342 845 1944 918">
     <span class='ocr_line' id='line_1_9' title="bbox 342 845 1944 918; baseline 0.001 -18"><span class='ocrx_word' id='word_1_49' title='bbox 342 848 684 915; x_wconf 76' lang='grc' dir='ltr'>νωτοφορεῖν</span> <span class='ocrx_word' id='word_1_50' title='bbox 715 849 786 899; x_wconf 79' lang='grc' dir='ltr'>τὰ</span> <span class='ocrx_word' id='word_1_51' title='bbox 814 845 910 901; x_wconf 72' lang='grc' dir='ltr'><strong>ἐπὶ</strong></span> <span class='ocrx_word' id='word_1_52' title='bbox 938 845 1035 899; x_wconf 80' lang='grc' dir='ltr'>τοῦ</span> <span class='ocrx_word' id='word_1_53' title='bbox 1062 846 1185 900; x_wconf 81' lang='grc' dir='ltr'>δνου</span> <span class='ocrx_word' id='word_1_54' title='bbox 1226 846 1561 916; x_wconf 82' lang='grc' dir='ltr'>σεσαγμένα.</span> <span class='ocrx_word' id='word_1_55' title='bbox 1592 845 1944 918; x_wconf 79' lang='grc' dir='ltr'>’Δχθοφορεϊν</span> 
     </span>
    </p>
   </div>
   <div class='ocr_carea' id='block_1_10' title="bbox 346 933 1943 1010">
    <p class='ocr_par' dir='ltr' id='par_1_10' title="bbox 346 933 1943 1010">
     <span class='ocr_line' id='line_1_10' title="bbox 346 933 1943 1010; baseline 0 -20"><span class='ocrx_word' id='word_1_56' title='bbox 346 933 442 990; x_wconf 74' lang='grc' dir='ltr'>οὖν</span> <span class='ocrx_word' id='word_1_57' title='bbox 470 934 690 1005; x_wconf 77' lang='grc' dir='ltr'>ἀνάγκη</span> <span class='ocrx_word' id='word_1_58' title='bbox 726 954 785 990; x_wconf 90' lang='grc' dir='ltr'><strong>σε</strong></span> <span class='ocrx_word' id='word_1_59' title='bbox 811 938 961 1007; x_wconf 70' lang='grc' dir='ltr'>παρὰ</span> <span class='ocrx_word' id='word_1_60' title='bbox 996 938 1089 990; x_wconf 81' lang='grc' dir='ltr'>τὸν</span> <span class='ocrx_word' id='word_1_61' title='bbox 1131 938 1332 1008; x_wconf 75' lang='grc' dir='ltr'>θεσμὸν</span> <span class='ocrx_word' id='word_1_62' title='bbox 1370 941 1471 1009; x_wconf 87' lang='grc' dir='ltr'>τῆς</span> <span class='ocrx_word' id='word_1_63' title='bbox 1500 938 1740 1008; x_wconf 81' lang='grc' dir='ltr'>φύσεως,</span> <span class='ocrx_word' id='word_1_64' title='bbox 1782 940 1943 1010; x_wconf 81' lang='grc' dir='ltr'>εἴπερ</span> 
     </span>
    </p>
   </div>
   <div class='ocr_carea' id='block_1_11' title="bbox 342 1026 1941 1098">
    <p class='ocr_par' dir='ltr' id='par_1_11' title="bbox 342 1026 1941 1098">
     <span class='ocr_line' id='line_1_11' title="bbox 342 1026 1941 1098; baseline 0.002 -18"><span class='ocrx_word' id='word_1_65' title='bbox 342 1027 554 1092; x_wconf 79' lang='grc' dir='ltr'>ὲθέλεις</span> <span class='ocrx_word' id='word_1_66' title='bbox 579 1026 693 1080; x_wconf 82' lang='grc' dir='ltr'>τῶν</span> <span class='ocrx_word' id='word_1_67' title='bbox 727 1028 1003 1093; x_wconf 75' lang='grc' dir='ltr'>ἐντεῦθεν,</span> <span class='ocrx_word' id='word_1_68' title='bbox 1046 1029 1137 1080; x_wconf 77' lang='grc' dir='ltr'><strong>τὸν</strong></span> <span class='ocrx_word' id='word_1_69' title='bbox 1176 1029 1436 1098; x_wconf 83' lang='grc' dir='ltr'>Ζωσιμᾶν</span> <span class='ocrx_word' id='word_1_70' title='bbox 1478 1029 1941 1093; x_wconf 79' lang='grc' dir='ltr'>ἀπαλλάττεσθαι,</span> 
     </span>
    </p>
   </div>
   <div class='ocr_carea' id='block_1_12' title="bbox 344 1116 1943 1191">
    <p class='ocr_par' dir='ltr' id='par_1_12' title="bbox 344 1116 1943 1191">
     <span class='ocr_line' id='line_1_12' title="bbox 344 1116 1943 1191; baseline 0.001 -18"><span class='ocrx_word' id='word_1_71' title='bbox 344 1122 446 1174; x_wconf 75' lang='grc' dir='ltr'><strong>καὶ</strong></span> <span class='ocrx_word' id='word_1_72' title='bbox 474 1120 672 1191; x_wconf 79' lang='grc' dir='ltr'>θηρίον</span> <span class='ocrx_word' id='word_1_73' title='bbox 708 1116 869 1184; x_wconf 83' lang='grc' dir='ltr'>αὖθις</span> <span class='ocrx_word' id='word_1_74' title='bbox 909 1116 1074 1175; x_wconf 81' lang='grc' dir='ltr'>εἶναι.</span> <span class='ocrx_word' id='word_1_75' title='bbox 1117 1119 1174 1173; x_wconf 84' lang='grc' dir='ltr'>Ὀ</span> <span class='ocrx_word' id='word_1_76' title='bbox 1203 1120 1283 1187; x_wconf 80' lang='grc' dir='ltr'><strong>δὲ,</strong></span> <span class='ocrx_word' id='word_1_77' title='bbox 1322 1120 1420 1173; x_wconf 81' lang='grc' dir='ltr'>τοῦ</span> <span class='ocrx_word' id='word_1_78' title='bbox 1465 1120 1641 1191; x_wconf 82' lang='grc' dir='ltr'>θυμοῦ</span> <span class='ocrx_word' id='word_1_79' title='bbox 1684 1122 1943 1187; x_wconf 83' lang='grc' dir='ltr'><strong>καθάπαξ</strong></span> 
     </span>
    </p>
   </div>
   <div class='ocr_carea' id='block_1_13' title="bbox 341 1211 1945 1284">
    <p class='ocr_par' dir='ltr' id='par_1_13' title="bbox 341 1211 1945 1284">
     <span class='ocr_line' id='line_1_13' title="bbox 341 1211 1945 1284; baseline 0.002 -21"><span class='ocrx_word' id='word_1_80' title='bbox 341 1211 799 1281; x_wconf 80' lang='grc' dir='ltr'><strong>ἐπιλελησμένος,</strong></span> <span class='ocrx_word' id='word_1_81' title='bbox 844 1211 1132 1277; x_wconf 83' lang='grc' dir='ltr'>ὑπέσαινε,</span> <span class='ocrx_word' id='word_1_82' title='bbox 1177 1213 1273 1265; x_wconf 73' lang='grc' dir='ltr'><strong>καὶ</strong></span> <span class='ocrx_word' id='word_1_83' title='bbox 1316 1211 1394 1282; x_wconf 86' lang='grc' dir='ltr'>τῷ</span> <span class='ocrx_word' id='word_1_84' title='bbox 1427 1214 1656 1284; x_wconf 83' lang='grc' dir='ltr'>Ζωσιμᾷ</span> <span class='ocrx_word' id='word_1_85' title='bbox 1684 1213 1760 1277; x_wconf 83' lang='grc' dir='ltr'>ὡς</span> <span class='ocrx_word' id='word_1_86' title='bbox 1790 1214 1945 1284; x_wconf 78' lang='grc' dir='ltr'>ἔτρε-</span> 
     </span>
    </p>
   </div>
   <div class='ocr_carea' id='block_1_14' title="bbox 339 1304 1945 1376">
    <p class='ocr_par' dir='ltr' id='par_1_14' title="bbox 339 1304 1945 1376">
     <span class='ocr_line' id='line_1_14' title="bbox 339 1304 1945 1376; baseline 0.003 -20"><span class='ocrx_word' id='word_1_87' title='bbox 339 1321 401 1374; x_wconf 79' lang='grc' dir='ltr'>χε</span> <span class='ocrx_word' id='word_1_88' title='bbox 436 1304 556 1371; x_wconf 78' lang='lat'><strong>(33)</strong></span> <span class='ocrx_word' id='word_1_89' title='bbox 582 1305 776 1374; x_wconf 80' lang='grc' dir='ltr'><strong>πράως</strong></span> <span class='ocrx_word' id='word_1_90' title='bbox 825 1304 1010 1369; x_wconf 82' lang='grc' dir='ltr'>εὐθὺς,</span> <span class='ocrx_word' id='word_1_91' title='bbox 1047 1306 1143 1359; x_wconf 76' lang='grc' dir='ltr'>καὶ</span> <span class='ocrx_word' id='word_1_92' title='bbox 1172 1305 1259 1358; x_wconf 80' lang='grc' dir='ltr'><strong>διὰ</strong></span> <span class='ocrx_word' id='word_1_93' title='bbox 1285 1306 1380 1359; x_wconf 80' lang='grc' dir='ltr'>τοῦ</span> <span class='ocrx_word' id='word_1_94' title='bbox 1416 1307 1698 1376; x_wconf 83' lang='grc' dir='ltr'>σχήματος</span> <span class='ocrx_word' id='word_1_95' title='bbox 1729 1307 1858 1361; x_wconf 73' lang='grc' dir='ltr'><strong>ἐϐόα</strong></span> <span class='ocrx_word' id='word_1_96' title='bbox 1881 1308 1945 1361; x_wconf 82' lang='grc' dir='ltr'>τὸ</span> 
     </span>
    </p>
   </div>
   <div class='ocr_carea' id='block_1_15' title="bbox 338 1391 1940 1470">
    <p class='ocr_par' dir='ltr' id='par_1_15' title="bbox 338 1391 1940 1470">
     <span class='ocr_line' id='line_1_15' title="bbox 338 1391 1940 1470; baseline 0.002 -22"><span class='ocrx_word' id='word_1_97' title='bbox 338 1391 722 1465; x_wconf 52' lang='grc' dir='ltr'>πειθήνιονῖᾨ</span> <span class='ocrx_word' id='word_1_98' title='bbox 744 1398 989 1468; x_wconf 79' lang='grc' dir='ltr'>περιθεὶς</span> <span class='ocrx_word' id='word_1_99' title='bbox 1014 1400 1042 1452; x_wconf 92' lang='lat'><strong>6</strong></span> <span class='ocrx_word' id='word_1_100' title='bbox 1063 1399 1320 1467; x_wconf 79' lang='grc' dir='ltr'>Ζωσιμᾶς</span> <span class='ocrx_word' id='word_1_101' title='bbox 1346 1397 1441 1450; x_wconf 78' lang='grc' dir='ltr'>τοῦ</span> <span class='ocrx_word' id='word_1_102' title='bbox 1461 1398 1583 1452; x_wconf 80' lang='grc' dir='ltr'>ὖνου</span> <span class='ocrx_word' id='word_1_103' title='bbox 1612 1398 1674 1451; x_wconf 80' lang='grc' dir='ltr'>τὸ</span> <span class='ocrx_word' id='word_1_104' title='bbox 1700 1399 1940 1470; x_wconf 76' lang='grc' dir='ltr'><strong>φορτίον,</strong></span> 
     </span>
    </p>
   </div>
   <div class='ocr_carea' id='block_1_16' title="bbox 341 1488 1940 1562">
    <p class='ocr_par' dir='ltr' id='par_1_16' title="bbox 341 1488 1940 1562">
     <span class='ocr_line' id='line_1_16' title="bbox 341 1488 1940 1562; baseline 0.003 -23"><span class='ocrx_word' id='word_1_105' title='bbox 341 1489 507 1559; x_wconf 85' lang='grc' dir='ltr'>μέχρι</span> <span class='ocrx_word' id='word_1_106' title='bbox 540 1488 653 1541; x_wconf 82' lang='grc' dir='ltr'><strong>τῶν</strong></span> <span class='ocrx_word' id='word_1_107' title='bbox 694 1489 878 1543; x_wconf 86' lang='grc' dir='ltr'>πυλῶν</span> <span class='ocrx_word' id='word_1_108' title='bbox 916 1488 1018 1559; x_wconf 81' lang='grc' dir='ltr'>τῆς</span> <span class='ocrx_word' id='word_1_109' title='bbox 1043 1488 1322 1560; x_wconf 84' lang='grc' dir='ltr'>Καίσαρος</span> <span class='ocrx_word' id='word_1_110' title='bbox 1363 1490 1564 1562; x_wconf 75' lang='grc' dir='ltr'>ἤγαγε,</span> <span class='ocrx_word' id='word_1_111' title='bbox 1604 1490 1821 1554; x_wconf 80' lang='grc' dir='ltr'>δεικνὺς</span> <span class='ocrx_word' id='word_1_112' title='bbox 1845 1489 1940 1544; x_wconf 82' lang='grc' dir='ltr'>τοῦ</span> 
     </span>
    </p>
   </div>
   <div class='ocr_carea' id='block_1_17' title="bbox 337 1580 1942 1654">
    <p class='ocr_par' dir='ltr' id='par_1_17' title="bbox 337 1580 1942 1654">
     <span class='ocr_line' id='line_1_17' title="bbox 337 1580 1942 1654; baseline 0.002 -21"><span class='ocrx_word' id='word_1_113' title='bbox 337 1580 476 1635; x_wconf 79' lang='grc' dir='ltr'>Θεοῦ</span> <span class='ocrx_word' id='word_1_114' title='bbox 510 1582 612 1650; x_wconf 85' lang='grc' dir='ltr'>τὴν</span> <span class='ocrx_word' id='word_1_115' title='bbox 659 1580 915 1650; x_wconf 74' lang='grc' dir='ltr'>δύναμιν,</span> <span class='ocrx_word' id='word_1_116' title='bbox 967 1582 1067 1636; x_wconf 75' lang='grc' dir='ltr'><strong>καὶ</strong></span> <span class='ocrx_word' id='word_1_117' title='bbox 1108 1581 1185 1644; x_wconf 84' lang='grc' dir='ltr'>ὡς</span> <span class='ocrx_word' id='word_1_118' title='bbox 1213 1583 1430 1635; x_wconf 75' lang='grc' dir='ltr'>ἅπαντα</span> <span class='ocrx_word' id='word_1_119' title='bbox 1471 1584 1587 1646; x_wconf 83' lang='grc' dir='ltr'>τοῖς</span> <span class='ocrx_word' id='word_1_120' title='bbox 1633 1581 1942 1654; x_wconf 85' lang='grc' dir='ltr'>ἀνθρώποις</span> 
     </span>
    </p>
   </div>
   <div class='ocr_carea' id='block_1_18' title="bbox 334 1669 1941 1742">
    <p class='ocr_par' dir='ltr' id='par_1_18' title="bbox 334 1669 1941 1742">
     <span class='ocr_line' id='line_1_18' title="bbox 334 1669 1941 1742; baseline -0.001 -18"><span class='ocrx_word' id='word_1_121' title='bbox 334 1672 501 1724; x_wconf 82' lang='grc' dir='ltr'>δοῦλά</span> <span class='ocrx_word' id='word_1_122' title='bbox 535 1689 596 1724; x_wconf 89' lang='grc' dir='ltr'><strong>τε</strong></span> <span class='ocrx_word' id='word_1_123' title='bbox 628 1671 724 1725; x_wconf 74' lang='grc' dir='ltr'>καὶ</span> <span class='ocrx_word' id='word_1_124' title='bbox 766 1671 1048 1742; x_wconf 77' lang='grc' dir='ltr'><strong>πειθήνια,</strong></span> <span class='ocrx_word' id='word_1_125' title='bbox 1076 1669 1154 1725; x_wconf 82' lang='grc' dir='ltr'><strong>ὅτ’</strong></span> <span class='ocrx_word' id='word_1_126' title='bbox 1181 1670 1248 1724; x_wconf 84' lang='grc' dir='ltr'>ἂν</span> <span class='ocrx_word' id='word_1_127' title='bbox 1278 1670 1427 1741; x_wconf 83' lang='grc' dir='ltr'>αὐτῷ</span> <span class='ocrx_word' id='word_1_128' title='bbox 1462 1669 1668 1740; x_wconf 81' lang='grc' dir='ltr'><strong>ζῶμεν,</strong></span> <span class='ocrx_word' id='word_1_129' title='bbox 1714 1670 1809 1723; x_wconf 73' lang='grc' dir='ltr'>καὶ</span> <span class='ocrx_word' id='word_1_130' title='bbox 1841 1669 1941 1740; x_wconf 81' lang='grc' dir='ltr'>τὴν</span> 
     </span>
    </p>
   </div>
   <div class='ocr_carea' id='block_1_19' title="bbox 336 1759 1940 1832">
    <p class='ocr_par' dir='ltr' id='par_1_19' title="bbox 336 1759 1940 1832">
     <span class='ocr_line' id='line_1_19' title="bbox 336 1759 1940 1832; baseline 0.001 -19"><span class='ocrx_word' id='word_1_131' title='bbox 336 1760 637 1830; x_wconf 74' lang='grc' dir='ltr'><strong>δεδομένην</strong></span> <span class='ocrx_word' id='word_1_132' title='bbox 656 1761 788 1831; x_wconf 73' lang='grc' dir='ltr'>ἡμῖν</span> <span class='ocrx_word' id='word_1_133' title='bbox 805 1761 968 1832; x_wconf 83' lang='grc' dir='ltr'>χάριν</span> <span class='ocrx_word' id='word_1_134' title='bbox 986 1761 1050 1814; x_wconf 84' lang='grc' dir='ltr'>οὐ</span> <span class='ocrx_word' id='word_1_135' title='bbox 1073 1760 1575 1831; x_wconf 86' lang='grc' dir='ltr'>παραχαράττομεν</span> <span class='ocrx_word' id='word_1_136' title='bbox 1593 1775 1607 1789; x_wconf 78' lang='grc'><strong><em>⁸</em></strong></span> <span class='ocrx_word' id='word_1_137' title='bbox 1625 1760 1740 1813; x_wconf 79' lang='grc' dir='ltr'>ἀλλ’</span> <span class='ocrx_word' id='word_1_138' title='bbox 1754 1759 1841 1814; x_wconf 77' lang='grc' dir='ltr'>ἵνα</span> <span class='ocrx_word' id='word_1_139' title='bbox 1865 1759 1940 1832; x_wconf 75' lang='grc' dir='ltr'>μὴ</span> 
     </span>
    </p>
   </div>
   <div class='ocr_carea' id='block_1_20' title="bbox 2048 570 3647 645">
    <p class='ocr_par' dir='ltr' id='par_1_20' title="bbox 2048 570 3647 645">
     <span class='ocr_line' id='line_1_20' title="bbox 2048 570 3647 645; baseline 0.003 -22"><span class='ocrx_word' id='word_1_140' title='bbox 2048 570 2209 625; x_wconf 81' lang='lat' dir='ltr'><strong>simul</strong></span> <span class='ocrx_word' id='word_1_141' title='bbox 2265 573 2591 628; x_wconf 83' lang='lat' dir='ltr'><strong>miraculum</strong></span> <span class='ocrx_word' id='word_1_142' title='bbox 2649 575 3122 645; x_wconf 87' lang='lat' dir='ltr'><strong>perpetrantibus.</strong></span> <span class='ocrx_word' id='word_1_143' title='bbox 3190 573 3339 629; x_wconf 87' lang='lat' dir='ltr'><strong>Idem</strong></span> <span class='ocrx_word' id='word_1_144' title='bbox 3398 573 3647 629; x_wconf 84' lang='lat' dir='ltr'><strong>Zosimas</strong></span> 
     </span>
    </p>
   </div>
   <div class='ocr_carea' id='block_1_21' title="bbox 2047 663 3645 736">
    <p class='ocr_par' dir='ltr' id='par_1_21' title="bbox 2047 663 3645 736">
     <span class='ocr_line' id='line_1_21' title="bbox 2047 663 3645 736; baseline 0.003 -21"><span class='ocrx_word' id='word_1_145' title='bbox 2047 676 2170 716; x_wconf 90' lang='lat' dir='ltr'><strong>cum</strong></span> <span class='ocrx_word' id='word_1_146' title='bbox 2217 663 2516 734; x_wconf 86' lang='lat' dir='ltr'><strong>aliquando</strong></span> <span class='ocrx_word' id='word_1_147' title='bbox 2549 666 3004 736; x_wconf 77' lang='lat' dir='ltr'><strong>proﬁcisceretur</strong></span> <span class='ocrx_word' id='word_1_148' title='bbox 3045 666 3381 730; x_wconf 81' lang='lat' dir='ltr'><strong>Caesaream,</strong></span> <span class='ocrx_word' id='word_1_149' title='bbox 3413 667 3645 720; x_wconf 82' lang='lat' dir='ltr'><strong>asellum</strong></span> 
     </span>
    </p>
   </div>
   <div class='ocr_carea' id='block_1_22' title="bbox 2049 753 3645 828">
    <p class='ocr_par' dir='ltr' id='par_1_22' title="bbox 2049 753 3645 828">
     <span class='ocr_line' id='line_1_22' title="bbox 2049 753 3645 828; baseline 0.003 -21"><span class='ocrx_word' id='word_1_150' title='bbox 2049 753 2276 810; x_wconf 90' lang='lat' dir='ltr'><strong>trahens</strong></span> <span class='ocrx_word' id='word_1_151' title='bbox 2328 756 2415 811; x_wconf 90' lang='lat' dir='ltr'><strong>cui</strong></span> <span class='ocrx_word' id='word_1_152' title='bbox 2467 772 2561 812; x_wconf 90' lang='lat' dir='ltr'><strong>res</strong></span> <span class='ocrx_word' id='word_1_153' title='bbox 2611 759 2877 828; x_wconf 89' lang='lat' dir='ltr'><strong>quasdam</strong></span> <span class='ocrx_word' id='word_1_154' title='bbox 2928 758 3035 813; x_wconf 92' lang='lat' dir='ltr'><strong>sibi</strong></span> <span class='ocrx_word' id='word_1_155' title='bbox 3087 758 3431 813; x_wconf 79' lang='lat' dir='ltr'><strong>necessarias</strong></span> <span class='ocrx_word' id='word_1_156' title='bbox 3466 758 3645 827; x_wconf 85' lang='lat' dir='ltr'><strong>impo-</strong></span> 
     </span>
    </p>
   </div>
   <div class='ocr_carea' id='block_1_23' title="bbox 2045 849 3646 920">
    <p class='ocr_par' dir='ltr' id='par_1_23' title="bbox 2045 849 3646 920">
     <span class='ocr_line' id='line_1_23' title="bbox 2045 849 3646 920; baseline -0.002 -15"><span class='ocrx_word' id='word_1_157' title='bbox 2045 858 2253 913; x_wconf 87' lang='lat' dir='ltr'><strong>suerat,</strong></span> <span class='ocrx_word' id='word_1_158' title='bbox 2285 850 2500 905; x_wconf 84' lang='lat' dir='ltr'><strong>leonem</strong></span> <span class='ocrx_word' id='word_1_159' title='bbox 2538 851 2764 906; x_wconf 91' lang='lat' dir='ltr'><strong>obvium</strong></span> <span class='ocrx_word' id='word_1_160' title='bbox 2813 851 3068 915; x_wconf 80' lang='lat' dir='ltr'><strong>oﬂ‘endit,</strong></span> <span class='ocrx_word' id='word_1_161' title='bbox 3099 851 3193 920; x_wconf 89' lang='lat' dir='ltr'><strong>qui</strong></span> <span class='ocrx_word' id='word_1_162' title='bbox 3244 850 3300 904; x_wconf 92' lang='lat' dir='ltr'><strong>in</strong></span> <span class='ocrx_word' id='word_1_163' title='bbox 3350 850 3532 919; x_wconf 89' lang='lat' dir='ltr'><strong>ipsum</strong></span> <span class='ocrx_word' id='word_1_164' title='bbox 3565 849 3646 903; x_wconf 87' lang='lat' dir='ltr'><strong>ir-</strong></span> 
     </span>
    </p>
   </div>
   <div class='ocr_carea' id='block_1_24' title="bbox 2045 942 3647 1014">
    <p class='ocr_par' dir='ltr' id='par_1_24' title="bbox 2045 942 3647 1014">
     <span class='ocr_line' id='line_1_24' title="bbox 2045 942 3647 1014; baseline 0.001 -19"><span class='ocrx_word' id='word_1_165' title='bbox 2045 956 2236 1008; x_wconf 85' lang='lat' dir='ltr'><strong>ruens,</strong></span> <span class='ocrx_word' id='word_1_166' title='bbox 2270 950 2428 1014; x_wconf 91' lang='lat' dir='ltr'><strong>rapto</strong></span> <span class='ocrx_word' id='word_1_167' title='bbox 2457 944 2648 1008; x_wconf 89' lang='lat' dir='ltr'><strong>asello,</strong></span> <span class='ocrx_word' id='word_1_168' title='bbox 2682 944 2937 1014; x_wconf 90' lang='lat' dir='ltr'><strong>protinus</strong></span> <span class='ocrx_word' id='word_1_169' title='bbox 2967 944 3257 1000; x_wconf 82' lang='lat' dir='ltr'><strong>abscessit.</strong></span> <span class='ocrx_word' id='word_1_170' title='bbox 3285 942 3458 1009; x_wconf 87' lang='lat' dir='ltr'><strong>Quem</strong></span> <span class='ocrx_word' id='word_1_171' title='bbox 3488 942 3647 997; x_wconf 88' lang='lat' dir='ltr'><strong>Zosi-</strong></span> 
     </span>
    </p>
   </div>
   <div class='ocr_carea' id='block_1_25' title="bbox 2044 1035 3646 1106">
    <p class='ocr_par' dir='ltr' id='par_1_25' title="bbox 2044 1035 3646 1106">
     <span class='ocr_line' id='line_1_25' title="bbox 2044 1035 3646 1106; baseline -0.002 -17"><span class='ocrx_word' id='word_1_172' title='bbox 2044 1049 2163 1089; x_wconf 89' lang='lat' dir='ltr'><strong>mas</strong></span> <span class='ocrx_word' id='word_1_173' title='bbox 2208 1052 2307 1105; x_wconf 89' lang='lat' dir='ltr'><strong>per</strong></span> <span class='ocrx_word' id='word_1_174' title='bbox 2354 1036 2548 1090; x_wconf 86' lang='lat' dir='ltr'><strong>silvam</strong></span> <span class='ocrx_word' id='word_1_175' title='bbox 2598 1036 2883 1092; x_wconf 87' lang='lat' dir='ltr'><strong>insecutus</strong></span> <span class='ocrx_word' id='word_1_176' title='bbox 2935 1046 3052 1102; x_wconf 90' lang='lat' dir='ltr'><strong>est,</strong></span> <span class='ocrx_word' id='word_1_177' title='bbox 3099 1036 3281 1106; x_wconf 85' lang='lat' dir='ltr'><strong>quoad</strong></span> <span class='ocrx_word' id='word_1_178' title='bbox 3336 1051 3511 1104; x_wconf 84' lang='lat' dir='ltr'><strong>usque</strong></span> <span class='ocrx_word' id='word_1_179' title='bbox 3557 1035 3646 1089; x_wconf 89' lang='lat' dir='ltr'><strong>leo</strong></span> 
     </span>
    </p>
   </div>
   <div class='ocr_carea' id='block_1_26' title="bbox 2043 1122 3644 1181">
    <p class='ocr_par' dir='ltr' id='par_1_26' title="bbox 2043 1122 3644 1181">
     <span class='ocr_line' id='line_1_26' title="bbox 2043 1122 3644 1181; baseline -0.002 -3"><span class='ocrx_word' id='word_1_180' title='bbox 2043 1125 2197 1179; x_wconf 85' lang='lat' dir='ltr'><strong>aselli</strong></span> <span class='ocrx_word' id='word_1_181' title='bbox 2221 1125 2483 1180; x_wconf 89' lang='lat' dir='ltr'><strong>carnibus</strong></span> <span class='ocrx_word' id='word_1_182' title='bbox 2509 1136 2790 1181; x_wconf 87' lang='lat' dir='ltr'><strong>saturatus</strong></span> <span class='ocrx_word' id='word_1_183' title='bbox 2814 1126 3028 1181; x_wconf 80' lang='lat' dir='ltr'><strong>luisset.</strong></span> <span class='ocrx_word' id='word_1_184' title='bbox 3057 1126 3196 1180; x_wconf 91' lang='lat' dir='ltr'><strong>Tum</strong></span> <span class='ocrx_word' id='word_1_185' title='bbox 3223 1125 3473 1179; x_wconf 87' lang='lat' dir='ltr'><strong>Zosimas</strong></span> <span class='ocrx_word' id='word_1_186' title='bbox 3496 1122 3644 1177; x_wconf 85' lang='lat' dir='ltr'><strong>leoni</strong></span> 
     </span>
    </p>
   </div>
   <div class='ocr_carea' id='block_1_27' title="bbox 2044 1213 3647 1287">
    <p class='ocr_par' dir='ltr' id='par_1_27' title="bbox 2044 1213 3647 1287">
     <span class='ocr_line' id='line_1_27' title="bbox 2044 1213 3647 1287; baseline -0.002 -16"><span class='ocrx_word' id='word_1_187' title='bbox 2044 1216 2338 1272; x_wconf 88' lang='lat' dir='ltr'><strong>arridens:</strong></span> <span class='ocrx_word' id='word_1_188' title='bbox 2365 1217 2454 1279; x_wconf 88' lang='lat' dir='ltr'><strong>At,</strong></span> <span class='ocrx_word' id='word_1_189' title='bbox 2486 1232 2519 1271; x_wconf 91' lang='grc' dir='ltr'><strong>ο</strong></span> <span class='ocrx_word' id='word_1_190' title='bbox 2552 1217 2749 1282; x_wconf 85' lang='lat' dir='ltr'><strong>amice,</strong></span> <span class='ocrx_word' id='word_1_191' title='bbox 2782 1217 2984 1286; x_wconf 79' lang='lat' dir='ltr'><strong>inquit,</strong></span> <span class='ocrx_word' id='word_1_192' title='bbox 3020 1218 3132 1287; x_wconf 88' lang='lat' dir='ltr'><strong>jam</strong></span> <span class='ocrx_word' id='word_1_193' title='bbox 3176 1217 3280 1271; x_wconf 90' lang='lat' dir='ltr'><strong>iter</strong></span> <span class='ocrx_word' id='word_1_194' title='bbox 3313 1215 3449 1269; x_wconf 89' lang='lat' dir='ltr'><strong>mihi</strong></span> <span class='ocrx_word' id='word_1_195' title='bbox 3490 1213 3647 1284; x_wconf 80' lang='lat' dir='ltr'><strong>peni-</strong></span> 
     </span>
    </p>
   </div>
   <div class='ocr_carea' id='block_1_28' title="bbox 2046 1305 3641 1377">
    <p class='ocr_par' dir='ltr' id='par_1_28' title="bbox 2046 1305 3641 1377">
     <span class='ocr_line' id='line_1_28' title="bbox 2046 1305 3641 1377; baseline -0.003 -17"><span class='ocrx_word' id='word_1_196' title='bbox 2046 1314 2135 1361; x_wconf 90' lang='lat' dir='ltr'><strong>tus</strong></span> <span class='ocrx_word' id='word_1_197' title='bbox 2168 1305 2532 1362; x_wconf 89' lang='lat' dir='ltr'><strong>interclusum</strong></span> <span class='ocrx_word' id='word_1_198' title='bbox 2581 1317 2686 1372; x_wconf 86' lang='lat' dir='ltr'><strong>est,</strong></span> <span class='ocrx_word' id='word_1_199' title='bbox 2730 1309 2936 1377; x_wconf 89' lang='lat' dir='ltr'><strong>quippe</strong></span> <span class='ocrx_word' id='word_1_200' title='bbox 2970 1306 3065 1377; x_wconf 87' lang='lat' dir='ltr'><strong>qui</strong></span> <span class='ocrx_word' id='word_1_201' title='bbox 3100 1315 3156 1361; x_wconf 89' lang='lat' dir='ltr'><strong>et</strong></span> <span class='ocrx_word' id='word_1_202' title='bbox 3199 1320 3348 1376; x_wconf 65' lang='lat' dir='ltr'><strong>azgro</strong></span> <span class='ocrx_word' id='word_1_203' title='bbox 3375 1305 3480 1359; x_wconf 89' lang='lat' dir='ltr'><strong>sim</strong></span> <span class='ocrx_word' id='word_1_204' title='bbox 3521 1318 3641 1357; x_wconf 91' lang='lat' dir='ltr'><strong>cor-</strong></span> 
     </span>
    </p>
   </div>
   <div class='ocr_carea' id='block_1_29' title="bbox 2042 1395 3645 1470">
    <p class='ocr_par' dir='ltr' id='par_1_29' title="bbox 2042 1395 3645 1470">
     <span class='ocr_line' id='line_1_29' title="bbox 2042 1395 3645 1470; baseline -0.001 -20"><span class='ocrx_word' id='word_1_205' title='bbox 2042 1411 2199 1467; x_wconf 88' lang='lat' dir='ltr'><strong>pore,</strong></span> <span class='ocrx_word' id='word_1_206' title='bbox 2231 1406 2289 1452; x_wconf 89' lang='lat' dir='ltr'><strong>et</strong></span> <span class='ocrx_word' id='word_1_207' title='bbox 2321 1406 2579 1468; x_wconf 86' lang='lat' dir='ltr'><strong>provecta</strong></span> <span class='ocrx_word' id='word_1_208' title='bbox 2616 1400 2729 1470; x_wconf 88' lang='lat' dir='ltr'><strong>jam</strong></span> <span class='ocrx_word' id='word_1_209' title='bbox 2769 1409 2963 1466; x_wconf 85' lang='lat' dir='ltr'><strong>aetate;</strong></span> <span class='ocrx_word' id='word_1_210' title='bbox 2996 1414 3101 1455; x_wconf 83' lang='lat' dir='ltr'><strong>nec</strong></span> <span class='ocrx_word' id='word_1_211' title='bbox 3128 1414 3270 1451; x_wconf 78' lang='lat' dir='ltr'><strong>onus</strong></span> <span class='ocrx_word' id='word_1_212' title='bbox 3296 1395 3444 1466; x_wconf 88' lang='lat' dir='ltr'><strong>quod</strong></span> <span class='ocrx_word' id='word_1_213' title='bbox 3473 1395 3645 1450; x_wconf 87' lang='lat' dir='ltr'><strong>asello</strong></span> 
     </span>
    </p>
   </div>
   <div class='ocr_carea' id='block_1_30' title="bbox 2043 1488 3646 1561">
    <p class='ocr_par' dir='ltr' id='par_1_30' title="bbox 2043 1488 3646 1561">
     <span class='ocr_line' id='line_1_30' title="bbox 2043 1488 3646 1561; baseline -0.006 -17"><span class='ocrx_word' id='word_1_214' title='bbox 2043 1497 2164 1544; x_wconf 90' lang='lat' dir='ltr'><strong>crat</strong></span> <span class='ocrx_word' id='word_1_215' title='bbox 2202 1488 2557 1560; x_wconf 84' lang='lat' dir='ltr'><strong>impositum,</strong></span> <span class='ocrx_word' id='word_1_216' title='bbox 2606 1489 2722 1561; x_wconf 86' lang='lat' dir='ltr'><strong>ipse</strong></span> <span class='ocrx_word' id='word_1_217' title='bbox 2751 1489 2911 1560; x_wconf 82' lang='lat'><strong>391</strong></span> <span class='ocrx_word' id='word_1_218' title='bbox 2950 1489 3201 1543; x_wconf 89' lang='lat' dir='ltr'><strong>humeris</strong></span> <span class='ocrx_word' id='word_1_219' title='bbox 3248 1493 3469 1556; x_wconf 87' lang='lat' dir='ltr'><strong>portare</strong></span> <span class='ocrx_word' id='word_1_220' title='bbox 3518 1496 3646 1552; x_wconf 90' lang='lat' dir='ltr'><strong>pos-</strong></span> 
     </span>
    </p>
   </div>
   <div class='ocr_carea' id='block_1_31' title="bbox 2043 1576 3701 1641">
    <p class='ocr_par' dir='ltr' id='par_1_31' title="bbox 2043 1576 3701 1641">
     <span class='ocr_line' id='line_1_31' title="bbox 2043 1576 3701 1641; baseline -0.002 -8"><span class='ocrx_word' id='word_1_221' title='bbox 2043 1579 2169 1634; x_wconf 92' lang='lat' dir='ltr'><strong>sim.</strong></span> <span class='ocrx_word' id='word_1_222' title='bbox 2227 1581 2466 1635; x_wconf 85' lang='lat' dir='ltr'><strong>Proinde</strong></span> <span class='ocrx_word' id='word_1_223' title='bbox 2537 1580 2583 1636; x_wconf 87' lang='lat' dir='ltr'><strong>si</strong></span> <span class='ocrx_word' id='word_1_224' title='bbox 2626 1582 2903 1635; x_wconf 88' lang='lat' dir='ltr'><strong>Zosimam</strong></span> <span class='ocrx_word' id='word_1_225' title='bbox 2962 1581 3097 1636; x_wconf 81' lang='lat' dir='ltr'><strong>hinc</strong></span> <span class='ocrx_word' id='word_1_226' title='bbox 3160 1576 3465 1634; x_wconf 85' lang='lat' dir='ltr'><strong>abscedere</strong></span> <span class='ocrx_word' id='word_1_227' title='bbox 3521 1576 3642 1641; x_wconf 88' lang='lat' dir='ltr'><strong>vis,</strong></span> <span class='ocrx_word' id='word_1_228' title='bbox 3695 1630 3701 1636; x_wconf 76' lang='grc'>,</span> 
     </span>
    </p>
   </div>
   <div class='ocr_carea' id='block_1_32' title="bbox 2042 1663 3646 1725">
    <p class='ocr_par' dir='ltr' id='par_1_32' title="bbox 2042 1663 3646 1725">
     <span class='ocr_line' id='line_1_32' title="bbox 2042 1663 3646 1725; baseline -0.004 -2"><span class='ocrx_word' id='word_1_229' title='bbox 2042 1669 2314 1724; x_wconf 86' lang='lat' dir='ltr'><strong>sarcinam</strong></span> <span class='ocrx_word' id='word_1_230' title='bbox 2357 1678 2551 1725; x_wconf 88' lang='lat' dir='ltr'><strong>contra</strong></span> <span class='ocrx_word' id='word_1_231' title='bbox 2602 1678 2813 1725; x_wconf 68' lang='lat' dir='ltr'><strong>naturae</strong></span> <span class='ocrx_word' id='word_1_232' title='bbox 2849 1680 2956 1725; x_wconf 75' lang='lat' dir='ltr'><strong>tua:</strong></span> <span class='ocrx_word' id='word_1_233' title='bbox 2989 1666 3454 1725; x_wconf 86' lang='lat' dir='ltr'><strong>consuetudinem</strong></span> <span class='ocrx_word' id='word_1_234' title='bbox 3500 1663 3646 1719; x_wconf 79' lang='lat' dir='ltr'><strong>feras</strong></span> 
     </span>
    </p>
   </div>
   <div class='ocr_carea' id='block_1_33' title="bbox 2044 1760 3644 1831">
    <p class='ocr_par' dir='ltr' id='par_1_33' title="bbox 2044 1760 3644 1831">
     <span class='ocr_line' id='line_1_33' title="bbox 2044 1760 3644 1831; baseline -0.004 -17"><span class='ocrx_word' id='word_1_235' title='bbox 2044 1775 2271 1816; x_wconf 88' lang='lat' dir='ltr'><strong>necesse</strong></span> <span class='ocrx_word' id='word_1_236' title='bbox 2301 1769 2407 1826; x_wconf 87' lang='lat' dir='ltr'><strong>est,</strong></span> <span class='ocrx_word' id='word_1_237' title='bbox 2440 1761 2508 1816; x_wconf 92' lang='lat' dir='ltr'><strong>ad</strong></span> <span class='ocrx_word' id='word_1_238' title='bbox 2536 1762 2816 1831; x_wconf 89' lang='lat' dir='ltr'><strong>pr0priam</strong></span> <span class='ocrx_word' id='word_1_239' title='bbox 2847 1760 3127 1815; x_wconf 82' lang='lat' dir='ltr'><strong>feritatem</strong></span> <span class='ocrx_word' id='word_1_240' title='bbox 3166 1769 3355 1829; x_wconf 87' lang='lat' dir='ltr'><strong>postea</strong></span> <span class='ocrx_word' id='word_1_241' title='bbox 3383 1769 3644 1811; x_wconf 88' lang='lat' dir='ltr'><strong>reversu-</strong></span> 
     </span>
    </p>
   </div>
   <div class='ocr_carea' id='block_1_34' title="bbox 338 1832 1944 1923">
    <p class='ocr_par' dir='ltr' id='par_1_34' title="bbox 338 1846 1940 1921">
     <span class='ocr_line' id='line_1_34' title="bbox 338 1846 1940 1921; baseline -0.002 -17"><span class='ocrx_word' id='word_1_242' title='bbox 338 1851 452 1912; x_wconf 75' lang='grc' dir='ltr'>τοῖς</span> <span class='ocrx_word' id='word_1_243' title='bbox 481 1849 700 1902; x_wconf 87' lang='grc' dir='ltr'>πλείοσι</span> <span class='ocrx_word' id='word_1_244' title='bbox 724 1849 821 1920; x_wconf 82' lang='grc' dir='ltr'><strong>τὴν</strong></span> <span class='ocrx_word' id='word_1_245' title='bbox 858 1850 1107 1920; x_wconf 78' lang='grc' dir='ltr'><strong>ἱστορίαν</strong></span> <span class='ocrx_word' id='word_1_246' title='bbox 1130 1846 1625 1921; x_wconf 84' lang='grc' dir='ltr'>παραμηκύνωμεν</span> <span class='ocrx_word' id='word_1_247' title='bbox 1645 1886 1658 1910; x_wconf 94' lang='grc'>,</span> <span class='ocrx_word' id='word_1_248' title='bbox 1684 1846 1940 1911; x_wconf 77' lang='grc' dir='ltr'><strong>ἐπάνειμι</strong></span> 
     </span>
    </p>
   </div>
   <div class='ocr_carea' id='block_1_35' title="bbox 2051 1832 3644 1923">
    <p class='ocr_par' dir='ltr' id='par_1_35' title="bbox 2051 1845 3644 1923">
     <span class='ocr_line' id='line_1_35' title="bbox 2051 1845 3644 1923; baseline -0.003 -19"><span class='ocrx_word' id='word_1_249' title='bbox 2051 1867 2162 1907; x_wconf 90' lang='lat' dir='ltr'><strong>rus.</strong></span> <span class='ocrx_word' id='word_1_250' title='bbox 2197 1853 2294 1906; x_wconf 85' lang='lat' dir='ltr'><strong>His</strong></span> <span class='ocrx_word' id='word_1_251' title='bbox 2329 1852 2515 1919; x_wconf 90' lang='lat' dir='ltr'><strong>dictis,</strong></span> <span class='ocrx_word' id='word_1_252' title='bbox 2545 1854 2653 1919; x_wconf 90' lang='lat' dir='ltr'><strong>leo,</strong></span> <span class='ocrx_word' id='word_1_253' title='bbox 2687 1861 2949 1923; x_wconf 90' lang='lat' dir='ltr'><strong>tanquam</strong></span> <span class='ocrx_word' id='word_1_254' title='bbox 2977 1851 3184 1907; x_wconf 83' lang='lat' dir='ltr'><strong>luroris</strong></span> <span class='ocrx_word' id='word_1_255' title='bbox 3226 1849 3453 1920; x_wconf 89' lang='lat' dir='ltr'><strong>penitus</strong></span> <span class='ocrx_word' id='word_1_256' title='bbox 3494 1845 3644 1902; x_wconf 89' lang='lat' dir='ltr'><strong>obli-</strong></span> 
     </span>
    </p>
   </div>
   <div class='ocr_carea' id='block_1_36' title="bbox 335 1942 1227 2014">
    <p class='ocr_par' dir='ltr' id='par_1_36' title="bbox 335 1942 1227 2014">
     <span class='ocr_line' id='line_1_36' title="bbox 335 1942 1227 2014; baseline 0.002 -20"><span class='ocrx_word' id='word_1_257' title='bbox 335 1942 459 1995; x_wconf 76' lang='grc' dir='ltr'>ὅθεν</span> <span class='ocrx_word' id='word_1_258' title='bbox 483 1943 586 2012; x_wconf 81' lang='grc' dir='ltr'>τὴν</span> <span class='ocrx_word' id='word_1_259' title='bbox 610 1942 841 2014; x_wconf 72' lang='grc' dir='ltr'>ἐκϐολὴν</span> <span class='ocrx_word' id='word_1_260' title='bbox 860 1942 1227 2013; x_wconf 76' lang='grc' dir='ltr'>ἐποιησάμην.</span> 
     </span>
    </p>
   </div>
   <div class='ocr_carea' id='block_1_37' title="bbox 2049 1934 3646 2011">
    <p class='ocr_par' dir='ltr' id='par_1_37' title="bbox 2049 1934 3646 2011">
     <span class='ocr_line' id='line_1_37' title="bbox 2049 1934 3646 2011; baseline -0.005 -16"><span class='ocrx_word' id='word_1_261' title='bbox 2049 1949 2160 2005; x_wconf 91' lang='lat' dir='ltr'><strong>tus,</strong></span> <span class='ocrx_word' id='word_1_262' title='bbox 2192 1941 2425 1998; x_wconf 71' lang='lat' dir='ltr'><strong>Zosimae</strong></span> <span class='ocrx_word' id='word_1_263' title='bbox 2455 1942 2695 1997; x_wconf 88' lang='lat' dir='ltr'><strong>blandiri</strong></span> <span class='ocrx_word' id='word_1_264' title='bbox 2725 1943 2915 2011; x_wconf 72' lang='lat' dir='ltr'><strong>cmpit,</strong></span> <span class='ocrx_word' id='word_1_265' title='bbox 2943 1951 3000 1997; x_wconf 89' lang='lat' dir='ltr'><strong>et</strong></span> <span class='ocrx_word' id='word_1_266' title='bbox 3037 1940 3105 1995; x_wconf 89' lang='lat' dir='ltr'><strong>ad</strong></span> <span class='ocrx_word' id='word_1_267' title='bbox 3139 1955 3266 1996; x_wconf 91' lang='lat' dir='ltr'><strong>eum</strong></span> <span class='ocrx_word' id='word_1_268' title='bbox 3292 1937 3476 1993; x_wconf 82' lang='lat' dir='ltr'><strong>statim</strong></span> <span class='ocrx_word' id='word_1_269' title='bbox 3505 1934 3646 1989; x_wconf 78' lang='lat' dir='ltr'><strong>leni-</strong></span> 
     </span>
    </p>
   </div>
   <div class='ocr_carea' id='block_1_38' title="bbox 337 2026 3642 2107">
    <p class='ocr_par' dir='ltr' id='par_1_38' title="bbox 337 2026 3642 2107">
     <span class='ocr_line' id='line_1_38' title="bbox 337 2026 3642 2107; baseline -0.003 -17"><span class='ocrx_word' id='word_1_270' title='bbox 337 2045 426 2091; x_wconf 86' lang='lat' dir='ltr'><strong>ter</strong></span> <span class='ocrx_word' id='word_1_271' title='bbox 457 2051 782 2100; x_wconf 88' lang='lat' dir='ltr'><strong>accurrens,</strong></span> <span class='ocrx_word' id='word_1_272' title='bbox 843 2037 965 2106; x_wconf 89' lang='lat' dir='ltr'><strong>ipso</strong></span> <span class='ocrx_word' id='word_1_273' title='bbox 1028 2044 1185 2107; x_wconf 82' lang='lat' dir='ltr'><strong>gestu</strong></span> <span class='ocrx_word' id='word_1_274' title='bbox 1252 2035 1585 2106; x_wconf 87' lang='lat' dir='ltr'><strong>obsequium</strong></span> <span class='ocrx_word' id='word_1_275' title='bbox 1621 2049 1784 2091; x_wconf 91' lang='lat' dir='ltr'><strong>suum</strong></span> <span class='ocrx_word' id='word_1_276' title='bbox 1829 2033 2197 2104; x_wconf 79' lang='lat' dir='ltr'><strong>signiﬁcabat.</strong></span> <span class='ocrx_word' id='word_1_277' title='bbox 2248 2035 2497 2090; x_wconf 88' lang='lat' dir='ltr'><strong>Zosimas</strong></span> <span class='ocrx_word' id='word_1_278' title='bbox 2549 2036 2739 2106; x_wconf 78' lang='lat' dir='ltr'><strong>igitur,</strong></span> <span class='ocrx_word' id='word_1_279' title='bbox 2795 2051 2920 2091; x_wconf 91' lang='lat' dir='ltr'><strong>cum</strong></span> <span class='ocrx_word' id='word_1_280' title='bbox 2971 2035 3125 2090; x_wconf 86' lang='lat' dir='ltr'><strong>aselli</strong></span> <span class='ocrx_word' id='word_1_281' title='bbox 3174 2034 3448 2088; x_wconf 86' lang='lat' dir='ltr'><strong>sarcinam</strong></span> <span class='ocrx_word' id='word_1_282' title='bbox 3492 2026 3642 2084; x_wconf 89' lang='lat' dir='ltr'><strong>leoni</strong></span> 
     </span>
    </p>
   </div>
   <div class='ocr_carea' id='block_1_39' title="bbox 338 2122 3639 2199">
    <p class='ocr_par' dir='ltr' id='par_1_39' title="bbox 338 2122 3639 2199">
     <span class='ocr_line' id='line_1_39' title="bbox 338 2122 3639 2199; baseline -0.003 -16"><span class='ocrx_word' id='word_1_283' title='bbox 338 2128 719 2199; x_wconf 81' lang='lat' dir='ltr'><strong>imposuisset,</strong></span> <span class='ocrx_word' id='word_1_284' title='bbox 754 2128 822 2183; x_wconf 88' lang='lat' dir='ltr'><strong>ad</strong></span> <span class='ocrx_word' id='word_1_285' title='bbox 858 2137 1048 2198; x_wconf 89' lang='lat' dir='ltr'><strong>portas</strong></span> <span class='ocrx_word' id='word_1_286' title='bbox 1087 2144 1264 2199; x_wconf 91' lang='lat' dir='ltr'><strong>usque</strong></span> <span class='ocrx_word' id='word_1_287' title='bbox 1314 2128 1474 2184; x_wconf 87' lang='lat' dir='ltr'><strong>urbis</strong></span> <span class='ocrx_word' id='word_1_288' title='bbox 1499 2127 1763 2183; x_wconf 63' lang='lat' dir='ltr'><strong>Caesareae</strong></span> <span class='ocrx_word' id='word_1_289' title='bbox 1808 2142 1937 2182; x_wconf 91' lang='lat' dir='ltr'><strong>eum</strong></span> <span class='ocrx_word' id='word_1_290' title='bbox 1977 2126 2157 2191; x_wconf 77' lang='lat' dir='ltr'><strong>duxit,</strong></span> <span class='ocrx_word' id='word_1_291' title='bbox 2185 2130 2488 2185; x_wconf 89' lang='lat' dir='ltr'><strong>ostendens</strong></span> <span class='ocrx_word' id='word_1_292' title='bbox 2517 2130 2624 2184; x_wconf 89' lang='lat' dir='ltr'><strong>hoc</strong></span> <span class='ocrx_word' id='word_1_293' title='bbox 2648 2128 2813 2193; x_wconf 78' lang='lat' dir='ltr'><strong>facto,</strong></span> <span class='ocrx_word' id='word_1_294' title='bbox 2844 2136 3049 2199; x_wconf 87' lang='lat' dir='ltr'><strong>quanta</strong></span> <span class='ocrx_word' id='word_1_295' title='bbox 3076 2128 3148 2182; x_wconf 93' lang='lat' dir='ltr'><strong>sit</strong></span> <span class='ocrx_word' id='word_1_296' title='bbox 3209 2126 3306 2181; x_wconf 81' lang='lat' dir='ltr'><strong>Dei</strong></span> <span class='ocrx_word' id='word_1_297' title='bbox 3370 2122 3639 2195; x_wconf 85' lang='lat' dir='ltr'><strong>potentia,</strong></span> 
     </span>
    </p>
   </div>
   <div class='ocr_carea' id='block_1_40' title="bbox 334 2212 3730 2301">
    <p class='ocr_par' dir='ltr' id='par_1_40' title="bbox 334 2212 3730 2301">
     <span class='ocr_line' id='line_1_40' title="bbox 334 2212 3730 2301; baseline -0.004 -23"><span class='ocrx_word' id='word_1_298' title='bbox 334 2229 392 2278; x_wconf 89' lang='lat' dir='ltr'><strong>et</strong></span> <span class='ocrx_word' id='word_1_299' title='bbox 423 2221 672 2291; x_wconf 90' lang='lat' dir='ltr'><strong>qualiter</strong></span> <span class='ocrx_word' id='word_1_300' title='bbox 700 2218 889 2275; x_wconf 90' lang='lat' dir='ltr'><strong>omnia</strong></span> <span class='ocrx_word' id='word_1_301' title='bbox 939 2219 1278 2274; x_wconf 83' lang='lat' dir='ltr'><strong>famulantur</strong></span> <span class='ocrx_word' id='word_1_302' title='bbox 1306 2228 1474 2289; x_wconf 87' lang='lat' dir='ltr'><strong>atque</strong></span> <span class='ocrx_word' id='word_1_303' title='bbox 1523 2217 1794 2272; x_wconf 91' lang='lat' dir='ltr'><strong>obediunt</strong></span> <span class='ocrx_word' id='word_1_304' title='bbox 1837 2216 2160 2273; x_wconf 86' lang='lat' dir='ltr'><strong>hominibus</strong></span> <span class='ocrx_word' id='word_1_305' title='bbox 2187 2217 2283 2287; x_wconf 89' lang='lat' dir='ltr'><strong>qui</strong></span> <span class='ocrx_word' id='word_1_306' title='bbox 2349 2219 2465 2273; x_wconf 89' lang='lat' dir='ltr'><strong>Deo</strong></span> <span class='ocrx_word' id='word_1_307' title='bbox 2501 2217 2718 2283; x_wconf 85' lang='lat' dir='ltr'><strong>vivunt,</strong></span> <span class='ocrx_word' id='word_1_308' title='bbox 2767 2233 2872 2272; x_wconf 91' lang='lat' dir='ltr'><strong>nec</strong></span> <span class='ocrx_word' id='word_1_309' title='bbox 2930 2217 3193 2271; x_wconf 85' lang='lat' dir='ltr'><strong>donatam</strong></span> <span class='ocrx_word' id='word_1_310' title='bbox 3260 2212 3364 2270; x_wconf 86' lang='lat' dir='ltr'><strong>sibi</strong></span> <span class='ocrx_word' id='word_1_311' title='bbox 3404 2213 3638 2285; x_wconf 79' lang='lat' dir='ltr'><strong>gratiam</strong></span> <span class='ocrx_word' id='word_1_312' title='bbox 3722 2294 3730 2301; x_wconf 30' lang='lat'><em>.</em></span> 
     </span>
    </p>
   </div>
   <div class='ocr_carea' id='block_1_41' title="bbox 334 2313 3642 2389">
    <p class='ocr_par' dir='ltr' id='par_1_41' title="bbox 334 2313 3642 2389">
     <span class='ocr_line' id='line_1_41' title="bbox 334 2313 3642 2389; baseline -0.001 -16"><span class='ocrx_word' id='word_1_313' title='bbox 334 2326 732 2388; x_wconf 87' lang='lat' dir='ltr'><strong>corruperunt.</strong></span> <span class='ocrx_word' id='word_1_314' title='bbox 770 2318 975 2375; x_wconf 84' lang='lat' dir='ltr'><strong>Verum</strong></span> <span class='ocrx_word' id='word_1_315' title='bbox 1013 2333 1105 2384; x_wconf 88' lang='lat' dir='ltr'><strong>ne,</strong></span> <span class='ocrx_word' id='word_1_316' title='bbox 1140 2317 1189 2373; x_wconf 90' lang='lat' dir='ltr'><strong>si</strong></span> <span class='ocrx_word' id='word_1_317' title='bbox 1215 2317 1376 2388; x_wconf 90' lang='lat' dir='ltr'><strong>plura</strong></span> <span class='ocrx_word' id='word_1_318' title='bbox 1440 2330 1975 2384; x_wconf 87' lang='lat' dir='ltr'><strong>commemoravero,</strong></span> <span class='ocrx_word' id='word_1_319' title='bbox 2008 2316 2244 2374; x_wconf 86' lang='lat' dir='ltr'><strong>historia</strong></span> <span class='ocrx_word' id='word_1_320' title='bbox 2309 2316 2577 2389; x_wconf 81' lang='lat' dir='ltr'><strong>prolixior</strong></span> <span class='ocrx_word' id='word_1_321' title='bbox 2619 2317 2913 2382; x_wconf 85' lang='lat' dir='ltr'><strong>elliciatur,</strong></span> <span class='ocrx_word' id='word_1_322' title='bbox 2963 2332 3032 2373; x_wconf 92' lang='lat' dir='ltr'><strong>eo</strong></span> <span class='ocrx_word' id='word_1_323' title='bbox 3070 2325 3320 2373; x_wconf 88' lang='lat' dir='ltr'><strong>revertar</strong></span> <span class='ocrx_word' id='word_1_324' title='bbox 3364 2315 3509 2370; x_wconf 86' lang='lat' dir='ltr'><strong>unde</strong></span> <span class='ocrx_word' id='word_1_325' title='bbox 3556 2313 3642 2370; x_wconf 77' lang='lat' dir='ltr'><strong>tli-</strong></span> 
     </span>
    </p>
   </div>
   <div class='ocr_carea' id='block_1_42' title="bbox 334 2425 738 2484">
    <p class='ocr_par' dir='ltr' id='par_1_42' title="bbox 334 2425 738 2484">
     <span class='ocr_line' id='line_1_42' title="bbox 334 2425 738 2484; baseline -0.007 -17"><span class='ocrx_word' id='word_1_326' title='bbox 334 2425 563 2484; x_wconf 78' lang='lat' dir='ltr'><strong>gressus</strong></span> <span class='ocrx_word' id='word_1_327' title='bbox 593 2425 738 2467; x_wconf 88' lang='lat' dir='ltr'><strong>sum.</strong></span> 
     </span>
    </p>
   </div>
   <div class='ocr_carea' id='block_1_43' title="bbox 959 2526 1343 2582">
    <p class='ocr_par' dir='ltr' id='par_1_43' title="bbox 959 2526 1343 2582">
     <span class='ocr_line' id='line_1_43' title="bbox 959 2526 1343 2582; baseline -0.008 -1"><span class='ocrx_word' id='word_1_328' title='bbox 959 2526 1215 2582; x_wconf 81' lang='grc' dir='ltr'><strong>ΚΕΦᾹΛ.</strong></span> <span class='ocrx_word' id='word_1_329' title='bbox 1258 2527 1343 2580; x_wconf 83' lang='grc' dir='ltr'><strong>Η’.</strong></span> 
     </span>
    </p>
   </div>
   <div class='ocr_carea' id='block_1_44' title="bbox 680 2618 1606 2690">
    <p class='ocr_par' dir='ltr' id='par_1_44' title="bbox 680 2618 1606 2690">
     <span class='ocr_line' id='line_1_44' title="bbox 680 2618 1606 2690; baseline -0.001 -14"><span class='ocrx_word' id='word_1_330' title='bbox 680 2620 823 2690; x_wconf 80' lang='grc' dir='ltr'>Περὶ</span> <span class='ocrx_word' id='word_1_331' title='bbox 853 2618 1193 2676; x_wconf 78' lang='grc' dir='ltr'>καθολικῶν</span> <span class='ocrx_word' id='word_1_332' title='bbox 1221 2618 1606 2689; x_wconf 75' lang='grc' dir='ltr'><strong>παθημάτων.</strong></span> 
     </span>
    </p>
   </div>
   <div class='ocr_carea' id='block_1_45' title="bbox 411 2731 1947 2803">
    <p class='ocr_par' dir='ltr' id='par_1_45' title="bbox 411 2731 1947 2803">
     <span class='ocr_line' id='line_1_45' title="bbox 411 2731 1947 2803; baseline 0 -17"><span class='ocrx_word' id='word_1_333' title='bbox 411 2734 507 2795; x_wconf 79' lang='grc' dir='ltr'>Ἐς</span> <span class='ocrx_word' id='word_1_334' title='bbox 536 2732 621 2786; x_wconf 74' lang='grc' dir='ltr'>ἔτι</span> <span class='ocrx_word' id='word_1_335' title='bbox 640 2731 932 2787; x_wconf 86' lang='grc' dir='ltr'>’1ουστίνου</span> <span class='ocrx_word' id='word_1_336' title='bbox 965 2732 1065 2802; x_wconf 85' lang='grc' dir='ltr'>τὴν</span> <span class='ocrx_word' id='word_1_337' title='bbox 1083 2731 1465 2803; x_wconf 80' lang='grc' dir='ltr'>αὐτοκράτορα</span> <span class='ocrx_word' id='word_1_338' title='bbox 1493 2731 1825 2795; x_wconf 74' lang='grc' dir='ltr'>διιθύνοντος</span> <span class='ocrx_word' id='word_1_339' title='bbox 1849 2732 1947 2801; x_wconf 84' lang='grc' dir='ltr'>ἀρ-</span> 
     </span>
    </p>
   </div>
   <div class='ocr_carea' id='block_1_46' title="bbox 336 2823 1946 2897">
    <p class='ocr_par' dir='ltr' id='par_1_46' title="bbox 336 2823 1946 2897">
     <span class='ocr_line' id='line_1_46' title="bbox 336 2823 1946 2897; baseline -0.003 -16"><span class='ocrx_word' id='word_1_340' title='bbox 336 2827 463 2897; x_wconf 79' lang='grc' dir='ltr'><strong>χὴν,</strong></span> <span class='ocrx_word' id='word_1_341' title='bbox 495 2841 557 2880; x_wconf 83' lang='grc' dir='ltr'><strong>το</strong></span> <span class='ocrx_word' id='word_1_342' title='bbox 609 2824 707 2878; x_wconf 80' lang='grc' dir='ltr'>νῦν</span> <span class='ocrx_word' id='word_1_343' title='bbox 753 2824 853 2895; x_wconf 72' lang='grc' dir='ltr'><strong>μὲ)</strong></span> <span class='ocrx_word' id='word_1_344' title='bbox 899 2823 1229 2896; x_wconf 75' lang='grc' dir='ltr'>Δυρράχιον,</span> <span class='ocrx_word' id='word_1_345' title='bbox 1258 2824 1589 2892; x_wconf 83' lang='grc' dir='ltr'>Ἐπίδαμνος</span> <span class='ocrx_word' id='word_1_346' title='bbox 1641 2824 1699 2877; x_wconf 80' lang='grc' dir='ltr'>δὲ</span> <span class='ocrx_word' id='word_1_347' title='bbox 1752 2823 1946 2889; x_wconf 86' lang='grc' dir='ltr'>πάλαι,</span> 
     </span>
    </p>
   </div>
   <div class='ocr_carea' id='block_1_47' title="bbox 343 2915 1940 2986">
    <p class='ocr_par' dir='ltr' id='par_1_47' title="bbox 343 2915 1940 2986">
     <span class='ocr_line' id='line_1_47' title="bbox 343 2915 1940 2986; baseline -0.003 -13"><span class='ocrx_word' id='word_1_348' title='bbox 343 2917 619 2973; x_wconf 79' lang='grc' dir='ltr'>πέπονθεν</span> <span class='ocrx_word' id='word_1_349' title='bbox 644 2917 751 2977; x_wconf 73' lang='grc' dir='ltr'><strong>ὑπὸ</strong></span> <span class='ocrx_word' id='word_1_350' title='bbox 780 2916 971 2969; x_wconf 76' lang='grc' dir='ltr'>κλόνου</span> <span class='ocrx_word' id='word_1_351' title='bbox 993 2916 1092 2986; x_wconf 80' lang='grc' dir='ltr'>τῆς</span> <span class='ocrx_word' id='word_1_352' title='bbox 1125 2916 1250 2986; x_wconf 84' lang='grc' dir='ltr'>γῆς.</span> <span class='ocrx_word' id='word_1_353' title='bbox 1294 2915 1573 2981; x_wconf 82' lang='grc' dir='ltr'>Ὡσαύτως</span> <span class='ocrx_word' id='word_1_354' title='bbox 1605 2916 1661 2969; x_wconf 84' lang='grc' dir='ltr'>δὲ</span> <span class='ocrx_word' id='word_1_355' title='bbox 1702 2917 1798 2969; x_wconf 77' lang='grc' dir='ltr'>καὶ</span> <span class='ocrx_word' id='word_1_356' title='bbox 1827 2917 1940 2970; x_wconf 84' lang='grc' dir='ltr'><strong>Κό-</strong></span> 
     </span>
    </p>
   </div>
   <div class='ocr_carea' id='block_1_48' title="bbox 343 3003 1943 3082">
    <p class='ocr_par' dir='ltr' id='par_1_48' title="bbox 343 3003 1943 3082">
     <span class='ocr_line' id='line_1_48' title="bbox 343 3003 1943 3082; baseline -0.001 -18"><span class='ocrx_word' id='word_1_357' title='bbox 343 3011 526 3082; x_wconf 81' lang='grc' dir='ltr'>ρινθος</span> <span class='ocrx_word' id='word_1_358' title='bbox 546 3010 639 3064; x_wconf 75' lang='grc' dir='ltr'><strong>ἐπὶ</strong></span> <span class='ocrx_word' id='word_1_359' title='bbox 663 3011 761 3080; x_wconf 79' lang='grc' dir='ltr'>τῆς</span> <span class='ocrx_word' id='word_1_360' title='bbox 793 3008 1045 3072; x_wconf 66' lang='grc' dir='ltr'>Ἑλλάδος</span> <span class='ocrx_word' id='word_1_361' title='bbox 1065 3009 1319 3079; x_wconf 79' lang='grc' dir='ltr'><strong>κειμένη,</strong></span> <span class='ocrx_word' id='word_1_362' title='bbox 1342 3003 1462 3061; x_wconf 74' lang='grc' dir='ltr'>εἶτα</span> <span class='ocrx_word' id='word_1_363' title='bbox 1483 3009 1578 3062; x_wconf 76' lang='grc' dir='ltr'>καὶ</span> <span class='ocrx_word' id='word_1_364' title='bbox 1601 3007 1943 3078; x_wconf 77' lang='grc' dir='ltr'>Ἀνάζαρὸος</span> 
     </span>
    </p>
   </div>
   <div class='ocr_carea' id='block_1_49' title="bbox 337 3100 1945 3173">
    <p class='ocr_par' dir='ltr' id='par_1_49' title="bbox 337 3100 1945 3173">
     <span class='ocr_line' id='line_1_49' title="bbox 337 3100 1945 3173; baseline -0.001 -18"><span class='ocrx_word' id='word_1_365' title='bbox 337 3105 400 3156; x_wconf 81' lang='grc' dir='ltr'>τὸ</span> <span class='ocrx_word' id='word_1_366' title='bbox 428 3103 695 3172; x_wconf 73' lang='grc' dir='ltr'>τέταρτον</span> <span class='ocrx_word' id='word_1_367' title='bbox 723 3100 916 3166; x_wconf 83' lang='grc' dir='ltr'>πάθος,</span> <span class='ocrx_word' id='word_1_368' title='bbox 944 3100 979 3173; x_wconf 76' lang='grc' dir='ltr'><strong>ἢ</strong></span> <span class='ocrx_word' id='word_1_369' title='bbox 1001 3101 1097 3154; x_wconf 83' lang='grc' dir='ltr'>τοῦ</span> <span class='ocrx_word' id='word_1_370' title='bbox 1120 3101 1375 3172; x_wconf 84' lang='grc' dir='ltr'>δευτέρου</span> <span class='ocrx_word' id='word_1_371' title='bbox 1400 3100 1510 3156; x_wconf 83' lang='grc' dir='ltr'>τῶν</span> <span class='ocrx_word' id='word_1_372' title='bbox 1537 3100 1778 3154; x_wconf 80' lang='grc' dir='ltr'>Κιλίκων</span> <span class='ocrx_word' id='word_1_373' title='bbox 1798 3102 1945 3171; x_wconf 81' lang='grc' dir='ltr'>ἡγεῖ-</span> 
     </span>
    </p>
   </div>
   <div class='ocr_carea' id='block_1_50' title="bbox 338 3193 1945 3264">
    <p class='ocr_par' dir='ltr' id='par_1_50' title="bbox 338 3193 1945 3264">
     <span class='ocr_line' id='line_1_50' title="bbox 338 3193 1945 3264; baseline -0.001 -16"><span class='ocrx_word' id='word_1_374' title='bbox 338 3213 430 3250; x_wconf 75' lang='grc' dir='ltr'><strong>ται</strong></span> <span class='ocrx_word' id='word_1_375' title='bbox 469 3195 662 3258; x_wconf 80' lang='grc' dir='ltr'><strong>ἔθνους</strong></span> <span class='ocrx_word' id='word_1_376' title='bbox 682 3213 694 3225; x_wconf 88' lang='grc'><strong>·</strong></span> <span class='ocrx_word' id='word_1_377' title='bbox 730 3193 797 3258; x_wconf 77' lang='grc' dir='ltr'>ἃς</span> <span class='ocrx_word' id='word_1_378' title='bbox 823 3196 852 3248; x_wconf 90' lang='lat'><strong>6</strong></span> <span class='ocrx_word' id='word_1_379' title='bbox 873 3195 1163 3256; x_wconf 82' lang='grc' dir='ltr'>Ἰουστῖνος</span> <span class='ocrx_word' id='word_1_380' title='bbox 1198 3193 1415 3256; x_wconf 80' lang='grc' dir='ltr'>πολλοῖς</span> <span class='ocrx_word' id='word_1_381' title='bbox 1440 3193 1783 3262; x_wconf 80' lang='grc' dir='ltr'><strong>ἀνεκτήσατο</strong></span> <span class='ocrx_word' id='word_1_382' title='bbox 1806 3194 1945 3264; x_wconf 87' lang='grc' dir='ltr'>χρή-</span> 
     </span>
    </p>
   </div>
   <div class='ocr_carea' id='block_1_51' title="bbox 2671 2520 3010 2577">
    <p class='ocr_par' dir='ltr' id='par_1_51' title="bbox 2671 2520 3010 2577">
     <span class='ocr_line' id='line_1_51' title="bbox 2671 2520 3010 2577; baseline -0.006 0"><span class='ocrx_word' id='word_1_383' title='bbox 2671 2520 2826 2577; x_wconf 85' lang='lat' dir='ltr'><strong>CAP.</strong></span> <span class='ocrx_word' id='word_1_384' title='bbox 2870 2520 3010 2575; x_wconf 78' lang='lat' dir='ltr'><strong>Vill.</strong></span> 
     </span>
    </p>
   </div>
   <div class='ocr_carea' id='block_1_52' title="bbox 2398 2611 3285 2668">
    <p class='ocr_par' dir='ltr' id='par_1_52' title="bbox 2398 2611 3285 2668">
     <span class='ocr_line' id='line_1_52' title="bbox 2398 2611 3285 2668; baseline -0.003 -2"><span class='ocrx_word' id='word_1_385' title='bbox 2398 2611 2478 2666; x_wconf 86' lang='lat' dir='ltr'><strong>De</strong></span> <span class='ocrx_word' id='word_1_386' title='bbox 2508 2614 2666 2668; x_wconf 84' lang='lat' dir='ltr'><strong>totius</strong></span> <span class='ocrx_word' id='word_1_387' title='bbox 2697 2612 2835 2668; x_wconf 86' lang='lat' dir='ltr'><strong>orbis</strong></span> <span class='ocrx_word' id='word_1_388' title='bbox 2866 2612 3285 2667; x_wconf 73' lang='lat' dir='ltr'><strong>calamitatibus.</strong></span> 
     </span>
    </p>
   </div>
   <div class='ocr_carea' id='block_1_53' title="bbox 2115 2726 3639 2798">
    <p class='ocr_par' dir='ltr' id='par_1_53' title="bbox 2115 2726 3639 2798">
     <span class='ocr_line' id='line_1_53' title="bbox 2115 2726 3639 2798; baseline 0.003 -17"><span class='ocrx_word' id='word_1_389' title='bbox 2115 2726 2323 2782; x_wconf 87' lang='lat' dir='ltr'><strong>Eodem</strong></span> <span class='ocrx_word' id='word_1_390' title='bbox 2364 2727 2584 2783; x_wconf 82' lang='lat' dir='ltr'><strong>Justino</strong></span> <span class='ocrx_word' id='word_1_391' title='bbox 2618 2727 2913 2798; x_wconf 91' lang='lat' dir='ltr'><strong>imperium</strong></span> <span class='ocrx_word' id='word_1_392' title='bbox 2954 2727 3266 2781; x_wconf 82' lang='lat' dir='ltr'><strong>Romanum</strong></span> <span class='ocrx_word' id='word_1_393' title='bbox 3306 2727 3489 2784; x_wconf 87' lang='lat' dir='ltr'><strong>adhuc</strong></span> <span class='ocrx_word' id='word_1_394' title='bbox 3536 2728 3639 2785; x_wconf 88' lang='lat' dir='ltr'><strong>ad-</strong></span> 
     </span>
    </p>
   </div>
   <div class='ocr_carea' id='block_1_54' title="bbox 2046 2818 3640 2891">
    <p class='ocr_par' dir='ltr' id='par_1_54' title="bbox 2046 2818 3640 2891">
     <span class='ocr_line' id='line_1_54' title="bbox 2046 2818 3640 2891; baseline 0.002 -18"><span class='ocrx_word' id='word_1_395' title='bbox 2046 2818 2425 2884; x_wconf 87' lang='lat' dir='ltr'><strong>ministrante,</strong></span> <span class='ocrx_word' id='word_1_396' title='bbox 2456 2819 2590 2874; x_wconf 87' lang='lat' dir='ltr'><strong>urbs</strong></span> <span class='ocrx_word' id='word_1_397' title='bbox 2611 2819 2976 2891; x_wconf 85' lang='lat' dir='ltr'><strong>Dyrrachium</strong></span> <span class='ocrx_word' id='word_1_398' title='bbox 3001 2834 3125 2889; x_wconf 71' lang='lat' dir='ltr'><strong>qua:</strong></span> <span class='ocrx_word' id='word_1_399' title='bbox 3144 2819 3275 2873; x_wconf 87' lang='lat' dir='ltr'><strong>olim</strong></span> <span class='ocrx_word' id='word_1_400' title='bbox 3300 2818 3640 2887; x_wconf 77' lang='lat' dir='ltr'><strong>Epidamnus</strong></span> 
     </span>
    </p>
   </div>
   <div class='ocr_carea' id='block_1_55' title="bbox 2044 2905 3642 2972">
    <p class='ocr_par' dir='ltr' id='par_1_55' title="bbox 2044 2905 3642 2972">
     <span class='ocr_line' id='line_1_55' title="bbox 2044 2905 3642 2972; baseline 0.004 -12"><span class='ocrx_word' id='word_1_401' title='bbox 2044 2905 2364 2972; x_wconf 87' lang='lat' dir='ltr'><strong>dicebatur,</strong></span> <span class='ocrx_word' id='word_1_402' title='bbox 2415 2917 2576 2964; x_wconf 81' lang='lat' dir='ltr'><strong>teme</strong></span> <span class='ocrx_word' id='word_1_403' title='bbox 2632 2917 2784 2963; x_wconf 90' lang='lat' dir='ltr'><strong>motu</strong></span> <span class='ocrx_word' id='word_1_404' title='bbox 2832 2908 3100 2963; x_wconf 83' lang='lat' dir='ltr'><strong>subversa</strong></span> <span class='ocrx_word' id='word_1_405' title='bbox 3144 2917 3247 2964; x_wconf 90' lang='lat' dir='ltr'><strong>est.</strong></span> <span class='ocrx_word' id='word_1_406' title='bbox 3273 2908 3543 2965; x_wconf 90' lang='lat' dir='ltr'><strong>Similiter</strong></span> <span class='ocrx_word' id='word_1_407' title='bbox 3583 2921 3642 2967; x_wconf 88' lang='lat' dir='ltr'><strong>et</strong></span> 
     </span>
    </p>
   </div>
   <div class='ocr_carea' id='block_1_56' title="bbox 2044 2998 3645 3073">
    <p class='ocr_par' dir='ltr' id='par_1_56' title="bbox 2044 2998 3645 3073">
     <span class='ocr_line' id='line_1_56' title="bbox 2044 2998 3645 3073; baseline 0.002 -18"><span class='ocrx_word' id='word_1_408' title='bbox 2044 2998 2369 3065; x_wconf 85' lang='lat' dir='ltr'><strong>Corinthus,</strong></span> <span class='ocrx_word' id='word_1_409' title='bbox 2403 3016 2525 3070; x_wconf 65' lang='lat' dir='ltr'><strong>quas</strong></span> <span class='ocrx_word' id='word_1_410' title='bbox 2555 3000 2660 3057; x_wconf 90' lang='lat' dir='ltr'><strong>sita</strong></span> <span class='ocrx_word' id='word_1_411' title='bbox 2686 3009 2771 3057; x_wconf 87' lang='lat' dir='ltr'><strong>est</strong></span> <span class='ocrx_word' id='word_1_412' title='bbox 2798 3000 2854 3055; x_wconf 91' lang='lat' dir='ltr'><strong>in</strong></span> <span class='ocrx_word' id='word_1_413' title='bbox 2890 3000 3121 3056; x_wconf 85' lang='lat' dir='ltr'><strong>Achaia.</strong></span> <span class='ocrx_word' id='word_1_414' title='bbox 3155 3001 3479 3057; x_wconf 82' lang='lat' dir='ltr'><strong>Anazarbus</strong></span> <span class='ocrx_word' id='word_1_415' title='bbox 3506 3019 3645 3073; x_wconf 88' lang='lat' dir='ltr'><strong>quo-</strong></span> 
     </span>
    </p>
   </div>
   <div class='ocr_carea' id='block_1_57' title="bbox 2046 3091 3645 3165">
    <p class='ocr_par' dir='ltr' id='par_1_57' title="bbox 2046 3091 3645 3165">
     <span class='ocr_line' id='line_1_57' title="bbox 2046 3091 3645 3165; baseline 0.004 -21"><span class='ocrx_word' id='word_1_416' title='bbox 2046 3106 2176 3161; x_wconf 90' lang='lat' dir='ltr'><strong>que,</strong></span> <span class='ocrx_word' id='word_1_417' title='bbox 2225 3091 2547 3160; x_wconf 89' lang='lat' dir='ltr'><strong>metropolis</strong></span> <span class='ocrx_word' id='word_1_418' title='bbox 2576 3091 2835 3149; x_wconf 77' lang='lat' dir='ltr'><strong>secundae</strong></span> <span class='ocrx_word' id='word_1_419' title='bbox 2867 3091 3104 3158; x_wconf 70' lang='lat' dir='ltr'><strong>Ciciliaa;</strong></span> <span class='ocrx_word' id='word_1_420' title='bbox 3137 3104 3334 3161; x_wconf 85' lang='lat' dir='ltr'><strong>quarto</strong></span> <span class='ocrx_word' id='word_1_421' title='bbox 3372 3093 3426 3148; x_wconf 90' lang='lat' dir='ltr'><strong>id</strong></span> <span class='ocrx_word' id='word_1_422' title='bbox 3468 3110 3645 3165; x_wconf 79' lang='lat' dir='ltr'><strong>genus</strong></span> 
     </span>
    </p>
   </div>
   <div class='ocr_carea' id='block_1_58' title="bbox 2046 3180 3643 3254">
    <p class='ocr_par' dir='ltr' id='par_1_58' title="bbox 2046 3180 3643 3254">
     <span class='ocr_line' id='line_1_58' title="bbox 2046 3180 3643 3254; baseline 0.004 -19"><span class='ocrx_word' id='word_1_423' title='bbox 2046 3180 2376 3237; x_wconf 86' lang='lat' dir='ltr'><strong>calamitatis</strong></span> <span class='ocrx_word' id='word_1_424' title='bbox 2430 3191 2679 3252; x_wconf 81' lang='lat' dir='ltr'><strong>experta.</strong></span> <span class='ocrx_word' id='word_1_425' title='bbox 2738 3182 2848 3237; x_wconf 88' lang='lat' dir='ltr'><strong>Eas</strong></span> <span class='ocrx_word' id='word_1_426' title='bbox 2902 3184 3074 3238; x_wconf 89' lang='lat' dir='ltr'><strong>urbes</strong></span> <span class='ocrx_word' id='word_1_427' title='bbox 3130 3183 3383 3239; x_wconf 82' lang='lat' dir='ltr'><strong>Justinus</strong></span> <span class='ocrx_word' id='word_1_428' title='bbox 3445 3200 3643 3254; x_wconf 86' lang='lat' dir='ltr'><strong>magna</strong></span> 
     </span>
    </p>
   </div>
   <div class='ocr_carea' id='block_1_59' title="bbox 342 3274 1944 3358">
    <p class='ocr_par' dir='ltr' id='par_1_59' title="bbox 342 3274 1943 3358">
     <span class='ocr_line' id='line_1_59' title="bbox 342 3274 1943 3358; baseline -0.002 -16"><span class='ocrx_word' id='word_1_429' title='bbox 342 3306 501 3358; x_wconf 82' lang='grc' dir='ltr'>μασι.</span> <span class='ocrx_word' id='word_1_430' title='bbox 527 3290 688 3341; x_wconf 78' lang='grc' dir='ltr'><strong>Κατᾶ</strong></span> <span class='ocrx_word' id='word_1_431' title='bbox 712 3289 839 3351; x_wconf 85' lang='grc' dir='ltr'>τοὺς</span> <span class='ocrx_word' id='word_1_432' title='bbox 879 3287 1080 3350; x_wconf 80' lang='grc' dir='ltr'>αὐτοὺς</span> <span class='ocrx_word' id='word_1_433' title='bbox 1112 3274 1343 3357; x_wconf 77' lang='grc' dir='ltr'>χρόνους</span> <span class='ocrx_word' id='word_1_434' title='bbox 1377 3286 1473 3339; x_wconf 64' lang='grc' dir='ltr'>καὶ</span> <span class='ocrx_word' id='word_1_435' title='bbox 1504 3287 1535 3355; x_wconf 85' lang='grc' dir='ltr'>ἠ</span> <span class='ocrx_word' id='word_1_436' title='bbox 1575 3286 1810 3339; x_wconf 83' lang='grc' dir='ltr'>Ἔδεσσα</span> <span class='ocrx_word' id='word_1_437' title='bbox 1845 3287 1943 3339; x_wconf 80' lang='grc' dir='ltr'><strong>πό-</strong></span> 
     </span>
    </p>
   </div>
   <div class='ocr_carea' id='block_1_60' title="bbox 2051 3274 3643 3358">
    <p class='ocr_par' dir='ltr' id='par_1_60' title="bbox 2051 3275 3643 3350">
     <span class='ocr_line' id='line_1_60' title="bbox 2051 3275 3643 3350; baseline 0.005 -23"><span class='ocrx_word' id='word_1_438' title='bbox 2051 3275 2412 3344; x_wconf 86' lang='lat' dir='ltr'><strong>pecuniarum</strong></span> <span class='ocrx_word' id='word_1_439' title='bbox 2443 3277 2495 3331; x_wconf 90' lang='lat' dir='ltr'><strong>vi</strong></span> <span class='ocrx_word' id='word_1_440' title='bbox 2542 3286 2762 3348; x_wconf 83' lang='lat' dir='ltr'><strong>erogata</strong></span> <span class='ocrx_word' id='word_1_441' title='bbox 2805 3278 3153 3333; x_wconf 81' lang='lat' dir='ltr'><strong>instauravit.</strong></span> <span class='ocrx_word' id='word_1_442' title='bbox 3188 3278 3384 3333; x_wconf 83' lang='lat' dir='ltr'><strong>Iisdem</strong></span> <span class='ocrx_word' id='word_1_443' title='bbox 3422 3288 3643 3350; x_wconf 83' lang='lat' dir='ltr'><strong>tempo—</strong></span> 
     </span>
    </p>
   </div>
   <div class='ocr_carea' id='block_1_61' title="bbox 340 3377 1945 3451">
    <p class='ocr_par' dir='ltr' id='par_1_61' title="bbox 340 3377 1945 3451">
     <span class='ocr_line' id='line_1_61' title="bbox 340 3377 1945 3451; baseline -0.002 -18"><span class='ocrx_word' id='word_1_444' title='bbox 340 3382 422 3445; x_wconf 83' lang='grc' dir='ltr'><strong>λις</strong></span> <span class='ocrx_word' id='word_1_445' title='bbox 451 3381 553 3451; x_wconf 82' lang='grc' dir='ltr'>τῆς</span> <span class='ocrx_word' id='word_1_446' title='bbox 577 3382 621 3413; x_wconf 80' lang='grc'><strong>⁸⁸</strong></span> <span class='ocrx_word' id='word_1_447' title='bbox 656 3379 969 3451; x_wconf 78' lang='grc' dir='ltr'>Ὀσροηνῶν</span> <span class='ocrx_word' id='word_1_448' title='bbox 1003 3380 1236 3449; x_wconf 78' lang='grc' dir='ltr'><strong>μεγίστη</strong></span> <span class='ocrx_word' id='word_1_449' title='bbox 1272 3396 1333 3432; x_wconf 89' lang='grc' dir='ltr'><strong>τε</strong></span> <span class='ocrx_word' id='word_1_450' title='bbox 1366 3380 1460 3431; x_wconf 79' lang='grc' dir='ltr'>καὶ</span> <span class='ocrx_word' id='word_1_451' title='bbox 1508 3377 1805 3447; x_wconf 66' lang='grc' dir='ltr'>εὐδαίμων,</span> <span class='ocrx_word' id='word_1_452' title='bbox 1842 3377 1945 3448; x_wconf 85' lang='grc' dir='ltr'>τῆς</span> 
     </span>
    </p>
   </div>
   <div class='ocr_carea' id='block_1_62' title="bbox 340 3469 1946 3544">
    <p class='ocr_par' dir='ltr' id='par_1_62' title="bbox 340 3469 1946 3544">
     <span class='ocr_line' id='line_1_62' title="bbox 340 3469 1946 3544; baseline -0.001 -19"><span class='ocrx_word' id='word_1_453' title='bbox 340 3474 434 3527; x_wconf 81' lang='grc' dir='ltr'><strong>τοῦ</strong></span> <span class='ocrx_word' id='word_1_454' title='bbox 460 3472 874 3544; x_wconf 67' lang='grc' dir='ltr'>παραρρέοντος</span> <span class='ocrx_word' id='word_1_455' title='bbox 908 3472 1138 3543; x_wconf 85' lang='grc' dir='ltr'>Σκίρτου</span> <span class='ocrx_word' id='word_1_456' title='bbox 1164 3471 1468 3541; x_wconf 75' lang='grc' dir='ltr'>χειμάρρου</span> <span class='ocrx_word' id='word_1_457' title='bbox 1493 3469 1649 3524; x_wconf 78' lang='grc' dir='ltr'>ὕδασι</span> <span class='ocrx_word' id='word_1_458' title='bbox 1675 3487 1946 3524; x_wconf 82' lang='grc' dir='ltr'>κατεπον-</span> 
     </span>
    </p>
   </div>
   <div class='ocr_carea' id='block_1_63' title="bbox 342 3561 1943 3634">
    <p class='ocr_par' dir='ltr' id='par_1_63' title="bbox 342 3561 1943 3634">
     <span class='ocr_line' id='line_1_63' title="bbox 342 3561 1943 3634; baseline -0.002 -15"><span class='ocrx_word' id='word_1_459' title='bbox 342 3565 489 3634; x_wconf 79' lang='grc' dir='ltr'><strong>τὼθη</strong></span> <span class='ocrx_word' id='word_1_460' title='bbox 513 3607 526 3625; x_wconf 89' lang='grc'><strong>.</strong></span> <span class='ocrx_word' id='word_1_461' title='bbox 558 3564 702 3619; x_wconf 83' lang='grc' dir='ltr'>ὥστε</span> <span class='ocrx_word' id='word_1_462' title='bbox 749 3564 846 3619; x_wconf 74' lang='grc' dir='ltr'>καὶ</span> <span class='ocrx_word' id='word_1_463' title='bbox 893 3564 966 3618; x_wconf 77' lang='grc' dir='ltr'><strong>τὰ</strong></span> <span class='ocrx_word' id='word_1_464' title='bbox 1012 3562 1185 3617; x_wconf 77' lang='grc' dir='ltr'>πολλὰ</span> <span class='ocrx_word' id='word_1_465' title='bbox 1230 3563 1337 3616; x_wconf 85' lang='grc' dir='ltr'><strong>τῶν</strong></span> <span class='ocrx_word' id='word_1_466' title='bbox 1390 3561 1711 3632; x_wconf 75' lang='grc' dir='ltr'>οἰκοδομιῶν</span> <span class='ocrx_word' id='word_1_467' title='bbox 1754 3578 1943 3632; x_wconf 88' lang='grc' dir='ltr'>παρα-</span> 
     </span>
    </p>
   </div>
   <div class='ocr_carea' id='block_1_64' title="bbox 347 3648 1945 3722">
    <p class='ocr_par' dir='ltr' id='par_1_64' title="bbox 347 3648 1945 3722">
     <span class='ocr_line' id='line_1_64' title="bbox 347 3648 1945 3722; baseline -0.001 -17"><span class='ocrx_word' id='word_1_468' title='bbox 347 3653 604 3722; x_wconf 83' lang='grc' dir='ltr'>συρῆναι.</span> <span class='ocrx_word' id='word_1_469' title='bbox 639 3651 737 3704; x_wconf 77' lang='grc' dir='ltr'>καὶ</span> <span class='ocrx_word' id='word_1_470' title='bbox 775 3650 983 3721; x_wconf 83' lang='grc' dir='ltr'>πλῆθος</span> <span class='ocrx_word' id='word_1_471' title='bbox 1015 3648 1394 3722; x_wconf 84' lang='grc' dir='ltr'>ἀναρίθμητον</span> <span class='ocrx_word' id='word_1_472' title='bbox 1422 3650 1724 3704; x_wconf 85' lang='grc' dir='ltr'>ἀπολέσθαι</span> <span class='ocrx_word' id='word_1_473' title='bbox 1755 3651 1822 3717; x_wconf 76' lang='grc'><strong>³⁸,</strong></span> <span class='ocrx_word' id='word_1_474' title='bbox 1849 3649 1945 3716; x_wconf 81' lang='grc' dir='ltr'>οὓς</span> 
     </span>
    </p>
   </div>
   <div class='ocr_carea' id='block_1_65' title="bbox 344 3741 1949 3815">
    <p class='ocr_par' dir='ltr' id='par_1_65' title="bbox 344 3741 1949 3815">
     <span class='ocr_line' id='line_1_65' title="bbox 344 3741 1949 3815; baseline -0.001 -17"><span class='ocrx_word' id='word_1_475' title='bbox 344 3746 405 3798; x_wconf 73' lang='grc' dir='ltr'>τὸ</span> <span class='ocrx_word' id='word_1_476' title='bbox 438 3742 586 3815; x_wconf 78' lang='grc' dir='ltr'>ὕδωρ</span> <span class='ocrx_word' id='word_1_477' title='bbox 618 3743 784 3797; x_wconf 82' lang='grc' dir='ltr'>λαϐὸν</span> <span class='ocrx_word' id='word_1_478' title='bbox 817 3746 893 3812; x_wconf 71' lang='grc' dir='ltr'><strong>(ω)</strong></span> <span class='ocrx_word' id='word_1_479' title='bbox 920 3742 1114 3814; x_wconf 77' lang='grc' dir='ltr'>ᾤχετο.</span> <span class='ocrx_word' id='word_1_480' title='bbox 1148 3742 1588 3812; x_wconf 80' lang='grc' dir='ltr'>Μετεκλήθησαν</span> <span class='ocrx_word' id='word_1_481' title='bbox 1623 3743 1804 3796; x_wconf 82' lang='grc' dir='ltr'>τοίνυν</span> <span class='ocrx_word' id='word_1_482' title='bbox 1841 3741 1949 3796; x_wconf 77' lang='grc' dir='ltr'>ὑπὸ</span> 
     </span>
    </p>
   </div>
   <div class='ocr_carea' id='block_1_66' title="bbox 345 3832 1948 3906">
    <p class='ocr_par' dir='ltr' id='par_1_66' title="bbox 345 3832 1948 3906">
     <span class='ocr_line' id='line_1_66' title="bbox 345 3832 1948 3906; baseline -0.001 -17"><span class='ocrx_word' id='word_1_483' title='bbox 345 3836 441 3891; x_wconf 79' lang='grc' dir='ltr'>τοῦ</span> <span class='ocrx_word' id='word_1_484' title='bbox 471 3836 642 3891; x_wconf 81' lang='grc' dir='ltr'>αὑτοῦ</span> <span class='ocrx_word' id='word_1_485' title='bbox 689 3835 986 3890; x_wconf 81' lang='grc' dir='ltr'>Ἰουστίνου</span> <span class='ocrx_word' id='word_1_486' title='bbox 1018 3837 1052 3906; x_wconf 81' lang='grc' dir='ltr'><strong>ή</strong></span> <span class='ocrx_word' id='word_1_487' title='bbox 1081 3833 1322 3889; x_wconf 86' lang='grc' dir='ltr'>Ἔδεσσα</span> <span class='ocrx_word' id='word_1_488' title='bbox 1342 3834 1438 3889; x_wconf 77' lang='grc' dir='ltr'>καὶ</span> <span class='ocrx_word' id='word_1_489' title='bbox 1468 3832 1825 3906; x_wconf 76' lang='grc' dir='ltr'>’Δνὸιζαρϐος,</span> <span class='ocrx_word' id='word_1_490' title='bbox 1851 3834 1948 3888; x_wconf 76' lang='grc' dir='ltr'>καὶ</span> 
     </span>
    </p>
   </div>
   <div class='ocr_carea' id='block_1_67' title="bbox 344 3927 1948 4003">
    <p class='ocr_par' dir='ltr' id='par_1_67' title="bbox 344 3927 1948 4003">
     <span class='ocr_line' id='line_1_67' title="bbox 344 3927 1948 4003; baseline 0.011 -20"><span class='ocrx_word' id='word_1_491' title='bbox 344 3931 556 3985; x_wconf 82' lang='grc' dir='ltr'>τούτων</span> <span class='ocrx_word' id='word_1_492' title='bbox 597 3932 837 4003; x_wconf 79' lang='grc' dir='ltr'>ἑκατέρα</span> <span class='ocrx_word' id='word_1_493' title='bbox 866 3933 934 4003; x_wconf 77' lang='grc' dir='ltr'>τῇ</span> <span class='ocrx_word' id='word_1_494' title='bbox 982 3928 1151 3984; x_wconf 79' lang='grc' dir='ltr'>αὐτοῦ</span> <span class='ocrx_word' id='word_1_495' title='bbox 1201 3927 1549 4002; x_wconf 70' lang='grc' dir='ltr'>προσηγορίᾳ</span> <span class='ocrx_word' id='word_1_496' title='bbox 1592 3929 1948 4000; x_wconf 73' lang='grc' dir='ltr'><strong>κατεκοσμή-</strong></span> 
     </span>
    </p>
   </div>
   <div class='ocr_carea' id='block_1_68' title="bbox 350 4023 547 4092">
    <p class='ocr_par' dir='ltr' id='par_1_68' title="bbox 350 4023 547 4092">
     <span class='ocr_line' id='line_1_68' title="bbox 350 4023 547 4092; baseline 0.015 -18"><span class='ocrx_word' id='word_1_497' title='bbox 350 4023 547 4092; x_wconf 82' lang='grc' dir='ltr'>θησαν.</span> 
     </span>
    </p>
   </div>
   <div class='ocr_carea' id='block_1_69' title="bbox 963 4133 1333 4188">
    <p class='ocr_par' dir='ltr' id='par_1_69' title="bbox 963 4133 1333 4188">
     <span class='ocr_line' id='line_1_69' title="bbox 963 4133 1333 4188; baseline -0.003 0"><span class='ocrx_word' id='word_1_498' title='bbox 963 4133 1219 4188; x_wconf 80' lang='grc' dir='ltr'><strong>ΚΕΦΑΛ.</strong></span> <span class='ocrx_word' id='word_1_499' title='bbox 1254 4133 1333 4187; x_wconf 86' lang='grc' dir='ltr'><strong>Θ’.</strong></span> 
     </span>
    </p>
   </div>
   <div class='ocr_carea' id='block_1_70' title="bbox 2052 3367 3645 3442">
    <p class='ocr_par' dir='ltr' id='par_1_70' title="bbox 2052 3367 3645 3442">
     <span class='ocr_line' id='line_1_70' title="bbox 2052 3367 3645 3442; baseline 0.006 -22"><span class='ocrx_word' id='word_1_500' title='bbox 2052 3367 2208 3421; x_wconf 90' lang='lat' dir='ltr'><strong>ribus</strong></span> <span class='ocrx_word' id='word_1_501' title='bbox 2236 3367 2462 3433; x_wconf 87' lang='lat' dir='ltr'><strong>Edessa,</strong></span> <span class='ocrx_word' id='word_1_502' title='bbox 2489 3368 2685 3424; x_wconf 87' lang='lat' dir='ltr'><strong>civitas</strong></span> <span class='ocrx_word' id='word_1_503' title='bbox 2712 3368 3012 3425; x_wconf 70' lang='lat' dir='ltr'><strong>Osdroena:</strong></span> <span class='ocrx_word' id='word_1_504' title='bbox 3042 3370 3277 3425; x_wconf 76' lang='lat' dir='ltr'><strong>maxima</strong></span> <span class='ocrx_word' id='word_1_505' title='bbox 3317 3381 3374 3426; x_wconf 90' lang='lat' dir='ltr'><strong>et</strong></span> <span class='ocrx_word' id='word_1_506' title='bbox 3407 3373 3645 3442; x_wconf 84' lang='lat' dir='ltr'><strong>apulen—</strong></span> 
     </span>
    </p>
   </div>
   <div class='ocr_carea' id='block_1_71' title="bbox 2052 3458 3647 3532">
    <p class='ocr_par' dir='ltr' id='par_1_71' title="bbox 2052 3458 3647 3532">
     <span class='ocr_line' id='line_1_71' title="bbox 2052 3458 3647 3532; baseline 0.005 -20"><span class='ocrx_word' id='word_1_507' title='bbox 2052 3459 2286 3523; x_wconf 88' lang='lat' dir='ltr'><strong>tissima,</strong></span> <span class='ocrx_word' id='word_1_508' title='bbox 2327 3458 2491 3514; x_wconf 88' lang='lat' dir='ltr'><strong>Scirti</strong></span> <span class='ocrx_word' id='word_1_509' title='bbox 2526 3460 2787 3516; x_wconf 85' lang='lat' dir='ltr'><strong>torrentis</strong></span> <span class='ocrx_word' id='word_1_510' title='bbox 2817 3460 2913 3531; x_wconf 87' lang='lat' dir='ltr'><strong>qui</strong></span> <span class='ocrx_word' id='word_1_511' title='bbox 2940 3477 3061 3516; x_wconf 91' lang='lat' dir='ltr'><strong>eam</strong></span> <span class='ocrx_word' id='word_1_512' title='bbox 3101 3460 3449 3532; x_wconf 62' lang='lat' dir='ltr'><strong>praeterﬂuit,</strong></span> <span class='ocrx_word' id='word_1_513' title='bbox 3483 3464 3647 3519; x_wconf 83' lang='lat' dir='ltr'><strong>inun-</strong></span> 
     </span>
    </p>
   </div>
   <div class='ocr_carea' id='block_1_72' title="bbox 2051 3547 3643 3623">
    <p class='ocr_par' dir='ltr' id='par_1_72' title="bbox 2051 3547 3643 3623">
     <span class='ocr_line' id='line_1_72' title="bbox 2051 3547 3643 3623; baseline 0.006 -21"><span class='ocrx_word' id='word_1_514' title='bbox 2051 3547 2275 3603; x_wconf 89' lang='lat' dir='ltr'><strong>datione</strong></span> <span class='ocrx_word' id='word_1_515' title='bbox 2326 3549 2614 3605; x_wconf 89' lang='lat' dir='ltr'><strong>submersa</strong></span> <span class='ocrx_word' id='word_1_516' title='bbox 2658 3558 2783 3606; x_wconf 89' lang='lat' dir='ltr'><strong>est:</strong></span> <span class='ocrx_word' id='word_1_517' title='bbox 2830 3551 2970 3607; x_wconf 89' lang='lat' dir='ltr'><strong>adeo</strong></span> <span class='ocrx_word' id='word_1_518' title='bbox 3006 3560 3066 3615; x_wconf 84' lang='lat' dir='ltr'><strong>ut</strong></span> <span class='ocrx_word' id='word_1_519' title='bbox 3109 3552 3345 3622; x_wconf 88' lang='lat' dir='ltr'><strong>plurima</strong></span> <span class='ocrx_word' id='word_1_520' title='bbox 3387 3553 3643 3623; x_wconf 79' lang='lat' dir='ltr'><strong>aediﬁcia,</strong></span> 
     </span>
    </p>
   </div>
   <div class='ocr_carea' id='block_1_73' title="bbox 2049 3644 3643 3722">
    <p class='ocr_par' dir='ltr' id='par_1_73' title="bbox 2049 3644 3643 3722">
     <span class='ocr_line' id='line_1_73' title="bbox 2049 3644 3643 3722; baseline 0.006 -24"><span class='ocrx_word' id='word_1_521' title='bbox 2049 3652 2106 3700; x_wconf 89' lang='lat' dir='ltr'><strong>et</strong></span> <span class='ocrx_word' id='word_1_522' title='bbox 2136 3644 2558 3702; x_wconf 89' lang='lat' dir='ltr'><strong>innumerabilis</strong></span> <span class='ocrx_word' id='word_1_523' title='bbox 2599 3648 2888 3704; x_wconf 90' lang='lat' dir='ltr'><strong>hominum</strong></span> <span class='ocrx_word' id='word_1_524' title='bbox 2931 3648 3251 3714; x_wconf 88' lang='lat' dir='ltr'><strong>multitudo,</strong></span> <span class='ocrx_word' id='word_1_525' title='bbox 3283 3666 3552 3722; x_wconf 89' lang='lat' dir='ltr'><strong>aquarum</strong></span> <span class='ocrx_word' id='word_1_526' title='bbox 3589 3654 3643 3708; x_wconf 89' lang='lat' dir='ltr'><strong>vi</strong></span> 
     </span>
    </p>
   </div>
   <div class='ocr_carea' id='block_1_74' title="bbox 2045 3738 3645 3815">
    <p class='ocr_par' dir='ltr' id='par_1_74' title="bbox 2045 3738 3645 3815">
     <span class='ocr_line' id='line_1_74' title="bbox 2045 3738 3645 3815; baseline 0.006 -24"><span class='ocrx_word' id='word_1_527' title='bbox 2045 3738 2295 3808; x_wconf 82' lang='lat' dir='ltr'><strong>abrepta,</strong></span> <span class='ocrx_word' id='word_1_528' title='bbox 2325 3738 2576 3796; x_wconf 82' lang='lat' dir='ltr'><strong>funditus</strong></span> <span class='ocrx_word' id='word_1_529' title='bbox 2608 3741 2949 3797; x_wconf 89' lang='lat' dir='ltr'><strong>interierint.</strong></span> <span class='ocrx_word' id='word_1_530' title='bbox 2980 3740 3200 3797; x_wconf 65' lang='lat' dir='ltr'><strong>Edessae</strong></span> <span class='ocrx_word' id='word_1_531' title='bbox 3224 3743 3451 3812; x_wconf 87' lang='lat' dir='ltr'><strong>quidem</strong></span> <span class='ocrx_word' id='word_1_532' title='bbox 3476 3753 3645 3815; x_wconf 84' lang='lat' dir='ltr'><strong>atque</strong></span> 
     </span>
    </p>
   </div>
   <div class='ocr_carea' id='block_1_75' title="bbox 2045 3829 3637 3906">
    <p class='ocr_par' dir='ltr' id='par_1_75' title="bbox 2045 3829 3637 3906">
     <span class='ocr_line' id='line_1_75' title="bbox 2045 3829 3637 3906; baseline 0.008 -23"><span class='ocrx_word' id='word_1_533' title='bbox 2045 3829 2334 3885; x_wconf 84' lang='lat' dir='ltr'><strong>Anazarbo</strong></span> <span class='ocrx_word' id='word_1_534' title='bbox 2410 3829 2667 3889; x_wconf 82' lang='lat' dir='ltr'><strong>JuSIinus</strong></span> <span class='ocrx_word' id='word_1_535' title='bbox 2742 3832 3042 3906; x_wconf 80' lang='lat' dir='ltr'><strong>pristinum</strong></span> <span class='ocrx_word' id='word_1_536' title='bbox 3104 3849 3306 3891; x_wconf 90' lang='lat' dir='ltr'><strong>nomen</strong></span> <span class='ocrx_word' id='word_1_537' title='bbox 3378 3838 3637 3895; x_wconf 82' lang='lat' dir='ltr'><strong>mutavit.</strong></span> 
     </span>
    </p>
   </div>
   <div class='ocr_carea' id='block_1_76' title="bbox 2046 3922 3644 4000">
    <p class='ocr_par' dir='ltr' id='par_1_76' title="bbox 2046 3922 3644 4000">
     <span class='ocr_line' id='line_1_76' title="bbox 2046 3922 3644 4000; baseline 0.006 -22"><span class='ocrx_word' id='word_1_538' title='bbox 2046 3922 2352 3994; x_wconf 88' lang='lat' dir='ltr'><strong>Utramque</strong></span> <span class='ocrx_word' id='word_1_539' title='bbox 2384 3926 2535 3981; x_wconf 90' lang='lat' dir='ltr'><strong>enim</strong></span> <span class='ocrx_word' id='word_1_540' title='bbox 2568 3942 2638 3981; x_wconf 70' lang='lat' dir='ltr'><strong>ex</strong></span> <span class='ocrx_word' id='word_1_541' title='bbox 2670 3942 2772 3983; x_wconf 91' lang='lat' dir='ltr'><strong>suo</strong></span> <span class='ocrx_word' id='word_1_542' title='bbox 2802 3928 3026 3984; x_wconf 87' lang='lat' dir='ltr'><strong>nomine</strong></span> <span class='ocrx_word' id='word_1_543' title='bbox 3056 3926 3452 4000; x_wconf 83' lang='lat' dir='ltr'><strong>Justinopolim</strong></span> <span class='ocrx_word' id='word_1_544' title='bbox 3481 3931 3644 3987; x_wconf 88' lang='lat' dir='ltr'><strong>dein-</strong></span> 
     </span>
    </p>
   </div>
   <div class='ocr_carea' id='block_1_77' title="bbox 2046 4017 2680 4090">
    <p class='ocr_par' dir='ltr' id='par_1_77' title="bbox 2046 4017 2680 4090">
     <span class='ocr_line' id='line_1_77' title="bbox 2046 4017 2680 4090; baseline 0.005 -20"><span class='ocrx_word' id='word_1_545' title='bbox 2046 4030 2176 4086; x_wconf 88' lang='lat' dir='ltr'><strong>ceps</strong></span> <span class='ocrx_word' id='word_1_546' title='bbox 2199 4017 2463 4087; x_wconf 89' lang='lat' dir='ltr'><strong>appellari</strong></span> <span class='ocrx_word' id='word_1_547' title='bbox 2493 4019 2680 4090; x_wconf 87' lang='lat' dir='ltr'><strong>jussit.</strong></span> 
     </span>
    </p>
   </div>
   <div class='ocr_carea' id='block_1_78' title="bbox 2693 4134 2978 4192">
    <p class='ocr_par' dir='ltr' id='par_1_78' title="bbox 2693 4134 2978 4192">
     <span class='ocr_line' id='line_1_78' title="bbox 2693 4134 2978 4192; baseline -0.004 0"><span class='ocrx_word' id='word_1_548' title='bbox 2693 4134 2846 4192; x_wconf 84' lang='lat' dir='ltr'><strong>CAP.</strong></span> <span class='ocrx_word' id='word_1_549' title='bbox 2885 4136 2978 4192; x_wconf 80' lang='lat' dir='ltr'><strong>1X.</strong></span> 
     </span>
    </p>
   </div>
   <div class='ocr_carea' id='block_1_79' title="bbox 358 4219 1944 4299">
    <p class='ocr_par' dir='ltr' id='par_1_79' title="bbox 358 4219 1944 4299">
     <span class='ocr_line' id='line_1_79' title="bbox 358 4219 1944 4299; baseline 0 -23"><span class='ocrx_word' id='word_1_550' title='bbox 358 4221 455 4288; x_wconf 84' lang='grc' dir='ltr'>Ὠς</span> <span class='ocrx_word' id='word_1_551' title='bbox 506 4223 851 4299; x_wconf 16' lang='grc' dir='ltr'><strong>Ἰουστῖνοςῗ</strong></span> <span class='ocrx_word' id='word_1_552' title='bbox 913 4224 1002 4278; x_wconf 77' lang='grc' dir='ltr'>ἔτι</span> <span class='ocrx_word' id='word_1_553' title='bbox 1056 4222 1194 4299; x_wconf 34' lang='grc' dir='ltr'><strong>ζῶν,-</strong></span> <span class='ocrx_word' id='word_1_554' title='bbox 1237 4222 1718 4299; x_wconf 59' lang='grc' dir='ltr'>σιψϐασιλεύειν</span> <span class='ocrx_word' id='word_1_555' title='bbox 1787 4219 1944 4287; x_wconf 80' lang='grc' dir='ltr'>αὐτῷ</span> 
     </span>
    </p>
   </div>
   <div class='ocr_carea' id='block_1_80' title="bbox 2051 4219 3644 4299">
    <p class='ocr_par' dir='ltr' id='par_1_80' title="bbox 2051 4222 3644 4299">
     <span class='ocr_line' id='line_1_80' title="bbox 2051 4222 3644 4299; baseline 0.003 -23"><span class='ocrx_word' id='word_1_556' title='bbox 2051 4222 2324 4288; x_wconf 84' lang='lat' dir='ltr'><strong>Quomodo</strong></span> <span class='ocrx_word' id='word_1_557' title='bbox 2366 4225 2615 4299; x_wconf 73' lang='lat' dir='ltr'><strong>Justinus</strong></span> <span class='ocrx_word' id='word_1_558' title='bbox 2654 4229 2828 4283; x_wconf 84' lang='lat' dir='ltr'><strong>adhuc</strong></span> <span class='ocrx_word' id='word_1_559' title='bbox 2870 4231 3078 4295; x_wconf 80' lang='lat' dir='ltr'><strong>uiuens,</strong></span> <span class='ocrx_word' id='word_1_560' title='bbox 3125 4228 3387 4299; x_wconf 82' lang='lat' dir='ltr'><strong>collegam</strong></span> <span class='ocrx_word' id='word_1_561' title='bbox 3435 4228 3644 4298; x_wconf 82' lang='lat' dir='ltr'><strong>imperii</strong></span> 
     </span>
    </p>
   </div>
   <div class='ocr_carea' id='block_1_81' title="bbox 803 4294 1495 4350">
    <p class='ocr_par' dir='ltr' id='par_1_81' title="bbox 803 4294 1495 4350">
     <span class='ocr_line' id='line_1_81' title="bbox 803 4294 1495 4350; baseline -0.001 0"><span class='ocrx_word' id='word_1_562' title='bbox 803 4295 1245 4350; x_wconf 79' lang='grc' dir='ltr'><strong>Ἰουστινιανὸν</strong></span> <span class='ocrx_word' id='word_1_563' title='bbox 1276 4294 1495 4349; x_wconf 81' lang='grc' dir='ltr'>εἵλετο.</span> 
     </span>
    </p>
   </div>
   <div class='ocr_carea' id='block_1_82' title="bbox 420 4406 1952 4482">
    <p class='ocr_par' dir='ltr' id='par_1_82' title="bbox 420 4406 1952 4482">
     <span class='ocr_line' id='line_1_82' title="bbox 420 4406 1952 4482; baseline -0.005 -15"><span class='ocrx_word' id='word_1_564' title='bbox 420 4412 615 4482; x_wconf 85' lang='grc' dir='ltr'>Τούτῳ</span> <span class='ocrx_word' id='word_1_565' title='bbox 657 4411 739 4482; x_wconf 79' lang='grc' dir='ltr'><strong>τῷ</strong></span> <span class='ocrx_word' id='word_1_566' title='bbox 792 4408 1071 4478; x_wconf 85' lang='grc' dir='ltr'>Ἰουστίνῳ</span> <span class='ocrx_word' id='word_1_567' title='bbox 1101 4407 1289 4473; x_wconf 75' lang='grc' dir='ltr'>ὄγδοον</span> <span class='ocrx_word' id='word_1_568' title='bbox 1343 4407 1465 4471; x_wconf 73' lang='grc' dir='ltr'>ἔτος</span> <span class='ocrx_word' id='word_1_569' title='bbox 1519 4407 1621 4477; x_wconf 81' lang='grc' dir='ltr'>τῆς</span> <span class='ocrx_word' id='word_1_570' title='bbox 1668 4406 1952 4475; x_wconf 80' lang='grc' dir='ltr'>βασιλείας</span> 
     </span>
    </p>
   </div>
   <div class='ocr_carea' id='block_1_83' title="bbox 350 4498 1948 4574">
    <p class='ocr_par' dir='ltr' id='par_1_83' title="bbox 350 4498 1948 4574">
     <span class='ocr_line' id='line_1_83' title="bbox 350 4498 1948 4574; baseline -0.004 -14"><span class='ocrx_word' id='word_1_571' title='bbox 350 4506 538 4574; x_wconf 75' lang='grc' dir='ltr'>ἄγοντι</span> <span class='ocrx_word' id='word_1_572' title='bbox 563 4504 723 4559; x_wconf 75' lang='grc' dir='ltr'>ἐννέα</span> <span class='ocrx_word' id='word_1_573' title='bbox 759 4519 821 4556; x_wconf 87' lang='grc' dir='ltr'><strong>τε</strong></span> <span class='ocrx_word' id='word_1_574' title='bbox 860 4503 1040 4573; x_wconf 80' lang='grc' dir='ltr'>μῆνας</span> <span class='ocrx_word' id='word_1_575' title='bbox 1067 4499 1207 4570; x_wconf 83' lang='grc' dir='ltr'>πρὸς</span> <span class='ocrx_word' id='word_1_576' title='bbox 1238 4498 1418 4571; x_wconf 71' lang='grc' dir='ltr'>τρισὶν</span> <span class='ocrx_word' id='word_1_577' title='bbox 1443 4499 1679 4571; x_wconf 81' lang='grc' dir='ltr'>ἡμέραις</span> <span class='ocrx_word' id='word_1_578' title='bbox 1709 4499 1821 4569; x_wconf 73' lang='grc'><strong>(54)</strong></span> <span class='ocrx_word' id='word_1_579' title='bbox 1848 4499 1948 4570; x_wconf 84' lang='lat' dir='ltr'><strong>(y),</strong></span> 
     </span>
    </p>
   </div>
   <div class='ocr_carea' id='block_1_84' title="bbox 2486 4297 3197 4371">
    <p class='ocr_par' dir='ltr' id='par_1_84' title="bbox 2486 4297 3197 4371">
     <span class='ocr_line' id='line_1_84' title="bbox 2486 4297 3197 4371; baseline 0.003 -19"><span class='ocrx_word' id='word_1_580' title='bbox 2486 4297 2857 4353; x_wconf 71' lang='lat' dir='ltr'><strong>Iustinianum</strong></span> <span class='ocrx_word' id='word_1_581' title='bbox 2890 4300 3197 4371; x_wconf 76' lang='lat' dir='ltr'><strong>assumpsit.</strong></span> 
     </span>
    </p>
   </div>
   <div class='ocr_carea' id='block_1_85' title="bbox 2119 4412 3641 4484">
    <p class='ocr_par' dir='ltr' id='par_1_85' title="bbox 2119 4412 3641 4484">
     <span class='ocr_line' id='line_1_85' title="bbox 2119 4412 3641 4484; baseline 0 -16"><span class='ocrx_word' id='word_1_582' title='bbox 2119 4413 2296 4468; x_wconf 87' lang='lat' dir='ltr'><strong>Porro</strong></span> <span class='ocrx_word' id='word_1_583' title='bbox 2349 4427 2475 4468; x_wconf 90' lang='lat' dir='ltr'><strong>cum</strong></span> <span class='ocrx_word' id='word_1_584' title='bbox 2533 4412 2787 4468; x_wconf 84' lang='lat' dir='ltr'><strong>Justinus</strong></span> <span class='ocrx_word' id='word_1_585' title='bbox 2838 4429 3047 4469; x_wconf 90' lang='lat' dir='ltr'><strong>annum</strong></span> <span class='ocrx_word' id='word_1_586' title='bbox 3110 4413 3328 4484; x_wconf 87' lang='lat' dir='ltr'><strong>imperii</strong></span> <span class='ocrx_word' id='word_1_587' title='bbox 3382 4424 3641 4469; x_wconf 88' lang='lat' dir='ltr'><strong>octavum</strong></span> 
     </span>
    </p>
   </div>
   <div class='ocr_carea' id='block_1_86' title="bbox 2052 4500 3645 4574">
    <p class='ocr_par' dir='ltr' id='par_1_86' title="bbox 2052 4500 3645 4574">
     <span class='ocr_line' id='line_1_86' title="bbox 2052 4500 3645 4574; baseline 0.002 -18"><span class='ocrx_word' id='word_1_588' title='bbox 2052 4502 2430 4574; x_wconf 77' lang='lat' dir='ltr'><strong>transegisset,</strong></span> <span class='ocrx_word' id='word_1_589' title='bbox 2475 4516 2539 4558; x_wconf 86' lang='lat' dir='ltr'><strong>ac</strong></span> <span class='ocrx_word' id='word_1_590' title='bbox 2583 4512 2853 4573; x_wconf 71' lang='lat' dir='ltr'><strong>praeterea</strong></span> <span class='ocrx_word' id='word_1_591' title='bbox 2903 4519 3122 4561; x_wconf 89' lang='lat' dir='ltr'><strong>menses</strong></span> <span class='ocrx_word' id='word_1_592' title='bbox 3171 4519 3371 4560; x_wconf 82' lang='lat' dir='ltr'><strong>novem</strong></span> <span class='ocrx_word' id='word_1_593' title='bbox 3422 4513 3480 4559; x_wconf 90' lang='lat' dir='ltr'><strong>et</strong></span> <span class='ocrx_word' id='word_1_594' title='bbox 3523 4500 3645 4559; x_wconf 83' lang='lat' dir='ltr'><strong>dies</strong></span> 
     </span>
    </p>
   </div>
   <div class='ocr_carea' id='block_1_87' title="bbox 1644 4640 2316 4699">
    <p class='ocr_par' dir='ltr' id='par_1_87' title="bbox 1644 4640 2316 4699">
     <span class='ocr_line' id='line_1_87' title="bbox 1644 4640 2316 4699; baseline 0 0"><span class='ocrx_word' id='word_1_595' title='bbox 1644 4640 1881 4699; x_wconf 78' lang='lat' dir='ltr'><strong>VARle</strong></span> <span class='ocrx_word' id='word_1_596' title='bbox 1900 4640 2316 4699; x_wconf 79' lang='lat' dir='ltr'><strong>LECTIONES.</strong></span> 
     </span>
    </p>
   </div>
   <div class='ocr_carea' id='block_1_88' title="bbox 415 4736 1231 4796">
    <p class='ocr_par' dir='ltr' id='par_1_88' title="bbox 415 4736 1231 4796">
     <span class='ocr_line' id='line_1_88' title="bbox 415 4736 1231 4796; baseline 0.002 -3"><span class='ocrx_word' id='word_1_597' title='bbox 415 4737 617 4796; x_wconf 76' lang='grc' dir='ltr'>⁸⁸τῶν.</span> <span class='ocrx_word' id='word_1_598' title='bbox 688 4739 735 4772; x_wconf 76' lang='grc'><strong><em>⁸⁸</em></strong></span> <span class='ocrx_word' id='word_1_599' title='bbox 751 4737 815 4795; x_wconf 89' lang='lat' dir='ltr'><strong>C.</strong></span> <span class='ocrx_word' id='word_1_600' title='bbox 840 4736 904 4795; x_wconf 88' lang='lat' dir='ltr'><strong>C.</strong></span> <span class='ocrx_word' id='word_1_601' title='bbox 941 4737 1231 4795; x_wconf 77' lang='grc' dir='ltr'>ἀπολέσαι.</span> 
     </span>
    </p>
   </div>
   <div class='ocr_carea' id='block_1_89' title="bbox 1570 4826 3654 4900">
    <p class='ocr_par' dir='ltr' id='par_1_89' title="bbox 1570 4826 3654 4900">
     <span class='ocr_line' id='line_1_89' title="bbox 1570 4826 3654 4900; baseline 0.001 -17"><span class='ocrx_word' id='word_1_602' title='bbox 1570 4826 1845 4884; x_wconf 80' lang='lat' dir='ltr'><strong>VALESII</strong></span> <span class='ocrx_word' id='word_1_603' title='bbox 1878 4827 2447 4885; x_wconf 79' lang='lat' dir='ltr'><strong>ANNOTATIONES.</strong></span> <span class='ocrx_word' id='word_1_604' title='bbox 3641 4882 3654 4900; x_wconf 84' lang='lat'><strong>,</strong></span> 
     </span>
    </p>
   </div>
   <div class='ocr_carea' id='block_1_90' title="bbox 418 4918 3641 4996">
    <p class='ocr_par' dir='ltr' id='par_1_90' title="bbox 418 4918 3641 4996">
     <span class='ocr_line' id='line_1_90' title="bbox 418 4918 3641 4996; baseline -0.002 -14"><span class='ocrx_word' id='word_1_605' title='bbox 418 4927 536 4996; x_wconf 69' lang='lat'><strong>(32)</strong></span> <span class='ocrx_word' id='word_1_606' title='bbox 579 4926 815 4995; x_wconf 80' lang='grc' dir='ltr'><strong>Πάχητί</strong></span> <span class='ocrx_word' id='word_1_607' title='bbox 833 4943 898 4981; x_wconf 78' lang='grc' dir='ltr'><strong>τε</strong></span> <span class='ocrx_word' id='word_1_608' title='bbox 925 4924 1075 4983; x_wconf 79' lang='grc' dir='ltr'>ὄντι.</span> <span class='ocrx_word' id='word_1_609' title='bbox 1103 4925 1233 4982; x_wconf 54' lang='lat' dir='ltr'><strong>Haec</strong></span> <span class='ocrx_word' id='word_1_610' title='bbox 1255 4927 1430 4983; x_wconf 85' lang='lat' dir='ltr'><strong>verba</strong></span> <span class='ocrx_word' id='word_1_611' title='bbox 1454 4924 1741 4996; x_wconf 78' lang='lat' dir='ltr'><strong>Musculus</strong></span> <span class='ocrx_word' id='word_1_612' title='bbox 1764 4923 1822 4976; x_wconf 90' lang='lat' dir='ltr'><strong>in</strong></span> <span class='ocrx_word' id='word_1_613' title='bbox 1855 4921 1941 4977; x_wconf 91' lang='lat' dir='ltr'><strong>in-</strong></span> <span class='ocrx_word' id='word_1_614' title='bbox 1973 4926 2017 4980; x_wconf 85' lang='grc' dir='ltr'><strong>Ι)</strong></span> <span class='ocrx_word' id='word_1_615' title='bbox 2044 4922 2264 4996; x_wconf 83' lang='lat' dir='ltr'><strong>scribit,</strong></span> <span class='ocrx_word' id='word_1_616' title='bbox 2297 4921 2559 4996; x_wconf 74' lang='grc' dir='ltr'>Διαφέρει</span> <span class='ocrx_word' id='word_1_617' title='bbox 2590 4923 2773 4993; x_wconf 82' lang='grc' dir='ltr'>πάχης</span> <span class='ocrx_word' id='word_1_618' title='bbox 2806 4920 3148 4996; x_wconf 39' lang='grc' dir='ltr'>καὶμπαχιξς.</span> <span class='ocrx_word' id='word_1_619' title='bbox 3184 4918 3376 4996; x_wconf 78' lang='grc' dir='ltr'>Πᾲχης</span> <span class='ocrx_word' id='word_1_620' title='bbox 3403 4918 3641 4996; x_wconf 42' lang='grc' dir='ltr'>μὲν-γὰρ</span> 
     </span>
    </p>
   </div>
   <div class='ocr_carea' id='block_1_91' title="bbox 346 4995 1938 5069">
    <p class='ocr_par' dir='ltr' id='par_1_91' title="bbox 346 4995 1938 5069">
     <span class='ocr_line' id='line_1_91' title="bbox 346 4995 1938 5069; baseline -0.005 -14"><span class='ocrx_word' id='word_1_621' title='bbox 346 4995 757 5069; x_wconf 81' lang='lat' dir='ltr'><strong>terpretatione</strong></span> <span class='ocrx_word' id='word_1_622' title='bbox 798 5012 897 5069; x_wconf 76' lang='lat' dir='ltr'><strong>sua</strong></span> <span class='ocrx_word' id='word_1_623' title='bbox 954 4997 1333 5066; x_wconf 61' lang='lat' dir='ltr'><strong>praetermisit,</strong></span> <span class='ocrx_word' id='word_1_624' title='bbox 1384 4995 1938 5069; x_wconf 82' lang='lat' dir='ltr'><strong>Christophorsonus</strong></span> 
     </span>
    </p>
   </div>
   <div class='ocr_carea' id='block_1_92' title="bbox 345 5067 1938 5140">
    <p class='ocr_par' dir='ltr' id='par_1_92' title="bbox 345 5067 1938 5140">
     <span class='ocr_line' id='line_1_92' title="bbox 345 5067 1938 5140; baseline -0.004 -18"><span class='ocrx_word' id='word_1_625' title='bbox 345 5067 485 5124; x_wconf 81' lang='lat' dir='ltr'><strong>vero</strong></span> <span class='ocrx_word' id='word_1_626' title='bbox 513 5069 587 5140; x_wconf 84' lang='lat' dir='ltr'><strong>ita</strong></span> <span class='ocrx_word' id='word_1_627' title='bbox 614 5069 821 5140; x_wconf 83' lang='lat' dir='ltr'><strong>vertit:</strong></span> <span class='ocrx_word' id='word_1_628' title='bbox 855 5067 1062 5140; x_wconf 83' lang='lat' dir='ltr'><strong>Quippe</strong></span> <span class='ocrx_word' id='word_1_629' title='bbox 1079 5070 1384 5140; x_wconf 64' lang='lat' dir='ltr'><strong>cumunnis</strong></span> <span class='ocrx_word' id='word_1_630' title='bbox 1432 5067 1680 5140; x_wconf 79' lang='lat' dir='ltr'><strong>plurimis</strong></span> <span class='ocrx_word' id='word_1_631' title='bbox 1717 5075 1938 5140; x_wconf 76' lang='lat' dir='ltr'><strong>onustus</strong></span> 
     </span>
    </p>
   </div>
   <div class='ocr_carea' id='block_1_93' title="bbox 344 5135 1936 5210">
    <p class='ocr_par' dir='ltr' id='par_1_93' title="bbox 344 5135 1936 5210">
     <span class='ocr_line' id='line_1_93' title="bbox 344 5135 1936 5210; baseline -0.003 -16"><span class='ocrx_word' id='word_1_632' title='bbox 344 5142 469 5196; x_wconf 81' lang='lat' dir='ltr'><strong>sim.</strong></span> <span class='ocrx_word' id='word_1_633' title='bbox 502 5138 639 5206; x_wconf 78' lang='lat' dir='ltr'><strong>Quae</strong></span> <span class='ocrx_word' id='word_1_634' title='bbox 669 5135 1058 5210; x_wconf 81' lang='lat' dir='ltr'><strong>interpretatio</strong></span> <span class='ocrx_word' id='word_1_635' title='bbox 1089 5137 1221 5192; x_wconf 81' lang='lat' dir='ltr'><strong>ferri</strong></span> <span class='ocrx_word' id='word_1_636' title='bbox 1250 5154 1363 5194; x_wconf 92' lang='lat' dir='ltr'><strong>non</strong></span> <span class='ocrx_word' id='word_1_637' title='bbox 1409 5135 1936 5210; x_wconf 42' lang='lat' dir='ltr'><strong>potestasequitur</strong></span> 
     </span>
    </p>
   </div>
   <div class='ocr_carea' id='block_1_94' title="bbox 345 5206 1942 5279">
    <p class='ocr_par' dir='ltr' id='par_1_94' title="bbox 345 5206 1942 5279">
     <span class='ocr_line' id='line_1_94' title="bbox 345 5206 1942 5279; baseline -0.004 -15"><span class='ocrx_word' id='word_1_638' title='bbox 345 5211 497 5264; x_wconf 88' lang='lat' dir='ltr'><strong>enim</strong></span> <span class='ocrx_word' id='word_1_639' title='bbox 530 5220 577 5263; x_wconf 91' lang='lat' dir='ltr'><strong>et</strong></span> <span class='ocrx_word' id='word_1_640' title='bbox 600 5217 758 5265; x_wconf 65' lang='lat' dir='ltr'><strong>actate</strong></span> <span class='ocrx_word' id='word_1_641' title='bbox 780 5206 1065 5264; x_wconf 70' lang='lat' dir='ltr'><strong>admodum</strong></span> <span class='ocrx_word' id='word_1_642' title='bbox 1090 5218 1385 5279; x_wconf 84' lang='lat' dir='ltr'><strong>provectus.</strong></span> <span class='ocrx_word' id='word_1_643' title='bbox 1409 5206 1559 5265; x_wconf 73' lang='lat' dir='ltr'><strong>idem</strong></span> <span class='ocrx_word' id='word_1_644' title='bbox 1590 5206 1942 5279; x_wconf 71' lang='lat' dir='ltr'><strong>igitur_utro-</strong></span> 
     </span>
    </p>
   </div>
   <div class='ocr_carea' id='block_1_95' title="bbox 348 5274 1936 5351">
    <p class='ocr_par' dir='ltr' id='par_1_95' title="bbox 348 5274 1936 5351">
     <span class='ocr_line' id='line_1_95' title="bbox 348 5274 1936 5351; baseline -0.003 -18"><span class='ocrx_word' id='word_1_645' title='bbox 348 5279 519 5351; x_wconf 87' lang='lat' dir='ltr'><strong>bique</strong></span> <span class='ocrx_word' id='word_1_646' title='bbox 570 5279 785 5335; x_wconf 87' lang='lat' dir='ltr'><strong>diceret</strong></span> <span class='ocrx_word' id='word_1_647' title='bbox 833 5274 1123 5350; x_wconf 80' lang='lat' dir='ltr'><strong>Evagrius.</strong></span> <span class='ocrx_word' id='word_1_648' title='bbox 1181 5280 1438 5351; x_wconf 82' lang='grc' dir='ltr'>Πάχητας</span> <span class='ocrx_word' id='word_1_649' title='bbox 1489 5274 1690 5351; x_wconf 68' lang='lat' dir='ltr'><strong>vocant</strong></span> <span class='ocrx_word' id='word_1_650' title='bbox 1737 5274 1936 5351; x_wconf 51' lang='lat' dir='ltr'><strong>(irasci,</strong></span> 
     </span>
    </p>
   </div>
   <div class='ocr_carea' id='block_1_96' title="bbox 348 5345 1941 5421">
    <p class='ocr_par' dir='ltr' id='par_1_96' title="bbox 348 5345 1941 5421">
     <span class='ocr_line' id='line_1_96' title="bbox 348 5345 1941 5421; baseline -0.001 -18"><span class='ocrx_word' id='word_1_651' title='bbox 348 5345 608 5405; x_wconf 84' lang='lat' dir='ltr'><strong>homines</strong></span> <span class='ocrx_word' id='word_1_652' title='bbox 630 5366 851 5405; x_wconf 91' lang='lat' dir='ltr'><strong>crassos</strong></span> <span class='ocrx_word' id='word_1_653' title='bbox 884 5345 1175 5421; x_wconf 57' lang='lat' dir='ltr'><strong>et&#39;obesos</strong></span> <span class='ocrx_word' id='word_1_654' title='bbox 1202 5345 1299 5421; x_wconf 54' lang='lat' dir='ltr'><strong>ac&#39;</strong></span> <span class='ocrx_word' id='word_1_655' title='bbox 1324 5345 1586 5421; x_wconf 76' lang='lat' dir='ltr'><strong>pingues.</strong></span> <span class='ocrx_word' id='word_1_656' title='bbox 1628 5345 1789 5421; x_wconf 82' lang='lat' dir='ltr'><strong>Quod</strong></span> <span class='ocrx_word' id='word_1_657' title='bbox 1843 5362 1941 5416; x_wconf 82' lang='lat' dir='ltr'><strong>ge-</strong></span> 
     </span>
    </p>
   </div>
   <div class='ocr_carea' id='block_1_97' title="bbox 346 5417 1939 5483">
    <p class='ocr_par' dir='ltr' id='par_1_97' title="bbox 346 5417 1939 5483">
     <span class='ocr_line' id='line_1_97' title="bbox 346 5417 1939 5483; baseline -0.002 -8"><span class='ocrx_word' id='word_1_658' title='bbox 346 5435 458 5475; x_wconf 89' lang='lat' dir='ltr'><strong>nus</strong></span> <span class='ocrx_word' id='word_1_659' title='bbox 496 5421 784 5475; x_wconf 90' lang='lat' dir='ltr'><strong>hominum</strong></span> <span class='ocrx_word' id='word_1_660' title='bbox 807 5422 973 5476; x_wconf 89' lang='lat' dir='ltr'><strong>molle</strong></span> <span class='ocrx_word' id='word_1_661' title='bbox 1007 5437 1073 5477; x_wconf 89' lang='lat' dir='ltr'><strong>ac</strong></span> <span class='ocrx_word' id='word_1_662' title='bbox 1102 5417 1402 5476; x_wconf 85' lang='lat' dir='ltr'><strong>delicatum</strong></span> <span class='ocrx_word' id='word_1_663' title='bbox 1424 5417 1531 5483; x_wconf 83' lang='lat' dir='ltr'><strong>est,</strong></span> <span class='ocrx_word' id='word_1_664' title='bbox 1564 5435 1669 5475; x_wconf 88' lang='lat' dir='ltr'><strong>nec</strong></span> <span class='ocrx_word' id='word_1_665' title='bbox 1695 5417 1761 5472; x_wconf 91' lang='lat' dir='ltr'><strong>ad</strong></span> <span class='ocrx_word' id='word_1_666' title='bbox 1795 5432 1939 5472; x_wconf 89' lang='lat' dir='ltr'><strong>onus</strong></span> 
     </span>
    </p>
   </div>
   <div class='ocr_carea' id='block_1_98' title="bbox 347 5486 1937 5561">
    <p class='ocr_par' dir='ltr' id='par_1_98' title="bbox 347 5486 1937 5561">
     <span class='ocr_line' id='line_1_98' title="bbox 347 5486 1937 5561; baseline -0.003 -15"><span class='ocrx_word' id='word_1_667' title='bbox 347 5490 687 5561; x_wconf 90' lang='lat' dir='ltr'><strong>portandum</strong></span> <span class='ocrx_word' id='word_1_668' title='bbox 738 5492 1025 5548; x_wconf 89' lang='lat' dir='ltr'><strong>idoneum.</strong></span> <span class='ocrx_word' id='word_1_669' title='bbox 1079 5490 1278 5548; x_wconf 88' lang='lat' dir='ltr'><strong>Suidas</strong></span> <span class='ocrx_word' id='word_1_670' title='bbox 1322 5492 1380 5546; x_wconf 90' lang='lat' dir='ltr'><strong>in</strong></span> <span class='ocrx_word' id='word_1_671' title='bbox 1438 5506 1577 5547; x_wconf 88' lang='lat' dir='ltr'><strong>voce</strong></span> <span class='ocrx_word' id='word_1_672' title='bbox 1627 5490 1821 5558; x_wconf 63' lang='lat' dir='ltr'><strong>mysi;</strong></span> <span class='ocrx_word' id='word_1_673' title='bbox 1863 5486 1937 5542; x_wconf 90' lang='lat' dir='ltr'><strong>ita</strong></span> 
     </span>
    </p>
   </div>
   <div class='ocr_carea' id='block_1_99' title="bbox 2044 4990 3642 5063">
    <p class='ocr_par' dir='ltr' id='par_1_99' title="bbox 2044 4990 3642 5063">
     <span class='ocr_line' id='line_1_99' title="bbox 2044 4990 3642 5063; baseline 0 -17"><span class='ocrx_word' id='word_1_674' title='bbox 2044 4993 2263 5060; x_wconf 83' lang='grc' dir='ltr'>λέγεται</span> <span class='ocrx_word' id='word_1_675' title='bbox 2296 4996 2324 5047; x_wconf 92' lang='lat'><strong>6</strong></span> <span class='ocrx_word' id='word_1_676' title='bbox 2352 4990 2618 5062; x_wconf 80' lang='grc' dir='ltr'>λιπαρός·</span> <span class='ocrx_word' id='word_1_677' title='bbox 2672 4990 2867 5063; x_wconf 56' lang='grc' dir='ltr'>’παχὺς</span> <span class='ocrx_word' id='word_1_678' title='bbox 2904 4992 2962 5046; x_wconf 86' lang='grc' dir='ltr'>δὲ</span> <span class='ocrx_word' id='word_1_679' title='bbox 3011 4990 3418 5063; x_wconf 63' lang='grc' dir='ltr'>δάναίσθῃτος.</span> <span class='ocrx_word' id='word_1_680' title='bbox 3469 4990 3642 5063; x_wconf 57' lang='lat' dir='ltr'><strong>Nice-</strong></span> 
     </span>
    </p>
   </div>
   <div class='ocr_carea' id='block_1_100' title="bbox 2045 5060 3642 5136">
    <p class='ocr_par' dir='ltr' id='par_1_100' title="bbox 2045 5060 3642 5136">
     <span class='ocr_line' id='line_1_100' title="bbox 2045 5060 3642 5136; baseline -0.001 -19"><span class='ocrx_word' id='word_1_681' title='bbox 2045 5064 2265 5136; x_wconf 79' lang='lat' dir='ltr'><strong>phorus</strong></span> <span class='ocrx_word' id='word_1_682' title='bbox 2293 5060 2517 5136; x_wconf 85' lang='lat' dir='ltr'><strong>quoque</strong></span> <span class='ocrx_word' id='word_1_683' title='bbox 2549 5063 2658 5136; x_wconf 80' lang='lat' dir='ltr'><strong>hoc</strong></span> <span class='ocrx_word' id='word_1_684' title='bbox 2689 5060 2934 5136; x_wconf 63' lang='lat' dir='ltr'><strong>verbum</strong></span> <span class='ocrx_word' id='word_1_685' title='bbox 2966 5134 2974 5136; x_wconf 95' lang='lat'><em>_</em></span> <span class='ocrx_word' id='word_1_686' title='bbox 3001 5077 3112 5136; x_wconf 83' lang='lat' dir='ltr'><strong>non</strong></span> <span class='ocrx_word' id='word_1_687' title='bbox 3142 5060 3453 5136; x_wconf 69' lang='lat' dir='ltr'><strong>intellexit.</strong></span> <span class='ocrx_word' id='word_1_688' title='bbox 3505 5060 3642 5131; x_wconf 86' lang='lat' dir='ltr'><strong>Ejus</strong></span> 
     </span>
    </p>
   </div>
   <div class='ocr_carea' id='block_1_101' title="bbox 2044 5132 3642 5256">
    <p class='ocr_par' dir='ltr' id='par_1_101' title="bbox 2044 5132 3642 5256">
     <span class='ocr_line' id='line_1_101' title="bbox 2044 5132 3642 5256; baseline -0.003 -67"><span class='ocrx_word' id='word_1_689' title='bbox 2044 5132 2196 5256; x_wconf 55' lang='lat' dir='ltr'><strong>enign</strong></span> <span class='ocrx_word' id='word_1_690' title='bbox 2230 5132 2358 5189; x_wconf 79' lang='lat' dir='ltr'><strong>loco</strong></span> <span class='ocrx_word' id='word_1_691' title='bbox 2385 5132 2492 5189; x_wconf 82' lang='lat' dir='ltr'><strong>ista</strong></span> <span class='ocrx_word' id='word_1_692' title='bbox 2523 5133 2838 5200; x_wconf 81' lang='lat' dir='ltr'><strong>substituit,</strong></span> <span class='ocrx_word' id='word_1_693' title='bbox 2890 5134 2988 5187; x_wconf 75' lang='grc' dir='ltr'>καὶ</span> <span class='ocrx_word' id='word_1_694' title='bbox 3040 5133 3112 5186; x_wconf 83' lang='grc' dir='ltr'>δι’</span> <span class='ocrx_word' id='word_1_695' title='bbox 3137 5132 3352 5185; x_wconf 74' lang='grc' dir='ltr'>ἔνδειαν</span> <span class='ocrx_word' id='word_1_696' title='bbox 3407 5132 3642 5204; x_wconf 69' lang='grc' dir='ltr'>ἐκτετη-</span> 
     </span>
     <span class='ocr_line' id='line_1_102' title="bbox 2047 5222 2258 5256; baseline 0 0"><span class='ocrx_word' id='word_1_697' title='bbox 2047 5222 2130 5256; x_wconf 82' lang='grc' dir='ltr'><strong>γυ.</strong></span> <span class='ocrx_word' id='word_1_698' title='bbox 2162 5222 2258 5256; x_wconf 83' lang='grc' dir='ltr'>νω.</span> 
     </span>
    </p>
   </div>
   <div class='ocr_carea' id='block_1_102' title="bbox 2162 5222 2258 5257">
    <p class='ocr_par' dir='ltr' id='par_1_102' title="bbox 2162 5222 2258 5257">
     <span class='ocr_line' id='line_1_103' title="bbox 2162 5222 2258 5257; baseline 0.031 -3"><span class='ocrx_word' id='word_1_699' title='bbox 2162 5222 2238 5256; x_wconf 83' lang='grc' dir='ltr'>νω</span> <span class='ocrx_word' id='word_1_700' title='bbox 2245 5245 2258 5257; x_wconf 89' lang='grc'><strong>.</strong></span> 
     </span>
    </p>
   </div>
   <div class='ocr_carea' id='block_1_103' title="bbox 2047 5222 3646 5346">
    <p class='ocr_par' dir='ltr' id='par_1_103' title="bbox 2047 5222 3646 5346">
     <span class='ocr_line' id='line_1_104' title="bbox 2047 5222 3646 5346; baseline -0.001 -17"><span class='ocrx_word' id='word_1_701' title='bbox 2047 5222 2365 5346; x_wconf 48' lang='grc' dir='ltr'><strong>Ἡῖἷνέῗτος</strong></span> <span class='ocrx_word' id='word_1_702' title='bbox 2394 5273 2622 5346; x_wconf 74' lang='grc' dir='ltr'>ἔτρεχε.</span> <span class='ocrx_word' id='word_1_703' title='bbox 2665 5274 2866 5346; x_wconf 75' lang='lat' dir='ltr'><strong>Procul</strong></span> <span class='ocrx_word' id='word_1_704' title='bbox 2916 5273 3088 5329; x_wconf 91' lang='lat' dir='ltr'><strong>dubio</strong></span> <span class='ocrx_word' id='word_1_705' title='bbox 3142 5272 3504 5346; x_wconf 79' lang='lat' dir='ltr'><strong>scribendum</strong></span> <span class='ocrx_word' id='word_1_706' title='bbox 3555 5279 3646 5327; x_wconf 89' lang='lat' dir='ltr'><strong>est</strong></span> 
     </span>
    </p>
   </div>
   <div class='ocr_carea' id='block_1_104' title="bbox 2045 5342 3641 5415">
    <p class='ocr_par' dir='ltr' id='par_1_104' title="bbox 2045 5342 3641 5415">
     <span class='ocr_line' id='line_1_105' title="bbox 2045 5342 3641 5415; baseline -0.001 -17"><span class='ocrx_word' id='word_1_707' title='bbox 2045 5342 2407 5415; x_wconf 82' lang='grc' dir='ltr'>προσέτρεχε.</span> <span class='ocrx_word' id='word_1_708' title='bbox 2463 5344 2623 5415; x_wconf 78' lang='lat' dir='ltr'><strong>Apud</strong></span> <span class='ocrx_word' id='word_1_709' title='bbox 2678 5344 3053 5414; x_wconf 86' lang='lat' dir='ltr'><strong>Nicephorum</strong></span> <span class='ocrx_word' id='word_1_710' title='bbox 3094 5345 3298 5415; x_wconf 79' lang='lat' dir='ltr'><strong>legitur</strong></span> <span class='ocrx_word' id='word_1_711' title='bbox 3345 5342 3641 5412; x_wconf 81' lang='grc' dir='ltr'>ὑπέτρεχε.</span> 
     </span>
    </p>
   </div>
   <div class='ocr_carea' id='block_1_105' title="bbox 2048 5414 3208 5470">
    <p class='ocr_par' dir='ltr' id='par_1_105' title="bbox 2048 5414 3208 5470">
     <span class='ocr_line' id='line_1_106' title="bbox 2048 5414 3208 5470; baseline -0.001 0"><span class='ocrx_word' id='word_1_712' title='bbox 2048 5415 2153 5470; x_wconf 89' lang='lat' dir='ltr'><strong>Sed</strong></span> <span class='ocrx_word' id='word_1_713' title='bbox 2182 5414 2370 5469; x_wconf 89' lang='lat' dir='ltr'><strong>nostra</strong></span> <span class='ocrx_word' id='word_1_714' title='bbox 2397 5414 2716 5470; x_wconf 85' lang='lat' dir='ltr'><strong>emendatio</strong></span> <span class='ocrx_word' id='word_1_715' title='bbox 2738 5416 2937 5470; x_wconf 90' lang='lat' dir='ltr'><strong>melior</strong></span> <span class='ocrx_word' id='word_1_716' title='bbox 2964 5414 3208 5469; x_wconf 84' lang='lat' dir='ltr'><strong>videtur.</strong></span> 
     </span>
    </p>
   </div>
   <div class='ocr_carea' id='block_1_106' title="bbox 2120 5480 3647 5556">
    <p class='ocr_par' dir='ltr' id='par_1_106' title="bbox 2120 5480 3647 5556">
     <span class='ocr_line' id='line_1_107' title="bbox 2120 5480 3647 5556; baseline -0.003 -16"><span class='ocrx_word' id='word_1_717' title='bbox 2120 5486 2230 5556; x_wconf 75' lang='grc'><strong>(51)</strong></span> <span class='ocrx_word' id='word_1_718' title='bbox 2268 5484 2485 5539; x_wconf 80' lang='grc' dir='ltr'>Ἐννέα</span> <span class='ocrx_word' id='word_1_719' title='bbox 2508 5502 2571 5539; x_wconf 86' lang='grc' dir='ltr'><strong>τε</strong></span> <span class='ocrx_word' id='word_1_720' title='bbox 2594 5484 2795 5556; x_wconf 78' lang='grc' dir='ltr'>μῆνας</span> <span class='ocrx_word' id='word_1_721' title='bbox 2819 5486 2969 5556; x_wconf 81' lang='grc' dir='ltr'>πρὸς</span> <span class='ocrx_word' id='word_1_722' title='bbox 3001 5483 3203 5554; x_wconf 79' lang='grc' dir='ltr'>τρισὶν</span> <span class='ocrx_word' id='word_1_723' title='bbox 3241 5482 3508 5554; x_wconf 76' lang='grc' dir='ltr'>ἡμέραις.</span> <span class='ocrx_word' id='word_1_724' title='bbox 3534 5480 3647 5537; x_wconf 80' lang='lat' dir='ltr'><strong>Au-</strong></span> 
     </span>
    </p>
   </div>
   <div class='ocr_carea' id='block_1_107' title="bbox 1746 5609 2199 5667">
    <p class='ocr_par' dir='ltr' id='par_1_107' title="bbox 1746 5609 2199 5667">
     <span class='ocr_line' id='line_1_108' title="bbox 1746 5609 2199 5667; baseline -0.007 -2"><span class='ocrx_word' id='word_1_725' title='bbox 1746 5622 1753 5627; x_wconf 84' lang='lat'>‘</span> <span class='ocrx_word' id='word_1_726' title='bbox 1810 5611 1900 5667; x_wconf 80' lang='lat' dir='ltr'><strong>VA</strong></span> <span class='ocrx_word' id='word_1_727' title='bbox 1912 5609 2123 5667; x_wconf 77' lang='lat' dir='ltr'><strong>RIORU</strong></span> <span class='ocrx_word' id='word_1_728' title='bbox 2135 5610 2199 5664; x_wconf 82' lang='grc' dir='ltr'>Μ.</span> 
     </span>
    </p>
   </div>
   <div class='ocr_carea' id='block_1_108' title="bbox 420 5700 1795 5776">
    <p class='ocr_par' dir='ltr' id='par_1_108' title="bbox 420 5700 1795 5776">
     <span class='ocr_line' id='line_1_109' title="bbox 420 5700 1795 5776; baseline 0.001 -20"><span class='ocrx_word' id='word_1_729' title='bbox 420 5700 503 5776; x_wconf 61' lang='grc' dir='ltr'><strong>(ας)</strong></span> <span class='ocrx_word' id='word_1_730' title='bbox 528 5700 725 5776; x_wconf 57' lang='lat' dir='ltr'><strong>&quot;Idam</strong></span> <span class='ocrx_word' id='word_1_731' title='bbox 739 5703 949 5776; x_wconf 68' lang='lat' dir='ltr'><strong>.Za6g’r.</strong></span> <span class='ocrx_word' id='word_1_732' title='bbox 989 5703 1135 5776; x_wconf 79' lang='lat' dir='ltr'><strong>Lege</strong></span> <span class='ocrx_word' id='word_1_733' title='bbox 1165 5704 1386 5775; x_wconf 75' lang='grc' dir='ltr'>λάϐρον.</span> <span class='ocrx_word' id='word_1_734' title='bbox 1412 5704 1522 5774; x_wconf 62' lang='grc' dir='ltr'>σν.</span> <span class='ocrx_word' id='word_1_735' title='bbox 1551 5705 1795 5771; x_wconf 75' lang='lat' dir='ltr'><strong>Lowru.)</strong></span> 
     </span>
    </p>
   </div>
   <div class='ocr_carea' id='block_1_109' title="bbox 425 5771 1942 5845">
    <p class='ocr_par' dir='ltr' id='par_1_109' title="bbox 425 5771 1942 5845">
     <span class='ocr_line' id='line_1_110' title="bbox 425 5771 1942 5845; baseline -0.003 -10"><span class='ocrx_word' id='word_1_736' title='bbox 425 5773 504 5844; x_wconf 75' lang='grc' dir='ltr'><strong>(ει)</strong></span> <span class='ocrx_word' id='word_1_737' title='bbox 541 5771 749 5845; x_wconf 67' lang='grc' dir='ltr'>Ἐννέα</span> <span class='ocrx_word' id='word_1_738' title='bbox 792 5773 998 5843; x_wconf 85' lang='grc' dir='ltr'>μῆνας</span> <span class='ocrx_word' id='word_1_739' title='bbox 1045 5771 1197 5843; x_wconf 73' lang='grc' dir='ltr'>σῐρὸς</span> <span class='ocrx_word' id='word_1_740' title='bbox 1238 5771 1442 5843; x_wconf 56' lang='lat' dir='ltr'><strong>quem»</strong></span> <span class='ocrx_word' id='word_1_741' title='bbox 1477 5778 1748 5845; x_wconf 77' lang='grc' dir='ltr'>ἡμέραις.</span> <span class='ocrx_word' id='word_1_742' title='bbox 1778 5777 1942 5831; x_wconf 77' lang='lat' dir='ltr'><strong>Juxta</strong></span> 
     </span>
    </p>
   </div>
   <div class='ocr_carea' id='block_1_110' title="bbox 347 5843 1943 5919">
    <p class='ocr_par' dir='ltr' id='par_1_110' title="bbox 347 5843 1943 5919">
     <span class='ocr_line' id='line_1_111' title="bbox 347 5843 1943 5919; baseline 0.003 -20"><span class='ocrx_word' id='word_1_743' title='bbox 347 5843 827 5914; x_wconf 85' lang='lat' dir='ltr'><strong>computationem</strong></span> <span class='ocrx_word' id='word_1_744' title='bbox 850 5846 1073 5903; x_wconf 82' lang='lat' dir='ltr'><strong>Antonii</strong></span> <span class='ocrx_word' id='word_1_745' title='bbox 1103 5847 1252 5917; x_wconf 78' lang='lat' dir='ltr'><strong>Pagi,</strong></span> <span class='ocrx_word' id='word_1_746' title='bbox 1284 5843 1539 5903; x_wconf 82' lang='lat' dir='ltr'><strong>Justinus</strong></span> <span class='ocrx_word' id='word_1_747' title='bbox 1568 5848 1819 5919; x_wconf 76' lang='lat' dir='ltr'><strong>regnavit</strong></span> <span class='ocrx_word' id='word_1_748' title='bbox 1841 5865 1943 5903; x_wconf 89' lang='lat' dir='ltr'><strong>an-</strong></span> 
     </span>
    </p>
   </div>
   <div class='ocr_carea' id='block_1_111' title="bbox 2051 5696 3641 5761">
    <p class='ocr_par' dir='ltr' id='par_1_111' title="bbox 2051 5696 3641 5761">
     <span class='ocr_line' id='line_1_112' title="bbox 2051 5696 3641 5761; baseline -0.006 -2"><span class='ocrx_word' id='word_1_749' title='bbox 2051 5720 2153 5759; x_wconf 88' lang='lat' dir='ltr'><strong>nos</strong></span> <span class='ocrx_word' id='word_1_750' title='bbox 2184 5705 2217 5757; x_wconf 80' lang='lat'><strong>8</strong></span> <span class='ocrx_word' id='word_1_751' title='bbox 2245 5718 2468 5759; x_wconf 84' lang='lat' dir='ltr'><strong>menses</strong></span> <span class='ocrx_word' id='word_1_752' title='bbox 2493 5704 2546 5761; x_wconf 92' lang='lat'><strong>8.</strong></span> <span class='ocrx_word' id='word_1_753' title='bbox 2582 5703 2704 5758; x_wconf 86' lang='lat' dir='ltr'><strong>dies</strong></span> <span class='ocrx_word' id='word_1_754' title='bbox 2728 5702 2818 5757; x_wconf 73' lang='lat'><strong>25.</strong></span> <span class='ocrx_word' id='word_1_755' title='bbox 2854 5699 2981 5754; x_wconf 72' lang='grc' dir='ltr'>νίιι.</span> <span class='ocrx_word' id='word_1_756' title='bbox 3021 5697 3280 5754; x_wconf 80' lang='lat' dir='ltr'><strong>Critiram</strong></span> <span class='ocrx_word' id='word_1_757' title='bbox 3333 5697 3389 5753; x_wconf 87' lang='lat' dir='ltr'><strong>in</strong></span> <span class='ocrx_word' id='word_1_758' title='bbox 3437 5696 3641 5754; x_wconf 85' lang='lat' dir='ltr'><strong>Baron.</strong></span> 
     </span>
    </p>
   </div>
   <div class='ocr_carea' id='block_1_112' title="bbox 2053 5772 3033 5844">
    <p class='ocr_par' dir='ltr' id='par_1_112' title="bbox 2053 5772 3033 5844">
     <span class='ocr_line' id='line_1_113' title="bbox 2053 5772 3033 5844; baseline -0.007 -14"><span class='ocrx_word' id='word_1_759' title='bbox 2053 5775 2117 5830; x_wconf 87' lang='lat' dir='ltr'><strong>ad</strong></span> <span class='ocrx_word' id='word_1_760' title='bbox 2148 5792 2278 5831; x_wconf 87' lang='lat' dir='ltr'><strong>ann.</strong></span> <span class='ocrx_word' id='word_1_761' title='bbox 2318 5776 2443 5841; x_wconf 65' lang='lat'><strong>5&#39;28,</strong></span> <span class='ocrx_word' id='word_1_762' title='bbox 2476 5793 2530 5830; x_wconf 80' lang='grc' dir='ltr'><strong>ιι.</strong></span> <span class='ocrx_word' id='word_1_763' title='bbox 2558 5775 2611 5829; x_wconf 84' lang='grc'>5.</span> <span class='ocrx_word' id='word_1_764' title='bbox 2650 5773 2760 5844; x_wconf 87' lang='lat' dir='ltr'><strong>(W.</strong></span> <span class='ocrx_word' id='word_1_765' title='bbox 2790 5772 3033 5841; x_wconf 74' lang='lat' dir='ltr'><strong>Lowru.)</strong></span> 
     </span>
    </p>
   </div>
  </div>
