3982 6402
441 329 585 394 ςττθ

1652 310 1968 393 EVAGRII
2009 329 2501 391 SCHOLASTICI

3561 336 3697 406 2720

440 455 575 503 tres.
606 439 953 498 Justinianus
997 441 1206 496 sororis
1256 442 1377 512 ejus
1427 440 1594 505 (ilius,
1638 457 1748 496 una
1778 456 1904 497 cum
1936 442 2029 496 illo

2138 440 2518 506 Ἰουστινιανὸς
2559 440 2880 511 ἀδελφιδοῦς
2907 442 3077 497 αὐτοῦ
3112 443 3519 517 συμϐασιλεύει,
3545 452 3700 525 ἀναῤ-

439 534 732 604 impcravit
755 550 770 597 ;
792 526 1083 603 Augustus
1111 542 1466 604 nuncupatus
1495 533 1586 589 die
1616 534 1795 603 primo
1823 534 2032 590 mensis

438 625 726 689 Xanthici,
760 624 812 678 id
856 634 941 680 est
985 625 1250 679 Kalendis
1275 626 1505 696 Aprilis,
1538 641 1685 681 anno
1715 626 1872 681 urbis
1914 627 2030 681 An-

440 720 663 773 tiochise
710 717 1157 787 quingentesimo
1196 720 1606 789 septuagesimo
1639 720 1857 789 quinto.
1893 718 2031 786 Qui-

440 812 547 866 bus
598 812 669 866 ita
715 811 954 880 peractis
997 811 1252 868 Justinus
1294 828 1361 867 ex
1403 813 1567 884 392
1613 813 1720 869 hoc
1762 829 1932 884 regno
1962 813 2032 869 ad

440 897 666 952 omleste
695 897 994 966 imperium
1027 899 1307 970 migravit,
1338 900 1491 955 fatali
1521 912 1695 957 morte
1736 902 2034 960 defunctus

437 993 619 1062 primo
645 992 733 1047 die
762 994 969 1048 mensis
998 993 1119 1057 Loi,
1148 994 1204 1049 id
1228 1002 1315 1051 est
1337 993 1599 1051 Kalendis
1620 997 1875 1068 Augusti,
1905 1013 2030 1053 cum

439 1085 785 1154 imperasset,
837 1102 947 1141 una
1001 1087 1227 1157 quidem
1276 1103 1403 1143 cum
1449 1088 1763 1145 Iustiniano
1813 1106 2034 1147 menses

438 1185 707 1242 quatuor;
738 1175 794 1229 in
832 1176 1156 1232 universum
1190 1194 1326 1233 vero
1356 1189 1465 1234 tam
1494 1180 1664 1246 solus,
1708 1195 1875 1251 quam
1903 1196 2031 1236 cum

438 1267 668 1336 collega,
722 1283 821 1337 per
854 1284 1032 1325 annos
1076 1286 1278 1325 novem
1325 1286 1391 1325 ac
1426 1272 1549 1327 dies
1581 1282 1694 1328 tres
1738 1273 2032 1344 imperium

437 1381 453 1409 ι
477 1356 791 1412 btinuisset.
821 1359 995 1413 Porro
1028 1375 1158 1415 cum
1188 1360 1537 1419 Justinianus
1575 1363 1688 1435 jam
1721 1364 1875 1420 solus
1906 1366 2033 1420 uni-

438 1464 486 1500 να
512 1464 661 1502 rsum
698 1449 792 1520 imj
814 1450 993 1504 crium
1026 1453 1330 1523 regendum
1358 1454 1733 1524 suscepisset,
1764 1465 1824 1512 et
1862 1455 2030 1513 Chal-

437 1540 769 1595 cedonenSIs
799 1544 1042 1613 synodus
1065 1560 1131 1599 ex
1163 1555 1441 1615 praacepto
1481 1544 1683 1601 Justini
1725 1547 2029 1618 imperato-

438 1632 537 1694 ris,
568 1634 713 1688 sicut
742 1643 903 1690 antea
935 1636 1121 1701 retuli,
1169 1653 1270 1708 per
1299 1654 1495 1695 omnes
1521 1639 1797 1696 Ecclesias
1826 1640 2030 1712 praedi-

437 1733 695 1786 curetur,
747 1727 1129 1783 ecclesiastica
1182 1745 1289 1799 pax
1338 1731 1397 1786 in
1452 1731 1784 1802 quibusdam
1847 1732 2031 1789 adhuc

2136 533 2323 604 ῥηθεὶς
2354 535 2420 604 τῇ
2446 532 2639 606 πρώτῃ
2660 533 2754 587 τοῦ
2786 534 3053 590 Ξανθικοῦ
3078 536 3246 607 ἢγουν
3267 537 3570 611 ’Δπριλλίου
3605 560 3705 617 μη-

2136 626 2246 691 νὸς,
2275 625 2378 679 ἀνὰ
2402 626 2465 680 τὸ
2490 627 2746 696 πέμπτον
2780 628 2875 681 καὶ
2902 627 3308 699 ἑϐδομηκοστὸν
3339 633 3432 685 καὶ
3458 650 3705 690 πεντακο-

2139 719 2357 774 σιοστὸν
2385 720 2507 782 ἔτος
2539 720 2636 772 τοῦ
2673 721 3069 792 χρηματισμοῦ
3095 723 3193 794 τῆς
3228 724 3571 795 ’Δντιοχείαᾳ
3602 729 3706 783 Καὶ

2134 810 2346 863 τούτων
2367 803 2470 864 ὧδε
2495 811 2896 882 προελθόντων,
2932 813 3218 878 Ἰουστῖνος
3250 815 3572 884 μεθίσταται
3617 819 3707 890 τῆς

2133 904 2386 958 ἐντεῦθεν
2416 905 2716 976 βασιλείας,
2750 906 3002 963 ὑπελθὼν
3041 907 3142 978 τὴν
3192 908 3397 961 τέλειον
3432 909 3477 942 ⁸³
3504 910 3713 981 ἡμέραν

2132 998 2238 1052 ἀνὰ
2259 997 2360 1070 τὴν
2404 998 2630 1069 πρώτην
2658 1000 2874 1069 ἡμέραν
2923 998 3018 1052 τοῦ
3049 998 3225 1064 Λώου,
3257 999 3350 1053 τοῦ
3378 1000 3473 1054 καὶ
3512 1001 3708 1070 Αὐγού-

2135 1107 2261 1144 στου
2284 1091 2483 1162 μηνὸς,
2533 1090 2983 1162 συμϐασιλεύσας
3015 1093 3117 1162 μὲν
3151 1093 3516 1163 Ἰουστινιανῷ
3546 1096 3707 1165 μῆνας

2131 1184 2422 1256 τέτταρας,
2451 1186 2521 1239 τὰ
2550 1185 2646 1240 ὅλα
2673 1185 2731 1238 δὲ
2761 1186 2856 1256 ἐτη
2883 1184 2982 1256 τὴν
3001 1184 3437 1255 αύτοκρατορίαν
3461 1185 3569 1255 (55)
3597 1186 3707 1240 δια-

2132 1275 2300 1338 νύσας
2329 1275 2507 1347 ἀρχὴν
2530 1276 2689 1329 ὲννέα
2711 1276 2848 1346 πρὸς
2873 1275 3051 1343 τρισὶν
3080 1274 3319 1345 ἡμέραις
3344 1272 3454 1341 (36)
3473 1273 3564 1341 (ιγ
3587 1273 3709 1327 Ἰου-

2134 1370 2406 1424 στινιανοῦ
2450 1371 2507 1424 δὲ
2561 1370 2724 1439 μόνου
2776 1370 2875 1441 τὴν
2912 1369 3041 1438 ὃλην
3068 1368 3245 1440 ἀρχὴν
3294 1368 3394 1432 τῆς
3435 1367 3716 1437 Ῥωμαίων·

2131 1459 2489 1530 ἐπικρατείας
2524 1459 2906 1531 περιθεμένου,
2937 1458 3037 1530 ἥδη
3071 1475 3129 1510 τε
3150 1457 3254 1527 τῆς
3305 1457 3365 1510 ὲν
3408 1456 3706 1527 Χαλκηδόνι

2133 1552 2354 1606 συνόδου
2378 1552 2793 1624 κηρυττομένης
2817 1552 2922 1605 ἀνὰ
2950 1549 3048 1613 τὰς
3078 1548 3395 1617 ἁγιωτάτας
3429 1546 3708 1617 ἐκκλησίας

2131 1641 2468 1712 κελεύμασιν
2502 1641 2796 1697 Ἰουστίνου
2822 1639 2970 1693 καθά
2997 1656 3089 1710 μοι
3119 1639 3399 1710 διήγηται,
3435 1636 3516 1690 ἔτι
3535 1636 3601 1690 τὰ
3618 1637 3708 1705 τῆς

2130 1735 2596 1809 ὲκκλησιαστικῆς
2628 1737 3022 1798 καταστάσεως
3059 1733 3116 1787 ἐν
3145 1750 3255 1786 τισι
3288 1733 3402 1785 τῶν
3434 1728 3699 1802 ἐπαρχιῶν

436 1818 739 1885 provinciis
766 1820 1131 1888 turbabatur;
1164 1825 1444 1893 praecipue
1467 1840 1602 1880 vero
1630 1824 2025 1881 Constantino-

2136 1828 2519 1899 περιεδονεῑτο,
2549 1827 2645 1881 καὶ
2680 1826 2921 1898 μάλιστά
2950 1843 3015 1895 γε
3035 1824 3177 1880 κατὰ
3216 1822 3315 1895 τὴν
3349 1822 3606 1893 βασιλέως
3625 1820 3715 1874 καὶ

436 1909 549 1975 poli
579 1918 636 1963 ct
668 1911 1018 1968 Alexandria
1044 1931 1057 1967 :
1099 1912 1771 1985 Constantinopolitanam
1801 1918 2026 1987 quidem

432 1999 739 2056 Ecclesiam
793 2003 1221 2061 administrante
1263 2006 1551 2072 Anthimo,
1598 2008 2026 2065 Alexandrinam

433 2107 572 2145 vero
608 2093 946 2151 Theodosio.
985 2096 1166 2151 Ambo
1193 2096 1345 2153 enim
1373 2098 1465 2154 isti
1495 2114 1663 2155 unam
1708 2099 1767 2156 in
1804 2098 2027 2157 Christo

436 2192 692 2237 naturam
726 2185 910 2242 inesse
940 2186 1290 2245 asserebant.

1107 2300 1261 2357 CAP.
1298 2301 1368 2358 X.

442 2390 686 2471 Qualiter
714 2392 1053 2471 Iustinianus
1088 2397 1298 2466 quidem
1320 2414 1420 2471 eos
1446 2398 1663 2452 amabat
1691 2400 1795 2471 qui
1810 2398 2028 2471 Chalce-

534 2463 815 2517 donensem
865 2463 1125 2537 synodum
1182 2467 1634 2537 amplecterentur
1679 2463 1714 2525 ε’
1756 2470 2027 2525 Theodora

533 2548 655 2586 vero
686 2550 771 2587 eos
799 2537 888 2603 qui
916 2536 1176 2608 synodum
1204 2536 1360 2593 illam
1390 2539 1778 2610 improbarent.

529 2646 595 2699 Et
629 2646 978 2706 Justinianus
1012 2650 1267 2721 quidem,
1307 2668 1405 2708 eos
1449 2653 1544 2723 qui
1588 2652 2026 2712 Chalcedonensi

438 2737 647 2807 synodo
669 2750 1066 2805 convenerant.
1098 2752 1153 2799 et
1178 2760 1525 2817 quaecunque
1553 2745 1623 2800 ab
1651 2746 1763 2801 illis
1806 2746 2027 2803 fuerant

437 2832 715 2900 exposita,
771 2834 975 2890 acriter
1028 2834 1381 2892 defendebat.
1445 2837 1577 2909 Ejus
1634 2852 1769 2893 vero
1823 2840 2027 2911 conjux

441 2922 730 2980 Theodora
757 2926 827 2980 ab
867 2927 1089 2982 illorum
1132 2929 1389 2999 partibus
1432 2928 1612 2983 stabat
1642 2928 1738 2999 qui
1775 2944 1940 2983 unam
1968 2930 2027 2984 in

435 3014 662 3070 tihristo
686 3027 939 3073 naturam
972 3027 1286 3075 assererem
1319 3058 1337 3086 ,
1374 3020 1491 3075 sive
1520 3020 1668 3091 quod
1700 3021 1803 3091 ipsi
1834 3036 2028 3077 revera

438 3108 511 3160 ita
556 3108 890 3177 sentiebant;
951 3125 1074 3164 nam
1117 3110 1561 3183 quotiescunque
1593 3114 1773 3184 agitur
1800 3114 1867 3170 de
1894 3114 2023 3181 fide,

2126 1921 2272 1974 κατὰ
2303 1920 2410 1990 τὴν
2436 1918 2791 1990 Ἀλεξάνδρου
2819 1918 2974 1971 πόλιν
2993 1933 3006 1947 ·
3034 1917 3131 1987 τῆς
3175 1917 3275 1986 μὲν
3332 1914 3599 1986 βασιλίδος
3620 1912 3715 1982 τὴν

2125 2012 2435 2085 ἐπισκοπὴν
2457 2010 2891 2083 πρυτανεύοντος
2911 2010 3175 2080 ’Λνθίμου
3214 2008 3322 2078 (a),
3357 2007 3461 2076 τῆς
3490 2005 3546 2058 δὲ
3575 2004 3711 2057 Ἀλε-

2126 2102 2402 2174 ξανδρέων
2431 2102 2763 2173 Ἐκκλησίας
2812 2101 3123 2173 ἡγουμένω
3167 2099 3478 2154 Θεοδοσίου.
3524 2096 3715 2167 Ἄμφω

2123 2212 2188 2251 τε
2216 2195 2326 2267 γὰρ
2346 2195 2447 2267 τὴν
2481 2196 2612 2267 μίαν
2643 2192 2971 2263 ὲδοξαζέτην
2994 2193 3182 2262 φύσιν.

2744 2309 3003 2363 ΚΕΦΔΛ.
3053 2308 3116 2363 1'.

2129 2402 2263 2458 Ὀτι
2296 2400 2737 2467 ’Ῑουστινιανὸς
2780 2401 2899 2471 μὲν
2958 2399 3104 2464 τοὺς
3152 2397 3290 2471 τὴν·
3319 2393 3711 2471 Ralm-66m!!-

2198 2473 2467 2527 σύνοδον
2512 2463 3000 2540 ἀποδεᾷςοὶιένους
3047 2463 3253 2539 ἠγάπα
3278 2483 3293 2498 °
3312 2501 3327 2510 ι
3367 2463 3626 2534 Θεοδώρα
3650 2463 3711 2517 δὲ

2197 2544 2342 2610 τοὺς
2366 2544 2684 2609 ἐναντίους
2708 2542 3015 2611 ἔστεργεν.

2200 2656 2580 2721 Ἰουστινιανὸς
2634 2655 2736 2727 μὲν
2779 2650 2873 2710 οῦν
2913 2654 3023 2710 τῶν
3056 2655 3115 2707 ὲν
3163 2654 3479 2726 Καλχηδόνι
3507 2650 3710 2721 συνελη-

2128 2747 2389 2813 λυθότων,
2413 2749 2507 2803 καὶ
2552 2747 2664 2801 τῶν
2688 2747 2819 2818 παρ’
2867 2745 3048 2800 αὐτῶν
3096 2746 3523 2818 ἑκτεθειμένων,
3579 2742 3709 2815 μάλα

2128 2841 2395 2911 γεννικῶς
2427 2840 2732 2912 ἀντείχετο.
2773 2840 3027 2910 Θεοδώρα
3062 2839 3136 2910 (b)
3166 2839 3223 2892 δὲ
3251 2840 3284 2907 ἠ
3332 2838 3525 2891 τούτου
3553 2835 3711 2890 σύνοι-

2129 2946 2248 2994 κος,
2271 2927 2381 2982 τῶν
2418 2929 2549 2999 μίαν
2577 2929 2742 2998 φύσιν
2772 2928 3066 2996 λεγόντων,
3098 2927 3208 2981 εἴτε
3249 2928 3354 2981 καὶ
3384 2928 3494 2980 τῶν
3514 2926 3711 2997 άληθῶς

2128 3022 2304 3086 οὕτως
2358 3022 2591 3093 ἐχόντων
2639 3021 2777 3092 ('57).
2851 3020 3043 3074 Ἦνίκα
3081 3020 3193 3091 γὰρ
3230 3021 3258 3073 ὁ
3304 3020 3445 3092 περὶ
3494 3019 3711 3081 πίστεως

2131 3112 2420 3183 πρόκειται
2441 3112 2601 3179 λόγος
2627 3111 2866 3183 πατέρες
2880 3128 2940 3164 τε
2962 3109 3099 3183 πρὸς
3131 3109 3327 3173 παῖδας
3342 3152 3358 3177 ,
3384 3110 3632 3171 παίδέςτε
3649 3106 3709 3161 αὖ

430 3208 623 3267 patres
668 3202 701 3254 a‘
746 3201 874 3258 filiis
912 3209 971 3255 et
1008 3202 1106 3257 ﬁlii
1158 3203 1429 3258 dissident
1473 3220 1504 3259 a
1549 3207 1909 3275 parentibus:
1964 3215 2021 3262 et

2136 3204 2263 3276 πρὸς
2291 3206 2417 3269 τοὺς
2446 3204 2652 3275 φύντας
2675 3205 2996 3269 διίστανται,
3019 3202 3157 3275 γυνή
3196 3220 3255 3257 τε
3296 3205 3441 3275 πρὸς
3479 3202 3567 3257 τὸν
3597 3202 3713 3255 ίδιον

438 3308 579 3345 uxor
609 3292 833 3363 quidem
865 3311 894 3349 a
925 3295 1148 3362 marito,
1183 3297 1416 3353 maritus
1447 3312 1584 3354 vero
1615 3298 1685 3353 ab
1723 3315 1897 3354 uxore
1927 3315 2028 3356 sua

2136 3297 2404 3367 γαμετήν·
2430 3298 2570 3367 ἀνήρ
2594 3312 2653 3349 τε
2686 3295 2756 3351 αὖ
2778 3295 2941 3350 πάλιν
2964 3295 3102 3366 πρὸς
3121 3295 3223 3366 τὴν
3258 3295 3408 3351 ἰδίαν
3454 3298 3708 3365 γαμετήν·

438 3381 749 3438 dissentit:
810 3386 932 3441 sive
979 3401 1080 3456 per
1128 3388 1422 3459 quamdam
1480 3388 1891 3443 simulationem
1949 3388 2027 3445 ita

2136 3389 2249 3443 εἴτε
2280 3389 2375 3442 καὶ
2400 3389 2545 3443 κατά
2572 3404 2696 3443 τινα
2728 3386 3082 3457 συγκείμενοι
3121 3388 3447 3458 οίκονομίαν
3486 3387 3613 3459 (58),
3648 3386 3708 3438 ἵν’

1737 3528 1973 3586 VARle
2006 3528 2417 3587 LECTIONES.

1653 3668 1932 3728 VALESII
1963 3669 2523 3727 ANNOTATIONES.

524 3598 573 3631 ”
590 3599 829 3656 τελείαν.

438 3773 560 3839 cto_r
597 3763 865 3839 Chronica"
899 3767 1253 3839 Alexandrini
1299 3781 1399 3839 pro
1430 3767 1597 3839 tribus
1646 3768 1825 3823 diebus
1854 3766 2026 3822 habet

437 3834 692 3905 quinque,
727 3838 1103 3893 Justinianum
1148 3834 1315 3893 enim"
1350 3854 1378 3891 a
1437 3838 1657 3895 Iustino
1704 3839 2015 3909 Augustum

440 3909 650 3960 factum
678 3924 799 3964 esse
828 3909 1053 3979 scribit.
1088 3918 1214 3979 post
1242 3924 1443 3979 annos
1491 3917 1623 3965 octo
1673 3925 1739 3965 ac
1796 3922 2020 3979 menses

437 3992 639 4051 novem
664 4019 679 4044 ,
711 3995 775 4034 ac
809 3978 931 4034 dies
957 3980 1203 4051 quinque
1236 3978 1457 4051 imperii
1482 3980 1710 4043 Justini,
1765 3978 2027 4051 Kalendis

437 4047 664 4119 Aprilis,
691 4047 1265 4105 Mavortio'consule:
1301 4047 1396 4119 qui
1433 4048 1540 4104 fuit
1589 4066 1769 4105 annus
1816 4048 2025 4105 Christi

437 4116 801 4191 5‘27._Verum
825 4130 1020 4175 auctor
1049 4120 1200 4175 illius
1223 4116 1471 4191 Chronici
1507 4136 1537 4174 a
1580 4121 1881 4191 semetipso
1911 4120 2026 4191 dis-

439 4187 641 4261 sentit;
678 4208 805 4245 nam
869 4190 1151 4247 Iustinum
1204 4189 1430 4261 quidem
1477 4187 1799 4261 imperium
1829 4189 2025 4246 iniisse

438 4258 638 4315 scribit
659 4261 748 4316 die
785 4276 935 4315 nono
952 4260 1157 4316 mensis
1194 4258 1348 4323 Julii,
1390 4277 1537 4316 anno
1560 4258 1573 4261 “
1593 4261 1806 4318 Natalis
1830 4261 2023 4316 Domi-

441 4328 548 4403 ni_c_i
582 4330 707 4387 518.
730 4333 776 4387 A
801 4348 913 4401 quo
945 4340 1194 4400 tempore
1225 4331 1291 4385 ad
1318 4331 1591 4403 Kalendas
1629 4332 1841 4403 Aprilis
1891 4331 2024 4403 anni

440 4398 569 4463 527,
600 4403 727 4455 anni
759 4398 889 4457 sunt
914 4398 1074 4467 octo,
1090 4416 1156 4455 ac
1208 4417 1429 4456 menses
1452 4398 1710 4465 totidem',
1739 4417 1867 4458 cum
1897 4400 2023 4456 die-

440 4467 547 4542 bus
576 4487 689 4525 uno
717 4482 774 4527 et
798 4473 1014 4542 viginti.
1063 4471 1224 4538 Quod
1270 4472 1313 4527 si
1366 4472 1682 4527 Cedrenum
1734 4473 2023 4542 sequimur

440 4538 952 4613 qui_Justinianum
977 4558 1007 4597 a
1033 4543 1251 4598 Justino
1270 4543 1577 4613 Augustum
1631 4558 1758 4598 esse
1812 4538 2018 4613 factum

442 4611 614 4690 tradit
650 4615 713 4690 μ
744 4613 971 4690 Aprilis,
997 4621 1108 4668 tum
1150 4611 1491 4690 computatio
1522 4613 1819 4669 Alexandri
1843 4612 2016 4670 Chro-

441 4683 546 4736 nici
586 4686 693 4739 erit
724 4683 1055 4740 certissima;
1272 4685 1276 4690 ’

520 4753 631 4820 (55)
705 4755 827 4822 Τὴν
879 4755 1373 4823 αὑτοκρατορίαν.
1432 4753 1492 4808 In
1555 4768 1661 4807 nis.
1706 4752 1834 4808 cod.
1875 4752 2018 4808 Tell.

439 4826 712 4898 scriptum
744 4827 956 4892 inveni,
983 4826 1082 4898 τὴν
1111 4826 1541 4895 αὐτοκρατικὴν,
1564 4832 1697 4890 etc.,
1728 4823 1877 4894 quod
1909 4841 2025 4878 ma-

478 4894 523 4948 is
548 4894 744 4951 ulacet.

421 4910 800 5037 E'izi’iig‘iiin
822 4965 1000 5022 ἐννέα
1025 4967 1179 5037 πρὸς
1218 4964 1416 5035 τρισὶν
1437 4966 1711 5037 ᾑμέραις.
1745 4966 1824 5021 Ex
1849 4964 2026 5035 ipsius

440 5034 657 5107 Evagrii
684 5038 901 5093 calculo
933 5034 1078 5093 satis
1123 5045 1352 5108 apparet
1380 5034 1705 5108 iaddendum
1754 5037 1847 5092 hic
1873 5034 2025 5108 esse

439 5106 686 5178 mensem
713 5124 905 5164 unum.
940 5109 1076 5163 Nam
1108 5106 1235 5163 cum
1265 5107 1430 5178 paulo
1464 5118 1592 5163 ante
1635 5106 1864 5174 dixerit,
1916 5106 2025 5161 Ka-

438 5175 620 5233 lendis
651 5180 859 5247 Aprilis
912 5180 1077 5247 hujus
1124 5175 1552 5233 anni'exactum
1613 5178 1784 5233 fuisse
1817 5190 2026 5232 annum

439 5258 696 5303 octavum
724 5251 943 5319 imperii
974 5248 1201 5315 Justini,
1228 5257 1285 5304 et
1306 5264 1513 5319 novem,
1543 5249 1770 5319 insuper
1807 5260 2027 5319 menses

436 5331 504 5374 ac
534 5319 654 5377 dies
692 5315 838 5387 tres;
876 5335 1224 5392 consequens
1265 5328 1352 5376 est
1387 5327 1450 5374 ut
1480 5315 1745 5375 Kalendis
1791 5315 2026 5391 Augusti

2124 3765 2375 3837 ejusdem
2416 3766 2547 3820 anni
2575 3808 2589 3828 ,
2617 3766 2884 3837 transacti
2926 3764 3371 3837 fuerintinovem
3414 3765 3558 3837 anni
3591 3778 3703 3837 cum

2124 3835 2239 3891 uno
2286 3852 2475 3891 mense
2521 3851 2588 3891 ac
2635 3836 2834 3891 diebus
2880 3836 3083 3891 tribus.
3140 3836 3221 3891 Ex
3264 3852 3380 3906 quo
3440 3835 3703 3906 colligitur

2123 3907 2423 3979 exordium
2455 3906 2675 3979 imperii
2707 3907 2911 3979 Justini
2944 3906 3071 3979 duci
3103 3922 3133 3961 a
3159 3907 3250 3979 die
3277 3907 3545 3979 vicesimo
3568 3916 3706 3961 octa-

2124 3993 2201 4049 vo
2220 3977 2432 4049 mensis
2453 3976 2809 4049 Juniitjuxta
2841 3976 3071 4049 Egagrii
3115 3976 3472 4049 sententiam.

2128 4046 2418 4124 (δη-Εἴτε
2448 4047 2546 4100 καί
2581 4041 2702 4124 ζῶν
2732 4041 2986 4124 ἀᾳηίζῶξ
3002 4047 3543 4124 οῆτωςμέχόντωη“
3566 4041 3705 4124 Scri-

2125 4116 2370 4173 bendum
2402 4128 2539 4193 puto
2560 4116 2805 4193 stream
2833 4118 3014 4193 αὐτῶν
3043 4116 3281 4193 άληθῷς,
3320 4116 3543 4193 etc.;_id
3568 4116 3702 4193 enini

2123 4203 2325 4243 sensus
2351 4188 2615 4258 postulat.
2668 4187 3324 4258 Nicephorusﬁquidem
3384 4189 3551 4258 hujus
3604 4185 3702 4238 loci

2126 4273 2351 4314 sensum
2408 4257 2639 4312 minime
2681 4257 2976 4313 intellexit.
3036 4257 3329 4313 Musculus
3395 4257 3534 4314 vero
3585 4268 3702 4309 eum

2123 4330 2332 4398 optime
2398 4328 2658 4398 exposuit
2714 4328 2824 4383 hoc
2854 4328 3042 4382 modo.
3101 4325 3223 4382 Sive
3248 4338 3435 4383 autem
3481 4329 3557 4381 sic
3585 4339 3704 4398 rvere

2121 4397 2442 4461 sentiebant,
2475 4397 2596 4452 sive
2615 4399 2691 4452 sic
2723 4400 3121 4469 dispensatione
3149 4399 3390 4469 quadam
3411 4400 3552 4453 inter
3574 4397 3703 4467 ipsos

2123 4477 2460 4524 convenerat.
2493 4467 3079 4545 Musculumgsecutus
3104 4467 3192 4545 est
3249 4467 3705 4545 CitristOphorsof

2124 4556 2255 4606 nus,
2276 4550 2333 4594 et
2366 4554 2569 4610 novam
2624 4539 2915 4610 periodum
2950 4541 3018 4594 ab
3064 4538 3154 4595 his
3200 4539 3396 4595 verbis
3431 4538 3705 4595 inchoavit

2127 4610 2239 4666 hoc
2268 4610 2472 4665 modo:
2505 4608 2641 4664 Sive
2660 4611 2826 4681 igitur
2872 4613 2950 4663 ita
3002 4626 3185 4663 revera
3236 4610 3556 4673 sentiebant,
3602 4615 3700 4660 etc.

2128 4681 2243 4737 Nos
2275 4696 2410 4735 vero
2425 4681 2543 4736 haec
2572 4696 2697 4735 cum
2722 4681 3165 4751 praecedentibus
3179 4681 3591 4751 conjunximus.

2203 4751 2320 4820 ('58)
2359 4752 2497 4805 Κατ’
2530 4749 2900 4820 οἰκονομίαν.
2943 4749 3225 4806 Musculus
3284 4749 3513 4820 quidem
3538 4749 3704 4820 inter-

2173 4817 2404 4887 retatur,
2451 4837 2546 4893 per
2593 4817 3062 4894 dispensationem.
3122 4817 3456 4894 Quud'non
3513 4817 3699 4894 probi}-

2167 4907 2377 4948 oannes
2401 4888 2586 4949 autem
2610 4888 2835 4963 Langus
2862 4891 3052 4963 vertit,
3079 4907 3145 4945 ea:
3172 4893 3485 4963 composito.
3514 4888 3698 4963 "Chri-

2127 4962 2534 5033 st0phorsonus
2563 4956 2772 5026 autern,
2801 4962 2981 5033 dedita
3031 4956 3217 5033 opera.
3236 4956 3354 5033 Ego
3379 4978 3476 5032 per
3493 4956 3705 5033 simuia-

2127 5027 2323 5104 tionem
2346 5033 2517 5104 malui
2543 5040 2784 5088 vertere.
2826 5027 3140 5104 Opponitur
3158 5027 3310 5104 enini
3330 5027 3402 5104 τῇ
3460 5027 3698 5098 ἀληθείᾳ.

2126 5105 2232 5178 Per
2265 5102 2517 5178 fraudem
2546 5104 2717 5174 igitur
2746 5118 2811 5158 ac
2826 5102 3256 5178 simulationem
3288 5102 3345 5156 id
3378 5102 3564 5178 actum
3590 5108 3702 5178 esse

2126 5175 2276 5230 inter
2301 5171 2678 5229 Justinianum
2715 5189 2779 5228 ac
2825 5171 3178 5228 Theodoram
3232 5171 3493 5227 nonnulli
3528 5171 3704 5224 existi-

2126 5253 2374 5308 marunt,
2406 5253 2468 5297 ut
2505 5244 2645 5298 alter
2667 5243 2989 5310 Catholicis,
3022 5244 3164 5298 alter
3197 5242 3498 5313 Acephalis
3528 5238 3703 5295 adhae-

2126 5323 2299 5382 reret,
2329 5314 2537 5371 Gallice
2561 5314 2894 5382 dixerimus,
2921 5329 3027 5381 par
3057 5313 3334 5385 potitique.

1580 5450 1585 5453 ·
1870 5430 2263 5487 VARIORUM.

510 5528 582 5597 (τ)
623 5527 781 5596 Πρὸς
808 5527 1009 5597 τρισίν
1031 5527 1300 5597 ἡμέραις.
1353 5525 1556 5581 lterum
1591 5541 1693 5598 pro
1722 5525 1922 5597 τρισίν,
1953 5524 2025 5579 25

436 5595 573 5669 legit
606 5595 803 5667 l’a’gius
838 5595 972 5654 ibid.
1003 5598 1113 5667 (W.
1145 5595 1401 5666 Lowrn.)

513 5665 591 5735 ιιι)
660 5665 938 5734 ’Ᾱνθίμυυ
969 5665 1036 5709 -ὲ
1072 5669 1415 5722 Θεοδοσίου.
1472 5667 1725 5723 Ordinati
1778 5676 1907 5722 sunt
1963 5665 2018 5720 hi

442 5736 685 5809 episcopi
720 5755 864 5809 anno
896 5740 1020 5809 555i.

515 5808 588 5878 (ὁ)
631 5804 918 5878 Θεοδώρα.
959 5804 1216 5865 Pluribus
1248 5809 1301 5863 in
1328 5824 1449 5864 cam
1482 5807 1763 5863 invehitur
1817 5807 2018 5864 Proco-

2132 5521 2259 5591 pius
2286 5519 2341 5575 in
2374 5521 2610 5576 Historia
2631 5536 2855 5585 arcana,
2880 5520 2974 5575 ubi
3006 5528 3199 5575 narrat
3214 5534 3335 5575 eam
3359 5515 3524 5591 ﬁliam
3545 5510 3702 5591 fuisse

2133 5582 2441 5662 cujusdam,
2478 5594 2572 5661 qui
2604 5582 2852 5662 Byzantii
2882 5593 3077 5646 bestiis
3119 5592 3186 5645 ad
3227 5582 3713 5662 amphitheatrales

2132 5656 2511 5717 l’r'asinorum'
2545 5656 2876 5717 venationes
2937 5662 3153 5717 alendis
3224 5656 3517 5732 praifcctus
3571 5656 3698 5713 t‘l‘ah

2128 5750 2293 5803 quem
2331 5743 2531 5789 vocant
2556 5732 2866 5797 Ursarium,
2899 5749 3023 5803 pag.
3053 5735 3139 5787 40.
