3982 6384
198 358 345 427 ιτὲδ
1141 360 1530 421 HISTORIA?
1570 359 1801 419 ECCl.E

1909 360 2168 418 isnon
2209 338 2454 421 ἰιιιιιιι
2498 362 2594 422 1v.
3351 360 3490 425 2726

200 474 334 528 σιῶν
374 472 770 544 κηρύττεσθαι,
806 471 1033 543 πρώτην
1060 471 1157 541 μὲν
1181 472 1283 543 τὴν
1308 473 1366 524 ὲν
1416 470 1645 541 Nimia,
1678 466 1801 524 εἶτα

1909 469 2230 539 patriarchae
2284 471 2430 525 inter
2477 486 2536 525 se
2580 480 3008 535 consenserunt,
3055 480 3111 526 et
3154 472 3493 543 singularum

196 564 299 637 τὴν
321 566 382 618 έν
407 563 1014 626 Κωνσταντινουπόλει,
1047 562 1241 633 τρίτην
1262 563 1364 631 τὴν
1391 564 1451 616 ὲν
1494 563 1708 631 Ἐφέσῳ
1732 563 1795 614 τὸ

1909 562 2122 616 urbium
2180 563 2425 632 episcopi
2479 562 2747 618 exarehos
2796 576 2927 617 suos
2978 563 3156 618 secuti
3220 573 3389 620 sunt:
3439 574 3498 619 et

200 658 499 730 πρότερον,
520 659 785 729 τέταρτον
812 650 915 727 τὴν
937 658 997 709 ὲν
1022 654 1333 726 Καλχηδόνι
1348 673 1361 686 ·
1396 656 1590 724 γέγονε
1610 655 1669 708 δὲ
1702 654 1800 708 καὶ

201 746 434 817 πέμπτη
472 745 692 809 σύνοδος
722 744 865 799 κατὰ
895 744 1148 798 κέλευσιν
1183 743 1592 798 Ἰουστινιανοῦ.
1652 744 1794 813 Περὶ

196 833 264 908 ἧς
289 837 362 890 τά
386 837 702 909 πρόσφορα.
754 838 813 889 ὲν
842 839 956 898 τοῖς
995 835 1333 907 προσφόροις
1393 835 1505 906 ἐρῶ
1557 837 1794 904 καιροῖς,

199 929 346 992 τέως
393 930 507 982 τῶν
555 930 661 983 ἀνὰ
696 928 866 1000 μέρος
917 928 1270 1000 πραχθέντων
1310 928 1415 980 ὑπὸ
1466 930 1579 990 τοῖς
1613 928 1797 991 αὐτοῖς

200 1021 441 1091 χρόνοις,
494 1021 656 1088 λόγου
713 1038 775 1074 τε
806 1020 972 1086 ἀξίων
1006 1019 1394 1083 καθεστώτων,
1447 1021 1515 1090 τῇ
1542 1017 1797 1090 παρούσῃ

202 1114 689 1183 συνυφαινομὲνων
709 1114 938 1186 ἱστορίᾳ.

1904 662 2141 722 quatuor
2190 655 2385 725 synodi
2428 655 2482 708 in
2524 655 2786 709 Ecclesiis
2820 664 2953 709 sunt
2988 656 3344 725 praedicatus:
3384 657 3497 728 pri-

1904 762 2015 809 ma,
2071 763 2196 817 quae
2232 747 2429 803 Nietcae
2476 747 2757 802 celebrata
2805 758 2932 803 est:
2984 759 3111 818 post
3157 749 3303 804 hanc
3348 750 3494 805 Con-

1904 839 2398 910 stantinopolitana
2430 858 2443 891 :
2480 839 2685 894 dehinc
2728 838 3007 908 Ephesina
3062 841 3250 909 prior:
3297 851 3495 910 quarto

1904 931 2029 986 loco
2079 930 2572 986 Chalcedonensis.
2623 931 2750 985 Fuit
2791 930 2959 985 etiam
3010 931 3204 1001 quinta
3253 933 3493 1004 synodus

1903 1021 2201 1077 Justiniani
2234 1022 2503 1092 principis
2548 1022 2705 1092 jussu
2751 1032 3101 1093 congregata.
3143 1023 3221 1077 De
3261 1040 3369 1089 qua
3407 1023 3461 1077 di

1909 1129 2025 1169 eam
2066 1130 2167 1169 suo
2215 1115 2339 1169 loco
2384 1130 2449 1169 ea
2490 1130 2614 1185 quae
2656 1113 3100 1169 dicenda—sunt.
3158 1114 3383 1168 Interim
3429 1128 3495 1167 ea

201 1224 322 1279 qua:
353 1218 494 1262 tunc
528 1207 797 1278 temporis
829 1205 1151 1279 singillatim
1217 1213 1371 1279 gesta
1448 1216 1598 1271 sunt,
1672 1217 1730 1262 et
1789 1212 2318 1266 commemoratione
2367 1211 2530 1283 digna
2570 1226 2694 1266 esse
2735 1209 3020 1276 videntur,
3075 1210 3208 1267 huic
3253 1211 3498 1267 historiae

203 1313 534 1359 attexamus.

794 1424 1051 1478 ΚΕΦΑΛ.
1091 1423 1192 1478 lB'.

218 1511 315 1569 Ἐκ
357 1513 473 1582 τῆς
520 1516 793 1585 ἱστορίας
840 1517 1185 1583 Προκοπίου
1232 1517 1598 1584 Καισαρέως,
1663 1514 1796 1583 περὶ

269 1587 559 1642 Καϐἁδου
599 1588 708 1641 τοῦ
754 1585 1006 1655 Περσῶν
1028 1585 1361 1652 βασιλέως,
1388 1587 1487 1640 καὶ
1524 1588 1799 1654 Χοσρόου

272 1657 417 1713 υιοῦ
445 1657 659 1712 αὑτοῦ.

2094 1347 2123 1377 ἢ

2533 1424 2689 1481 CAP.
2736 1424 2854 1479 ΧΠ.

1902 1516 1982 1571 De
2016 1515 2227 1589 Cavode
2254 1515 2544 1571 Persarum
2590 1535 2729 1589 rege,
2760 1528 2808 1572 et
2835 1518 2898 1571 de
2935 1516 3053 1589 ﬁlio
3085 1516 3198 1577 eius
3246 1513 3495 1589 Chosroe,

2048 1602 2113 1641 ea:
2145 1587 2295 1641 libris
2327 1587 2673 1642 historiaruni
2709 1588 2960 1659 Procopii
2989 1587 3353 1642 Ca‘sariensis.

272 1774 604 1846 Γέγραπται
630 1772 927 1844 Προκοπίῳ
968 1772 1046 1844 τῷ
1078 1773 1267 1844 ῥήτορι
1313 1772 1383 1825 τὰ
1420 1770 1565 1825 κατὰ
1609 1755 1801 1824 Βελισ-

1975 1767 2281 1838 Proeopius
2309 1767 2522 1835 rhetor,
2557 1782 2645 1824 res
2694 1784 2721 1823 a
2773 1768 3038 1824 Belisario
3070 1777 3253 1839 gestas
3287 1767 3499 1822 descri-

209 1865 400 1935 σάριον
455 1864 569 1935 (6)·
605 1864 681 1927 ὡς
713 1863 975 1934 Καόἁδης
1028 1866 1058 1918 ὁ
1105 1862 1334 1934 Περσῶν
1390 1862 1643 1933 βασιλεὺς
1694 1862 1801 1915 Χο-

207 1957 344 2032 σρόῃ
368 1955 450 2027 τῷ
480 1955 633 2010 παιδὶ
673 1956 927 2029 νεωτέρῳ
969 1955 1079 2009 τῶν
1122 1955 1300 2011 ἄλλων
1330 1955 1463 2006 υἱῶν
1496 1954 1608 2008 om
1642 1970 1802 2020 περι-

208 2048 387 2103 θεῖναι
416 2048 520 2119 τὴν
552 2047 835 2118 βασιλείαν
872 2047 1177 2117 βουληθεὶς,
1220 2047 1467 2118 βούλεται
1509 2045 1650 2099 ὥστε
1687 2045 1799 2115 (47)

208 2141 288 2212 τῷ
310 2140 531 2212 βασιλεῖ
564 2140 856 2210 Ῥωμαίων
874 2141 931 2203 ἐς
963 2140 1118 2194 Θετὺν
1145 2140 1261 2193 υἱὸν
1310 2138 1606 2193 ἐπιδιδόναι
1634 2139 1681 2171 ⁸³
1709 2142 1802 2191 τον

206 2232 490 2304 Χοσρόην,
538 2232 628 2285 ἵνα
659 2230 912 2285 ἐντεῦθεν
949 2230 1335 2300 ἀσφαλέστατα
1387 2228 1538 2299 αὐτῷ
1588 2231 1620 2299 ἡ
1658 2228 1802 2299 ἀρχὴ

208 2323 510 2394 διατεθείη.
569 2322 791 2395 Ἐπειδὴ
840 2322 1026 2378 τοίνυν
1087 2321 1264 2393 τούτῳ
1310 2322 1635 2393 διήμαρτον,
1686 2324 1802 2375 είσ-

208 2417 416 2488 ηγήσει
452 2415 725 2485 Πρόκλου,
755 2415 815 2478 ὃς
838 2415 1195 2486 παρεδρεύων
1218 2412 1585 2484 ’ῐουστινιανῷ
1624 2413 1802 2467 κοιαί-

209 2525 361 2579 στωρ
402 2508 784 2580 καθειστήκει.
832 2508 927 2562 ἐπὶ
965 2510 1138 2579 μείζω
1162 2508 1264 2580 τὴν
1310 2507 1448 2578 πρὸς
1496 2505 1804 2577 Ῥωμαίους

207 2600 413 2671 ἔχθραν
441 2600 733 2671 ἐξήγαγον.
782 2599 1203 2653 Φιλοπονώτατα
1252 2597 1547 2669 τοιγαροῦν
1574 2595 1802 2668 κομψῶς

205 2711 265 2747 τε
300 2695 402 2747 καὶ
433 2693 634 2760 λογίως
661 2692 972 2746 ὲκτέθειται
1022 2691 1103 2763 τῷ
1135 2689 1287 2761 αὑτῷ
1322 2689 1635 2761 Προκοπίῳ,
1664 2690 1701 2744 ἃ
1736 2690 1800 2761 δὴ

209 2784 532 2854 πέπρακται
562 2781 670 2835 ΰπδ
695 2780 1005 2854 Βελισαρίῳ
1055 2780 1454 2852 στρατηγοῦντι
1499 2778 1610 2834 τῶν
1649 2778 1801 2851 ἑῴων

207 2874 499 2945 δυνάμεων
539 2873 837 2941 Ῥωμαίοις
871 2891 932 2927 τε
957 2873 1052 2928 καὶ
1090 2874 1331 2944 Πέρσαις
1370 2871 1509 2943 πρὸς
1536 2871 1804 2943 ἀλλήλους

209 2965 536 3036 πολεμοῦσι.
565 2964 800 3036 Πρώτην
825 2966 925 3037 μὲν
949 2965 1044 3021 οὖν
1067 2965 1225 3036 νίκην
1240 2966 1530 3036 Ῥωμαίων
1560 2965 1804 3036 ἀναγρά-

208 3075 300 3128 φει
328 3060 465 3128 περὶ
504 3057 573 3110 τὰ
601 3058 783 3129 χωρία
810 3057 994 3126 Δάρας
1021 3075 1084 3111 τε
1119 3059 1214 3112 καὶ
1241 3058 1536 3123 Νισίϐεως,
1568 3057 1802 3111 Βελισα-

213 3127 332 3218 ρίου
379 3127 746 3221 Ἑρμογένους
797 3167 859 3204 τε
909 3145 978 3205 αὖ
1007 3151 1076 3204 τὰ
1112 3150 1406 3221 Ῥωμαίων
1458 3149 1802 3222 στρατόπεδα
1828 3127 1872 3186 c

209 3241 680 3313 διακοσμούντων.
710 3237 808 3306 Οἷς
859 3242 1225 3297 ἑπισυνάπτει
1256 3244 1352 3297 καὶ
1382 3244 1482 3298 ὅσα
1512 3243 1656 3297 κατὰ
1703 3242 1803 3314 τὴν

222 3334 532 3407 ’Δρμενίων
554 3335 747 3404 γέγονε
775 3333 985 3406 χώραν,
1005 3330 1095 3391 οἷά
1115 3352 1176 3389 τε
1204 3336 1348 3392 κατὰ
1374 3336 1476 3407 τὴν
1517 3335 1805 3406 Ῥωμαίων

210 3428 513 3501 εἰργάσατο
555 3428 662 3499 γῆν
698 3428 1137 3501 Ἀλαμούνδαρος
1196 3429 1305 3483 τῶν
1335 3428 1626 3502 Σκηνητῶν
1657 3429 1806 3500 Βαρ-

207 3520 398 3592 ϐάρων
426 3519 732 3592 ἡγούμενος
749 3536 761 3549 ⁶
789 3521 850 3586 ὃς
875 3522 971 3576 καὶ
995 3522 1372 3592 Τιμόστρατον
1391 3521 1483 3574 τὸν
1518 3520 1803 3589 Ῥουφίνου

209 3613 443 3682 ἀδελφὸν
469 3613 570 3668 σὺν
596 3616 710 3678 τοῖς
734 3614 873 3685 ἀμφ’
904 3613 1070 3669 αὐτὸν
1101 3613 1467 3685 στρατιώταις
1493 3611 1802 3684 ἐζώγρησε,

211 3705 306 3759 καὶ
339 3705 646 3777 χρημάτων
681 3704 909 3775 ὕστερον
934 3704 1193 3777 μεγάλων
1218 3704 1474 3770 ἀπέδοτο,

827 3818 1081 3875 ΚΕΦΑΛ.
1108 3818 1208 3873 lI".

211 3912 356 3982 Περὶ
424 3912 949 3983 ’Δλαμουνδάροω
1003 3912 1126 3983 και-Λ
1162 3907 1483 3983 Ἀζαρέθου,
1533 3912 1630 3966 καὶ
1696 3909 1807 3979 τῆς

280 3980 353 4106 ἐς
376 3980 688 4109 ᾗῗζανίτίῳ
719 3983 997 4050 στάσεως
1050 3980 1163 4052 τῆς
1188 3980 1452 4050 ἐπίκλην
1492 3983 1807 4049 λαϐούσης

276 4070 311 4107 τ
457 4071 554 4109 κα.

204 4146 215 4163 ⁸
278 4144 620 4217 Περιπαθῶς
644 4145 874 4218 διεξίησι
906 4145 1003 4200 καὶ
1036 4145 1136 4217 τὴν
1194 4143 1289 4199 τοῦ
1328 4143 1658 4214 λελεγμένου
1714 4160 1805 4214 μοι

221 4234 671 4308 Ἀλαμουνδὰρου
726 4239 823 4292 καὶ
862 4235 1163 4306 Ἀζαρέοου
1206 4237 1349 4290 κατὰ
1381 4235 1483 4304 τῆς
1516 4235 1804 4304 Ῥωμαίων

207 4324 317 4396 γῆς
350 4326 560 4395 ἔφοδον,
589 4327 741 4390 ὅπως
768 4343 831 4380 τε
857 4325 1071 4390 τούτοις
1107 4326 1209 4396 τὴν
1237 4324 1434 4394 ἄφοδον
1462 4324 1559 4377 ἐπὶ
1576 4324 1645 4377 τὰ
1674 4322 1805 4392 σφέ-

206 4435 348 4490 τερα
368 4420 717 4490 ποιουμένοις
746 4420 883 4491 πρὸς
912 4418 1034 4490 βίας
1062 4417 1154 4472 τοῦ
1190 4418 1396 4473 οἰκείου
1429 4416 1686 4489 στρατοῦ,
1710 4418 1806 4471 ἐπὶ

1903 1861 2063 1926 hens,
2091 1870 2283 1916 narrat
2316 1860 2590 1917 Cavadem
2619 1862 2913 1917 Persarum
2954 1876 3160 1933 regem,
3197 1876 3322 1915 eum
3353 1857 3499 1916 Cho-

1904 1953 2016 2009 sroi
2044 1952 2282 2007 ﬁliorum
2308 1967 2537 2008 suorum
2566 1961 2699 2008 natu
2728 1953 2961 2007 minimo
3002 1967 3231 2024 regnum
3270 1952 3493 2007 tradere

1901 2045 2088 2108 vellet,
2121 2044 2429 2114 postulasse
2473 2045 2635 2115 395
2681 2045 2751 2099 ab
2791 2045 3126 2114 imperatore
3149 2044 3402 2097 Romano
3435 2050 3497 2097 ut

1904 2149 2031 2190 eum
2078 2134 2187 2190 sibi
2233 2134 2407 2190 ﬁlium
2459 2135 2777 2205 adoptaret,
2826 2144 2887 2189 ut
2931 2134 3141 2188 scilicet
3186 2133 3292 2187 hoc
3337 2141 3498 2201 pacto

1904 2227 2117 2284 ﬁrmius
2160 2228 2240 2284 illi
2288 2245 2518 2300 regnum
2558 2237 2866 2299 pararetur.
2904 2225 3009 2283 Sed
3042 2242 3169 2282 cum
3220 2227 3499 2296 repulsam

1903 2335 2100 2390 passus
2147 2331 2295 2376 esset
2335 2319 2607 2385 Cavades,
2657 2335 2822 2374 suasu
2866 2318 3067 2383 Procli,
3117 2318 3210 2389 qui
3259 2328 3499 2388 quaestor

1902 2411 2217 2468 Iustiniano
2274 2412 2512 2483 principi
2574 2411 2891 2477 assidebat;
2947 2410 3078 2466 hinc
3128 2410 3319 2465 odium
3377 2411 3500 2479 ejus

1903 2503 2169 2559 adversus
2207 2503 2489 2559 Romanos
2518 2511 2739 2558 auctum
2767 2503 2959 2559 fuisse.
2992 2503 3165 2557 Porro
3190 2503 3333 2557 idem
3360 2502 3498 2556 Pro-

1906 2597 2102 2668 copius
2127 2597 2551 2668 diligentissime
2572 2596 2736 2651 simul
2766 2604 2825 2649 et
2846 2594 3253 2666 elegantissime
3274 2595 3502 2662 exponit

1903 2706 1971 2747 ea
2015 2707 2138 2761 qua:
2189 2698 2344 2762 gesta
2390 2699 2523 2745 sunt
2568 2705 2599 2744 a
2640 2687 2908 2743 Belisario
2952 2686 3246 2741 orientalis
3286 2686 3501 2740 militia:

1903 2784 2194 2855 magistro,
2241 2782 2509 2838 Romanis
2549 2790 2606 2837 et
2642 2781 2829 2835 Persis
2863 2779 3006 2833 inter
3053 2794 3112 2833 se
3147 2777 3353 2833 bellum
3399 2794 3497 2847 ge-

1904 2876 2179 2933 rentibus.
2212 2875 2453 2931 Primam
2483 2874 2651 2946 igitur
2678 2873 3055 2927 Romanorum
3086 2867 3373 2924 victoriam
3411 2883 3499 2922 rc-

1902 2968 2010 3025 l'ert
2067 2968 2215 3024 circa
2267 2968 2441 3023 Daras
2491 2981 2557 3021 ac
2605 2964 2857 3029 Nisibin,
2918 2978 3044 3019 cum
3092 2961 3391 3017 Belisarius
3444 2966 3502 3015 et

1903 3061 2282 3132 Hermogenes
2318 3060 2572 3115 Romano
2604 3057 2873 3114 exercitui
2900 3063 3224 3127 praeessent.
3258 3052 3503 3124 Subiun-

1904 3154 1984 3227 git
2011 3154 2215 3210 deinde
2246 3169 2338 3210 res
2371 3153 2427 3207 in
2456 3152 2946 3229 Armeniagestas,
2978 3148 3311 3219 quantisque
3336 3144 3501 3200 malis

1906 3246 2225 3317 provincias
2284 3245 2661 3300 Romanorum
2720 3239 2999 3297 attriverit
3058 3237 3501 3301 Alamundarus,

1910 3340 2255 3397 Scenitarum
2286 3339 2654 3395 Barbarorum
2684 3335 2929 3407 regulus.
2965 3333 3069 3401 Qui
3105 3332 3272 3388 etiam
3308 3330 3500 3385 Timo-

1908 3440 2145 3488 stratum
2195 3431 2379 3486 Ruﬁni
2435 3430 2664 3485 fratrem
2716 3442 2841 3483 cum
2901 3425 3181 3481 universis
3234 3423 3505 3478 militibus

1906 3538 2048 3594 quos
2075 3522 2359 3585 ductabat,
2389 3520 2576 3575 vivum
2614 3519 2785 3588 cepit,
2825 3530 3131 3589 magnaque
3163 3512 3413 3585 pecunia:
3449 3510 3502 3567 vi

1905 3625 2030 3686 post
2065 3615 2184 3671 haec
2209 3614 2558 3684 redemptum
2588 3611 2822 3667 dimisit.

2532 3812 2686 3871 CAP.
2729 3812 2872 3868 XIII.

1906 3907 1985 3963 De
2009 3871 2383 3964 Aldmundaro
2408 3879 2751 3960 et'Azaretho
2770 3921 2795 3965 ;
2816 3913 2864 3957 et
2895 3903 2960 3957 de
2983 3902 3242 3956 seditione
3262 3915 3377 3971 quae
3407 3917 3499 3971 or-

1978 3988 2049 4102 ἔπ’
2065 3988 2142 4033 est
2168 3974 2654 4047 Constantinopoli,
2691 3975 2774 4028 cui
2811 3989 3100 4044 cognomen
3129 3970 3361 4027 inditum
3400 3970 3503 4041 fuit

2034 4066 2145 4102 ικα.

1978 4141 2130 4196 ldem
2165 4139 2472 4212 supradicti
2504 4135 2866 4194 Alamundari
2912 4145 2970 4193 et
2992 4133 3267 4227 ~Azarethi
3307 4132 3502 4188 incur-

1910 4236 2126 4292 sionem
2151 4237 2207 4291 in
2241 4233 2560 4306 provincias
2584 4232 2805 4304 imperii
2834 4230 3065 4286 Romani
3097 4229 3379 4286 luculente
3406 4227 3504 4282 ad-

1912 4325 2140 4381 modum
2177 4333 2413 4380 narrat:
2455 4334 2513 4380 et
2540 4321 3012 4396 quemadmodum
3056 4320 3358 4375 Belisarius
3404 4332 3507 4375 co-

1909 4426 2076 4490 gente
2106 4421 2288 4489 ipsum
2315 4417 2587 4482 exercitu,
2604 4432 2701 4474 eos
2719 4416 2773 4471 in
2789 4415 3070 4487 regionem
3092 4430 3246 4471 suam
3267 4412 3507 4469 redeun-

1518 4552 1753 4609 VARIIE
1796 4553 2202 4611 LECTIONES.

283 4656 335 4689 ⁹⁶
358 4653 425 4711 C.
452 4654 516 4711 C.
551 4650 853 4708 ἐπιδοῦναι.

882 4810 913 4821 ς
1434 4764 1712 4821 VALESll
1745 4764 2196 4821 ANNOTATION
2206 4766 2306 4822 ES.

213 4905 437 4961 porum.
476 4886 640 4964 Tenet
680 4885 822 4964 enim
852 4884 1017 4939 vicem
1060 4879 1432 4964 apostolicam,
1472 4890 1522 4933 et
1562 4878 1812 4950 prwsidet

217 4952 331 5018 iam
364 4956 785 5029 metropolitanis
816 4971 984 5027 quam
1008 4952 1286 5076 episcoris.

289 5030 405 5076 (ιτι
445 5029 741 5076 Boius-ma
768 5022 946 5076 ὥστε.
990 5023 1109 5076 Νοιι
1138 5038 1171 5076 ιι
1197 5038 1286 5076 ace

289 5030 405 5102 (47)
445 5018 741 5102 Βοῦλις-ται
768 5018 946 5102 rbere.
990 5018 1109 5078 Non
1128 5018 1321 5102 placet
1352 5019 1673 5102 conjectura
1708 5018 1808 5102 do:

289 5038 405 5102 (l7)
445 5038 741 5084 Βούλει-ται
768 5038 946 5079 more.
990 5038 1109 5078 non
1177 5038 1321 5077 tacet
1352 5038 1673 5091 conjeuura
1708 5038 1808 5074 uo-

217 5108 440 5158 ctorum
486 5098 763 5162 virorum,
816 5094 912 5164 qui
970 5107 1075 5164 pro
1125 5038 1375 5163 ἕούλεται
1433 5089 1808 5145 emendarunt

1922 4879 2259 4950 βουλεύεται.
2281 4880 2473 4950 Neque
2504 4881 2654 4936 enim
2683 4880 2873 4935 Graece
2899 4877 3008 4933 dici
3040 4889 3221 4948 potest
3251 4880 3504 4949 βουλεύε-

1916 4949 2007 5022 ται
2040 4949 2201 5022 ὥστε,
2225 4962 2335 5006 etc.
2363 4949 2722 5022 Nicephorus
2744 4949 2798 5003 in
2836 4950 2934 5022 lib.
2970 4967 3096 5013 xvu,
3124 4967 3246 5020 cap.
3289 4952 3367 5013 l0,
3403 4968 3504 5022 pro

1918 5020 2004 5143 hiis
2041 5020 2262 5144 dpobus
2295 5020 2584 5075 vocabulis
2634 5019 2804 5075 habet
2839 5021 3115 5087 διενοεῖτο,
3152 5019 3300 5091 quod
3332 5019 3506 5094 magis

1918 5106 1949 5146 D
1973 5107 2069 5146 aee
2105 5130 2119 5145 .

1915 5106 2119 5160 placet.

1670 5231 2058 5292 VARIORUM.

285 5329 359 5400 (ο)
396 5329 560 5400 Κατὰ
586 5327 1015 5396 Βελισσὰριον.
1052 5327 1285 5400 Ducebat
1321 5326 1615 5400 Belisgrius
1648 5326 1812 5398 origi-

215 5397 346 5457 aet'n’
369 5416 439 5454 ea:
476 5398 765 5456 Germania
790 5415 911 5468 qua
950 5401 1092 5452 inter
1126 5398 1357 5468 Thracas
1380 5406 1431 5451 et
1461 5397 1676 5468 Illyrios
1702 5397 1810 5468 sita

216 5479 314 5553 est,
350 5469 542 5553 inquit
565 5467 908 5553 Procopius,
943 5469 1087 5553 Ιὶὺλι
1124 5467 1349 5553 .VandaIl.
1373 5483 1507 5553 cap.
1536 5467 1624 5553 ll.
1656 5467 1809 5550 Idem

214 5537 524 5610 Procopius
564 5539 726 5596 initio
758 5537 885 5595 libri
915 5555 975 5610 ιιι
1016 5537 1094 5593 De
1122 5538 1258 5593 bello
1283 5537 1664 5610 GothIIaudes
1689 5537 1811 5610 ejus

214 5607 483 5681 pluribus
521 5610 898 5681 persequitur,
929 5608 1441 5681 aitquegpratditum
1476 5624 1604 5681 eum
1635 5607 1811 5681 fuisse

218 5678 489 5753 singulari
523 5678 905 5746 continentia,
957 5678 1339 5734 muniﬁcentia
1371 5679 1429 5733 in
1474 5678 1700 5743 milites,
1750 5678 1809 5733 in

221 5750 393 5807 rebus
439 5750 704 5806 omnibus
737 5748 1002 5807 solertia:
1038 5749 1095 5805 in
1138 5748 1389 5805 adversis
1439 5748 1812 5807 imperturba-

223 5764 393 5807 renus
439 5764 704 5806 omnibus
737 5764 1002 5817 sotertta;
1038 5764 1095 5805 ιιι
1138 5764 1389 5805 οονθιειε
1439 5764 1806 5819 imperturba-

223 5828 340 5877 tum
388 5821 637 5877 animum
702 5820 1049 5889 ostendisse,
1097 5820 1153 5875 in
1213 5820 1499 5892 prosperis
1544 5818 1806 5890 superbia

1919 5344 2031 5383 non
2071 5327 2298 5382 elatum.
2341 5327 2529 5383 (Multa
2562 5326 2629 5381 de
2672 5326 2937 5382 Belisario
2984 5325 3282 5397 descripsit
3308 5327 3507 5383 Suidas

1917 5413 1987 5453 ex
2036 5407 2343 5454 memorato
2395 5398 2651 5468 Procopii
2692 5398 2882 5468 libro.)
2916 5396 3187 5454 Caeterum
3210 5403 3506 5454 excaecatio

1919 5468 2191 5526 Belisarii.
2212 5470 2565 5538 cleemosyna
2586 5469 2655 5523 ab
2677 5484 2745 5525 eo
2773 5470 2969 5538 petita,
2991 5468 3212 5538 aliaque
3239 5468 3291 5522 id
3308 5482 3504 5538 genus,

1917 5554 2043 5609 qua:
2083 5554 2150 5594 ex
2181 5538 2392 5595 Joanne
2441 5537 2642 5595 Tzetze
2681 5537 2841 5608 poeta
2883 5538 3094 5602 Graeco,
3120 5537 3360 5607 aliisque
3416 5554 3506 5593 re-

1919 5608 2263 5665 centioribus
2309 5611 2585 5666 Baronius
2620 5610 2839 5676 recitat,
2865 5618 3174 5665 commenta
3207 5617 3356 5673 sunt,
3381 5609 3509 5677 qui-

1916 5678 2067 5750 bus,
2093 5680 2429 5735 reclamante
2458 5680 2815 5750 antiquitate,
2862 5681 3013 5734 nulla
3048 5678 3186 5735 ﬁdes
3223 5678 3504 5748 habenda,

1916 5749 2099 5820 inquit
2132 5753 2263 5806 Ant.
2302 5750 2451 5821 Pagi,
2489 5751 2575 5823 ad,
2598 5749 2727 5806 ann.
2762 5752 2886 5819 5M,
2924 5766 2979 5804 ιι.
3025 5752 3077 5805 7.
