3982 6444
511 388 653 473 2727

1740 385 2056 447 EVAGRII
2096 384 2589 446 SCHOLASTICI

3651 394 3783 463 2728

514 515 623 565 tes,
647 499 804 571 juxta
856 498 1030 569 ripam
1092 500 1392 570 Euphratis
1435 515 1725 570 aggressus
1782 500 1875 564 sit,
1924 499 2098 553 immi-

2210 501 2333 562 ταῖς
2380 500 2527 569 ﬁds:
2588 498 2683 550 τού
2746 498 3033 568 Εὐφράτου
3090 498 3416 568 Βελισὰριος
3461 504 3779 576 συνεπλάκη,
3870 524 3873 525 ⁷

516 597 684 645 nente
715 589 805 643 die
837 589 978 642 festo
1004 588 1230 643 Pascha:
1263 607 1277 643 :
1315 599 1484 659 utque
1520 591 1897 643 Romanorum
1928 589 2103 658 copiae

515 684 712 737 deleta:
735 680 964 746 fuerint,
995 697 1121 735 cum
1155 681 1410 737 Belisarii
1445 682 1697 737 consiliis
1740 682 1966 737 minime
2001 681 2102 737 ob-

517 783 958 843 temperassent:
985 773 1227 843 denique
1258 773 1545 843 quomodo
1579 771 1830 828 Bullinus
1868 781 1925 828 et
1956 772 2101 828 Her-

513 881 772 935 mogenes
814 881 1005 935 pacem
1040 881 1162 921 eam
1196 882 1320 937 quae
1354 865 1791 920 interminabilis
1814 865 1959 920 dicta
1991 873 2098 930 est,

510 972 636 1010 Clltll
665 958 850 1010 Persis
885 956 1222 1027 pepigerint.
1255 957 1507 1012 Posthaec
1526 957 1817 1029 subiungit
1849 961 1919 1013 de
1951 958 2097 1012 sedi.

512 1050 663 1103 tione
694 1049 873 1118 plebis
897 1048 1552 1119 Consmntinopolitante,
1601 1052 1691 1107 cui
1746 1052 2099 1123 popularium

511 1151 719 1194 tessera
753 1140 1085 1194 vocabulum
1130 1140 1305 1194 dedit.
1343 1141 1475 1196 Nica
1520 1142 1671 1197 enim
1725 1143 1844 1199 haec
1898 1144 2101 1199 seditio

509 1229 900 1299 cognominata
941 1238 1049 1293 est,
1082 1244 1149 1283 eo
1182 1229 1332 1299 quod
1377 1232 1620 1301 populus
1665 1232 1719 1285 in
1747 1248 1916 1286 unum
1968 1246 2102 1286 con-

507 1330 785 1390 gregatus,
833 1318 1246 1373 internoscendi
1277 1321 1363 1374 sui
1416 1337 1582 1376 causa
1636 1329 1905 1379 tesseram
1957 1322 2100 1376 hanc

507 1412 610 1465 sibi
643 1420 838 1465 mutuo
866 1411 1134 1466 dedisset.
1167 1412 1284 1480 Qua
1332 1414 1390 1468 in
1430 1414 1707 1469 seditione
1739 1415 2009 1485 llypatius
2042 1424 2101 1469 et

508 1504 825 1573 Pompeius,
858 1509 1090 1573 cogente
1123 1504 1306 1573 plebe,
1327 1505 1675 1576 tyrannidem
1712 1506 2096 1576 arripuerunt.

508 1598 618 1651 Sed
656 1614 782 1651 mox
812 1597 1028 1651 devicta
1066 1596 1249 1667 plebe,
1286 1607 1524 1668 uterque
1570 1614 1766 1653 eorum
1797 1598 2095 1653 Justiniani

502 1691 659 1758 jussu
695 1705 725 1742 a
753 1689 1025 1742 militibus
1059 1689 1240 1759 capite
1268 1691 1505 1751 truncati
1528 1701 1583 1745 et
1608 1705 1661 1742 In
1686 1707 1839 1747 mare
1881 1691 2101 1745 demer-

506 1783 550 1835 si
583 1792 736 1836 sunt.
769 1782 1014 1853 Triginta
1048 1798 1217 1854 porro
1254 1783 1543 1838 hominum
1572 1783 1748 1838 millia
1791 1784 1848 1838 in
1874 1783 1983 1838 hoc
2007 1794 2098 1840 tu-

504 1875 681 1928 multu
706 1890 839 1929 oceu
851 1876 1035 1929 buisse
1067 1876 1377 1946 Procopius
1408 1875 1623 1931 scribit.

1133 2006 1290 2062 CAP.
1326 2007 1467 2064 XIV.

506 2123 583 2177 De
614 2124 1266 2199 Hunericojl’andalorum
1294 2143 1435 2197 rege,
1463 2134 1511 2199 et
1536 2127 1600 2199 de
1621 2126 1939 2183 Christianis
1977 2129 2095 2199 qui-

876 2197 970 2250 bus
1014 2196 1255 2267 linguam
1297 2196 1514 2269 praecidi
1552 2198 1735 2266 jussit.

583 2390 640 2442 ιιι
666 2405 733 2443 eo
756 2399 940 2444 autem
971 2390 1120 2445 libro
1142 2407 1255 2462 quo
1277 2409 1367 2448 res
1385 2392 1711 2450 Vandalicas
1731 2396 1980 2467 exponit,
2005 2413 2095 2454 res

510 2481 778 2533 uenimus
814 2480 1007 2542 refert,
1045 2498 1385 2553 prorsusquc
1422 2484 1617 2555 dignas
1648 2502 1771 2556 qua:
1801 2489 2096 2559 sempiter-

509 2589 593 2626 me
631 2573 912 2626 hominum
955 2576 1237 2629 memoriae
1267 2577 1753 2636 eommendentur.
1789 2581 1896 2637 Eas
1924 2582 2093 2653 igitur

509 2665 614 2717 hoc
642 2666 763 2718 loco
791 2668 1262 2723 commemorabo.
1299 2668 1632 2736 llunerieus,
1656 2672 1752 2742 qui
1776 2681 1902 2742 post
1936 2673 2095 2729 Gise-

509 2756 686 2809 ricum
718 2757 1070 2812 litereditatio
1088 2760 1219 2829 jure
1245 2776 1477 2831 regnum
1503 2762 1768 2824 obtinuit,
1791 2779 1915 2818 cum
1946 2775 2095 2821 esset

507 2847 672 2918 396
696 2847 954 2912 Arianus,
995 2850 1342 2908 Christianos
1367 2853 1422 2906 in
1452 2853 1635 2909 Africa
1669 2854 1934 2926 degentes
1961 2873 2090 2912 cru-

507 2944 788 2998 delissime
822 2945 1043 2999 vexavit
1074 2963 1087 2998 :
1126 2962 1223 3000 eos
1250 2948 1347 3017 qui
1378 2957 1587 3003 rectam
1625 2948 1752 3005 fidei
1785 2951 2093 3008 doctrinam

508 3035 910 3103 sequebantur,
958 3053 1059 3107 per
1098 3039 1211 3092 vim
1255 3054 1458 3110 cogens
1502 3041 1570 3095 ad
1607 3041 1724 3096 Arii
1773 3044 2093 3113 opinionem

507 3126 824 3180 deflectere.
854 3126 911 3181 Si
942 3127 1037 3197 qui
1068 3143 1201 3183 vero
1231 3131 1509 3186 mandatis
1558 3133 1679 3203 ejus
1732 3134 1965 3190 minime
1991 3135 2093 3189 ob-

2204 594 2564 663 ὲπικειμὲνης
2590 593 2691 661 τῆς
2714 592 3028 661 Πασχαλίας
3055 594 3290 663 ἡμέρας,
3314 595 3412 646 καὶ
3432 594 3582 660 ὅπως
3606 599 3633 650 ὁ
3659 598 3779 652 Ῥω-

2208 686 2388 756 μαίων
2410 685 2677 757 διεφθάρη
2708 685 2962 757 στρατὸς,
3003 685 3113 737 τῶν
3143 685 3467 759 Βελισαρίου
3492 689 3775 760 βουλευμά-

2202 796 2313 833 των
2348 780 2449 834 οὐκ
2484 780 2889 851 ἀνασχόμενος·
2924 782 3075 843 ὅπως
3105 798 3167 834 τε
3217 782 3504 852 Ῥουφῖνος
3534 784 3628 837 καὶ
3665 784 3777 856 Ἐρ-

2207 871 2443 942 μογένης
2477 872 2575 942 τὴν
2629 871 2977 942 καλουμένην
3026 872 3336 943 ἀπέραντον
3385 875 3611 946 εἰρήνην
3654 878 3775 948 προς

2203 963 2422 1034 Πέρσας
2448 964 2727 1035 διέθηκαν.
2758 960 2855 1029 Οἷς
2910 964 3108 1034 ἐπάγει
3136 966 3235 1037 τὴν
3259 966 3365 1021 άνά
3404 968 3466 1020 τὸ
3503 968 3776 1032 Βυζάντιον

2202 1057 2507 1127 γενομένην
2537 1057 2645 1111 τῶν
2695 1058 2948 1128 δημοτῶν
2997 1052 3280 1133 στάσιν,ᾗ
3331 1061 3777 1129 προσηγορίαντὺ

2205 1148 2452 1221 σύνθεμα
2480 1149 2592 1203 τῶν
2647 1150 2837 1221 δήμων
2867 1152 3089 1205 δέδωκε.
3123 1150 3197 1204 Τὸ
3225 1150 3374 1203 Νίκα
3408 1150 3485 1221 (d)
3535 1151 3640 1222 γὰρ
3669 1153 3775 1207 ἐπί-

2203 1246 2401 1311 κλησιν
2425 1240 2662 1303 ποιοῦσι,
2699 1242 2856 1295 τοῦτο
2882 1244 2994 1296 τῶν
3015 1243 3206 1313 δήμων
3218 1242 3472 1311 ἀλλήλοις
3499 1245 3775 1312 συναφθέν-

2201 1351 2312 1387 των
2363 1334 2609 1404 σύνθεμα
2635 1335 2835 1387 δόντων
2859 1337 2956 1405 τῆς
2984 1338 3042 1398 ἐς
3065 1334 3329 1406 ἀλλήλους
3352 1334 3622 1402 γνώσεως.
3649 1337 3771 1389 Καθ’

2201 1423 2543 1495 ἢνΎπάτιός
2572 1442 2632 1478 τε
2658 1428 2751 1479 καὶ
2776 1428 3060 1496 Πομπήϊος
3095 1426 3402 1497 βιασθήτην
3422 1426 3522 1494 μὲν
3550 1427 3650 1478 ὑπὸ
3678 1427 3771 1478 τῶν

2200 1521 2389 1590 δήμων
2424 1520 2563 1591 πρὸς
2591 1522 2693 1589 τὴν
2741 1521 3052 1590 τυραννίδα.
3101 1520 3386 1590 Ἐκατέρῳ
3428 1520 3485 1572 δὲ
3521 1520 3652 1588 πρὸς
3675 1520 3771 1571 τῶν

2203 1612 2557 1683 στρατιωτῶν
2587 1613 2926 1684 κελεύμασιν
2973 1611 3359 1667 ’1ουστινιανοῦ
3394 1612 3493 1683 τὴν
3550 1611 3771 1683 κεφαλὴν

2201 1704 2546 1776 ἀποθεμένῳ,
2580 1706 2995 1776 κατεποντώθη,
3026 1706 3135 1760 τῶν
3187 1706 3381 1775 δήμων
3423 1703 3767 1774 ήσσηθέντων.

2203 1797 2335 1850 Ὅτε
2360 1797 2454 1849 καὶ
2484 1799 2775 1866 τριάκοντα
2800 1798 3046 1867 χιλιάδας
3079 1799 3139 1852 ὲν
3168 1797 3249 1866 τῷ
3278 1798 3431 1868 πόνῳ
3455 1796 3649 1867 τούτῳ,
3678 1813 3771 1865 φη-

2132 1886 2180 1946 Β
2212 1891 2297 1943 σὶν
2328 1892 2356 1943 ὁ
2382 1892 2689 1960 Προκόπιος
2724 1890 3030 1961 ἀνθρώπων
3060 1890 3385 1945 ἀπολέσθαι.

2818 2029 3069 2082 ΚΕΦΑΛ.
3102 2027 3205 2082 1Δ’.

2202 2132 2349 2207 Περὶ
2408 2132 2731 2201 Ὀνωρίχου
2781 2136 2888 2189 τοῦ
2945 2138 3260 2191 Βανδιλων
3317 2137 3624 2207 ἄρχοντος,
3680 2140 3762 2192 καὶ

2276 2202 2396 2283 τῶῖ
2426 2206 3057 2275 τλωσσοτομηυέντων
3103 2202 3485 2277 Χριστιανῶν·
3523 2202 3651 2278 παρ’
3674 2212 3767 2264 (ιὺ⁴

2273 2290 2404 2327 του.

2273 2410 2365 2481 Τῷ
2392 2411 2543 2483 αὑτῷ
2579 2411 2649 2466 τά
2694 2412 2837 2465 κατά
2872 2412 3159 2477 Βανδίλους
3207 2416 3500 2485 γράφοντι,
3559 2415 3763 2486 μέγιστα

2198 2503 2460 2567 τέθειται,
2509 2504 2604 2558 καὶ
2636 2507 2861 2576 μνήμης
2892 2507 2949 2570 ὲς
3003 2508 3090 2559 ἀεὶ
3117 2508 3528 2580 διασωζομένης
3575 2509 3706 2573 ἀξια,
3731 2507 3763 2562 ἃ

2199 2596 2372 2663 λέξων
2394 2596 2649 2668 ἔρχομαι.
2694 2597 2984 2669 Ὀνώριχος
3021 2598 3091 2671 (e)
3124 2601 3224 2670 τὴν
3249 2600 3530 2669 βασιλείαν
3546 2602 3608 2654 ἐκ
3635 2601 3764 2663 Γιζε-

2203 2690 2356 2761 ρίχου
2380 2691 2788 2762 διαδεξάμενος,
2819 2695 2888 2747 τά
2921 2710 2982 2745 τε
3023 2695 3235 2766 Ἀρείου
3261 2695 3605 2765 θρησκεύων,
3634 2693 3755 2764 ὡμό-

2199 2800 2339 2837 τατα
2394 2783 2661 2839 διετίθετο
2718 2786 2867 2856 ἀμφὶ
2895 2788 3027 2849 τοὺς
3079 2789 3139 2841 ὲν
3174 2788 3353 2859 Λιϐύῃ
3412 2787 3759 2859 Χριστιανοὺς,

2200 2874 2422 2938 τοὺςτά
2462 2875 2599 2947 ὀρθά
2637 2878 3048 2949 πρεσϐεύοντας
3081 2880 3335 2948 δόγματα
3371 2880 3673 2951 βιαζόμενος
3713 2880 3760 2939 ἐς

2199 2966 2300 3036 τήν
2329 2968 2628 3038 Ἀρειανῶν
2693 2971 3083 3041 μετατίθεσθαι
3133 2973 3322 3041 δόξαν⁹
3353 2973 3448 3027 καὶ
3469 2973 3589 3037 τούς
3614 2989 3668 3027 τε
3698 2972 3760 3041 μὴ

2204 3059 2559 3125 ὑπείκοντας,
2624 3061 2760 3133 πυρί
2810 3079 2874 3115 τε
2924 3064 3022 3117 καὶ
3069 3063 3299 3134 μυρίαις
3346 3064 3590 3119 θανάτων
3619 3063 3759 3124 ἰδέαις

2203 3152 2459 3223 ἔφθειρεν
2480 3168 2494 3183 ο
2529 3152 2708 3217 ἐνίους
2750 3154 2809 3207 δὲ
2836 3157 2937 3219 τὰς
2963 3155 3220 3223 γλώσσας
3256 3158 3530 3226 ἀφείλετο.
3554 3156 3759 3217 Τούτους

509 3227 935 3287 temperassent,
978 3235 1077 3274 eos
1112 3220 1204 3276 ille
1235 3232 1331 3277 aut
1362 3223 1618 3289 ﬂammis,
1646 3236 1743 3281 aut
1766 3227 1875 3281 alio
1900 3228 2097 3283 mortis

2203 3220 2299 3296 καὶ
2324 3220 2389 3313 τῇ
2418 3241 2516 3313 θέᾳ
2549 3244 2889 3315 παραϐαλεῖν
2944 3220 3058 3317 (l8)
3110 3250 3139 3301 ὁ
3169 3220 3478 3319 Προκόπιος
3504 3249 3621 3320 ἔφη,
3649 3246 3758 3317 πρὸς

510 3332 715 3386 genere
748 3317 1141 3373 interficiebat.
1170 3318 1511 3385 Quibusdam
1535 3337 1669 3393 vero
1701 3321 1918 3393 linguas
1934 3324 2100 3394 jussit

512 3409 783 3463 abscindi.
823 3408 933 3464 Hos
962 3411 1030 3465 ab
1066 3427 1123 3466 se
1158 3414 1308 3467 visos
1343 3428 1468 3466 esse
1502 3423 1739 3469 testatur
1772 3414 2096 3485 Procopius,

511 3518 637 3555 cum
674 3500 888 3572 profugi
914 3503 1201 3557 venissent
1225 3503 1806 3575 ConstantinOpolim;
1836 3521 2007 3576 seque
2037 3507 2101 3560 il-

511 3596 595 3647 los
641 3595 873 3663 perinde
924 3594 1216 3664 loquentes
1251 3596 1533 3651 audivisse
1582 3613 1647 3651 ac
1685 3597 1731 3652 si
1781 3598 1921 3652 nihil
1953 3599 2100 3669 passi

507 3695 714 3741 essent.
760 3686 826 3740 Et
885 3687 1105 3758 linguas
1173 3688 1399 3758 quidem
1442 3689 1527 3743 eis
1561 3688 1830 3745 radicitus
1886 3691 2099 3746 excisas

508 3779 680 3833 fuisse
710 3796 723 3832 :
762 3794 954 3834 vocem
992 3787 1174 3835 tamen
1218 3795 1316 3836 eos
1345 3781 1694 3835 articulatam
1725 3781 2012 3847 habuisse,
2034 3797 2099 3837 ac

508 3874 771 3929 distincte
802 3874 1021 3930 locutos
1056 3891 1204 3937 esse.
1243 3891 1389 3930 novo
1420 3886 1588 3946 atque
1624 3876 1894 3931 inusitato
1932 3877 2100 3932 mira-

506 3969 655 4022 culo.
698 3968 907 4022 llorum
950 3968 1161 4023 mentio
1220 3968 1279 4022 lit
1331 3969 1499 4023 etiam
1562 3968 1618 4023 in
1675 3967 2094 4024 Constitutione

507 4060 831 4117 Iustiniani.
861 4061 942 4115 Ex
978 4061 1186 4132 quibus
1229 4061 1373 4117 duos
1403 4062 1587 4132 lapsos
1626 4076 1750 4117 esse
1792 4062 2100 4132 Procopius

508 4154 726 4209 scribit.
772 4154 910 4209 Nam
951 4154 1217 4224 quoniam
1257 4170 1385 4211 cum
1429 4154 1763 4211 mulieribus
1817 4154 2098 4211 commisti

508 4247 752 4313 fuerant,
789 4263 982 4303 vocem
1008 4247 1235 4318 penitus
1258 4249 1597 4315 amiserunt,
1633 4248 1889 4320 martyrii
1922 4246 2100 4319 gratia

508 4341 581 4395 ah
606 4341 715 4395 illis
746 4340 1001 4411 protinus
1030 4338 1350 4397 recedente.

2201 3333 2302 3403 τὴν
2350 3334 2620 3403 βασιλέως
2668 3337 2998 3406 γενομένους
3041 3338 3197 3392 πόλιν
3222 3342 3420 3394 αὐτόσε
3452 3342 3758 3412 διαδράντας,

2200 3427 2447 3496 ἐντυχεῖν
2478 3443 2542 3479 τε
2586 3429 2770 3493 αὐτοῖς
2795 3428 2885 3483 ῐσα
2913 3432 3030 3495 τοῖς
3072 3433 3239 3503 μηδὲν
3273 3435 3564 3488 πεπονθόσι
3617 3431 3760 3501 φθεγ-

2201 3522 2479 3594 γομένοις.
2517 3524 2631 3578 Καὶ
2659 3525 2759 3589 τάς
2820 3528 2920 3598 μὲν
2950 3528 3207 3596 γλώσσας
3254 3530 3317 3595 ἐξ
3369 3527 3534 3584 αὐτοῦ
3564 3526 3649 3581 τοῦ
3674 3538 3761 3575 πυ-

2202 3615 2399 3685 θμένος
2437 3617 2817 3689 ἀνακεκὰρθαι
2839 3635 2853 3651 ⁸
2889 3620 2990 3690 τὴν
3020 3620 3079 3673 δὲ
3103 3621 3290 3692 φωνὴν
3320 3622 3499 3683 αὐτοῖς
3536 3614 3761 3687 ἔναρθρον

2204 3701 2367 3773 εἶναι,
2404 3708 2501 3760 καὶ
2541 3707 2766 3778 εὕσημα
2830 3708 3217 3778 διαλέγεσθαι·
3276 3710 3462 3779 θαῦμα
3496 3707 3669 3760 καινόν
3713 3718 3759 3754 τε

2206 3797 2303 3851 καὶ
2342 3798 2650 3869 παράδοξον
2669 3815 2684 3831 ·
2716 3792 2793 3853 ὧν
2820 3800 2918 3854 καὶ
2981 3802 3271 3855 ἰουστίνου
3324 3800 3559 3866 διάταξις
3584 3811 3760 3869 μνημοο

2204 3888 2374 3946 νεύει.
2417 3889 2510 3955 Ἐξ
2562 3883 2639 3944 ὧν
2682 3892 2777 3945 καὶ⁵
2814 3890 2911 3946 δύο
2948 3893 3452 3973 παρολισθησάτην.
3500 3891 3574 3954 ὡς
3622 3885 3757 3946 αὑτδς

2204 3981 2517 4052 ἀναγράφει
2561 3984 2890 4055 Προκόπιος.
2935 3986 3154 4055 Ἐπειδὴ
3205 3987 3319 4059 γὰρ
3376 3983 3623 4055 γυναιξὶν
3659 3980 3757 4046 ὁμι-

2204 4071 2319 4126 λεῖν
2374 4073 2786 4148 ἑϐουληθήτην,
2839 4076 2939 4146 τὴν
3005 4076 3193 4149 φωνήν
3241 4076 3629 4150 ἀφῃρεθήτην,
3679 4065 3756 4120 τοῦ

2210 4166 2516 4238 μαρτυρίου
2557 4166 2662 4239 τῆς
2707 4169 2935 4239 χάριτος
2972 4169 3160 4223 αὑτοῖν
3209 4172 3412 4241 μηκέτι
3446 4157 3757 4238 παραμεινά-

2208 4272 2330 4326 σης.

1716 4496 1804 4552 VA
1814 4496 1986 4554 LESIl
2028 4496 2594 4556 ANNOTATIONES.

580 4640 692 4763 ξιξ)
738 4638 816 4709 Τῇ
982 4640 1372 4722 παραϐαλεῖν.
1414 4638 1781 4694 Scribendum
1810 4646 1897 4694 est
1918 4655 2098 4709 παρα-

615 4730 716 4763 ειν.
758 4723 821 4763 ιιι
867 4727 973 4763 iam
1021 4713 1115 4763 aln
1162 4719 1291 4763 ante
1344 4724 1450 4763 nos
1487 4711 1881 4763 observarunt.
1923 4709 2098 4763 Porro

2212 4638 2609 4695 Thunonensis
2645 4640 2697 4691 in
2729 4642 3009 4707 Chronico,
3042 4651 3332 4699 constnatu
3365 4642 3523 4699 tertio
3548 4628 3750 4715 Zenonis

2204 4711 2465 4763 Auuusti.
2509 4711 2578 4763 Et
2605 4710 2794 4763 Victor
2835 4711 3077 4763 Vitensis
3111 4713 3164 4763 in
3192 4714 3290 4763 lib.
3328 4712 3402 4763 De
3434 4712 3749 4763 persecutione

507 4709 716 4773 nam,
758 4723 821 4765 ιιι
861 4712 973 4780 jam
1021 4712 1115 4765 alii
1162 4719 1291 4766 ante
1344 4724 1450 4781 nos
1487 4711 1881 4781 observarunt.
1923 4709 2098 4764 Porro
2132 4715 2174 4769 D
2204 4711 2465 4781 Augusti.
2509 4711 2578 4765 Et
2605 4710 2794 4781 Victor
2835 4711 3077 4767 Vitensis
3111 4713 3164 4766 in
3191 4714 3290 4767 lib.
3328 4712 3402 4766 De
3434 4709 3749 4781 persae-unaue

506 4785 575 4837 de
612 4782 697 4854 his
730 4779 1145 4854 confessoribus
1187 4779 1482 4839 Africanis.
1508 4780 1743 4854 quibus
1781 4780 2098 4854 Hunericus
2200 4779 2636 4854 Vandqlorumi
2681 4780 3037 4854 _Justinianus
3091 4783 3335 4854 denique
3388 4779 3668 4854 itnperator
3705 4782 3750 4854 l_l}

510 4869 606 4907 rex
660 4853 1026 4926 Vandalorum
1051 4852 1315 4926 linguam
1358 4844 1581 4926 praecidi
1611 4850 2097 4926 jusserat,_et__qui
2200 4850 2342 4926 l_ege_
2370 4851 2405 4926 l_
2441 4851 2510 4926 de
2548 4850 2733 4926 officio
2777 4853 3022 4926 praefecti
3067 4844 3327 4926 [ιι-εειοίἰο
3361 4844 3568 4926 Africae.
3605 4844 3750 4926 Q9?!“

511 4925 862 4994 postmodum
912 4913 1221 4994 loquian
1257 4913 1628 4994 "destiterunt:
1676 4913 1924 4994 praecisis
1969 4913 2102 4994 licet
2202 4913 2503 4994 Juistiniani
2539 4913 3006 4994 constitutionem
3048 4913 3213 4993 paulo
3258 4935 3378 4994 post
3431 4919 3606 4975 laudat
3633 4913 3750 4994 Ενξξυ

510 4988 735 5062 linguis,
782 4988 1033 5062 loquitur
1073 4993 1426 5046 Marcellinus
1470 4988 1762 5062 Comes’in
1817 4988 2099 5062 Chronica,
2204 4990 2357 5061 grius
2380 4999 2572 5045 noster
2604 4991 2659 5045 in
2689 4992 2795 5045 hoc
2816 4994 3018 5062 capite,
3048 4988 3180 5062 licet
3202 4988 3400 5050 Ju'stini
3436 5000 3624 5062 nouis?"
3648 4990 3749 5062 ΡΨ]

507 5040 1426 5119 innatast;'t't'“ve;;;.ia;"e;si
1473 5040 1774 5115 ιῖιὶῖἱεὶῖᾱίἒι
1828 5040 2099 5142 magna;
2204 5040 2793 5184 ᾗέτῖιιῖἐέί-ἷριἱιῖηέἲῐ
2821 5040 3604 5131 ﬁBih’siiﬁt’aHiﬁu};Vide
3629 5040 3747 5119 a'pud

507 5150 573 5184 ex
603 5135 715 5184 illis
755 5150 784 5184 a
813 5149 872 5184 sc
895 5136 1044 5184 visos
1073 5149 1195 5184 esse
1230 5140 1484 5184 testatur.
1522 5132 1671 5184 Idem
1693 5131 1887 5184 scribit
1911 5131 2103 5184 Victor
2252 5131 2529 5184 aronium.
2565 5147 2712 5184 anno
2753 5131 2959 5184 Christi
3002 5135 3129 5184 484.

506 5150 574 5188 ex
603 5135 715 5189 illis
755 5150 785 5188 a
813 5149 872 5189 sc
895 5136 1044 5188 visos
1073 5149 1195 5188 esse
1230 5140 1484 5188 testatur.
1522 5132 1671 5187 Idem
1693 5131 1887 5186 scribit
1911 5131 2103 5187 Victor
2208 5131 2529 5198 Baronium,
2565 5147 2712 5187 anno
2753 5131 2959 5188 Christi
3002 5135 3129 5189 484.

1943 5290 2339 5349 VARIORUM.

2212 5433 2457 5533 21:22.9
2500 5434 3051 5533 εξεξιτὶιίρεηιίξεην
3099 5444 3157 5492 ει
3206 5407 3746 5533 πρωπνεξξιεηξιπξὶξ

2214 5504 2722 5578 scintillahtantum
2778 5498 3097 5562 incendium
3156 5498 3712 5578 ex'dta_rit'._lﬂ0ip'f_,

2216 5575 2305 5629 his
2342 5575 2844 5666 γοῑὺὶξὶειΓῖέΙγονεν
2881 5576 3352 5666 ἠΙάνταρσίαῂτοῦ
3384 5573 3520 5666 Nl?“

2213 5644 2465 5712 τοιούτῳ,
2510 5637 2745 5699 Rebellio
2807 5637 3051 5703 uw'dicta
3089 5637 3173 5702 ἐει
3208 5647 3396 5709 Vince,
3428 5644 3501 5695 ita
3543 5637 3743 5714 contigu-

2287 5716 2357 5771 (el
2392 5715 2730 5771 Ὀνώοιγορ.
2758 5665 3070 5771 Ιῖυιισιίοιιε
3101 5718 3397 5771 Genserico
3449 5715 3576 5771 nam
3639 5708 3741 5771 si":

2287 5716 2357 5786 (e)
2392 5704 2730 5784 'brcbptzoc.
2758 5704 3072 5787 llunericus
3101 5704 3397 5774 Genserico
3449 5704 3576 5780 patri
3639 5708 3741 5747 sut-

2287 5786 2381 5815 ρος.
2416 5785 2470 5815 ς..
2505 5803 2672 5815 mm"...
2715 5788 2906 5815 Δι’-ιη...
2971 5806 3112 5815 -..αλ
3140 5790 3251 5815 (η...
3313 5786 3403 5815 ιη’-1
3465 5782 3529 5815 nn
3561 5763 3736 5815 dntibus

584 5439 659 5509 (ά)
708 5439 779 5492 Τὸ
810 5438 987 5492 Νίκα.
1029 5439 1184 5495 lianc
1232 5438 1567 5492 seditionem
1624 5435 1929 5509 Procopius
1976 5433 2101 5488 fuse

548 5507 869 5578 rosequitur
922 5511 959 5563 l.
1008 5525 1023 5561 ι
1054 5509 1189 5563 Bell.
1222 5509 1373 5563 Pers.
1411 5510 1755 5578 allirlnatque
1789 5507 1934 5578 inea
1964 5520 2103 5578 cesa

548 5526 869 5578 rosequitur
922 5526 959 5563 ι.
1008 5526 1023 5561 ι
1054 5526 1189 5563 neu.
1222 5526 1373 5563 rers.
1411 5526 1755 5575 atttrlltatqtte
1790 5526 1842 5559 ιιι
1871 5526 1934 5559 ea
1964 5526 2103 5559 uesa

508 5526 679 5634 ruisse
740 5580 903 5634 CPoli
952 5580 1173 5650 triginta
1226 5580 1533 5650 hominum
1568 5576 1763 5650 millia.
1818 5577 1936 5630 Nic.
1977 5576 2107 5629 Ale-

509 5650 748 5704 mannus
784 5652 839 5703 in
888 5648 1048 5704 hotis'
1084 5652 1150 5705 ad
1187 5651 1438 5719 Procopii
1488 5648 1799 5719 Historiam
1824 5662 2103 5710 arcanam,

555 5759 569 5771 .
602 5721 693 5780 62,
741 5722 992 5774 exhibuit
1039 5718 1429 5790 Fragmentum
1477 5718 1837 5786 Theophanis
1865 5734 1931 5771 ex
1970 5731 2104 5770 mss.

510 5735 636 5840 gat.
691 5791 852 5840 codd.
905 5791 958 5840 in
1003 5806 1114 5840 nuo
1152 5791 1323 5840 veluti
1358 5790 1412 5840 in
1452 5789 1640 5840 tabula
1671 5786 1861 5839 videre
1889 5796 1971 5839 est
2007 5787 2104 5839 im-

562 5801 636 5841 at.
691 5791 852 5844 codd.
905 5791 958 5844 in
1003 5806 1114 5858 quo
1152 5786 1323 5843 veluti
1358 5790 1412 5842 in
1452 5789 1640 5841 tabula
1671 5786 1861 5858 videre
1889 5796 1971 5839 est
2007 5787 2109 5839 im-

514 5859 658 5929 perii
716 5861 861 5914 circa
903 5861 956 5914 id
1008 5857 1225 5931 tempus
1272 5870 1498 5923 statum,
1549 5857 1847 5913 Justiniani
1901 5873 2104 5922 mores,

2215 5771 2386 5840 cessit
2416 5785 2471 5839 in
2505 5771 2932 5855 regno-Africa,
2969 5771 3271 5844 inﬁdeli};
3305 5786 3424 5841 477.
3450 5771 3529 5834 ὐρ
3561 5771 3654 5828 le

2214 5858 2337 5927 ejus
2383 5856 2440 5910 in
2481 5856 2830 5915 Christianos
2874 5860 3073 5917 edictis
3100 5861 3213 5933 jam
3245 5857 3468 5929 egimus.
