3982 6416
285 369 430 436 27:29

896 483 1148 539 ΚΕΦΑΛ.
1178 486 1277 538 ιε’.

543 575 686 646 Περὶ
708 556 1034 631 Καϐαώνου
1060 576 1169 631 τοῦ
1199 579 1622 646 Μαυρουσίου.

358 672 470 726 Καὶ
496 670 689 744 ἕτερον
742 670 801 724 δέ
828 669 1161 739 ἀξιάγαστον
1192 671 1387 739 ἀνάγει
1410 670 1530 744 ’(49)
1574 671 1671 727 τοῦ
1704 673 1882 743 σωτῆ-

285 783 383 837 ρος
410 763 546 817 Θεοῦ
586 763 1189 835 θαυματουργήσαντος
1221 764 1307 816 ἐπ’
1333 763 1597 833 ἀνδράσιν
1626 763 1885 838 ἐκφύλοις

286 859 390 927 μὲν
437 855 538 927 τὴν
570 853 894 925 θρησκείαν,
926 855 1052 908 ὅσια
1082 854 1140 908 δὲ
1171 858 1291 908 κατ’
1319 855 1502 908 ἐκεῖνο
1529 857 1725 927 καιροῦ
1752 856 1884 929 δρά-

284 963 438 999 σασι.
489 944 798 1015 Καόαώνην
833 944 968 1014 φησὶ
1009 943 1120 997 τῶν
1149 934 1584 1016 ἀμφὶ’Τρίπολιν
1634 947 1885 1018 Μαυρουι

284 1036 421 1090 σίων
453 1034 730 1109 ἡγεῖσθαι.
767 1029 936 1099 Οὗτός
965 1042 1134 1106 φησιν
1158 1038 1186 1089 ό
1221 1036 1558 1109 Καόαώνης,
1589 1038 1742 1104 ἄξιον
1776 1037 1886 1108 γὰρ

285 1131 401 1191 τοῖς
447 1128 616 1182 alito?)
645 1128 954 1199 χρήσασθαι
990 1130 1252 1201 ῥήμασιν,
1281 1130 1585 1200 ἀξιολόγως
1622 1132 1717 1186 καὶ
1754 1135 1887 1203 περὶ

285 1222 499 1275 τούτων
545 1220 925 1291 διηγούμενος,
978 1221 1166 1294 ἐπειδὴ
1212 1222 1299 1275 ἐπ’
1365 1223 1530 1278 αὐτὸν
1586 1225 1880 1296 ἐστρατεῦ-

289 1317 418 1371 σθαι
452 1317 499 1348 ⁸⁷
527 1317 820 1382 Βανδίλους
846 1317 1098 1372 ἐπείθετο
1131 1317 1200 1386 ’⁸,
1235 1320 1411 1373 ἐποίει
1456 1321 1655 1377 τοιάδε.
1684 1323 1885 1392 Ιιρῶτα

292 1413 394 1481 μὲν
413 1412 532 1476 τοῖς
553 1410 820 1482 ὑπηκόοις
847 1411 1199 1483 ἐπήγγειλεν,
1233 1412 1451 1474 ἀδικίας
1477 1428 1533 1463 τε
1561 1413 1766 1482 πάσης,
1790 1414 1888 1466 καὶ

292 1502 555 1575 βρώσεως
586 1506 665 1567 εἰς
692 1503 909 1577 τρυφὴν
960 1504 1225 1575 ἀγούσης,
1252 1505 1349 1558 καὶ
1377 1508 1597 1560 πάντων
1646 1505 1887 1576 μάλιστα.

287 1599 574 1669 ’γυναικῶν
602 1597 887 1664 ξυνουσίας
913 1599 1236 1670 ἀπέχεσθαι.
1271 1601 1671 1672 Χαρακώματά
1702 1618 1763 1652 τε
1795 1601 1889 1652 δύο

294 1688 634 1758 πηξάμενος,
670 1689 728 1740 ἐν
760 1687 975 1759 θατέρῳ
1024 1688 1124 1759 μὲν
1150 1688 1313 1751 αὐτὸς
1359 1690 1457 1742 σὺν
1488 1689 1655 1741 πᾶσιν
1685 1691 1887 1759 ἐστρα-

293 1783 663 1837 τοπεδεύσατο
690 1784 803 1845 τοῖς
833 1781 1097 1853 ἀνδράσιν
1118 1799 1131 1811 ·
1170 1782 1229 1834 ἐν
1267 1781 1324 1834 δέ
1353 1780 1418 1854 δὴ
1459 1780 1535 1852 τῷ
1567 1781 1758 1852 ἑτέρῳ,
1789 1780 1888 1843 τάς

293 1878 562 1943 γυναῖκας
590 1871 869 1945 καθεῖρξε.
901 1872 1144 1927 Θάνατον
1195 1872 1251 1925 δὲ
1276 1868 1377 1944 τὴν
1423 1871 1629 1941 ζημίαν
1654 1871 1886 1941 ἠπείλη-

294 1987 388 2022 σεν
416 1967 664 2032 ἔσεσθαι,
695 1967 750 2020 εί
799 1983 884 2028 τις
919 1965 1010 2018 ἐπὶ¹
1036 1963 1094 2019 τὸ
1116 1963 1226 2018 τῶν
1271 1963 1551 2034 γυναικῶν
1579 1963 1891 2035 χαράκωμα

292 2060 387 2114 τοι.
424 2058 585 2114 Μετά
639 2058 716 2121 δέ,
752 2057 975 2133 πεμψας
998 2057 1056 2118 ἐς
1112 2056 1438 2128 Καρχηδόνα
1482 2057 1888 2120 κατασκόπους,

294 2152 567 2205 ἐπέταττε
591 2150 717 2205 τάδε
745 2166 759 2181 ·
807 2148 1059 2205 Ἐπειδὰν
1097 2149 1147 2202 oi
1182 2148 1427 2204 Βανδίλοι
1453 2149 1545 2202 ἐπὶ
1574 2151 1674 2219 τὴν
1725 2165 1893 2218 στραο

295 2246 451 2298 τείαν
478 2242 813 2315 βαδίζοντες,
845 2242 903 2306 ἐς
931 2258 1049 2295 τινα
1073 2241 1217 2313 νηὼν
1250 2232 1548 2311 ὑδρίσωσιν
1570 2239 1633 2294 δν
1670 2242 1720 2294 οί
1755 2238 1892 2313 Χρλιο

300 2337 512 2391 στιανοὶ
538 2334 812 2401 σέὁονται,
865 2335 1065 2398 αὐτοὺς
1107 2334 1209 2403 μὲν
1241 2334 1448 2404 ἐφορᾷν
1494 2332 1566 2386 τά
1593 2333 1891 2402 γινόμενοι⁸

298 2430 395 2483 ἐάν
418 2429 477 2483 δὲ
499 2430 548 2482 οἱ
583 2426 829 2482 Βανδίλοι
852 2427 913 2480 τὸ
938 2425 1139 2497 χωρίον
1173 2426 1472 2495 ἀμείψωσι,
1506 2426 1685 2481 πάντα
1718 2427 1893 2478 ποιεῖν

298 2521 563 2577 τάναντία
579 2522 658 2584 είς
682 2519 921 2591 τὸὶερδν,
940 2518 1000 2584 ἐξ
1015 2511 1075 2573 οὗ
1101 2516 1142 2570 δ’
1166 2517 1232 2572 ἂν
1258 2520 1456 2572 ἐκεῖνοι
1479 2517 1798 2587 βαδίσαντες
1814 2514 1896 2568 οῖ-

302 2629 514 2683 χονται.
539 2611 824 2664 Ἐπειπεῖν
840 2608 897 2662 δὲ
912 2608 1074 2663 αὐτὸν
1102 2609 1194 2661 καὶ
1221 2607 1381 2662 τοῦτό
1403 2624 1588 2676 φασιν,
1607 2608 1683 2670 ὡς
1711 2608 1898 2675 ἀγνοοῖ

305 2705 406 2775 μὲν
430 2702 525 2755 τὸν
555 2701 689 2756 θεὸν
712 2700 771 2754 ὃν
799 2700 1120 2772 Χριστιανοὶ
1144 2699 1417 2753 σέϐονται’
1440 2698 1587 2762 εἰκὸς
1609 2697 1669 2752 δὲ
1702 2698 1890 2765 αὐτὸν,

304 2797 501 2867 φησιν,
523 2794 684 2864 εἰπερ
711 2793 931 2864 ἰσχυρός
954 2794 1125 2859 ἐστιν,
1153 2791 1229 2857 ὡς
1254 2792 1495 2862 λέγεται,
1516 2791 1772 2846 τίσασθαι
1797 2794 1896 2864 μὲν

304 2884 432 2947 τοὺς
460 2881 805 2953 ὑδρίζοντας,
825 2880 1029 2951 ἀμῦναι
1050 2881 1107 2936 δέ
1125 2884 1235 2957 τοῖς
1259 2881 1681 2952 θεραπεύουσιν.
1706 2885 1769 2937 Οἱ
1797 2884 1897 2954 μὲν

305 2974 400 3030 οὖν
428 2976 772 3030 κατάσκοποι
831 2976 891 3037 ἐς
921 2973 1252 3045 Καρχηδόνα
1299 2972 1569 3041 ἐλθόντες,
1603 2975 1897 3045 ἐσχόλαζον

305 3068 406 3140 τὴν
439 3066 799 3138 παρασκευὴν
831 3065 938 3120 τῶν
960 3066 1234 3121 Βανδίλων
1264 3065 1550 3137 θεώμενοι.
1582 3066 1802 3138 Ἐπειδὴ
1838 3067 1899 3121 δὲ

1222 354 1613 436 HlSTORl/E
1639 350 2255 472 ECCLESIASTICJE
2295 376 2528 436 LIBER
2566 375 2660 435 1v.

1909 488 1963 547 Α

3421 364 3564 434 εἶ’ῖῖξθ

2620 482 2775 538 CAP.
2818 481 2936 537 XV.

2492 576 2564 631 De
2587 575 2836 631 Cabaone
2858 573 3071 630 Mauros

2056 666 2222 722 Aliud
2255 678 2522 739 praeterea
2559 667 2845 738 quidpiam
2882 666 3053 722 refert
3095 665 3461 724 admiratione
3491 671 3576 724 dio

1984 772 2180 828 gnum,
2211 758 2358 829 quod
2399 774 2429 814 a
2474 758 2769 813 Servatore
2819 754 2933 813 Deo
2975 764 3359 829 perpetratum
3391 764 3478 815 e‘st
3516 760 3572 814 in

1986 849 2309 905 hominibus
2356 849 2452 921 qui
2497 867 2526 904 a
2578 849 2843 920 religione
2893 849 3117 919 quidem
3169 860 3361 905 nostra
3416 863 3572 907 erant

1986 942 2176 1008 alieni,
2208 944 2300 1014 pie
2337 952 2519 998 tamen
2552 959 2616 997 ac
2666 942 2923 1015 religiose
2958 958 3026 997 eo
3074 952 3322 1013 tempere
3351 959 3410 999 se
3449 960 3573 1014 ges-

1987 1044 2201 1090 serunt.
2229 1036 2320 1090 Ait
2360 1036 2528 1106 igitur
2558 1035 2872 1091 Cabaonem
2901 1032 3224 1091 ilaurorum
3258 1036 3405 1092 circa
3439 1037 3538 1090 Tri
3564 1067 3576 1077 -

1988 1129 2159 1199 polim
2192 1129 2515 1200 degentium
2548 1130 2800 1199 regulum
2859 1128 3052 1184 fuisse.
3100 1128 3202 1184 llic
3245 1128 3570 1189 Cabaoues;

1989 1232 2118 1276 utar
2151 1220 2302 1274 enim
2358 1220 2545 1276 verbis
2590 1220 2764 1290 ipsius
2803 1220 3085 1289 Procopii,
3132 1221 3227 1290 qui
3270 1220 3386 1275 haec
3432 1221 3578 1275 sicut

1990 1315 2226 1386 reliqua,
2250 1315 2537 1385 eleganter
2568 1314 2856 1384 eXposuit;
2893 1328 3018 1368 cum
3060 1313 3337 1369 Vandalos
3377 1313 3573 1368 adver-

1989 1424 2084 1464 sus
2126 1410 2307 1478 ipsum
2337 1407 2748 1478 expeditionem
2783 1407 3095 1478 suscepisse
3126 1406 3431 1469 didicisset,
3476 1407 3575 1461 ista

1990 1501 2181 1572 gessit.
2204 1490 2454 1555 Primum
2493 1500 2719 1570 quidem
2752 1500 2820 1554 iis
2849 1500 2944 1570 qui
2993 1499 3102 1554 sub
3151 1499 3363 1553 ditione
3406 1500 3579 1568 ἱρείης

1990 1601 2172 1653 erant,
2207 1592 2474 1662 priecepit
2512 1600 2570 1646 ut
2618 1591 2687 1645 ab
2732 1591 3002 1662 injustitia
3060 1601 3117 1645 et
3168 1591 3237 1645 ab
3287 1590 3579 1660 esquisitix

1991 1683 2248 1754 dapibus,
2276 1684 2553 1755 prmcipue
2597 1701 2731 1738 vero
2763 1701 2793 1739 a
2825 1684 3122 1740 mulierum
3174 1684 3578 1739 consuetudine.

1993 1778 2362 1832 abstinerent.
2412 1776 2620 1832 Deinde
2664 1786 2846 1831 castra
2893 1776 3005 1831 duo
3058 1784 3319 1837 metatus,
3378 1775 3434 1829 in
3493 1775 3580 1831 bis

1984 1870 2217 1940 ‘quidem
2266 1870 2382 1940 ipse
2426 1886 2534 1924 una
2582 1885 2707 1924 cum
2736 1869 2872 1924 viris
2904 1869 3165 1925 omnibus
3194 1869 3402 1924 resedit
3452 1886 3465 1922 :
3524 1870 3577 1923 in

1996 1962 2103 2017 illis
2156 1978 2287 2017 vero
2355 1962 2620 2016 mulieres
2684 1961 2934 2027 inclusit,
2990 1962 3191 2031 capitis
3236 1962 3578 2032 “supplicium

1992 2054 2409 2120 interminatus,
2453 2054 2496 2109 si
2539 2055 2666 2124 quis
2714 2056 3008 2109 mulierum
3061 2063 3243 2110 castra
3298 2055 3581 2125 ingressus

1994 2156 2163 2202 esset.
2201 2147 2453 2203 Ροειῇωο
2478 2140 2930 2217 ciploratoribus
2973 2146 3366 2218 Carthaginem
3399 2147 3583 2201 missis

1997 2241 2113 2296 inec
2156 2240 2438 2295 mandavit
2485 2258 2498 2294 :
2545 2240 2615 2295 Ut
2657 2255 2783 2295 cum
2834 2234 3065 2296 Vandali
3119 2242 3175 2295 in
3221 2240 3578 2309 espeditionc

1996 2333 2285 2387 constituti
2315 2333 2620 2387 oratorium
2661 2332 2885 2402 aliquod
2912 2348 2981 2387 ev
3010 2332 3079 2386 iis
3113 2346 3238 2402 qua:
3277 2326 3581 2387 Christiani

1998 2434 2359 2489 venerantur,
2401 2424 2696 2488 violarent,
2739 2425 2840 2494 ipsi
2873 2425 3098 2495 quidem
3141 2424 3194 2479 id
3236 2424 3385 2494 quod
3420 2424 3583 2479 liebat

1998 2518 2361 2586 inspicerent.
2398 2511 2700 2585 Postquam
2745 2525 2933 2571 autem
2966 2514 3193 2572 Vandali
3236 2520 3363 2571 eum
3399 2517 3581 2571 locum

1999 2608 2377 2677 reliquissent,
2416 2608 2521 2678 ipsi
2555 2609 2608 2662 in
2636 2625 2700 2662 ea
2729 2609 2845 2664 aede
2873 2624 2943 2663 ex
2968 2625 3078 2679 qua
3116 2608 3345 2665 Vandali
3372 2608 3585 2664 disces-

1999 2710 2207 2766 serant,
2237 2702 2517 2755 contraria
2549 2702 2739 2756 omnia
2765 2701 3037 2757 facerent.
3072 2701 3224 2756 [stud
3248 2717 3471 2772 quoque
3490 2702 3588 2756 ad-

1995 2794 2197 2865 jecisse
2230 2795 2429 2860 fertur,
2460 2794 2566 2849 sibi
2595 2794 2818 2864 quidem
2850 2794 3101 2864 ignotum
3122 2798 3249 2849 esse
3287 2786 3461 2848 Deum
3488 2793 3587 2865 qui

2001 2903 2030 2942 a
2066 2887 2402 2943 Christ'anis
2446 2887 2726 2941 coleretur
2770 2903 2783 2939 :
2818 2884 3122 2940 verisimile
3166 2892 3350 2941 tamen
3386 2886 3585 2948 videri,

1999 2988 2151 3043 eum,
2190 2982 2236 3036 si
2273 2987 2470 3047 potens
2509 2982 2601 3044 sit,
2635 2981 3110 3051 quemadmodum
3142 2981 3372 3044 dicitur,
3412 2982 3588 3036 Viola-

2002 3081 2153 3127 tores
2184 3073 2412 3143 quidem
2454 3072 2702 3127 numinis
2747 3072 2832 3126 sui
2869 3073 3139 3137 ulturum,
3181 3074 3427 3129 cultores
3458 3091 3589 3129 veru

303 3164 366 3218 τὸ
401 3163 723 3233 στράτευμα
775 3161 875 3231 τὴν
936 3160 1030 3212 ἐπὶ
1076 3160 1341 3231 Τρίπολιν
1394 3160 1588 3232 ⁴ᾔεσαν,
1636 3162 1897 3232 σχήματα

2005 3164 2364 3220 defensurum
2397 3165 2955 3234 esse.Exploratores
2987 3166 3173 3236 itaque
3198 3183 3323 3222 cum
3356 3164 3590 3223 Car’tba‘

309 3252 774 3325 περιϐεϐλημένοι
807 3250 1063 3315 ταπεινὰ,
1119 3251 1360 3305 εἵποντο.
1419 3252 1483 3304 Ol
1534 3250 1592 3304 δὲ
1629 3250 1893 3316 Βανδίλοι,

310 3348 384 3411 ὡς
415 3347 606 3417 ἡμέρᾳ
634 3346 700 3415 τῇ
746 3342 940 3415 πρώτῃ
986 3342 1280 3412 ἡυλίσαντο
1313 3344 1372 3406 ἐς
1399 3344 1509 3395 τῶν
1553 3343 1898 3413 Χριστιανῶν

308 3440 438 3501 τους
457 3436 616 3498 νεὼς,
647 3435 776 3497 τούς
802 3451 862 3487 τε
913 3435 1134 3499 ἵππους,
1166 3434 1237 3487 τά
1289 3450 1354 3485 τε
1389 3431 1525 3487 ἀλλα
1551 3432 1665 3496 ζῶα
1686 3436 1901 3501 ἐπαγαλ
1943 3448 1949 3454 '

310 3530 499 3599 γόντες
536 3526 749 3595 ὓ6ρ;ώς
802 3542 861 3579 τε
891 3526 1153 3596 οὐδεμιᾶς
1182 3523 1565 3586 ἀπελείποντο,
1615 3527 1710 3579 καὶ
1745 3526 1900 3579 αὐτοὶ

310 3620 584 3692 ἀκολασίᾳ
608 3622 673 3690 τῇ
709 3619 952 3689 σφετέρᾳ.
984 3618 1311 3688 ἐχρήσαντο,
1349 3616 1475 3680 τούς
1510 3634 1569 3670 τε
1597 3618 1764 3687 ἱερεῖς
1806 3615 1902 3679 οὓς

308 3712 375 3766 ἂν
404 3712 647 3772 λάϐοιεν,
684 3709 984 3781 ἐρράπιςόν
1024 3725 1106 3770 τε,
1140 3708 1237 3760 καὶ
1281 3707 1553 3772 ξαίνοντες
1611 3708 1754 3760 κατά
1805 3706 1900 3759 τοῦ

310 3805 483 3858 νώτου
522 3801 696 3856 πολλά
720 3802 1014 3873 ὑπηρετεῖν
1058 3799 1243 3870 σφίσιν
1275 3799 1547 3856 ἐκέλευον.
1593 3800 1818 3870 Ἐπειδὴ
1843 3800 1901 3853 δὲ

309 3897 545 3968 τάχιστα
600 3894 814 3947 ἐνθένδε
846 3891 1264 3964 ἀπηλλάγησαν,
1301 3891 1520 3945 ἐποίουν
1580 3892 1630 3944 οἱ
1660 3890 1754 3944 τοῦ
1782 3893 1900 3943 Κα-

309 3990 526 4044 ΰαώνου
559 3987 923 4050 κατάσκοποι,
971 3987 1071 4038 ὅσα
1114 3986 1298 4048 αὐτοῖς
1340 3985 1689 4037 ἐπετέτακτο.
1734 3985 1816 4039 Τά
1840 4001 1901 4037 τε

308 4084 419 4155 γάρ
435 4080 559 4151 ἱερά
582 4079 857 4151 καθῄρουν
869 4078 915 4110 ’τ’
937 4076 1158 4140 αὐτίκα,
1182 4069 1283 4149 τήν
1316 4092 1375 4130 τε
1402 4076 1628 4148 κόπρον,
1662 4076 1759 4130 καὶ
1781 4077 1905 4130 εἴτι

308 4174 439 4229 ἄλλο
464 4174 567 4243 οὐχ
595 4171 759 4235 ὁσίως
790 4171 1063 4233 ἐπέκειτο,
1100 4170 1199 4222 σὺν
1228 4168 1521 4241 ἐπιμελείᾳ
1551 4171 1899 4238 ἀφελόμενοι,

308 4268 441 4323 τάτε
475 4264 651 4336 λύχνα
677 4264 864 4317 ἔκαιον
888 4262 1127 4324 ἅπαντα,
1157 4261 1253 4315 κοιλ⁸
1276 4262 1405 4323 τοὺς
1458 4262 1640 4333 ἱερέας
1665 4262 1804 4316 αἰδοῖ
1845 4279 1903 4316 τε

310 4357 487 4428 πολλῇ
557 4355 998 4427 προσεκύνησαν,
1058 4353 1154 4406 καὶ
1210 4355 1276 4425 τῇ
1343 4352 1480 4426 ἄλλῃ
1533 4354 1903 4426 φιλοφροσύνῃ

310 4450 659 4521 ἠσπάσαντο.
698 4446 979 4517 ⁴Ἀργόριεῑι
1027 4462 1088 4498 τε
1136 4447 1250 4509 τοῖς
1308 4448 1545 4515 πτωχοῖς
1602 4434 1804 4512 δόντες,
1854 4449 1903 4502 οἳ

2007 3258 2191 3328 ginem
2257 3257 2564 3324 venissent,
2636 3258 2752 3313 illic
2807 3259 3164 3328 quieverunt,
3219 3261 3591 3315 Vandalorum

2008 3358 2336 3419 apparatum
2370 3348 2834 3418 contemplantes.
2862 3347 2971 3404 Ubi
3004 3364 3138 3403 vero
3180 3348 3341 3420 397
3371 3351 3592 3404 exereis

2009 3450 2098 3495 tus
2131 3455 2326 3495 eorum
2375 3438 2645 3510 Tripolim
2692 3454 2888 3495 versus
2922 3440 3201 3509 proﬁcisci
3245 3442 3435 3511 cmpit,
3488 3443 3589 3511 ipsi

2008 3532 2105 3587 vili
2137 3540 2290 3587 veste
2337 3532 2521 3587 induti
2555 3546 2654 3587 eos
2691 3532 2977 3588 subsecuti
3029 3543 3178 3589 sunt.
3219 3535 3289 3587 At
3340 3522 3592 3593 Vandali.

2007 3624 2194 3694 primo
2228 3623 2414 3678 statim
2447 3622 2537 3677 die
2595 3638 2723 3678 cum
2772 3624 2829 3678 in
2891 3623 3334 3678 Christianorum
3380 3625 3595 3679 aedibus

2011 3717 2189 3771 sacris
2232 3716 2496 3771 stabulati
2538 3724 2725 3771 essent
2754 3732 2865 3770 una
2897 3731 3021 3771 cum
3051 3715 3210 3784 equis
3251 3732 3315 3771 ac
3361 3718 3595 3788 reliquis

2009 3808 2364 3873 animalibus,
2390 3809 2605 3863 nullum
2642 3809 2993 3864 contumeliae
3019 3824 3195 3881 genus
3222 3811 3593 3880 praetermise-

2007 3908 2177 3953 runt:
2205 3898 2301 3953 sed
2328 3908 2446 3952 tum
2484 3898 2588 3969 ipsi
2615 3899 2777 3953 solita
2804 3899 3232 3970 intemperantia
3272 3901 3589 3958 utebantur.

2011 4001 2127 4046 tum
2174 3992 2494 4046 sacerdotes
2534 3991 2980 4047 Christianorum
3035 4004 3404 4065 quoscundue
3447 4012 3596 4049 conl-

2011 4083 2444 4153 prelienderant,
2495 4081 2670 4151 alapis
2712 4080 3020 4145 cedebant,
3068 4090 3128 4137 et
3184 4084 3350 4138 dorsa
3396 4100 3593 4139 eorum
3640 4119 3647 4125 .

2010 4174 2342 4230 verberibus
2366 4170 2683 4237 tundentes,
2708 4175 3024 4230 ministrare
3047 4174 3153 4230 sibi
3179 4190 3278 4230 eos
3299 4176 3592 4247 cogebant.

2012 4267 2408 4336 Exploratores
2441 4276 2627 4321 autem
2663 4264 2964 4330 Gabaonis,
3002 4267 3167 4322 simul
3223 4276 3390 4338 atque
3447 4268 3594 4323 νεη-

2013 4359 2124 4413 dali
2152 4358 2309 4414 exiis
2337 4359 2475 4415 locis
2497 4360 2904 4425 abscesserant,
2934 4354 2990 4414 id
3019 4360 3259 4430 agebant
3283 4361 3433 4431 quod
3462 4362 3595 4431 ipsis

2014 4452 2344 4523 imperatum
2399 4452 2600 4507 fuerat.
2641 4451 2776 4507 Nam
2822 4460 2880 4509 et
2933 4452 3081 4508 aedes
3125 4468 3313 4509 sacras
3338 4455 3597 4524 protinus

309 4542 463 4613 ἀμφὶ
490 4541 564 4593 τὰ
595 4540 718 4610 ἱερά
740 4538 913 4592 ταῦτα
943 4537 1236 4608 ἐκάθηντο,
1254 4536 1401 4591 οὔτω
1417 4538 1481 4608 δὴ
1509 4542 1578 4609 τῇ
1607 4540 1718 4591 τῶν
1764 4541 1897 4593 Βαν-

2011 4542 2349 4614 purgabant,
2380 4550 2437 4597 et
2460 4551 2700 4598 stercora
2733 4554 2797 4596 ac
2829 4543 2873 4597 si
2905 4543 3039 4612 quid
3072 4543 3222 4597 aliud
3252 4543 3437 4598 minus
3468 4542 3596 4599 reli-

310 4635 479 4690 δίλων
526 4633 761 4704 στρατιᾷ
810 4630 1048 4683 εἵποντο.
1085 4629 1195 4682 Καὶ
1255 4630 1364 4682 ἀπὸ
1397 4628 1588 4682 τούτου
1633 4630 1776 4683 κατά
1808 4633 1907 4701 τὴν

309 4726 431 4779 ὁδὸν
464 4723 761 4794 σύμπασαν
820 4723 869 4775 οἱ
905 4719 1146 4774 Βανδίλοι
1187 4720 1328 4773 κατὰ
1364 4721 1540 4774 ταυτα
1569 4723 1906 4793 ἡμάρτανον,

310 4819 409 4873 καὶ
439 4818 491 4871 οἱ
527 4815 868 4869 κατάσκοποι
893 4811 1250 4881 ἐθεράπευον.
1292 4812 1444 4864 Ἐπεὶ
1470 4811 1527 4864 δὲ
1578 4813 1752 4882 ἀγχοῦ
1786 4813 1910 4865 ἐσε-

313 4914 441 4963 συαι
467 4907 718 4979 ἔμελλον,
746 4906 1195 4978 προτερήσαντες
1229 4906 1279 4958 οἱ
1309 4904 1675 4973 κατάσκοποι,
1704 4905 1908 4974 ἀγγέλ-

310 5003 472 5056 λουσι
500 4999 582 5070 τῷ
612 4998 913 5071 Καόαώνῃ,
948 4999 1048 5052 ὅσα
1082 4998 1364 5061 Βανδίλοις
1414 5016 1475 5051 τε
1520 4999 1612 5051 καὶ
1642 4999 1825 5068 σφίσιν
1854 5001 1913 5063 ἐς

312 5097 384 5147 τά
422 5092 774 5162 Χριστιανῶν
805 5091 930 5160 ἱερά
956 5091 1235 5161 εἴργαστο,
1280 5091 1377 5142 καὶ
1400 5090 1477 5151 ὡς
1532 5090 1699 5158 ἐγγύς
1729 5107 1829 5143 που
1867 5090 1917 5142 οἱ

318 5187 581 5257 πολέμιοι
606 5182 739 5239 εἷεν.
785 5184 844 5237 Ὀ
869 5184 925 5236 δέ
944 5183 1207 5248 ἀκούσας,
1242 5184 1298 5244 ἐς
1325 5181 1423 5253 τὴν
1479 5181 1755 5251 ξυμϐολὴν
1780 5181 1917 5234 καθ-

320 5281 535 5333 ίστατο.
586 5278 652 5333 Οἱ
697 5277 797 5347 μὲν
850 5272 944 5331 οὖν
970 5274 1189 5339 πολλοὶ,
1229 5273 1304 5339 ὥς
1335 5290 1506 5344 φησι,
1538 5272 1807 5328 Βανδίλων
1837 5273 1917 5326 δι-

316 5371 667 5443 εφθάρησαν.
692 5371 815 5424 Εἰσὶ
833 5370 890 5424 δὲ
906 5369 955 5423 οἳ
974 5369 1071 5423 καὶ
1092 5368 1197 5421 ὑπὸ
1212 5369 1325 5430 τοῖς
1351 5367 1629 5438 πολεμίοις
1647 5367 1917 5436 ἐγένοντο,

2011 4634 2164 4706 giose
2201 4634 2477 4705 ingestum
2521 4633 2723 4698 fuerat,
2754 4629 3002 4689 studiose
3034 4634 3380 4697 auferentes,
3414 4633 3597 4688 lucer-

2019 4741 2122 4780 nas
2149 4741 2345 4779 omnes
2367 4725 2769 4790 accendebant,
2794 4733 2852 4780 et
2874 4724 3192 4780 sacerdotes
3227 4740 3444 4780 summa
3472 4741 3597 4780 cum

2014 4816 2328 4871 reverentia
2361 4816 2688 4879 salutantes,
2726 4817 2874 4871 Omni
2910 4815 3184 4886 obsequio
3215 4827 3383 4886 atque
3408 4816 3601 4871 huma-

2016 4907 2193 4963 nitate
2231 4903 2733 4978 prosequebantur.
2776 4907 3124 4977 Pauperibus
3168 4909 3408 4978 denique
3453 4909 3601 4962 circa

2014 5000 2163 5055 aedes
2205 5000 2328 5054 illas
2358 5001 2691 5056 sedentibus
2744 5001 3009 5071 pecunias
3061 5000 3291 5055 dabant.
3342 4999 3501 5055 Hunc
3542 4999 3600 5054 in

2017 5091 2240 5146 modum
2307 5092 2614 5146 exercitum
2669 5090 3039 5146 Vandalorurn
3092 5091 3490 5162 sequebantur.
3534 5090 3603 5146 Et

2018 5181 2251 5238 Vandali
2297 5183 2544 5252 quidem,
2591 5198 2658 5237 ex
2712 5197 2780 5238 eo
2833 5192 3080 5252 tempore
3130 5200 3231 5255 per
3278 5184 3601 5241 universum

2018 5276 2284 5347 deinceps
2320 5276 2427 5331 iter
2446 5274 2651 5331 similia
2687 5275 2899 5331 scelera
2933 5275 3309 5343 admiserunt;
3348 5276 3603 5346 explora-

2015 5376 2172 5421 tores
2192 5380 2327 5421 vero
2348 5364 2656 5423 remedium
2679 5365 2945 5421 adhibere
2964 5365 3147 5421 conati
3173 5377 3323 5423 sunt.
3338 5364 3445 5424 Ubi
3467 5377 3605 5421 vero

1629 5498 1868 5564 VARle
1898 5498 2307 5565 LECTIONES-.

392 5614 440 5645 "
472 5612 538 5669 C.
572 5612 635 5671 C.
672 5613 1160 5686 ἐκστρατεύεσθαι.
1237 5613 1283 5646 ’⁸
1308 5608 1370 5667 C.
1404 5610 1470 5668 C.
1501 5610 1756 5666 ἐπύθετο.
1830 5610 1897 5651 "t

2002 5611 2057 5667 Ε.
2104 5608 2424 5680 ἐκάθαιρον.

1542 5737 1819 5803 VALESII
1850 5742 2410 5801 ANNOTATIONES.

390 5844 515 5916 (49)
568 5840 962 5909 Ἀξιιὶγαστον
988 5841 1218 5909 ἀνάγει.
1260 5840 1475 5894 Mallem
1511 5840 1758 5896 scribere
1799 5840 1897 5893 ἀνα

2002 5839 2130 5908 ipsi,
2157 5844 2219 5891 ut
2252 5836 2504 5908 loquitur
2532 5833 2803 5909 Evagrius
2836 5837 2895 5895 in
2930 5853 3051 5911 cap.
3091 5840 3180 5897 15.

654 5932 932 5995 Ρηιωι..
975 5932 1094 5993 Gn.
1148 5931 1496 5994 LXXXV].

3259 5929 3335 5996 86
