3982 6384
283 358 427 421 iiii

1215 368 1605 429 HISTORI/E
1642 371 2243 439 ECCLESIASTlC/E
2281 377 2516 439 ILIBER
2558 376 2657 435 li'.’

3472 374 3579 437 ’ΜΞ

290 472 567 526 amt-.3va
616 475 1075 545 ἀπεργάσασθαι,
1113 480 1206 532 καὶ
1267 480 1418 549 ἱερέα
1465 482 1650 543 αὐτοῖς
1694 484 1882 553 ἣδιστα

1995 486 2233 554 duxisse,
2265 499 2323 544 et
2352 489 2698 544 sacerdotem
2728 487 3093 542 libentissime
3125 487 3190 542 ad
3228 489 3576 544 cosdit'cxis-

286 566 531 636 πέμψαι.
569 566 906 638 ’Δναγράφει
951 569 1007 622 δὲ
1058 571 1203 643 μάλα
1254 572 1450 640 λογίως
1485 577 1514 627 ό
1569 574 1753 638 αὐτὸς,
1786 577 1889 629 ὑπὸ

288 662 403 722 τιίς
459 662 846 715 ἰουστινιανοῦ
904 662 1139 734 χρόνοις,
1192 664 1408 719 Γότθων
1466 665 1575 719 τῶν
1623 665 1732 719 ἀπὸ
1789 668 1889 736 τῆς

287 750 604 817 Μαιώτιδος
653 753 929 824 ἐκδρομὰς
964 755 1105 808 κατὰ
1142 755 1245 826 τῆς
1281 756 1566 826 Ῥωμαίων
1601 757 1740 827 γῆς,
1780 773 1890 810 σει-

289 845 468 912 σμούς
502 862 563 898 τε
597 844 872 911 ἐξαισίους
918 847 1024 902 ἀνὰ
1075 848 1177 921 τὴν
1223 849 1456 904 Ἐλλάδα
1482 851 1759 919 γενέσθαι,
1786 850 1889 920 τήν

282 953 345 988 τε
384 938 656 992 Βοιωτίαν
710 940 806 993 καὶ
850 941 1077 1011 Ἀχαΐαν
1117 941 1213 994 καὶ
1259 942 1328 995 τὰ
1382 943 1511 1013 περὶ
1560 942 1762 995 κόλπον
1795 942 1888 996 τὸν

289 1029 559 1098 Κρισαῖον
606 1031 679 1102 (ο)
741 1033 1209 1105 κατασεισθῆναι,
1245 1036 1340 1089 καὶ
1388 1034 1567 1106 χωρία
1605 1035 1887 1107 ἀνάριθμα

286 1122 381 1172 καὶ
412 1121 603 1184 πόλεις
646 1124 706 1187 ἐς
748 1124 947 1193 ἔδαφος
990 1126 1282 1197 ὲνεχΘῆιαι
1307 1166 1323 1191 ,
1367 1128 1467 1180 καὶ
1502 1126 1607 1198 χάη
1653 1127 1752 1197 τῆς
1781 1130 1886 1199 γῆς

286 1212 593 1286 πολλαχόσε
645 1215 935 1283 γενέσθαι·
984 1219 1080 1271 καὶ
1118 1220 1310 1289 ἐνιαχῆ
1347 1219 1445 1290 μὲν
1478 1219 1635 1283 αὖθις
1664 1221 1722 1283 ἐς
1753 1221 1888 1273 ταὺ-

284 1307 378 1363 τὸν
410 1308 713 1363 συνελθεῖν·
746 1305 888 1365 εἶναι
919 1310 979 1367 δὲ
1008 1303 1068 1365 οὗ
1105 1313 1470 1382 μεμενήκασι.

856 1522 1110 1577 ΚΕΦΛΛ.
1178 1524 1306 1577 ΚΔ’.

282 1610 430 1676 Περὶ
485 1611 734 1679 Napaei)
787 1613 894 1667 τοῦ
939 1614 1306 1698 στρατῃγοῦ,
1367 1615 1463 1668 καὶ
1534 1616 1879 1684 θεοφιλείας

985 1701 1197 1739 αυτου.

353 1793 569 1863 Γράφει
602 1796 695 1847 καὶ
729 1795 831 1867 τὴν
858 1796 1082 1867 Ναρσοῦ
1113 1797 1188 1868 (p)
1214 1798 1575 1869 στρατηγίαν,
1598 1798 1884 1864 σταλέντος

281 1886 422 1955 πρὸς
471 1887 858 1945 Ἰουστινιανοῦ
892 1888 1029 1960 πρὸς
1075 1889 1178 1960 τὴν
1220 1889 1443 1944 Ἰταλῶν
1499 1890 1707 1964 χώραν,
1738 1893 1887 1956 ὅπως

280 1994 341 2031 τε
376 1977 471 2033 τὸν
510 1980 760 2034 Τώτιλαν
792 1982 870 2053 (q)
901 1983 1342 2054 κατηγωνίσατο,
1378 1986 1472 2038 καὶ
1503 1985 1641 2057 μετὰ
1672 1985 1884 2053 τοῦτον,

282 2070 452 2124 Τεῖαν
485 2089 500 2103 °
531 2074 626 2126 καὶ
653 2074 729 2138 ὡς
776 2074 966 2147 Ῥώμη
1019 2076 1279 2145 πέμπτον
1312 2077 1456 2131 ἑάλω
1481 2077 1573 2148 (r).
1614 2080 1752 2132 Φασὶ
1773 2079 1885 2132 τοί-

281 2181 376 2215 νυν
404 2165 479 2225 οἱ,
515 2167 908 2237 συγγενόμενοι
931 2166 1009 2238 τῷ
1051 2168 1270 2245 Ναρσῇ,
1301 2168 1376 2233 ὡς
1408 2163 1567 2233 οὗτος
1593 2171 1613 2202 ⁸
1640 2171 1702 2224 τὸ
1740 2171 1885 2224 θεῖον

280 2254 458 2319 λιταῖς
485 2274 545 2310 τε
572 2259 668 2311 καὶ
690 2257 881 2324 ἄλλαις
911 2259 1219 2324 εὐσεϐείαις
1244 2261 1558 2329 ὲξωσιοῦτο,
1591 2262 1662 2315 τὰ
1694 2264 1882 2316 εἰκότα

280 2350 562 2420 γεραίρων
591 2351 687 2404 καὶ
726 2351 827 2423 τὴν
881 2352 1163 2424 Παρθένον
1197 2354 1293 2407 καὶ
1320 2353 1594 2417 θεοτόκον,
1635 2355 1710 2417 ὡς
1746 2357 1878 2408 ἀνα-

281 2443 484 2510 φανδὸν
517 2444 690 2513 αὐτὴν
715 2444 766 2496 οἱ
802 2444 1218 2498 διακελεύεσθαι
1254 2446 1346 2499 τὸν
1372 2446 1564 2517 καιρὸν
1592 2448 1681 2499 ὅτε
1725 2446 1883 2499 πολε-

281 2537 406 2603 μεῖν
438 2536 552 2590 δέοι
580 2553 594 2567 ·
630 2538 724 2588 καὶ
762 2536 837 2607 μὴ
864 2540 1132 2610 πρότερον
1169 2538 1369 2608 χειρῶν
1406 2538 1619 2608 ἄρχειν,
1652 2540 1782 2607 πρὶν
1815 2537 1881 2591 ἂν

279 2626 496 2679 ἐκεῖθεν
530 2625 597 2695 (s)
654 2627 716 2679 τὸ
775 2627 1020 2698 σύνθεμα
1067 2628 1244 2681 λάϐοι.
1308 2629 1633 2699 Πέπρακται
1683 2628 1739 2681 δὲ
1786 2629 1882 2681 καὶ

278 2717 449 2789 ἔτερα
480 2719 558 2790 τῷ
586 2719 782 2797 Ναρσῇ
837 2719 1000 2789 λόγου
1047 2722 1245 2774 πολλοῦ
1275 2722 1419 2788 ἄξια,
1472 2721 1876 2791 Βουσελίνον(ι)

280 2810 378 2861 καὶ
424 2810 776 2865 Σινδούαλδον
828 2813 1370 2880 καταπολεμήσαντι,
1422 2816 1517 2866 καὶ
1580 2813 1650 2866 τὰ
1702 2812 1878 2867 πολλὰ

279 2902 763 2974 προσκτησαμένη»
815 2903 1011 2973 μέχρις
1058 2903 1337 2959 Ὠκεανοῦ.
1390 2904 1574 2975 "Amp
1643 2903 1876 2976 Ἀγαθίᾳ

281 2992 386 3064 μὲν
434 2996 751 3066 γέγραπται
794 3000 873 3066 τῷ
926 2998 1155 3068 ῥήτορι,
1207 2997 1360 3051 οὔπω
1390 2998 1447 3051 δὲ
1484 3001 1538 3061 ἐς
1566 2999 1714 3070 ἡμᾶς
1766 3000 1872 3070 ἁφ-

280 3088 456 3140 Extat.

865 3314 1115 3368 ΚΕΦΑΛ.
1159 3316 1293 3373 KE'.

288 3397 452 3480 Ὠς-ό
483 3403 762 3472 Χοσρόης
781 3406 986 3480 φθόνῳ
1020 3408 1223 3480 ταξιεὶς
1242 3408 1340 3480 ἐπὶ
1374 3409 1503 3474 τιιῒς
1535 3411 1879 3480 εὐημερίαις

363 3470 831 3548 Ἰουστινιαιλοῧ,
892 3470 1047 3532 κατὰ
1102 3470 1402 3546 Ῥωμαίων
1481 3470 1876 3548 ἒστρᾶτὲυσε,

349 3542 452 3619 καὶ
508 3544 829 3619 πλείστας.
867 3550 1081 3619 πόλεις
1118 3542 1359 3603 καθεῖλε
1428 3542 1777 3619 Ῥωμὶιτκὰς,
1810 3542 1881 3604 ἐώ-

351 3608 452 3680 αἶς
478 3608 582 3668 καὶ
609 3613 724 3683 τὴν
747 3608 1029 3686 ﬂatur-dam-
1058 3608 1459 3688 ”Αντιόχειαν.

351 3726 445 3798 Τῷ
476 3727 630 3800 αὑτῷ
658 3730 955 3803 Προκοπίῳ
1004 3732 1099 3785 καὶ
1130 3732 1260 3787 τάδε
1312 3734 1630 3805 συνεγράφη
1652 3751 1667 3765 ·
1697 3736 1778 3789 ὃτι
1813 3752 1877 3805 γε

281 3820 537 3896 Χοσρόης
558 3825 754 3897 ἐπειδὴ
784 3825 926 3895 ἔγνω
959 3827 1027 3884 τά
1056 3844 1115 3881 τε
1146 3829 1206 3882 ὲν
1236 3828 1413 3901 Λισύῃ
1448 3827 1517 3882 τά
1544 3846 1603 3890 τε
1636 3831 1695 3883 ὲν
1733 3830 1875 3882 Ἰτα-

1916 1857 1964 1916 Β

1998 590 2077 628 se.
2137 575 2284 631 Idem
2342 577 2646 648 ProcOpius
2683 578 2965 649 eleganter
3021 578 3320 634 admodum
3372 590 3579 646 narrat,

1996 666 2275 735 quomodo
2307 668 2473 723 Gothi
2522 669 2838 740 principatu
2876 670 3124 742 ejusdem
3155 671 3473 739 Iustiniani,
3515 688 3582 728 ex

1996 757 2194 826 palude
2224 759 2473 815 Mmotide
2499 761 2569 815 in~
2597 762 2734 817 lines
2766 762 3144 818 Romanorum
3170 763 3496 835 irruperint,
3529 776 3585 820 et

1995 853 2460 919 quemadmodum
2502 853 2712 910 Gracia
2760 856 3104 925 gravissimis
3172 859 3586 913 terrmmotibus

1996 954 2265 996 concussa
2311 942 2520 1009 fuerit;
2579 944 2791 1000 Bazotia
2825 946 2959 1000 item
3001 954 3061 1001 et
3107 945 3335 1011 Achaia,
3365 955 3421 1001 ct
3464 948 3584 1001 loca
3627 1004 3636 1023 .

1995 1046 2120 1102 qum
2179 1042 2316 1087 sunt
2339 1034 2487 1090 circa
2537 1035 2719 1089 sinum
2751 1035 3041 1092 Crissaeum
3093 1049 3387 1106 quassata,
3423 1036 3586 1091 innu-

1995 1132 2151 1178 m'era
2199 1123 2440 1194 denique
2495 1125 2700 1196 oppida
2751 1135 2918 1197 atque
2967 1127 3143 1183 urbes
3190 1128 3310 1183 solo
3356 1138 3585 1199 aequate

1994 1215 2126 1269 sint.
2156 1215 2342 1271 Terrae
2370 1231 2592 1287 quoque
2624 1218 2811 1273 hiatus
2857 1219 3117 1289 plurimis
3159 1218 3213 1273 in
3245 1219 3384 1275 locis
3411 1221 3584 1275 exsti-

1994 1309 2128 1364 tisse
2171 1309 2368 1365 scribit
2405 1329 2418 1364 :
2457 1321 2515 1366 et
2568 1312 2776 1367 alicubi
2806 1313 3029 1383 quidem
3062 1323 3265 1368 terram
3304 1329 3498 1368 rursus
3528 1315 3583 1367 in

1915 1392 1920 1401 ’
1993 1416 2164 1456 unum
2188 1403 2464 1481 coivisse:
2495 1404 2624 1459 alibi
2655 1420 2789 1461 vero
2820 1405 3008 1461 hiatus
3040 1406 3163 1461 illos
3191 1408 3580 1477 permansisse.

2517 1536 2679 1610 403
2715 1536 2867 1593 CAP.
2898 1537 3087 1594 xxnv.

2027 1623 2100 1679 De
2121 1623 2293 1679 Narse
2329 1627 2585 1697 magistro
2619 1625 2868 1692 militum,
2894 1638 2947 1688 et
2967 1627 3030 1680 de
3060 1628 3293 1698 ejusdem
3330 1629 3545 1698 pietate.

2062 1806 2261 1861 Narrat
2289 1814 2554 1876 praeterea
2579 1821 2669 1861 res
2700 1822 2732 1861 a
2764 1806 2996 1862 Narsete
3022 1814 3224 1877 gestas,
3258 1821 3424 1876 quem
3453 1806 3582 1861 Jus-

1994 1897 2238 1953 tinianus
2273 1898 2328 1952 in
2355 1898 2567 1952 Italiam
2604 1897 2831 1953 miserat
2864 1915 2876 1951 :
2909 1906 2966 1952 et
2991 1912 3098 1967 qua
3130 1895 3343 1951 ratione
3390 1895 3437 1950 is
3477 1896 3584 1950 To-

1992 1991 2167 2054 tilam,
2201 2006 2266 2044 ac
2297 1989 2499 2045 deinde
2547 1989 2738 2044 Teiam
2788 1990 3168 2061 superaverit,
3214 1999 3272 2045 et
3305 1990 3583 2060 quomodo

1990 2084 2124 2139 urbs
2152 2083 2327 2138 Roma
2361 2083 2619 2153 quintum
2654 2090 2814 2152 capta
2834 2082 2926 2137 sit.
2956 2082 3130 2137 Porro
3164 2082 3260 2152 qui
3289 2097 3415 2137 cum
3447 2082 3585 2136 Nar-

1988 2185 2103 2232 sete
2133 2175 2479 2237 familiariter
2516 2175 2722 2229 versati
2745 2181 2892 2238 sunt,
2927 2189 3054 2228 eum
3087 2175 3583 2243 supplicationibus

1987 2287 2054 2326 ae
2105 2270 2597 2341 reliquis'pietatis
2645 2268 2841 2325 ciliciis
2876 2268 3125 2324 divinum
3160 2286 3362 2323 numen
3411 2287 3583 2340 usque

1985 2362 2124 2417 adeo
2148 2363 2408 2427 coluisse,
2462 2371 2517 2417 et
2564 2362 2814 2416 debitum
2858 2362 3108 2435 Deiparae
3162 2362 3427 2418 honorem
3474 2373 3582 2417 tam

1984 2456 2233 2510 studiose
2262 2455 2587 2511 exhibuisse
2632 2455 2808 2521 aiunt,
2849 2466 2908 2510 ut
2951 2456 3041 2509 illa
3077 2464 3293 2525 tempus
3321 2455 3371 2509 ei
3411 2456 3586 2509 mani-

1983 2547 2119 2603 fcste
2146 2547 2438 2608 indicaret,
2471 2564 2580 2617 quo
2619 2564 2797 2617 pugna
2834 2547 3234 2602 committenda
3273 2557 3450 2602 esset:
3483 2564 3584 2601 nec

1981 2640 2137 2712 prius
2158 2657 2399 2710 unquam
2427 2641 2683 2710 prmlium
2709 2641 2877 2696 iniret
2904 2641 3125 2705 Narses,
3164 2656 3328 2711 quam
3362 2641 3582 2711 signum

1981 2731 2051 2793 ab
2084 2730 2176 2785 illa
2233 2731 2562 2801 accepisset.
2606 2730 2727 2791 Alia
2773 2747 2997 2802 quoque
3043 2732 3215 2786 multa
3271 2732 3341 2786 ab
3382 2732 3580 2786 eodem

1981 2824 2216 2879 Narsete
2262 2833 2417 2901 gesta
2474 2835 2625 2889 sunt,
2669 2826 2907 2880 maxima
2942 2824 3107 2879 laude
3133 2824 3298 2895 digna
3331 2843 3344 2878 :
3377 2824 3583 2895 quippe

1978 2917 2073 2986 qui
2118 2917 2440 2973 Buselinum
2467 2926 2524 2972 et
2574 2916 2941 2972 Sindualdum
2991 2918 3379 2983 debellaverit,
3430 2919 3582 2973 mul-

1979 3018 2171 3078 tasque
2219 3008 2475 3079 regiones
2520 3008 2589 3062 ad
2628 3007 2908 3064 Oceanum
2941 3026 3140 3080 usque,
3192 3010 3455 3065 Romanae
3493 3010 3581 3065 di-

1978 3101 2115 3156 tioni
2150 3100 2483 3172 adjunxerit.
2514 3100 2646 3168 Qua:
2669 3100 2936 3172 Agathias
2959 3101 3184 3171 quidem
3220 3101 3410 3156 rhetor
3434 3102 3585 3157 litte—

1904 3211 1949 3271 ς
1982 3194 2059 3248 ris
2087 3191 2367 3246 mandavit
2401 3208 2413 3244 :
2444 3190 2691 3247 nondum
2726 3200 2910 3246 tamen
2943 3191 3191 3247 nancisci
3241 3192 3545 3262 potuimus.

2612 3321 2763 3378 CAP.
2809 3321 2976 3380 XXV.

1984 3418 2255 3484 Quomodo
2279 3415 2554 3489 Cliosroes,
2606 3416 2667 3489 ob
2698 3433 2779 3470 res
2814 3432 3061 3489 prospere
3101 3435 3133 3470 a
3162 3416 3467 3489 Iustiniano
3495 3434 3585 3489 ge-

2053 3497 2165 3543 stas
2214 3488 2416 3541 invidia
2453 3485 2791 3553 stimulatus,
2839 3485 3034 3540 bellum
3064 3487 3246 3543 intulit
3304 3485 3575 3553 Romanis,

2057 3557 2372 3628 multasque
2417 3557 2571 3610 urbes
2616 3558 2828 3628 imperii
2883 3556 3134 3624 Romani,
3185 3568 3347 3628 atque
3400 3560 3456 3612 in
3498 3561 3581 3614 his

2056 3626 2311 3699 magnam
2340 3626 2677 3681 Antiochiam
2704 3627 2988 3681 destruxit.

2054 3739 2321 3794 Refertur
2374 3745 2644 3809 prmterea
2675 3738 2746 3793 ab
2773 3738 2969 3794 eodem
3001 3740 3296 3810 Proc0pio,
3344 3740 3583 3811 qualiter

1981 3832 2281 3896 Chosroes,
2339 3846 2465 3897 eum
2498 3845 2587 3886 res
2618 3831 2675 3885 in
2705 3829 2890 3887 Africa
2918 3838 3083 3902 atque
3118 3831 3274 3887 Italia
3311 3843 3421 3891 tam
3448 3831 3575 3888 feli-a

1607 3967 1842 4028 YARUE
1883 3967 2295 4027 LECTIONES.

353 4058 457 4115 'C.
486 4058 552 4116 C.
577 4059 753 4120 οὕτω..

1503 4182 1777 4240 VALESII
1812 4181 2373 4240 ANNOTATIONES.

350 4300 627 4372 Evagrius
655 4299 947 4372 scripserit
973 4300 1201 4372 ἐπιτελῆ
1219 4318 1279 4355 τε
1300 4302 1401 4373 τὴν
1434 4301 1619 4374 δέησιν
1656 4301 2034 4364 Ἰουστινιανδν
2060 4301 2501 4375 ἀπεργάσασθαι.
2535 4301 2628 4358 Sic
2648 4301 2795 4358 enim
2824 4303 2995 4360 habet
3013 4302 3247 4373 Niceph.
3279 4302 3337 4358 in
3362 4317 3496 4372 cap.
3514 4304 3577 4357 l5

273 4371 371 4429 lib.
409 4371 541 4426 xvtt.

1101 4503 1129 4529 ο
1709 4488 2102 4548 VARIORUM.

301 4593 413 4670 ⁸(ο)
458 4588 1062 4670 ιξόλςτογμρισᾳῖον..
1105 4582 1375 4646 Crisséeus
1410 4589 1567 4646 sinus
1589 4603 1753 4670 pars.
1790 4600 1878 4647 est
1912 4594 1954 4648 D
1981 4590 2164 4670 Tetila
2198 4590 2421 4670 deserta
2446 4592 2675 4670 fuisset;
2722 4593 2838 4670 vid.
2870 4608 2994 4663 cap.
3038 4593 3131 4670 2t,
3171 4602 3370 4661 quarto
3401 4610 3430 4670 ιι
3462 4594 3568 4649 Τυ-

270 4659 432 4715 sinus
475 4659 849 4732 Corinthiaci,
906 4661 965 4716 in
1013 4662 1135 4732 ejus
1188 4676 1291 4732 ora
1334 4659 1781 4732 septentrionali,
1812 4670 1872 4716 et

269 4746 470 4787 versus
516 4731 846 4795 Phocidem,
892 4729 1159 4801 nuncque
1189 4731 1232 4786 il
1256 4729 1414 4800 Goifd
1449 4731 1504 4785 di
1536 4729 1746 4786 Salone
1769 4747 1871 4785 vo-

268 4808 432 4874 catur
453 4816 489 4874 a
519 4802 953 4858 recentioribus.
987 4801 1341 4874 (mugit/mn.)
1369 4801 1739 4874 contigerunt
1774 4818 1871 4856 au-

268 4881 381 4927 tem
405 4872 466 4926 hi
491 4879 656 4927 terra;
682 4881 870 4927 motus
894 4887 1084 4927 mense
1116 4873 1268 4928 Julio
1290 4872 1421 4928 anni
1449 4872 1574 4940 551,
1608 4880 1671 4925 ut
1700 4880 1870 4927 testa-

268 4950 361 5013 tur
409 4942 788 5013 Theophanes
814 4944 876 5013 in
898 4941 1177 4998 Chronico.

360 5018 419 5084 p)
459 5011 728 5082 Ναρσοῦ.
774 5012 997 5084 Narses,
1033 5013 1357 5077 Eunuchus,
1396 5016 1531 5084 imp.
1570 5011 1867 5068 Iustiniani

268 5083 672 5146 cubicularius,
704 5091 918 5139 statura
938 5083 1045 5138 fuit
1070 5084 1249 5149 brevi,
1284 5094 1342 5140 et
1372 5083 1607 5154 corpore
1638 5084 1864 5154 gracili;

268 5169 334 5208 ac
360 5161 666 5229 strenuus,
686 5155 937 5229 prndens
969 5161 1026 5209 et
1056 5154 1186 5209 felix
1209 5157 1281 5229 in_
1294 5155 1463 5229 rebus
1488 5154 1770 5226 gerendis,
1807 5163 1867 5209 ut

268 5224 445 5312 tradit
469 5224 736 5312 Agathia's
764 5226 863 5296 lib.
889 5232 1024 5312 ruet
1046 5241 1123 5312 ei
1146 5240 1219 5312 eo
1249 5224 1470 5312 Sqidas.

342 5297 422 5377 (ιι)
469 5295 836 5377 Τώτιλανῇ-
863 5297 1051 5350 ferar.
1081 5295 1272 5377 Pugna
1307 5295 1597 5351 Narsetem
1632 5295 1867 5377 intenrnet

272 5364 513 5420 Totilam
547 5366 870 5431 commissa,
920 5380 1099 5436 prope
1153 5364 1497 5432 Ravennam,
1555 5381 1702 5436 anno
1736 5366 1862 5431 552,

270 5436 495 5508 fugatus
519 5445 611 5508 est
639 5436 874 5501 Totilas,
905 5435 961 5491 et
989 5437 1214 5508 demum
1258 5437 1501 5508 occisus.
1544 5435 1711 5491 Gothi
1767 5437 1863 5507 qui

267 5507 921 5579 aiproelioievaserant,
955 5521 1142 5579 regem
1173 5507 1276 5562 sibi
1340 5508 1527 5562 Teiam
1579 5517 1859 5579 crearunt,

266 5577 376 5648 qui
419 5577 591 5633 simili
637 5577 755 5633 fato
796 5577 1040 5634 functus
1078 5585 1187 5642 est,
1245 5578 1330 5633 vel
1380 5579 1600 5643 eodem,
1634 5578 1720 5632 vel
1756 5578 1862 5632 sal-

267 5657 376 5704 tem
404 5648 670 5718 sequenti
701 5664 873 5705 anno.

332 5720 408 5791 (9')
443 5718 962 5791 flfcimngzépxtor
1010 5718 1415 5791 ἐάλῳμΡιίιῐιο
1468 5736 1497 5791 a
1567 5718 1856 5791 Belisario,

264 5788 409 5846 anno
440 5789 570 5845 536.
606 5788 729 5845 Vid.
768 5804 956 5860 supra,
989 5805 1113 5860 cap.
1147 5790 1235 5857 19,
1268 5790 1518 5846 secundo
1563 5805 1593 5843 a
1652 5789 1854 5853 'l‘otila,

262 5876 408 5919 anno
439 5860 565 5931 546,
618 5861 783 5917 tertio
818 5875 849 5916 a
875 5860 1142 5920 Belisario
1174 5875 1305 5918 mox
1341 5860 1629 5933 recipitur,
1663 5874 1789 5917 cum
1821 5876 1852 5916 ιι

1982 4662 2076 4735 tila
2101 4678 2247 4717 anno
2284 4663 2423 4729 549;
2466 4665 2582 4720 vid.
2608 4664 2740 4735 Pagi
2770 4665 2836 4719 ad
2859 4662 3067 4735 annum
3095 4664 3286 4735 istum,
3323 4665 3513 4735 quinto
3543 4686 3570 4722 a

1973 4731 2228 4804 Harsete,
2247 4748 2393 4789 anno
2416 4735 2541 4791 552.
2564 4731 2772 4789 Eadem
2799 4731 2969 4791 habet
2985 4733 3312 4804 ProcOpius,
3336 4733 3412 4788 De
3437 4736 3571 4791 bello

1975 4800 2095 4874 (ἔοι.
2124 4803 2162 4856 l.
2198 4820 2270 4869 xv,
2303 4819 2352 4859 c.
2385 4805 2475 4870 55,
2509 4821 2541 4860 a
2570 4821 2681 4874 quo
2727 4821 2825 4860 sua
2889 4804 3079 4859 hausit
3131 4800 3423 4873 E’vagrius.
3460 4808 3568 4861 Sed

1975 4872 2250 4944 interpres
2276 4874 2528 4945 ProcOpii
2561 4872 2662 4946 pro
2679 4877 2866 4945 quinto
2913 4875 3077 4946 male
3114 4872 3290 4946 vertit
3323 4884 3569 4933 sextum:

1972 4944 2773 5017 quemerroremfin'variis
2830 4944 3170 5017 lectionibus
3232 4945 3302 5000 ad
3358 4947 3567 5004 calcem

1974 5015 2163 5087 operis
2196 5016 2416 5087 rejectis
2444 5015 2684 5087 ingenue
2719 5016 2969 5087 agn0vit.
2997 5015 3088 5070 W.
3122 5015 3347 5071 Lowrn.

2046 5088 2115 5152 (ε)
2152 5084 2435 5153 Ἐκεῖθεν.
2488 5084 2777 5156 Grynaeus
2800 5095 2859 5141 et
2912 5084 3203 5141 Curterius
3241 5087 3446 5142 cmlitus
3480 5089 3567 5143 in-

1972 5162 2377 5226 terpretantur,
2418 5164 2480 5210 ut
2500 5156 2718 5212 notavit
2751 5156 2907 5211 Matt.
2943 5156 3212 5227 Shorting
3237 5158 3292 5211 in
3317 5158 3524 5215 locum.

2046 5231 2110 5297 (t)
2153 5227 2552 5281 Βουσελίνον.
2584 5227 2881 5283 Buselinus
2937 5228 3057 5281 sive
3088 5226 3387 5293 Butilinus,
3422 5229 3562 5285 Ger-

1969 5311 2262 5351 manorum
2291 5297 2426 5361 dux,
2454 5313 2580 5353 cum
2612 5298 2669 5352 in
2699 5297 3058 5361 Campaniam
3086 5299 3354 5359 venisset,
3385 5310 3561 5355 castra

1969 5382 2081 5439 non
2110 5368 2331 5439 procul
2359 5384 2391 5423 a
2423 5368 2615 5439 Capua
2649 5370 2791 5424 urbe
2823 5367 2963 5435 ﬁxit,
3010 5367 3080 5423 ad
3112 5368 3264 5438 ripas
3314 5369 3559 5425 Casulini

1968 5436 2235 5509 fluminis.
2266 5438 2473 5494 Narses
2505 5436 2665 5503 vero,
2701 5439 2795 5494 ubi
2831 5439 2950 5495 htec
2982 5436 3266 5509 cognovit,
3295 5441 3482 5495 statim
3508 5454 3564 5496 ct

1968 5508 2101 5581 ipse
2146 5509 2412 5581 universo
2445 5511 2698 5565 exercitu
2733 5511 2909 5565 Roma
2937 5508 3165 5575 cduCto,
3218 5524 3330 5564 non
3362 5513 3557 5581 procul

1966 5580 2036 5634 ab
2088 5578 2349 5634 hostibus
2372 5590 2558 5635 castra
2600 5581 2769 5636 locat.
2828 5581 3078 5637 Tandem
3112 5591 3342 5637 ventum
3364 5578 3462 5638 est
3490 5582 3557 5637 ad

1963 5649 2246 5719 prmlium,
2278 5649 2336 5721 in
2367 5665 2477 5721 quo
2502 5650 2625 5720 ipse
2650 5651 2761 5706 dux
2797 5652 3078 5707 Butilinus
3126 5666 3253 5707 cum
3290 5651 3559 5707 universe

1964 5718 2210 5800 exercitu
2245 5718 2312 5800 ad
2363 5718 2807 5778 internecionem
2856 5723 3045 5794 periit.
3085 5722 3212 5778 Haec
3264 5737 3413 5778 anno
3453 5722 3556 5780 553

1966 5790 2135 5846 refert
2169 5790 2391 5860 l’agius.
