3982 6384
260 338 402 402 ἔτἰῦ

1156 309 1546 405 HISTORIA-3
1586 315 2188 433 ECCLESIAS’l‘IfLE
2230 353 2459 413 LIBER
2510 353 2607 416 Iv.

3402 357 3501 422 27'.

258 452 412 516 ἄξιον
450 449 815 519 καθέστηκεν.
849 450 977 504 Ὅτε
1002 449 1103 521 τὴν
1152 452 1430 524 Ἀντιόχου
1458 458 1860 527 πυρπολεῖσθαι

1966 461 2054 525 bo,
2085 462 2290 532 quippe
2318 463 2466 533 quod
2501 463 2631 518 huic
2659 444 2815 533 opc‘ri
2840 473 3029 519 nostro
3055 464 3221 519 inseri
3247 480 3545 523 mercatur.

256 545 371 596 τῶν
427 542 725 612 ’Λπαμέων
756 544 807 595 oi
864 543 1054 608 παῖδες
1108 543 1449 613 ἐγνώκεσαν,
1501 548 1743 603 ἱκέτευον
1766 554 1856 603 τὸν

255 634 591 703 λελεγμένον
630 651 722 703 μοι
772 634 998 704 Θωμᾶν,
1032 634 1096 687 τὸ
1132 637 1403 707 σωτήριον
1452 639 1548 690 καὶ
1592 639 1857 702 ζωοποιδν

259 727 355 781 τοῦ
390 725 631 798 σταυροῦ
663 725 821 791 ξύλον
876 727 1027 797 παρὰ
1079 728 1142 780 τὸ
1172 727 1364 793 εἰωθὸς
1414 736 1768 800 προενεγκεῖν
1797 750 1856 785 τε

261 820 356 871 καὶ
395 818 703 890 προθεῖναι,
761 818 837 882 ὡς
880 817 946 872 ἂν
990 819 1058 873 τὰ
1106 820 1397 876 τελευταῖα
1441 823 1614 893 ὁρῷέν
1667 843 1728 877 τε
1762 826 1857 879 καὶ

260 910 732 974 κατασπάζοιντο,
754 911 854 981 τὴν
886 911 1056 982 μόνην
1083 912 1192 966 τῶν
1217 913 1525 983 ἀνθρώπων
1554 917 1855 988 σωτηρίαν,

258 1003 480 1070 ὲφὸδιόν
504 1020 565 1054 τε
595 1002 814 1056 λάϐοιεν
830 1004 931 1074 τῆς
954 1003 1150 1075 ἑτέρας
1191 1004 1399 1076 βιοτῆς,
1431 1007 1856 1079 διαπορεὺοντος

258 1096 470 1159 αὐτοὺς
492 1093 585 1148 τοῦ
617 1094 802 1165 τιμίου
851 1096 1089 1167 σταυροῦ
1128 1098 1265 1171 πρὸς
1307 1099 1407 1167 τὴν
1437 1099 1648 1169 ἀμείνω
1681 1102 1854 1172 λῆξιν.

263 1188 330 1237 "U
358 1187 425 1256 δὴ
473 1186 571 1240 καὶ
607 1187 910 1258 πεπραχὼς
942 1189 970 1242 ὁ
1010 1188 1236 1259 Θωμᾶς,
1290 1191 1560 1263 προφέρει
1601 1194 1661 1245 τὸ
1719 1194 1858 1257 ζωο-

258 1277 421 1330 nam
454 1278 634 1344 ξύλον,
674 1280 847 1349 ῥητὰς
895 1279 1234 1348 ἐπαγγείλας
1284 1281 1496 1351 ἡμέρας
1526 1282 1625 1352 τῆς
1660 1284 1858 1355 προθέ-

259 1387 429 1433 σεως.
457 1371 532 1433 ὡς
565 1370 631 1422 ἂν
662 1369 758 1440 ἐξῇ
792 1370 885 1423 καὶ
911 1372 1046 1425 πᾶσι
1076 1374 1194 1435 τοῖς
1221 1372 1608 1441 ἁστυγείτοσιν
1637 1375 1859 1445 ἁλισθῆ-

256 1480 376 1520 ναι,
413 1463 509 1514 καὶ
537 1465 637 1530 τῆς
666 1462 919 1516 ἐντεῦθεν
956 1465 1234 1535 σωτηρίας
1264 1465 1596 1522 ἀπόνασθαι.
1623 1469 1855 1522 Φοιτῶσι

257 1551 397 1619 γοῦν
423 1554 564 1622 μετὰ
586 1552 697 1605 τῶν
735 1552 910 1606 ἄλλων
939 1553 1036 1606 καὶ
1064 1555 1113 1607 oi
1162 1555 1220 1618 ἐς
1258 1554 1375 1624 φῶς
1414 1573 1483 1627 με
1514 1558 1857 1626 προαγαγὸνο

255 1663 374 1707 τες,
404 1646 460 1707 ἐς
494 1644 1002 1714 χαμαιδιδασκάλου
1040 1646 1315 1715 φοιτῶντά
1339 1666 1405 1718 με
1442 1650 1851 1719 περιαγόμενοι.

268 1739 360 1800 Ὡς
393 1738 440 1790 δ’
471 1738 563 1791 οὖν
594 1739 967 1808 προσκυνῆσαί
1011 1755 1071 1791 τε
1118 1739 1215 1792 καὶ⁹
1252 1740 1716 1795 κατασπάσασθαι
1765 1742 1855 1794 τὸν

1958 553 2094 608 Cum
2132 554 2324 608 urbem
2367 554 2721 610 Antiochiam
2749 572 2778 609 a
2803 555 3050 612 Chosroe
3116 557 3397 613 incensam
3425 575 3548 615 esse

1960 646 2284 703 didicissent
2331 648 2690 718 Apamenscs,
2747 649 3098 717 postularunt
3149 650 3475 720 suppliciter
3517 670 3551 707 a

1962 737 2194 802 Tltoma,
2243 741 2401 809 cujus
2452 755 2618 808 supra
2673 739 3011 796 mentionem
3044 740 3172 805 l‘eci,
3205 750 3266 797 ut
3307 743 3549 797 salutare

1960 845 2024 885 ac
2050 829 2327 885 viviﬁcum
2359 831 2545 885 crucis
2583 832 2792 899 lignqu
2830 842 3031 902 [muter
3066 844 3394 888 consuetum
3434 851 3551 887 mc—

1964 935 2078 974 rem
2105 920 2383 990 proferret
2431 933 2595 991 atque
2621 924 2868 977 ontnium
2895 924 3073 978 oculis
3108 936 3407 994 exponeret
3450 944 3461 979 :
3490 935 3549 979 ut

1963 1013 2180 1066 unicam
2236 1013 2380 1067 hanc
2409 1013 2721 1067 mortalium
2767 1016 2999 1069 salutem
3046 1026 3382 1086 postremum
3430 1034 3548 1072 cer-

1960 1118 2096 1157 nere
2129 1120 2194 1159 ac
2221 1104 2528 1159 dcosculari
2557 1105 2689 1174 ipsis
2717 1105 2930 1165 liceret.
2980 1116 3144 1176 atque
3167 1109 3269 1161 hoc
3302 1109 3436 1178 ipsis
3478 1109 3543 1162 ad

1962 1195 2190 1250 alteram
2226 1198 2395 1250 vitam
2446 1206 2593 1251 esset
2647 1198 2944 1261 viaticum,
2976 1198 3289 1253 veneranda
3336 1200 3548 1254 scilicet

1961 1302 2126 1342 cruce
2164 1289 2313 1357 ipsos
2340 1287 2407 1342 ad
2437 1289 2720 1342 meliorem
2743 1298 2945 1344 sortem
2978 1297 3404 1360 tranSportante.
3440 1294 3552 1345 Ar.-

1962 1381 2086 1435 nuit
2114 1397 2309 1436 eorum
2338 1382 2601 1452 precibus
2639 1383 2904 1446 Thomas,
2932 1392 2988 1438 et
3017 1365 3293 1440 viviﬁcnm
3340 1385 3546 1454 lignum

1962 1472 2324 1544 deprompsit,
2351 1474 2577 1531 indictis
2604 1476 2771 1531 certis
2802 1476 3002 1531 diebus
3039 1477 3243 1546 quibus
3277 1493 3551 1547 propone—

1964 1575 2139 1631 retur,
2184 1575 2245 1620 ut
2286 1582 2480 1622 omnes
2530 1567 2748 1623 finitimi
2795 1584 2863 1623 eo
2907 1568 3214 1630 conﬂuere,
3257 1578 3313 1623 et
3356 1568 3551 1623 salutis

1964 1656 2091 1711 inde
2127 1658 2507 1726 promanantis
2559 1659 2860 1729 participes
2896 1659 3012 1712 ﬁeri
3056 1667 3299 1728 possent.
3339 1659 3417 1712 Eo
3452 1658 3551 1728 igi-

1965 1757 2055 1802 tur
2097 1758 2353 1817 parcntes
2385 1751 2490 1804 mei
2525 1766 2630 1804 una
2662 1766 2787 1805 cum
2821 1750 3048 1820 reliquis
3080 1765 3138 1804 se
3169 1751 3547 1812 contulerunt,

254 1828 448 1897 τίμιον
510 1827 825 1899 ἠξιώθημεν
871 1829 1130 1898 σταυρὸν.
1184 1830 1325 1900 ἄρας
1381 1831 1408 1882 ὁ
1459 1830 1662 1900 Θωμᾶς
1692 1831 1860 1902 ἄμφω

1966 1852 2053 1891 me
2077 1853 2298 1907 quoque
2353 1839 2444 1908 qui
2487 1848 2617 1892 tunc
2648 1819 3134 1908 grammaticorum
3190 1838 3405 1893 scholas
3436 1828 3583 1892 fre--

255 1921 326 1973 τὰ
354 1920 376 1948 τ
403 1922 582 1991 χεῖρε,
615 1921 674 1973 τὸ
702 1923 801 1989 τῆς
860 1921 1102 1990 ἀρχαίας
1153 1922 1402 1993 κατάρας
1437 1922 1858 1995 ἐξαλειπτήριον

256 2011 355 2065 τοῦ
420 2013 659 2083 σταυροῦ
731 2011 888 2075 ξύλον
942 2013 1250 2079 ἐπεδείκνυ,
1302 2014 1480 2085 πάντη
1530 2014 1638 2068 τῶν
1699 2015 1860 2069 θείων

258 2105 591 2176 ᾲνακτὸρων
617 2105 979 2176 περινοστῶν,
1029 2104 1219 2177 ὥσπερ
1250 2108 1308 2159 ἐν
1339 2108 1458 2170 ταῖς
1485 2106 1702 2177 κυρίαις
1750 2106 1861 2160 τῶν

262 2197 705 2267 προσκυνήσεων
739 2195 978 2267 ἡμέραις
1020 2196 1250 2250 εἴθιστο.
1278 2198 1474 2251 Εἵπετο
1497 2198 1554 2252 δὲ
1588 2198 1664 2267 τῷ
1688 2197 1861 2270 Θωμᾷ

260 2288 660 2361 μεθισταμένῳ
691 2288 863 2359 πυρὸς
903 2289 1047 2358 μέγα
1068 2306 1121 2343 τι
1144 2290 1336 2360 χρῆμα
1367 2289 1766 2358 σελαγίςοντος,
1798 2292 1860 2344 οὐ

259 2382 686 2447 κατακαίοντος,
723 2379 800 2442 ὼς
834 2380 1017 2434 πάντα
1046 2381 1139 2434 τὸν
1198 2381 1377 2453 χῶρον
1409 2381 1539 2435 ἔνθα
1568 2381 1861 2452 παρεστὼς

259 2474 356 2528 τὸν
384 2474 571 2543 τίμιον
602 2473 889 2527 ἐπεδείκνυ
921 2473 1178 2543 σταυρὸν,
1238 2473 1627 2544 ὲμπίπρασθαι
1656 2475 1858 2529 δοκεῖν.

261 2567 381 2634 Καὶ
410 2567 637 2635 γέγονεν
676 2566 777 2637 οὐχ
801 2565 972 2631 ἅπαξ,
1008 2565 1068 2618 οὐ
1100 2565 1204 2628 δἰς,
1252 2565 1390 2619 ἀλλὰ
1435 2566 1529 2621 καὶ
1576 2566 1858 2631 πολλάκις,

260 2659 358 2729 τοῦ
393 2658 592 2729 ἱερέως
634 2658 813 2710 πάντα
847 2657 939 2710 τὸν
963 2657 1157 2711 αὐτόσε
1185 2656 1363 2728 χῶρον
1400 2657 1726 2727 περιϊόντος,
1768 2660 1864 2712 καὶ

264 2748 364 2802 τοῦ
393 2747 782 2820 ἁθροισθέντος
815 2747 925 2800 λεὼ
967 2746 1125 2800 τοῦτο
1169 2746 1426 2815 γενέσθαι
1478 2746 1682 2818 Θωμᾶν
1737 2749 1865 2802 δυσ-

264 2839 574 2910 ωποῦντος.
610 2839 790 2909 Ὅπερ
818 2839 911 2891 καὶ
956 2838 1057 2909 τὴν
1116 2837 1421 2907 γενομένην
1449 2837 1725 2910 σωτηρίαν
1751 2842 1865 2904 τοῖς

281 2932 598 3004 Ἀπαμεῦσι
620 2934 1055 3004 προεφήτευσεν.
1101 2930 1359 3000 Ἀνετέθη
1382 2930 1560 2983 τοίνυν
1590 2930 1866 2987 καὶείκὼν

266 3030 375 3081 ἀνα
404 3027 497 3079 τὸν
518 3026 714 3099 δροτον
748 3025 858 3078 τῶν
892 3023 1231 3094 ἀιακτὸρων.
1257 3023 1435 3078 ταῦτα
1471 3026 1583 3087 τοῖς
1609 3022 1865 3092 ἀγνοοῦσι

266 3124 336 3192 τῇ
398 3123 586 3192 γραφῇ
652 3119 1053 3186 διαγγέλλουσα
1107 3117 1242 3187 (Sili),
1300 3118 1334 3188 ἣ
1387 3118 1481 3171 καὶ
1540 3119 1705 3189 μέχρι
1766 3121 1866 3189 τῆς

1959 1932 2316 2001 quentaham;
2344 1948 2531 1987 secum
2564 1933 2926 1987 deducentes.
2963 1932 3151 2001 Itaque
3192 1947 3260 1985 eo
3303 1942 3552 2001 tempore

1959 2040 2070 2094 quo
2101 2025 2473 2080 venerandam
2495 2040 2714 2080 crucem
2742 2025 2972 2080 adorare
3005 2041 3070 2079 ac
3096 2025 3401 2080 deosculari
3436 2040 3553 2079 mc-

1962 2115 2196 2181 ruimus,
2250 2117 2495 2172 Thomas
2542 2118 2705 2172 elatis
2741 2133 2962 2171 sursum
3021 2116 3300 2182 manibus,
3340 2117 3549 2188 lignum

1961 2207 2148 2261 crucis
2177 2207 2325 2276 quod
2362 2216 2604 2262 vett-rem
2636 2207 3081 2262 maledictionem
3127 2207 3388 2268 abolevit.
3429 2208 3555 2260 uni-

1961 2314 2176 2353 versam
2206 2298 2380 2353 :edem
2430 2314 2642 2354 sacram
2696 2297 2860 2370 405
2911 2298 3244 2352 circumiens
3286 2297 3551 2367 ostendit,

1962 2388 2107 2442 sicut
2143 2389 2199 2441 in
2229 2386 2570 2442 solemnibus
2610 2385 2998 2440 adorationum
3035 2384 3234 2439 diebus
3269 2382 3387 2437 ﬁeri
3421 2398 3554 2437 con—

1963 2486 2240 2533 sueverat.
2302 2478 2753 2550 Progredientem
2798 2492 2929 2531 vero
2963 2476 3232 2530 Thomam
3281 2474 3558 2546 sequeba:

1964 2578 2054 2623 tur
2084 2569 2278 2640 ingens
2308 2569 2547 2632 ﬂamma,
2583 2585 2691 2623 non
2729 2568 2820 2622 illa
2847 2568 3070 2638 quidem
3104 2568 3423 2623 amburens.
3456 2568 3551 2622 sed

1962 2674 2264 2715 coruscans
2296 2661 2475 2715 :adeo
2514 2669 2573 2714 ut
2626 2668 2774 2714 totus
2820 2659 2910 2714 ille
2946 2659 3103 2714 locus
3132 2659 3189 2714 in
3221 2674 3333 2729 quo
3370 2659 3556 2714 consi-

1964 2763 2116 2810 stens
2146 2754 2408 2819 Thomas,
2468 2753 2846 2809 venerandam
2901 2769 3124 2809 crucem
3181 2752 3552 2819 ostendebat,

1965 2850 2305 2921 conﬂagrare
2343 2848 2651 2904 videretur.
2687 2848 2877 2919 Neque
2900 2849 3008 2903 hoc
3042 2847 3212 2903 semel
3241 2857 3408 2916 atque
3445 2847 3553 2901 ite-

1968 2960 2112 3009 rum,
2140 2943 2236 2998 sed
2272 2943 2474 3013 saepius
2504 2942 2710 2997 factum
2735 2951 2839 3005 est,
2866 2956 2994 2996 cum
3012 2940 3307 3009 episc0pus
3333 2938 3558 2993 univer-

1967 3051 2089 3090 sum
2116 3035 2268 3089 illum
2313 3035 2495 3089 Iecum
2522 3034 2810 3094 circuiret.
2833 3040 2889 3087 et
2919 3032 3155 3102 populus
3189 3031 3302 3084 illic
3321 3046 3557 3100 congre-

1969 3134 2127 3197 gatus
2150 3125 2417 3191 Thomam
2466 3125 2628 3179 enixe
2669 3134 2889 3195 rogaret
2925 3131 2986 3178 ut
3030 3122 3081 3178 id
3141 3122 3319 3178 ﬁeret.
3356 3123 3434 3177 Ea
3466 3138 3557 3176 res

282 3212 812 3286 'A52apydvou(57)
872 3214 968 3266 καὶ
1002 3211 1229 3282 Περσῶν
1294 3212 1488 3280 sario-lu
1550 3212 1860 3278 διεσώζετο.

1969 3219 2207 3274 futuram
2252 3217 2656 3287 Apamensibus
2690 3217 2926 3271 salutem
2984 3214 3256 3285 praedixit.
3294 3212 3556 3267 Dcdicata

271 3304 593 3373 Συνεκαύθη
631 3304 687 3363 δὲ
733 3306 798 3374 τῇ
843 3302 1040 3358 αὐτόσε
1096 3302 1232 3372 ἁγίᾳ
1268 3301 1364 3355 τοῦ
1412 3302 1548 3357 Θεοῦ
1596 3305 1864 3375 ἐκκλησία

272 3400 420 3470 μετὰ
448 3399 549 3467 τῆς
578 3396 708 3467 ὅλης
738 3397 970 3460 πόλεως.
1010 3397 1123 3450 Καὶ
1176 3394 1351 3449 ταῦτα
1410 3396 1510 3467 μὲν
1537 3391 1640 3451 ὧδε
1670 3397 1863 3465 ἐγεγό-

270 3506 377 3544 νει.
427 3489 486 3543 Ὀ
515 3489 571 3542 δὲ
603 3489 853 3558 Χοσρὸης
889 3486 1033 3541 κατὰ
1076 3486 1179 3558 τὴν
1226 3487 1427 3556 ἄφοδον
1473 3488 1866 3558 παρασπονδή-

273 3594 377 3645 σας
404 3581 475 3634 τὰ
538 3580 908 3648 συγκείμενα,
959 3580 1083 3632 ἐπεὶ
1127 3581 1225 3632 καὶ
1265 3578 1520 3649 τηνικάδε
1566 3579 1865 3643 συνεδόκει,

270 3673 444 3744 ἔτερα
479 3673 753 3741 πέπραχε,
780 3670 855 3741 τῷ
891 3667 1239 3740 μὲνὰσταθεῖ
1268 3668 1436 3722 αὐτοῦ
1486 3669 1583 3722 καὶ
1617 3668 1863 3737 ἀϐεϐαίῳ

270 3766 465 3836 τρόπῳ
500 3762 896 3833 συμϐαίνοντα,
927 3763 1130 3832 ἥκιστα
1176 3761 1233 3814 δὲ
1266 3761 1420 3831 ἀνδρὶ
1451 3760 1678 3831 λογικῷ,
1731 3761 1865 3832 μήτι

270 3876 339 3925 γε
384 3857 453 3928 δὴ
504 3856 720 3929 βασιλεῖ
772 3857 1075 3927 πρέποντα,
1123 3854 1283 3924 λόγον
1322 3859 1428 3907 τῶν
1489 3855 1866 3926 συγκειμένων

275 3968 434 4005 manu
443 3952 611 4020 μένῳ.

1967 3317 2052 3363 est
2084 3307 2253 3377 igitur
2287 3307 2467 3376 imago
2510 3309 2564 3361 in
2617 3305 2866 3361 lacunari
2914 3305 3048 3360 aedis
3078 3320 3265 3369 sacrae,
3301 3319 3423 3374 qua:
3456 3303 3561 3360 hoc

1971 3402 2296 3457 miraculum
2330 3403 2547 3473 pictura
2579 3416 2901 3473 expressum
2934 3399 3316 3454 nescientibus
3351 3397 3559 3452 indica-

1970 3500 2074 3546 ret.
2103 3472 2410 3562 Mansitque
2434 3472 2804 3562 intcgra'haee
2838 3491 3037 3558 imago,
3075 3489 3143 3543 ad
3186 3488 3558 3543 incursionem

1973 3598 2148 3653 usque
2179 3583 2541 3636 Adaarmanis
2587 3590 2643 3635 et
2671 3582 2984 3635 Persarum.
3012 3579 3133 3645 Quo
3176 3589 3425 3646 tempore
3450 3592 3560 3630 una

1973 3688 2096 3728 cum
2126 3683 2477 3728 sacrosancta
2504 3673 2599 3726 Dei
2625 3671 2870 3726 Ecclesia
2900 3679 2956 3724 ct
2975 3684 3102 3723 cum
3136 3669 3394 3722 universa
3425 3666 3562 3720 civi-

1977 3772 2089 3821 tate
2124 3764 2359 3820 Ilammis
2388 3764 2679 3834 absumpta
2723 3771 2826 3817 est.
2865 3762 3043 3831 Atque
3076 3759 3192 3814 hrec
3221 3758 3445 3829 quidem
3485 3757 3557 3811 ita

1973 3866 2301 3913 evenerunt.
2348 3855 2626 3911 Cliosroes
2692 3870 2826 3909 vero
2869 3853 3001 3908 dum
3055 3853 3282 3916 rediret,
3340 3850 3562 3905 violatis

1976 3947 2436 4018 pactis(qu:cdam
2471 3946 2621 4000 enim
2662 3954 2796 4001 tunc
2818 3944 3236 4015 spoponderat),
3268 3945 3428 4012 longe
3451 3942 3556 3995 alia

271 4045 521 4107 admisit,
556 4059 681 4114 quae
722 4041 1104 4098 inconstantia:
1143 4039 1370 4117 quidem
1410 4041 1533 4112 ejus
1562 4056 1626 4096 ac
1655 4040 1865 4121 legitati
1904 4040 2344 4106 conveniebant,
2410 4040 2533 4095 viro
2559 4049 2744 4094 autem
2808 4037 3021 4092 ratione
3052 4036 3318 4106 przetlito,
3354 4035 3558 4090 nedum

274 4137 415 4208 regi,
441 4148 733 4207 pactorum
760 4150 987 4192 suorum
1022 4134 1293 4189 rationem
1317 4133 1541 4189 ducenti
1564 4173 1576 4195 .
1612 4133 1868 4190 indecora
1898 4149 2129 4205 prorsus
2150 4142 2330 4189 erant.

852 4226 1107 4282 ΚΕΦΑΛ.
1168 4227 1293 4280 ΚΖ’.

348 4324 495 4393 Περὶ
519 4322 630 4392 τῆς
652 4324 741 4388 εἰς
767 4321 1073 4375 Ἔδεσσαν
1098 4319 1493 4388 ἐκστρατείας
1521 4322 1815 4388 Χοσρόου.

361 4415 699 4487 Ἀναγράφει
759 4414 788 4466 ὁ
838 4413 1004 4477 αὐτὸς
1073 4411 1384 4482 Προκὸπιος
1432 4412 1525 4464 καὶ
1602 4411 1672 4464 τὰ
1738 4412 1887 4489 περὶ.

2561 4225 2714 4282 CAP.
2755 4225 2967 4281 XXVII.

2102 4318 2176 4372 De
2206 4317 2449 4375 Chosrois
2513 4319 2845 4389 expeditione
2873 4319 3121 4374 adversus
3154 4319 3434 4374 Edessam.

2045 4409 2244 4465 Narrat
2268 4411 2432 4465 etiam
2466 4408 2610 4464 idem
2635 4408 2939 4479 Procopius
2959 4422 3023 4465 ea
3043 4426 3165 4481 quae
3187 4409 3254 4466 de
3282 4410 3481 4465 Edessa
3505 4417 3564 4463 et

289 4483 550 4580 Ἐδέσσης
569 4483 641 4577 (υ)
673 4505 767 4559 καὶ
801 4502 1072 4573 ’Ᾱγόάρου
1093 4504 1206 4566 τοῖς
1231 4502 1478 4567 παλαιοῖς
1497 4505 1687 4573 ξστορη
1697 4502 1855 4573 μένα,

1966 4501 2032 4557 de
2061 4492 2283 4572 Agbaro
2309 4503 2379 4558 ab
2412 4501 2659 4572 antiquis
2687 4510 2818 4556 sunt
2846 4501 3086 4572 prodita,
3113 4510 3172 4559 et
3202 4501 3564 4574 quemadmo-

318 4582 323 4586 ’
1580 4616 1815 4675 γΑιιιΑς
1856 4616 2270 4674 LECTIONES.

1490 4759 1765 4817 VALESII
1804 4759 2369 4817 ANNOTATIONES.

352 4698 372 4727 "
396 4694 462 4752 C.
487 4692 551 4750 C.
576 4692 678 4749 τώ.

350 4844 469 4930 (56)
514 4856 596 4925 Τῇ
626 4855 826 4930 γραφῇ
846 4856 1316 4930 διαγγέλλουσα.
1340 4854 1580 4930 Dubium
1598 4862 1704 4918 est,
1735 4854 1870 4930 _quid
1905 4856 1950 4911 D
1976 4870 2040 4911 ea
2086 4854 2135 4930 _si
2177 4854 2363 4930 imago
2417 4866 2539 4930 erat
2575 4855 2657 4930 _in
2691 4855 2994 4930 testudine,
3042 4858 3293 4930 ubinam,
3344 4874 3561 4930 qureso.

279 4926 389 4986 hoc
410 4929 535 4999 loco
566 4931 751 4997 γραφή
780 4927 1074 4997 signiﬁcet,
1103 4936 1292 4999 utrum
1312 4927 1593 4999 picturam
1646 4934 1704 4979 et
1734 4926 1873 4979 ima-

279 5000 470 5068 ginem
496 4998 730 5052 ﬂammae
755 4999 909 5053 illius
925 5014 1050 5068 quae
1081 4997 1269 5053 crucis
1311 4997 1520 5068 lignum
1578 5004 1875 5068 prosecuta

278 5075 469 5125 fuerat
488 5106 506 5131 ,
530 5084 601 5122 an
628 5067 988 5139 scripturam.
1015 5068 1301 5139 Masculus
1344 5067 1571 5139 quidem
1594 5083 1710 5139 pro
1731 5067 1873 5139 seri-

280 5149 452 5211 ptura
474 5138 721 5211 accepit,
750 5136 1230 5211 quemadmodum
1262 5136 1431 5194 etiam
1474 5136 1873 5211 Cbristophor-

280 5208 480 5281 aeuus,
511 5208 715 5278 quisic
749 5209 916 5265 vertit
940 5226 982 5281 :_
1006 5208 1079 5265 Ob
1109 5226 1275 5281 quam
1307 5225 1531 5272 causam
1591 5208 1772 5281 imago
1815 5209 1872 5265 in

280 5277 549 5337 testudine
587 5280 891 5335 sanctuarii
941 5277 1149 5334 slatuta
1172 5279 1302 5404 ﬁt“,
1355 5295 1474 5403 ἵκω
1517 5280 1869 5350 inscriptione

282 5348 339 5404 in
384 5352 504 5404 basi
555 5352 747 5404 incisa.
803 5353 899 5404 hoc
959 5352 1167 5404 miracu
1234 5367 1284 5403 m
1331 5349 1441 5404 ilis
1482 5351 1573 5404 aui
1626 5350 1867 5404 eiusdem

282 5348 339 5405 in
384 5352 504 5405 basi
555 5352 747 5415 incisa,
803 5353 899 5405 hoc
959 5348 1284 5407 miraculum
1331 5348 1441 5405 illis
1482 5351 1573 5419 qui
1626 5348 1867 5419 ejusdem

281 5421 464 5491 ignari
490 5422 1146 5487 erant,contmonstravit.
1184 5421 1387 5491 Verum
1425 5421 1542 5475 hate
1592 5419 1869 5491 interpre-

282 5490 423 5547 tatio
447 5491 583 5546 ferri
614 5508 724 5546 non
751 5500 953 5561 potest.
976 5492 1165 5551 Primo,
1183 5490 1334 5546 enim
1356 5491 1505 5546 basis
1525 5508 1632 5545 non
1666 5490 1870 5547 dicitur

286 5562 355 5616 de
384 5561 628 5633 imagine
652 5563 823 5633 picta,
843 5561 941 5619 sed
975 5562 1046 5641 de
1086 5570 1271 5632 statua
1313 5562 1600 5622 duntaxat.
1634 5564 1870 5618 Przctcr-

1977 4927 2163 4995 posita
2193 4937 2316 4980 erat
2349 4926 2541 4981 basis?
2575 4926 2690 4995 Ego
2720 4943 2853 4982 vero
2886 4927 3055 4996 hujus
3102 4926 3378 4984 miraculi‘
3420 4929 3560 4983 ima-

1974 4997 2158 5066 ginem
2187 4996 2470 5065 depictam
2494 4996 2665 5051 fuisse
2690 4996 2952 5052 existimo
2990 4997 3045 5052 in
3072 4999 3322 5054 lacunari
3378 4999 3560 5054 eccle-

1973 5067 2091 5139 siae,
2124 5067 2214 5139 cui
2269 5067 2537 5139 fortasse
2568 5067 2823 5139 inscripti
2876 5077 3039 5122 erant
3087 5070 3301 5139 aliquot
3339 5085 3560 5135 versus,

1972 5138 2069 5206 qui
2101 5137 2428 5192 miraculum
2486 5136 2624 5191 illud
2663 5136 3197 5194 commemorarent:
3222 5140 3448 5196 Similes
3478 5140 3565 5195 in-

1974 5207 2311 5279 scriptiones
2366 5209 2629 5279 leguntur
2683 5209 2740 5263 in
2792 5208 3062 5264 Thesauro
3096 5210 3349 5276 Gruteri,
3405 5220 3464 5265 et
3505 5211 3563 5264 in

1976 5277 2234 5349 Epistolis
2260 5277 2504 5349 Paulini.
2604 5347 2611 5349 _
2820 5300 2821 5303 η

2049 5350 2158 5418 (57)
2204 5347 2747 5419 ΤῆςἊδεερμάνου.
2764 5350 2825 5405 In
2858 5350 3195 5420 Nicephoro,
3217 5358 3277 5406 et
3295 5350 3352 5405 in
3372 5349 3563 5405 codice

1977 5420 2291 5492 Telleriano
2346 5420 2550 5491 legitur
2617 5420 3034 5492 ‘A6aappaivou.
3080 5423 3158 5477 De
3198 5423 3308 5476 hoc
3350 5420 3565 5492 Adaaru

1978 5505 2136 5564 mane
2161 5490 2455 5564 Pet-_sarum
2483 5492 2649 5557 duce,
2674 5490 2919 5564 ejusque
2936 5491 2991 5547 in
3014 5491 3228 5564 Syriam
3252 5490 3565 5561 irruptione

1977 5560 2219 5631 loquitur
2244 5561 2518 5633 Evagrius
2546 5560 2744 5618 noster
2773 5560 2833 5618 in
2864 5562 2963 5618 lib.
2986 5579 3057 5618 γι.

595 5699 606 5706 .
1742 5657 1825 5711 VA
1836 5654 2124 5712 RIORUM.
2397 5692 2423 5715 .

357 5744 434 5816 (υ)
479 5745 556 5800 Τὰ
578 5746 713 5816 περὶ
746 5746 1060 5816 Ἐδέσσης.
1084 5748 1356 5816 Quartum
1399 5748 1451 5802 in
1503 5747 1734 5806 Romani
1771 5751 1873 5804 im-
1982 5751 2258 5804 Chosroes
2286 5767 2432 5804 anno
2464 5749 2567 5808 ΒΜ
2591 5760 2643 5805 ct
2676 5751 2938 5805 Edessam
2975 5750 3238 5806 diuturna
3273 5749 3567 5812 obsidione

294 5815 436 5909 perii
472 5815 737 5891 ditiones,
768 5815 997 5875 scilicet,
1019 5815 1083 5874 in
1115 5815 1604 5887 illicsopOtamiam,
1678 5822 1877 5889 irrupit

746 6041 771 6049 \—

1990 5820 2183 5874 cinxit.
