  <div class='ocr_page' id='page_1' title='image "/cluster/home/n/w/nwhite01/storage/ocr_20150623/86:pt.2/coo.31924054869890/502.png"; bbox 0 0 3982 6386; ppageno 0'>
   <div class='ocr_carea' id='block_1_1' title="bbox 299 383 443 446">
    <p class='ocr_par' dir='ltr' id='par_1_1' title="bbox 299 383 443 446">
     <span class='ocr_line' id='line_1_1' title="bbox 299 383 443 446; baseline 0.007 -2"><span class='ocrx_word' id='word_1_1' title='bbox 299 383 443 446; x_wconf 63' lang='lat' dir='ltr'><strong>THE)</strong></span> 
     </span>
    </p>
   </div>
   <div class='ocr_carea' id='block_1_2' title="bbox 1208 386 2622 449">
    <p class='ocr_par' dir='ltr' id='par_1_2' title="bbox 1208 386 2622 449">
     <span class='ocr_line' id='line_1_2' title="bbox 1208 386 2622 449; baseline 0.004 -5"><span class='ocrx_word' id='word_1_2' title='bbox 1208 386 1590 446; x_wconf 55' lang='lat' dir='ltr'><strong>HISTORIA?</strong></span> <span class='ocrx_word' id='word_1_3' title='bbox 1624 386 2213 448; x_wconf 66' lang='lat' dir='ltr'><strong>ECCLESIASTICE</strong></span> <span class='ocrx_word' id='word_1_4' title='bbox 2256 390 2482 449; x_wconf 84' lang='lat' dir='ltr'><strong>LIBER</strong></span> <span class='ocrx_word' id='word_1_5' title='bbox 2524 390 2622 449; x_wconf 90' lang='lat' dir='ltr'><strong>IV.</strong></span> 
     </span>
    </p>
   </div>
   <div class='ocr_carea' id='block_1_3' title="bbox 3394 390 3531 449">
    <p class='ocr_par' dir='ltr' id='par_1_3' title="bbox 3394 390 3531 449">
     <span class='ocr_line' id='line_1_3' title="bbox 3394 390 3531 449; baseline 0.007 -1"><span class='ocrx_word' id='word_1_6' title='bbox 3394 390 3531 449; x_wconf 66' lang='lat'><strong>273:0</strong></span> 
     </span>
    </p>
   </div>
   <div class='ocr_carea' id='block_1_4' title="bbox 299 491 1862 567">
    <p class='ocr_par' dir='ltr' id='par_1_4' title="bbox 299 491 1862 562">
     <span class='ocr_line' id='line_1_4' title="bbox 299 491 1862 562; baseline 0.001 -17"><span class='ocrx_word' id='word_1_7' title='bbox 299 495 403 545; x_wconf 80' lang='grc' dir='ltr'>οὐκ</span> <span class='ocrx_word' id='word_1_8' title='bbox 427 493 755 561; x_wconf 76' lang='grc' dir='ltr'><strong>εἰργάσαντο</strong></span> <span class='ocrx_word' id='word_1_9' title='bbox 774 509 785 522; x_wconf 92' lang='grc'><strong>·</strong></span> <span class='ocrx_word' id='word_1_10' title='bbox 850 491 1099 562; x_wconf 63' lang='grc' dir='ltr'>Ἀγϐἁρῳ</span> <span class='ocrx_word' id='word_1_11' title='bbox 1141 492 1196 544; x_wconf 79' lang='grc' dir='ltr'>δὲ</span> <span class='ocrx_word' id='word_1_12' title='bbox 1255 494 1488 562; x_wconf 69' lang='grc' dir='ltr'>Χριστὸς</span> <span class='ocrx_word' id='word_1_13' title='bbox 1514 496 1541 547; x_wconf 85' lang='grc' dir='ltr'>ὁ</span> <span class='ocrx_word' id='word_1_14' title='bbox 1567 494 1720 557; x_wconf 78' lang='grc' dir='ltr'>Θεὸς,</span> <span class='ocrx_word' id='word_1_15' title='bbox 1748 495 1862 546; x_wconf 62' lang='grc' dir='ltr'>ἐπεὶ</span> 
     </span>
    </p>
   </div>
   <div class='ocr_carea' id='block_1_5' title="bbox 1967 491 3529 567">
    <p class='ocr_par' dir='ltr' id='par_1_5' title="bbox 1970 496 3529 567">
     <span class='ocr_line' id='line_1_5' title="bbox 1970 496 3529 567; baseline 0.002 -20"><span class='ocrx_word' id='word_1_16' title='bbox 1970 511 2089 548; x_wconf 90' lang='lat' dir='ltr'><strong>rum</strong></span> <span class='ocrx_word' id='word_1_17' title='bbox 2126 497 2553 565; x_wconf 84' lang='lat' dir='ltr'><strong>apprehendere.</strong></span> <span class='ocrx_word' id='word_1_18' title='bbox 2586 497 2767 564; x_wconf 90' lang='lat' dir='ltr'><strong>Itaque</strong></span> <span class='ocrx_word' id='word_1_19' title='bbox 2808 497 2875 550; x_wconf 88' lang='lat' dir='ltr'><strong>ad</strong></span> <span class='ocrx_word' id='word_1_20' title='bbox 2910 496 3146 566; x_wconf 85' lang='lat' dir='ltr'><strong>inopiam</strong></span> <span class='ocrx_word' id='word_1_21' title='bbox 3174 498 3386 550; x_wconf 83' lang='lat' dir='ltr'><strong>consilii</strong></span> <span class='ocrx_word' id='word_1_22' title='bbox 3421 499 3529 567; x_wconf 83' lang='lat' dir='ltr'><strong>jam</strong></span> 
     </span>
    </p>
   </div>
   <div class='ocr_carea' id='block_1_6' title="bbox 300 583 1869 655">
    <p class='ocr_par' dir='ltr' id='par_1_6' title="bbox 300 583 1869 655">
     <span class='ocr_line' id='line_1_6' title="bbox 300 583 1869 655; baseline 0.001 -19"><span class='ocrx_word' id='word_1_23' title='bbox 300 600 469 637; x_wconf 88' lang='grc' dir='ltr'>αυτον</span> <span class='ocrx_word' id='word_1_24' title='bbox 515 583 641 636; x_wconf 79' lang='grc' dir='ltr'>ἰδεῖν</span> <span class='ocrx_word' id='word_1_25' title='bbox 688 583 896 644; x_wconf 73' lang='grc' dir='ltr'>ἐπόθει.</span> <span class='ocrx_word' id='word_1_26' title='bbox 946 584 1223 653; x_wconf 79' lang='grc' dir='ltr'>πέπομφε.</span> <span class='ocrx_word' id='word_1_27' title='bbox 1280 584 1498 653; x_wconf 80' lang='grc' dir='ltr'>Ταύτην</span> <span class='ocrx_word' id='word_1_28' title='bbox 1542 584 1724 637; x_wconf 89' lang='grc' dir='ltr'>τοίνυν</span> <span class='ocrx_word' id='word_1_29' title='bbox 1771 585 1869 655; x_wconf 81' lang='grc' dir='ltr'>τὴν</span> 
     </span>
    </p>
   </div>
   <div class='ocr_carea' id='block_1_7' title="bbox 298 674 1870 747">
    <p class='ocr_par' dir='ltr' id='par_1_7' title="bbox 298 674 1870 747">
     <span class='ocr_line' id='line_1_7' title="bbox 298 674 1870 747; baseline -0.001 -19"><span class='ocrx_word' id='word_1_30' title='bbox 298 674 577 740; x_wconf 78' lang='grc' dir='ltr'>παναγίαν</span> <span class='ocrx_word' id='word_1_31' title='bbox 635 674 820 729; x_wconf 79' lang='grc' dir='ltr'>εἰκόνα</span> <span class='ocrx_word' id='word_1_32' title='bbox 882 678 1023 729; x_wconf 80' lang='grc' dir='ltr'>κατὰ</span> <span class='ocrx_word' id='word_1_33' title='bbox 1094 677 1193 746; x_wconf 83' lang='grc' dir='ltr'>τὴν</span> <span class='ocrx_word' id='word_1_34' title='bbox 1258 679 1628 747; x_wconf 78' lang='grc' dir='ltr'><strong>εἰργασμένην</strong></span> <span class='ocrx_word' id='word_1_35' title='bbox 1688 676 1870 745; x_wconf 80' lang='grc' dir='ltr'>σφίσιν</span> 
     </span>
    </p>
   </div>
   <div class='ocr_carea' id='block_1_8' title="bbox 221 766 1868 836">
    <p class='ocr_par' dir='ltr' id='par_1_8' title="bbox 221 766 1868 836">
     <span class='ocr_line' id='line_1_8' title="bbox 221 766 1868 836; baseline 0.001 -19"><span class='ocrx_word' id='word_1_36' title='bbox 221 777 240 794; x_wconf 82' lang='grc'><strong><em>⁸</em></strong></span> <span class='ocrx_word' id='word_1_37' title='bbox 296 782 666 833; x_wconf 78' lang='grc' dir='ltr'>εσαγαγοντες</span> <span class='ocrx_word' id='word_1_38' title='bbox 716 766 980 836; x_wconf 85' lang='grc' dir='ltr'>διώρυγα,</span> <span class='ocrx_word' id='word_1_39' title='bbox 1012 766 1166 819; x_wconf 78' lang='grc' dir='ltr'>ὕδατί</span> <span class='ocrx_word' id='word_1_40' title='bbox 1219 785 1277 820; x_wconf 85' lang='grc' dir='ltr'><strong>τε</strong></span> <span class='ocrx_word' id='word_1_41' title='bbox 1319 768 1729 827; x_wconf 78' lang='grc' dir='ltr'>ὲπικλύσαντες.</span> <span class='ocrx_word' id='word_1_42' title='bbox 1774 766 1868 819; x_wconf 78' lang='grc' dir='ltr'><strong>ἀπ’</strong></span> 
     </span>
    </p>
   </div>
   <div class='ocr_carea' id='block_1_9' title="bbox 252 857 1866 929">
    <p class='ocr_par' dir='ltr' id='par_1_9' title="bbox 252 857 1866 929">
     <span class='ocr_line' id='line_1_9' title="bbox 252 857 1866 929; baseline 0.002 -23"><span class='ocrx_word' id='word_1_43' title='bbox 252 882 259 889; x_wconf 62' lang='grc' dir='ltr'>ν</span> <span class='ocrx_word' id='word_1_44' title='bbox 296 857 468 911; x_wconf 80' lang='grc' dir='ltr'>αὐτοῦ</span> <span class='ocrx_word' id='word_1_45' title='bbox 517 857 660 910; x_wconf 85' lang='grc' dir='ltr'>κατὰ</span> <span class='ocrx_word' id='word_1_46' title='bbox 701 858 803 927; x_wconf 76' lang='grc' dir='ltr'>τῆς</span> <span class='ocrx_word' id='word_1_47' title='bbox 851 861 1029 929; x_wconf 81' lang='grc' dir='ltr'>πυρᾶς</span> <span class='ocrx_word' id='word_1_48' title='bbox 1074 859 1168 912; x_wconf 76' lang='grc' dir='ltr'><strong>καὶ</strong></span> <span class='ocrx_word' id='word_1_49' title='bbox 1221 859 1332 912; x_wconf 87' lang='grc' dir='ltr'><strong>τῶν</strong></span> <span class='ocrx_word' id='word_1_50' title='bbox 1395 858 1564 923; x_wconf 80' lang='grc' dir='ltr'><strong>ξύλων</strong></span> <span class='ocrx_word' id='word_1_51' title='bbox 1614 861 1866 927; x_wconf 79' lang='grc' dir='ltr'>ἀφεῖσαν.</span> 
     </span>
    </p>
   </div>
   <div class='ocr_carea' id='block_1_10' title="bbox 298 949 1866 1019">
    <p class='ocr_par' dir='ltr' id='par_1_10' title="bbox 298 949 1866 1019">
     <span class='ocr_line' id='line_1_10' title="bbox 298 949 1866 1019; baseline -0.001 -18"><span class='ocrx_word' id='word_1_52' title='bbox 298 949 416 1001; x_wconf 75' lang='grc' dir='ltr'><strong>Καὶ</strong></span> <span class='ocrx_word' id='word_1_53' title='bbox 434 949 750 1018; x_wconf 75' lang='grc' dir='ltr'><strong>παραυτίκα</strong></span> <span class='ocrx_word' id='word_1_54' title='bbox 782 954 879 1019; x_wconf 86' lang='grc' dir='ltr'>τῆς</span> <span class='ocrx_word' id='word_1_55' title='bbox 909 949 1059 1011; x_wconf 77' lang='grc' dir='ltr'>θείας</span> <span class='ocrx_word' id='word_1_56' title='bbox 1109 949 1388 1017; x_wconf 83' lang='grc' dir='ltr'>δυνάμεως</span> <span class='ocrx_word' id='word_1_57' title='bbox 1434 951 1499 1017; x_wconf 78' lang='grc' dir='ltr'>τῇ</span> <span class='ocrx_word' id='word_1_58' title='bbox 1548 949 1724 1001; x_wconf 76' lang='grc' dir='ltr'>πίστει</span> <span class='ocrx_word' id='word_1_59' title='bbox 1759 949 1866 1001; x_wconf 87' lang='grc' dir='ltr'><strong>τῶν</strong></span> 
     </span>
    </p>
   </div>
   <div class='ocr_carea' id='block_1_11' title="bbox 294 1036 1868 1112">
    <p class='ocr_par' dir='ltr' id='par_1_11' title="bbox 294 1036 1868 1112">
     <span class='ocr_line' id='line_1_11' title="bbox 294 1036 1868 1112; baseline -0.002 -18"><span class='ocrx_word' id='word_1_60' title='bbox 294 1042 636 1112; x_wconf 79' lang='grc' dir='ltr'><strong>δεδρακότων</strong></span> <span class='ocrx_word' id='word_1_61' title='bbox 668 1042 1126 1111; x_wconf 78' lang='grc' dir='ltr'>ὲπιφοιτησάσης,</span> <span class='ocrx_word' id='word_1_62' title='bbox 1162 1042 1300 1111; x_wconf 77' lang='grc' dir='ltr'>ὅπερ</span> <span class='ocrx_word' id='word_1_63' title='bbox 1328 1036 1395 1110; x_wconf 83' lang='grc' dir='ltr'>ἦν</span> <span class='ocrx_word' id='word_1_64' title='bbox 1420 1042 1648 1103; x_wconf 77' lang='grc' dir='ltr'>ἐκείνοις</span> <span class='ocrx_word' id='word_1_65' title='bbox 1679 1040 1868 1109; x_wconf 83' lang='grc' dir='ltr'>πρώην</span> 
     </span>
    </p>
   </div>
   <div class='ocr_carea' id='block_1_12' title="bbox 295 1132 1868 1202">
    <p class='ocr_par' dir='ltr' id='par_1_12' title="bbox 295 1132 1868 1202">
     <span class='ocr_line' id='line_1_12' title="bbox 295 1132 1868 1202; baseline -0.003 -15"><span class='ocrx_word' id='word_1_66' title='bbox 295 1133 587 1198; x_wconf 81' lang='grc' dir='ltr'>ἀδύνατον,</span> <span class='ocrx_word' id='word_1_67' title='bbox 622 1132 909 1202; x_wconf 78' lang='grc' dir='ltr'>ὲξηνύετο,</span> <span class='ocrx_word' id='word_1_68' title='bbox 946 1133 1262 1202; x_wconf 82' lang='grc' dir='ltr'>παραυτίκα</span> <span class='ocrx_word' id='word_1_69' title='bbox 1296 1135 1404 1201; x_wconf 88' lang='grc' dir='ltr'><strong>γὰρ</strong></span> <span class='ocrx_word' id='word_1_70' title='bbox 1436 1132 1744 1196; x_wconf 80' lang='grc' dir='ltr'>ὲσεδέξαντο</span> <span class='ocrx_word' id='word_1_71' title='bbox 1767 1133 1868 1200; x_wconf 82' lang='grc' dir='ltr'>τὴν</span> 
     </span>
    </p>
   </div>
   <div class='ocr_carea' id='block_1_13' title="bbox 293 1222 1866 1292">
    <p class='ocr_par' dir='ltr' id='par_1_13' title="bbox 293 1222 1866 1292">
     <span class='ocr_line' id='line_1_13' title="bbox 293 1222 1866 1292; baseline -0.001 -17"><span class='ocrx_word' id='word_1_72' title='bbox 293 1224 479 1292; x_wconf 77' lang='grc' dir='ltr'>φλόγα</span> <span class='ocrx_word' id='word_1_73' title='bbox 519 1224 587 1277; x_wconf 80' lang='grc' dir='ltr'><strong>τὰ</strong></span> <span class='ocrx_word' id='word_1_74' title='bbox 618 1222 771 1289; x_wconf 81' lang='grc' dir='ltr'>ξύλα,</span> <span class='ocrx_word' id='word_1_75' title='bbox 809 1223 906 1277; x_wconf 71' lang='grc' dir='ltr'>καὶ</span> <span class='ocrx_word' id='word_1_76' title='bbox 946 1222 1103 1289; x_wconf 82' lang='grc' dir='ltr'>λόγου</span> <span class='ocrx_word' id='word_1_77' title='bbox 1150 1222 1343 1275; x_wconf 80' lang='grc' dir='ltr'>θᾶττον</span> <span class='ocrx_word' id='word_1_78' title='bbox 1368 1222 1866 1289; x_wconf 82' lang='grc' dir='ltr'>ἁπανθρακωθέντα</span> 
     </span>
    </p>
   </div>
   <div class='ocr_carea' id='block_1_14' title="bbox 293 1312 1866 1383">
    <p class='ocr_par' dir='ltr' id='par_1_14' title="bbox 293 1312 1866 1383">
     <span class='ocr_line' id='line_1_14' title="bbox 293 1312 1866 1383; baseline -0.002 -17"><span class='ocrx_word' id='word_1_79' title='bbox 293 1316 410 1376; x_wconf 79' lang='grc' dir='ltr'>τοῖς</span> <span class='ocrx_word' id='word_1_80' title='bbox 460 1315 780 1383; x_wconf 84' lang='grc' dir='ltr'>ύπερτέροις</span> <span class='ocrx_word' id='word_1_81' title='bbox 839 1315 1204 1383; x_wconf 74' lang='grc' dir='ltr'><strong>μετεδίδοσαν,</strong></span> <span class='ocrx_word' id='word_1_82' title='bbox 1272 1312 1484 1364; x_wconf 76' lang='grc' dir='ltr'>ἅπαντα</span> <span class='ocrx_word' id='word_1_83' title='bbox 1540 1312 1632 1363; x_wconf 80' lang='grc' dir='ltr'>τοῦ</span> <span class='ocrx_word' id='word_1_84' title='bbox 1696 1312 1866 1382; x_wconf 76' lang='grc' dir='ltr'>πυρὸς</span> 
     </span>
    </p>
   </div>
   <div class='ocr_carea' id='block_1_15' title="bbox 290 1403 1867 1475">
    <p class='ocr_par' dir='ltr' id='par_1_15' title="bbox 290 1403 1867 1475">
     <span class='ocr_line' id='line_1_15' title="bbox 290 1403 1867 1475; baseline -0.002 -18"><span class='ocrx_word' id='word_1_85' title='bbox 290 1405 771 1475; x_wconf 83' lang='grc' dir='ltr'>ἅμφινεμομένου.</span> <span class='ocrx_word' id='word_1_86' title='bbox 818 1405 905 1467; x_wconf 86' lang='grc' dir='ltr'>Ὠς</span> <span class='ocrx_word' id='word_1_87' title='bbox 958 1404 1013 1457; x_wconf 85' lang='grc' dir='ltr'>δὲ</span> <span class='ocrx_word' id='word_1_88' title='bbox 1060 1405 1152 1457; x_wconf 84' lang='grc' dir='ltr'>τὸν</span> <span class='ocrx_word' id='word_1_89' title='bbox 1197 1404 1405 1456; x_wconf 73' lang='grc' dir='ltr'>καπνὸν</span> <span class='ocrx_word' id='word_1_90' title='bbox 1446 1403 1867 1471; x_wconf 70' lang='grc' dir='ltr'>ἀναθρώσκοντα</span> 
     </span>
    </p>
   </div>
   <div class='ocr_carea' id='block_1_16' title="bbox 294 1493 1864 1565">
    <p class='ocr_par' dir='ltr' id='par_1_16' title="bbox 294 1493 1864 1565">
     <span class='ocr_line' id='line_1_16' title="bbox 294 1493 1864 1565; baseline -0.001 -18"><span class='ocrx_word' id='word_1_91' title='bbox 294 1494 553 1547; x_wconf 81' lang='grc' dir='ltr'>τεθέαντο</span> <span class='ocrx_word' id='word_1_92' title='bbox 591 1495 638 1547; x_wconf 89' lang='grc' dir='ltr'>οἱ</span> <span class='ocrx_word' id='word_1_93' title='bbox 689 1497 756 1565; x_wconf 82' lang='grc' dir='ltr'>τῇ</span> <span class='ocrx_word' id='word_1_94' title='bbox 814 1495 1103 1565; x_wconf 71' lang='grc' dir='ltr'>πολιορκίᾳ</span> <span class='ocrx_word' id='word_1_95' title='bbox 1154 1494 1490 1563; x_wconf 72' lang='grc' dir='ltr'><strong>πιεζόμενοι,</strong></span> <span class='ocrx_word' id='word_1_96' title='bbox 1558 1493 1864 1560; x_wconf 76' lang='grc' dir='ltr'>σοφίζονται</span> 
     </span>
    </p>
   </div>
   <div class='ocr_carea' id='block_1_17' title="bbox 288 1583 1865 1657">
    <p class='ocr_par' dir='ltr' id='par_1_17' title="bbox 288 1583 1865 1657">
     <span class='ocr_line' id='line_1_17' title="bbox 288 1583 1865 1657; baseline -0.003 -19"><span class='ocrx_word' id='word_1_97' title='bbox 288 1588 458 1641; x_wconf 78' lang='grc' dir='ltr'>τάδε’</span> <span class='ocrx_word' id='word_1_98' title='bbox 510 1586 803 1654; x_wconf 86' lang='grc' dir='ltr'>λαγυνίδας</span> <span class='ocrx_word' id='word_1_99' title='bbox 848 1588 1049 1657; x_wconf 75' lang='grc' dir='ltr'>μικρὰς</span> <span class='ocrx_word' id='word_1_100' title='bbox 1088 1588 1410 1653; x_wconf 76' lang='grc' dir='ltr'>ἀγαγόντες,</span> <span class='ocrx_word' id='word_1_101' title='bbox 1455 1583 1865 1653; x_wconf 72' lang='grc' dir='ltr'>ἑρφορήσαντές</span> 
     </span>
    </p>
   </div>
   <div class='ocr_carea' id='block_1_18' title="bbox 286 1674 1864 1747">
    <p class='ocr_par' dir='ltr' id='par_1_18' title="bbox 286 1674 1864 1747">
     <span class='ocr_line' id='line_1_18' title="bbox 286 1674 1864 1747; baseline -0.003 -17"><span class='ocrx_word' id='word_1_102' title='bbox 286 1696 349 1731; x_wconf 89' lang='grc' dir='ltr'><strong>τε</strong></span> <span class='ocrx_word' id='word_1_103' title='bbox 382 1678 533 1731; x_wconf 93' lang='grc' dir='ltr'>θείου</span> <span class='ocrx_word' id='word_1_104' title='bbox 563 1678 679 1747; x_wconf 80' lang='grc' dir='ltr'>ἅμα</span> <span class='ocrx_word' id='word_1_105' title='bbox 706 1680 801 1732; x_wconf 78' lang='grc' dir='ltr'>καὶ</span> <span class='ocrx_word' id='word_1_106' title='bbox 842 1677 1145 1731; x_wconf 84' lang='grc' dir='ltr'>στυππείου</span> <span class='ocrx_word' id='word_1_107' title='bbox 1172 1678 1266 1729; x_wconf 78' lang='grc' dir='ltr'>καὶ</span> <span class='ocrx_word' id='word_1_108' title='bbox 1297 1676 1403 1727; x_wconf 84' lang='grc' dir='ltr'><strong>τῶν</strong></span> <span class='ocrx_word' id='word_1_109' title='bbox 1435 1676 1607 1729; x_wconf 69' lang='grc' dir='ltr'>ἄλλων</span> <span class='ocrx_word' id='word_1_110' title='bbox 1632 1674 1864 1725; x_wconf 79' lang='grc' dir='ltr'>εὐκατα-</span> 
     </span>
    </p>
   </div>
   <div class='ocr_carea' id='block_1_19' title="bbox 288 1765 1858 1838">
    <p class='ocr_par' dir='ltr' id='par_1_19' title="bbox 288 1765 1858 1838">
     <span class='ocr_line' id='line_1_19' title="bbox 288 1765 1858 1838; baseline -0.003 -18"><span class='ocrx_word' id='word_1_111' title='bbox 288 1770 544 1837; x_wconf 81' lang='grc' dir='ltr'>φλέκτων</span> <span class='ocrx_word' id='word_1_112' title='bbox 580 1770 755 1833; x_wconf 84' lang='grc' dir='ltr'><strong>ὑλῶν,</strong></span> <span class='ocrx_word' id='word_1_113' title='bbox 786 1770 927 1823; x_wconf 78' lang='grc' dir='ltr'>κατὰ</span> <span class='ocrx_word' id='word_1_114' title='bbox 956 1771 1057 1838; x_wconf 82' lang='grc' dir='ltr'>τῆς</span> <span class='ocrx_word' id='word_1_115' title='bbox 1093 1769 1430 1836; x_wconf 76' lang='grc' dir='ltr'>καλουμένης</span> <span class='ocrx_word' id='word_1_116' title='bbox 1478 1766 1714 1833; x_wconf 81' lang='grc' dir='ltr'>ἁγέστας</span> <span class='ocrx_word' id='word_1_117' title='bbox 1754 1765 1858 1818; x_wconf 82' lang='grc' dir='ltr'><strong>ἀπ-</strong></span> 
     </span>
    </p>
   </div>
   <div class='ocr_carea' id='block_1_20' title="bbox 288 1857 1859 1932">
    <p class='ocr_par' dir='ltr' id='par_1_20' title="bbox 288 1857 1859 1932">
     <span class='ocr_line' id='line_1_20' title="bbox 288 1857 1859 1932; baseline -0.003 -19"><span class='ocrx_word' id='word_1_118' title='bbox 288 1863 693 1929; x_wconf 67' lang='grc' dir='ltr'>εσιρενδονιξον,</span> <span class='ocrx_word' id='word_1_119' title='bbox 724 1863 888 1932; x_wconf 81' lang='grc' dir='ltr'>αἴπερ</span> <span class='ocrx_word' id='word_1_120' title='bbox 935 1860 1141 1915; x_wconf 78' lang='grc' dir='ltr'>καπνὸν</span> <span class='ocrx_word' id='word_1_121' title='bbox 1173 1862 1428 1922; x_wconf 87' lang='grc' dir='ltr'>ἀνιεῖσαι,</span> <span class='ocrx_word' id='word_1_122' title='bbox 1460 1858 1552 1909; x_wconf 78' lang='grc' dir='ltr'><strong>τοῦ</strong></span> <span class='ocrx_word' id='word_1_123' title='bbox 1578 1857 1749 1927; x_wconf 71' lang='grc' dir='ltr'>πυρὸς</span> <span class='ocrx_word' id='word_1_124' title='bbox 1794 1860 1859 1927; x_wconf 74' lang='grc' dir='ltr'>τῇ</span> 
     </span>
    </p>
   </div>
   <div class='ocr_carea' id='block_1_21' title="bbox 291 1948 1863 2024">
    <p class='ocr_par' dir='ltr' id='par_1_21' title="bbox 291 1948 1863 2024">
     <span class='ocr_line' id='line_1_21' title="bbox 291 1948 1863 2024; baseline -0.004 -18"><span class='ocrx_word' id='word_1_125' title='bbox 291 1954 443 2023; x_wconf 72' lang='grc' dir='ltr'>ῥύμῃ</span> <span class='ocrx_word' id='word_1_126' title='bbox 486 1954 586 2024; x_wconf 81' lang='grc' dir='ltr'><strong>τῆς</strong></span> <span class='ocrx_word' id='word_1_127' title='bbox 635 1952 796 2022; x_wconf 79' lang='grc' dir='ltr'>βολῆς</span> <span class='ocrx_word' id='word_1_128' title='bbox 842 1952 1197 2018; x_wconf 70' lang='grc' dir='ltr'>ἀναφθέντος,</span> <span class='ocrx_word' id='word_1_129' title='bbox 1235 1951 1326 2003; x_wconf 65' lang='grc' dir='ltr'><strong>τον</strong></span> <span class='ocrx_word' id='word_1_130' title='bbox 1370 1951 1434 2001; x_wconf 82' lang='grc' dir='ltr'>ἐκ</span> <span class='ocrx_word' id='word_1_131' title='bbox 1479 1948 1573 2000; x_wconf 78' lang='grc' dir='ltr'><strong>τοῦ</strong></span> <span class='ocrx_word' id='word_1_132' title='bbox 1608 1948 1863 2015; x_wconf 83' lang='grc' dir='ltr'>χώματος</span> 
     </span>
    </p>
   </div>
   <div class='ocr_carea' id='block_1_22' title="bbox 288 2038 1863 2113">
    <p class='ocr_par' dir='ltr' id='par_1_22' title="bbox 288 2038 1863 2113">
     <span class='ocr_line' id='line_1_22' title="bbox 288 2038 1863 2113; baseline -0.004 -18"><span class='ocrx_word' id='word_1_133' title='bbox 288 2044 678 2113; x_wconf 76' lang='grc' dir='ltr'>ἀναδιδόμενον</span> <span class='ocrx_word' id='word_1_134' title='bbox 719 2043 927 2096; x_wconf 76' lang='grc' dir='ltr'>καπνὸν</span> <span class='ocrx_word' id='word_1_135' title='bbox 982 2041 1268 2094; x_wconf 78' lang='grc' dir='ltr'>λανθάνειν</span> <span class='ocrx_word' id='word_1_136' title='bbox 1313 2039 1756 2109; x_wconf 75' lang='grc' dir='ltr'>παρεσκεύαζον·</span> <span class='ocrx_word' id='word_1_137' title='bbox 1788 2038 1863 2100; x_wconf 83' lang='grc' dir='ltr'><strong>ὡς</strong></span> 
     </span>
    </p>
   </div>
   <div class='ocr_carea' id='block_1_23' title="bbox 293 2129 1862 2197">
    <p class='ocr_par' dir='ltr' id='par_1_23' title="bbox 293 2129 1862 2197">
     <span class='ocr_line' id='line_1_23' title="bbox 293 2129 1862 2197; baseline -0.003 -12"><span class='ocrx_word' id='word_1_138' title='bbox 293 2137 507 2197; x_wconf 70' lang='grc' dir='ltr'>πάντας</span> <span class='ocrx_word' id='word_1_139' title='bbox 539 2133 904 2197; x_wconf 76' lang='grc' dir='ltr'>ὐποτοπάζειν</span> <span class='ocrx_word' id='word_1_140' title='bbox 935 2134 1062 2195; x_wconf 81' lang='grc' dir='ltr'>τοὺς</span> <span class='ocrx_word' id='word_1_141' title='bbox 1078 2133 1179 2185; x_wconf 86' lang='grc' dir='ltr'>οὐκ</span> <span class='ocrx_word' id='word_1_142' title='bbox 1210 2131 1437 2194; x_wconf 75' lang='grc' dir='ltr'>εἰδότας,</span> <span class='ocrx_word' id='word_1_143' title='bbox 1460 2133 1524 2183; x_wconf 77' lang='grc' dir='ltr'>ὲκ</span> <span class='ocrx_word' id='word_1_144' title='bbox 1555 2130 1665 2181; x_wconf 88' lang='grc' dir='ltr'><strong>τῶν</strong></span> <span class='ocrx_word' id='word_1_145' title='bbox 1692 2129 1862 2196; x_wconf 78' lang='grc' dir='ltr'>λαγυ-</span> 
     </span>
    </p>
   </div>
   <div class='ocr_carea' id='block_1_24' title="bbox 289 2212 1862 2294">
    <p class='ocr_par' dir='ltr' id='par_1_24' title="bbox 289 2212 1862 2294">
     <span class='ocr_line' id='line_1_24' title="bbox 289 2212 1862 2294; baseline -0.001 -20"><span class='ocrx_word' id='word_1_146' title='bbox 289 2226 454 2279; x_wconf 81' lang='grc' dir='ltr'>νίδων</span> <span class='ocrx_word' id='word_1_147' title='bbox 491 2225 690 2294; x_wconf 82' lang='grc' dir='ltr'>μᾶλλον</span> <span class='ocrx_word' id='word_1_148' title='bbox 712 2226 806 2279; x_wconf 81' lang='grc' dir='ltr'>καὶ</span> <span class='ocrx_word' id='word_1_149' title='bbox 825 2225 923 2294; x_wconf 81' lang='grc' dir='ltr'><strong>οὐχ</strong></span> <span class='ocrx_word' id='word_1_150' title='bbox 945 2212 1213 2294; x_wconf 79' lang='grc' dir='ltr'>ἑτέρωθεν</span> <span class='ocrx_word' id='word_1_151' title='bbox 1236 2222 1327 2274; x_wconf 68' lang='grc' dir='ltr'>τὸν</span> <span class='ocrx_word' id='word_1_152' title='bbox 1358 2222 1563 2275; x_wconf 81' lang='grc' dir='ltr'>καπνὸν</span> <span class='ocrx_word' id='word_1_153' title='bbox 1590 2220 1862 2274; x_wconf 74' lang='grc' dir='ltr'><strong>κοιθεστόι⁸</strong></span> 
     </span>
    </p>
   </div>
   <div class='ocr_carea' id='block_1_25' title="bbox 288 2311 1863 2388">
    <p class='ocr_par' dir='ltr' id='par_1_25' title="bbox 288 2311 1863 2388">
     <span class='ocr_line' id='line_1_25' title="bbox 288 2311 1863 2388; baseline -0.003 -20"><span class='ocrx_word' id='word_1_154' title='bbox 288 2317 601 2388; x_wconf 80' lang='grc' dir='ltr'>ναι.Τρίτῃ</span> <span class='ocrx_word' id='word_1_155' title='bbox 640 2316 682 2369; x_wconf 85' lang='grc' dir='ltr'>δ’</span> <span class='ocrx_word' id='word_1_156' title='bbox 725 2314 820 2369; x_wconf 77' lang='grc' dir='ltr'>οὖν</span> <span class='ocrx_word' id='word_1_157' title='bbox 850 2315 943 2369; x_wconf 68' lang='grc' dir='ltr'><strong>ἀπ’</strong></span> <span class='ocrx_word' id='word_1_158' title='bbox 984 2315 1200 2384; x_wconf 77' lang='grc' dir='ltr'>ἐκείνης</span> <span class='ocrx_word' id='word_1_159' title='bbox 1235 2313 1445 2385; x_wconf 68' lang='grc' dir='ltr'>ἡμέρᾳ,</span> <span class='ocrx_word' id='word_1_160' title='bbox 1496 2311 1758 2381; x_wconf 67' lang='grc' dir='ltr'>ὤφθησαν</span> <span class='ocrx_word' id='word_1_161' title='bbox 1805 2312 1863 2364; x_wconf 87' lang='grc' dir='ltr'><strong>αί</strong></span> 
     </span>
    </p>
   </div>
   <div class='ocr_carea' id='block_1_26' title="bbox 288 2403 1861 2476">
    <p class='ocr_par' dir='ltr' id='par_1_26' title="bbox 288 2403 1861 2476">
     <span class='ocr_line' id='line_1_26' title="bbox 288 2403 1861 2476; baseline -0.004 -17"><span class='ocrx_word' id='word_1_162' title='bbox 288 2407 595 2475; x_wconf 81' lang='grc' dir='ltr'>τλωσσίδες</span> <span class='ocrx_word' id='word_1_163' title='bbox 623 2404 717 2460; x_wconf 81' lang='grc' dir='ltr'><strong>τοῦ</strong></span> <span class='ocrx_word' id='word_1_164' title='bbox 745 2406 916 2476; x_wconf 80' lang='grc' dir='ltr'>πυρὸς</span> <span class='ocrx_word' id='word_1_165' title='bbox 951 2408 1017 2458; x_wconf 84' lang='grc' dir='ltr'>ὲκ</span> <span class='ocrx_word' id='word_1_166' title='bbox 1058 2405 1157 2473; x_wconf 78' lang='grc' dir='ltr'>τῆς</span> <span class='ocrx_word' id='word_1_167' title='bbox 1210 2405 1310 2473; x_wconf 79' lang='grc' dir='ltr'><strong>γῆ;</strong></span> <span class='ocrx_word' id='word_1_168' title='bbox 1340 2403 1736 2471; x_wconf 64' lang='grc' dir='ltr'>ἀναδιδόμενατ,</span> <span class='ocrx_word' id='word_1_169' title='bbox 1768 2403 1861 2454; x_wconf 72' lang='grc' dir='ltr'>καὶ</span> 
     </span>
    </p>
   </div>
   <div class='ocr_carea' id='block_1_27' title="bbox 285 2494 1859 2567">
    <p class='ocr_par' dir='ltr' id='par_1_27' title="bbox 285 2494 1859 2567">
     <span class='ocr_line' id='line_1_27' title="bbox 285 2494 1859 2567; baseline -0.003 -18"><span class='ocrx_word' id='word_1_170' title='bbox 285 2500 415 2551; x_wconf 71' lang='grc' dir='ltr'>τότε</span> <span class='ocrx_word' id='word_1_171' title='bbox 450 2498 695 2567; x_wconf 82' lang='grc' dir='ltr'>συνῆκαν</span> <span class='ocrx_word' id='word_1_172' title='bbox 725 2498 776 2550; x_wconf 89' lang='grc' dir='ltr'><strong>οἰ</strong></span> <span class='ocrx_word' id='word_1_173' title='bbox 800 2499 858 2550; x_wconf 72' lang='grc' dir='ltr'>ἐν</span> <span class='ocrx_word' id='word_1_174' title='bbox 908 2495 987 2566; x_wconf 85' lang='grc' dir='ltr'>τῷ</span> <span class='ocrx_word' id='word_1_175' title='bbox 1025 2495 1242 2565; x_wconf 84' lang='grc' dir='ltr'>χώματι</span> <span class='ocrx_word' id='word_1_176' title='bbox 1270 2494 1377 2548; x_wconf 87' lang='grc' dir='ltr'><strong>τῶν</strong></span> <span class='ocrx_word' id='word_1_177' title='bbox 1432 2494 1656 2563; x_wconf 81' lang='grc' dir='ltr'>Περσῶν</span> <span class='ocrx_word' id='word_1_178' title='bbox 1694 2496 1859 2562; x_wconf 76' lang='grc' dir='ltr'>μαχό-</span> 
     </span>
    </p>
   </div>
   <div class='ocr_carea' id='block_1_28' title="bbox 290 2586 1861 2658">
    <p class='ocr_par' dir='ltr' id='par_1_28' title="bbox 290 2586 1861 2658">
     <span class='ocr_line' id='line_1_28' title="bbox 290 2586 1861 2658; baseline -0.003 -18"><span class='ocrx_word' id='word_1_179' title='bbox 290 2605 470 2657; x_wconf 85' lang='grc' dir='ltr'>μενοι,</span> <span class='ocrx_word' id='word_1_180' title='bbox 533 2589 656 2642; x_wconf 83' lang='grc' dir='ltr'>ὅποι</span> <span class='ocrx_word' id='word_1_181' title='bbox 712 2587 899 2643; x_wconf 86' lang='grc' dir='ltr'>κακῶν</span> <span class='ocrx_word' id='word_1_182' title='bbox 953 2586 1373 2658; x_wconf 81' lang='grc' dir='ltr'>καθεστήκασιν.</span> <span class='ocrx_word' id='word_1_183' title='bbox 1427 2586 1483 2638; x_wconf 86' lang='grc' dir='ltr'><strong>Ὀ</strong></span> <span class='ocrx_word' id='word_1_184' title='bbox 1518 2586 1574 2638; x_wconf 84' lang='grc' dir='ltr'>δὲ</span> <span class='ocrx_word' id='word_1_185' title='bbox 1613 2587 1861 2655; x_wconf 69' lang='grc' dir='ltr'>Χοσρὸης</span> 
     </span>
    </p>
   </div>
   <div class='ocr_carea' id='block_1_29' title="bbox 289 2676 1861 2748">
    <p class='ocr_par' dir='ltr' id='par_1_29' title="bbox 289 2676 1861 2748">
     <span class='ocr_line' id='line_1_29' title="bbox 289 2676 1861 2748; baseline 0 -19"><span class='ocrx_word' id='word_1_186' title='bbox 289 2680 486 2747; x_wconf 73' lang='grc' dir='ltr'>ὥσπερ</span> <span class='ocrx_word' id='word_1_187' title='bbox 515 2680 582 2748; x_wconf 83' lang='grc' dir='ltr'><strong>τῇ</strong></span> <span class='ocrx_word' id='word_1_188' title='bbox 619 2677 741 2748; x_wconf 74' lang='grc' dir='ltr'>θείᾳ</span> <span class='ocrx_word' id='word_1_189' title='bbox 782 2678 1012 2748; x_wconf 81' lang='grc' dir='ltr'>δυνάμει</span> <span class='ocrx_word' id='word_1_190' title='bbox 1071 2678 1512 2745; x_wconf 64' lang='grc' dir='ltr'>ἀντιφερόμενος,</span> <span class='ocrx_word' id='word_1_191' title='bbox 1570 2679 1694 2738; x_wconf 72' lang='grc' dir='ltr'>τοὺς</span> <span class='ocrx_word' id='word_1_192' title='bbox 1753 2676 1861 2729; x_wconf 84' lang='grc' dir='ltr'><strong>τῶν</strong></span> 
     </span>
    </p>
   </div>
   <div class='ocr_carea' id='block_1_30' title="bbox 296 2766 1855 2837">
    <p class='ocr_par' dir='ltr' id='par_1_30' title="bbox 296 2766 1855 2837">
     <span class='ocr_line' id='line_1_30' title="bbox 296 2766 1855 2837; baseline -0.001 -18"><span class='ocrx_word' id='word_1_193' title='bbox 296 2769 511 2821; x_wconf 77' lang='grc' dir='ltr'>ὑδάτων</span> <span class='ocrx_word' id='word_1_194' title='bbox 553 2767 769 2833; x_wconf 82' lang='grc' dir='ltr'>ὁλκοὺς,</span> <span class='ocrx_word' id='word_1_195' title='bbox 821 2767 870 2821; x_wconf 80' lang='grc' dir='ltr'>οἳ</span> <span class='ocrx_word' id='word_1_196' title='bbox 921 2767 1027 2836; x_wconf 86' lang='grc' dir='ltr'>πρὸ</span> <span class='ocrx_word' id='word_1_197' title='bbox 1069 2771 1165 2837; x_wconf 80' lang='grc' dir='ltr'>τῆς</span> <span class='ocrx_word' id='word_1_198' title='bbox 1209 2768 1418 2829; x_wconf 75' lang='grc' dir='ltr'>πόλεως</span> <span class='ocrx_word' id='word_1_199' title='bbox 1465 2767 1651 2835; x_wconf 78' lang='grc' dir='ltr'>ἔτυχον</span> <span class='ocrx_word' id='word_1_200' title='bbox 1686 2766 1855 2829; x_wconf 75' lang='grc' dir='ltr'>ὄντες,</span> 
     </span>
    </p>
   </div>
   <div class='ocr_carea' id='block_1_31' title="bbox 288 2856 1855 2931">
    <p class='ocr_par' dir='ltr' id='par_1_31' title="bbox 288 2856 1855 2931">
     <span class='ocr_line' id='line_1_31' title="bbox 288 2856 1855 2931; baseline -0.003 -19"><span class='ocrx_word' id='word_1_201' title='bbox 288 2860 434 2919; x_wconf 81' lang='grc' dir='ltr'>κατὰ</span> <span class='ocrx_word' id='word_1_202' title='bbox 458 2860 561 2927; x_wconf 77' lang='grc' dir='ltr'>τῆς</span> <span class='ocrx_word' id='word_1_203' title='bbox 591 2860 771 2931; x_wconf 80' lang='grc' dir='ltr'>πυρᾶς</span> <span class='ocrx_word' id='word_1_204' title='bbox 795 2860 975 2926; x_wconf 69' lang='grc' dir='ltr'>ἀφεὶς,</span> <span class='ocrx_word' id='word_1_205' title='bbox 1008 2858 1283 2910; x_wconf 83' lang='grc' dir='ltr'>σϐεννύειν</span> <span class='ocrx_word' id='word_1_206' title='bbox 1328 2856 1528 2925; x_wconf 85' lang='grc' dir='ltr'>ταύτην</span> <span class='ocrx_word' id='word_1_207' title='bbox 1580 2858 1855 2925; x_wconf 77' lang='grc' dir='ltr'>ἐπειρᾶτο.</span> 
     </span>
    </p>
   </div>
   <div class='ocr_carea' id='block_1_32' title="bbox 298 2947 1860 3020">
    <p class='ocr_par' dir='ltr' id='par_1_32' title="bbox 298 2947 1860 3020">
     <span class='ocr_line' id='line_1_32' title="bbox 298 2947 1860 3020; baseline -0.002 -17"><span class='ocrx_word' id='word_1_208' title='bbox 298 2952 365 3003; x_wconf 86' lang='grc' dir='ltr'><strong>Ἡ</strong></span> <span class='ocrx_word' id='word_1_209' title='bbox 394 2950 451 3003; x_wconf 72' lang='grc' dir='ltr'>δὲ</span> <span class='ocrx_word' id='word_1_210' title='bbox 481 2950 679 3020; x_wconf 79' lang='grc' dir='ltr'>μᾶλλον</span> <span class='ocrx_word' id='word_1_211' title='bbox 713 2948 787 3013; x_wconf 81' lang='grc' dir='ltr'>ὡς</span> <span class='ocrx_word' id='word_1_212' title='bbox 824 2949 1002 3002; x_wconf 75' lang='grc' dir='ltr'>ἔλαιον</span> <span class='ocrx_word' id='word_1_213' title='bbox 1033 2949 1066 3019; x_wconf 81' lang='grc' dir='ltr'><strong>ἢ</strong></span> <span class='ocrx_word' id='word_1_214' title='bbox 1097 2947 1258 3013; x_wconf 81' lang='grc' dir='ltr'>θεῖον,</span> <span class='ocrx_word' id='word_1_215' title='bbox 1294 2949 1327 3017; x_wconf 72' lang='grc' dir='ltr'>ἧ</span> <span class='ocrx_word' id='word_1_216' title='bbox 1379 2965 1430 3000; x_wconf 90' lang='grc' dir='ltr'><strong>τι</strong></span> <span class='ocrx_word' id='word_1_217' title='bbox 1470 2948 1579 2999; x_wconf 86' lang='grc' dir='ltr'><strong>τῶν</strong></span> <span class='ocrx_word' id='word_1_218' title='bbox 1607 2947 1860 3013; x_wconf 74' lang='grc' dir='ltr'>ἐξάπτειν</span> 
     </span>
    </p>
   </div>
   <div class='ocr_carea' id='block_1_33' title="bbox 286 3036 1858 3108">
    <p class='ocr_par' dir='ltr' id='par_1_33' title="bbox 286 3036 1858 3108">
     <span class='ocr_line' id='line_1_33' title="bbox 286 3036 1858 3108; baseline -0.002 -17"><span class='ocrx_word' id='word_1_219' title='bbox 286 3038 584 3103; x_wconf 80' lang='grc' dir='ltr'>εἰωθότων,</span> <span class='ocrx_word' id='word_1_220' title='bbox 633 3040 694 3091; x_wconf 79' lang='grc' dir='ltr'>τὸ</span> <span class='ocrx_word' id='word_1_221' title='bbox 713 3037 858 3108; x_wconf 73' lang='grc' dir='ltr'>ὕδωρ</span> <span class='ocrx_word' id='word_1_222' title='bbox 900 3038 1190 3108; x_wconf 77' lang='grc' dir='ltr'>δεξαμένη,</span> <span class='ocrx_word' id='word_1_223' title='bbox 1237 3039 1328 3090; x_wconf 75' lang='grc' dir='ltr'><strong>ἐπὶ</strong></span> <span class='ocrx_word' id='word_1_224' title='bbox 1367 3036 1552 3108; x_wconf 76' lang='grc' dir='ltr'>μεῖζον</span> <span class='ocrx_word' id='word_1_225' title='bbox 1592 3037 1732 3108; x_wconf 67' lang='grc' dir='ltr'>ἤρθη</span> <span class='ocrx_word' id='word_1_226' title='bbox 1767 3038 1858 3106; x_wconf 87' lang='grc' dir='ltr'>μέ-</span> 
     </span>
    </p>
   </div>
   <div class='ocr_carea' id='block_1_34' title="bbox 1891 1815 1938 1872">
    <p class='ocr_par' dir='ltr' id='par_1_34' title="bbox 1891 1815 1938 1872">
     <span class='ocr_line' id='line_1_34' title="bbox 1891 1815 1938 1872; baseline 0 0"><span class='ocrx_word' id='word_1_227' title='bbox 1891 1815 1938 1872; x_wconf 91' lang='grc' dir='ltr'>Β</span> 
     </span>
    </p>
   </div>
   <div class='ocr_carea' id='block_1_35' title="bbox 1969 590 3531 660">
    <p class='ocr_par' dir='ltr' id='par_1_35' title="bbox 1969 590 3531 660">
     <span class='ocr_line' id='line_1_35' title="bbox 1969 590 3531 660; baseline 0.001 -17"><span class='ocrx_word' id='word_1_228' title='bbox 1969 592 2195 655; x_wconf 88' lang='lat' dir='ltr'><strong>redacti,</strong></span> <span class='ocrx_word' id='word_1_229' title='bbox 2245 591 2482 645; x_wconf 84' lang='lat' dir='ltr'><strong>aﬂ‘erunt</strong></span> <span class='ocrx_word' id='word_1_230' title='bbox 2526 591 2790 644; x_wconf 74' lang='lat' dir='ltr'><strong>divinitus</strong></span> <span class='ocrx_word' id='word_1_231' title='bbox 2842 591 3158 644; x_wconf 75' lang='lat' dir='ltr'><strong>fabricatam</strong></span> <span class='ocrx_word' id='word_1_232' title='bbox 3217 590 3531 660; x_wconf 73' lang='lat' dir='ltr'><strong>imaginem,</strong></span> 
     </span>
    </p>
   </div>
   <div class='ocr_carea' id='block_1_36' title="bbox 1969 678 3537 747">
    <p class='ocr_par' dir='ltr' id='par_1_36' title="bbox 1969 678 3537 747">
     <span class='ocr_line' id='line_1_36' title="bbox 1969 678 3537 747; baseline -0.003 -15"><span class='ocrx_word' id='word_1_233' title='bbox 1969 694 2130 747; x_wconf 87' lang='lat' dir='ltr'><strong>quam</strong></span> <span class='ocrx_word' id='word_1_234' title='bbox 2165 696 2273 733; x_wconf 92' lang='lat' dir='ltr'><strong>non</strong></span> <span class='ocrx_word' id='word_1_235' title='bbox 2307 681 2586 733; x_wconf 87' lang='lat' dir='ltr'><strong>hominum</strong></span> <span class='ocrx_word' id='word_1_236' title='bbox 2636 695 2829 734; x_wconf 90' lang='lat' dir='ltr'><strong>manus</strong></span> <span class='ocrx_word' id='word_1_237' title='bbox 2860 679 3199 741; x_wconf 83' lang='lat' dir='ltr'><strong>eﬂinxerant,</strong></span> <span class='ocrx_word' id='word_1_238' title='bbox 3236 679 3329 733; x_wconf 89' lang='lat' dir='ltr'><strong>sed</strong></span> <span class='ocrx_word' id='word_1_239' title='bbox 3376 678 3537 732; x_wconf 79' lang='lat' dir='ltr'><strong>Cliri-</strong></span> 
     </span>
    </p>
   </div>
   <div class='ocr_carea' id='block_1_37' title="bbox 1969 769 3533 840">
    <p class='ocr_par' dir='ltr' id='par_1_37' title="bbox 1969 769 3533 840">
     <span class='ocr_line' id='line_1_37' title="bbox 1969 769 3533 840; baseline 0.001 -18"><span class='ocrx_word' id='word_1_240' title='bbox 1969 780 2087 824; x_wconf 90' lang='lat' dir='ltr'><strong>stus</strong></span> <span class='ocrx_word' id='word_1_241' title='bbox 2123 772 2266 825; x_wconf 88' lang='lat' dir='ltr'><strong>Deus</strong></span> <span class='ocrx_word' id='word_1_242' title='bbox 2305 771 2370 824; x_wconf 90' lang='lat' dir='ltr'><strong>ad</strong></span> <span class='ocrx_word' id='word_1_243' title='bbox 2414 770 2687 840; x_wconf 81' lang='lat' dir='ltr'><strong>Agbarum</strong></span> <span class='ocrx_word' id='word_1_244' title='bbox 2721 772 2961 831; x_wconf 88' lang='lat' dir='ltr'><strong>miserat,</strong></span> <span class='ocrx_word' id='word_1_245' title='bbox 2995 769 3087 838; x_wconf 90' lang='lat' dir='ltr'><strong>qui</strong></span> <span class='ocrx_word' id='word_1_246' title='bbox 3136 769 3312 837; x_wconf 86' lang='lat' dir='ltr'><strong>ipsum</strong></span> <span class='ocrx_word' id='word_1_247' title='bbox 3344 770 3533 823; x_wconf 85' lang='lat' dir='ltr'><strong>videre</strong></span> 
     </span>
    </p>
   </div>
   <div class='ocr_carea' id='block_1_38' title="bbox 1970 861 3529 931">
    <p class='ocr_par' dir='ltr' id='par_1_38' title="bbox 1970 861 3529 931">
     <span class='ocr_line' id='line_1_38' title="bbox 1970 861 3529 931; baseline -0.001 -17"><span class='ocrx_word' id='word_1_248' title='bbox 1970 875 2298 929; x_wconf 84' lang='lat' dir='ltr'><strong>magnOpere</strong></span> <span class='ocrx_word' id='word_1_249' title='bbox 2332 862 2605 931; x_wconf 82' lang='lat' dir='ltr'><strong>cupiebat.</strong></span> <span class='ocrx_word' id='word_1_250' title='bbox 2653 862 2800 915; x_wconf 85' lang='lat' dir='ltr'><strong>Hane</strong></span> <span class='ocrx_word' id='word_1_251' title='bbox 2846 874 2972 915; x_wconf 89' lang='lat' dir='ltr'><strong>eum</strong></span> <span class='ocrx_word' id='word_1_252' title='bbox 3018 861 3072 914; x_wconf 90' lang='lat' dir='ltr'><strong>in</strong></span> <span class='ocrx_word' id='word_1_253' title='bbox 3120 861 3318 913; x_wconf 87' lang='lat' dir='ltr'><strong>fossam</strong></span> <span class='ocrx_word' id='word_1_254' title='bbox 3367 876 3529 927; x_wconf 87' lang='lat' dir='ltr'><strong>quam</strong></span> 
     </span>
    </p>
   </div>
   <div class='ocr_carea' id='block_1_39' title="bbox 1967 951 3531 1020">
    <p class='ocr_par' dir='ltr' id='par_1_39' title="bbox 1967 951 3531 1020">
     <span class='ocr_line' id='line_1_39' title="bbox 1967 951 3531 1020; baseline -0.001 -16"><span class='ocrx_word' id='word_1_255' title='bbox 1967 951 2269 1004; x_wconf 84' lang='lat' dir='ltr'><strong>eﬂ&#39;oderant</strong></span> <span class='ocrx_word' id='word_1_256' title='bbox 2316 953 2722 1020; x_wconf 89' lang='lat' dir='ltr'><strong>importassent,</strong></span> <span class='ocrx_word' id='word_1_257' title='bbox 2772 968 2912 1020; x_wconf 90' lang='lat' dir='ltr'><strong>aqua</strong></span> <span class='ocrx_word' id='word_1_258' title='bbox 2955 960 3307 1019; x_wconf 84' lang='lat' dir='ltr'><strong>asperserunt</strong></span> <span class='ocrx_word' id='word_1_259' title='bbox 3336 969 3349 1004; x_wconf 90' lang='lat'>:</span> <span class='ocrx_word' id='word_1_260' title='bbox 3376 960 3430 1003; x_wconf 79' lang='lat' dir='ltr'><strong>et</strong></span> <span class='ocrx_word' id='word_1_261' title='bbox 3465 967 3531 1003; x_wconf 80' lang='lat' dir='ltr'><strong>ex</strong></span> 
     </span>
    </p>
   </div>
   <div class='ocr_carea' id='block_1_40' title="bbox 1967 1042 3531 1111">
    <p class='ocr_par' dir='ltr' id='par_1_40' title="bbox 1967 1042 3531 1111">
     <span class='ocr_line' id='line_1_40' title="bbox 1967 1042 3531 1111; baseline 0.001 -16"><span class='ocrx_word' id='word_1_262' title='bbox 1967 1042 2155 1095; x_wconf 85' lang='lat' dir='ltr'><strong>eadem</strong></span> <span class='ocrx_word' id='word_1_263' title='bbox 2187 1057 2324 1109; x_wconf 88' lang='lat' dir='ltr'><strong>aqua</strong></span> <span class='ocrx_word' id='word_1_264' title='bbox 2356 1043 2408 1095; x_wconf 91' lang='lat' dir='ltr'><strong>in</strong></span> <span class='ocrx_word' id='word_1_265' title='bbox 2444 1057 2629 1110; x_wconf 91' lang='lat' dir='ltr'><strong>rogum</strong></span> <span class='ocrx_word' id='word_1_266' title='bbox 2666 1058 2729 1096; x_wconf 90' lang='lat' dir='ltr'><strong>ac</strong></span> <span class='ocrx_word' id='word_1_267' title='bbox 2769 1043 2915 1111; x_wconf 86' lang='lat' dir='ltr'><strong>ligna</strong></span> <span class='ocrx_word' id='word_1_268' title='bbox 2949 1053 3127 1111; x_wconf 87' lang='lat' dir='ltr'><strong>guttas</strong></span> <span class='ocrx_word' id='word_1_269' title='bbox 3155 1044 3360 1111; x_wconf 88' lang='lat' dir='ltr'><strong>aliquot</strong></span> <span class='ocrx_word' id='word_1_270' title='bbox 3395 1042 3531 1111; x_wconf 87' lang='lat' dir='ltr'><strong>inje—</strong></span> 
     </span>
    </p>
   </div>
   <div class='ocr_carea' id='block_1_41' title="bbox 1968 1131 3533 1201">
    <p class='ocr_par' dir='ltr' id='par_1_41' title="bbox 1968 1131 3533 1201">
     <span class='ocr_line' id='line_1_41' title="bbox 1968 1131 3533 1201; baseline -0.001 -16"><span class='ocrx_word' id='word_1_271' title='bbox 1968 1139 2179 1185; x_wconf 89' lang='lat' dir='ltr'><strong>cerunt.</strong></span> <span class='ocrx_word' id='word_1_272' title='bbox 2212 1132 2513 1199; x_wconf 88' lang='lat' dir='ltr'><strong>Statimque</strong></span> <span class='ocrx_word' id='word_1_273' title='bbox 2536 1132 2722 1185; x_wconf 85' lang='lat' dir='ltr'><strong>divina</strong></span> <span class='ocrx_word' id='word_1_274' title='bbox 2746 1134 2988 1201; x_wconf 88' lang='lat' dir='ltr'><strong>potentia</strong></span> <span class='ocrx_word' id='word_1_275' title='bbox 3015 1131 3136 1185; x_wconf 90' lang='lat' dir='ltr'><strong>ﬂdei</strong></span> <span class='ocrx_word' id='word_1_276' title='bbox 3166 1133 3380 1185; x_wconf 86' lang='lat' dir='ltr'><strong>illorum</strong></span> <span class='ocrx_word' id='word_1_277' title='bbox 3413 1133 3533 1199; x_wconf 84' lang='lat' dir='ltr'><strong>cpi-</strong></span> 
     </span>
    </p>
   </div>
   <div class='ocr_carea' id='block_1_42' title="bbox 1968 1222 3527 1291">
    <p class='ocr_par' dir='ltr' id='par_1_42' title="bbox 1968 1222 3527 1291">
     <span class='ocr_line' id='line_1_42' title="bbox 1968 1222 3527 1291; baseline -0.001 -16"><span class='ocrx_word' id='word_1_278' title='bbox 1968 1224 2197 1285; x_wconf 84' lang='lat' dir='ltr'><strong>tulante,</strong></span> <span class='ocrx_word' id='word_1_279' title='bbox 2231 1223 2376 1291; x_wconf 90' lang='lat' dir='ltr'><strong>quod</strong></span> <span class='ocrx_word' id='word_1_280' title='bbox 2421 1223 2575 1291; x_wconf 90' lang='lat' dir='ltr'><strong>prius</strong></span> <span class='ocrx_word' id='word_1_281' title='bbox 2622 1222 2737 1276; x_wconf 80' lang='lat' dir='ltr'><strong>fieri</strong></span> <span class='ocrx_word' id='word_1_282' title='bbox 2790 1223 2941 1276; x_wconf 89' lang='lat' dir='ltr'><strong>nullo</strong></span> <span class='ocrx_word' id='word_1_283' title='bbox 2985 1222 3147 1275; x_wconf 90' lang='lat' dir='ltr'><strong>modo</strong></span> <span class='ocrx_word' id='word_1_284' title='bbox 3188 1230 3428 1291; x_wconf 80' lang='lat' dir='ltr'><strong>poterat,</strong></span> <span class='ocrx_word' id='word_1_285' title='bbox 3461 1222 3527 1275; x_wconf 91' lang='lat' dir='ltr'><strong>ad</strong></span> 
     </span>
    </p>
   </div>
   <div class='ocr_carea' id='block_1_43' title="bbox 1965 1310 3525 1381">
    <p class='ocr_par' dir='ltr' id='par_1_43' title="bbox 1965 1310 3525 1381">
     <span class='ocr_line' id='line_1_43' title="bbox 1965 1310 3525 1381; baseline -0.002 -15"><span class='ocrx_word' id='word_1_286' title='bbox 1965 1313 2171 1366; x_wconf 84' lang='lat' dir='ltr'><strong>exitum</strong></span> <span class='ocrx_word' id='word_1_287' title='bbox 2190 1313 2509 1381; x_wconf 90' lang='lat' dir='ltr'><strong>perductum</strong></span> <span class='ocrx_word' id='word_1_288' title='bbox 2526 1322 2630 1366; x_wconf 87' lang='lat' dir='ltr'><strong>est.</strong></span> <span class='ocrx_word' id='word_1_289' title='bbox 2651 1312 2782 1365; x_wconf 83' lang='lat' dir='ltr'><strong>Nam</strong></span> <span class='ocrx_word' id='word_1_290' title='bbox 2802 1312 3062 1365; x_wconf 86' lang='lat' dir='ltr'><strong>continuo</strong></span> <span class='ocrx_word' id='word_1_291' title='bbox 3088 1311 3231 1380; x_wconf 88' lang='lat' dir='ltr'><strong>ligna</strong></span> <span class='ocrx_word' id='word_1_292' title='bbox 3256 1310 3525 1364; x_wconf 84' lang='lat' dir='ltr'><strong>ﬂammam</strong></span> 
     </span>
    </p>
   </div>
   <div class='ocr_carea' id='block_1_44' title="bbox 1965 1399 3528 1472">
    <p class='ocr_par' dir='ltr' id='par_1_44' title="bbox 1965 1399 3528 1472">
     <span class='ocr_line' id='line_1_44' title="bbox 1965 1399 3528 1472; baseline -0.004 -15"><span class='ocrx_word' id='word_1_293' title='bbox 1965 1419 2288 1472; x_wconf 81' lang='lat' dir='ltr'><strong>ennccpere,</strong></span> <span class='ocrx_word' id='word_1_294' title='bbox 2319 1412 2374 1456; x_wconf 86' lang='lat' dir='ltr'><strong>et</strong></span> <span class='ocrx_word' id='word_1_295' title='bbox 2397 1403 2545 1457; x_wconf 89' lang='lat' dir='ltr'><strong>dicto</strong></span> <span class='ocrx_word' id='word_1_296' title='bbox 2573 1403 2735 1455; x_wconf 89' lang='lat' dir='ltr'><strong>citius</strong></span> <span class='ocrx_word' id='word_1_297' title='bbox 2760 1402 2814 1454; x_wconf 92' lang='lat' dir='ltr'><strong>in</strong></span> <span class='ocrx_word' id='word_1_298' title='bbox 2841 1401 3109 1455; x_wconf 85' lang='lat' dir='ltr'><strong>carbones</strong></span> <span class='ocrx_word' id='word_1_299' title='bbox 3142 1399 3383 1462; x_wconf 85' lang='lat' dir='ltr'><strong>redacta,</strong></span> <span class='ocrx_word' id='word_1_300' title='bbox 3408 1414 3528 1453; x_wconf 85' lang='lat' dir='ltr'><strong>eam</strong></span> 
     </span>
    </p>
   </div>
   <div class='ocr_carea' id='block_1_45' title="bbox 1964 1491 3531 1563">
    <p class='ocr_par' dir='ltr' id='par_1_45' title="bbox 1964 1491 3531 1563">
     <span class='ocr_line' id='line_1_45' title="bbox 1964 1491 3531 1563; baseline -0.004 -15"><span class='ocrx_word' id='word_1_301' title='bbox 1964 1496 2029 1548; x_wconf 89' lang='lat' dir='ltr'><strong>ad</strong></span> <span class='ocrx_word' id='word_1_302' title='bbox 2062 1495 2342 1563; x_wconf 83' lang='lat' dir='ltr'><strong>superiora</strong></span> <span class='ocrx_word' id='word_1_303' title='bbox 2378 1494 2518 1563; x_wconf 86' lang='lat' dir='ltr'><strong>ligna</strong></span> <span class='ocrx_word' id='word_1_304' title='bbox 2554 1493 2925 1553; x_wconf 87' lang='lat' dir='ltr'><strong>transmisere,</strong></span> <span class='ocrx_word' id='word_1_305' title='bbox 2960 1491 3084 1559; x_wconf 82' lang='lat' dir='ltr'><strong>igne</strong></span> <span class='ocrx_word' id='word_1_306' title='bbox 3132 1491 3383 1543; x_wconf 81' lang='lat' dir='ltr'><strong>universa</strong></span> <span class='ocrx_word' id='word_1_307' title='bbox 3429 1505 3531 1541; x_wconf 92' lang='lat' dir='ltr'><strong>un-</strong></span> 
     </span>
    </p>
   </div>
   <div class='ocr_carea' id='block_1_46' title="bbox 1964 1580 3528 1654">
    <p class='ocr_par' dir='ltr' id='par_1_46' title="bbox 1964 1580 3528 1654">
     <span class='ocr_line' id='line_1_46' title="bbox 1964 1580 3528 1654; baseline -0.005 -15"><span class='ocrx_word' id='word_1_308' title='bbox 1964 1586 2129 1654; x_wconf 86' lang='lat' dir='ltr'><strong>dique</strong></span> <span class='ocrx_word' id='word_1_309' title='bbox 2173 1585 2519 1653; x_wconf 86' lang='lat' dir='ltr'><strong>depaseeute.</strong></span> <span class='ocrx_word' id='word_1_310' title='bbox 2561 1582 2783 1637; x_wconf 88' lang='lat' dir='ltr'><strong>Obsessi</strong></span> <span class='ocrx_word' id='word_1_311' title='bbox 2818 1597 2967 1646; x_wconf 83' lang='lat' dir='ltr'><strong>vero,</strong></span> <span class='ocrx_word' id='word_1_312' title='bbox 3002 1592 3286 1649; x_wconf 82' lang='lat' dir='ltr'><strong>postquam</strong></span> <span class='ocrx_word' id='word_1_313' title='bbox 3323 1580 3528 1633; x_wconf 88' lang='lat' dir='ltr'><strong>fumum</strong></span> 
     </span>
    </p>
   </div>
   <div class='ocr_carea' id='block_1_47' title="bbox 1965 1669 3530 1741">
    <p class='ocr_par' dir='ltr' id='par_1_47' title="bbox 1965 1669 3530 1741">
     <span class='ocr_line' id='line_1_47' title="bbox 1965 1669 3530 1741; baseline -0.004 -13"><span class='ocrx_word' id='word_1_314' title='bbox 1965 1676 2020 1728; x_wconf 93' lang='lat' dir='ltr'><strong>in</strong></span> <span class='ocrx_word' id='word_1_315' title='bbox 2056 1674 2287 1727; x_wconf 86' lang='lat' dir='ltr'><strong>sublime</strong></span> <span class='ocrx_word' id='word_1_316' title='bbox 2322 1683 2699 1741; x_wconf 84' lang='lat' dir='ltr'><strong>erumpentem</strong></span> <span class='ocrx_word' id='word_1_317' title='bbox 2739 1672 3015 1733; x_wconf 82' lang='lat' dir='ltr'><strong>viderunt,</strong></span> <span class='ocrx_word' id='word_1_318' title='bbox 3051 1670 3193 1724; x_wconf 84' lang='lat' dir='ltr'><strong>istud</strong></span> <span class='ocrx_word' id='word_1_319' title='bbox 3233 1669 3530 1723; x_wconf 85' lang='lat' dir='ltr'><strong>commenti</strong></span> 
     </span>
    </p>
   </div>
   <div class='ocr_carea' id='block_1_48' title="bbox 1964 1760 3527 1830">
    <p class='ocr_par' dir='ltr' id='par_1_48' title="bbox 1964 1760 3527 1830">
     <span class='ocr_line' id='line_1_48' title="bbox 1964 1760 3527 1830; baseline -0.004 -13"><span class='ocrx_word' id='word_1_320' title='bbox 1964 1772 2111 1817; x_wconf 88' lang='lat' dir='ltr'><strong>sunt.</strong></span> <span class='ocrx_word' id='word_1_321' title='bbox 2149 1763 2346 1816; x_wconf 73' lang='lat' dir='ltr'><strong>Parvus</strong></span> <span class='ocrx_word' id='word_1_322' title='bbox 2379 1762 2641 1830; x_wconf 85' lang='lat' dir='ltr'><strong>quasdam</strong></span> <span class='ocrx_word' id='word_1_323' title='bbox 2692 1762 2912 1830; x_wconf 86' lang='lat' dir='ltr'><strong>lagenas</strong></span> <span class='ocrx_word' id='word_1_324' title='bbox 2956 1760 3220 1828; x_wconf 87' lang='lat' dir='ltr'><strong>sulphure</strong></span> <span class='ocrx_word' id='word_1_325' title='bbox 3255 1773 3318 1811; x_wconf 87' lang='lat' dir='ltr'><strong>ac</strong></span> <span class='ocrx_word' id='word_1_326' title='bbox 3348 1766 3527 1826; x_wconf 86' lang='lat' dir='ltr'><strong>stupa,</strong></span> 
     </span>
    </p>
   </div>
   <div class='ocr_carea' id='block_1_49' title="bbox 1964 1849 3530 1922">
    <p class='ocr_par' dir='ltr' id='par_1_49' title="bbox 1964 1849 3530 1922">
     <span class='ocr_line' id='line_1_49' title="bbox 1964 1849 3530 1922; baseline -0.003 -16"><span class='ocrx_word' id='word_1_327' title='bbox 1964 1852 2177 1921; x_wconf 88' lang='lat' dir='ltr'><strong>aliaque</strong></span> <span class='ocrx_word' id='word_1_328' title='bbox 2211 1853 2438 1922; x_wconf 68' lang='lat' dir='ltr'><strong>materia</strong></span> <span class='ocrx_word' id='word_1_329' title='bbox 2466 1855 2532 1904; x_wconf 91' lang='lat' dir='ltr'><strong>ad</strong></span> <span class='ocrx_word' id='word_1_330' title='bbox 2569 1851 2747 1920; x_wconf 85' lang='lat' dir='ltr'><strong>ignem</strong></span> <span class='ocrx_word' id='word_1_331' title='bbox 2786 1849 3208 1919; x_wconf 87' lang='lat' dir='ltr'><strong>concipiendum</strong></span> <span class='ocrx_word' id='word_1_332' title='bbox 3250 1849 3530 1917; x_wconf 84' lang='lat' dir='ltr'><strong>aptissima</strong></span> 
     </span>
    </p>
   </div>
   <div class='ocr_carea' id='block_1_50' title="bbox 1966 1932 3528 2010">
    <p class='ocr_par' dir='ltr' id='par_1_50' title="bbox 1966 1932 3528 2010">
     <span class='ocr_line' id='line_1_50' title="bbox 1966 1932 3528 2010; baseline -0.002 -16"><span class='ocrx_word' id='word_1_333' title='bbox 1966 1943 2219 2010; x_wconf 82' lang='lat' dir='ltr'><strong>repletas.</strong></span> <span class='ocrx_word' id='word_1_334' title='bbox 2254 1941 2307 1994; x_wconf 91' lang='lat' dir='ltr'><strong>in</strong></span> <span class='ocrx_word' id='word_1_335' title='bbox 2347 1956 2597 2010; x_wconf 82' lang='lat' dir='ltr'><strong>aggerem</strong></span> <span class='ocrx_word' id='word_1_336' title='bbox 2632 1941 2867 1994; x_wconf 89' lang='lat' dir='ltr'><strong>hostium</strong></span> <span class='ocrx_word' id='word_1_337' title='bbox 2911 1942 3200 1993; x_wconf 81' lang='lat' dir='ltr'><strong>miserunt.</strong></span> <span class='ocrx_word' id='word_1_338' title='bbox 3230 1940 3359 2005; x_wconf 79' lang='lat' dir='ltr'><strong>Quae</strong></span> <span class='ocrx_word' id='word_1_339' title='bbox 3392 1932 3528 2010; x_wconf 75' lang='lat' dir='ltr'><strong>cum</strong></span> 
     </span>
    </p>
   </div>
   <div class='ocr_carea' id='block_1_51' title="bbox 1964 2028 3531 2100">
    <p class='ocr_par' dir='ltr' id='par_1_51' title="bbox 1964 2028 3531 2100">
     <span class='ocr_line' id='line_1_51' title="bbox 1964 2028 3531 2100; baseline -0.001 -16"><span class='ocrx_word' id='word_1_340' title='bbox 1964 2032 2173 2085; x_wconf 89' lang='lat' dir='ltr'><strong>fumum</strong></span> <span class='ocrx_word' id='word_1_341' title='bbox 2201 2032 2452 2085; x_wconf 85' lang='lat' dir='ltr'><strong>emittere</strong></span> <span class='ocrx_word' id='word_1_342' title='bbox 2474 2030 2788 2099; x_wconf 71' lang='lat' dir='ltr'><strong>cmpissent,</strong></span> <span class='ocrx_word' id='word_1_343' title='bbox 2815 2031 2934 2100; x_wconf 82' lang='lat' dir='ltr'><strong>igne</strong></span> <span class='ocrx_word' id='word_1_344' title='bbox 2966 2028 3173 2084; x_wconf 66' lang='lat' dir='ltr'><strong>seilieet</strong></span> <span class='ocrx_word' id='word_1_345' title='bbox 3202 2030 3315 2098; x_wconf 90' lang='lat' dir='ltr'><strong>ipsa</strong></span> <span class='ocrx_word' id='word_1_346' title='bbox 3338 2030 3531 2099; x_wconf 86' lang='lat' dir='ltr'><strong>jactio-</strong></span> 
     </span>
    </p>
   </div>
   <div class='ocr_carea' id='block_1_52' title="bbox 1964 2122 3530 2191">
    <p class='ocr_par' dir='ltr' id='par_1_52' title="bbox 1964 2122 3530 2191">
     <span class='ocr_line' id='line_1_52' title="bbox 1964 2122 3530 2191; baseline -0.001 -15"><span class='ocrx_word' id='word_1_347' title='bbox 1964 2124 2051 2177; x_wconf 90' lang='lat' dir='ltr'><strong>nis</strong></span> <span class='ocrx_word' id='word_1_348' title='bbox 2077 2125 2128 2176; x_wconf 82' lang='lat' dir='ltr'><strong>vi</strong></span> <span class='ocrx_word' id='word_1_349' title='bbox 2153 2137 2406 2186; x_wconf 87' lang='lat' dir='ltr'><strong>accenso,</strong></span> <span class='ocrx_word' id='word_1_350' title='bbox 2432 2122 2482 2176; x_wconf 89' lang='lat' dir='ltr'><strong>id</strong></span> <span class='ocrx_word' id='word_1_351' title='bbox 2513 2123 2889 2191; x_wconf 85' lang='lat' dir='ltr'><strong>perliciebant,</strong></span> <span class='ocrx_word' id='word_1_352' title='bbox 2915 2129 2975 2174; x_wconf 92' lang='lat' dir='ltr'><strong>ut</strong></span> <span class='ocrx_word' id='word_1_353' title='bbox 3003 2122 3212 2174; x_wconf 88' lang='lat' dir='ltr'><strong>fumum</strong></span> <span class='ocrx_word' id='word_1_354' title='bbox 3241 2137 3306 2174; x_wconf 78' lang='lat' dir='ltr'><strong>ex</strong></span> <span class='ocrx_word' id='word_1_355' title='bbox 3336 2136 3530 2190; x_wconf 81' lang='lat' dir='ltr'><strong>aggere</strong></span> 
     </span>
    </p>
   </div>
   <div class='ocr_carea' id='block_1_53' title="bbox 1963 2211 3527 2283">
    <p class='ocr_par' dir='ltr' id='par_1_53' title="bbox 1963 2211 3527 2283">
     <span class='ocr_line' id='line_1_53' title="bbox 1963 2211 3527 2283; baseline -0.003 -15"><span class='ocrx_word' id='word_1_356' title='bbox 1963 2228 2252 2282; x_wconf 89' lang='lat' dir='ltr'><strong>erumpere</strong></span> <span class='ocrx_word' id='word_1_357' title='bbox 2305 2216 2670 2283; x_wconf 80' lang='lat' dir='ltr'><strong>ignoraretur.</strong></span> <span class='ocrx_word' id='word_1_358' title='bbox 2710 2211 2911 2267; x_wconf 90' lang='lat' dir='ltr'><strong>Omnes</strong></span> <span class='ocrx_word' id='word_1_359' title='bbox 2953 2213 3098 2265; x_wconf 91' lang='lat' dir='ltr'><strong>enim</strong></span> <span class='ocrx_word' id='word_1_360' title='bbox 3141 2213 3235 2279; x_wconf 90' lang='lat' dir='ltr'><strong>qui</strong></span> <span class='ocrx_word' id='word_1_361' title='bbox 3289 2212 3407 2279; x_wconf 84' lang='lat' dir='ltr'><strong>ejus</strong></span> <span class='ocrx_word' id='word_1_362' title='bbox 3450 2212 3527 2265; x_wconf 84' lang='lat' dir='ltr'><strong>rei</strong></span> 
     </span>
    </p>
   </div>
   <div class='ocr_carea' id='block_1_54' title="bbox 1965 2300 3528 2374">
    <p class='ocr_par' dir='ltr' id='par_1_54' title="bbox 1965 2300 3528 2374">
     <span class='ocr_line' id='line_1_54' title="bbox 1965 2300 3528 2374; baseline -0.003 -16"><span class='ocrx_word' id='word_1_363' title='bbox 1965 2303 2138 2374; x_wconf 87' lang='lat' dir='ltr'><strong>ignari</strong></span> <span class='ocrx_word' id='word_1_364' title='bbox 2167 2313 2345 2364; x_wconf 88' lang='lat' dir='ltr'><strong>erant,</strong></span> <span class='ocrx_word' id='word_1_365' title='bbox 2372 2319 2482 2357; x_wconf 90' lang='lat' dir='ltr'><strong>non</strong></span> <span class='ocrx_word' id='word_1_366' title='bbox 2513 2303 2733 2357; x_wconf 90' lang='lat' dir='ltr'><strong>aliunde</strong></span> <span class='ocrx_word' id='word_1_367' title='bbox 2774 2318 2935 2370; x_wconf 90' lang='lat' dir='ltr'><strong>quam</strong></span> <span class='ocrx_word' id='word_1_368' title='bbox 2970 2318 3033 2355; x_wconf 79' lang='lat' dir='ltr'><strong>ex</strong></span> <span class='ocrx_word' id='word_1_369' title='bbox 3068 2302 3273 2369; x_wconf 81' lang='lat' dir='ltr'><strong>lagonis</strong></span> <span class='ocrx_word' id='word_1_370' title='bbox 3306 2301 3412 2354; x_wconf 89' lang='lat' dir='ltr'><strong>illis</strong></span> <span class='ocrx_word' id='word_1_371' title='bbox 3446 2300 3528 2354; x_wconf 90' lang='lat' dir='ltr'><strong>fu-</strong></span> 
     </span>
    </p>
   </div>
   <div class='ocr_carea' id='block_1_55' title="bbox 1964 2394 3531 2464">
    <p class='ocr_par' dir='ltr' id='par_1_55' title="bbox 1964 2394 3531 2464">
     <span class='ocr_line' id='line_1_55' title="bbox 1964 2394 3531 2464; baseline -0.001 -15"><span class='ocrx_word' id='word_1_372' title='bbox 1964 2412 2111 2450; x_wconf 91' lang='lat' dir='ltr'><strong>mum</strong></span> <span class='ocrx_word' id='word_1_373' title='bbox 2152 2396 2370 2464; x_wconf 88' lang='lat' dir='ltr'><strong>prodire</strong></span> <span class='ocrx_word' id='word_1_374' title='bbox 2421 2395 2861 2464; x_wconf 83' lang='lat' dir='ltr'><strong>suspicabantur.</strong></span> <span class='ocrx_word' id='word_1_375' title='bbox 2905 2394 3093 2448; x_wconf 90' lang='lat' dir='ltr'><strong>Tertio</strong></span> <span class='ocrx_word' id='word_1_376' title='bbox 3139 2394 3358 2447; x_wconf 89' lang='lat' dir='ltr'><strong>demum</strong></span> <span class='ocrx_word' id='word_1_377' title='bbox 3411 2403 3531 2461; x_wconf 87' lang='lat' dir='ltr'><strong>post</strong></span> 
     </span>
    </p>
   </div>
   <div class='ocr_carea' id='block_1_56' title="bbox 1962 2487 3525 2558">
    <p class='ocr_par' dir='ltr' id='par_1_56' title="bbox 1962 2487 3525 2558">
     <span class='ocr_line' id='line_1_56' title="bbox 1962 2487 3525 2558; baseline -0.004 -17"><span class='ocrx_word' id='word_1_378' title='bbox 1962 2488 2073 2551; x_wconf 89' lang='lat' dir='ltr'><strong>die,</strong></span> <span class='ocrx_word' id='word_1_379' title='bbox 2104 2488 2332 2541; x_wconf 77' lang='lat' dir='ltr'><strong>ﬂamma:</strong></span> <span class='ocrx_word' id='word_1_380' title='bbox 2362 2487 2501 2558; x_wconf 92' lang='lat' dir='ltr'><strong>ignis</strong></span> <span class='ocrx_word' id='word_1_381' title='bbox 2530 2502 2595 2539; x_wconf 83' lang='lat' dir='ltr'><strong>ex</strong></span> <span class='ocrx_word' id='word_1_382' title='bbox 2632 2494 2776 2540; x_wconf 88' lang='lat' dir='ltr'><strong>terra</strong></span> <span class='ocrx_word' id='word_1_383' title='bbox 2824 2487 3159 2554; x_wconf 79' lang='lat' dir='ltr'><strong>prodeuntes</strong></span> <span class='ocrx_word' id='word_1_384' title='bbox 3204 2499 3525 2552; x_wconf 76' lang='lat' dir='ltr'><strong>apparuere.</strong></span> 
     </span>
    </p>
   </div>
   <div class='ocr_carea' id='block_1_57' title="bbox 1963 2574 3528 2646">
    <p class='ocr_par' dir='ltr' id='par_1_57' title="bbox 1963 2574 3528 2646">
     <span class='ocr_line' id='line_1_57' title="bbox 1963 2574 3528 2646; baseline -0.004 -14"><span class='ocrx_word' id='word_1_385' title='bbox 1963 2579 2116 2632; x_wconf 91' lang='lat' dir='ltr'><strong>Tune</strong></span> <span class='ocrx_word' id='word_1_386' title='bbox 2131 2594 2259 2631; x_wconf 80' lang='lat' dir='ltr'><strong>vero</strong></span> <span class='ocrx_word' id='word_1_387' title='bbox 2277 2578 2454 2631; x_wconf 71' lang='lat' dir='ltr'><strong>Persa:</strong></span> <span class='ocrx_word' id='word_1_388' title='bbox 2470 2577 2561 2645; x_wconf 88' lang='lat' dir='ltr'><strong>qui</strong></span> <span class='ocrx_word' id='word_1_389' title='bbox 2581 2594 2645 2632; x_wconf 76' lang='lat' dir='ltr'><strong>ex</strong></span> <span class='ocrx_word' id='word_1_390' title='bbox 2665 2592 2858 2646; x_wconf 86' lang='lat' dir='ltr'><strong>aggere</strong></span> <span class='ocrx_word' id='word_1_391' title='bbox 2877 2576 3211 2645; x_wconf 87' lang='lat' dir='ltr'><strong>pugnabant,</strong></span> <span class='ocrx_word' id='word_1_392' title='bbox 3229 2574 3389 2644; x_wconf 61' lang='grc'><strong>407</strong></span> <span class='ocrx_word' id='word_1_393' title='bbox 3406 2590 3528 2627; x_wconf 90' lang='lat' dir='ltr'><strong>seu—</strong></span> 
     </span>
    </p>
   </div>
   <div class='ocr_carea' id='block_1_58' title="bbox 1961 2664 3525 2738">
    <p class='ocr_par' dir='ltr' id='par_1_58' title="bbox 1961 2664 3525 2738">
     <span class='ocr_line' id='line_1_58' title="bbox 1961 2664 3525 2738; baseline -0.004 -15"><span class='ocrx_word' id='word_1_394' title='bbox 1961 2678 2150 2723; x_wconf 87' lang='lat' dir='ltr'><strong>serunt</strong></span> <span class='ocrx_word' id='word_1_395' title='bbox 2182 2684 2289 2738; x_wconf 87' lang='lat' dir='ltr'><strong>quo</strong></span> <span class='ocrx_word' id='word_1_396' title='bbox 2341 2669 2394 2722; x_wconf 89' lang='lat' dir='ltr'><strong>in</strong></span> <span class='ocrx_word' id='word_1_397' title='bbox 2443 2668 2760 2722; x_wconf 84' lang='lat' dir='ltr'><strong>discrimine</strong></span> <span class='ocrx_word' id='word_1_398' title='bbox 2809 2667 2969 2736; x_wconf 91' lang='lat' dir='ltr'><strong>positi</strong></span> <span class='ocrx_word' id='word_1_399' title='bbox 2992 2673 3194 2720; x_wconf 88' lang='lat' dir='ltr'><strong>essent.</strong></span> <span class='ocrx_word' id='word_1_400' title='bbox 3240 2664 3307 2718; x_wconf 82' lang='lat' dir='ltr'><strong>At</strong></span> <span class='ocrx_word' id='word_1_401' title='bbox 3352 2664 3525 2717; x_wconf 85' lang='lat' dir='ltr'><strong>Cbos-</strong></span> 
     </span>
    </p>
   </div>
   <div class='ocr_carea' id='block_1_59' title="bbox 1964 2757 3527 2826">
    <p class='ocr_par' dir='ltr' id='par_1_59' title="bbox 1964 2757 3527 2826">
     <span class='ocr_line' id='line_1_59' title="bbox 1964 2757 3527 2826; baseline -0.002 -16"><span class='ocrx_word' id='word_1_402' title='bbox 1964 2774 2103 2821; x_wconf 80' lang='lat' dir='ltr'><strong>roes,</strong></span> <span class='ocrx_word' id='word_1_403' title='bbox 2161 2759 2316 2826; x_wconf 88' lang='lat' dir='ltr'><strong>quasi</strong></span> <span class='ocrx_word' id='word_1_404' title='bbox 2367 2757 2571 2812; x_wconf 68' lang='lat' dir='ltr'><strong>divina:</strong></span> <span class='ocrx_word' id='word_1_405' title='bbox 2605 2757 2863 2825; x_wconf 74' lang='lat' dir='ltr'><strong>potentiae</strong></span> <span class='ocrx_word' id='word_1_406' title='bbox 2896 2772 3012 2809; x_wconf 83' lang='lat' dir='ltr'><strong>sese</strong></span> <span class='ocrx_word' id='word_1_407' title='bbox 3042 2771 3341 2824; x_wconf 88' lang='lat' dir='ltr'><strong>opponens.</strong></span> <span class='ocrx_word' id='word_1_408' title='bbox 3374 2769 3527 2822; x_wconf 64' lang='lat' dir='ltr'><strong>aqum</strong></span> 
     </span>
    </p>
   </div>
   <div class='ocr_carea' id='block_1_60' title="bbox 1962 2844 3525 2917">
    <p class='ocr_par' dir='ltr' id='par_1_60' title="bbox 1962 2844 3525 2917">
     <span class='ocr_line' id='line_1_60' title="bbox 1962 2844 3525 2917; baseline -0.004 -16"><span class='ocrx_word' id='word_1_409' title='bbox 1962 2848 2157 2901; x_wconf 85' lang='lat' dir='ltr'><strong>ductus</strong></span> <span class='ocrx_word' id='word_1_410' title='bbox 2190 2862 2380 2900; x_wconf 90' lang='lat' dir='ltr'><strong>omnes</strong></span> <span class='ocrx_word' id='word_1_411' title='bbox 2410 2847 2501 2917; x_wconf 90' lang='lat' dir='ltr'><strong>qui</strong></span> <span class='ocrx_word' id='word_1_412' title='bbox 2536 2858 2686 2901; x_wconf 75' lang='lat' dir='ltr'><strong>extra</strong></span> <span class='ocrx_word' id='word_1_413' title='bbox 2717 2847 2992 2901; x_wconf 73' lang='lat' dir='ltr'><strong>civitatem</strong></span> <span class='ocrx_word' id='word_1_414' title='bbox 3035 2852 3209 2905; x_wconf 90' lang='lat' dir='ltr'><strong>erant,</strong></span> <span class='ocrx_word' id='word_1_415' title='bbox 3247 2844 3300 2895; x_wconf 90' lang='lat' dir='ltr'><strong>in</strong></span> <span class='ocrx_word' id='word_1_416' title='bbox 3337 2859 3525 2912; x_wconf 88' lang='lat' dir='ltr'><strong>rogum</strong></span> 
     </span>
    </p>
   </div>
   <div class='ocr_carea' id='block_1_61' title="bbox 1962 2933 3528 3007">
    <p class='ocr_par' dir='ltr' id='par_1_61' title="bbox 1962 2933 3528 3007">
     <span class='ocr_line' id='line_1_61' title="bbox 1962 2933 3528 3007; baseline -0.006 -14"><span class='ocrx_word' id='word_1_417' title='bbox 1962 2940 2234 3001; x_wconf 78' lang='lat' dir='ltr'><strong>derivans,</strong></span> <span class='ocrx_word' id='word_1_418' title='bbox 2266 2954 2391 2992; x_wconf 89' lang='lat' dir='ltr'><strong>eum</strong></span> <span class='ocrx_word' id='word_1_419' title='bbox 2429 2938 2770 3007; x_wconf 84' lang='lat' dir='ltr'><strong>restinguere</strong></span> <span class='ocrx_word' id='word_1_420' title='bbox 2807 2944 3033 2989; x_wconf 85' lang='lat' dir='ltr'><strong>conatus</strong></span> <span class='ocrx_word' id='word_1_421' title='bbox 3078 2943 3181 2987; x_wconf 89' lang='lat' dir='ltr'><strong>est.</strong></span> <span class='ocrx_word' id='word_1_422' title='bbox 3218 2933 3323 2986; x_wconf 80' lang='lat' dir='ltr'><strong>Sed</strong></span> <span class='ocrx_word' id='word_1_423' title='bbox 3370 2949 3528 3001; x_wconf 86' lang='lat' dir='ltr'><strong>rogus</strong></span> 
     </span>
    </p>
   </div>
   <div class='ocr_carea' id='block_1_62' title="bbox 1963 3023 3529 3100">
    <p class='ocr_par' dir='ltr' id='par_1_62' title="bbox 1963 3023 3529 3100">
     <span class='ocr_line' id='line_1_62' title="bbox 1963 3023 3529 3100; baseline -0.007 -16"><span class='ocrx_word' id='word_1_424' title='bbox 1963 3046 2155 3100; x_wconf 86' lang='lat' dir='ltr'><strong>aquam</strong></span> <span class='ocrx_word' id='word_1_425' title='bbox 2172 3031 2289 3084; x_wconf 84' lang='lat' dir='ltr'><strong>vice</strong></span> <span class='ocrx_word' id='word_1_426' title='bbox 2321 3027 2881 3096; x_wconf 80' lang='lat' dir='ltr'><strong>olei,autsuipliuris,</strong></span> <span class='ocrx_word' id='word_1_427' title='bbox 2912 3035 3005 3079; x_wconf 89' lang='lat' dir='ltr'><strong>aut</strong></span> <span class='ocrx_word' id='word_1_428' title='bbox 3027 3025 3252 3078; x_wconf 88' lang='lat' dir='ltr'><strong>alterius</strong></span> <span class='ocrx_word' id='word_1_429' title='bbox 3286 3023 3529 3076; x_wconf 67' lang='lat' dir='ltr'><strong>materiae</strong></span> 
     </span>
    </p>
   </div>
   <div class='ocr_carea' id='block_1_63' title="bbox 285 3116 1862 3203">
    <p class='ocr_par' dir='ltr' id='par_1_63' title="bbox 285 3128 1859 3203">
     <span class='ocr_line' id='line_1_63' title="bbox 285 3128 1859 3203; baseline -0.004 -17"><span class='ocrx_word' id='word_1_430' title='bbox 285 3148 415 3203; x_wconf 81' lang='grc' dir='ltr'>χρις</span> <span class='ocrx_word' id='word_1_431' title='bbox 465 3129 532 3185; x_wconf 83' lang='grc' dir='ltr'>ἂν</span> <span class='ocrx_word' id='word_1_432' title='bbox 570 3131 629 3185; x_wconf 84' lang='grc' dir='ltr'>τὸ</span> <span class='ocrx_word' id='word_1_433' title='bbox 674 3130 782 3185; x_wconf 83' lang='grc' dir='ltr'>πᾶν</span> <span class='ocrx_word' id='word_1_434' title='bbox 824 3131 1135 3202; x_wconf 79' lang='grc' dir='ltr'>κατήγαγεν</span> <span class='ocrx_word' id='word_1_435' title='bbox 1179 3129 1359 3199; x_wconf 85' lang='grc' dir='ltr'>χῶμα,</span> <span class='ocrx_word' id='word_1_436' title='bbox 1401 3129 1495 3181; x_wconf 75' lang='grc' dir='ltr'>καὶ</span> <span class='ocrx_word' id='word_1_437' title='bbox 1548 3129 1730 3180; x_wconf 80' lang='grc' dir='ltr'>τέλεον</span> <span class='ocrx_word' id='word_1_438' title='bbox 1763 3128 1859 3196; x_wconf 82' lang='grc' dir='ltr'>τὴν</span> 
     </span>
    </p>
   </div>
   <div class='ocr_carea' id='block_1_64' title="bbox 1967 3116 3531 3203">
    <p class='ocr_par' dir='ltr' id='par_1_64' title="bbox 1967 3116 3531 3191">
     <span class='ocr_line' id='line_1_64' title="bbox 1967 3116 3531 3191; baseline -0.006 -15"><span class='ocrx_word' id='word_1_439' title='bbox 1967 3139 2083 3191; x_wconf 69' lang='lat' dir='ltr'><strong>qum</strong></span> <span class='ocrx_word' id='word_1_440' title='bbox 2110 3123 2379 3176; x_wconf 88' lang='lat' dir='ltr'><strong>ﬂammam</strong></span> <span class='ocrx_word' id='word_1_441' title='bbox 2411 3122 2558 3174; x_wconf 90' lang='lat' dir='ltr'><strong>alere</strong></span> <span class='ocrx_word' id='word_1_442' title='bbox 2587 3122 2744 3183; x_wconf 87' lang='lat' dir='ltr'><strong>solet,</strong></span> <span class='ocrx_word' id='word_1_443' title='bbox 2764 3119 3079 3180; x_wconf 87' lang='lat' dir='ltr'><strong>admittens,</strong></span> <span class='ocrx_word' id='word_1_444' title='bbox 3122 3117 3291 3185; x_wconf 83' lang='lat' dir='ltr'><strong>magis</strong></span> <span class='ocrx_word' id='word_1_445' title='bbox 3334 3116 3531 3183; x_wconf 59' lang='lat' dir='ltr'><strong>magis-</strong></span> 
     </span>
    </p>
   </div>
   <div class='ocr_carea' id='block_1_65' title="bbox 284 3214 1858 3293">
    <p class='ocr_par' dir='ltr' id='par_1_65' title="bbox 284 3214 1858 3293">
     <span class='ocr_line' id='line_1_65' title="bbox 284 3214 1858 3293; baseline -0.004 -19"><span class='ocrx_word' id='word_1_446' title='bbox 284 3221 535 3289; x_wconf 77' lang='grc' dir='ltr'>ἀγέσταν</span> <span class='ocrx_word' id='word_1_447' title='bbox 573 3221 956 3293; x_wconf 80' lang='grc' dir='ltr'>ἁπετέφρωσε.</span> <span class='ocrx_word' id='word_1_448' title='bbox 1007 3221 1139 3273; x_wconf 83' lang='grc' dir='ltr'>Τότε</span> <span class='ocrx_word' id='word_1_449' title='bbox 1162 3220 1208 3272; x_wconf 88' lang='grc' dir='ltr'>δ’</span> <span class='ocrx_word' id='word_1_450' title='bbox 1248 3214 1344 3271; x_wconf 80' lang='grc' dir='ltr'><strong>οὖν</strong></span> <span class='ocrx_word' id='word_1_451' title='bbox 1378 3220 1405 3270; x_wconf 81' lang='grc' dir='ltr'>ὁ</span> <span class='ocrx_word' id='word_1_452' title='bbox 1435 3218 1682 3286; x_wconf 82' lang='grc' dir='ltr'>Χοσρόης</span> <span class='ocrx_word' id='word_1_453' title='bbox 1713 3216 1858 3268; x_wconf 80' lang='grc' dir='ltr'><strong>ἁπά-</strong></span> 
     </span>
    </p>
   </div>
   <div class='ocr_carea' id='block_1_66' title="bbox 286 3306 1860 3381">
    <p class='ocr_par' dir='ltr' id='par_1_66' title="bbox 286 3306 1860 3381">
     <span class='ocr_line' id='line_1_66' title="bbox 286 3306 1860 3381; baseline -0.005 -14"><span class='ocrx_word' id='word_1_454' title='bbox 286 3330 413 3375; x_wconf 81' lang='grc' dir='ltr'>σαις</span> <span class='ocrx_word' id='word_1_455' title='bbox 462 3315 583 3376; x_wconf 81' lang='grc' dir='ltr'>ταῖς</span> <span class='ocrx_word' id='word_1_456' title='bbox 642 3313 855 3365; x_wconf 76' lang='grc' dir='ltr'>ἐλπίσιν</span> <span class='ocrx_word' id='word_1_457' title='bbox 914 3309 1254 3381; x_wconf 82' lang='grc' dir='ltr'>ἀπειρηκὼς,</span> <span class='ocrx_word' id='word_1_458' title='bbox 1296 3309 1390 3361; x_wconf 72' lang='grc' dir='ltr'>καὶ</span> <span class='ocrx_word' id='word_1_459' title='bbox 1427 3307 1515 3360; x_wconf 84' lang='grc' dir='ltr'>διὰ</span> <span class='ocrx_word' id='word_1_460' title='bbox 1540 3306 1651 3359; x_wconf 87' lang='grc' dir='ltr'><strong>τῶν</strong></span> <span class='ocrx_word' id='word_1_461' title='bbox 1686 3307 1860 3375; x_wconf 78' lang='grc' dir='ltr'>ἔργων</span> 
     </span>
    </p>
   </div>
   <div class='ocr_carea' id='block_1_67' title="bbox 288 3399 1859 3472">
    <p class='ocr_par' dir='ltr' id='par_1_67' title="bbox 288 3399 1859 3472">
     <span class='ocr_line' id='line_1_67' title="bbox 288 3399 1859 3472; baseline -0.004 -15"><span class='ocrx_word' id='word_1_462' title='bbox 288 3404 572 3472; x_wconf 64' lang='grc' dir='ltr'>ἐγνωκὼς,</span> <span class='ocrx_word' id='word_1_463' title='bbox 635 3404 711 3468; x_wconf 82' lang='grc' dir='ltr'>ὡς</span> <span class='ocrx_word' id='word_1_464' title='bbox 772 3403 975 3472; x_wconf 85' lang='grc' dir='ltr'>πολλὴν</span> <span class='ocrx_word' id='word_1_465' title='bbox 1044 3400 1252 3471; x_wconf 74' lang='grc' dir='ltr'>ὤφελεν</span> <span class='ocrx_word' id='word_1_466' title='bbox 1332 3399 1639 3469; x_wconf 81' lang='grc' dir='ltr'>αἰσχύνην,</span> <span class='ocrx_word' id='word_1_467' title='bbox 1725 3400 1859 3451; x_wconf 82' lang='grc' dir='ltr'>ὐπο-</span> 
     </span>
    </p>
   </div>
   <div class='ocr_carea' id='block_1_68' title="bbox 285 3489 1861 3563">
    <p class='ocr_par' dir='ltr' id='par_1_68' title="bbox 285 3489 1861 3563">
     <span class='ocr_line' id='line_1_68' title="bbox 285 3489 1861 3563; baseline -0.004 -16"><span class='ocrx_word' id='word_1_468' title='bbox 285 3496 538 3562; x_wconf 85' lang='grc' dir='ltr'>τοπήσας</span> <span class='ocrx_word' id='word_1_469' title='bbox 588 3494 684 3547; x_wconf 82' lang='grc' dir='ltr'>τοῦ</span> <span class='ocrx_word' id='word_1_470' title='bbox 716 3494 852 3563; x_wconf 79' lang='grc' dir='ltr'>πρὸς</span> <span class='ocrx_word' id='word_1_471' title='bbox 880 3492 1037 3563; x_wconf 79' lang='grc' dir='ltr'>ἡμῶν</span> <span class='ocrx_word' id='word_1_472' title='bbox 1065 3491 1499 3561; x_wconf 87' lang='grc' dir='ltr'>πρεσϐευομένου</span> <span class='ocrx_word' id='word_1_473' title='bbox 1536 3489 1670 3543; x_wconf 79' lang='grc' dir='ltr'>Θεοῦ</span> <span class='ocrx_word' id='word_1_474' title='bbox 1704 3506 1861 3558; x_wconf 83' lang='grc' dir='ltr'>περι-</span> 
     </span>
    </p>
   </div>
   <div class='ocr_carea' id='block_1_69' title="bbox 288 3579 1863 3651">
    <p class='ocr_par' dir='ltr' id='par_1_69' title="bbox 288 3579 1863 3651">
     <span class='ocr_line' id='line_1_69' title="bbox 288 3579 1863 3651; baseline -0.006 -14"><span class='ocrx_word' id='word_1_475' title='bbox 288 3583 542 3650; x_wconf 78' lang='grc' dir='ltr'>έσεσθαι,</span> <span class='ocrx_word' id='word_1_476' title='bbox 576 3584 671 3635; x_wconf 72' lang='grc' dir='ltr'><strong>ἐπὶ</strong></span> <span class='ocrx_word' id='word_1_477' title='bbox 699 3583 767 3636; x_wconf 84' lang='grc' dir='ltr'><strong>τὰ</strong></span> <span class='ocrx_word' id='word_1_478' title='bbox 822 3583 1058 3651; x_wconf 81' lang='grc' dir='ltr'>σφέτερα</span> <span class='ocrx_word' id='word_1_479' title='bbox 1098 3579 1196 3649; x_wconf 78' lang='grc' dir='ltr'>τὴν</span> <span class='ocrx_word' id='word_1_480' title='bbox 1234 3579 1601 3651; x_wconf 83' lang='grc' dir='ltr'>ἀποπόρευσιν</span> <span class='ocrx_word' id='word_1_481' title='bbox 1632 3579 1863 3631; x_wconf 81' lang='grc' dir='ltr'>ἐποιεῖτο</span> 
     </span>
    </p>
   </div>
   <div class='ocr_carea' id='block_1_70' title="bbox 284 3674 1681 3737">
    <p class='ocr_par' dir='ltr' id='par_1_70' title="bbox 284 3674 1681 3737">
     <span class='ocr_line' id='line_1_70' title="bbox 284 3674 1681 3737; baseline -0.006 -8"><span class='ocrx_word' id='word_1_482' title='bbox 284 3674 523 3737; x_wconf 72' lang='grc' dir='ltr'>ἀκλεῶς.</span> <span class='ocrx_word' id='word_1_483' title='bbox 1675 3676 1681 3681; x_wconf 85' lang='grc'><em>”</em></span> 
     </span>
    </p>
   </div>
   <div class='ocr_carea' id='block_1_71' title="bbox 852 3863 1294 3919">
    <p class='ocr_par' dir='ltr' id='par_1_71' title="bbox 852 3863 1294 3919">
     <span class='ocr_line' id='line_1_71' title="bbox 852 3863 1294 3919; baseline -0.009 0"><span class='ocrx_word' id='word_1_484' title='bbox 852 3865 1106 3919; x_wconf 78' lang='grc' dir='ltr'><strong>ΚΕΦΛΛ.</strong></span> <span class='ocrx_word' id='word_1_485' title='bbox 1158 3863 1272 3916; x_wconf 77' lang='lat' dir='ltr'><strong>KH’</strong></span> <span class='ocrx_word' id='word_1_486' title='bbox 1283 3902 1294 3915; x_wconf 93' lang='lat'><strong>.</strong></span> 
     </span>
    </p>
   </div>
   <div class='ocr_carea' id='block_1_72' title="bbox 286 3935 1859 4028">
    <p class='ocr_par' dir='ltr' id='par_1_72' title="bbox 286 3935 1859 4028">
     <span class='ocr_line' id='line_1_72' title="bbox 286 3935 1859 4028; baseline -0.007 -14"><span class='ocrx_word' id='word_1_487' title='bbox 286 3958 432 4028; x_wconf 75' lang='lat' dir='ltr'><strong>napi</strong></span> <span class='ocrx_word' id='word_1_488' title='bbox 462 3957 574 4013; x_wconf 82' lang='grc' dir='ltr'>τοῦ</span> <span class='ocrx_word' id='word_1_489' title='bbox 602 3957 921 4028; x_wconf 67' lang='grc' dir='ltr'>γεγονότος</span> <span class='ocrx_word' id='word_1_490' title='bbox 947 3955 1018 4009; x_wconf 80' lang='grc' dir='ltr'><strong>ἐν</strong></span> <span class='ocrx_word' id='word_1_491' title='bbox 1049 3935 1298 4023; x_wconf 73' lang='grc' dir='ltr'>Σεργίοὺ</span> <span class='ocrx_word' id='word_1_492' title='bbox 1341 3951 1512 4005; x_wconf 80' lang='grc' dir='ltr'>πόλει</span> <span class='ocrx_word' id='word_1_493' title='bbox 1539 3950 1859 4019; x_wconf 82' lang='grc' dir='ltr'>θαύματος.</span> 
     </span>
    </p>
   </div>
   <div class='ocr_carea' id='block_1_73' title="bbox 357 4058 1860 4132">
    <p class='ocr_par' dir='ltr' id='par_1_73' title="bbox 357 4058 1860 4132">
     <span class='ocr_line' id='line_1_73' title="bbox 357 4058 1860 4132; baseline -0.008 -9"><span class='ocrx_word' id='word_1_494' title='bbox 357 4066 651 4132; x_wconf 82' lang='grc' dir='ltr'>Λελέξεται</span> <span class='ocrx_word' id='word_1_495' title='bbox 684 4067 743 4120; x_wconf 81' lang='grc' dir='ltr'>δὲ</span> <span class='ocrx_word' id='word_1_496' title='bbox 777 4065 874 4121; x_wconf 79' lang='grc' dir='ltr'>καὶ</span> <span class='ocrx_word' id='word_1_497' title='bbox 902 4065 931 4118; x_wconf 84' lang='grc' dir='ltr'>ὃ</span> <span class='ocrx_word' id='word_1_498' title='bbox 973 4064 1114 4118; x_wconf 83' lang='grc' dir='ltr'>κατὰ</span> <span class='ocrx_word' id='word_1_499' title='bbox 1144 4063 1241 4132; x_wconf 83' lang='grc' dir='ltr'>τὴν</span> <span class='ocrx_word' id='word_1_500' title='bbox 1272 4061 1495 4131; x_wconf 85' lang='grc' dir='ltr'>Σεργίου</span> <span class='ocrx_word' id='word_1_501' title='bbox 1521 4059 1754 4115; x_wconf 75' lang='grc' dir='ltr'>πολιτῶν</span> <span class='ocrx_word' id='word_1_502' title='bbox 1782 4058 1860 4130; x_wconf 72' lang='lat' dir='ltr'><strong>(.r.)</strong></span> 
     </span>
    </p>
   </div>
   <div class='ocr_carea' id='block_1_74' title="bbox 284 4148 1861 4227">
    <p class='ocr_par' dir='ltr' id='par_1_74' title="bbox 284 4148 1861 4227">
     <span class='ocr_line' id='line_1_74' title="bbox 284 4148 1861 4227; baseline -0.006 -17"><span class='ocrx_word' id='word_1_503' title='bbox 284 4159 479 4211; x_wconf 77' lang='grc' dir='ltr'>ἄλλοτε</span> <span class='ocrx_word' id='word_1_504' title='bbox 504 4156 609 4209; x_wconf 71' lang='grc' dir='ltr'>ὑπὸ</span> <span class='ocrx_word' id='word_1_505' title='bbox 634 4155 875 4227; x_wconf 84' lang='grc' dir='ltr'>Χοσρόου</span> <span class='ocrx_word' id='word_1_506' title='bbox 897 4154 1140 4224; x_wconf 85' lang='grc' dir='ltr'>γέγονεν,</span> <span class='ocrx_word' id='word_1_507' title='bbox 1159 4153 1282 4205; x_wconf 73' lang='grc' dir='ltr'>ἐπεὶ</span> <span class='ocrx_word' id='word_1_508' title='bbox 1307 4153 1400 4204; x_wconf 71' lang='grc' dir='ltr'>καὶ</span> <span class='ocrx_word' id='word_1_509' title='bbox 1428 4148 1706 4216; x_wconf 82' lang='grc' dir='ltr'>ἀξιόλογόν</span> <span class='ocrx_word' id='word_1_510' title='bbox 1727 4151 1861 4211; x_wconf 71' lang='grc' dir='ltr'>ἐστι,</span> 
     </span>
    </p>
   </div>
   <div class='ocr_carea' id='block_1_75' title="bbox 285 4241 1863 4320">
    <p class='ocr_par' dir='ltr' id='par_1_75' title="bbox 285 4241 1863 4320">
     <span class='ocr_line' id='line_1_75' title="bbox 285 4241 1863 4320; baseline -0.006 -17"><span class='ocrx_word' id='word_1_511' title='bbox 285 4250 384 4303; x_wconf 63' lang='grc' dir='ltr'><strong>καλ⁸</strong></span> <span class='ocrx_word' id='word_1_512' title='bbox 417 4248 627 4320; x_wconf 81' lang='grc' dir='ltr'>πρέπον</span> <span class='ocrx_word' id='word_1_513' title='bbox 657 4247 827 4310; x_wconf 78' lang='grc' dir='ltr'>ὅντως</span> <span class='ocrx_word' id='word_1_514' title='bbox 863 4246 1054 4317; x_wconf 77' lang='grc' dir='ltr'>μνήμῃ</span> <span class='ocrx_word' id='word_1_515' title='bbox 1090 4246 1145 4306; x_wconf 82' lang='grc' dir='ltr'>ὲς</span> <span class='ocrx_word' id='word_1_516' title='bbox 1182 4244 1268 4295; x_wconf 75' lang='grc' dir='ltr'><strong>ἀεὶ</strong></span> <span class='ocrx_word' id='word_1_517' title='bbox 1298 4241 1694 4314; x_wconf 76' lang='grc' dir='ltr'>διασωζομένῃ.</span> <span class='ocrx_word' id='word_1_518' title='bbox 1734 4242 1863 4294; x_wconf 89' lang='grc' dir='ltr'><strong>Ἐπ-</strong></span> 
     </span>
    </p>
   </div>
   <div class='ocr_carea' id='block_1_76' title="bbox 287 4333 1864 4411">
    <p class='ocr_par' dir='ltr' id='par_1_76' title="bbox 287 4333 1864 4411">
     <span class='ocr_line' id='line_1_76' title="bbox 287 4333 1864 4411; baseline -0.006 -16"><span class='ocrx_word' id='word_1_519' title='bbox 287 4342 424 4411; x_wconf 80' lang='grc' dir='ltr'>ἑστη</span> <span class='ocrx_word' id='word_1_520' title='bbox 452 4339 740 4410; x_wconf 72' lang='grc' dir='ltr'>καὶταύτῃ</span> <span class='ocrx_word' id='word_1_521' title='bbox 771 4339 799 4390; x_wconf 84' lang='grc' dir='ltr'>ὁ</span> <span class='ocrx_word' id='word_1_522' title='bbox 827 4338 1095 4409; x_wconf 82' lang='grc' dir='ltr'>Χοσρόης,</span> <span class='ocrx_word' id='word_1_523' title='bbox 1125 4334 1497 4404; x_wconf 76' lang='grc' dir='ltr'>ἐκπολιορκεῖν</span> <span class='ocrx_word' id='word_1_524' title='bbox 1527 4333 1695 4404; x_wconf 76' lang='grc' dir='ltr'>αὐτὴν</span> <span class='ocrx_word' id='word_1_525' title='bbox 1717 4335 1864 4386; x_wconf 78' lang='grc' dir='ltr'>ἐπει-</span> 
     </span>
    </p>
   </div>
   <div class='ocr_carea' id='block_1_77' title="bbox 1961 3200 3529 3282">
    <p class='ocr_par' dir='ltr' id='par_1_77' title="bbox 1961 3200 3529 3282">
     <span class='ocr_line' id='line_1_77' title="bbox 1961 3200 3529 3282; baseline -0.004 -18"><span class='ocrx_word' id='word_1_526' title='bbox 1961 3228 2067 3282; x_wconf 88' lang='lat' dir='ltr'><strong>que</strong></span> <span class='ocrx_word' id='word_1_527' title='bbox 2121 3212 2536 3277; x_wconf 87' lang='lat' dir='ltr'><strong>incendebatur,</strong></span> <span class='ocrx_word' id='word_1_528' title='bbox 2559 3211 2914 3279; x_wconf 77' lang='lat' dir='ltr'><strong>qubadusque</strong></span> <span class='ocrx_word' id='word_1_529' title='bbox 2940 3221 3190 3278; x_wconf 77' lang='lat' dir='ltr'><strong>aggerem</strong></span> <span class='ocrx_word' id='word_1_530' title='bbox 3217 3200 3529 3260; x_wconf 63' lang='lat' dir='ltr'><strong>universum</strong></span> 
     </span>
    </p>
   </div>
   <div class='ocr_carea' id='block_1_78' title="bbox 1962 3296 3532 3372">
    <p class='ocr_par' dir='ltr' id='par_1_78' title="bbox 1962 3296 3532 3372">
     <span class='ocr_line' id='line_1_78' title="bbox 1962 3296 3532 3372; baseline -0.006 -15"><span class='ocrx_word' id='word_1_531' title='bbox 1962 3302 2353 3372; x_wconf 70' lang='lat' dir='ltr'><strong>pessumdedit,</strong></span> <span class='ocrx_word' id='word_1_532' title='bbox 2388 3310 2441 3357; x_wconf 91' lang='lat' dir='ltr'><strong>et</strong></span> <span class='ocrx_word' id='word_1_533' title='bbox 2466 3302 2519 3354; x_wconf 91' lang='lat' dir='ltr'><strong>in</strong></span> <span class='ocrx_word' id='word_1_534' title='bbox 2551 3300 2761 3354; x_wconf 82' lang='lat' dir='ltr'><strong>favillas</strong></span> <span class='ocrx_word' id='word_1_535' title='bbox 2794 3315 2856 3353; x_wconf 90' lang='lat' dir='ltr'><strong>ac</strong></span> <span class='ocrx_word' id='word_1_536' title='bbox 2877 3299 3095 3354; x_wconf 74' lang='lat' dir='ltr'><strong>cineres</strong></span> <span class='ocrx_word' id='word_1_537' title='bbox 3125 3298 3353 3367; x_wconf 80' lang='lat' dir='ltr'><strong>redegit.</strong></span> <span class='ocrx_word' id='word_1_538' title='bbox 3379 3296 3532 3349; x_wconf 90' lang='lat' dir='ltr'><strong>Tune</strong></span> 
     </span>
    </p>
   </div>
   <div class='ocr_carea' id='block_1_79' title="bbox 1967 3388 3534 3462">
    <p class='ocr_par' dir='ltr' id='par_1_79' title="bbox 1967 3388 3534 3462">
     <span class='ocr_line' id='line_1_79' title="bbox 1967 3388 3534 3462; baseline -0.004 -17"><span class='ocrx_word' id='word_1_539' title='bbox 1967 3394 2133 3462; x_wconf 87' lang='lat' dir='ltr'><strong>igitur</strong></span> <span class='ocrx_word' id='word_1_540' title='bbox 2198 3393 2474 3447; x_wconf 89' lang='lat' dir='ltr'><strong>Chosroes</strong></span> <span class='ocrx_word' id='word_1_541' title='bbox 2516 3394 2758 3446; x_wconf 90' lang='lat' dir='ltr'><strong>animum</strong></span> <span class='ocrx_word' id='word_1_542' title='bbox 2810 3390 3029 3460; x_wconf 88' lang='lat' dir='ltr'><strong>penitus</strong></span> <span class='ocrx_word' id='word_1_543' title='bbox 3069 3388 3434 3456; x_wconf 87' lang='lat' dir='ltr'><strong>despondeus,</strong></span> <span class='ocrx_word' id='word_1_544' title='bbox 3478 3398 3534 3439; x_wconf 86' lang='lat' dir='ltr'><strong>et</strong></span> 
     </span>
    </p>
   </div>
   <div class='ocr_carea' id='block_1_80' title="bbox 1961 3476 3534 3552">
    <p class='ocr_par' dir='ltr' id='par_1_80' title="bbox 1961 3476 3534 3552">
     <span class='ocr_line' id='line_1_80' title="bbox 1961 3476 3534 3552; baseline -0.006 -15"><span class='ocrx_word' id='word_1_545' title='bbox 1961 3485 2334 3552; x_wconf 81' lang='lat' dir='ltr'><strong>experimento</strong></span> <span class='ocrx_word' id='word_1_546' title='bbox 2389 3484 2507 3552; x_wconf 92' lang='lat' dir='ltr'><strong>ipso</strong></span> <span class='ocrx_word' id='word_1_547' title='bbox 2555 3476 2869 3551; x_wconf 79' lang='lat' dir='ltr'><strong>intelligens</strong></span> <span class='ocrx_word' id='word_1_548' title='bbox 2921 3494 3175 3549; x_wconf 88' lang='lat' dir='ltr'><strong>magnum</strong></span> <span class='ocrx_word' id='word_1_549' title='bbox 3210 3493 3266 3530; x_wconf 81' lang='lat' dir='ltr'><strong>se</strong></span> <span class='ocrx_word' id='word_1_550' title='bbox 3295 3477 3534 3531; x_wconf 81' lang='lat' dir='ltr'><strong>dedecus</strong></span> 
     </span>
    </p>
   </div>
   <div class='ocr_carea' id='block_1_81' title="bbox 1964 3568 3535 3643">
    <p class='ocr_par' dir='ltr' id='par_1_81' title="bbox 1964 3568 3535 3643">
     <span class='ocr_line' id='line_1_81' title="bbox 1964 3568 3535 3643; baseline -0.006 -16"><span class='ocrx_word' id='word_1_551' title='bbox 1964 3576 2235 3639; x_wconf 80' lang='lat' dir='ltr'><strong>retulisse,</strong></span> <span class='ocrx_word' id='word_1_552' title='bbox 2260 3575 2356 3643; x_wconf 88' lang='lat' dir='ltr'><strong>qui</strong></span> <span class='ocrx_word' id='word_1_553' title='bbox 2403 3581 2679 3643; x_wconf 85' lang='lat' dir='ltr'><strong>sperasset</strong></span> <span class='ocrx_word' id='word_1_554' title='bbox 2720 3588 2778 3627; x_wconf 91' lang='lat' dir='ltr'><strong>se</strong></span> <span class='ocrx_word' id='word_1_555' title='bbox 2825 3573 2936 3625; x_wconf 91' lang='lat' dir='ltr'><strong>Deo</strong></span> <span class='ocrx_word' id='word_1_556' title='bbox 2966 3585 3128 3639; x_wconf 90' lang='lat' dir='ltr'><strong>quem</strong></span> <span class='ocrx_word' id='word_1_557' title='bbox 3172 3583 3273 3622; x_wconf 91' lang='lat' dir='ltr'><strong>nos</strong></span> <span class='ocrx_word' id='word_1_558' title='bbox 3304 3568 3535 3621; x_wconf 89' lang='lat' dir='ltr'><strong>colimus</strong></span> 
     </span>
    </p>
   </div>
   <div class='ocr_carea' id='block_1_82' title="bbox 1962 3660 3531 3735">
    <p class='ocr_par' dir='ltr' id='par_1_82' title="bbox 1962 3660 3531 3735">
     <span class='ocr_line' id='line_1_82' title="bbox 1962 3660 3531 3735; baseline -0.007 -15"><span class='ocrx_word' id='word_1_559' title='bbox 1962 3667 2299 3735; x_wconf 84' lang='lat' dir='ltr'><strong>superiorem</strong></span> <span class='ocrx_word' id='word_1_560' title='bbox 2332 3665 2598 3728; x_wconf 89' lang='lat' dir='ltr'><strong>futurum,</strong></span> <span class='ocrx_word' id='word_1_561' title='bbox 2645 3679 2771 3718; x_wconf 91' lang='lat' dir='ltr'><strong>cum</strong></span> <span class='ocrx_word' id='word_1_562' title='bbox 2818 3661 3116 3733; x_wconf 88' lang='lat' dir='ltr'><strong>ignominia</strong></span> <span class='ocrx_word' id='word_1_563' title='bbox 3161 3660 3214 3713; x_wconf 90' lang='lat' dir='ltr'><strong>in</strong></span> <span class='ocrx_word' id='word_1_564' title='bbox 3254 3660 3531 3727; x_wconf 79' lang='lat' dir='ltr'><strong>regionem</strong></span> 
     </span>
    </p>
   </div>
   <div class='ocr_carea' id='block_1_83' title="bbox 1962 3765 2554 3811">
    <p class='ocr_par' dir='ltr' id='par_1_83' title="bbox 1962 3765 2554 3811">
     <span class='ocr_line' id='line_1_83' title="bbox 1962 3765 2554 3811; baseline -0.002 -1"><span class='ocrx_word' id='word_1_565' title='bbox 1962 3774 2114 3810; x_wconf 87' lang='lat' dir='ltr'><strong>suam</strong></span> <span class='ocrx_word' id='word_1_566' title='bbox 2162 3771 2420 3811; x_wconf 80' lang='lat' dir='ltr'><strong>reversus</strong></span> <span class='ocrx_word' id='word_1_567' title='bbox 2450 3765 2554 3809; x_wconf 85' lang='lat' dir='ltr'><strong>est.</strong></span> 
     </span>
    </p>
   </div>
   <div class='ocr_carea' id='block_1_84' title="bbox 2530 3867 2970 3923">
    <p class='ocr_par' dir='ltr' id='par_1_84' title="bbox 2530 3867 2970 3923">
     <span class='ocr_line' id='line_1_84' title="bbox 2530 3867 2970 3923; baseline -0.009 0"><span class='ocrx_word' id='word_1_568' title='bbox 2530 3869 2678 3923; x_wconf 78' lang='lat' dir='ltr'><strong>CAP.</strong></span> <span class='ocrx_word' id='word_1_569' title='bbox 2738 3867 2970 3921; x_wconf 82' lang='lat' dir='ltr'><strong>XXVIII.</strong></span> 
     </span>
    </p>
   </div>
   <div class='ocr_carea' id='block_1_85' title="bbox 2136 3952 3348 4045">
    <p class='ocr_par' dir='ltr' id='par_1_85' title="bbox 2136 3952 3348 4045">
     <span class='ocr_line' id='line_1_85' title="bbox 2136 3952 3348 4045; baseline -0.006 -33"><span class='ocrx_word' id='word_1_570' title='bbox 2136 3959 2212 4011; x_wconf 86' lang='lat' dir='ltr'><strong>De</strong></span> <span class='ocrx_word' id='word_1_571' title='bbox 2248 3957 2506 4045; x_wconf 69' lang='lat' dir='ltr'><strong>miraculo</strong></span> <span class='ocrx_word' id='word_1_572' title='bbox 2534 3957 2671 4028; x_wconf 84' lang='lat' dir='ltr'><strong>quod</strong></span> <span class='ocrx_word' id='word_1_573' title='bbox 2703 3957 2901 4026; x_wconf 77' lang='lat' dir='ltr'><strong>factum</strong></span> <span class='ocrx_word' id='word_1_574' title='bbox 2932 3962 3007 4008; x_wconf 77' lang='lat' dir='ltr'><strong>est</strong></span> <span class='ocrx_word' id='word_1_575' title='bbox 3040 3952 3348 4024; x_wconf 81' lang='lat' dir='ltr'><strong>Sergiopoli.</strong></span> 
     </span>
    </p>
   </div>
   <div class='ocr_carea' id='block_1_86' title="bbox 2033 4062 3531 4139">
    <p class='ocr_par' dir='ltr' id='par_1_86' title="bbox 2033 4062 3531 4139">
     <span class='ocr_line' id='line_1_86' title="bbox 2033 4062 3531 4139; baseline -0.005 -16"><span class='ocrx_word' id='word_1_576' title='bbox 2033 4068 2285 4124; x_wconf 82' lang='lat' dir='ltr'><strong>Referam</strong></span> <span class='ocrx_word' id='word_1_577' title='bbox 2319 4085 2467 4124; x_wconf 89' lang='lat' dir='ltr'><strong>nunc</strong></span> <span class='ocrx_word' id='word_1_578' title='bbox 2495 4069 2549 4125; x_wconf 92' lang='lat' dir='ltr'><strong>id</strong></span> <span class='ocrx_word' id='word_1_579' title='bbox 2580 4068 2726 4139; x_wconf 92' lang='lat' dir='ltr'><strong>quod</strong></span> <span class='ocrx_word' id='word_1_580' title='bbox 2763 4068 2832 4123; x_wconf 89' lang='lat' dir='ltr'><strong>ab</strong></span> <span class='ocrx_word' id='word_1_581' title='bbox 2864 4067 3056 4121; x_wconf 85' lang='lat' dir='ltr'><strong>eodem</strong></span> <span class='ocrx_word' id='word_1_582' title='bbox 3117 4064 3360 4119; x_wconf 89' lang='lat' dir='ltr'><strong>Cbosroe</strong></span> <span class='ocrx_word' id='word_1_583' title='bbox 3401 4062 3531 4116; x_wconf 88' lang='lat' dir='ltr'><strong>alibi</strong></span> 
     </span>
    </p>
   </div>
   <div class='ocr_carea' id='block_1_87' title="bbox 1962 4153 3536 4231">
    <p class='ocr_par' dir='ltr' id='par_1_87' title="bbox 1962 4153 3536 4231">
     <span class='ocr_line' id='line_1_87' title="bbox 1962 4153 3536 4231; baseline -0.006 -16"><span class='ocrx_word' id='word_1_584' title='bbox 1962 4175 2174 4231; x_wconf 84' lang='lat' dir='ltr'><strong>gestum</strong></span> <span class='ocrx_word' id='word_1_585' title='bbox 2200 4169 2284 4215; x_wconf 90' lang='lat' dir='ltr'><strong>est</strong></span> <span class='ocrx_word' id='word_1_586' title='bbox 2306 4160 2453 4216; x_wconf 90' lang='lat' dir='ltr'><strong>circa</strong></span> <span class='ocrx_word' id='word_1_587' title='bbox 2480 4160 2673 4214; x_wconf 91' lang='lat' dir='ltr'><strong>urbem</strong></span> <span class='ocrx_word' id='word_1_588' title='bbox 2705 4157 3087 4228; x_wconf 84' lang='lat' dir='ltr'><strong>Sergiopolim.</strong></span> <span class='ocrx_word' id='word_1_589' title='bbox 3124 4155 3219 4209; x_wconf 87' lang='lat' dir='ltr'><strong>Est</strong></span> <span class='ocrx_word' id='word_1_590' title='bbox 3246 4154 3391 4207; x_wconf 88' lang='lat' dir='ltr'><strong>enim</strong></span> <span class='ocrx_word' id='word_1_591' title='bbox 3421 4153 3536 4206; x_wconf 70' lang='lat' dir='ltr'><strong>exi-</strong></span> 
     </span>
    </p>
   </div>
   <div class='ocr_carea' id='block_1_88' title="bbox 1964 4243 3535 4321">
    <p class='ocr_par' dir='ltr' id='par_1_88' title="bbox 1964 4243 3535 4321">
     <span class='ocr_line' id='line_1_88' title="bbox 1964 4243 3535 4321; baseline -0.008 -14"><span class='ocrx_word' id='word_1_592' title='bbox 1964 4254 2153 4319; x_wconf 89' lang='lat' dir='ltr'><strong>mium,</strong></span> <span class='ocrx_word' id='word_1_593' title='bbox 2190 4251 2527 4321; x_wconf 85' lang='lat' dir='ltr'><strong>dignumque</strong></span> <span class='ocrx_word' id='word_1_594' title='bbox 2551 4265 2775 4320; x_wconf 89' lang='lat' dir='ltr'><strong>prorsus</strong></span> <span class='ocrx_word' id='word_1_595' title='bbox 2805 4247 2949 4317; x_wconf 88' lang='lat' dir='ltr'><strong>quod</strong></span> <span class='ocrx_word' id='word_1_596' title='bbox 2986 4245 3329 4315; x_wconf 83' lang='lat' dir='ltr'><strong>sempiternae</strong></span> <span class='ocrx_word' id='word_1_597' title='bbox 3358 4243 3535 4296; x_wconf 87' lang='lat' dir='ltr'><strong>homi-</strong></span> 
     </span>
    </p>
   </div>
   <div class='ocr_carea' id='block_1_89' title="bbox 1963 4335 3533 4405">
    <p class='ocr_par' dir='ltr' id='par_1_89' title="bbox 1963 4335 3533 4405">
     <span class='ocr_line' id='line_1_89' title="bbox 1963 4335 3533 4405; baseline -0.005 -10"><span class='ocrx_word' id='word_1_598' title='bbox 1963 4356 2095 4397; x_wconf 87' lang='lat' dir='ltr'><strong>num</strong></span> <span class='ocrx_word' id='word_1_599' title='bbox 2125 4340 2403 4395; x_wconf 64' lang='lat' dir='ltr'><strong>memoriaa</strong></span> <span class='ocrx_word' id='word_1_600' title='bbox 2432 4340 2869 4394; x_wconf 88' lang='lat' dir='ltr'><strong>commendetur.</strong></span> <span class='ocrx_word' id='word_1_601' title='bbox 2903 4337 3113 4405; x_wconf 85' lang='lat' dir='ltr'><strong>Quippe</strong></span> <span class='ocrx_word' id='word_1_602' title='bbox 3140 4336 3414 4390; x_wconf 87' lang='lat' dir='ltr'><strong>Cbosroes</strong></span> <span class='ocrx_word' id='word_1_603' title='bbox 3467 4335 3533 4388; x_wconf 87' lang='lat' dir='ltr'><strong>ad</strong></span> 
     </span>
    </p>
   </div>
   <div class='ocr_carea' id='block_1_90' title="bbox 286 4424 1862 4515">
    <p class='ocr_par' dir='ltr' id='par_1_90' title="bbox 286 4424 1862 4501">
     <span class='ocr_line' id='line_1_90' title="bbox 286 4424 1862 4501; baseline -0.006 -16"><span class='ocrx_word' id='word_1_604' title='bbox 286 4433 542 4501; x_wconf 83' lang='grc' dir='ltr'>γόμενος.</span> <span class='ocrx_word' id='word_1_605' title='bbox 586 4430 672 4492; x_wconf 84' lang='grc' dir='ltr'>Ὠς</span> <span class='ocrx_word' id='word_1_606' title='bbox 698 4429 743 4481; x_wconf 86' lang='grc' dir='ltr'>δ’</span> <span class='ocrx_word' id='word_1_607' title='bbox 773 4425 865 4481; x_wconf 79' lang='grc' dir='ltr'>οὖν</span> <span class='ocrx_word' id='word_1_608' title='bbox 894 4426 1001 4479; x_wconf 86' lang='grc' dir='ltr'><strong>τῶν</strong></span> <span class='ocrx_word' id='word_1_609' title='bbox 1026 4425 1222 4495; x_wconf 72' lang='grc' dir='ltr'>τειχῶν</span> <span class='ocrx_word' id='word_1_610' title='bbox 1248 4426 1603 4492; x_wconf 83' lang='grc' dir='ltr'>ἀπεπειρᾶτο,</span> <span class='ocrx_word' id='word_1_611' title='bbox 1636 4424 1703 4477; x_wconf 84' lang='grc' dir='ltr'>τὰ</span> <span class='ocrx_word' id='word_1_612' title='bbox 1738 4425 1862 4494; x_wconf 75' lang='grc' dir='ltr'>περὶ</span> 
     </span>
    </p>
   </div>
   <div class='ocr_carea' id='block_1_91' title="bbox 1967 4424 3538 4515">
    <p class='ocr_par' dir='ltr' id='par_1_91' title="bbox 1967 4429 3538 4501">
     <span class='ocr_line' id='line_1_91' title="bbox 1967 4429 3538 4501; baseline -0.004 -16"><span class='ocrx_word' id='word_1_613' title='bbox 1967 4432 2110 4486; x_wconf 88' lang='lat' dir='ltr'><strong>hanc</strong></span> <span class='ocrx_word' id='word_1_614' title='bbox 2157 4446 2379 4501; x_wconf 91' lang='lat' dir='ltr'><strong>quoque</strong></span> <span class='ocrx_word' id='word_1_615' title='bbox 2430 4431 2625 4485; x_wconf 90' lang='lat' dir='ltr'><strong>urbem</strong></span> <span class='ocrx_word' id='word_1_616' title='bbox 2668 4429 2917 4493; x_wconf 88' lang='lat' dir='ltr'><strong>accessit,</strong></span> <span class='ocrx_word' id='word_1_617' title='bbox 2948 4441 3259 4498; x_wconf 83' lang='lat' dir='ltr'><strong>expugnare</strong></span> <span class='ocrx_word' id='word_1_618' title='bbox 3287 4441 3408 4480; x_wconf 90' lang='lat' dir='ltr'><strong>eam</strong></span> <span class='ocrx_word' id='word_1_619' title='bbox 3444 4441 3538 4479; x_wconf 80' lang='lat' dir='ltr'><strong>eu-</strong></span> 
     </span>
    </p>
   </div>
   <div class='ocr_carea' id='block_1_92' title="bbox 285 4513 1859 4591">
    <p class='ocr_par' dir='ltr' id='par_1_92' title="bbox 285 4513 1859 4591">
     <span class='ocr_line' id='line_1_92' title="bbox 285 4513 1859 4591; baseline -0.004 -18"><span class='ocrx_word' id='word_1_620' title='bbox 285 4523 389 4591; x_wconf 76' lang='grc' dir='ltr'>τῆς</span> <span class='ocrx_word' id='word_1_621' title='bbox 426 4518 702 4588; x_wconf 82' lang='grc' dir='ltr'>σωτηρίας</span> <span class='ocrx_word' id='word_1_622' title='bbox 730 4519 828 4587; x_wconf 82' lang='grc' dir='ltr'>τῆς</span> <span class='ocrx_word' id='word_1_623' title='bbox 858 4516 1064 4579; x_wconf 87' lang='grc' dir='ltr'>πόλεως</span> <span class='ocrx_word' id='word_1_624' title='bbox 1117 4515 1253 4583; x_wconf 79' lang='grc' dir='ltr'>πρὸς</span> <span class='ocrx_word' id='word_1_625' title='bbox 1294 4515 1568 4582; x_wconf 76' lang='grc' dir='ltr'>ἑκατέρων</span> <span class='ocrx_word' id='word_1_626' title='bbox 1599 4513 1859 4567; x_wconf 85' lang='grc' dir='ltr'>ὲλαλείτο·</span> 
     </span>
    </p>
   </div>
   <div class='ocr_carea' id='block_1_93' title="bbox 285 4603 1859 4677">
    <p class='ocr_par' dir='ltr' id='par_1_93' title="bbox 285 4603 1859 4677">
     <span class='ocr_line' id='line_1_93' title="bbox 285 4603 1859 4677; baseline -0.004 -14"><span class='ocrx_word' id='word_1_627' title='bbox 285 4611 382 4663; x_wconf 78' lang='grc' dir='ltr'>καὶ</span> <span class='ocrx_word' id='word_1_628' title='bbox 418 4608 809 4677; x_wconf 84' lang='grc' dir='ltr'>συμϐαίνουσιν</span> <span class='ocrx_word' id='word_1_629' title='bbox 838 4607 913 4668; x_wconf 85' lang='grc' dir='ltr'><strong>ῶς</strong></span> <span class='ocrx_word' id='word_1_630' title='bbox 949 4623 1007 4659; x_wconf 92' lang='grc' dir='ltr'><strong>τε</strong></span> <span class='ocrx_word' id='word_1_631' title='bbox 1043 4607 1110 4658; x_wconf 78' lang='grc' dir='ltr'>τὰ</span> <span class='ocrx_word' id='word_1_632' title='bbox 1150 4605 1268 4672; x_wconf 85' lang='grc' dir='ltr'>ἰερὰ</span> <span class='ocrx_word' id='word_1_633' title='bbox 1298 4603 1555 4674; x_wconf 82' lang='grc' dir='ltr'>κειμήλια</span> <span class='ocrx_word' id='word_1_634' title='bbox 1586 4604 1756 4673; x_wconf 87' lang='grc' dir='ltr'>λύτρα</span> <span class='ocrx_word' id='word_1_635' title='bbox 1795 4607 1859 4675; x_wconf 83' lang='grc' dir='ltr'>τῇ</span> 
     </span>
    </p>
   </div>
   <div class='ocr_carea' id='block_1_94' title="bbox 286 4695 1859 4767">
    <p class='ocr_par' dir='ltr' id='par_1_94' title="bbox 286 4695 1859 4767">
     <span class='ocr_line' id='line_1_94' title="bbox 286 4695 1859 4767; baseline -0.004 -12"><span class='ocrx_word' id='word_1_636' title='bbox 286 4702 444 4755; x_wconf 81' lang='grc' dir='ltr'>πόλει</span> <span class='ocrx_word' id='word_1_637' title='bbox 480 4699 750 4767; x_wconf 73' lang='grc' dir='ltr'>γενέσθαι.</span> <span class='ocrx_word' id='word_1_638' title='bbox 791 4701 849 4752; x_wconf 72' lang='grc' dir='ltr'>ἐν</span> <span class='ocrx_word' id='word_1_639' title='bbox 878 4695 959 4760; x_wconf 81' lang='grc' dir='ltr'>οἷς</span> <span class='ocrx_word' id='word_1_640' title='bbox 992 4696 1342 4765; x_wconf 84' lang='grc' dir='ltr'>καθειστήκει</span> <span class='ocrx_word' id='word_1_641' title='bbox 1371 4696 1464 4747; x_wconf 78' lang='grc' dir='ltr'>καὶ</span> <span class='ocrx_word' id='word_1_642' title='bbox 1498 4696 1726 4766; x_wconf 78' lang='grc' dir='ltr'>σταυρὸς</span> <span class='ocrx_word' id='word_1_643' title='bbox 1754 4698 1859 4751; x_wconf 78' lang='grc' dir='ltr'>ὑπὸ</span> 
     </span>
    </p>
   </div>
   <div class='ocr_carea' id='block_1_95' title="bbox 297 4785 1859 4860">
    <p class='ocr_par' dir='ltr' id='par_1_95' title="bbox 297 4785 1859 4860">
     <span class='ocr_line' id='line_1_95' title="bbox 297 4785 1859 4860; baseline -0.003 -16"><span class='ocrx_word' id='word_1_644' title='bbox 297 4790 680 4846; x_wconf 72' lang='grc' dir='ltr'>Ἰουστινιανοῦ</span> <span class='ocrx_word' id='word_1_645' title='bbox 732 4788 841 4860; x_wconf 82' lang='grc'><strong>(65)</strong></span> <span class='ocrx_word' id='word_1_646' title='bbox 878 4787 972 4840; x_wconf 77' lang='grc' dir='ltr'>καὶ</span> <span class='ocrx_word' id='word_1_647' title='bbox 1028 4785 1311 4854; x_wconf 79' lang='grc' dir='ltr'>Θεοδώρας</span> <span class='ocrx_word' id='word_1_648' title='bbox 1359 4785 1646 4853; x_wconf 77' lang='grc' dir='ltr'>πεμφθείς.</span> <span class='ocrx_word' id='word_1_649' title='bbox 1686 4787 1776 4849; x_wconf 82' lang='grc' dir='ltr'>Ὠς</span> <span class='ocrx_word' id='word_1_650' title='bbox 1814 4788 1859 4839; x_wconf 85' lang='grc' dir='ltr'>δ’</span> 
     </span>
    </p>
   </div>
   <div class='ocr_carea' id='block_1_96' title="bbox 1969 4520 3537 4591">
    <p class='ocr_par' dir='ltr' id='par_1_96' title="bbox 1969 4520 3537 4591">
     <span class='ocr_line' id='line_1_96' title="bbox 1969 4520 3537 4591; baseline -0.004 -17"><span class='ocrx_word' id='word_1_651' title='bbox 1969 4522 2145 4590; x_wconf 90' lang='lat' dir='ltr'><strong>piens.</strong></span> <span class='ocrx_word' id='word_1_652' title='bbox 2198 4521 2332 4576; x_wconf 89' lang='lat' dir='ltr'><strong>Cum</strong></span> <span class='ocrx_word' id='word_1_653' title='bbox 2387 4521 2553 4591; x_wconf 89' lang='lat' dir='ltr'><strong>igitur</strong></span> <span class='ocrx_word' id='word_1_654' title='bbox 2604 4521 2824 4575; x_wconf 90' lang='lat' dir='ltr'><strong>incusso</strong></span> <span class='ocrx_word' id='word_1_655' title='bbox 2873 4520 3045 4573; x_wconf 88' lang='lat' dir='ltr'><strong>ariete</strong></span> <span class='ocrx_word' id='word_1_656' title='bbox 3084 4532 3268 4571; x_wconf 88' lang='lat' dir='ltr'><strong>muros</strong></span> <span class='ocrx_word' id='word_1_657' title='bbox 3313 4524 3537 4586; x_wconf 88' lang='lat' dir='ltr'><strong>quatere</strong></span> 
     </span>
    </p>
   </div>
   <div class='ocr_carea' id='block_1_97' title="bbox 1962 4608 3536 4682">
    <p class='ocr_par' dir='ltr' id='par_1_97' title="bbox 1962 4608 3536 4682">
     <span class='ocr_line' id='line_1_97' title="bbox 1962 4608 3536 4682; baseline -0.003 -17"><span class='ocrx_word' id='word_1_658' title='bbox 1962 4613 2075 4682; x_wconf 83' lang='lat' dir='ltr'><strong>jam</strong></span> <span class='ocrx_word' id='word_1_659' title='bbox 2125 4611 2401 4680; x_wconf 65' lang='lat' dir='ltr'><strong>coepisset,</strong></span> <span class='ocrx_word' id='word_1_660' title='bbox 2440 4611 2701 4681; x_wconf 89' lang='lat' dir='ltr'><strong>oppidani</strong></span> <span class='ocrx_word' id='word_1_661' title='bbox 2734 4625 2860 4665; x_wconf 91' lang='lat' dir='ltr'><strong>cum</strong></span> <span class='ocrx_word' id='word_1_662' title='bbox 2906 4626 2973 4665; x_wconf 90' lang='lat' dir='ltr'><strong>eo</strong></span> <span class='ocrx_word' id='word_1_663' title='bbox 3016 4609 3351 4677; x_wconf 87' lang='lat' dir='ltr'><strong>colloquium</strong></span> <span class='ocrx_word' id='word_1_664' title='bbox 3397 4608 3536 4661; x_wconf 84' lang='lat' dir='ltr'><strong>inie—</strong></span> 
     </span>
    </p>
   </div>
   <div class='ocr_carea' id='block_1_98' title="bbox 1968 4696 3539 4767">
    <p class='ocr_par' dir='ltr' id='par_1_98' title="bbox 1968 4696 3539 4767">
     <span class='ocr_line' id='line_1_98' title="bbox 1968 4696 3539 4767; baseline -0.003 -13"><span class='ocrx_word' id='word_1_665' title='bbox 1968 4709 2117 4765; x_wconf 87' lang='lat' dir='ltr'><strong>runt,</strong></span> <span class='ocrx_word' id='word_1_666' title='bbox 2150 4701 2432 4755; x_wconf 65' lang='lat' dir='ltr'><strong>servanda:</strong></span> <span class='ocrx_word' id='word_1_667' title='bbox 2476 4701 2631 4756; x_wconf 89' lang='lat' dir='ltr'><strong>urbis</strong></span> <span class='ocrx_word' id='word_1_668' title='bbox 2668 4716 2849 4755; x_wconf 87' lang='lat' dir='ltr'><strong>causa.</strong></span> <span class='ocrx_word' id='word_1_669' title='bbox 2886 4698 3238 4767; x_wconf 86' lang='lat' dir='ltr'><strong>Tandemque</strong></span> <span class='ocrx_word' id='word_1_670' title='bbox 3266 4696 3411 4750; x_wconf 88' lang='lat' dir='ltr'><strong>inter</strong></span> <span class='ocrx_word' id='word_1_671' title='bbox 3444 4710 3539 4750; x_wconf 91' lang='lat' dir='ltr'><strong>eos</strong></span> 
     </span>
    </p>
   </div>
   <div class='ocr_carea' id='block_1_99' title="bbox 1966 4781 3537 4857">
    <p class='ocr_par' dir='ltr' id='par_1_99' title="bbox 1966 4781 3537 4857">
     <span class='ocr_line' id='line_1_99' title="bbox 1966 4781 3537 4857; baseline -0.004 -12"><span class='ocrx_word' id='word_1_672' title='bbox 1966 4792 2249 4856; x_wconf 82' lang='lat' dir='ltr'><strong>convenit,</strong></span> <span class='ocrx_word' id='word_1_673' title='bbox 2280 4800 2339 4846; x_wconf 91' lang='lat' dir='ltr'><strong>ut</strong></span> <span class='ocrx_word' id='word_1_674' title='bbox 2379 4807 2535 4846; x_wconf 89' lang='lat' dir='ltr'><strong>sacra</strong></span> <span class='ocrx_word' id='word_1_675' title='bbox 2581 4790 2841 4846; x_wconf 65' lang='lat' dir='ltr'><strong>Ecclesia:</strong></span> <span class='ocrx_word' id='word_1_676' title='bbox 2873 4781 3011 4843; x_wconf 76' lang='lat' dir='ltr'><strong>rasa</strong></span> <span class='ocrx_word' id='word_1_677' title='bbox 3031 4802 3130 4857; x_wconf 90' lang='lat' dir='ltr'><strong>pro</strong></span> <span class='ocrx_word' id='word_1_678' title='bbox 3161 4784 3537 4855; x_wconf 88' lang='lat' dir='ltr'><strong>redemptione</strong></span> 
     </span>
    </p>
   </div>
   <div class='ocr_carea' id='block_1_100' title="bbox 1479 4898 2339 4962">
    <p class='ocr_par' dir='ltr' id='par_1_100' title="bbox 1479 4898 2339 4962">
     <span class='ocr_line' id='line_1_100' title="bbox 1479 4898 2339 4962; baseline 0.006 -5"><span class='ocrx_word' id='word_1_679' title='bbox 1479 4898 1751 4958; x_wconf 80' lang='lat' dir='ltr'><strong>VALESII</strong></span> <span class='ocrx_word' id='word_1_680' title='bbox 1782 4903 2339 4962; x_wconf 82' lang='lat' dir='ltr'><strong>ANNOTATIUNES.</strong></span> 
     </span>
    </p>
   </div>
   <div class='ocr_carea' id='block_1_101' title="bbox 283 4994 1863 5068">
    <p class='ocr_par' dir='ltr' id='par_1_101' title="bbox 283 4994 1863 5068">
     <span class='ocr_line' id='line_1_101' title="bbox 283 4994 1863 5068; baseline -0.001 -15"><span class='ocrx_word' id='word_1_681' title='bbox 283 5000 496 5055; x_wconf 84' lang='lat' dir='ltr'><strong>citatur</strong></span> <span class='ocrx_word' id='word_1_682' title='bbox 522 4998 577 5052; x_wconf 93' lang='lat' dir='ltr'><strong>in</strong></span> <span class='ocrx_word' id='word_1_683' title='bbox 602 4999 836 5068; x_wconf 86' lang='lat' dir='ltr'><strong>septima</strong></span> <span class='ocrx_word' id='word_1_684' title='bbox 858 4996 1071 5068; x_wconf 49' lang='lat' dir='ltr'><strong>synodo</strong></span> <span class='ocrx_word' id='word_1_685' title='bbox 1098 4994 1462 5068; x_wconf 51' lang='lat' dir='ltr'><strong>(acumenica,</strong></span> <span class='ocrx_word' id='word_1_686' title='bbox 1514 5009 1636 5068; x_wconf 81' lang='lat' dir='ltr'><strong>pag.</strong></span> <span class='ocrx_word' id='word_1_687' title='bbox 1671 4995 1774 5049; x_wconf 79' lang='lat' dir='ltr'><strong>6l3</strong></span> <span class='ocrx_word' id='word_1_688' title='bbox 1807 5004 1863 5051; x_wconf 88' lang='lat' dir='ltr'><strong>et</strong></span> 
     </span>
    </p>
   </div>
   <div class='ocr_carea' id='block_1_102' title="bbox 284 5064 1864 5133">
    <p class='ocr_par' dir='ltr' id='par_1_102' title="bbox 284 5064 1864 5133">
     <span class='ocr_line' id='line_1_102' title="bbox 284 5064 1864 5133; baseline -0.003 -10"><span class='ocrx_word' id='word_1_689' title='bbox 284 5070 593 5124; x_wconf 84' lang='lat' dir='ltr'><strong>aBarIaam</strong></span> <span class='ocrx_word' id='word_1_690' title='bbox 648 5064 705 5121; x_wconf 73' lang='lat' dir='ltr'><strong>in</strong></span> <span class='ocrx_word' id='word_1_691' title='bbox 754 5067 855 5120; x_wconf 93' lang='lat' dir='ltr'><strong>lib.</strong></span> <span class='ocrx_word' id='word_1_692' title='bbox 887 5064 1088 5121; x_wconf 82' lang='lat' dir='ltr'><strong>Contra</strong></span> <span class='ocrx_word' id='word_1_693' title='bbox 1126 5064 1367 5117; x_wconf 81' lang='lat' dir='ltr'><strong>Latinos.</strong></span> <span class='ocrx_word' id='word_1_694' title='bbox 1424 5065 1495 5118; x_wconf 89' lang='lat' dir='ltr'><strong>De</strong></span> <span class='ocrx_word' id='word_1_695' title='bbox 1550 5065 1652 5117; x_wconf 86' lang='lat' dir='ltr'><strong>hac</strong></span> <span class='ocrx_word' id='word_1_696' title='bbox 1700 5081 1864 5133; x_wconf 90' lang='lat' dir='ltr'><strong>porro</strong></span> 
     </span>
    </p>
   </div>
   <div class='ocr_carea' id='block_1_103' title="bbox 289 5133 1865 5208">
    <p class='ocr_par' dir='ltr' id='par_1_103' title="bbox 289 5133 1865 5208">
     <span class='ocr_line' id='line_1_103' title="bbox 289 5133 1865 5208; baseline -0.003 -17"><span class='ocrx_word' id='word_1_697' title='bbox 289 5136 536 5208; x_wconf 82' lang='lat' dir='ltr'><strong>imagine</strong></span> <span class='ocrx_word' id='word_1_698' title='bbox 558 5152 670 5191; x_wconf 88' lang='lat' dir='ltr'><strong>non</strong></span> <span class='ocrx_word' id='word_1_699' title='bbox 699 5135 1045 5208; x_wconf 62' lang='lat' dir='ltr'><strong>manufacta,</strong></span> <span class='ocrx_word' id='word_1_700' title='bbox 1081 5150 1245 5208; x_wconf 70' lang='lat' dir='ltr'><strong>quam</strong></span> <span class='ocrx_word' id='word_1_701' title='bbox 1276 5133 1534 5208; x_wconf 82' lang='lat' dir='ltr'><strong>Christus</strong></span> <span class='ocrx_word' id='word_1_702' title='bbox 1564 5133 1641 5208; x_wconf 72' lang='lat' dir='ltr'><strong>ad</strong></span> <span class='ocrx_word' id='word_1_703' title='bbox 1689 5135 1865 5208; x_wconf 61' lang='grc' dir='ltr'>Λευει-</span> 
     </span>
    </p>
   </div>
   <div class='ocr_carea' id='block_1_104' title="bbox 290 5203 1865 5269">
    <p class='ocr_par' dir='ltr' id='par_1_104' title="bbox 290 5203 1865 5269">
     <span class='ocr_line' id='line_1_104' title="bbox 290 5203 1865 5269; baseline -0.002 -10"><span class='ocrx_word' id='word_1_704' title='bbox 290 5203 919 5269; x_wconf 72' lang='grc' dir='ltr'>νιιπιήιίεἰεεοιίἰοὶιιπ,</span> <span class='ocrx_word' id='word_1_705' title='bbox 950 5204 1083 5258; x_wconf 77' lang='lat' dir='ltr'><strong>Vide</strong></span> <span class='ocrx_word' id='word_1_706' title='bbox 1116 5203 1441 5257; x_wconf 85' lang='lat' dir='ltr'><strong>Gretserum</strong></span> <span class='ocrx_word' id='word_1_707' title='bbox 1487 5203 1541 5256; x_wconf 91' lang='lat' dir='ltr'><strong>in</strong></span> <span class='ocrx_word' id='word_1_708' title='bbox 1587 5203 1731 5256; x_wconf 89' lang='lat' dir='ltr'><strong>libro</strong></span> <span class='ocrx_word' id='word_1_709' title='bbox 1788 5204 1865 5256; x_wconf 78' lang='lat' dir='ltr'><strong>De</strong></span> 
     </span>
    </p>
   </div>
   <div class='ocr_carea' id='block_1_105' title="bbox 287 5271 1860 5345">
    <p class='ocr_par' dir='ltr' id='par_1_105' title="bbox 287 5271 1860 5345">
     <span class='ocr_line' id='line_1_105' title="bbox 287 5271 1860 5345; baseline -0.003 -16"><span class='ocrx_word' id='word_1_710' title='bbox 287 5276 614 5345; x_wconf 75' lang='lat' dir='ltr'><strong>imaginibus</strong></span> <span class='ocrx_word' id='word_1_711' title='bbox 664 5292 770 5329; x_wconf 85' lang='lat' dir='ltr'><strong>non</strong></span> <span class='ocrx_word' id='word_1_712' title='bbox 824 5274 1165 5345; x_wconf 69' lang='lat' dir='ltr'><strong>ntanufoctis.</strong></span> <span class='ocrx_word' id='word_1_713' title='bbox 1201 5271 1488 5345; x_wconf 58' lang='lat' dir='ltr'><strong>geterutn</strong></span> <span class='ocrx_word' id='word_1_714' title='bbox 1551 5273 1860 5345; x_wconf 82' lang='lat' dir='ltr'><strong>notandum</strong></span> 
     </span>
    </p>
   </div>
   <div class='ocr_carea' id='block_1_106' title="bbox 284 5340 1860 5423">
    <p class='ocr_par' dir='ltr' id='par_1_106' title="bbox 284 5340 1860 5423">
     <span class='ocr_line' id='line_1_106' title="bbox 284 5340 1860 5423; baseline 0 -26"><span class='ocrx_word' id='word_1_715' title='bbox 284 5340 531 5409; x_wconf 52' lang='lat' dir='ltr'><strong>estfnec</strong></span> <span class='ocrx_word' id='word_1_716' title='bbox 557 5345 628 5423; x_wconf 71' lang='lat' dir='ltr'><strong>pb</strong></span> <span class='ocrx_word' id='word_1_717' title='bbox 656 5345 900 5401; x_wconf 84' lang='lat' dir='ltr'><strong>Eusebio</strong></span> <span class='ocrx_word' id='word_1_718' title='bbox 926 5340 1113 5398; x_wconf 36' lang='lat' dir='ltr'><strong>in‘lib.</strong></span> <span class='ocrx_word' id='word_1_719' title='bbox 1139 5358 1156 5396; x_wconf 86' lang='grc' dir='ltr'><strong>ι</strong></span> <span class='ocrx_word' id='word_1_720' title='bbox 1190 5340 1439 5396; x_wconf 71' lang='lat' dir='ltr'><strong>Historia:</strong></span> <span class='ocrx_word' id='word_1_721' title='bbox 1476 5341 1860 5397; x_wconf 75' lang='lat' dir='ltr'><strong>ecclesiasticw.</strong></span> 
     </span>
    </p>
   </div>
   <div class='ocr_carea' id='block_1_107' title="bbox 1961 4991 3535 5068">
    <p class='ocr_par' dir='ltr' id='par_1_107' title="bbox 1961 4991 3535 5068">
     <span class='ocr_line' id='line_1_107' title="bbox 1961 4991 3535 5068; baseline -0.005 -17"><span class='ocrx_word' id='word_1_722' title='bbox 1961 5014 2065 5053; x_wconf 91' lang='lat' dir='ltr'><strong>nec</strong></span> <span class='ocrx_word' id='word_1_723' title='bbox 2090 5015 2125 5068; x_wconf 89' lang='lat' dir='ltr'><strong>a</strong></span> <span class='ocrx_word' id='word_1_724' title='bbox 2140 4998 2411 5068; x_wconf 90' lang='lat' dir='ltr'><strong>Procopio</strong></span> <span class='ocrx_word' id='word_1_725' title='bbox 2447 4998 2502 5051; x_wconf 92' lang='lat' dir='ltr'><strong>in</strong></span> <span class='ocrx_word' id='word_1_726' title='bbox 2535 4996 2839 5068; x_wconf 82' lang='lat' dir='ltr'><strong>obsidione</strong></span> <span class='ocrx_word' id='word_1_727' title='bbox 2878 4995 3056 5068; x_wconf 58' lang='lat' dir='ltr'><strong>urbis</strong></span> <span class='ocrx_word' id='word_1_728' title='bbox 3094 4991 3412 5068; x_wconf 68' lang='lat' dir='ltr'><strong>Edessena},</strong></span> <span class='ocrx_word' id='word_1_729' title='bbox 3442 4991 3535 5068; x_wconf 86' lang='lat' dir='ltr'><strong>_ul-</strong></span> 
     </span>
    </p>
   </div>
   <div class='ocr_carea' id='block_1_108' title="bbox 1961 5060 3539 5134">
    <p class='ocr_par' dir='ltr' id='par_1_108' title="bbox 1961 5060 3539 5134">
     <span class='ocr_line' id='line_1_108' title="bbox 1961 5060 3539 5134; baseline -0.005 -14"><span class='ocrx_word' id='word_1_730' title='bbox 1961 5068 2068 5121; x_wconf 89' lang='lat' dir='ltr'><strong>lam</strong></span> <span class='ocrx_word' id='word_1_731' title='bbox 2103 5067 2224 5122; x_wconf 88' lang='lat' dir='ltr'><strong>ﬂeri</strong></span> <span class='ocrx_word' id='word_1_732' title='bbox 2254 5060 2590 5123; x_wconf 76' lang='lat' dir='ltr'><strong>mentionem</strong></span> <span class='ocrx_word' id='word_1_733' title='bbox 2619 5066 2874 5134; x_wconf 85' lang='lat' dir='ltr'><strong>imaginis</strong></span> <span class='ocrx_word' id='word_1_734' title='bbox 2915 5080 2944 5117; x_wconf 90' lang='lat' dir='ltr'><strong>a</strong></span> <span class='ocrx_word' id='word_1_735' title='bbox 2997 5062 3222 5134; x_wconf 86' lang='lat' dir='ltr'><strong>Christo</strong></span> <span class='ocrx_word' id='word_1_736' title='bbox 3258 5062 3325 5134; x_wconf 84' lang='lat' dir='ltr'><strong>ad</strong></span> <span class='ocrx_word' id='word_1_737' title='bbox 3356 5060 3539 5134; x_wconf 65' lang='lat' dir='ltr'><strong>Agba-</strong></span> 
     </span>
    </p>
   </div>
   <div class='ocr_carea' id='block_1_109' title="bbox 1968 5131 3538 5206">
    <p class='ocr_par' dir='ltr' id='par_1_109' title="bbox 1968 5131 3538 5206">
     <span class='ocr_line' id='line_1_109' title="bbox 1968 5131 3538 5206; baseline -0.005 -17"><span class='ocrx_word' id='word_1_738' title='bbox 1968 5152 2088 5189; x_wconf 89' lang='lat' dir='ltr'><strong>rum</strong></span> <span class='ocrx_word' id='word_1_739' title='bbox 2128 5153 2313 5206; x_wconf 88' lang='lat' dir='ltr'><strong>regem</strong></span> <span class='ocrx_word' id='word_1_740' title='bbox 2352 5136 2708 5190; x_wconf 61' lang='lat' dir='ltr'><strong>transmissae.</strong></span> <span class='ocrx_word' id='word_1_741' title='bbox 2738 5131 2944 5206; x_wconf 55' lang='lat' dir='ltr'><strong>&#39;Solam</strong></span> <span class='ocrx_word' id='word_1_742' title='bbox 2982 5133 3130 5185; x_wconf 90' lang='lat' dir='ltr'><strong>enim</strong></span> <span class='ocrx_word' id='word_1_743' title='bbox 3187 5131 3476 5206; x_wconf 64' lang='lat' dir='ltr'><strong>epistolam</strong></span> <span class='ocrx_word' id='word_1_744' title='bbox 3506 5143 3538 5182; x_wconf 87' lang='lat' dir='ltr'><strong>a</strong></span> 
     </span>
    </p>
   </div>
   <div class='ocr_carea' id='block_1_110' title="bbox 1960 5199 3535 5268">
    <p class='ocr_par' dir='ltr' id='par_1_110' title="bbox 1960 5199 3535 5268">
     <span class='ocr_line' id='line_1_110' title="bbox 1960 5199 3535 5268; baseline -0.004 -10"><span class='ocrx_word' id='word_1_745' title='bbox 1960 5207 2181 5260; x_wconf 87' lang='lat' dir='ltr'><strong>Christo</strong></span> <span class='ocrx_word' id='word_1_746' title='bbox 2193 5199 2272 5260; x_wconf 70' lang='lat' dir='ltr'><strong>ad</strong></span> <span class='ocrx_word' id='word_1_747' title='bbox 2295 5222 2422 5261; x_wconf 90' lang='lat' dir='ltr'><strong>eum</strong></span> <span class='ocrx_word' id='word_1_748' title='bbox 2442 5207 2663 5260; x_wconf 87' lang='lat' dir='ltr'><strong>missam</strong></span> <span class='ocrx_word' id='word_1_749' title='bbox 2686 5219 2807 5258; x_wconf 82' lang='lat' dir='ltr'><strong>esse</strong></span> <span class='ocrx_word' id='word_1_750' title='bbox 2820 5203 3072 5257; x_wconf 87' lang='lat' dir='ltr'><strong>scribunt</strong></span> <span class='ocrx_word' id='word_1_751' title='bbox 3090 5215 3188 5268; x_wconf 88' lang='lat' dir='ltr'><strong>per</strong></span> <span class='ocrx_word' id='word_1_752' title='bbox 3200 5199 3535 5254; x_wconf 65' lang='lat' dir='ltr'><strong>Thaddaaum</strong></span> 
     </span>
    </p>
   </div>
   <div class='ocr_carea' id='block_1_111' title="bbox 1960 5277 2296 5344">
    <p class='ocr_par' dir='ltr' id='par_1_111' title="bbox 1960 5277 2296 5344">
     <span class='ocr_line' id='line_1_111' title="bbox 1960 5277 2296 5344; baseline 0.006 -17"><span class='ocrx_word' id='word_1_753' title='bbox 1960 5277 2296 5344; x_wconf 86' lang='lat' dir='ltr'><strong>apostolum.</strong></span> 
     </span>
    </p>
   </div>
   <div class='ocr_carea' id='block_1_112' title="bbox 2032 5340 3539 5414">
    <p class='ocr_par' dir='ltr' id='par_1_112' title="bbox 2032 5340 3539 5414">
     <span class='ocr_line' id='line_1_112' title="bbox 2032 5340 3539 5414; baseline -0.006 -15"><span class='ocrx_word' id='word_1_754' title='bbox 2032 5346 2146 5414; x_wconf 81' lang='lat'><strong>(65)</strong></span> <span class='ocrx_word' id='word_1_755' title='bbox 2187 5345 2453 5414; x_wconf 79' lang='grc' dir='ltr'>Σταυρὸς</span> <span class='ocrx_word' id='word_1_756' title='bbox 2483 5345 2602 5400; x_wconf 83' lang='grc' dir='ltr'><strong>ὑπὸ</strong></span> <span class='ocrx_word' id='word_1_757' title='bbox 2638 5340 3097 5398; x_wconf 76' lang='grc' dir='ltr'>ἰουστινιανοῦ.</span> <span class='ocrx_word' id='word_1_758' title='bbox 3134 5342 3210 5397; x_wconf 87' lang='lat' dir='ltr'><strong>Dc</strong></span> <span class='ocrx_word' id='word_1_759' title='bbox 3245 5341 3349 5395; x_wconf 86' lang='lat' dir='ltr'><strong>hac</strong></span> <span class='ocrx_word' id='word_1_760' title='bbox 3370 5352 3539 5393; x_wconf 83' lang='lat' dir='ltr'><strong>cruce</strong></span> 
     </span>
    </p>
   </div>
   <div class='ocr_carea' id='block_1_113' title="bbox 1720 5455 2100 5514">
    <p class='ocr_par' dir='ltr' id='par_1_113' title="bbox 1720 5455 2100 5514">
     <span class='ocr_line' id='line_1_113' title="bbox 1720 5455 2100 5514; baseline 0.016 -6"><span class='ocrx_word' id='word_1_761' title='bbox 1720 5455 2100 5514; x_wconf 79' lang='lat' dir='ltr'><strong>VARIORUM.</strong></span> 
     </span>
    </p>
   </div>
   <div class='ocr_carea' id='block_1_114' title="bbox 360 5549 1864 5620">
    <p class='ocr_par' dir='ltr' id='par_1_114' title="bbox 360 5549 1864 5620">
     <span class='ocr_line' id='line_1_114' title="bbox 360 5549 1864 5620; baseline -0.002 -16"><span class='ocrx_word' id='word_1_762' title='bbox 360 5552 441 5620; x_wconf 64' lang='grc' dir='ltr'><strong>(ε)</strong></span> <span class='ocrx_word' id='word_1_763' title='bbox 481 5549 600 5617; x_wconf 81' lang='grc' dir='ltr'><strong>Τὴν</strong></span> <span class='ocrx_word' id='word_1_764' title='bbox 637 5552 881 5620; x_wconf 58' lang='grc' dir='ltr'>Σεργία)</span> <span class='ocrx_word' id='word_1_765' title='bbox 916 5550 1190 5620; x_wconf 68' lang='grc' dir='ltr'>πολιτῶν.</span> <span class='ocrx_word' id='word_1_766' title='bbox 1223 5549 1578 5620; x_wconf 76' lang='lat' dir='ltr'><strong>&#39;Legendum</strong></span> <span class='ocrx_word' id='word_1_767' title='bbox 1631 5553 1864 5620; x_wconf 81' lang='lat' dir='ltr'><strong>conjun—</strong></span> 
     </span>
    </p>
   </div>
   <div class='ocr_carea' id='block_1_115' title="bbox 284 5619 1856 5689">
    <p class='ocr_par' dir='ltr' id='par_1_115' title="bbox 284 5619 1856 5689">
     <span class='ocr_line' id='line_1_115' title="bbox 284 5619 1856 5689; baseline -0.004 -14"><span class='ocrx_word' id='word_1_768' title='bbox 284 5619 423 5675; x_wconf 87' lang='lat' dir='ltr'><strong>ctim</strong></span> <span class='ocrx_word' id='word_1_769' title='bbox 447 5619 931 5689; x_wconf 78' lang='grc' dir='ltr'>Σεργιουπολιτῷν.</span> <span class='ocrx_word' id='word_1_770' title='bbox 965 5619 1100 5673; x_wconf 76' lang='lat' dir='ltr'><strong>Vide</strong></span> <span class='ocrx_word' id='word_1_771' title='bbox 1122 5620 1358 5673; x_wconf 86' lang='lat' dir='ltr'><strong>similem</strong></span> <span class='ocrx_word' id='word_1_772' title='bbox 1398 5619 1624 5687; x_wconf 88' lang='lat' dir='ltr'><strong>phrasin</strong></span> <span class='ocrx_word' id='word_1_773' title='bbox 1662 5619 1758 5689; x_wconf 90' lang='lat' dir='ltr'><strong>lib.</strong></span> <span class='ocrx_word' id='word_1_774' title='bbox 1802 5635 1856 5681; x_wconf 84' lang='grc' dir='ltr'><strong>ν,</strong></span> 
     </span>
    </p>
   </div>
   <div class='ocr_carea' id='block_1_116' title="bbox 285 5688 1861 5756">
    <p class='ocr_par' dir='ltr' id='par_1_116' title="bbox 285 5688 1861 5756">
     <span class='ocr_line' id='line_1_116' title="bbox 285 5688 1861 5756; baseline -0.002 -11"><span class='ocrx_word' id='word_1_775' title='bbox 285 5704 414 5756; x_wconf 82' lang='lat' dir='ltr'><strong>cap.</strong></span> <span class='ocrx_word' id='word_1_776' title='bbox 445 5688 534 5750; x_wconf 75' lang='lat' dir='ltr'><strong>I7,</strong></span> <span class='ocrx_word' id='word_1_777' title='bbox 569 5688 748 5749; x_wconf 86' lang='lat' dir='ltr'><strong>initio.</strong></span> <span class='ocrx_word' id='word_1_778' title='bbox 773 5688 885 5756; x_wconf 87' lang='lat' dir='ltr'><strong>(W.</strong></span> <span class='ocrx_word' id='word_1_779' title='bbox 910 5689 1103 5741; x_wconf 78' lang='lat' dir='ltr'><strong>Lowru</strong></span> <span class='ocrx_word' id='word_1_780' title='bbox 1135 5689 1267 5756; x_wconf 80' lang='lat' dir='ltr'><strong>)Est</strong></span> <span class='ocrx_word' id='word_1_781' title='bbox 1299 5696 1483 5742; x_wconf 87' lang='lat' dir='ltr'><strong>autem</strong></span> <span class='ocrx_word' id='word_1_782' title='bbox 1519 5688 1861 5755; x_wconf 78' lang='lat' dir='ltr'><strong>SergiOpolis</strong></span> 
     </span>
    </p>
   </div>
   <div class='ocr_carea' id='block_1_117' title="bbox 288 5757 1858 5831">
    <p class='ocr_par' dir='ltr' id='par_1_117' title="bbox 288 5757 1858 5831">
     <span class='ocr_line' id='line_1_117' title="bbox 288 5757 1858 5831; baseline -0.002 -19"><span class='ocrx_word' id='word_1_783' title='bbox 288 5757 429 5827; x_wconf 67' lang='lat' dir='ltr'><strong>urbs</strong></span> <span class='ocrx_word' id='word_1_784' title='bbox 454 5758 645 5829; x_wconf 58' lang='lat' dir='ltr'><strong>Syria,</strong></span> <span class='ocrx_word' id='word_1_785' title='bbox 673 5757 727 5811; x_wconf 91' lang='lat' dir='ltr'><strong>in</strong></span> <span class='ocrx_word' id='word_1_786' title='bbox 756 5757 1116 5826; x_wconf 83' lang='lat' dir='ltr'><strong>Euphratesia</strong></span> <span class='ocrx_word' id='word_1_787' title='bbox 1155 5758 1458 5831; x_wconf 70' lang='lat' dir='ltr'><strong>provincia,</strong></span> <span class='ocrx_word' id='word_1_788' title='bbox 1496 5758 1561 5810; x_wconf 84' lang='lat' dir='ltr'><strong>ad</strong></span> <span class='ocrx_word' id='word_1_789' title='bbox 1610 5757 1858 5827; x_wconf 81' lang='lat' dir='ltr'><strong>Euphra-</strong></span> 
     </span>
    </p>
   </div>
   <div class='ocr_carea' id='block_1_118' title="bbox 1975 5540 3535 5617">
    <p class='ocr_par' dir='ltr' id='par_1_118' title="bbox 1975 5540 3535 5617">
     <span class='ocr_line' id='line_1_118' title="bbox 1975 5540 3535 5617; baseline -0.006 -13"><span class='ocrx_word' id='word_1_790' title='bbox 1975 5559 2081 5604; x_wconf 88' lang='lat' dir='ltr'><strong>tem</strong></span> <span class='ocrx_word' id='word_1_791' title='bbox 2110 5550 2372 5615; x_wconf 84' lang='lat' dir='ltr'><strong>ﬂuviutu;</strong></span> <span class='ocrx_word' id='word_1_792' title='bbox 2407 5549 2489 5604; x_wconf 91' lang='lat' dir='ltr'><strong>sic</strong></span> <span class='ocrx_word' id='word_1_793' title='bbox 2510 5566 2539 5602; x_wconf 91' lang='lat' dir='ltr'><strong>a</strong></span> <span class='ocrx_word' id='word_1_794' title='bbox 2572 5558 2763 5603; x_wconf 89' lang='lat' dir='ltr'><strong>sancto</strong></span> <span class='ocrx_word' id='word_1_795' title='bbox 2789 5547 2983 5617; x_wconf 85' lang='lat' dir='ltr'><strong>Sergio</strong></span> <span class='ocrx_word' id='word_1_796' title='bbox 3016 5546 3138 5600; x_wconf 74' lang='lat' dir='ltr'><strong>cive</strong></span> <span class='ocrx_word' id='word_1_797' title='bbox 3169 5546 3419 5617; x_wconf 58' lang='lat' dir='ltr'><strong>Romano</strong></span> <span class='ocrx_word' id='word_1_798' title='bbox 3461 5540 3535 5595; x_wconf 91' lang='lat' dir='ltr'><strong>ibi</strong></span> 
     </span>
    </p>
   </div>
   <div class='ocr_carea' id='block_1_119' title="bbox 1970 5612 3540 5691">
    <p class='ocr_par' dir='ltr' id='par_1_119' title="bbox 1970 5612 3540 5691">
     <span class='ocr_line' id='line_1_119' title="bbox 1970 5612 3540 5691; baseline -0.004 -18"><span class='ocrx_word' id='word_1_799' title='bbox 1970 5631 2321 5691; x_wconf 69' lang='lat' dir='ltr'><strong>cumsaneto</strong></span> <span class='ocrx_word' id='word_1_800' title='bbox 2351 5612 2564 5673; x_wconf 76' lang='lat' dir='ltr'><strong>Baccho</strong></span> <span class='ocrx_word' id='word_1_801' title='bbox 2591 5612 2922 5691; x_wconf 66' lang='lat' dir='ltr'><strong>martyrium</strong></span> <span class='ocrx_word' id='word_1_802' title='bbox 2952 5631 3114 5691; x_wconf 81' lang='lat' dir='ltr'><strong>passo</strong></span> <span class='ocrx_word' id='word_1_803' title='bbox 3165 5615 3330 5691; x_wconf 65' lang='lat' dir='ltr'><strong>dicta,</strong></span> <span class='ocrx_word' id='word_1_804' title='bbox 3384 5612 3540 5691; x_wconf 59' lang='grc' dir='ltr'><strong>ἓωςκέ</strong></span> 
     </span>
    </p>
   </div>
   <div class='ocr_carea' id='block_1_120' title="bbox 1969 5681 3538 5757">
    <p class='ocr_par' dir='ltr' id='par_1_120' title="bbox 1969 5681 3538 5757">
     <span class='ocr_line' id='line_1_120' title="bbox 1969 5681 3538 5757; baseline -0.004 -16"><span class='ocrx_word' id='word_1_805' title='bbox 1969 5689 2238 5757; x_wconf 76' lang='lat' dir='ltr'><strong>proxima.</strong></span> <span class='ocrx_word' id='word_1_806' title='bbox 2270 5688 2620 5756; x_wconf 62' lang='grc' dir='ltr'>(ΒΑιύιιΑκυ.)</span> <span class='ocrx_word' id='word_1_807' title='bbox 2650 5681 2779 5741; x_wconf 79' lang='lat' dir='ltr'><strong>Erat</strong></span> <span class='ocrx_word' id='word_1_808' title='bbox 2812 5687 2927 5740; x_wconf 62' lang='lat' dir='ltr'><strong>lucc</strong></span> <span class='ocrx_word' id='word_1_809' title='bbox 2952 5681 3119 5740; x_wconf 72' lang='lat' dir='ltr'><strong>tertia</strong></span> <span class='ocrx_word' id='word_1_810' title='bbox 3169 5681 3433 5739; x_wconf 78' lang='lat' dir='ltr'><strong>Cliosrois</strong></span> <span class='ocrx_word' id='word_1_811' title='bbox 3482 5681 3538 5735; x_wconf 91' lang='lat' dir='ltr'><strong>in</strong></span> 
     </span>
    </p>
   </div>
   <div class='ocr_carea' id='block_1_121' title="bbox 1967 5758 2894 5827">
    <p class='ocr_par' dir='ltr' id='par_1_121' title="bbox 1967 5758 2894 5827">
     <span class='ocr_line' id='line_1_121' title="bbox 1967 5758 2894 5827; baseline -0.002 -16"><span class='ocrx_word' id='word_1_812' title='bbox 1967 5759 2244 5811; x_wconf 78' lang='lat' dir='ltr'><strong>Romanos</strong></span> <span class='ocrx_word' id='word_1_813' title='bbox 2264 5758 2564 5827; x_wconf 70' lang='lat' dir='ltr'><strong>expeditio,</strong></span> <span class='ocrx_word' id='word_1_814' title='bbox 2592 5774 2737 5810; x_wconf 83' lang='lat' dir='ltr'><strong>anno</strong></span> <span class='ocrx_word' id='word_1_815' title='bbox 2771 5758 2894 5809; x_wconf 65' lang='lat' dir='ltr'><strong>5-H.</strong></span> 
     </span>
    </p>
   </div>
  </div>
