3982 6396
230 412 369 478 2757
1151 408 1541 474 HISTORI/E
1582 399 2180 468 Eccmsmsnes
2222 403 2447 461 LIBER
2500 404 2593 461 tv.
3373 378 3514 462 2758

231 537 329 589 per
356 520 500 575 duos
542 526 597 574 et
633 519 1034 590 quinquaginta
1080 533 1275 581 annos,
1324 526 1382 572 ut
1425 519 1534 587 jam
1581 515 1714 575 dixi,
1750 514 1817 567 ad
1857 514 1962 566 hoc
2034 527 2205 579 usque
2253 520 2468 579 tempus
2502 520 2744 578 grassata
2780 518 2883 573 est,
2948 516 3176 566 cunctas
3208 526 3329 580 qua.
3364 512 3519 581 prius

228 624 493 687 grassata:
538 625 663 671 sunt
720 615 841 669 lues
889 630 1265 685 supergressa.
1318 614 1453 668 Nam
1502 612 1870 667 Philostratus
1909 608 2131 678 quidem
2165 608 2419 671 miratur,
2459 608 2604 677 quod
2646 623 2743 660 sua
2787 616 2946 661 relate
2988 609 3160 677 pestis
3198 607 3516 677 quindecim

231 710 395 763 annis
429 716 678 780 grassata
724 708 815 763 sit.
851 707 1113 775 Quaenam
1163 716 1351 762 autem
1400 708 1646 776 posthaec
1678 712 1944 759 eventura
1976 703 2105 762 sint,
2140 702 2414 756 incertum
2442 712 2548 761 est,
2607 717 2731 755 eum
2794 718 2860 755 eo
2892 702 3142 756 ferantur
3199 718 3309 771 quo
3337 702 3515 756 visum

228 804 404 858 fuerit
436 805 570 867 Deo,
605 804 697 873 qui
730 811 786 857 et
821 818 1015 857 causas
1052 818 1240 886 rerum
1273 812 1331 857 et
1371 810 1604 856 eventus
1668 798 1944 869 cognovit.
2012 797 2123 865 Ego
2157 811 2289 849 vero
2322 796 2453 850 illuc
2522 795 2667 849 unde
2698 795 2980 865 digressus
3012 810 3131 848 sum
3164 802 3434 850 revertar.
3461 799 3517 847 et

230 898 481 967 reliquas
506 911 596 951 res
626 904 807 966 gestas
840 896 1136 952 Justiniani
1172 896 1639 951 commemorabo.

846 1014 1097 1066 ΚΕΦΑΛ.
1128 1000 1225 1066 'A'.

853 1173 1190 1227 στινιανοῦ.

314 1289 378 1340 '0
434 1286 819 1350 ’ῐουστινιανὸς
860 1281 928 1358 ἦν
961 1286 1061 1356 μὲν
1086 1287 1385 1358 χρημάτων
1408 1286 1706 1357 ἄπληστος,
1734 1287 1829 1340 καὶ

225 1381 339 1432 τῶν
374 1379 676 1450 ἀλλοτρίων
705 1377 878 1442 οὕτως
905 1379 1152 1442 ἐκτόπως
1183 1378 1439 1450 ἐραστὴς,
1494 1378 1570 1441 ὡς
1595 1378 1691 1431 καὶ
1725 1379 1828 1430 ὑπ-

224 1474 397 1542 ήκοον
434 1472 583 1525 ἆπαν
623 1470 849 1542 χρυσίου
898 1471 1231 1540 πιπράσκειν
1265 1472 1375 1532 τοῖς
1408 1485 1468 1521 τε
1518 1466 1614 1531 τὰς
1653 1465 1828 1538 ἀρχὰς

222 1565 682 1635 ἐπιτροπεύουσι,
715 1564 828 1625 τοῖς
866 1580 927 1615 τε
974 1564 1102 1625 τοὺς
1142 1562 1342 1632 φόρους
1381 1560 1688 1627 ἐκλέγουσι,
1733 1559 1827 1611 καὶ

223 1657 343 1718 τοῖς
375 1656 494 1707 ὅσοι
529 1654 622 1707 ἀπ’
650 1653 907 1723 οὐδεμιᾶς
937 1653 1115 1716 αἰτίας
1147 1653 1372 1722 ῥάπτειν
1402 1651 1694 1713 ἐπιϐουλάς
1713 1652 1825 1712 τοῖς

229 1746 550 1816 ἀνθρώποις
579 1745 846 1798 ἐθέλουσι.
882 1744 1120 1808 Πολλοὺς
1146 1744 1204 1797 δὲ
1237 1743 1331 1797 καὶ
1356 1742 1695 1814 ἀναρίθμους
1718 1742 1827 1794 τῶν

229 1835 304 1887 τὰ
366 1834 542 1888 πολλὰ
592 1835 972 1905 κεκτημένων,
1027 1835 1330 1905 προφάσεις
1383 1833 1828 1917 ἀπροφασίστους

226 1925 591 1996 ἐπιχρὼσας.
627 1926 728 1989 τὰς
764 1926 824 1979 οὐ
838 1926 956 1988 σίας
989 1926 1206 1988 ἁπάσας
1250 1923 1578 1995 ἐζημίωσεν.
1627 1926 1727 1978 Ἤν
1771 1926 1827 1978 δὲ

230 2020 328 2071 καὶ
379 2018 521 2089 γυνὴ
572 2016 960 2089 ὲταιριξομένη
993 2017 1455 2087 ὲποφθαλμιῶσάν
1484 2034 1584 2087 τῳ,
1612 2017 1828 2085 ὁμιλίαν

226 2109 351 2162 τινὰ
407 2109 443 2179 ἢ
504 2109 651 2179 μίξιν
711 2108 1035 2175 ἀνέπλασεν,
1073 2108 1235 2171 εὐθὺς
1271 2108 1487 2162 ἅπαντα
1518 2107 1724 2176 φροῦδα
1760 2108 1829 2161 τὰ

227 2202 336 2251 τῶν
370 2200 559 2268 νόμων
602 2198 923 2260 καθίστατο,
969 2198 1067 2251 καὶ
1112 2198 1203 2250 τὸν
1246 2196 1624 2249 Ἰουστινιανὸν
1658 2213 1828 2265 προσ-

222 2290 633 2361 εταιρισαμένη
679 2289 772 2343 τοῦ
803 2290 1008 2344 ἀτόπου
1040 2288 1293 2357 κέρδους,
1332 2287 1452 2341 ὅλον
1478 2288 1570 2340 τὸν
1600 2287 1826 2340 πλοῦτον

226 2381 325 2435 τοῦ
396 2380 901 2452 συκοφαντηθέντος
937 2420 951 2445 ,
1009 2381 1148 2433 οἴκοι
1205 2379 1665 2449 μετεσκευάσατο.
1717 2378 1824 2430 Καὶ

228 2475 463 2548 ἀφειδὴς
515 2476 574 2529 δὲ
616 2477 917 2546 χρημάτων
962 2474 1231 2544 ὑπῆρχεν
1264 2471 1407 2526 ὥστε
1455 2473 1549 2524 καὶ
1597 2469 1826 2531 πολλοὺς

222 2568 433 2635 ἁγίους
460 2608 476 2633 ,
528 2567 624 2619 καὶ
671 2564 980 2635 ἑκασταχοῦ
1016 2565 1176 2627 ναοὺς
1225 2561 1664 2633 μεγαλοπρεπεῖς
1713 2557 1825 2628 (74)

229 2657 570 2727 ἀναστῆσαι,
601 2656 798 2719 ἄλλους
843 2673 903 2708 τε
944 2656 1166 2723 εὐαγεῖς
1195 2653 1384 2715 οἴκους
1421 2652 1480 2714 ἐς
1511 2650 1827 2720 ἐπιμέλειαν

228 2750 450 2821 ἀιδρῶν
480 2766 541 2802 τε
572 2749 668 2802 καὶ
699 2748 942 2817 γυναίων
973 2747 1170 2816 ἀώρων
1222 2763 1281 2798 τε
1331 2745 1428 2798 καὶ
1462 2744 1703 2815 ἐξώρων,
1734 2741 1828 2795 καὶ

230 2845 345 2895 τῶν
381 2843 491 2895 ὑπὸ
523 2842 849 2911 νοσημάτων
880 2839 1142 2892 ποικίλων
1174 2836 1602 2906 ἐνοχλουμένων
1631 2833 1830 2887 συντά-

232 2938 348 3001 ξεις
376 2951 440 2987 τε
474 2933 718 3003 μεγάλας
749 2931 1166 3000 ἀποκληρῶσαι,
1214 2928 1337 2981 ὅθεν
1378 2927 1486 3010 δέοι
1537 2925 1711 2978 ταῦτα
1741 2923 1828 2992 γί-

234 3027 451 3080 νεσθαι·
490 3026 698 3097 πρᾶξαί
727 3042 786 3077 τε
828 3025 921 3077 καὶ
949 3024 1083 3079 ἄλλα
1128 3023 1297 3093 μυρία
1326 3019 1525 3090 εὐσεῦἦ
1561 3019 1653 3071 καὶ
1695 3016 1813 3086 Θεῷ

232 3120 569 3190 ἀρέσκοντα,
600 3115 760 3188 εἴπερ
787 3115 849 3180 ἐξ
877 3108 1097 3169 οἰκείων
1125 3113 1296 3184 δρῷεν
1338 3115 1388 3166 οἱ
1425 3111 1631 3165 τούτων
1661 3111 1828 3181 ἐργά-

236 3227 348 3275 ται,
381 3209 481 3263 καὶ
507 3206 754 3279 καθαρὰς
781 3206 880 3271 τὰς
908 3206 1060 3275 σφῶν
1085 3202 1314 3272 πράξεις
1340 3202 1755 3272 καρποφοφῖεν.

839 3487 1090 3541 ΚΕΦΛΛ.
1135 3486 1261 3540 AA’.

234 3581 377 3650 Περὶ
409 3579 522 3636 τοῦ
551 3580 822 3651 μεγᾴλοι)
845 3579 996 3651 ναοῦ
1028 3575 1136 3651 τῆς
1183 3577 1381 3651 Ἀγίας
1417 3577 1671 3645 Kay/ae,
1732 3575 1832 3628 καὶ

633 3649 750 3704 τῶν
792 3649 837 3702 Ἀ
846 3649 992 3718 τίων
1027 3649 1424 3701 Ἀποο-τόλων.

319 3762 617 3832 Ἀνέστησε
665 3761 721 3815 δὲ
769 3761 864 3814 καὶ
913 3759 1058 3813 κατὰ
1100 3760 1201 3831 τὴν
1236 3760 1667 3825 Κωνσταντίνου,
1700 3760 1828 3813 πολ-

236 3852 364 3915 λοὺς
394 3852 495 3922 μὲν
526 3853 585 3912 ἐς
610 3850 806 3912 κάλλος
832 3848 1242 3919 ἐξησκημένους
1280 3849 1359 3919 τῷ
1389 3848 1529 3919 Θείῳ
1574 3849 1671 3903 καὶ
1713 3854 1827 3913 τοῖς

237 3942 417 4009 ἁγίοις
464 3940 689 4011 σηκούς.
736 3940 1074 4011 Ἐδομήσατο
1106 3938 1164 3991 δὲ
1200 3939 1345 4009 μέγα
1377 3957 1431 3993 τι
1464 3941 1559 3993 καὶ
1609 3941 1822 4011 ἀπαρά-

236 4033 441 4102 6λητον
471 4033 681 4102 χρῆμα,
716 4031 815 4101 οὐχ
856 4029 1141 4102 ἱστορηθὲν
1169 4029 1411 4093 πώποτε,
1443 4031 1535 4083 τὸν
1575 4031 1830 4101 μέγιστον

237 4123 337 4192 τῆς
372 4119 676 4192 ἐκκλησίας
713 4121 843 4190 νηὸν
868 4120 971 4191 (a),
1009 4118 1258 4189 εὐπρεπῆ
1285 4135 1344 4171 τε
1372 4120 1467 4173 καὶ
1504 4119 1710 4190 ἔξοχον,
1736 4121 1830 4174 καὶ

237 4211 400 4279 λόγου
433 4210 669 4280 δύναμιν
699 4209 1046 4264 ἐκϐαίνοντα.
1075 4209 1185 4262 Καὶ
1213 4210 1551 4279 πειράσομαι
1582 4210 1732 4274 δὲὼς
1765 4211 1831 4265 ἂν

236 4297 349 4364 οἶός
384 4319 445 4356 τε
492 4295 561 4365 ὧ,
606 4304 1039 4372 χωρογραφῆσαι
1068 4300 1131 4353 τὸ
1153 4301 1401 4371 τέμενος.
1433 4302 1597 4364 Θόλος
1623 4304 1770 4357 ἐστὶν
1805 4306 1832 4356 ὁ

237 4394 350 4447 τῶν
379 4393 704 4465 ἀνακτόρων
747 4392 902 4464 νηὸς,
933 4393 1185 4464 τέτταρσι
1235 4394 1677 4465 μετεωριζομένη
1725 4395 1832 4464 ψα-

208 4484 402 4548 ,λῐσιν,
435 4485 493 4547 ἐς
528 4483 783 4536 τοσοῦτον
814 4481 952 4553 ὕψος
1002 4482 1366 4554 ὲπαιρομένη,
1402 4484 1478 4548 ὡς
1510 4484 1694 4556 ἔνερθε
1734 4488 1832 4557 μὲν

234 4578 349 4641 τοῖς
390 4575 705 4640 ἀτενίζουσι
748 4575 1078 4644 δυσέφικτον
1142 4571 1286 4629 εἶναι
1330 4577 1424 4629 τοῦ
1466 4579 1831 4650 ἡμισφαιρίου

235 4669 338 4739 τὴν
375 4669 807 4739 ἀποπεράτωσιν
827 4683 843 4697 ’
873 4666 1079 4738 ὕπερθε
1117 4666 1173 4722 δὲ
1217 4669 1346 4733 τοὺς
1370 4671 1690 4740 γινομένους
1722 4689 1828 4743 μη-

1859 985 1910 1043 Α

228 1105 374 1175 Περὶ
438 1100 549 1173 τῆς
593 1105 1090 1173 φιλοχρηματίας,
1146 1105 1249 1175 καὶ
1304 1102 1651 1170 ἀπληστίας
1685 1104 1861 1156 Ἴου-ν

2546 1003 2700 1058 CAP.
2742 1002 2912 1058 XXX.

2220 1094 2295 1149 De
2326 1095 2631 1164 inexplebili
2658 1098 2887 1151 avaritia
2915 1096 3230 1151 Justiniani.

2002 1266 2130 1327 Fuit
2183 1271 2408 1341 quidem
2447 1272 2794 1328 Justinianus
2849 1274 3197 1345 inexplebilis
3248 1278 3515 1343 avaritias.

1930 1375 1986 1422 et
2026 1367 2192 1422 alieni
2231 1385 2407 1439 usque
2440 1369 2578 1424 adeo
2624 1378 2908 1439 appetens,
2949 1380 3011 1426 ut
3045 1372 3330 1427 universas
3386 1390 3516 1442 pro-

1929 1459 2142 1514 vineias
2186 1460 2405 1530 imperii
2450 1461 2684 1515 Romani
2716 1470 2940 1532 accepta
2983 1466 3220 1533 pecunia
3254 1465 3521 1519 venderet

1929 1553 2364 1623 magistratibus,
2420 1562 2475 1606 et
2524 1554 2861 1609 tributorum
2917 1555 3295 1621 exactoribus,
3352 1565 3408 1609 et
3452 1557 3520 1611 iis

1930 1644 2025 1714 qui
2053 1645 2264 1715 absque
2312 1646 2420 1699 ulla
2456 1662 2622 1702 causa
2672 1647 2902 1702 insidias
2946 1647 3270 1703 hominibus
3302 1657 3520 1703 struere

1930 1738 2128 1792 solent.
2190 1738 2389 1791 Multos
2448 1747 2733 1808 prmterea,
2783 1754 2847 1793 ac
2893 1754 3049 1809 paene
3083 1740 3519 1795 innumerabiles

1931 1830 2025 1898 qui
2066 1830 2269 1898 opibus
2299 1830 2615 1893 afﬂuebant,
2660 1831 3003 1886 concinnatis
3033 1832 3328 1888 calumniis
3368 1832 3518 1886 omni

1929 1919 2264 1987 patrimonio
2298 1920 2574 1988 spoliavit.
2613 1920 2770 1987 Quod
2797 1924 2841 1977 si
2896 1938 3019 1991 qua:
3054 1923 3255 1978 mulier
3285 1940 3518 1994 corpore

1930 2017 2198 2076 quiestnm
2236 2008 2462 2073 faciens,
2498 2014 2958 2068 consuetudinem
2989 2023 3084 2068 aut
3113 2023 3365 2084 stuprum
3409 2017 3515 2070 ali-

1931 2101 2020 2155 cui
2072 2100 2210 2155 falso
2267 2105 2581 2173 objt-eisset.
2644 2107 2804 2161 bonis
2845 2109 2966 2178 ejus
3023 2108 3263 2174 inhians,
3333 2111 3519 2165 statim

1931 2191 2081 2261 leges
2109 2209 2299 2248 OIIIIICS
2328 2212 2392 2248 ac
2423 2196 2544 2265 jura
2575 2198 2942 2263 violabantur,
2975 2209 3029 2252 et
3056 2199 3220 2253 modo
3255 2200 3523 2256 Justinia—

1934 2298 2067 2335 num
2108 2285 2287 2353 turpis
2324 2285 2463 2339 lucri
2521 2288 2845 2357 participem
2879 2290 3189 2354 ascivisset,
3231 2292 3520 2346 universas

1929 2388 2063 2441 opes
2093 2375 2212 2442 ejus
2242 2377 2336 2444 qui
2364 2378 2636 2431 calumnia
2668 2381 2945 2448 appetitus
2979 2382 3178 2446 fuerat,
3210 2383 3263 2436 in
3293 2383 3518 2437 domum

1931 2480 2082 2517 suam
2116 2468 2501 2522 transferebat.
2535 2470 2684 2524 idem
2732 2480 2912 2526 tamen
2946 2473 2997 2526 in
3024 2474 3385 2543 expendenda
3424 2491 3522 2545 pe-

1930 2557 2093 2609 cunia
2125 2557 2419 2612 admodum
2451 2562 2633 2630 largus
2668 2561 2774 2616 fuit
2808 2581 2819 2615 :
2856 2564 2995 2619 adeo
3029 2573 3088 2618 ut
3112 2566 3313 2621 multas
3336 2582 3522 2622 sacras

1928 2646 2074 2701 aedes
2120 2658 2177 2702 et
2238 2651 2551 2720 magniﬁcas
2614 2656 2815 2722 passim
2874 2658 3136 2713 ecclesias
3198 2659 3519 2716 aedificaret.

1928 2740 2126 2796 Multas
2151 2754 2414 2811 prteterea
2462 2748 2742 2816 religiosas
2770 2750 2964 2805 domos
2987 2751 3053 2805 ad
3073 2741 3351 2807 curandos
3371 2753 3522 2809 viros

1930 2848 1995 2887 ac
2026 2834 2305 2897 mulieres,
2347 2846 2456 2889 tam
2496 2853 2674 2899 senes,
2703 2856 2864 2908 quam
2894 2842 3175 2910 parvulos,
3209 2850 3377 2896 eteos
3420 2841 3517 2910 qui

1930 2924 2096 2978 variis
2141 2926 2348 2980 morbis
2373 2927 2834 2984 conﬂictabantur
2860 2973 2874 2997 ,
2909 2933 3220 2986 exstruxit:
3254 2949 3359 2989 nec
3401 2950 3520 2989 me-

1932 3015 2150 3069 dioeres
2194 3017 2406 3072 reditus
2428 3019 2494 3073 ad
2531 3036 2650 3074 eam
2691 3038 2806 3075 rem
2857 3022 3167 3091 deputavit.
3226 3023 3521 3081 lnnumera

1933 3124 2153 3178 quoque
2188 3112 2291 3164 alia
2335 3112 2505 3181 gessit
2541 3113 2837 3168 admodum
2874 3115 2983 3184 pia,
3017 3116 3242 3185 Deoque
3269 3128 3518 3187 accepta,

1933 3201 2232 3255 dummodo
2260 3202 2295 3254 ii
2327 3205 2418 3271 qui
2446 3203 2561 3258 hare
2584 3216 2774 3274 agunt,
2806 3222 2870 3259 ex
2893 3207 3133 3275 propriis
3170 3208 3524 3264 facultatibus

1934 3309 1997 3345 ea
2025 3309 2198 3362 opera
2236 3296 2540 3363 periit-iant.
2577 3308 2630 3349 et
2667 3309 2821 3352 actus
2851 3314 2983 3353 suos
3020 3315 3211 3369 puros,
3261 3309 3523 3370 tanquam

1937 3384 2291 3447 sacrificium,
2318 3386 2553 3439 offerant
2585 3388 2716 3441 Deo.

2266 3570 2271 3573 μ
2434 3498 2593 3569 411
2636 3499 2790 3555 CAP.
2833 3500 3026 3555 xxxv.

1940 3586 2016 3641 De
2054 3605 2248 3657 magna
2298 3589 2513 3643 crclesia
2546 3588 2775 3661 VSancta'
2831 3591 3060 3661 Sapltia',
3109 3603 3158 3646 et
3205 3592 3524 3649 Sanctorum

2518 3660 2917 3729 Apostolorum.

2008 3770 2154 3825 idem
2203 3770 2701 3841 Constantinopoli,
2767 3789 2891 3828 cum
2955 3775 3089 3830 alias
3136 3791 3324 3832 sacras
3377 3780 3526 3833 aedes

1936 3861 2089 3915 mirre
2117 3862 2554 3931 pulchritudinis
2589 3864 2643 3917 in
2685 3864 2955 3931 honorem
2976 3866 3070 3921 Dei
3110 3882 3174 3922 ac
3204 3880 3521 3924 sanctorum

1933 3953 2243 4007 construxit
2277 3971 2289 4006 :
2322 3962 2435 4006 tum
2492 3970 2751 4025 magnum
2793 3955 2926 4010 illud
2981 3965 3038 4011 et
3087 3958 3521 4029 incomparabile

1932 4060 2092 4114 opus,
2122 4047 2427 4116 cujusmodi
2450 4047 2659 4101 nullum
2686 4063 2926 4118 unquam
2949 4048 3118 4103 fuisse
3138 4061 3513 4107 memoratur:

1934 4132 2224 4187 maximam
2269 4135 2483 4189 scilicet
2525 4136 2816 4190 ecclesiam
2853 4136 3064 4192 Sancta:
3089 4138 3327 4209 Sopbize,
3355 4140 3519 4196 deco-

1934 4239 2049 4277 ram
2085 4239 2150 4280 ac
2179 4226 2607 4291 praecellentem,
2644 4236 2702 4281 et
2748 4242 2871 4297 qua
2906 4229 3019 4282 vim
3057 4229 3276 4285 dicendi
3297 4246 3518 4287 omnem

1933 4314 2093 4385 longe
2122 4326 2363 4385 superat.
2393 4316 2528 4387 Ejus
2588 4327 2768 4373 tamen
2804 4319 3048 4389 singulas
3096 4330 3300 4391 partes,
3337 4324 3519 4394 quoad

1934 4422 2181 4476 possum,
2204 4409 2516 4465 describere
2553 4411 2815 4467 conabor.
2866 4412 3037 4468 jEdes
3070 4415 3395 4482 sanctuarii,
3441 4424 3516 4470 te-

1937 4498 2101 4553 studo
2138 4508 2225 4554 est
2248 4512 2487 4571 quatuor
2514 4503 2821 4560 fornicibus
2848 4506 2902 4560 in
2924 4506 3162 4561 sublime
3198 4518 3382 4563 erceta
3412 4525 3426 4561 :
3465 4509 3521 4563 in

1940 4597 2144 4643 tantam
2167 4591 2516 4648 altitudinem
2541 4594 2757 4650 sublata
2780 4637 2794 4661 ,
2827 4605 2887 4650 ut
2905 4611 2969 4651 ex
3002 4596 3265 4652 inferiore
3294 4598 3520 4667 quidem

1936 4676 2058 4732 loco
2082 4681 2438 4750 aspicientes,
2461 4684 2833 4754 hemisphaerii
2854 4686 3130 4758 fastigium
3154 4689 3372 4746 difficile
3393 4707 3522 4761 pos-
3618 4710 3621 4711 ν

1418 4806 1692 4863 VALESll
1729 4811 2289 4874 ANROTATIONES.

308 4927 425 4996 (74)
494 4925 604 4981 Καὶ
658 4925 1002 4994 ἑκασταχοῦ
1069 4925 1258 4992 ναοὺς
1316 4927 1819 4996 μεγαλοπρεπεῖς.

239 4995 521 5051 Henricus
574 4996 823 5051 Savilius
849 4996 1181 5065 particulam
1228 4998 1322 5048 και
1370 4995 1425 5049 in
1479 5012 1581 5051 suo
1624 4998 1819 5054 codice

235 5067 532 5136 expunxit.
568 5065 705 5121 Eam
732 5075 917 5121 tamen
937 5066 1030 5121 hic
1064 5066 1414 5122 retinendam
1439 5082 1560 5122 esse
1590 5082 1814 5134 censeo,

1929 4935 2289 5003 transpositis
2354 4944 2566 4991 tantum
2601 4938 2889 4993 vocabulis
2939 4938 3048 4992 hoc
3105 4939 3302 4994 modo:
3349 4940 3512 4995 Ὥστε

1927 5003 2524 5082 καὶ-πολλοὺςλὰγίους
2566 5008 2660 5061 καὶ
2714 5010 3157 5078 μεγαλοπρεπεῖς
3210 5008 3518 5082 ἑκασταχοῦ

1927 5074 2091 5136 ναοὺς
2121 5074 2445 5147 ἀναστῆσαι.

1689 5182 2075 5244 νΑῐιιυΒυΜ.

307 5272 554 5357 (α),Τ⁷’ξς
581 5273 917 5357 ἐξικλζισίᾳς
944 5273 1409 5357 νηᾴνλρμετρτεε
1458 5274 1656 5357 legisse
1679 5275 1825 5357 vide-

1941 5280 2088 5357 i‘nter
2114 5282 2319 5357 prioris
2359 5282 2609 5357 ecclesia:
2660 5282 3154 5357 conﬂagrationem
3183 5325 3219 5357 ,ί
3247 5294 3305 5341 et
3356 5301 3516 5344 nova:

237 5352 332 5400 tur
360 5344 465 5415 τῆς
506 5343 701 5415 Ἀγίας
727 5344 930 5415 glacie;
955 5344 1103 5415 ναόν.
1142 5344 1339 5415 Hujus
1368 5343 1617 5400 ecclesia:
1650 5346 1826 5400 azdifi-

239 5416 390 5471 catio
421 5412 492 5470 ad
524 5430 657 5468 ann.
689 5412 793 5467 552
820 5413 1111 5468 referenda
1142 5412 1248 5469 est.
1278 5414 1554 5468 Nimirum
1588 5415 1643 5468 in
1672 5417 1825 5471 sedi-

243 5487 397 5567 tione
426 5484 497 5539 ab
522 5484 780 5567 Hyeptio,
811 5484 1086 5567 Pompeio
1118 5492 1175 5567 et
1200 5484 1383 5567 Probo
1420 5485 1691 5567 adversus
1730 5489 1828 5542 Ju-

238 5556 556 5626 stiniannmﬂ
575 5554 684 5626 isto
713 5569 875 5626 anno,
906 5554 1182 5626 concitata
1228 5554 1321 5626 (de
1342 5570 1448 5623 qua
1474 5554 1590 5610 vid.
1646 5572 1814 5626 supra

243 5641 296 5681 c.
368 5626 459 5695 15)
517 5624 769 5679 Ecclesia
830 5625 1006 5695 Major
1043 5624 1303 5679 incendio
1342 5626 1639 5695 absumpta
1706 5624 1812 5683 est.

242 5694 452 5751 Novam
500 5695 691 5764 itaque
736 5703 794 5749 et
848 5696 1009 5763 longe
1042 5695 1368 5763 ampliorem
1394 5694 1689 5751 aedificavit
1732 5698 1825 5752 Ju-

243 5767 545 5830 stinianus,
571 5774 631 5819 et
657 5773 864 5820 sanctae
909 5764 1131 5832 Sophia:
1174 5765 1475 5831 dedicavit,
1519 5782 1668 5820 anno
1699 5768 1825 5832 557,

247 5852 436 5893 mense
464 5835 923 5900 Decembri,cum
949 5850 1045 5889 sex
1076 5833 1345 5890 fere’anni
1381 5836 1828 5894 intercessissent

1936 5350 2511 5424 dedicationem.Vid.
2538 5353 2667 5408 Ant.
2703 5355 2829 5424 Pagi
2850 5350 2921 5408 ad
2955 5371 3085 5409 ann.
3126 5356 3250 5419 552,
3288 5374 3344 5411 n.
3373 5356 3423 5419 7,
3456 5367 3515 5415 et

1935 5421 2003 5475 ad
2029 5436 2161 5497 ann.
2195 5423 2414 5497 537,An.
2460 5425 2507 5480 5.
2574 5421 2976 5497 (W_._7Lov§'rn.)
3035 5425 3211 5495 Hujus
3266 5429 3516 5485 ecclesia:

1936 5492 2184 5547 nominis
2238 5495 2509 5550 rationem
2575 5492 2762 5551 reddit
2829 5492 3033 5551 Paulus
3092 5492 3364 5552 Diaconos
3412 5499 3512 5553 lib.

1922 5578 2075 5639 avni,
2112 5563 2292 5639 i_nitio,
2322 5564 2406 5639 his
2426 5566 2644 5639 verbis:
2704 5584 2722 5618 ι
2748 5566 3046 5639 Exstruxit
3094 5568 3238 5639 idem
3266 5570 3519 5639 princeps

1936 5632 2651 5708 intraconstantinopolim
2701 5636 2899 5690 urbem
2943 5636 3047 5707 ipsi
3107 5632 3365 5703 Domino,
3419 5632 3515 5708 qui

1934 5712 2021 5757 est
2053 5701 2329 5778 Sapientia
2357 5706 2453 5778 Dei
2475 5701 2730 5778 -Patris,f
2761 5701 3067 5778 templum,
3130 5709 3276 5778 quod
3322 5701 3520 5771 (ξι-οἱα)

1934 5774 2441 5850 ν-οροὺυιοῇΔγίαν
2460 5778 2689 5848 Σοφίαν,
2721 5776 2774 5832 id
2810 5774 2916 5843 est,
2973 5774 3229 5834 Sanctum
3282 5779 3514 5850 Sapien-

1936 5845 2067 5897 tiam
2087 5844 2417 5902 nominavit.
