3982 6388
467 416 606 481 276Ἷ

1697 405 2011 467 EVAGBII
2052 404 2542 465 SCHOLASTICI

3591 404 3716 468 2768

468 529 563 600 qui
592 524 747 582 allati
772 525 993 579 fuerant
1024 517 1361 590 proferebat.
1402 515 1551 570 Idem
1600 522 1893 585 praetcrea,
1925 529 2051 569 cum

2186 517 2222 588 ᾖ
2266 514 2412 586 χειρὶ
2445 511 2822 586 μετεωρίζων,
2847 512 3047 565 ἔτυπτε
3077 508 3186 564 τῶν
3206 508 3400 566 κιόνων
3425 514 3545 579 τοὺς
3576 516 3717 572 πλεί-

464 621 781 679 immineret
817 627 977 672 terra:
1007 623 1190 669 motus
1221 612 1312 667 ille
1342 626 1455 682 quo
1484 600 2055 667 Phcenice‘maritima

469 728 742 773 concussa
766 718 871 775 est,
897 717 953 762 et
983 722 1095 778 quo
1148 707 1400 778 Berytus,
1425 712 1482 760 et
1506 702 1701 759 Biblus
1723 720 1787 760 ac
1819 705 2063 776 Tripolis

467 825 578 880 pra:
612 803 841 874 reliquis
873 800 1109 855 urbibus
1137 808 1344 853 vexata:
1374 807 1523 861 sunt,
1559 796 1774 867 ﬂagello
1799 798 1852 852 in
1887 799 2063 853 altum

467 897 705 959 sublato,
759 910 826 949 ex
868 890 1145 947 columnis
1189 904 1312 959 quae
1341 896 1503 943 erant
1534 888 1589 942 in
1618 887 1739 942 foro
1770 888 2063 957 plerasque

467 991 761 1047 verberare
829 986 1020 1054 coepit,
1111 983 1416 1037 inclamans
1474 981 1563 1037 his
1592 980 1824 1035 verbis:
1877 979 2052 1042 State,

468 1079 777 1138 saltandum
810 1077 968 1133 vobis
1002 1084 1105 1130 est.
1144 1074 1213 1128 Et
1248 1075 1510 1144 quoniam
1558 1071 1697 1125 nihil
1736 1079 1941 1124 temere
1963 1078 2057 1123 aut

469 1177 783 1230 inconsulto
820 1171 890 1225 ab
928 1184 998 1224 eo
1056 1166 1241 1231 ﬁebat,
1278 1166 1336 1219 hi
1389 1165 1484 1235 qui
1511 1164 1764 1228 aderant,
1809 1161 2056 1217 studiose

2159 626 2255 673 ους
2286 610 2391 663 ἀνὰ
2420 609 2520 682 τὴν
2551 607 2780 680 ἀγοράν,
2814 605 3011 677 Στῆτε,
3046 602 3207 675 βοῶν,
3241 604 3571 676 ὀρχήσασθαι
3607 611 3719 680 εχε-

2160 719 2241 755 τε.
2310 701 2468 754 Ἐπεὶ
2520 701 2703 755 τοίνυν
2750 700 2904 754 οὐδὲν
2959 695 3189 768 τάνδρὸς
3238 691 3308 767 ἦν
3357 697 3642 770 πάρεργον,
3672 704 3719 755 ot

2160 792 2372 857 τούτοις
2412 792 2803 864 περιτυχόντες
2831 790 2921 845 τὸν
2978 789 3105 844 νοῦν
3150 788 3416 854 ἐτίθεσαν,
3456 791 3602 856 τίνας
3629 795 3727 849 τῶν

2165 885 2360 939 κιόνων
2403 883 2477 956 μὴ
2541 884 2762 938 τύπτων
2815 882 3027 954 παρίοι.
3083 882 3146 934 Οἳ
3195 880 3291 933 καὶ
3344 882 3460 949 μετ’
3498 883 3555 935 ού
3604 884 3727 940 πολὺ

2166 970 2555 1039 πεπτώκασιν,
2592 972 2757 1044 ἔργον
2806 973 2900 1026 τοῦ
2962 968 3190 1042 σεισμοῦ
3219 969 3521 1039 γενόμενοι.
3569 973 3731 1029 Πολλά

2163 1065 2220 1119 δὲ
2257 1066 2351 1118 καὶ
2398 1066 2562 1138 ἕτερα
2608 1050 2918 1138 πέπραχεν,
2965 1065 3001 1121 ἃ
3042 1063 3137 1119 καὶ
3185 1064 3570 1135 πραγματείας
3611 1066 3732 1120 ἰδια-

2166 1158 2366 1232 ζούσης
2391 1160 2586 1215 δεῖται.

470 1275 732 1323 notarunt
761 1267 1074 1330 columnas,
1106 1279 1244 1334 quas
1264 1261 1355 1315 ille
1378 1267 1805 1330 praetergressus
1829 1256 2057 1310 minime
2094 1254 2440 1309 verberarat.
2481 1255 2615 1321 Quae
2683 1255 2909 1327 quidem
2965 1255 3115 1312 haud
3152 1258 3327 1313 multo
3353 1266 3479 1328 post
3526 1271 3733 1312 corrue-

472 1375 603 1419 runt
656 1369 976 1419 termmotu
1036 1358 1336 1416 subversae.
1372 1356 1479 1411 Sed
1505 1364 1560 1409 et
1591 1354 1826 1426 plurima
1852 1353 1957 1409 alia
1995 1352 2064 1408 ab
2104 1367 2170 1407 eo
2196 1358 2349 1423 gesta
2377 1358 2529 1417 sunt,
2555 1368 2677 1422 qua:
2705 1352 2987 1423 peculiare
3036 1367 3176 1423 opus
3200 1352 3541 1409 desiderant.

1065 1520 1216 1575 CAP.
1258 1516 1464 1574 XXXV.

476 1667 549 1721 De
579 1665 773 1720 Thoma
812 1663 1086 1726 niouacho,
1119 1660 1219 1783 quil
1242 1657 1530 1741 stultitiam
1570 1657 1691 1729 pari
1718 1655 1871 1710 modo
1897 1656 2063 1709 simu-

1223 1738 1349 1783 amt.

1223 1738 1349 1783 avit.

2741 1512 3005 1591 KEMA,
3057 1513 3182 1567 AE’.
3215 1505 3223 1513 '

2164 1648 2305 1718 Περὶ
2336 1645 2511 1719 Θωμᾶ
2530 1663 2689 1717 μονα
2693 1646 2828 1717 χοῦ,
2855 1645 2951 1728 θεαὶ
2980 1642 3170 1771 αὲτοῦ
3193 1646 3409 1716 ὁμοίως
3431 1660 3739 1715 προσποιη-

2796 1734 2903 1771 του
2934 1732 3018 1771 σα
3063 1733 3156 1771 ου.

2796 1734 2903 1772 του
2934 1732 3156 1771 σαυιου.

543 1891 673 1947 Fuit
713 1888 879 1946 etiam
906 1903 971 1942 ea
1007 1891 1336 1955 tempestate
1387 1882 1630 1937 Thomas
1671 1880 1920 1951 quidam,
1970 1877 2067 1949 qui

2242 1871 2351 1929 Ἦν
2381 1874 2440 1929 δὲ
2462 1872 2721 1946 τηνικάδε
2755 1874 2851 1926 καὶ
2897 1873 3102 1944 Θωμᾶς
3145 1872 3302 1928 τόνδε
3335 1872 3624 1927 διαθ).εύων
3664 1873 3743 1928 τδν

476 1987 531 2041 in
571 1980 869 2053 Caelesyria
924 1979 1071 2034 idem
1113 1975 1337 2032 vivendi
1377 1988 1553 2046 genus
1607 1973 1916 2028 excolebat.
1967 1971 2070 2026 Hic

475 2076 774 2147 aliquando
826 2071 1177 2130 Antiochiam
1208 2067 1381 2131 venit,
1438 2079 1685 2120 annuum
1730 2062 2069 2134 stipendium

475 2178 811 2239 accepturus
830 2168 898 2222 ad
923 2162 1251 2220 monasterii
1272 2161 1357 2216 sui
1382 2158 1724 2214 alimoniam.
1747 2158 1863 2211 lloc
1883 2163 2069 2210 autem

477 2260 820 2332 stipendium
882 2275 951 2313 ex
1018 2256 1293 2312 reditibus
1343 2249 1736 2309 Antiochensis
1809 2248 2071 2304 Ecclesiae

479 2356 715 2429 prteberi
744 2357 1132 2409 consueverat.
1156 2348 1408 2416 Quodam
1426 2346 1592 2418 igitur
1618 2344 1709 2399 die
1723 2341 2068 2407 Anastasius,

479 2447 576 2519 qui
599 2455 723 2502 erat
755 2457 1080 2499 meonomus
1124 2438 1373 2511 ejusdem
1399 2435 1682 2500 Ecclesia,
1718 2448 1887 2504 supra
1921 2431 2073 2487 dicto

481 2538 731 2600 fl‘homaa,
766 2532 1029 2605 quoniam
1075 2530 1398 2599 frequenter
1443 2526 1497 2581 ei
1547 2524 1813 2580 molestus
1869 2521 2070 2587 fuerat,

482 2629 779 2697 colaphum
813 2623 1067 2681 incussit.
1102 2621 1260 2689 Quod
1295 2620 1501 2675 factum
1551 2632 1681 2673 cum
1711 2614 1934 2685 indigne
1959 2612 2073 2669 fer-

483 2732 608 2783 rent
641 2720 736 2791 qui
758 2719 1014 2785 aderant,
1047 2716 1290 2771 Thomas
1320 2727 1424 2769 nec
1455 2727 1515 2767 se
1563 2717 1925 2780 accepturum
1951 2721 2073 2761 am-

481 2817 629 2889 plius
677 2813 1004 2885 quidquam,
1058 2825 1163 2866 nec
1229 2808 1384 2863 illum
1436 2805 1697 2860 daturum
1734 2816 1859 2858 esse
1911 2798 2071 2853 dixit.

482 2910 793 2980 Utrumque
824 2921 992 2978 porro
1027 2904 1102 2959 ita
1147 2901 1358 2965 evenit,
1399 2894 1697 2954 Anastasio
1727 2903 1948 2964 postera
1984 2890 2075 2945 die

481 3020 514 3061 ο
538 3003 682 3060 vivis
702 3001 924 3059 sublato
955 3017 971 3066 ;
1026 2998 1241 3053 Thema
1270 3011 1404 3051 vero
1457 2994 1606 3049 inter
1636 2989 1982 3046 redeundum
2018 2988 2075 3042 in

484 3096 728 3167 hospitio
752 3092 1103 3149 inﬁrmorum
1126 3087 1277 3159 quod
1320 3095 1407 3142 est
1434 3085 1491 3140 in
1521 3083 1845 3139 suburbano
1894 3081 2077 3151 Daph-

485 3188 668 3255 nensi,
697 3186 766 3242 ad
792 3183 1162 3240 immortalem
1180 3181 1351 3235 vitam
1379 3178 1665 3233 translato.
1702 3174 1873 3247 Cujus
1896 3174 2076 3230 acada-
2103 3211 2147 3270 c

487 3298 585 3336 ver
614 3279 891 3349 sepultum
913 3284 998 3331 est
1024 3275 1080 3329 in
1105 3269 1482 3329 monumentis
1500 3267 1941 3339 peregrinorum.
1969 3265 2077 3321 Sed

488 3367 657 3441 416
711 3363 974 3437 quoniam
1040 3376 1152 3417 uno
1201 3368 1260 3415 et
1301 3360 1477 3414 altero
1516 3366 1643 3428 post
1676 3357 1831 3411 illum
1874 3355 2080 3411 ibidem

490 3460 730 3531 sepulto,
755 3472 957 3527 corpus
977 3456 1203 3510 Thomm
1223 3467 1442 3522 semper
1458 3450 1625 3519 supra
1646 3449 1772 3505 illos
1791 3449 2042 3504 exstabat
2065 3465 2079 3502 :

492 3556 604 3611 Deo
648 3553 861 3609 scilicet
910 3551 1079 3606 etiam
1138 3557 1262 3619 post
1314 3555 1547 3602 mortem
1596 3546 1746 3600 illius
1784 3545 2085 3600 maximum

491 3648 693 3705 edente
740 3644 1068 3701 miraculum
1101 3661 1113 3695 :
1147 3630 1360 3711 reliqua
1388 3640 1537 3695 enim
1573 3638 1841 3694 cadavera
1861 3638 2089 3693 submoo

493 3741 763 3796 vehantur
782 3738 999 3807 longius
1023 3750 1086 3789 ac
1110 3732 1555 3802 repellebantur:
1590 3730 1785 3785 incola:
1825 3738 2080 3784 sanctum

494 3830 674 3885 virum
727 3826 1011 3888 admirati,
1064 3822 1381 3893 Ephrazmio
1437 3835 1552 3875 rem
1609 3819 1889 3874 nuntiant.
1941 3818 2081 3873 Tum

494 3937 627 3977 vero
656 3932 877 3975 sacrum
925 3916 1046 3987 ejus
1075 3927 1279 3982 corpus
1321 3909 1543 3981 publica
1574 3908 1871 3964 festivitate
1899 3924 1964 3963 ac
1991 3923 2082 3963 so-

496 4013 666 4070 lemni
724 4024 925 4082 pompa
968 4005 1319 4062 Antiochiam
1383 4002 1737 4073 deportatum
1779 4008 1887 4067 est,
1935 4002 2082 4056 etin

497 4102 817 4161 cmmeterio
874 4098 1180 4154 honoriﬁce
1215 4096 1533 4165 deponitur,
1563 4107 1688 4150 cum
1735 4092 2084 4164 pestilentem

499 4196 754 4252 morbum
822 4193 918 4264 qui
975 4201 1091 4248 tum
1154 4190 1505 4263 grassabatur
1561 4188 1922 4244 translatione
1987 4201 2089 4241 sua

2174 1967 2311 2039 βίον,
2344 1965 2451 2019 ἀνὰ
2476 1964 2577 2035 τὴν
2605 1962 2811 2032 Κοίλην
2836 1963 3065 2035 Συρίαν,
3094 1963 3155 2028 ὃς
3189 1964 3329 2035 πρὸς
3359 1966 3461 2034 τὴν
3488 1965 3743 2033 Ἀντιόχου

2172 2061 2365 2129 γέγονε
2396 2057 2495 2128 τὴν
2520 2056 2770 2110 ἐπέτειον
2806 2056 3074 2127 χορηγίαν
3104 2055 3476 2127 κομιούμενος
3504 2056 3598 2126 τῆς
3638 2057 3745 2109 κατ’

2172 2152 2336 2207 αὐτὸν
2399 2151 2586 2221 μονῆς.
2617 2150 2911 2203 Ἐτέτακτο
2960 2149 3016 2203 δὲ
3069 2149 3133 2203 ὲκ
3165 2150 3268 2219 τῆς
3303 2150 3498 2205 αὐτόσε
3536 2149 3745 2220 Ἐκκλη-

2174 2244 2297 2309 σίας
2327 2244 2465 2317 (86).
2492 2243 2697 2298 Τοῦτον
2728 2243 2757 2297 ὁ
2781 2244 3159 2310 ’Δναστάσιος,
3183 2245 3494 2317 οἰκονομῶν
3508 2245 3602 2317 τὴν
3639 2243 3748 2297 Ἐκ-

2174 2337 2428 2408 κλησίαν,
2455 2336 2646 2408 ἐπειδὴ
2680 2337 2892 2406 συχνῶς
2923 2335 3088 2389 αὐτὸν
3116 2333 3379 2407 ἠνώχλει,
3399 2338 3465 2407 τῇ
3498 2337 3635 2408 χειρὶ
3662 2353 3750 2389 κα-

2174 2431 2240 2485 τὰ
2258 2430 2465 2502 κόρρης
2496 2428 2753 2502 ῥαπίζει·
2782 2431 2877 2484 καὶ
2906 2428 3461 2500 δυσανασχετούντων
3488 2430 3593 2483 τῶν
3616 2429 3750 2499 σφίσι

2175 2525 2482 2594 παρόντων,
2525 2522 2653 2594 ἔφη,
2691 2519 2815 2576 οὔτε
2864 2522 3032 2575 αὐτὸν
3071 2521 3152 2576 ἔτι
3190 2521 3485 2593 λήψεσθαι,
3532 2523 3649 2577 οὕτε
3674 2524 3751 2576 τὸν

2174 2615 2539 2669 ’Δναστὰσιον
2556 2614 2791 2668 δώσειν·
2827 2615 2922 2666 καὶ
2965 2614 3133 2685 ἄμφω
3173 2615 3468 2684 γενέσθαι*
3508 2615 3750 2669 Ἀνάστα-

2177 2707 2295 2762 σίου
2339 2708 2437 2777 μὲν
2470 2706 2590 2778 μεθ’
2626 2705 2844 2775 ἡμέραν
2881 2704 3012 2775 μίαν
3037 2705 3132 2759 τὸν
3188 2703 3310 2776 βίον
3365 2704 3755 2775 καταστρέψαν-

2173 2815 2299 2864 τοςο
2331 2798 2504 2869 Θωμᾶ
2531 2797 2588 2851 δὲ
2619 2799 2676 2851 ὲν
2705 2795 2784 2866 τῷ
2813 2796 2924 2849 τῶν
2956 2795 3259 2851 νοσούντων
3291 2796 3616 2867 καταγωγίῳ
3655 2793 3752 2865 (87)

2176 2890 2282 2943 άνὰ
2313 2888 2375 2942 τὸ
2409 2888 2741 2959 προάστειον
2782 2886 3001 2957 Δάφνην
3031 2886 3091 2939 ἐν
3120 2888 3186 2958 τῇ
3222 2885 3595 2959 άποπορεύσει
3636 2883 3755 2953 πρὸς

2176 2984 2269 3038 τὸν
2301 2984 2496 3055 ἀγήρω
2530 2981 2905 3053 μεταστάντος
2939 2981 3058 3051 βίον
3085 2998 3099 3012 ·
3133 2974 3195 3035 οὗ
3229 2982 3327 3035 τὸν
3358 2980 3550 3053 νεκρὸν
3592 2979 3757 3033 ἔθεντο

2178 3076 2237 3129 ὲν
2262 3076 2376 3140 τοῖς
2404 3073 2516 3128 τῶν
2545 3073 2832 3145 ἐπηλύδων
2876 3072 3097 3143 τάφοις.
3128 3073 3361 3146 Ἐπειδὴ
3412 3075 3470 3129 δὲ
3514 3073 3631 3136 ἐνὸς
3675 3070 3758 3124 καὶ

2178 3165 2431 3238 δευτέρου
2465 3165 2762 3230 τεθέντοιν,
2804 3164 3040 3236 ὕπερθεν
3061 3166 3250 3220 αὐτοῖν
3304 3166 3369 3220 τὸ
3416 3163 3581 3219 αὐτοῦ
3614 3161 3759 3232 σῶμα

2180 3261 2396 3331 γέγονε,
2435 3260 2693 3331 μέγιστον
2725 3258 2914 3331 θαῦμα
2940 3258 3037 3312 τοῦ
3067 3259 3227 3325 Θεοῦ,
3261 3260 3358 3313 καὶ
3382 3258 3525 3331 μετὰ
3553 3258 3759 3311 θάνατον

2180 3330 2345 3407 αὐτὸν
2394 3330 2851 3415 ἀναδεικνύντοςέ
2891 3351 3225 3423 άπέπεμπόν
3267 3370 3333 3406 τε
3397 3330 3508 3425 γάρ
3561 3347 3759 3422 μακράν

2182 3445 2656 3518 ἁποκρουόμενοι,
2717 3445 3106 3516 θαυμάσαντες
3155 3445 3247 3499 τὸν
3307 3447 3499 3516 ἆγιον,
3552 3446 3761 3514 Ἐφραι-

2188 3540 2298 3613 μίῳ
2334 3537 2448 3609 (88)
2482 3538 2896 3607 διαγγέλλουσιο
2937 3537 3033 3592 καὶ⁹
3069 3537 3209 3609 μετὰ
3254 3534 3591 3610 δημοτελοῦς
3640 3536 3758 3602 ἀγε-

2191 3633 2418 3706 ρωχίας,
2451 3631 2546 3685 καὶ
2593 3631 2839 3701 πομπῆς,
2868 3631 3303 3701 μετακομίζεται
3332 3632 3361 3685 ὁ
3395 3630 3657 3698 πανάγιος
3677 3625 3763 3680 αύ-

2187 3723 2285 3778 τοῦ
2316 3723 2506 3795 νεκρὸς
2536 3722 2639 3777 ἀνὰ
2672 3722 2771 3795 τὴν
2818 3722 3119 3793 ’Δντιόχου,
3145 3722 3201 3777 ἐν
3227 3740 3288 3776 τε
3329 3723 3409 3796 τῷ
3440 3719 3763 3794 κοιμητηρίῳ

2187 3817 2442 3887 τιμᾶται,
2476 3815 2578 3888 τὴν
2629 3814 2937 3887 τηνικαῦτα
2968 3816 3309 3885 φοιτήσασαν
3342 3814 3582 3887 λοιμώδη
3627 3812 3764 3866 νόσον

2188 3911 2255 3979 τῇ
2318 3907 2612 3977 μεταθέσει
2666 3905 2905 3970 παύσας.
2957 3900 3032 3960 υἷι
3081 3907 3177 3961 καὶ
3204 3909 3307 3978 τὴν
3334 3909 3551 3981 ἐτήσιον
3585 3903 3764 3976 ἑορτὴν

2191 4002 2389 4073 μέχρις
2417 4001 2575 4073 ήμῶν
2606 4002 2795 4065 παῖδες
2813 4003 3133 4071 Ἀντιοχέων
3158 4002 3601 4075 μεγαλοπρεπῶς
3620 4001 3767 4070 άγου-

2190 4110 2297 4149 σιν.
2329 4093 2472 4146 Ἀλλ’
2505 4095 2599 4148 ἐπὶ
2626 4093 2687 4147 τὸ
2712 4094 3075 4166 προκείμενον
3130 4097 3224 4148 τοῦ
3251 4094 3419 4165 λόγου
3469 4095 3568 4167 τὴν
3600 4091 3764 4166 ῥύμην

2195 4187 2627 4259 μεταγάγωμεν.

498 4290 838 4360 dispulisset.
872 4286 1049 4358 Hujus
1078 4284 1225 4340 diem
1258 4283 1459 4340 festum
1488 4282 1821 4340 Antiocheni
1859 4280 1929 4336 ad
1977 4289 2167 4337 nostra
2238 4296 2416 4352 usque
2474 4290 2729 4354 tempora
2768 4283 3066 4355 quotannis
3111 4285 3412 4357 magnifice
3466 4285 3759 4347 celebrant.

498 4387 703 4443 Verum
754 4382 822 4438 ad
866 4381 1211 4452 propositum
1259 4381 1512 4438 historia:
1541 4378 1796 4435 ordinem
1849 4387 2215 4436 revertamur.

1713 4608 1988 4665 VALESll
2020 4604 2575 4667 ANNOTATIONES.

503 4768 766 4848 inductus
805 4768 1130 4848 interpres,“
1163 4771 1418 4826 Bostram
1451 4768 1621 4848 vertit
1657 4770 1828 4848 gravi
1876 4785 2090 4848 errore,
2126 4791 2171 4848 ι)

500 4856 629 4896 eum
668 4839 860 4895 Bostra
887 4839 1397 4896 sit’Mediterranea
1418 4839 1615 4895 civitas
1643 4839 1878 4895 Arabiae.
1912 4841 2089 4910 Ilujus

502 4911 659 4965 urbis
680 4925 879 4965 nomen
903 4914 1310 4967 restituendum
1334 4910 1555 4966 videtur
1586 4910 1638 4965 in
1668 4910 1950 4966 [cinerario
1979 4914 2092 4966 An-

502 4982 681 5037 tonini
731 4983 1011 5053 martyris,
1069 4996 1137 5037 eo
1187 4981 1313 5036 loco
1351 4996 1512 5053 quem
1547 4982 1805 5053 superius
1860 4982 2085 5037 adduxi.

502 5053 637 5124 Nam
686 5068 782 5123 pro
817 5048 1040 5124 civitate
1075 5053 1263 5124 Triari
1305 5048 1663 5124 scribendum
1708 5060 1793 5107 est
1831 5053 2017 5124 Botry.

573 5121 698 5194 (86)
739 5122 1043 5176 Ὲτέτίικτο
1092 5122 1160 5175 δὲ
1197 5123 1265 5177 ἐκ
1301 5121 1411 5194 τῆς
1459 5125 1683 5177 αὐτόσε
1722 5121 2107 5194 Ἔλικληάίας.

502 5193 640 5262 Quis
670 5193 797 5248 non
842 5194 1079 5266 miretur
1119 5200 1234 5248 tres
1262 5193 1412 5266 viros
1445 5194 1654 5266 doctos
1696 5194 1752 5247 in
1785 5193 1979 5266 hujus
1999 5195 2106 5248 loci

507 5264 974 5333 interpretatione
1004 5264 1191 5333 lapsos
1222 5264 1679 5320 l'uisse?Joannes
1704 5263 1929 5333 quidem
1963 5265 2108 5318 Lan-

506 5351 607 5405 gus
625 5332 701 5388 ita
726 5334 895 5405 vertit
922 5351 933 5387 :
958 5332 1116 5405 Illius
1139 5337 1277 5389 enim
1297 5335 1546 5389 Ecclesia:
1567 5332 1896 5389 censebatur.
1919 5337 2098 5404 Atque

507 5403 585 5460 ita
629 5407 747 5458 fere
775 5403 1081 5459 Musculus.
1119 5405 1659 5475 Christophorsonus
1689 5420 1821 5459 vero
1849 5408 2098 5459 omnium

509 5476 745 5545 pessime
772 5475 1170 5545 interpretatus
1214 5476 1435 5530 esthoc
1468 5475 1666 5529 modo:
1708 5475 1782 5528 Ab
1821 5490 1882 5529 ea
1929 5476 2101 5545 siqui-

508 5544 626 5599 dem
663 5544 902 5616 Ezclesia
944 5546 1215 5616 presbyter
1255 5548 1431 5615 fuerat
1481 5546 1781 5599 ordinatus.
1826 5544 2103 5601 Putarunt

509 5616 724 5670 scilicet
754 5615 1198 5687 subaudiendum
1233 5616 1325 5671 hic
1353 5630 1496 5679 esse,
1537 5616 1797 5687 ἐτέτακτο
1821 5618 1847 5668 ὁ
1877 5618 2101 5687 Θωμᾶς,

511 5700 637 5758 cum
696 5695 879 5739 tamen
912 5686 1359 5758 subaudiendum
1388 5687 1460 5740 sit
1495 5689 1527 5757 ἡ
1564 5685 1806 5758 ἐπέτειος
1843 5685 2101 5758 χορηγία,

513 5756 567 5809 id
618 5764 724 5827 est,
758 5772 1019 5827 animum
1063 5756 1406 5827 stipendium.
1454 5754 1561 5810 siue
1595 5754 2105 5827 eleemosy'nd,iquw

513 5842 575 5878 er
612 5824 861 5878 reditibus
895 5824 1233 5879 Antiocheam
1276 5825 1552 5898 Ecclrsiw,
1564 5824 1862 5898 quotannis
1891 5824 2103 5898 erogari

513 5904 854 5952 camuevelat
892 5898 1210 5951 monasterio
1258 5897 1460 5951 abbatis
1513 5895 1739 5952 Thoma'.
1852 5898 1855 5903 ’

2278 4770 2387 4841 (87)
2445 4771 2547 4827 Ἐν
2577 4769 2658 4843 τῷ
2692 4771 2809 4827 τῶν
2834 4772 3184 4827 νοσούντων
3224 4773 3592 4843 καταγωγΙῳ.
3621 4771 3773 4826 Joan-

2202 4857 2302 4896 nes
2341 4843 2600 4896 Moschus
2632 4842 2691 4913 in
2728 4843 3050 4899 Limonario
3076 4858 3215 4913 cap.
3247 4844 3337 4905 88,
3387 4842 3481 4897 ait
3523 4842 3772 4897 Thomam

2200 4923 2481 4984 mortuum
2514 4927 2651 4984 esse
2683 4912 2741 4967 in
2784 4915 3017 4970 ecclesia
3065 4912 3282 4984 sancta:
3317 4913 3643 4984 Euphemiae
3667 4921 3777 4978 quae

2199 4982 2410 5054 eratin
2460 4981 2786 5054 suburbano
2817 4983 3153 5054 Daplmensi.
3191 4984 3380 5053 Itaque
3411 4981 3584 5054 juxta
3623 4993 3775 5054 noso-

2198 5052 2442 5138 comiui‘n
2497 5052 2552 5106 in
2600 5049 3028 5138 .(juolperegrini
3072 5049 3525 5138 hospita—bantur,
3559 5049 3777 5138 ecclesia

2214 5134 2333 5196 erat
2378 5125 2555 5179 Beata:
2599 5120 2955 5196 Eupli—emim:
2989 5120 3460 5196 quemadmodum
3508 5121 3668 5178 hodie
3702 5120 3777 5173 vi-

2214 5194 2414 5247 demus
2448 5194 2808 5249 xenodochiis
2850 5206 2908 5249 et
2959 5194 3297 5251 nesocomiis
3328 5195 3620 5265 adjunctas
3645 5203 3776 5265 _e_sse

2210 5265 2494 5319 ecclesias.
2541 5266 2714 5319 Porro
2753 5266 2995 5322 Joannes
3042 5265 3296 5321 Moschus
3343 5261 3425 5320 ait
3469 5265 3618 5319 hunc
3644 5261 3777 5315 Tho—

2207 5350 2349 5388 mam
2386 5334 2810 5409 apocrisiarium
2856 5335 3035 5409 fuisse
3075 5337 3405 5409 monasterii
3452 5336 3564 5397 sui,
3602 5333 3655 5409 id
3701 5337 3777 5409 est

2208 5404 2647 5474 procuratorem.
2679 5407 3041 5476 Apoerisiarii
3067 5407 3216 5461 enim
3264 5407 3601 5476 dicebantur
3624 5404 3657 5456 ii
3692 5404 3776 5467 qui

2209 5476 2430 5545 negotia
2467 5474 2739 5546 gerebant
2772 5484 3240 5533 monasteriorum
3288 5486 3346 5531 et
3400 5474 3775 5534 ecclesiarum,

2210 5557 2271 5600 ut
2309 5546 2471 5601 docet
2505 5545 2852 5603 Justinianus
2880 5549 2937 5602 in
2973 5548 3199 5603 Novella
3257 5548 3309 5602 6.

2284 5616 2394 5740 (88)
2444 5617 2782 5687 Ἐριαιμίῳ.
2821 5619 3075 5673 Moschus
3123 5620 3178 5672 in
3208 5617 3390 5688 capite
3423 5617 3615 5679 citato,
3675 5621 3775 5664 non

2284 5689 2605 5740 uraaminm.
2640 5690 2735 5740 sed
2770 5689 3109 5740 Domninum
3142 5699 3302 5740 vocat
3325 5687 3648 5740 enisconum
3672 5682 3775 5735 An-

2205 5682 2605 5758 Ephrmminm,
2640 5682 2743 5741 sed
2770 5689 3109 5757 Domninum
3142 5682 3302 5744 voca't
3325 5687 3654 5758 episcopum
3672 5682 3775 5735 An-

2205 5754 2552 5820 tiochenum,
2582 5759 2691 5883 Qui
2730 5754 3005 5814 successit
3056 5754 3395 5829 Ephraemio.
3431 5754 3775 5834 [luncDum-

2205 5846 2335 5883 num
2372 5837 2531 5883 vocat
2580 5868 2597 5883 .
2631 5829 2931 5883 icenhorus
2970 5831 3288 5883 patriarcha
3316 5828 3773 5883 Constantinono‘

2199 5846 2335 5957 lnum
2372 5837 2531 5885 vocat
2580 5825 2931 5900 Nicephorus
2970 5825 3288 5900 patriarcha
3316 5825 3773 5893 Constantinopo-

2223 5909 2427 5956 uanus.

2223 5909 2427 5956 itanus.
