3982 6406
488 366 635 432 2733

1723 364 2039 425 EVAGRII
2081 361 2571 424 SCHOLASTICI

3685 359 3795 425 78‘

495 482 663 537 modo
699 481 1012 539 comedisse
1038 481 1234 537 dicens
1270 496 1382 551 quo
1415 485 1540 551 post
1570 479 1883 549 passionem
1912 493 2097 534 eome-

2225 478 2423 546 πάθεσι,
2464 478 2599 548 μηδὲ
2629 476 2687 530 δὲ
2737 479 2877 548 μετά
2916 476 3016 549 τὴν
3051 476 3353 533 ἀνάστασιν
3387 474 3484 531 τοῦ
3522 479 3792 543 παναγίου

499 573 606 639 dit,
643 588 771 629 cum
822 580 1236 629 sacrosanctum
1283 573 1404 643 ejus
1449 586 1655 640 corpus
1693 571 1805 641 jam
1852 569 1982 625 inde
2028 586 2096 624 ex

499 680 612 735 quo
639 665 697 719 in
727 674 884 720 utero
928 663 1230 719 formatum
1276 673 1383 727 est,
1432 663 1637 717 nullam
1675 662 2095 718 conversionem

499 767 597 813 aut
641 758 1005 813 mutationem
1048 773 1152 812 nec
1196 757 1251 811 in
1283 755 1621 811 voluntariis
1656 764 1712 809 et
1744 754 2096 810 naturalibus

499 850 981 921 perpessionibus,
1015 866 1120 905 nec
1143 858 1268 920 post
1295 849 1769 925 resurrectionem
1791 848 2093 917 acceperit.

2207 569 2462 641 σώματος
2493 568 2658 624 αὐτοῦ
2716 569 3049 640 δεξαμένου·
3079 566 3161 633 οἷς
3193 572 3469 625 συναινεῖν
3500 569 3629 632 τοὺς
3665 569 3798 622 ἑκα-

2206 663 2378 733 σταχῆ
2438 662 2618 733 ἱερέας
2679 662 3087 732 κατηνάγκαζε.
3151 663 3358 726 Πάντες
3419 661 3519 732 μὲν
3569 656 3665 716 οὖν
3731 663 3795 723 ἐς

2218 755 2573 808 Ἀναστάσιον
2613 755 2706 808 τὸν
2744 756 3079 826 Ἀντιοχείας
3133 755 3438 808 ἐπίσκοπον
3470 752 3800 826 καραδοκεῖν

2206 848 2475 913 εἰπόντες,
2512 848 2610 917 τὴν
2637 847 2863 919 πρώτην
2888 852 3087 918 πεῖραν
3111 847 3554 919 ἀπεκρούσαντο.

502 947 674 1001 Porro
704 945 1051 1001 Justinianus
1075 962 1269 1001 omnes
1302 945 1510 1015 ubique
1569 944 1862 1014 episcopos
1918 957 2018 1012 per
2062 942 2173 996 vim
2213 957 2411 1013 cogere
2456 943 2730 1010 instituit,
2784 953 2846 999 ut
2894 943 3028 999 huic
3068 942 3322 1013 opinioni
3369 941 3801 996 assentirentur.

503 1038 608 1095 Sed
636 1038 1033 1094 cumuniversi
1060 1038 1390 1093 sententiam
1412 1036 1686 1093 Anastasii
1704 1034 2097 1091 Antiochensis
2138 1035 2388 1107 episcopi
2424 1044 2750 1106 exspectare
2805 1052 2864 1091 se
2928 1036 3370 1106 respondissent,
3408 1034 3652 1104 primum
3697 1033 3794 1086 im-

502 1128 772 1199 peratoris
800 1128 1069 1197 impetum
1098 1126 1478 1181 declinarunt.

1151 1241 1305 1296 CAP.
1352 1241 1468 1296 XL.

738 1332 816 1387 De
839 1332 1129 1388 Anastasio
1157 1334 1555 1404 archiepiscopo
1580 1332 1891 1387 Antiochia}.

576 1447 754 1501 Porro
789 1446 892 1502 iste
919 1446 1247 1502 Anastasius
1269 1447 1357 1501 vir
1387 1448 1489 1501 fuit
1524 1455 1638 1502 tum
1667 1446 1722 1500 in
1755 1445 1960 1500 divinis
1986 1444 2106 1499 Lit-

510 1538 646 1594 teris
689 1538 990 1593 admodum
1033 1539 1310 1598 eruditus.
1346 1548 1461 1593 tum
1502 1539 1556 1593 in
1583 1538 1833 1593 moribus
1852 1546 1910 1593 et
1935 1539 1991 1592 in
2016 1538 2102 1592 vi-

510 1632 678 1687 vendi
717 1633 931 1686 ratione
958 1631 1414 1687 accuratissimus
1463 1649 1476 1684 :
1527 1630 1666 1684 adeo
1704 1638 1765 1684 ut
1803 1645 1897 1685 res
1933 1630 2100 1685 etiam

2818 1236 3070 1291 ΚΕΦΛΛ.
3113 1237 3202 1293 Μ’.

2246 1327 2389 1396 Περὶ
2437 1328 2843 1384 Ἀναστασίου
2868 1331 3354 1398 ἀρχιεπισκόπου
3393 1332 3775 1403 Ἀντιοχείας.

2284 1437 2395 1495 Ἦν
2424 1442 2479 1495 δὲ
2510 1442 2540 1495 ό
2583 1442 2957 1507 Ἀναστάσιος,
3007 1443 3078 1498 τὰ
3128 1444 3227 1514 μὲν
3272 1444 3394 1497 θεῖα
3448 1444 3509 1508 ἐς
3572 1445 3644 1500 τά
3705 1447 3811 1516 μάο

2210 1534 2368 1590 λιστα
2394 1534 2604 1603 λόγιοςο
2633 1534 2871 1606 ἀκριϐὴς
2896 1535 2956 1589 δὲ
2988 1536 3117 1599 τοὺς
3142 1537 3378 1605 τρόπους
3402 1537 3497 1590 καὶ
3535 1537 3636 1608 τὴν
3667 1538 3810 1593 δίαι-

2207 1644 2309 1682 ταν
2331 1645 2345 1659 ·
2384 1627 2461 1690 ὡς
2494 1627 2589 1681 καὶ
2618 1629 2736 1691 τοῖς
2778 1625 2903 1681 λίαν
2940 1626 3116 1697 ψιλοῖς
3156 1628 3541 1699 ἐπισκήπτειν,
3570 1629 3668 1681 καὶ
3703 1647 3813 1699 μη-

512 1724 821 1779 levissimas
859 1724 1205 1789 observaret,
1236 1739 1342 1779 nec
1371 1740 1400 1777 a
1426 1723 1737 1778 constantia
1759 1733 1814 1779 et
1839 1723 2100 1778 ﬁrmitate

2225 1719 2382 1790 ἰαμοῦ
2432 1719 2528 1774 τοῦ
2571 1719 2875 1782 εὐσταθοῦς
2904 1721 2999 1775 καὶ
3033 1717 3255 1789 βεϐαίου
3296 1720 3642 1790 παρεξιέναι,
3677 1723 3813 1791 μήτι

513 1832 756 1886 unquam
786 1815 1128 1881 deﬂecteret,
1165 1817 1371 1871 nedum
1407 1816 1463 1870 in
1505 1816 1687 1885 magni
1714 1817 1979 1871 momenti
2013 1831 2107 1871 re-

512 1906 641 1970 bus,
668 1917 726 1961 et
755 1923 878 1977 quze
900 1907 969 1963 ad
997 1908 1169 1963 Deum
1195 1917 1533 1978 spectarent.
1561 1906 1743 1962 Mores
1766 1916 1953 1962 autem
1977 1923 2110 1963 suos

513 2002 591 2053 ita
632 2007 1065 2069 temperaverat,
1105 2010 1167 2054 ut
1203 2015 1384 2069 neque
1429 1999 1672 2053 adeundi
1706 2008 1762 2054 et
1788 2000 2109 2070 alloquendi

513 2091 696 2160 ipsum
725 2091 965 2146 facilitas
1001 2092 1313 2161 expositum
1350 2091 1505 2145 illum
1532 2091 1788 2147 redderet
1813 2093 1880 2147 iis
1905 2094 2112 2163 quibus

513 2185 747 2238 minime
804 2185 1097 2255 oportebat
1147 2203 1161 2239 :
1196 2200 1299 2240 nec
1346 2185 1620 2241 severitas
1658 2195 1716 2240 et
1754 2187 2111 2242 inclementia

514 2274 864 2329 inaccessum
897 2291 1024 2329 cum
1055 2284 1345 2345 praestaret
1368 2277 1483 2347 juri
1511 2286 1677 2346 atque
1707 2278 1931 2332 rationi.
1959 2278 2028 2332 Et
2051 2278 2111 2332 in

515 2368 682 2420 seriis
707 2366 931 2436 quidem
955 2368 1272 2437 colloquiis,
1296 2384 1461 2423 aures
1488 2369 1539 2423 ei
1573 2377 1823 2437 patentes
1848 2379 1905 2424 et
1925 2371 2114 2442 lingua

516 2456 799 2527 proﬂuens
826 2464 947 2511 erat
973 2475 987 2512 :
1023 2468 1080 2513 et
1104 2459 1442 2528 quaestiones
1471 2460 1785 2529 propositas
1806 2460 2115 2530 prudenter

516 2557 576 2603 et
608 2558 804 2621 argute
830 2550 1192 2606 dissolvebat.
1225 2552 1284 2605 In
1319 2552 1675 2606 sermonibus
1703 2560 1888 2606 autem
1913 2552 2117 2623 ineptis

518 2656 584 2694 ac
623 2641 938 2710 superﬂuis,
971 2657 1137 2697 aures
1170 2642 1396 2712 quidem
1430 2643 1652 2713 penitus
1676 2645 1927 2700 ocelusas
1947 2646 2119 2701 habe-

520 2734 634 2797 bat,
668 2735 913 2806 linguam
959 2751 1095 2791 vero
1126 2736 1283 2805 quasi
1320 2736 1478 2791 freno
1505 2737 1749 2807 quodam
1782 2739 2116 2807 comprime-

521 2824 652 2881 bat:
706 2826 782 2881 ita
835 2839 896 2882 ut
948 2826 1261 2882 orationem
1309 2829 1451 2883 ratio
1498 2828 1661 2900 423
1715 2830 2026 2894 metiretur,
2060 2840 2119 2886 et

521 2918 811 2973 silentium
864 2920 1017 2973 omni
1068 2920 1323 2975 oratione
1357 2922 1714 2990 prazstantius
1755 2931 1923 2978 esset.
1961 2922 2119 2978 Hunc

524 3012 724 3081 igitur,
786 3021 1053 3082 tanquam
1109 3013 1591 3085 inexpugnabilem
1647 3030 1908 3082 murum,
1964 3016 2137 3071 omni

2211 1829 2276 1881 γε
2301 1811 2364 1883 δὴ
2390 1812 2496 1864 τῶν
2525 1811 2755 1881 καιρίων
2774 1829 2787 1843 ·
2820 1812 2914 1864 καῖ⁵
2938 1812 2997 1875 ές
3020 1811 3152 1864 αὐτὸ
3177 1810 3240 1864 τὸ
3270 1811 3425 1864 Θεῖον
3453 1813 3808 1882 ἀναφερομέ-

2211 1922 2338 1958 νων.
2372 1904 2529 1958 υῦτω
2551 1904 2608 1958 δὲ
2630 1904 2690 1957 τὺ
2720 1900 2854 1976 ἦθος
2886 1903 3177 1975 ἐκέκρατο,
3198 1904 3273 1968 ὡς
3296 1904 3429 1976 μηδὲ
3464 1906 3544 1975 τῷ
3571 1907 3813 1976 εὐπροσ-

2212 1997 2317 2068 όδῳ
2370 2015 2429 2051 τε
2478 2000 2573 2052 καὶ
2621 1999 2958 2069 εύεντεύκτῳ
2983 2039 2998 2064 ,
3046 1998 3390 2053 εύεπίϐατων
3422 2004 3534 2063 τοῖς
3570 2001 3646 2071 μὴ
3676 2000 3813 2054 καθ-

2213 2093 2439 2161 ήκουσιν
2476 2085 2640 2156 εἶναι,
2685 2092 2822 2164 μηδὲ
2847 2092 2926 2164 τῷ
2951 2089 3211 2163 αὐστηρῷ
3236 2110 3294 2145 τε
3330 2093 3425 2147 καὶ
3455 2094 3668 2162 ἀφειδεῖ
3686 2093 3814 2147 δυσ-

2214 2184 2474 2255 πρόσιτον
2538 2187 2595 2247 ὲς
2647 2184 2717 2238 τὰ
2765 2184 2952 2238 δέοντα
3003 2184 3357 2240 καθεστάναι.
3418 2186 3508 2239 Ἐν
3562 2186 3664 2256 μὲν
3718 2186 3815 2246 οὖν

2217 2277 2333 2340 τοῖς
2390 2276 2726 2342 σπουδαίοις,
2756 2277 2977 2347 ἕτοιμος
3031 2273 3100 2348 ἢν
3129 2278 3198 2331 τὰ
3225 2277 3362 2341 ὦτα,
3384 2279 3479 2332 καὶ
3507 2283 3606 2349 τὴν
3636 2279 3813 2348 γλῶσ-

2219 2384 2321 2423 σαν
2358 2368 2574 2440 εὖρους,
2602 2367 2909 2430 εύθυϐόλως
2940 2368 3038 2431 τὰς
3066 2367 3293 2432 πύστεις
3318 2368 3573 2423 διαλύων.
3624 2370 3717 2424 Ἑν
3753 2371 3810 2425 δὲ

2198 2462 2330 2524 δτοῖς
2376 2461 2700 2532 παρέργοις,
2734 2459 2802 2512 τά
2858 2460 2959 2531 μὲν
2990 2454 3104 2514 ὦτα
3133 2460 3322 2515 τέλεον
3370 2462 3771 2517 ἀποκέκλειστο
3792 2479 3808 2494 ·

2217 2552 2319 2623 τὴν
2347 2553 2405 2606 δὲ
2434 2553 2689 2620 γλῶσσαν
2715 2553 2934 2624 χαλινὸς
2963 2554 3205 2624 ἐπεῖχεν,
3256 2554 3332 2619 ὡς
3388 2556 3483 2610 καὶ
3512 2556 3605 2609 τὸν
3629 2557 3807 2624 λόγον,

2217 2646 2361 2714 λόγῳ
2400 2644 2784 2716 ρυθμίζεσθαι,
2821 2645 2919 2699 καὶ
2965 2646 3064 2718 τὴν
3095 2646 3309 2717 σιωπὴν
3335 2647 3621 2716 κρείττονα
3650 2648 3810 2717 λόγου

2220 2737 2574 2792 καθεστάναι.
2609 2737 2797 2808 Τούτῳ
2830 2737 3021 2810 ὥσπερ
3074 2742 3182 2793 τινὶ
3227 2741 3522 2812 δυσαλὼτῳ
3556 2742 3750 2813 πύργῳ
3784 2744 3815 2795 ό

2233 2826 2613 2891 ἰουστινιανὸς
2642 2826 2975 2897 προσϐάλλει
3001 2830 3263 2894 παντοίας
3308 2832 3558 2902 μηχανὰς
3586 2835 3818 2902 ἐπιστή-

2223 2936 2344 2982 σας,
2377 2919 2576 2972 ἐννοῶν
2622 2918 2701 2982 ὡς
2751 2920 2800 2971 εί
2856 2919 3049 2973 τοῦτον
3101 2923 3453 2976 κατασείσειε
3480 2924 3619 2994 (Η),
3651 2925 3819 2987 πόνος

2223 3011 2398 3074 οὐδεὶς
2444 3010 2754 3081 λελείψεται
2794 3011 2895 3082 τὴν
2935 3012 3092 3066 πόλιν
3132 3014 3296 3080 ἑλεῖν,
3329 3016 3725 3087 ἀνδραποδίσαι
3756 3034 3818 3070 τε

523 3106 909 3160 machinarum
952 3121 1153 3177 genere
1186 3124 1504 3180 oppugnare
1549 3108 1779 3165 adortus
1824 3119 1910 3165 est
1949 3110 2115 3166 Justi-

2225 3105 2292 3157 τὰ
2330 3102 2466 3174 ὀρθὰ
2513 3102 2622 3155 τῶν
2663 3103 2974 3173 δογμάτων,
3017 3105 3112 3158 καλ⁸
3162 3107 3491 3177 αίχμάλωτα
3531 3108 3722 3161 λαϐεῖν
3747 3109 3821 3161 τὰ

523 3199 726 3253 nianus
758 3216 772 3251 :
822 3199 879 3254 id
909 3200 1126 3255 scilicet
1150 3216 1338 3257 secum
1370 3203 1489 3272 ipse
1527 3202 1800 3271 cogitans,
1832 3218 1912 3269 se,
1941 3205 1987 3259 si
2014 3206 2121 3261 hoc

525 3291 1007 3360 propugnaculum
1047 3292 1382 3359 subruisset,
1436 3292 1630 3346 urbem
1676 3293 1923 3361 posthaec
1966 3295 2121 3349 nullo

525 3384 752 3453 negatio
797 3394 1090 3452 capturum
1142 3399 1265 3439 esse
1291 3424 1307 3449 ,
1354 3391 1412 3438 et
1455 3392 1621 3438 recta:
1651 3384 1776 3439 ﬁdei
1805 3385 2121 3441 doctrinam

526 3469 584 3524 in
624 3471 950 3527 servitutem
1000 3473 1393 3539 redacturum;
1452 3473 1695 3544 denique
1744 3491 1877 3531 oves
1914 3476 2121 3532 Christi

526 3564 773 3633 captivas
803 3565 1173 3621 abducturum
1211 3581 1356 3621 esse.
1405 3567 1726 3623 Anastasius
1754 3584 1885 3624 vero
1929 3570 2120 3625 divina

528 3657 767 3726 quadam
794 3659 963 3713 animi
993 3658 1346 3721 celsitudine,
1377 3660 1515 3715 adeo
1541 3677 1708 3732 supra
1726 3661 2120 3733 imperatorem

526 3765 650 3805 sese
671 3752 891 3815 extulit,
918 3752 1123 3821 quippe
1152 3751 1246 3821 qui
1268 3751 1531 3808 fundatus
1552 3763 1702 3809 esset
1720 3770 1886 3824 supra
1908 3754 2122 3809 ﬁrmam

529 3848 767 3909 petram,
804 3849 886 3905 ut,
914 3843 1078 3895 missa
1111 3842 1178 3896 ad
1212 3842 1587 3897 Iustinianum
1620 3845 1909 3911 relatione,
1939 3847 2122 3916 palam

526 3932 578 3986 ei
621 3931 1047 3997 contradixerit,
1080 3942 1135 3987 et
1173 3934 1621 3991 manifestissime
1649 3937 1812 3991 simul
1842 3953 1908 3991 ac
1948 3938 2125 3994 diser-

530 4024 745 4080 tissime
781 4024 834 4079 in
868 4024 1061 4080 eadem
1094 4025 1363 4080 relatione
1392 4027 1444 4081 ci
1472 4027 1960 4095 demonstraverit,
1995 4048 2121 4086 eor-

531 4132 634 4186 pus
678 4116 895 4171 Domini
942 4119 996 4172 in
1046 4119 1502 4189 perpessionibus
1542 4122 1894 4177 naturalibus
1921 4133 2125 4192 etquae

531 4211 587 4265 in
642 4211 1140 4281 reprehensionem
1190 4227 1303 4267 non
1349 4213 1586 4277 eadunt,
1637 4216 1983 4285 corruptioni
2026 4217 2127 4271 ob-

530 4300 760 4355 noxium
811 4300 1004 4367 fuisse,
1044 4310 1212 4371 atque
1252 4303 1328 4355 ita
1357 4301 1577 4357 divinos
1606 4305 1886 4373 apostolos
1913 4313 1971 4359 et
1996 4323 2124 4361 sau-

529 4401 651 4447 ctos
680 4393 877 4448 Patres
908 4393 1178 4459 sensisse,
1207 4408 1269 4447 ac
1295 4394 1536 4462 posteris
1571 4396 1886 4452 tradidisse.
1915 4398 2122 4453 Eadem

529 4501 752 4556 quoque
781 4486 1073 4556 rescripsit
1103 4486 1171 4541 ad
1202 4488 1505 4543 monachos
1531 4489 1724 4559 primze
1754 4505 1818 4545 ac
1862 4492 2126 4547 secunda:

531 4578 724 4650 Syriaz,
774 4580 871 4649 qui
908 4580 1091 4648 ipsum
1136 4580 1572 4635 consuluerant:
1625 4591 1957 4637 cunctorum
2003 4585 2127 4638 ani-

531 4687 652 4726 mos
678 4674 1038 4738 conﬁrmans,
1083 4681 1139 4728 et
1165 4673 1232 4728 ad
1258 4674 1610 4731 subeundum
1657 4684 1941 4732 certamen
1987 4694 2130 4747 pra:-

533 4780 754 4835 parans,
789 4775 846 4822 et
874 4766 1128 4837 quotidie
1161 4769 1225 4853 in.
1247 4768 1496 4825 Ecclesia
1544 4770 1786 4825 l‘CCllalls
1828 4771 1998 4826 verba
2038 4772 2130 4827 illa

2224 3194 2476 3265 πρόϐατα
2509 3194 2603 3248 τοῦ
2639 3196 2902 3266 Χριστοῦ.
2935 3198 2994 3250 Ὁ
3016 3197 3095 3259 δὲ,
3125 3200 3207 3263 εἰς
3233 3200 3490 3254 τοσοῦτον
3525 3201 3819 3272 ὑπερήρθη

2221 3287 2300 3358 τῷ
2331 3287 2463 3358 θείῳ
2494 3289 2809 3357 φρονήματι
2858 3289 2878 3359 (
2907 3290 2999 3343 ὲπὶ
3030 3290 3128 3362 τὴν
3151 3293 3428 3364 ἄρρηκτον
3452 3294 3561 3364 γάρ
3600 3294 3815 3366 πέτραν

2222 3382 2468 3449 εἱστήκει
2495 3381 2596 3449 τῆς
2620 3380 2899 3450 πίστεως),
2931 3384 3008 3446 ὡς
3041 3383 3137 3436 καὶ
3179 3385 3539 3457 ἰουστινιανῷ
3571 3387 3820 3455 ἀναφαν-

2223 3472 2312 3525 δὸν
2351 3472 2630 3525 ἀντειπεῖν
2659 3472 2727 3525 δι’
2766 3475 2975 3537 οἰκείας
3030 3473 3334 3546 μηνύσεως,
3398 3477 3494 3531 καὶ
3536 3478 3821 3543 ἀποδεῖξαι

2227 3564 2374 3635 μάλα
2416 3564 2604 3633 σαφῶς
2651 3563 2746 3617 καὶ
2788 3564 2985 3633 λογίως
3022 3565 3090 3618 δι’
3124 3566 3321 3638 αὐτῆς,
3366 3567 3442 3631 ὡς
3485 3569 3730 3640 φθαρτὸν
3757 3570 3819 3625 τὸ

2228 3656 2389 3726 σῶμα
2418 3654 2514 3709 τοῦ
2546 3656 2753 3728 Κυρίου
2786 3656 2843 3709 ἐν
2873 3660 2987 3721 τοῖς
3030 3662 3281 3727 φυσικοῖς
3320 3659 3416 3713 καὶ
3464 3660 3818 3733 ἁδιαϐλήτοις

2226 3747 2475 3813 πάθεσιν,
2520 3750 2575 3802 οἵ
2599 3766 2660 3802 τε
2704 3748 2984 3802 θεσπέσιοι
3017 3749 3330 3817 ἀπόστολοι,
3371 3750 3426 3804 οἵ
3461 3767 3523 3803 τε
3571 3751 3824 3821 θεοφόροι

2226 3841 2425 3911 ᾔδεσαν
2450 3839 2525 3912 (q)
2557 3858 2617 3894 τε
2649 3842 2747 3895 καὶ
2789 3841 3099 3913 παρέδοσαν
3134 3843 3399 3913 Πατέρες.
3432 3843 3620 3897 Ταῦτα
3641 3844 3699 3897 δὲ
3721 3842 3821 3897 καὶ
3850 3872 3858 3883 ο

2227 3936 2366 4005 πρὸς
2397 3934 2459 3986 τὸ
2495 3933 2787 4005 μοναδικδν
2818 3934 3046 4006 πρώτης
3086 3951 3143 3988 τε
3194 3937 3289 3989 καὶ
3320 3927 3582 4006 δευτέρας
3624 3936 3822 4005 Συρίας

2228 4026 2557 4096 πυθόμενον,
2598 4026 2958 4097 ἀπεκρίνατο,
3011 4027 3231 4081 πάντων
3285 4027 3677 4099 ὑποστηρίζων
3722 4029 3818 4090 τὰς

2227 4118 2479 4188 γνώμας,
2513 4120 2609 4172 καὶ
2638 4118 2776 4189 πρὸς
2808 4119 2903 4171 τὸν
2932 4119 3122 4188 ἀγῶνα
3150 4120 3493 4190 ὲπαλείφων,
3518 4122 3613 4174 ἐπί
3638 4138 3698 4175 τε
3724 4124 3819 4193 τῇς

2240 4210 2567 4281 Ἐκκλησίας
2604 4210 2874 4282 ὁσημέραι
2902 4210 3294 4279 ἀναγινώσκων
3357 4213 3419 4265 τὸ
3455 4214 3552 4265 τοῦ
3595 4214 3818 4278 σκεύους

2228 4302 2329 4374 τῆς
2377 4302 2647 4373 ὲκλογῆςο
2693 4322 2711 4354 ι
2740 4302 2808 4355 El'
2840 4319 2927 4366 τις
2974 4304 3119 4373 ὑμᾶς
3166 4304 3588 4373 εὐαγγελίζεται
3638 4304 3818 4377 παρ’ὀ

2232 4394 2601 4465 παρελάϐετε,
2655 4395 2758 4449 κᾶν
2801 4395 3033 4465 ἄγγελος
3094 4396 3154 4462 ἐξ
3205 4396 3441 4467 οὐρανοῦ
3482 4393 3541 4471 ᾖ,
3574 4399 3816 4469 ἀνάθεμα

2229 4488 2391 4542 ἐστω.
2415 4507 2433 4538 ι
2471 4486 2567 4553 Οἷς
2607 4489 2892 4552 ἀπιδόντες
2936 4489 3177 4554 ἅπαντες
3208 4491 3279 4544 τὰ
3310 4492 3676 4563 παραπλήσια
3726 4492 3815 4563 μέ-

2229 4598 2355 4652 χρις
2403 4581 2719 4653 εύαρίθμων
2767 4582 3072 4652 ἐζήλωσαν.
3116 4583 3436 4653 Γέγραπται
3468 4584 3512 4637 δ’
3541 4581 3638 4638 οὖν
3676 4584 3813 4651 αὐτῷ

2230 4677 2326 4730 καὶ
2378 4679 2777 4747 συντακτήριος
2824 4677 2961 4746 πρὸς
3005 4679 3132 4740 τοὺς
3169 4678 3476 4748 Ἀντιοχέας
3505 4677 3810 4750 λόγοςμὸ),

2238 4768 2531 4839 πυθομένῳ
2561 4768 2651 4821 τὸν
2688 4768 3065 4823 Ἰουστινιανὸν
3114 4768 3318 4824 ἐθέλειν
3364 4772 3529 4826 αὐτὸν
3570 4773 3815 4842 egeo-.91-

1743 4930 2013 4986 VALESll
2046 4929 2608 4989 ANNOTATIONES.

601 5019 713 5091 (Η)
755 5022 819 5074 El
844 5020 1064 5095 τούτου
1088 5027 1496 5095 immugiet-rte.
1524 5024 1752 5079 Rectius
1781 5026 1924 5095 apud
1952 5026 2117 5082 Nice-

531 5091 795 5161 phorum,
827 5092 955 5145 etin
999 5094 1189 5149 codice
1228 5096 1550 5151 "l‘elleriano
1598 5091 1865 5151 scribitur
1924 5100 2115 5151 τοῦτον

531 5162 901 5238 κατασείσειε.
937 5162 1036 5238 Sic_
1060 5166 1209 5219 enim
1229 5166 1380 5238 leges
1402 5167 1774 5238 grammatica:
1804 5169 2112 5237 postulant.

535 5232 854 5304 Metaphora
885 5242 971 5287 est
1004 5234 1171 5291 ducta
1193 5236 1262 5290 ab
1288 5232 1757 5293 'obs'idionalibus
1804 5232 2108 5304 "machinis,

532 5303 738 5378 quibus
761 5304 928 5378 urbes
960 5307 1263 5378 expugnari
1294 5308 1568 5362 solebant.
1623 5309 1796 5364 Porro
1826 5308 1894 5363 de
1947 5310 2115 5378 hujus

534 5374 812 5428 Anastasii
848 5374 1073 5431 Sinaitie
1102 5374 1416 5433 constantia
1470 5379 1524 5433 in
1565 5378 1915 5434 defendenda
1962 5374 2115 5433 recta

536 5443 641 5516 ﬁde
662 5444 930 5516 adversus
952 5447 1206 5502 haeresim
1232 5448 1881 5516 Aphthartodocitarum,
1919 5450 2119 5504 scribit

533 5514 720 5591 etiatn_
746 5514 1071 5591 Eustathius
1124 5520 1182 5591 _i_n
1233 5514 1352 5591 Vita
1406 5521 1547 5575 beati
1599 5520 1847 5591 Eutgclzii
1880 5521 2119 5589 patriar-

536 5585 653 5639 cha:
681 5585 1301 5658 Constantinopolitani.

2297 5026 2447 5099 (15_)__
2476 5025 2924 5099 Evrraxnipwg
2957 5027 3110 5094 πρὸς
3166 5027 3307 5095 τοὺς
3349 5029 3691 5099 Ἀντιοχέας
3720 5030 3813 5083 ,ι’-

2224 5116 2349 5166 τος.
2381 5094 2693 5167 Mirum‘est
2728 5105 2855 5153 .tres
2885 5097 3244 5167 interpretes,
3298 5094 3579 5165 Langum',‘
3607 5094 3811 5155 muscu-

2223 5164 2340 5222 lum
2387 5172 2445 5220 et
2477 5164 3071 5235 Christophorsonum.
3136 5169 3193 5223 in
3241 5171 3409 5225 unius
3437 5164 3699 5227 Vocabuli
3731 5170 3808 5223 in-

2222 5236 2627 5307 terpretatione
2655 5237 2821 5291 simul
2855 5239 3040 5308 lapsos
3090 5238 3285 5305 fuisse,
3318 5239 3498 5295 Graeci
3537 5257 3811 5294 συντακτι·

2224 5310 2355 5370 κοϋς
2388 5315 2444 5361 et
2476 5310 2908 5378 συντακτηρίους
2958 5309 3156 5375 λόγους
3205 5311 3479 5365 vocabant
3537 5312 3810 5367 orationes

2224 5379 2295 5433 ad
2317 5377 2782 5453 valedicendum,
2811 5394 3115 5453 earumque
3140 5381 3456 5436 orationum
3481 5383 3807 5453 peculiarem

2228 5447 2553 5523 methodum
2586 5448 2750 5523 nobis
2784 5447 3159 5523 tradiderunt,
3209 5460 3270 5505 ut
3305 5453 3413 5523 jam
3448 5447 3666 5522 pridem
3703 5464 3809 5505 mo-

2228 5520 2325 5596 nui
2363 5519 2416 5596 in
2435 5519 2908 5596 Adnotationibus
2930 5521 3286 5596 Eusebiauis,
3305 5519 3351 5593 ’ρ
3370 5519 3461 5596 ngf
3477 5524 3610 5590 590,
3630 5530 3741 5579 not.
3765 5533 3799 5573 I.

2230 5591 2363 5657 ρυλε
2393 5590 2481 5646 hic
2513 5597 2763 5660 repetere
2798 5592 3144 5661 superﬂuum
3184 5590 3342 5664 puto'.

1999 5732 2077 5786 VA
2096 5731 2379 5789 lllORUM.

618 5837 695 5910 ((1)
726 5839 1014 5911 ᾜεῖεσαν.
1049 5847 1243 5903 Scribe
1272 5846 1511 5916 ᾔδεισαν.
1548 5846 1638 5900 W.
1673 5846 1893 5901 Lonrn.
