3982 6394
698 378 787 389 -ν-υ-

184 422 329 491 2785
1123 424 1509 488 HISTORIzE
1548 387 2144 486 ECCLESIASTlCXE
2184 424 2419 487 LIBER
2451 416 2561 486 v.‘
3338 410 3482 478 2736

183 542 338 598 κὶσαι
359 556 373 569 ·
412 539 473 595 ὃν
503 538 620 595 ἐστι
649 540 876 605 δικαίως
907 532 1167 610 ἄγασθαι,
1201 543 1299 612 τῆς
1322 556 1377 593 τε
1405 537 1779 603 καλλιεπεὶας,

1927 539 1954 593 b
1981 536 2275 593 electionis
2303 549 2434 589 vase
2480 532 2694 603 prolata
2740 548 2755 584 :
2804 549 2821 581 ι
2869 523 3083 608 Siquis
3115 523 3274 580 vobis
3316 538 3486 578 evan-

181 633 280 687 τοῦ
331 650 393 687 τε
445 633 543 704 ῥοῦ
588 632 698 689 τῶν
744 634 1050 705 νοημάτων,
1096 633 1196 703 τῆς
1251 649 1311 686 τε
1360 632 1626 704 εὐπορίας
1667 632 1779 687 τῶν

1927 628 2211 684 elizaverit
2246 634 2447 696 praeter
2488 624 2543 679 id
2587 623 2737 693 quod
2764 620 3077 692 accepistis,
3105 615 3363 689 quamvis
3387 631 3489 670 an-

185 722 353 795 ἱερῶν
399 723 665 796 Ῥήσεων,
696 724 792 778 καὶ
819 723 881 777 τὸ
904 723 1220 793 πρόσφορον
1249 722 1348 793 τῆς
1382 721 1624 794 ἱστορίας
1643 722 1779 793 (16).

1927 722 2046 777 elus
2083 734 2149 774 es
2193 719 2336 774 ccelo
2379 717 2569 782 fuerit,
2617 716 2911 771 anathema
2956 712 3093 767 sittl.
3134 730 3153 764 ι
3196 708 3328 776 Quae
3357 719 3487 762 cum

182 816 440 871 universi
498 816 686 894 animo
744 814 1185 886 perpenderent,
1247 814 1440 884 paucis
1502 814 1782 885 exceptis,
1861 813 2178 881 exemplum
2220 812 2342 882 ejus
2387 809 2568 876 secuti
2614 817 2770 863 sunt.
2816 806 3035 876 Scripta
3074 811 3161 859 est
3196 802 3363 857 etiam
3415 798 3488 894 ab

184 911 388 968 eodem
436 892 734 968 Anastasio
782 911 961 966 oratio
997 910 1066 965 ad
1098 910 1499 975 Antiochenos,
1567 924 1679 980 qua
1753 908 1863 964 illis
1899 907 2022 963 vale
2080 905 2331 971 dicebat,
2387 920 2515 960 cum
2566 901 2873 973 accepisset
2920 898 3297 955 Justinianum
3340 892 3489 948 velle

187 1005 374 1076 ipsum
410 1007 469 1061 in
528 1006 791 1061 exsilium
866 1004 1108 1062 mittere.
1190 1003 1364 1072 Quam
1412 1005 1637 1075 quidem
1679 1004 1995 1060 orationem
2054 1003 2255 1057 merito
2308 1001 2436 1072 quis
2486 999 2816 1064 admiretur,
2896 1007 3013 1051 tum
3060 994 3135 1049 ob
3185 992 3488 1048 verborum

184 1099 546 1170 elegantiam,
583 1107 703 1154 tum
735 1098 808 1154 ob
838 1098 1055 1169 copiam
1089 1098 1519 1165 sententiarum,
1593 1106 1712 1153 tum
1774 1098 2018 1168 denique
2062 1094 2136 1151 ob
2181 1093 2498 1165 frequentia
2571 1106 2746 1147 sacras
2795 1089 3098 1160 Scriptura:
3140 1082 3486 1142 testimonia.

181 1200 242 1247 et
262 1191 339 1247 ob
365 1191 660 1247 historiam
689 1191 806 1248 suis
832 1191 970 1247 locis
1008 1201 1133 1261 apte
1156 1189 1651 1248 accommodatam.

764 1304 1018 1359 ΚΕΦΑΛ.
1058 1306 1161 1360 MA
1184 1344 1199 1359 .

437 1396 575 1466 Περὶ
612 1395 721 1451 τοῦ
764 1395 1029 1451 θανάτου
1079 1394 1533 1451 Ἰουστινιανοῦ.

268 1511 462 1577 Ἀλλὰ,
491 1510 588 1564 τοῦ
632 1508 767 1563 Θεοῦ
806 1509 1055 1584 κρεῖττόν
1084 1527 1138 1562 τι
1169 1508 1625 1580 προϐλεψαμένου
1658 1505 1789 1578 περὶ
1816 1516 1822 1521 ’

182 1602 373 1673 ἡμῶν,
408 1604 438 1655 ό
467 1602 627 1670 λόγος
661 1603 760 1656 οὐκ
798 1600 1186 1672 ὲδημοσιεύθη.
1235 1602 1296 1654 ’0
1326 1603 1436 1672 γὰρ
1476 1602 1788 1656 Ἰοοστινια-

2514 1295 2671 1352 CAP.
2727 1292 2866 1347 XLI.

2385 1389 2465 1443 De
2494 1388 2637 1443 obitu
2665 1384 2989 1441 Iustiniani.

1960 1503 2167 1560 Verum
2209 1501 2390 1557 oratio
2426 1500 2521 1554 illa
2562 1498 2997 1568 haudquaquam
3049 1490 3330 1565 publicata
3379 1501 3486 1555 est,

1892 1610 1959 1650 eo
1997 1593 2146 1664 quod
2189 1593 2358 1658 Deus,
2411 1590 2578 1646 nobis
2620 1588 2994 1659 prospiciens,
3046 1601 3137 1641 res
3182 1594 3401 1640 nostras
3433 1584 3492 1639 in

184 1672 275 1759 έδς
304 1696 409 1765 τὴν
452 1692 808 1749 Ἀναστασίου
840 1693 935 1747 καὶ
961 1693 1072 1747 τῶν
1101 1691 1240 1763 ἀμφ’
1272 1692 1437 1745 αὐτὸν
1472 1694 1665 1764 ἱερέων
1691 1693 1789 1764 τὴν

1927 1685 2094 1741 .ielius
2122 1682 2506 1740 commutavit.
2540 1681 2761 1737 Etenim
2803 1679 3173 1743 Justinianus,
3224 1677 3357 1731 dum
3388 1672 3500 1729 ad—'

184 1788 411 1860 ἑξορίαν
442 1785 823 1858 ὑπαγορεύων,
845 1780 1097 1856 ἀοράτως
1110 1787 1339 1858 τρωθεὶς
1378 1786 1468 1839 τὸν
1497 1786 1626 1857 τῇδε
1657 1804 1788 1839 κατ-

186 1880 429 1953 έστρεψε
487 1878 601 1951 βίον
620 1878 716 1951 (r),
764 1878 1094 1950 βασιλεύσας
1140 1879 1210 1933 τὰ
1253 1879 1432 1934 πάντα
1487 1877 1633 1933 ὀκτὼ
1696 1878 1791 1934 καὶ

183 1974 489 2046 τριάκοντα
520 1970 640 2043 ἔτη,
673 1971 811 2042 πρὸς
858 1971 1029 2043 μησὶν
1055 1968 1224 2026 ὀκτώ.

192 2263 383 2329 Τέλος
421 2260 530 2317 τοῦ
576 2260 626 2315 δ’
648 2262 836 2332 τόμον
874 2260 988 2330 τῆς
1022 2254 1574 2332 Ἐκκλησιαστικῆς
1610 2254 1791 2309 Ἱστο-

758 2331 902 2401 ρίας
918 2330 1141 2401 Εὐαγρί
1147 2345 1241 2383 ου.

1894 1793 2097 1834 versus
2161 1776 2515 1831 Anastasium
2572 1781 2631 1828 et
2679 1772 2996 1829 sacerdotes
3057 1770 3154 1840 qui
3213 1784 3339 1825 cum
3395 1768 3491 1823 illo

1896 1875 2078 1933 erant,
2111 1863 2516 1935 deportationis
2543 1861 2879 1918 sententiam
2916 1860 3174 1924 dictaret,
3219 1858 3492 1913 invisibili

1897 1961 2057 2031 plaga
2091 1958 2236 2013 ictus
2268 1972 2335 2011 ex
2367 1957 2471 2011 hac
2507 1956 2630 2010 luce
2670 1953 2950 2025 migravit,
2989 1968 3116 2008 cum
3162 1953 3493 2022 imperasset

1895 2052 1953 2106 in
1999 2051 2325 2107 universum
2373 2062 2551 2104 annos
2599 2055 2726 2103 octo
2769 2062 2835 2102 ac
2871 2045 3129 2118 triginta,
3171 2051 3229 2099 et
3273 2057 3494 2099 menses

1896 2154 2047 2201 octo.

1973 2258 2114 2317 Finis
2154 2258 2277 2313 libri
2307 2258 2492 2328 quarti
2533 2254 2917 2313 Ecclesiasticae
2960 2252 3213 2308 Historia:
3252 2249 3488 2322 Evagrii.

1326 2673 1713 2763 ΤΟΜΟΣ
1790 2671 2374 2761 ΠΕΜΠΤΟΣ.

1334 3015 1693 3104 LIBER
1801 3013 2379 3122 QUINTUS.

201 3375 357 3432 Τάδε
404 3373 653 3429 ἔνεστιν
691 3376 766 3431 ἐν
813 3373 893 3440 τῷ
930 3345 1188 3443 πέμπτῳ¹
1212 3374 1371 3443 τόμῳ
1403 3373 1513 3441 τῆς
1551 3375 1793 3443 Ἐκκλη-

1927 3372 1966 3427 'n
1997 3374 2183 3445 quinto
2215 3367 2767 3445 libroEcclesiasticaa
2801 3369 3049 3445 Historia:
3084 3370 3303 3444 Evagrii
3328 3367 3507 3434 ScM-'

286 3445 597 3515 γιαστικῆς
642 3446 925 3515 Ἱστορίας
958 3446 1255 3516 Εὐαγρίου
1283 3445 1724 3515 Σχολαστικοῦ.

271 3556 358 3613 A'.
404 3559 543 3630 Περὶ
600 3558 702 3628 τῆς
764 3557 1055 3612 ἰουστὶνου
1108 3558 1492 3630 ἀναρρήσεως,
1546 3560 1644 3612 καὶ
1704 3556 1800 3611 τοῦ

199 3650 412 3721 τρόπου
444 3647 633 3703 αὑτοῦ.

275 3741 353 3795 B'.
391 3740 529 3811 Περὶ
559 3740 663 3809 τῆς
697 3739 1030 3813 ἀναιρέσεως
1073 3738 1365 3795 ’1ουστὶνου
1426 3738 1522 3794 τοῦ
1579 3739 1803 3811 ἀνεψιοῦ

200 3832 395 3888 αὐτοῦ.

275 3926 355 3982 I".
389 3925 531 3998 Περὶ
557 3924 666 3979 τῶν
689 3924 1009 3997 ἀλιτηρίων,
1055 3924 1299 3981 Ἀδδαίου
1338 3926 1437 3980 καὶ
1467 3890 1739 3999 Ᾱὶθερὶου.

274 4021 352 4073 Δ’.
388 4019 524 4091 Περὶ
568 4017 663 4073 τοῦ
714 4019 1150 4090 προγράμματος
1197 4018 1300 4087 τῆς
1346 4018 1582 4082 πίστεως
1619 4018 1803 4088 ἡμῶν,

202 4114 345 4186 ὅπερ
388 4113 671 4176 Ἰουστῖνος
724 4100 839 4176 τοῖς
884 4109 1204 4183 ἁπανταχοῦ
1245 4112 1599 4183 Χριπιανοῖς
1643 4110 1809 4182 ἐγρα-

219 4206 329 4262 ὗεν.

221 4224 329 4262 ἐν.

203 4224 245 4277 γ
279 4297 358 4351 E'.
402 4299 539 4368 Περὶ⁹
592 4299 693 4369 τῆς
755 4298 985 4371 ὲκὸο).ῆς
1046 4299 1403 4355 Ἀναστασὶου
1489 4299 1795 4354 ἐπισκόπου

204 4390 583 4457 Θεουπόλεως.

279 4519 308 4560 ρ
336 4508 518 4566 Galat.
552 4527 594 4577 ι,
618 4510 674 4580 8,
704 4510 759 4568 9.

2349 3442 2527 3496 lastici
2558 3443 2667 3495 lucc
2699 3442 3054 3496 continentur.

1975 3555 2141 3628 424
2158 3556 2292 3626 Cap.
2318 3557 2361 3611 l.
2386 3557 2463 3612 De
2493 3556 2766 3611 electione
2796 3556 3151 3627 imperatoris
3182 3559 3407 3629 Justini,
3436 3572 3495 3620 et

1909 3651 1978 3706 de
2004 3650 2123 3720 ejus
2155 3649 2423 3703 moribus.

1981 3741 2046 3795 ll.
2087 3740 2165 3795 De
2193 3740 2344 3795 caide
2375 3739 2584 3796 Justini
2613 3742 2836 3811 cognati
2866 3741 3246 3812 imperatoris.

1982 3918 2071 3973 lll.
2088 3918 2162 3972 De
2175 3916 2460 3981 sceleratis
2479 3916 2818 3982 hominibus,
2835 3916 3041 3973 Addaeo
3052 3927 3140 3988 atq
3151 3920 3498 3979 ue/Etherio.

1982 4011 2071 4066 Ν.
2115 4010 2370 4065 Edictum
2404 4010 2472 4064 de
2501 4009 2628 4075 ﬁde,
2667 4010 2736 4064 ad
2766 4025 2961 4066 omnes
2985 4011 3081 4081 qui
3117 4012 3324 4084 ubique
3370 4025 3501 4072 sunt

1906 4102 2251 4161 Christianos
2284 4120 2314 4158 a
2343 4104 2564 4159 Iustino
2594 4102 2886 4166 scriptum.

1978 4281 2045 4340 ν.
2088 4282 2164 4337 De
2196 4280 2468 4337 Anastasii
2496 4279 2896 4337 Antiochensis
2925 4282 3172 4355 episcopi
3205 4286 3498 4358 ejectione.

1425 4602 1701 4660 VALESll
1728 4601 2297 4675 ANNOTATIONES.

276 4716 396 4789 (l6)
439 4718 640 4800 Kal-td
667 4719 1156 4801 πρόσφορονῖῆς
1199 4720 1487 4801 ἱστορίας.
1554 4718 1796 4801 Savjlius

1927 4718 2183 4789 zophorus
2212 4734 2344 4801 vero
2370 4733 2498 4801 cum
2525 4719 2677 4801 hunc
2705 4719 2926 4801 Evagrii
2976 4719 3158 4801 locum
3209 4717 3497 4801 describe-

203 4791 276 4845 ad
310 4788 470 4861 oram
492 4788 577 4861 sui
607 4789 818 4861 codicis
836 4788 1168 4845 emendavit
1196 4791 1290 4844 καὶ
1329 4790 1424 4843 τοῦ
1455 4790 1793 4861 προσφόρου.

206 4860 303 4917 Sic
352 4860 507 4915 enim
546 4858 795 4930 ﬂagitant
819 4861 968 4930 leges
1009 4861 1403 4930 grammaticar.
1455 4858 1561 4915 Eas
1610 4858 1795 4915 tamen

205 4932 279 4987 ab
310 4930 549 5001 Evagrio
571 4929 761 4984 nestro
793 4929 1073 4986 interdum
1122 4931 1311 5001 Sperni
1350 4931 1664 4987 observavi.
1702 4931 1797 4984 Ni-

1907 4800 2014 4861 ret,
2040 4805 2142 4861 pro
2168 4791 2444 4858 particula
2480 4790 2841 4861 conjunctiva’
2870 4790 3323 4859 prmpositionem
3365 4790 3500 4843 sub-

1905 4860 2087 4915 stituit
2110 4860 2215 4916 hoc
2246 4861 2445 4916 modo:
2475 4862 2614 4931 πρὸς
2640 4861 2704 4914 τὸ
2739 4861 3051 4932 πρόσφορον
3084 4861 3183 4931 τῆς
3237 4862 3497 4931 ἱστορίας.

1642 5040 2039 5100 VARIORUM.

280 5138 357 5209 (r)
402 5137 519 5192 Τὸν
574 5138 720 5208 τῇδε
774 5138 1151 5208 κατέστρεψε
1201 5140 1367 5204 βίον.
1416 5138 1668 5195 Mortuus
1721 5149 1809 5196 est

204 5208 566 5267 Justinianus
624 5211 758 5278 imp.
801 5209 892 5265 die
922 5210 991 5265 Μ
1041 5212 1247 5266 mensis
1295 5208 1624 5265 Novembris
1674 5211 1806 5264 anni

206 5281 339 5345 565,
373 5295 502 5335 cum
537 5280 865 5350 imperasset
902 5295 1080 5335 annos
1132 5281 1353 5350 triginta
1380 5289 1530 5350 octo,
1590 5296 1809 5335 menses

203 5361 448 5423 septem,
474 5358 533 5404 et
554 5349 676 5405 dies
696 5351 987 5423 tredecim,
1020 5349 1622 5423 inquit’AntaPagiLad
1646 5367 1810 5406 eum-

206 5421 337 5476 dem
363 5436 595 5487 annum,
626 5438 684 5475 η.
713 5421 765 5475 5.
814 5422 891 5477 De
925 5421 1175 5476 moribus
1213 5422 1335 5491 ejus
1372 5421 1489 5475 haec
1522 5421 1804 5476 Zonaras:

204 5490 333 5546 Fuit
388 5491 541 5545 aditu
579 5491 864 5563 facillimus
893 5532 907 5557 ,
945 5492 1015 5545 ad
1039 5490 1621 5563 pwnamirrogandam
1666 5508 1811 5562 azque

206 5570 494 5632 promptus
523 5570 682 5634 atque
730 5562 800 5616 ad
835 5564 1065 5617 crimina
1094 5562 1361 5634 audienda
1385 5577 1404 5616 :
1443 5563 1726 5618 pecuniam
1750 5570 1799 5616 et

209 5642 412 5704 temere
451 5633 709 5704 profudit,
756 5642 805 5687 et
832 5649 948 5704 -per
990 5634 1073 5704 fas
1128 5649 1191 5685 ac
1238 5633 1389 5704 nefas
1446 5634 1798 5704 comparavit,

211 5703 381 5774 aliam
406 5704 463 5756 in
488 5702 739 5772 (edi/icio,
768 5702 938 5759 aliam
959 5702 1030 5757 ad
1058 5702 1391 5774 exsequenda
1430 5702 1655 5758 consilia
1678 5719 1799 5766 sua,

212 5773 383 5847 aliam
406 5774 467 5847 in
499 5790 612 5847 rem
637 5774 883 5847 bellicam
911 5784 962 5827 et
976 5773 1337 5847 contentiones
1372 5790 1558 5847 eorum
1595 5776 1687 5847 qui
1710 5790 1805 5828 υο-
1904 5773 2194 5847 junctione
2245 5775 2631 5844 incorruptum
2678 5773 2981 5847 asserebat.
3028 5773 3106 5847 Ex

216 5840 413 5898 tnntali
438 5845 606 5914 ipsius
633 5845 1075 5909 adversabantur,
1099 5845 1433 5899 insumendo.
1462 5844 1549 5898 Ita
1600 5840 1804 5912 factum

214 5921 289 5983 ut,
314 5931 435 5971 cum
454 5917 679 5987 pecunia
697 5931 907 5992 segmer
932 5923 1128 5980 eaeret,
1145 5931 1264 5971 eam
1287 5915 1586 5972 rationibus
1609 5931 1806 5988 parum

1913 5140 2146 5195 honestis
2176 5147 2543 5209 compararet,
2576 5155 2640 5211 ac
2655 5140 2892 5208 gratiam
2921 5139 3134 5211 [inberet
3150 5140 3214 5194 iis
3241 5141 3497 5211 quicollio

1948 5212 2067 5265 endi
2086 5213 2194 5265 vias
2214 5211 2426 5281 argenti
2453 5209 3497 5281 ostenderentmtc.Baroniusaincndoso

1959 5280 2099 5336 uidae
2124 5279 2328 5336 Lexico
2370 5279 2659 5349 deceptus,
2681 5280 3052 5334 Justinianum
3080 5281 3498 5350 analphabetum

1914 5353 2090 5406 dixit:
2134 5368 2260 5407 cum
2285 5352 2456 5406 fuerit
2484 5347 2737 5405 econtra
2784 5350 2839 5403 in
2892 5347 3221 5405 liberalibus
3277 5352 3494 5415 litteris,

1916 5432 1973 5478 et
2001 5423 2058 5477 in
2101 5422 2600 5479 constitutionibus
2647 5420 3043 5476 ecclesiasticis
3082 5421 3340 5490 (quarum
3375 5439 3502 5476 cur-

1916 5508 2022 5564 pus
2049 5508 2080 5548 e
2108 5494 2436 5559 canonibus,
2492 5501 2587 5564 aut
2615 5506 2647 5546 e
2698 5491 2968 5564 receptis_
2999 5490 3250 5564 moribus
3291 5492 3498 5564 hausit)

1906 5562 2426 5618 exercitatissimus.
2464 5563 2578 5617 Hoc
2612 5562 2835 5616 nomine
2884 5562 3216 5631 culpandus,
3262 5562 3409 5631 quod
3444 5562 3500 5617 in

1907 5645 2154 5688 extrema
2179 5644 2339 5688 actate
2376 5635 2562 5704 lapsus
2584 5634 2655 5688 sit
2677 5633 2731 5687 in
2765 5632 3003 5704 hmresin
3032 5631 3502 5704 iAplithartodoci-

1912 5714 2115 5768 tarum,
2144 5720 2266 5774 qua:
2283 5703 2494 5760 ChriSti
2521 5719 2725 5773 corpus
2754 5720 2821 5757 ex
2865 5703 2979 5772 ipsa
3013 5703 3320 5774 divinitatis
3369 5720 3502 5757 con-

3154 5786 3262 5843 qua
3317 5784 3502 5829 tamen

1912 5843 2077 5916 paulo
2100 5855 2228 5902 ante
2261 5843 2498 5902 mortem
2532 5860 2661 5902 eum
2697 5843 2999 5915 resipuisse
3013 5845 3176 5901 docet
3207 5844 3500 5901 Baronius.

1932 5282 1948 5298 Ἴ
