3982 6392
231 419 375 489 2789

1165 425 1549 487 lIiSTORI.’E
1590 424 2190 487 ECCLESIASTICJE
2234 425 2565 488 ιλιιΕιιν.

3392 421 3532 485 2790

231 538 413 608 μαίων
443 534 594 603 λέγει
642 535 820 604 φωνὴ,
857 535 972 604 μετ’
1004 534 1165 587 αὐτὸν
1197 536 1299 605 τὴν
1332 533 1627 605 ἀλουργίδα
1670 551 1828 605 περι-

1940 534 2154 605 palaten
2187 542 2408 599 vocant,
2440 532 2626 588 statim
2656 539 2781 603 post
2810 529 2959 585 illius
2988 529 3201 584 obitum
3232 546 3538 601 purpuram

228 626 522 682 ϐάλλεται·
576 625 702 681 οὔτε
736 628 837 696 τὴν
892 626 1195 680 ἀποϐίωσιν
1241 626 1644 692 Ἰουστινιανοῦ,
1703 625 1828 680 οὔτε

227 719 328 791 τὴν
366 720 677 791 ἀνάρρησιν
703 719 997 773 Ὶουστίνου
1028 718 1175 782 τινὸς
1199 718 1521 788 ἐγνωκότος,
1549 718 1690 790 πλὴν
1720 719 1828 771 τῶν

227 813 351 882 ἀμφ
404 811 592 871 αὐτὸν,
621 810 817 882 μέχρις
843 805 903 864 οὗ
954 812 1095 865 κατά
1123 811 1221 880 τὴν
1263 810 1633 882 ἱπποδρομίαν
1657 813 1827 883 ἐφάνη

228 905 297 957 τά
319 904 532 974 νόμιμα
555 903 655 973 τῆς
686 902 967 974 βασιλείας
1005 902 1223 975 δράσων
1253 920 1313 956 τε
1357 904 1451 956 καὶ
1484 902 1826 973 πεισόμενος.

241 995 331 1060 Ὠς
371 996 417 1049 δ’
440 995 535 1050 οὖν
562 995 738 1049 ταῦτα
767 996 983 1064 γέγονε,
1015 995 1244 1066 μηδενὸς
1286 995 1604 1049 παντάπασι
1634 1012 1829 1049 νεωτεν

227 1085 538 1157 ρισθέντος,
562 1085 806 1154 ἐπανῆκε
847 1084 947 1156 μὲν
987 1086 1130 1139 κατὰ
1160 1087 1261 1158 τὴν
1287 1087 1479 1157 αὐλήν.
1515 1087 1750 1158 Πρώτην
1775 1086 1830 1140 δὲ

229 1182 474 1234 ποιιῖται
525 1179 798 1245 κέλευσιν,
850 1179 980 1243 τοὺς
1027 1179 1317 1250 ἅπανταχῆ
1378 1179 1833 1247 συνειλεγμένους

228 1271 414 1342 ἱερέας
436 1272 551 1342 (18)
577 1273 833 1342 ἀφιεῖσαν
866 1268 1007 1342 πρδς
1029 1272 1157 1336 τοὺς
1191 1271 1430 1336 οἰκείους
1461 1270 1710 1343 θρόνους.
1747 1271 1830 1341 ἐφ’

226 1356 270 1429 ᾧ
295 1361 369 1414 τὰ
416 1362 649 1416 εἰωθότα
691 1360 1044 1434 θρησκεύειν,
1077 1363 1304 1433 μηδενὸς
1343 1363 1473 1433 περὶ
1514 1363 1613 1435 τὴν
1645 1364 1833 1418 πίστιν

226 1455 766 1526 καινουργουμένου.
826 1456 938 1509 Καὶ
978 1455 1140 1508 τοῦτο
1196 1456 1294 1526 μὲν
1347 1456 1627 1525 ἀξιόλογον
1684 1456 1832 1527 αύτῷ

225 1546 507 1617 ἐπράχθη.
560 1542 672 1600 ’Ἦν
703 1546 758 1600 δέ
800 1564 863 1617 γε
914 1548 1007 1602 τὸν
1044 1546 1161 1619 βίον
1213 1547 1687 1620 ὲκδεδιῃτημένος,
1737 1549 1831 1602 καὶ

223 1642 465 1712 τρυφαῖς
517 1640 762 1712 ἀτεχνῶς
794 1642 889 1694 καὶ
917 1641 1139 1712 ἡδοναῖς
1186 1640 1441 1704 ὲκτόποις
1490 1640 1833 1708 ἐγκαλινδού-

228 1750 395 1804 μενος
419 1748 433 1762 ⁸
484 1731 786 1805 ἀλλοτρίων
816 1750 875 1785 τε
924 1733 1228 1803 χρημάτων
1272 1732 1535 1804 διάπυρος
1571 1733 1827 1803 ἐραστὴς,

224 1826 300 1889 ὡς
331 1827 518 1881 πάντα
574 1825 804 1898 κέρδους
860 1825 1104 1896 ἀθέσμου
1143 1826 1503 1896 ἀπεμπολεῖν,
1554 1825 1690 1896 μηδὲ
1738 1825 1831 1878 ἐπὶ

1935 624 2193 695 sumpsit,
2216 640 2342 679 cum
2365 639 2470 679 nec
2496 621 2710 678 obitum
2736 620 3062 685 Justiniani,
3080 636 3182 676 nec
3201 621 3538 675 electionem

1932 717 2133 774 Justini
2164 717 2457 788 quisquam
2488 716 2672 771 adhuc
2728 722 2941 779 nosset,
2978 723 3180 784 praeter
3209 715 3332 785 ejus
3372 714 3538 769 fami-

1933 811 2123 876 liares,
2174 810 2355 866 donec
2406 810 2462 863 in
2508 806 2741 862 circensi
2800 806 3118 878 spectaculo
3156 805 3436 877 apparuit,
3470 821 3537 861 ea

1934 903 2429 975 quaeimperatoris
2460 913 2590 957 sunt
2621 911 2850 956 acturus
2875 900 3040 955 simul
3059 908 3115 955 et
3144 910 3533 971 suscepturus.

1933 997 2150 1064 Quibus
2174 996 2441 1066 peractis,
2478 1010 2603 1050 cum
2640 994 2778 1048 nihil
2813 1007 3041 1064 prorsus
3065 1001 3338 1048 tentatum
3364 1001 3532 1056 esset,

1936 1091 2055 1161 ipse
2081 1089 2305 1161 quidem
2356 1089 2414 1143 in
2462 1089 2729 1159 palatium
2787 1102 3073 1158 regressus
3123 1095 3228 1142 est.
3282 1086 3532 1141 Primum

1938 1198 2074 1237 vero
2102 1181 2347 1238 edictum
2367 1180 2762 1251 promulgavit,
2782 1194 2895 1249 quo
2935 1179 3179 1233 universi
3200 1178 3295 1248 qui
3326 1177 3535 1247 ubique

1935 1273 2255 1344 congregati
2283 1279 2441 1327 erant
2490 1270 2760 1341 episcopi,
2813 1269 2878 1324 ad
2930 1285 3058 1324 suas
3089 1268 3251 1323 sedes
3283 1267 3532 1323 dimitte-

1935 1365 2160 1424 bantur.
2198 1373 2256 1419 ut
2287 1373 2557 1420 consueto
2582 1378 2738 1418 more
2761 1362 2951 1417 divino
2979 1362 3154 1416 cultui
3175 1360 3530 1426 inservirent,

1933 1458 2087 1513 nulla
2118 1473 2180 1513 re
2209 1458 2361 1513 circa
2396 1455 2559 1512 fidem
2588 1456 2868 1511 innovata.
2904 1453 3276 1526 4261mm
3303 1452 3531 1521 quidem

1934 1550 2055 1621 ejus
2102 1550 2307 1605 factum
2355 1563 2691 1619 magnopere
2712 1546 3053 1601 laudandum
3084 1555 3189 1601 est.
3225 1544 3331 1601 Sed
3382 1546 3532 1615 quod

1935 1643 2003 1698 ad
2029 1644 2197 1698 vitam
2218 1643 2338 1713 ejus
2364 1658 2429 1697 ac
2459 1655 2642 1697 mores
2661 1641 2881 1705 attinet,
2915 1639 3099 1693 mollis
3132 1638 3238 1693 fuit
3258 1654 3324 1693 ac
3351 1638 3533 1694 disso-

1934 1736 2123 1799 lutus,
2166 1743 2222 1789 et
2255 1735 2474 1789 deliciis
2514 1749 2578 1788 ac
2604 1732 2769 1787 fmdis
2822 1730 3205 1801 voluptatibus
3252 1731 3528 1787 addictus.

1933 1828 2015 1883 Ad
2061 1829 2179 1882 hzec
2217 1828 2410 1883 aliena:
2440 1827 2692 1897 pecunia:
2716 1834 2830 1881 tam
2856 1826 3174 1880 vehementi
3225 1825 3531 1894 cupiditate

223 1920 348 1981 ταῖς
384 1917 710 1988 ἱερωσύναις
739 1919 801 1971 τὸ
829 1918 982 1972 Θεῖον
999 1917 1419 1987 εὐλαϐούμενος,
1437 1916 1499 1981 ἂς
1524 1919 1636 1980 τοῖς
1662 1934 1829 1986 προσ-

1940 1920 2226 1991 flagrabat,
2266 1930 2324 1974 ut
2362 1920 2539 1990 iniqui
2562 1926 2805 1989 quaestus
2832 1934 2998 1974 causa
3034 1926 3231 1972 cuneta
3259 1917 3530 1972 divende-

225 2009 488 2080 τυχοῦσιν
513 2009 859 2081 ἐπίπρασκεν
880 2053 895 2074 ,
939 2009 1136 2073 ὠνίους
1168 2009 1262 2062 καὶ
1292 2007 1495 2071 ταύτας
1525 2008 1830 2076 ἀναφανδὸν

166 2146 169 2147 ν
223 2103 541 2174 τιθέμενος.
600 2103 806 2174 Θράσει
855 2102 911 2157 δὲ
949 2104 1045 2156 καὶ
1092 2102 1265 2174 δειλία
1295 2104 1417 2165 ταῖς
1462 2101 1686 2165 κακίαις
1717 2101 1828 2171 (19)

224 2196 631 2268 κρατούμενος,
676 2196 899 2268 πρῶτον
919 2195 1211 2250 Ἰουστῖνον
1249 2193 1532 2266 προσγενῆ
1557 2194 1667 2264 (9.0)
1702 2211 1833 2263 τυγο

225 2290 494 2361 χάνοντα,
528 2290 622 2345 καὶ
658 2289 794 2343 πολὺ
832 2289 986 2354 κλέος
1032 2291 1186 2362 παρά
1232 2291 1399 2343 πᾶσιν
1455 2289 1670 2359 ἔχοντα,
1703 2285 1831 2359 περί

222 2400 287 2436 τε
318 2382 620 2453 ἐμπειρίαν
671 2382 927 2452 πολέμων
971 2384 1066 2437 καὶ
1096 2381 1194 2445 τάς
1222 2382 1389 2446 ἄλλας
1419 2380 1693 2448 ἀξιώσεις,
1733 2396 1831 2449 μευ

223 2471 558 2542 τάπεμπτον
594 2474 853 2539 ποιεῖται,
877 2472 1021 2543 ἀμφὶ
1049 2471 1139 2526 τὴν
1177 2473 1391 2543 Ἵστρον
1423 2472 1520 2535 τὰς
1551 2469 1830 2541 διατριϐὰς

223 2583 296 2619 πο
305 2565 387 2619 ιςύ
395 2584 583 2636 μενον,
598 2566 799 2629 καὶτὰς
818 2565 923 2618 τῶν
934 2564 1068 2618 ’Λϐἀ
1075 2583 1183 2634 ρων
1195 2564 1470 2626 διαϐάσεις
1484 2563 1826 2632 ἀνείργοντα.

227 2657 429 2720 Ἐθνος
445 2659 493 2710 οἱ
526 2656 667 2710 Ἀϐα
677 2674 758 2729 ροι
781 2656 889 2710 τῶν
903 2657 959 2710 Ἀ
971 2656 1265 2729 μαξοϐἱων,
1286 2657 1395 2710 τῶν
1412 2656 1553 2728 ὑπὲρ
1572 2657 1664 2710 τὸν
1683 2654 1831 2709 Καύο

223 2767 401 2804 κασον
414 2749 752 2804 τάὲπέκεινα
776 2751 934 2803 πεδία
973 2749 1373 2822 νεμομένων,οἳ
1395 2750 1519 2812 τοὺς
1546 2747 1828 2818 γειτνιῶνο

222 2861 326 2907 τας
337 2842 620 2914 Τούρκους
638 2845 975 2912 πεφευγότες
996 2842 1129 2914 (21),
1150 2844 1273 2898 ἐπεὶ
1288 2843 1474 2908 κακῶς
1488 2842 1624 2915 πρὸς
1650 2841 1829 2895 αὐτῶν

225 2933 635 2996 ἐπεπόνθεσαν,
676 2933 771 2985 ἐπὶ
803 2931 899 2986 τὸν
935 2933 1215 3005 Βόσπορον
1251 2932 1530 3002 ἀφίκοντο.
1582 2932 1694 2985 Καὶ
1730 2931 1829 3002 τὴν

222 3025 387 3097 ἠϊόνα
408 3024 504 3078 τοῦ
525 3024 785 3090 Εὐξείνου
811 3026 1154 3095 καλουμένου
1187 3024 1391 3079 Πόντου
1413 3024 1829 3089 καταλιπόντες,

225 3116 361 3170 ἔνθα
394 3117 568 3188 συχνά
618 3119 721 3190 μὲν
774 3118 902 3188 ἔθνη
947 3116 1306 3190 βαρϐαρικά·
1349 3117 1729 3189 ὲξῳκίσθησαν
1772 3117 1830 3171 δὲ

226 3209 327 3263 καὶ
389 3211 499 3263 ὑπὸ
540 3211 834 3282 Ῥωμαίων
858 3210 1042 3275 πόλεις
1083 3227 1143 3264 τε
1188 3202 1284 3265 καὶ
1344 3210 1703 3281 στρατόπεδα,
1740 3209 1830 3263 καί

224 3319 380 3356 τινες
428 3305 828 3375 προσορμίσεις
872 3302 1007 3376 (‘22),
1054 3304 1087 3375 ἢ
1132 3304 1485 3375 στρατιωτῶν
1526 3303 1827 3373 ἀπομάχων

226 3394 559 3464 γινομένων,
590 3394 623 3465 ἢ
662 3395 757 3449 καὶ
783 3396 1055 3449 ἀποικιῶν
1076 3396 1213 3468 πρὸς
1246 3396 1355 3449 τῶν
1377 3394 1644 3466 βασιλέων
1675 3395 1829 3447 στελ-

225 3483 500 3555 λομένων,
542 3484 645 3555 τὴν
670 3485 934 3558 πόρευσιν
965 3485 1274 3553 ἐποιοῦντο,
1311 3487 1447 3541 πᾶσι
1484 3488 1596 3547 τοῖς
1623 3487 1680 3537 ἐν
1700 3484 1827 3536 ποσὶ

1855 3260 1899 3322 C

1935 2017 2050 2073 ret;
2086 2023 2151 2062 ac
2198 2023 2267 2063 ne
2315 2007 2370 2061 in
2404 2007 2734 2062 sacerdotiis
2780 2006 3003 2076 quidem
3045 2004 3297 2060 divinutn
3324 2021 3531 2060 numen

1933 2109 2314 2165 revereretur,
2349 2116 2471 2170 quae
2494 2098 2673 2155 obviis
2692 2098 3006 2169 quibusque
3034 2098 3216 2168 pretio
3231 2098 3526 2163 vendebat,

1932 2193 2148 2248 venalia
2168 2192 2285 2247 hcce
2307 2193 2471 2247 etiam
2494 2192 2718 2263 publice
2741 2206 3085 2263 proponens.
3115 2191 3365 2261 Cumque
3394 2191 3533 2245 duo-

1933 2286 2039 2341 bus
2069 2286 2368 2341 contrariis
2401 2285 2572 2350 vitiis,
2616 2284 2847 2339 audacia
2880 2294 2935 2339 et
2968 2284 3181 2355 ignavia
3218 2285 3532 2355 implicatus

1935 2386 2253 2440 teneretur,
2317 2377 2558 2448 primum
2609 2376 2832 2447 quidem
2889 2376 3166 2432 Justinum
3236 2388 3529 2448 cognatum

1933 2484 2096 2525 suum
2152 2469 2218 2523 ad
2254 2485 2311 2524 se
2363 2468 2637 2535 evocavit,
2699 2469 2792 2539 qui
2831 2469 2885 2523 in
2925 2484 3120 2540 magna
3165 2469 3343 2539 gloria
3384 2470 3529 2539 apud

1932 2578 2126 2618 omnes
2156 2570 2298 2628 erat,
2335 2570 2450 2617 tum
2481 2563 2553 2618 ob
2584 2562 2835 2632 peritiam
2870 2562 2948 2617 rei
2981 2562 3261 2629 militaris,
3311 2571 3424 2617 tum
3458 2564 3530 2619 ob

1934 2655 2179 2725 reliquas
2215 2670 2353 2724 quas
2378 2662 2629 2726 gesserat
2652 2654 2967 2725 dignitates.
3004 2655 3055 2709 ls
3082 2662 3195 2709 tum
3231 2654 3299 2710 ad
3346 2655 3533 2710 Danu-

1932 2750 2084 2805 bium
2118 2749 2464 2814 morabatur,
2492 2757 2548 2803 et
2577 2747 2791 2803 Abaros
2831 2765 2859 2802 a
2887 2748 3126 2803 transitu
3164 2748 3414 2805 ﬂuminis
3438 2766 3529 2805 ar-

1932 2839 2115 2894 cebat.
2151 2836 2291 2894 Sunt
2319 2846 2503 2894 autem
2535 2836 2725 2899 Abari,
2751 2835 3079 2909 Scytharum
3111 2854 3245 2910 gens
3276 2840 3331 2895 in
3367 2841 3537 2911 plau~-,

1933 2931 2065 2987 stris
2104 2930 2452 3001 degentium,
2484 2930 2579 2999 qui
2616 2945 2841 2999 campos
2870 2932 3015 2986 ultra
3058 2930 3366 2987 Caucasum
3394 2933 3532 2989 sitos

1933 3023 2272 3081 incolebant.
2312 3023 2380 3078 lli
2428 3039 2552 3077 eum
2580 3037 2609 3078 a
2637 3022 2855 3088 Turcis,
2911 3022 3160 3079 finitimis
3205 3025 3342 3088 suis,
3377 3027 3529 3097 gravi

1932 3115 2267 3172 detrimento
2299 3115 2487 3170 affecti
2514 3124 2722 3178 essent,
2744 3115 2958 3171 relictis
2995 3115 3210 3170 sedibus
3237 3116 3376 3182 suis,
3404 3115 3531 3170 uni-

1932 3208 2080 3263 versi
2105 3223 2231 3263 eum
2274 3208 2548 3262 uxoribus
2571 3223 2637 3262 ac
2673 3207 2871 3262 liberis
2901 3207 2968 3261 ad
3007 3207 3316 3277 Bosporum
3362 3223 3534 3263 vene-

1936 3306 2088 3353 runt.
2124 3298 2587 3354 Deinde‘rclictis
2626 3298 2909 3353 littoribus
2958 3297 3162 3353 Euxini
3209 3299 3394 3361 Ponti,
3438 3298 3531 3353 ubi
3572 3344 3585 3351 -

1935 3390 2124 3446 multa;
2150 3389 2376 3460 quidem
2402 3389 2649 3445 barbara:
2678 3390 2928 3445 habitant
2951 3399 3176 3461 gentes;
3214 3390 3381 3445 urbes
3403 3406 3535 3447 vero

1933 3492 1992 3538 et
2021 3490 2203 3539 castra
2232 3498 2298 3539 ac
2332 3482 2603 3538 stationes
2633 3484 2887 3552 quaedam
2933 3499 2962 3538 a
2991 3482 3259 3538 Romanis
3296 3481 3537 3539 conditae
3572 3506 3575 3509 ν

1448 3583 1716 3679 VALES'II
1756 3618 2324 3677 ANNOTATIONES.

380 3714 591 3789 fratris
611 3716 667 3770 in
686 3716 990 3787 obsequium
1016 3718 1254 3789 gaudens
1283 3716 1572 3773 Marcellus
1597 3717 1797 3789 abibat.

377 3787 786 3859 plspositorque
816 3805 980 3842 novus
1006 3786 1176 3844 sacra:
1208 3789 1514 3859 Baduarius
1562 3786 1726 3851 autat,

375 3856 659 3912 Successor
697 3856 890 3921 soceri,
924 3859 1098 3930 factus
1134 3876 1257 3914 mox
1291 3858 1663 3930 CurOpalulcs.

307 3951 383 4022 De
431 3951 537 4005 hac
569 3966 739 4005 aurea
765 3951 919 4022 virga
953 3966 1075 4022 qua:
1112 3952 1546 4021 impcratorilms
1575 3951 1839 4007 Romanis

229 4021 487 4091 preferri
527 4021 917 4085 consueverat,
950 4021 1203 4092 loquitur
1247 4023 1452 4077 Paulus
1477 4022 1836 4076 Silentiarius

231 4094 289 4146 in
333 4091 712 4163 descriptione
739 4093 926 4163 templi
952 4091 1167 4150 Sancta:
1193 4092 1434 4163 Sophim,
1466 4092 1615 4148 haud
1641 4093 1835 4163 procul

228 4163 303 4217 ab
335 4163 523 4218 initio.

662 4286 733 4329 +~
760 4284 831 4329 τ·-
863 4286 935 4297 -
989 4254 1321 4329 ὀρνύμενος
1368 4255 1476 4329 γάρ

244 4326 336 4401 Ὡς
366 4325 650 4401 θέμις-οὐκ
681 4326 951 4401 ἀνέμιμνε
985 4325 1344 4401 συνέμπορον
1369 4325 1727 4401 ἀσπιδιώτην,

230 4400 305 4449 Οἱ
344 4396 587 4468 χρυσοῦν
610 4413 733 4450 τινα
760 4396 957 4467 ῥάϐδον
982 4438 997 4463 ,
1034 4396 1132 4451 dei,
1158 4396 1523 4468 πρὸκέλευθον
1561 4396 1834 4453 ἀνάκτων.

302 4488 505 4570 Neque
522 4488 681 4543 enim
697 4487 975 4543 assentior
996 4487 1321 4570 doctissimo
1344 4489 1489 4555 viro,
1517 4489 1611 4570 qui
1634 4504 1834 4570 aureas

230 4576 465 4615 secures
494 4560 898 4628 interpretatus
929 4567 1033 4614 est.
1066 4562 1143 4613 Ac
1175 4560 1416 4629 primum
1454 4560 1682 4629 quidem
1714 4561 1829 4615 hzec

228 4607 477 4703 gigans;
495 4607 800 4703 "istisin;
811 4607 1032 4703 ξιῖίιῖῥξ
1045 4607 1317 4700 τίῐιξεᾜὲάῖ
1329 4607 1440 4685 si?!)
1457 4607 1829 4700 ’ἆῖςξρὀὲῖιῖὄῆἑ
1864 4607 1906 4661 θ

226 4700 554 4757 castrensis
582 4704 721 4755 sacri
751 4700 961 4770 palatii.
996 4701 1194 4755 Postea
1221 4708 1601 4770 veroisumma
1633 4702 1824 4770 palatii

229 4771 479 4842 dignitas
524 4771 730 4842 haberi
754 4768 959 4842 coepit,
1006 4786 1073 4827 ex
1101 4787 1211 4841 quo
1250 4768 1501 4842 Justinus
1531 4768 1826 4842 Justiniani

228 4841 412 4914 nepos
434 4857 557 4924 eam
593 4841 779 4924 gessit.
833 4841 961 4924 Fuit
982 4851 1174 4924 autem
1207 4841 1388 4897 civilis
1420 4843 1543 4924 luce
1562 4841 1825 4912 dignitas,

228 4911 345 4967 non
384 4911 667 4977 militaris,
706 4921 768 4967 ut
806 4911 1023 4982 putavit
1054 4914 1417 4984 Alemannus,
1449 4914 1544 4982 qui
1581 4911 1826 4984 enropa-

227 4984 401 5039 latcm
445 5000 574 5038 cum
611 4984 817 5039 comite
867 4983 1255 5039 excubitorum
1299 4984 1551 5039 confudit
1583 4984 1638 5038 in
1669 4983 1828 5041 Notis

228 5053 301 5109 ad
345 5054 608 5125 Procopii
639 5054 921 5109 ἀνέκδοτα.

310 5126 425 5196 (18)
483 5122 631 5191 Τὸὺς
684 5122 1006 5196 ἁπανταχῇ
1052 5125 1573 5195 συνειλεγμένους
1612 5125 1825 5193 Ῑερέας.

226 5192 587 5267 Nicephorus
616 5196 671 5267 in
698 5210 822 5265 cap.
843 5192 1044 5267 55’llh.
1072 5211 1206 5260 xvn,
1264 5192 1381 5267 huic
1412 5196 1630 5266 Evagrii
1657 5192 1826 5252 verba

228 5265 455 5338 accepit
483 5265 553 5321 de
588 5266 883 5338 episcopis,
917 5265 1011 5338 qui
1043 5280 1143 5336 pro
1166 5265 1476 5338 reclaeilldei
1503 5265 1827 5338 defensione

228 5336 387 5393 varia
429 5339 483 5392 in
538 5336 659 5393 loca
704 5337 930 5407 relegati
983 5336 1205 5391 fuerant
1251 5351 1280 5390 a
1327 5337 1664 5393 Iustiniano.
1718 5338 1827 5394 Sed

226 5409 470 5464 verbum
497 5407 631 5464 illud
656 5407 1104 5479 συνειλεγμένους
1135 5408 1278 5479 hanc
1310 5407 1825 5479 interpretationem

226 5479 381 5535 ferre
406 5496 517 5534 non
546 5486 755 5551 potest.
782 5477 975 5551 Itaque
1000 5477 1726 5551 Cltristophorsoti‘ushunc
1749 5480 1829 5534 lo-

228 5567 361 5607 cum
396 5548 760 5620 interpretari
809 5548 1007 5603 maluit
1054 5549 1122 5602 de
1162 5549 1564 5620 episcopisiqui
1616 5564 1681 5603 ex
1709 5564 1828 5620 om-

226 5623 402 5677 nibus
439 5619 579 5676 locis
608 5621 662 5674 in
694 5636 864 5675 unum
893 5622 1211 5689 congregati
1247 5628 1405 5674 erant
1433 5619 1825 5676 COnstantino-

227 5693 369 5763 poli.
424 5692 535 5748 Sed
591 5706 771 5763 neque
820 5690 963 5745 hanc
1020 5691 1538 5763 interpretationem
1588 5691 1827 5763 probare

228 5761 483 5834 possum,
532 5778 661 5834 cum
708 5761 977 5834 Evagrius
1028 5761 1317 5834 episcopos
1353 5762 1479 5834 illos
1511 5777 1622 5834 non
1679 5761 1829 5834 dicat

228 5777 483 5834 possum,
532 5778 661 5819 cum
708 5776 977 5832 magnus
1028 5776 1317 5886 episcopos
1353 5776 1479 5817 tuos
1511 5777 1622 5817 non
1679 5776 1824 5817 meat

227 5834 501 5891 collectos
546 5832 718 5904 fuisse
766 5831 1297 5904 Constantinopoi,
1346 5832 1442 5889 sed
1499 5832 1824 5904 ἁπανταχῆ,

228 5904 289 5961 id
320 5916 407 5961 est
454 5903 722 5961 omnibus
762 5902 819 5957 in
856 5902 1013 5958 locis.

2012 3716 2123 3787 (l9)
2169 3715 2305 3782 Ταῖς
2360 3717 2618 3787 κακίαις.
2653 3716 2857 3771 Deessc
2908 3714 3133 3787 videtur
3180 3713 3405 3784 aliquod
3433 3731 3532 3771 vo-

1938 3788 2220 3849 cahulutn,
2261 3786 2407 3856 quod
2456 3787 2703 3856 suppleri
2766 3795 2951 3855 potest
2995 3786 3102 3839 hoc
3164 3789 3350 3846 modo,
3407 3791 3533 3846 ταῖς

1938 3859 2363 3921 ἐναντιωτάταις
2410 3856 2657 3919 κακίαις.
2697 3858 2876 3926 Atque
2941 3856 3013 3910 ita
3062 3857 3259 3927 legisse
3312 3856 3535 3911 videtur

1937 3927 2501 3997 Christophorsonus.

2013 3998 2123 4067 (20)
2170 3995 2513 4051 ήἸοισοντῖνον
2570 3996 2903 4066 προσγενῆ.
2962 3996 3084 4051 Fuit
3136 3995 3229 4050 hic
3276 3995 3531 4053 Justinus

1937 4067 2202 4124 Germani
2254 4068 2466 4139 patritii
2525 4068 2708 4130 ﬁlius,
2760 4068 3131 4139 consobrinus
3164 4067 3531 4139 imperatoris

1938 4139 2167 4204 Justini,
2193 4137 2270 4193 ut
2289 4140 2486 4193 scribit
2514 4139 2755 4194 Joannes
2784 4138 3135 4193 Bielaricnsis
3162 4138 3214 4190 in
3244 4137 3525 4195 Chronico.

1939 4211 2247 4265 Germanus
2267 4208 2514 4279 quidem,
2537 4219 2591 4265 ct
2614 4209 2867 4264 Justinus
2895 4208 3085 4278 junior
3105 4209 3319 4278 cognati
3346 4221 3497 4264 erant
3512 4248 3528 4263 .

1939 4280 2076 4335 Nam
2113 4280 2422 4335 Germanus
2475 4296 2649 4350 nepos
2695 4287 2815 4335 erat
2869 4280 3165 4350 Justiniani
3217 4295 3287 4350 ex
3330 4280 3525 4335 fratre.

1936 4350 2192 4407 Justinus
2276 4366 2410 4405 vero
2474 4349 2779 4421 imperator
2849 4349 2995 4421 lilius
3042 4358 3162 4404 erat
3218 4349 3529 4421 vigilantia:

1937 4424 2147 4477 sororis
2187 4421 2505 4477 Justiniani.
2543 4420 2816 4477 Caeterum
2850 4421 2941 4475 hic
2973 4420 3225 4474 Justinus
3265 4420 3526 4476 Germani

1936 4493 2083 4547 filius
2134 4493 2483 4547 consulatum
2507 4500 2753 4563 gesserat
2779 4492 3162 4563 annoChristi
3200 4490 3324 4563 540.
3359 4491 3527 4547 Eum-

1935 4564 2059 4618 dem
2091 4563 2441 4619 Justinianus
2469 4561 2771 4633 imperator
2805 4562 3125 4633 magistrum
3158 4561 3394 4633 militum
3430 4577 3529 4632 per

1935 4634 2257 4689 Colehidem
2306 4642 2363 4688 ct
2394 4632 2711 4688 Armeniam
2745 4633 2799 4686 itt
2831 4633 3011 4687 locum
3052 4632 3269 4687 Martini
3300 4649 3526 4687 creave-

1936 4717 2043 4770 rat,
2080 4704 2353 4761 utscribit
2375 4705 2638 4776 Agathias
2670 4705 2723 4758 in
2754 4704 2849 4776 lih.
2880 4719 2965 4776 tv;
2992 4712 3188 4776 postea
3206 4718 3340 4776 vero
3368 4718 3527 4757 eum-

1937 4777 2063 4831 dem
2117 4773 2740 4847 magistrum_militum
2789 4775 3071 4847 fecitipcr
3100 4773 3415 4847 __'l‘liracias,
3466 4785 3527 4828 ttt

1937 4847 2103 4972 ἕδραι
2130 4844 2436 4905 Menander
2469 4845 2763 4901 Protector
2798 4845 2853 4899 in
2896 4846 2994 4901 lib.
3034 4859 3049 4897 t
3089 4844 3363 4909 Historiw,
3396 4859 3519 4915 pag.

1935 4919 2023 4973 99.

2011 4987 2124 5057 (il)
2169 4986 2317 5053 Τοὺς
2371 4985 2755 5057 γειτνιῶντας
2797 4986 3518 5057 Τοιπρκουςνπεφίευτότες,

1935 5056 2185 5127 Qualiter
2213 5056 2424 5113 Abares
2455 5057 2543 5129 isti
2600 5073 2629 5111 a
2652 5056 2855 5129 furcis
2879 5056 3124 5129 superati
3145 5056 3211 5129 in
3243 5056 3521 5129 Europam

1937 5144 2015 5254 iui)
2056 5128 2601 5253 receperint,7refert
2649 5126 3098 5200 'l‘heOphylactus
3138 5126 3438 5183 Simocatta
3468 5126 3523 5182 in

1960 5218 1973 5254 ι
2022 5242 2034 5253 .
2086 5216 2182 5254 vn.
2219 5215 2340 5254 can.
2433 5241 2446 5253 .

1934 5201 2034 5255 lib.
2086 5216 2182 5263 vu,
2219 5215 2340 5263 cap.
2394 5201 2446 5253 7.

2010 5216 2654 5344 (Ξὲ)11ὶιἰῗῖῃτιαςίξςεξρός
2694 5268 3004 5344 ὁρμήσας.
3050 5267 3522 5344 A_pttd_N_i_cepho-

1937 5339 2062 5397 rum
2096 5342 2149 5395 in
2199 5356 2320 5411 cap.
2373 5342 2442 5395 5i
2489 5340 2585 5394 lih.
2616 5355 2746 5400 xvu,
2780 5349 2841 5411 et
2883 5340 2937 5393 in
2978 5340 3171 5411 codice
3209 5339 3523 5395 Tellcriano

1936 5412 2204 5468 scribitur
2228 5409 2336 5466 una
2358 5426 2493 5466 voce
2514 5410 2927 5481 προσορμίσας,
2952 5409 3102 5481 quod
3132 5411 3305 5480 magis
3324 5411 3519 5480 probo.

1937 5483 2138 5538 Totum
2168 5498 2299 5537 vero
2330 5482 2480 5537 hunc
2513 5480 2695 5537 locum
2726 5481 2800 5535 ita
2833 5480 3187 5535 scribendum
3219 5482 3475 5536 existimo
3505 5497 3519 5535 :

1943 5554 2112 5609 Ἔνθα
2139 5553 2309 5624 συχνὰ
2329 5553 2429 5624 μὲν
2452 5554 2579 5622 ἔθνη
2611 5550 2926 5624 βαρϐαρικὰΔ
2952 5550 3328 5624 ὲξῳκίσθησαν
3346 5567 3360 5581 ·
3392 5551 3524 5624 ᾠκί-

1936 5624 2147 5693 σθησαν
2176 5620 2240 5676 δὲ’
2264 5620 2358 5677 καὶ
2391 5623 2496 5676 ὑπὸ
2531 5620 2814 5693 Ῥωμαίων
2846 5620 3036 5685 πόλεις
3072 5638 3132 5693 τε
3167 5621 3261 5693 καὶ
3293 5620 3525 5692 στρατό-

1938 5691 2092 5756 πεδα,
2119 5702 2226 5749 etc.
2262 5694 2318 5748 ld
2340 5702 2425 5749 est
2457 5711 2471 5748 :
2510 5694 2604 5750 Ubi
2629 5691 2810 5747 inultm
2840 5693 3051 5763 quidem
3082 5691 3325 5746 barbam
3346 5691 3526 5763 gentes

1935 5767 2131 5820 relictis
2161 5765 2367 5819 sedibus
2396 5766 2504 5819 suis
2534 5764 2810 5829 habitant;
2848 5763 2999 5818 urbes
3036 5778 3159 5818 vero
3187 5773 3233 5819 et
3269 5773 3452 5820 castra
3473 5769 3527 5819 et

1935 5839 2191 5892 stationes
2244 5854 2275 5891 (ι
2308 5835 2562 5893 Romanis
2604 5836 2817 5890 condita
2855 5844 3000 5892 sunt.
