3982 6388
524 370 625 439 791
1688 379 2003 442 EVAGRII
2049 382 2289 445 SCHOL
2302 386 2538 447 ASTICl
3612 404 3739 469 2⁸792

490 499 642 553 sunt,
665 504 789 544 cum
819 498 914 545 aut
940 490 1144 545 milites
1172 490 1440 558 veterani,
1476 500 1573 546 aut
1600 493 1784 548 coloni
1815 494 1883 549 ab
1912 496 2076 565 impc-

2192 495 2488 568 βαρσάροις
2531 499 3050 572 ἀνταγωνιζόμενοι,
3108 504 3301 577 μέχρις
3342 499 3402 562 οὗ
3446 510 3540 576 τὰς
3582 517 3750 585 ἡίόνας

491 582 773 638 ratoribus
808 598 875 636 eo
919 582 1142 636 deducti
1195 591 1434 650 essent;
1506 583 1740 639 ulterius
1796 587 2076 657 progressi

2184 589 2280 643 τοῦ
2334 591 2551 663 Ἴστρου
2598 593 3001 665 κατειλήφασι,
3062 598 3157 651 καὶ
3231 600 3367 670 πρὸς
3400 582 3752 664 ’Κουστινιανὸν

491 682 642 739 sunt,
673 688 797 729 cum
831 673 1091 728 omnibus
1118 674 1372 729 barbaris
1404 674 1501 744 qui
1552 676 1607 729 in
1644 674 1844 732 itinere
1878 691 2076 732 occur-

2187 680 2631 770 ὲπρεσδεύσαντο
2661 685 2797 757 (25).
2842 686 3125 743 Ἐντεῦθεν
3146 691 3173 743 ὁ
3197 691 3479 758 Ἰουστϊνος
3497 701 3754 770 μετεπέμ-

490 776 699 829 rerent,
752 765 1155 835 depugnantes.
1188 766 1436 822 Tandem
1478 783 1616 823 vero
1650 783 1775 822 cum
1821 768 1889 823 ad
1931 770 2076 840 ripas

2189 771 2297 843 φθη
2337 766 2427 828 οἷα
2482 775 2645 847 δῆθεν
2679 777 2913 846 ὀφείλων
2955 780 3066 834 τῶν
3117 785 3488 856 συγκειμένων
3527 790 3665 856 αὑτῷ
3692 765 3753 846 ’τι

489 859 727 913 Danubii
763 858 1186 928 pervenissent,
1229 860 1444 930 legatos
1485 860 1552 915 ad
1594 861 1878 917 Iustinum
1911 862 2076 918 mise-

2188 865 2286 917 καὶ
2302 864 2380 936 τῷ
2401 844 2771 941 αὐτοκράτορι
2812 871 3085 944 Ἰουστίνῳ
3121 844 3448 935 ἀπολαύσω.
3494 844 3755 955 ἘπεὶΙγάρ

489 961 642 1005 runt.
680 952 759 1006 Ex
804 951 893 1005 his
928 951 1097 1021 igitur
1134 952 1269 1007 locis
1312 954 1618 1010 accersitus
1671 968 1757 1011 est
1801 954 2076 1020 Iustinus,

2190 957 2360 1026 ἄμφω
2387 961 2763 1032 παραπλησίω
2785 963 3198 1036 καθεστηκέτην
3230 972 3352 1034 ταῖς
3392 971 3486 1024 τοῦ
3510 972 3619 1043 βίου
3637 951 3733 1042 φάν

490 1054 750 1114 tanquam
806 1052 1139 1113 accepturus
1187 1060 1251 1099 ea
1297 1062 1421 1115 qua:
1470 1046 1617 1102 inter
1674 1047 1854 1118 ipsum
1914 1055 2076 1117 atque

2186 1048 2424 1113 τασίαις,
2460 1052 2555 1104 καὶ
2592 1052 2680 1105 ἐπ’
2711 1053 2882 1124 ἄμφω
2927 1056 2961 1127 ἡ
3014 1056 3267 1127 βασιλεία
3312 1061 3613 1134 ὲπῃὼρητο.
3641 1084 3751 1119 συν.

489 1135 879 1204 imperatorem
920 1135 1202 1190 Iustinum
1248 1145 1408 1205 pacta
1460 1136 1706 1203 fuerant.
1754 1138 1892 1192 Nam
1954 1153 2076 1192 cum

2187 1145 2321 1212 ήτην
2354 1144 2491 1213 μετά
2527 1145 2696 1200 πολλὰ
2718 1148 2789 1202 τὰ
2810 1150 3109 1219 ἀμφίλογα,
3135 1150 3279 1206 ὥστε
3312 1153 3403 1207 τὸν
3432 1157 3485 1220 ἐς
3511 1157 3604 1227 τὴν
3620 1158 3756 1228 βασι-

486 1226 651 1280 ambo
679 1226 931 1280 saeculari
960 1225 1104 1280 fastu
1133 1242 1198 1281 ac
1229 1229 1481 1296 potentia
1512 1228 1657 1282 inter
1680 1245 1739 1285 se
1774 1244 1937 1299 pares
1991 1244 2076 1285 es-

2184 1234 2337 1287 λείαν
2368 1236 2638 1307 παριόντα
2664 1280 2679 1304 ,
2710 1237 2808 1309 τὴν
2835 1239 3100 1310 δευτέραν
3123 1240 3307 1312 χώραν
3335 1243 3544 1315 θατέρῳ
3567 1225 3751 1311 δοῦναι,

487 1327 635 1383 sent,
684 1327 740 1374 et
769 1319 836 1373 ad
866 1328 1164 1389 utrumque
1200 1337 1266 1376 ex
1315 1336 1475 1391 mquo
1505 1322 1799 1392 imperium
1839 1339 2076 1393 propen-

2186 1325 2252 1378 ἵν’
2286 1328 2349 1380 ἐκ
2378 1327 2489 1381 τῶν
2519 1330 2839 1401 δευτερείων
2857 1335 2956 1402 τῆς
2989 1331 3267 1403 βασιλείας
3294 1335 3363 1389 τὰ
3387 1342 3624 1407 πρωτεῖα
3654 1341 3752 1394 τῶν

486 1412 618 1468 dere
643 1413 930 1470 videretur
951 1457 964 1480 ,
999 1425 1123 1486 post
1156 1417 1358 1471 multas
1390 1416 1823 1486 disceptationes
1856 1418 1910 1473 id
1936 1418 2076 1473 inter

2184 1419 2361 1473 ἄλλων
2384 1421 2741 1491 ἀποφέροιτο.

490 1506 639 1577 ipsos
668 1518 1028 1574 convenerat,
1059 1519 1122 1563 ut
1156 1510 1202 1564 is
1235 1510 1329 1580 qui
1360 1510 1427 1564 ad
1469 1510 1764 1579 imperium
1832 1512 2204 1582 pervenisset,
2271 1514 2429 1566 alteri
2484 1513 2797 1583 proximum
2861 1515 3049 1572 locum
3098 1517 3453 1574 concederet.
3481 1517 3595 1586 Quo
3621 1521 3755 1577 scili-

489 1610 577 1657 cet
625 1603 680 1657 in
709 1602 959 1657 secundo
994 1602 1214 1672 imperii
1247 1604 1418 1673 gradu
1460 1606 1815 1672 constitutus,
1847 1606 2057 1676 primas
2097 1622 2206 1676 prae
2234 1606 2467 1677 reliquis
2490 1608 2755 1663 omnibus
2790 1609 2983 1665 ferret.

1072 1694 1234 1767 [.27
1261 1695 1413 1752 CAP.
1447 1698 1513 1752 ιι.

2788 1702 3040 1756 ΚΕΦΑΛ.
3098 1704 3173 1759 B'.

711 1785 790 1842 De
830 1787 968 1842 ca’de
1012 1786 1212 1842 λυδιίηὶ
1246 1790 1458 1860 cognati
1492 1789 1853 1859 imeratoris.

2186 1790 2328 1875 Περὶ
2360 1789 2471 1859 τῆς
2498 1792 2840 1848 Ἰουστίνου
2875 1795 2983 1848 τοῦ
3016 1796 3277 1865 ἀνεψιοῦ
3322 1798 3509 1852 αὐτοῦ
3547 1798 3759 1869 ἀναιρέ-

2852 1886 2863 1897 ~
2901 1881 3051 1931 σεως
3064 1907 3079 1923 .

560 1948 734 2020 Igitur
778 1948 1081 2018 imperator
1115 1947 1370 2004 Justinus
1413 1947 1723 2013 Iustinum,
1753 1949 1813 2003 in
1840 1945 2081 2017 speciem

490 2042 716 2113 quidem
758 2056 974 2098 summa
1004 2055 1129 2095 cum
1181 2040 1532 2095 humanitate
1581 2055 1649 2095 ac
1692 2039 2082 2095 benevolentia

490 2135 729 2206 excepit.
767 2135 889 2189 Mox
910 2133 1093 2188 varias
1120 2132 1358 2187 subinde
1396 2148 1592 2188 causas
1626 2132 2079 2201 comminiscens,

491 2228 757 2297 paulatim
778 2227 1046 2281 satellites
1076 2226 1126 2280 ei
1152 2225 1393 2280 detraxit
1418 2241 1483 2281 ac
1513 2224 1853 2282 domesticos
1885 2234 2083 2281 eteor-

488 2318 643 2388 poris
678 2318 938 2374 custodes
976 2316 1304 2387 :vetuitque
1354 2332 1424 2372 ne
1454 2316 1521 2371 ad
1577 2317 1758 2387 ipsum
1791 2317 2084 2373 visendum

491 2411 824 2481 procederet
852 2429 866 2464 :
901 2411 1017 2481 ipse
1032 2412 1181 2466 enim
1218 2410 1445 2466 sedebat
1466 2408 1640 2464 domi.
1668 2408 1911 2465 Tandem
1928 2425 2081 2477 vero,

485 2504 645 2573 jussu
680 2501 1029 2572 imperatoris
1082 2500 1309 2565 Iustini,
1362 2501 1418 2554 in
1478 2515 1732 2570 magnam
1789 2500 2079 2556 civitatem

489 2594 877 2648 Alexandriam
909 2591 1236 2647 amandatus
1272 2601 1379 2657 est,
1428 2600 1594 2662 atque
1646 2592 1761 2646 illic
1804 2600 1968 2647 nocte
1999 2592 2085 2647 in-

492 2695 760 2756 tempesta
787 2701 913 2741 cum
945 2686 1002 2739 in
1032 2686 1179 2740 lecto
1207 2684 1591 2750 decumberet,
1623 2685 2003 2750 miserandum
2028 2686 2082 2741 in

489 2778 715 2834 modum
747 2779 1077 2834 interfectus
1110 2787 1195 2834 est
1228 2796 1240 2831 :
1282 2780 1353 2832 ob
1379 2779 1827 2834 benevolentiam
1863 2779 1919 2833 in
1943 2795 2086 2834 rem-

488 2869 766 2942 publicam
811 2881 867 2928 et
904 2873 975 2927 ob
1019 2887 1108 2927 res
1132 2872 1396 2942 praeclare
1433 2871 1488 2926 in
1524 2872 1673 2927 bello
1703 2881 1906 2944 gestas,
1942 2873 2086 2928 hanc

489 2968 804 3023 mercedem
854 2968 1126 3021 referens.
1158 2967 1271 3021 Nec
1300 2966 1454 3037 prius
1481 2966 1737 3024 Iustinus
1782 2965 2076 3038 imperator

2185 2967 2426 3041 κεφαλὴν
2468 2968 2881 3040 ἀποτμηθεῖσαν
2918 2971 3081 3033 αὑτός
3101 2989 3185 3038 τε,
3220 2973 3317 3025 καὶ
3353 2974 3389 3043 ἡ
3420 2971 3601 3026 τούτου
3644 2966 3751 3020 σύν-

488 3069 547 3116 et
582 3062 783 3132 conjux
830 3061 951 3132 ejus
996 3059 1199 3129 Sophia
1232 3058 1477 3113 furorem
1522 3074 1684 3113 suum
1723 3059 2076 3126 remiserunt,

2189 3078 2340 3125 οικος
2397 3061 2566 3131 Σοφία
2598 3062 2921 3130 ἐθεάσαντο,
2952 3065 3048 3118 καὶ
3075 3068 3184 3128 τοῖς
3211 3069 3373 3120 ποσὶν
3402 3065 3749 3133 ὲξελάκτισαν.

495 3165 594 3213 aut
643 3165 968 3225 conceptam
1039 3156 1306 3210 adversus
1381 3154 1660 3211 Iustinum
1707 3154 1844 3209 iram
1893 3155 2280 3226 expleverunt,
2347 3138 2509 3228 quam
2572 3158 2776 3216 Justini
2818 3169 2984 3230 caput
3026 3161 3322 3231 praecisum
3368 3162 3651 3226 vidissent,
3699 3170 3753 3212 ac

487 3249 725 3323 pedibus
754 3248 871 3303 suis
892 3246 1331 3318 proculcassent.

2255 1953 2414 2008 Μετὰ
2444 1954 2647 2026 πολλῆς
2680 1956 2975 2029 τοιγαροῦν
3013 1958 3114 2028 τῆς
3148 1959 3351 2027 ἔξωθεν
3382 1961 3755 2033 φιλοφροσύνης

2184 2047 2213 2099 ὁ
2239 2046 2529 2112 ’1ουστῖνος
2572 2048 2666 2104 τὸν
2689 2048 2981 2104 Ἰουστίνον
3031 2051 3457 2123 δεξιωσάμενος,
3506 2055 3596 2109 καὶ
3630 2053 3755 2108 κατὰ

2183 2139 2521 2213 δορυφόρους
2547 2142 2645 2197 καὶ
2678 2144 3155 2215 σωματοφύλακας
3188 2146 3643 2219 παραιρούμενος,
3671 2148 3754 2212 τάς

2184 2248 2245 2285 τε
2291 2233 2424 2302 παρ’
2487 2232 2655 2287 αὐτοῦ
2709 2234 2972 2305 προόδους
3012 2236 3126 2309 (24)
3177 2237 3406 2311 εἴργων,
3431 2238 3663 2309 καθῆστο
3688 2237 3755 2291 οἵ·

2186 2343 2272 2379 κοι
2316 2326 2454 2397 (25),
2517 2328 2576 2391 ἒς
2623 2328 2723 2399 τὴν
2771 2328 3130 2401 Ἀλεξάνδρου
3188 2332 3439 2402 μεγάλην
3486 2331 3753 2385 Ἰουστὶνου

2185 2414 2560 2484 κελεύσμασιν
2600 2417 2934 2474 ὲσοικίζεται
2980 2420 3095 2491 (26)
3131 2421 3322 2477 πόλιν·
3367 2421 3530 2477 αὐτοῦ
3565 2438 3620 2475 τε
3650 2421 3753 2473 δει-

2185 2506 2356 2570 λαίως
2387 2507 2696 2578 ἀναιρεῖται
2729 2508 2920 2580 πόρρω
2944 2508 3055 2562 τῶν
3075 2509 3313 2574 νυκτῶν,
3335 2509 3414 2563 ἔτι
3457 2505 3754 2575 κλινοπετὴς

2187 2597 2474 2670 ὑπάρχων,
2504 2598 2709 2671 ταύτην
2736 2600 2977 2672 ἀμοιῦὴν
3022 2600 3123 2672 τῆς
3169 2602 3228 2666 ὲς
3255 2600 3322 2655 τὸ
3349 2602 3644 2671 πολίτευμα
3678 2600 3754 2651 εύ-

2184 2690 2357 2757 νοίας,
2401 2690 2636 2745 καὶτῶν
2667 2693 2726 2758 ἐς
2765 2694 2893 2757 τοὺς
2944 2694 3218 2765 πολέμους
3264 2692 3752 2766 ἀνδραγαθημάτων

2185 2782 2578 2854 κομισάμενος.
2602 2785 2711 2838 Καὶ
2741 2785 2802 2839 ού
2839 2785 3104 2857 πρότερον
3133 2788 3357 2841 ἀνεῖσαν
3394 2786 3486 2840 τοῦ
3519 2781 3750 2854 θυμοῦ.ἢ

2185 2877 2285 2946 τῆς
2329 2875 2561 2946 ξεούσης
2596 2877 2817 2948 μήνιδος
2866 2878 3300 2951 ἐνεφορήθησαν,
3334 2878 3530 2951 μέχρις
3572 2873 3627 2931 οἶ)
3668 2874 3752 2944 τὴν

1695 3358 1971 3414 VALESII
2020 3357 2576 3416 ANNOTATIONES.

561 3458 675 3528 (25)
707 3454 861 3523 Πρὸς
890 3454 1877 3528 Ἰουστηξιανόνμἐπρεσϐςΰσαντο.
1914 3453 2076 3509 Iusti-

2191 3453 2362 3517 domi.
2413 3463 2470 3510 et
2518 3456 2916 3528 consobrinum
2952 3470 3114 3528 suum
3162 3455 3447 3512 Iustinum
3489 3458 3553 3513 ad
3586 3473 3639 3514 se
3669 3470 3752 3528 vet

484 3525 635 3583 niani
660 3527 882 3597 Augusti
916 3527 1259 3597 temporibus
1285 3526 1494 3597 Abares
1518 3526 1574 3578 in
1600 3525 1874 3593 Europam
1904 3533 2081 3597 trans-

527 3600 695 3659 ressi,
752 3594 991 3666 primum
1031 3594 1312 3651 Romanis
1359 3596 1745 3657 innotuerunt,
1795 3603 1857 3648 ut
1912 3594 2079 3649 tradit

537 3667 931 3739 hcophylactus
965 3668 1267 3739 Simocatta
1305 3666 1377 3739 ἰηᾷ
1414 3666 1558 3739 libro
1609 3666 1865 3739 sept_i_mo,_
1897 3666 2077 3733 capite

484 3735 681 3793 octavo
719 3735 887 3792 {cum
920 3740 1069 3793 enim
1101 3738 1168 3793 ad
1194 3739 1313 3792 loca
1345 3735 1583 3807 Scythia:
1617 3736 1918 3807 ac‘Moesize
1949 3750 2076 3804 per-

482 3811 790 3873 venissent,
841 3810 1052 3880 legatos
1102 3805 1595 3880 athustini‘anum
1634 3805 2077 3880 niiser_u_nt_a_nno

485 3881 773 3934 tricesimo
798 3876 978 3949 primo
999 3878 1216 3948 imperii
1244 3878 1565 3940 Iustiniani,
1589 3886 1661 3949 ut
1683 3876 1880 3949 scribit
1905 3876 2079 3949 Theo-

528 3952 697 4005 haues
741 3946 1096 4006 in'Clu'onico
1140 3957 1195 4003 et
1221 3950 1543 4003 Anastasius
1588 3946 2071 4001 bibliothecarius.

536 4022 677 4075 ictor
726 4031 908 4075 tamen
938 4020 1328 4074 Thunouensis
1359 4020 1502 4074 hanc
1531 4017 1863 4087 legationem
1910 4018 2076 4085 paulo

486 4093 666 4147 serius
722 4100 1141 4145 commemorat.
1172 4091 1305 4145 Post
1349 4086 1696 4145 consulatum
1752 4087 1938 4143 Basilii
1969 4086 2073 4141 viri

486 4162 781 4217 clarissimi
835 4176 982 4217 anno
1029 4160 1119 4226 25,
1183 4160 1524 4215 Justinianus
1577 4157 2075 4231 princepshlegatos

483 4235 653 4303 gentis
698 4232 1021 4303 Abrarorum,
1074 4231 1210 4285 unde
1247 4241 1543 4303 venerant,
1578 4228 1769 4303 facitﬁ
1800 4228 1904 4303 _Hic
1956 4239 2076 4284 erat

483 4298 662 4358 annus
715 4302 1031 4358 tricesimus
1052 4311 1240 4358 sextus
1269 4301 1484 4371 imperii
1518 4298 1850 4371 Iustiniani.
1874 4298 1949 4371 _De
1982 4314 2076 4371 ea-

483 4373 610 4428 dem
641 4374 881 4429 Abarum
934 4373 1208 4443 legatione
1253 4367 1751 4443 adp—Iustinianum
1801 4367 2075 4443 videndus

481 4452 567 4500 est
601 4444 901 4498 Menander
928 4440 1220 4499 Protector
1259 4443 1314 4496 in
1344 4441 1443 4496 lib.
1478 4459 1493 4497 ι
1542 4441 1816 4505 Historicc,
1852 4454 1974 4509 pag.
2005 4440 2073 4496 99

480 4514 745 4570 editionis
778 4515 981 4585 “cgita,
1017 4513 1110 4567 ubi
1137 4528 1256 4585 eam
1286 4513 1615 4585 legationem
1663 4512 1946 4585 luculente
1974 4510 2072 4564 de-

482 4586 698 4649 scribit,
732 4594 789 4639 et
831 4581 1075 4640 Victoris
1127 4581 1519 4638 Thunonensis
1563 4581 1894 4638 sententiam
1942 4595 2075 4636 con-

482 4656 691 4711 ﬁrmat.
715 4656 806 4711 Ait
825 4656 971 4711 enim
998 4654 1370 4710 Iustinianum
1394 4670 1506 4708 non
1526 4653 1702 4708 multo
1723 4660 1847 4721 post
1875 4666 1905 4721 c
1930 4652 2074 4707 vivis

480 4727 706 4782 abiisse.
738 4757 809 4767 —-
845 4725 1210 4781 AitValesius
1248 4724 1304 4778 in
1332 4720 1787 4795 interpretatione
1826 4720 2069 4795 Abarum

480 4798 692 4867 legatos
720 4798 788 4851 ad
827 4796 1106 4867 Iustinum
1136 4796 1391 4867 venisse.
1419 4791 1681 4867 Idemque
1714 4795 1771 4867 in_
1807 4793 1955 4867 notis
1977 4791 2069 4867 _ad

479 4861 743 4937 exvcerpta
783 4866 1065 4922 Menandri
1087 4866 1429 4937 Protectoris
1453 4861 1734 4937 observat,
1760 4861 2074 4937 hancAba-

481 4955 602 4993 rum
626 4932 956 5009 legationem
984 4936 1364 5009 introductam
1385 4935 1620 5009 esse_die
1640 4951 1714 5009 vn
1762 4942 1884 5004 post
1911 4932 2071 5009 inau-

481 5004 827 5080 gurationem
855 5008 1079 5065 Iustini.
1121 5008 1305 5080 Erant
1325 5022 1458 5080 ergo
1491 5006 1614 5080 d_u_:e
1649 5005 1891 5080 Abarum
1920 5004 2071 5074 lega-

484 5075 687 5143 tiones,
733 5080 802 5135 de
857 5094 1093 5149 quarum
1136 5077 1311 5149 priori
1368 5075 1479 5149 agit
1514 5075 1899 5149 Theophanes.

557 5152 666 5221 (24)
714 5152 824 5216 Ίὶὶς
855 5144 918 5202 τε
947 5164 1069 5221 παρ
1083 5150 1096 5169 ’
1136 5144 1326 5203 αὐτοῦ
1367 5144 1689 5221 προ-ὀδορςῖ
1724 5144 2073 5221 Nicephorus

483 5214 590 5277 hoe
645 5214 764 5275 loco
797 5214 1241 5290 praepositionem
1294 5214 1540 5290 sustulit.
1594 5217 1685 5290 Sic
1733 5214 1882 5290 enim
1916 5215 2071 5290 hunc

482 5293 706 5362 Evagrii
755 5285 937 5345 locum
971 5291 1242 5362 expressit
1268 5307 1281 5343 :
1304 5291 1428 5362 gliai
1459 5288 1558 5362 ea;
1606 5285 1773 5362 αὑτοῦ
1807 5286 2071 5362 προδδους

481 5356 722 5432 ἀνεῖργε.
759 5362 942 5417 Malim
998 5356 1182 5432 tamen
1216 5361 1271 5432 in
1303 5358 1540 5432 Evagrio
1589 5358 1833 5432 scribere
1881 5356 1979 5418 τὰς
2009 5371 2069 5432 τε

484 5426 844 5502 παρ”ἀύτδν
885 5431 1144 5502 προύδους
1192 5426 1625 5499 εἴργωνδριιυῐη
1675 5427 1971 5483 lectionem
2012 5426 2069 5480 in
2112 5466 2119 5471 .

482 5505 738 5560 VCI‘SIOHC
771 5520 892 5557 mea
940 5511 1165 5557 SOCUIUS
1212 5516 1355 5555 Slllll.

574 5576 666 5641 9.5)
707 5573 985 5641 Καθῆστο
1016 5572 1127 5640 γὰρ
1166 5570 1338 5624 οἴκοι.
1370 5566 1995 5641 Nicephorus_quidem_
2016 5575 2073 5621 et

482 5637 1152 5715 Christophorsonushmc
1176 5641 1396 5715 Evagrii
1424 5637 1680 5715 verbadc
1723 5637 1942 5693 Iustino
1970 5637 2069 5693 Ju-

485 5717 614 5770 stini
674 5709 1411 5785 imperatorisconsobrino
1470 5709 1860 5785 intellexerunt
1893 5726 1920 5785 _:
1969 5722 2070 5777 ego

484 5800 619 5839 vero
662 5778 997 5839 de'Justino
1046 5784 1165 5852 ipso
1202 5782 1535 5852 imperatore
1563 5780 1749 5852 malim
1791 5778 2066 5852 accipere.

485 5852 587 5911 llic
620 5854 767 5909 enim
815 5869 940 5909 cum
997 5848 1142 5923 aeger
1175 5848 1342 5917 esset,
1398 5859 1456 5905 ut
1485 5850 1788 5921 plurimum
1837 5848 2065 5904 sedebat

2192 3534 2382 3584 tuerat
2414 3526 2703 3582 accedere.
2772 3526 2935 3582 Certe
2983 3526 3272 3582 Cedrenus
3334 3543 3400 3584 ac
3454 3528 3655 3584 Zonara
3705 3525 3750 3579 id

2183 3597 2331 3665 quod
2359 3597 2471 3651 dixi
2503 3597 2571 3665 de
2601 3598 2818 3653 Iustino
2843 3605 3138 3653 testantur.
3170 3597 3467 3654 Cedrenus
3513 3600 3654 3655 enim
3688 3597 3751 3652 ita

2183 3660 2378 3740 scribit
2412 3685 2424 3721 :
2467 3660 2635 3740 υῦτος
2665 3669 2693 3720 ὁ
2749 3668 3037 3740 ’βουστῖνος
3066 3669 3307 3738 συνεχῶς
3351 3670 3752 3740 νοσηλευόμενος

2182 3737 2276 3791 καὶ
2300 3738 2663 3803 σκοτοδινιῶν,
2695 3739 2790 3791 καὶ
2818 3738 2892 3861 p2
2917 3737 3224 3808 δυνάμενος
3243 3737 3629 3809 προέρχέσθαιζ
3656 3746 3748 3792 etc.

2255 3807 2364 3861 (26)
2400 3808 2498 3861 Ἑρ
2522 3807 2637 3861 τὴν
2675 3807 2851 3861 Ἀλεέ
2896 3806 3078 3861 νδοου
3100 3808 3375 3861 μεγάλην
3399 3807 3748 3861 ὲσοικίῖεται.

2255 3807 2364 3875 (26)
2400 3808 2498 3873 Ἐς
2522 3807 2637 3875 τὴν
2675 3806 3749 3878 Ἂ.1εξάνδροὺμεγάλὴνέσοικίζεται.

2182 3877 2397 3932 Mallem
2429 3878 2614 3948 legere
2640 3877 2992 3950 ἐξοικίζεται.
3014 3877 3370 3950 rNicepliorus
3393 3880 3523 3950 legit
3572 3877 3749 3950 ἐξῳκίτ

2183 3950 2411 4020 σθησαν,
2436 3947 2507 4020 eti
2525 3949 2744 4020 Evagrii
2774 3949 2959 4002 locum
3011 3947 3271 4020 intelligit
3297 3951 3368 4005 de
3402 3947 3653 4005 barbaris
3669 3947 3749 4018 qui

2178 4034 2246 4073 eo
2269 4018 2493 4074 adducti
2515 4018 2735 4075 fuerant
2758 4034 2787 4072 a
2806 4020 3090 4073 Romanis.
3109 4018 3384 4075 Caaterum
3416 4021 3507 4077 hic
3519 4020 3751 4077 Iustinus

2178 4091 2497 4160 Augustalis
2527 4100 2582 4146 ct
2622 4089 2733 4143 dux
2770 4089 3118 4145 Alexandriae
3154 4089 3338 4147 laetus
3370 4101 3456 4146 est
3499 4108 3530 4146 a
3553 4088 3750 4147 Iustino

2178 4161 2515 4230 imperatore
2565 4176 2712 4215 anno
2763 4170 2920 4216 sexto
2968 4160 3189 4230 imperii
3230 4162 3409 4231 ipsius
3447 4160 3662 4223 Iustini,
3691 4164 3751 4231 ‘ut

2179 4228 2376 4302 scribit
2422 4231 2793 4302 Theophanes
2832 4228 3281 4302 acﬂCredrenus.
3334 4232 3573 4288 Cedreni
3600 4228 3750 4302 verba
3796 4280 3802 4287 .

2177 4311 2307 4355 sunt
2355 4300 2519 4358 haec:
2575 4300 2841 4363 Ἃκούσας
2896 4301 2954 4354 δὲ
3006 4300 3330 4367 ’1ουστῖνο;,
3380 4304 3464 4356 ὅτι
3500 4300 3751 4368 ὸὰνεψιδς

2176 4370 2343 4425 αὐτοῦ
2368 4370 2701 4444 ᾼῦγουστος,
2721 4372 2781 4444 ὃς
2800 4368 2869 4444 ἦν
2888 4371 3012 4444 δοὺξ
3045 4371 3474 4444 ’Δλεξανδρείας,
3504 4367 3750 4444 συσκευῂν

2179 4442 2380 4513 μελετᾷ
2408 4443 2550 4496 κατὰ
2581 4439 3001 4513 τοῦῌβασὶλέως,
3039 4444 3263 4513 πέμψας
3292 4439 3458 4497 αὐτὸν
3490 4439 3748 4513 ἀπεκεφά-

2176 4498 2314 4567 itas.
2346 4498 2542 4569 Scribe
2580 4498 2742 4584 an];
2776 4498 3181 4584 Αὔγουστάλιοέ
3227 4498 3324 4568 aiat
3352 4514 3479 4581 δοὺξ
3522 4498 3749 4577 Ἀλεξαν-

2175 4584 2381 4655 δρείας,
2418 4582 2888 4655 quemadmodum
2927 4583 3131 4655 legitur
3161 4584 3308 4655 apud
3355 4584 3745 4655 Theophanen).

2176 4649 2306 4709 Dum
2338 4649 2487 4709 enim
2521 4656 2640 4710 ista:
2685 4649 3358 4726 dignitates,iAugu'stalis
3394 4669 3457 4710 ac
3488 4649 3658 4726 ducis,
3690 4649 3748 4701 li-

2175 4733 2267 4778 cet
2298 4725 2575 4781 distinctze
2603 4723 2814 4787 essent,
2846 4723 3333 4779 interdum'tamen
3358 4726 3453 4781 uni
3477 4723 3747 4787 eidemque

2179 4794 2343 4850 simul
2408 4796 2800 4851 tribucbantur
2853 4794 2923 4849 ab
2975 4794 3432 4864 imperatoribus,
3488 4803 3549 4849 ut
3582 4789 3746 4864 multis

2180 4865 2450 4937 exemplis
2471 4866 2694 4937 probari
2726 4873 2928 4935 potest.
2957 4860 3129 4919 Porro
3153 4867 3268 4921 haec
3289 4860 3532 4936 dignitas
3551 4860 3747 4937 Iustina

2181 4925 2362 5007 delata
2389 4925 2485 4992 est'
2505 4936 2573 4990 ab
2600 4925 2958 5007 imperatore,
2987 4951 3096 4990 non
3126 4945 3186 4991 ut
3220 4925 3380 4991 illuni
3408 4942 3645 5007 ornaret,
3667 4925 3746 4984 sed

2182 5006 2369 5075 potius
2412 5015 2475 5061 ut
2508 5005 2699 5076 procul
2737 5007 2807 5060 ab
2842 5007 2994 5076 regia
3022 5022 3147 5061 eum
3182 5008 3526 5062 amandarat.
3577 5005 3746 5076 Itaque

2182 5074 2449 5131 custodia:
2495 5074 2618 5131 loco
2663 5077 2769 5129 fuit
2817 5074 2947 5131 urbs
2979 5076 3332 5132 Alexandria.
3371 5077 3551 5143 Quare
3581 5074 3743 5127 Theo-

2180 5145 2393 5215 phanes
2442 5148 2498 5201 in
2554 5146 2813 5203 Chronico
2866 5144 3061 5202 scribit
3104 5148 3384 5204 Iustinum
3436 5149 3745 5216 Augustum.

2181 5211 2579 5289 consobrinum
2614 5234 2775 5289 suum
2822 5217 3103 5273 Iustinum
3142 5220 3297 5289 quasi
3350 5211 3622 5289 captivum
3661 5211 3744 5289 de-

2181 5286 2418 5343 tinuisse
2452 5288 2799 5344 Alexandria
2830 5305 2843 5341 :
2890 5281 3175 5352 Ἀκούσας
3196 5290 3253 5343 δὲ
3287 5281 3569 5348 deuo-tivo;
3603 5286 3629 5336 ὁ
3667 5281 3746 5349 βα-

2182 5357 2365 5429 σιλεὺς
2391 5360 2523 5429 περ),
2550 5358 2645 5412 τοῦ
2678 5358 2900 5427 ἀνεψιοῦ
2936 5359 3124 5426 αὑτοῦ,
3163 5360 3220 5413 ὃν
3244 5357 3393 5429 εἶχεν
3423 5362 3480 5412 ὲν
3518 5352 3744 5429 ΪΑλεξωΓ

2177 5426 3746 5498 δρείᾳΑύγουστάλιον,οιαϐίιειοτυιη,ΙοοιιῇθδΒίεΙειιηίοηείς

2178 5485 2234 5551 in
2280 5485 2561 5573 Qlirenico,
2594 5485 3022 5573 Iustinihujus
3056 5485 3642 5573 cmdemircfertuanno
3667 5504 3744 5573 δεῖ

2179 5568 2605 5643 cundo_iuiperii
2628 5568 3102 5643 Iustiniju'nioris
3138 5591 3150 5626 :
3178 5572 3372 5628 eodem
3398 5570 3746 5643 scilicetgnttt}

2180 5655 2291 5709 quo
2322 5633 2607 5714 Aithérius
2650 5652 2706 5697 et
2739 5633 2977 5714 Addamus
3006 5644 3231 5713 capitali
3264 5640 3549 5714 supplicio_
3578 5633 3741 5691 atlecti

2178 5708 2539 5794 si“’“:_ld‘luc
2588 5729 2716 5770 cum
2777 5713 2996 5786 Evagrii
3043 5708 3390 5770 narratione
3413 5708 3582 5783 magis
3622 5716 3742 5760 con-

2178 5792 2371 5838 S€llllL
