3982 6442
303 425 443 491 2797

1283 425 1671 488 ΗΙΒΤΟΒΙᾹΞ
1710 423 2304 486 ECCLESIASTlC/E
2343 423 2573 482 LIBER
2610 423 2672 485 V.

3430 421 3570 484 2798

302 542 679 615 ουργήσαντα,
728 544 824 597 ttat
851 540 1010 598 ἄλλον
1051 539 1144 594 τδν
1189 540 1429 595 παθόντα
1496 520 1891 609 ὲπιστάμεθαί

1996 537 2057 592 ad
2086 537 2460 601 divinitatem,
2489 535 2979 592 consubstantialis
2999 545 3182 590 autem
3208 535 3368 592 nobis
3393 553 3570 608 quan-

303 637 419 693 ἀλλ’
469 639 565 692 ἕνα
589 637 688 690 καὶ
725 636 818 690 τδν
859 635 1020 690 αὑτὸν
1057 633 1428 704 ὁμολογοῦμεν
1476 631 1683 703 Κύριον
1729 630 1888 701 ἡμῶν

314 727 527 800 Ἰησοῦν
567 725 804 799 Χριστὸν
833 725 926 778 τὸν
975 722 1068 779 τοῦ
1111 723 1247 778 Θεοῦ
1287 725 1481 792 Λόγον,
1537 721 1889 793 σαρκωθὲντα

301 821 398 875 καὶ
413 819 635 882 τελείως
653 816 1176 888 ὲνανθρωπήσαντα,
1206 814 1301 868 καὶ
1331 814 1446 877 ἑνὸς
1481 815 1574 867 καὶ
1600 813 1692 866 τού
1723 811 1888 867 αὑτοῦ

300 910 369 964 τά
397 927 457 962 τε
497 908 774 980 θαύματα,
831 908 924 961 καὶ
963 907 1034 961 τὰ
1081 907 1254 977 πάθη,
1295 907 1440 976 ἆπερ
1488 904 1753 967 ἑκουσίως
1782 905 1887 956 ὑπ·

264 1001 489 1072 ,ἔμεινε
535 1001 700 1072 σαρκὶ
726 1001 814 1054 διὰ
859 997 958 1071 τὴν
1003 999 1278 1070 ἡμετέραν
1338 997 1633 1068 σωτηρίαν.
1671 997 1746 1050 Οὐ
1780 995 1888 1066 γὰρ

301 1093 594 1165 ἄνθρωπός
654 1111 741 1156 τις
793 1094 986 1147 ἑαυτὸν
1023 1093 1166 1164 ὑπὲρ
1221 1091 1378 1163 ἡμῶν
1434 1091 1704 1144 δέδωκεν·
1771 1088 1886 1142 ἀλλ’

300 1183 466 1248 αὐτὸς
518 1185 546 1236 6
577 1182 714 1246 Θεὸς
766 1183 941 1252 Λόγος
990 1183 1278 1256 ἀτρέπτως
1317 1183 1608 1253 γενόμενος
1679 1181 1890 1252 ἄνθρω-

300 1289 443 1337 πος,
509 1273 570 1326 τό
642 1289 702 1326 τε
772 1273 1020 1327 ἑκούσιον
1091 1273 1283 1338 πάθος,
1349 1275 1441 1328 καὶ
1501 1273 1594 1326 τὸν
1659 1273 1888 1328 θάνατον

299 1366 444 1436 ὑπὲρ
494 1367 657 1438 ἡμῶν
703 1367 873 1439 σαρκὶ
944 1367 1294 1434 κατεδέξατο.
1355 1369 1464 1420 Καὶ
1521 1367 1653 1420 Θεδν
1708 1367 1888 1420 τοίνυν

298 1459 463 1512 αὑτὸν
523 1459 956 1528 ὁμολογοῦντες,
1011 1461 1112 1513 οὐκ
1192 1449 1517 1530 ἀθετοῦμεν
1570 1459 1665 1513 τοῦ
1748 1453 1888 1512 εἶναι

297 1549 466 1604 αὑτὸν
497 1549 593 1604 καὶ
615 1550 938 1620 ἄνθρωπον·
982 1551 1079 1604 καὶ
1139 1549 1430 1619 ἄνθρωπον
1475 1551 1640 1604 αὐτὴν
1694 1551 1888 1621 ὁμολο-

297 1645 549 1710 γοῦντες,
588 1644 688 1697 οὐκ
732 1643 1046 1715 ἀρνούμεθα
1079 1643 1176 1697 τοῦ
1211 1639 1354 1696 εἶναι
1403 1645 1565 1698 αὑτὸν
1600 1645 1691 1698 καὶ
1729 1645 1883 1697 Θεόν.

299 1735 471 1790 Ὅθεν
505 1734 602 1788 ἕνα
636 1736 843 1790 καὶτὸν
867 1736 1030 1790 αὑτὸν
1081 1735 1140 1803 ἐξ
1189 1736 1456 1806 ἑκατέρας
1489 1737 1728 1805 φύσεως,
1763 1737 1885 1791 θεός

297 1841 468 1894 τητος
522 1807 618 1878 κά),
689 1825 1129 1895 ἀνθρωπότητος,
1189 1824 1442 1878 σύνθετον
1496 1823 1888 1895 ὁμολογοῦντες

1995 639 2109 686 tum
2144 631 2210 687 ad
2233 631 2635 686 humanitatem
2665 649 2678 686 :
2713 630 2957 702 patibilis
2983 631 3204 700 quidem
3229 646 3416 698 carne,
3451 631 3572 688 dei-

1992 729 2102 776 tate
2125 737 2256 776 vero
2287 721 2630 793 impatibilis.
2659 721 2848 792 Neque
2871 721 3018 776 enim
3044 721 3214 776 alium
3240 722 3412 778 Deum
3439 721 3575 778 Ver-

1991 812 2124 869 bum
2150 813 2248 884 qui
2277 814 2540 869 miraeula
2575 813 2934 884 perpetravit,
2970 821 3028 868 et
3059 812 3228 867 alium
3254 814 3348 883 qui
3379 829 3574 885 passus

1991 915 2077 961 est
2109 907 2457 978 agnoscimus
2487 925 2500 960 :
2532 907 2626 961 sed
2653 923 2818 960 unum
2853 905 3222 976 eamdemque
3244 907 3574 961 conﬁtemur

1989 996 2284 1050 Dominum
2332 1008 2582 1052 nostrum
2609 997 2794 1052 Jesum
2837 997 3137 1061 Christum,
3177 997 3273 1052 Dei
3303 997 3568 1062 Verbum,

1992 1087 2340 1143 incarnatum
2372 1098 2428 1144 et
2463 1089 2702 1160 perfecte
2737 1089 3018 1144 hominem
3051 1091 3278 1155 factum,
3313 1099 3369 1144 et
3405 1090 3574 1146 unius

1989 1181 2350 1252 ejusdemque
2373 1197 2494 1236 esse
2521 1189 2633 1235 tum
2659 1181 2949 1244 miracula,
2972 1192 3083 1236 tum
3105 1173 3574 1251 passionesfqnas

1991 1271 2185 1326 salutis
2207 1280 2408 1327 nostra;
2439 1287 2627 1336 causa,
2662 1287 2760 1326 sua
2788 1280 2982 1340 sponte
3015 1271 3070 1324 iu
3093 1287 3258 1326 carne
3284 1270 3569 1326 sustinuit.

1989 1363 2111 1417 Non
2142 1365 2289 1418 enim
2315 1365 2482 1418 homo
2510 1363 2714 1434 aliquis
2739 1363 2982 1432 seipsum
3015 1362 3241 1417 tradidit
3268 1379 3363 1431 pro
3387 1362 3570 1428 nobis,

1989 1455 2084 1508 sed
2123 1455 2357 1526 ipsemet
2406 1456 2552 1511 Deus
2593 1456 2859 1516 Verbum,
2900 1455 3018 1510 sine
3064 1456 3172 1508 ulla
3207 1455 3576 1510 conversione

1990 1547 2158 1602 homo
2191 1545 2386 1611 factus,
2425 1556 2786 1618 Spontaneam
2820 1547 3132 1617 passionem
3163 1562 3228 1601 ac
3261 1556 3495 1602 mortem
3519 1545 3573 1598 in

1989 1654 2158 1694 carne
2193 1654 2294 1710 pro
2321 1639 2482 1694 nobis
2511 1639 2702 1695 subiit.
2741 1638 2931 1708 itaque
2978 1653 3104 1693 cum
3158 1638 3314 1692 illum
3343 1637 3575 1693 conﬁte-

1990 1747 2117 1785 mur
2151 1731 2346 1796 Deum,
2397 1729 2653 1786 eumdem
2697 1745 2918 1801 quoque
2971 1729 3253 1784 hominem
3297 1745 3420 1785 esse
3464 1745 3576 1782 non

1993 1822 2304 1878 inﬁciamur
2343 1841 2355 1876 :
2397 1831 2455 1878 et
2493 1838 2618 1877 cum
2665 1823 2820 1877 illum
2868 1821 3148 1876 hominem
3187 1837 3308 1877 esse
3343 1819 3576 1876 cantite-

297 1917 394 1970 τὸν
438 1916 646 1987 Κύριον
699 1916 859 1987 ἡμῶν
924 1917 1131 1986 Ἰησοῦν
1177 1917 1437 1989 Χριστὸν,
1499 1916 1760 1986 σύγχυσιν
1819 1917 1886 1987 τῇ

1996 1930 2136 1978 mur,
2187 1931 2297 1969 non
2355 1914 2564 1969 idcirco
2616 1929 2880 1985 negamus
2926 1913 3181 1967 eumdem
3234 1927 3356 1966 esse
3407 1912 3574 1966 etiam

299 2009 498 2063 ὲνὼσει
555 2010 658 2062 οὑκ
719 2008 1090 2078 ὲπεισόιγομεν
1117 2009 1250 2079 (⁷51).
1284 2011 1356 2062 Οὐ
1415 2009 1526 2080 γὰρ
1572 2009 1655 2061 ότι
1693 2008 1887 2074 γέγονε

299 2101 428 2155 καθ’
451 2103 602 2170 ἡμᾶς
645 2101 956 2174 ἄνθρωπος,
995 2102 1054 2154 τὸ
1088 2097 1229 2154 εἶναι
1270 2101 1401 2164 Θεὸς
1431 2101 1686 2154 ἀπολέσει
1715 2116 1728 2129 ·
1763 2099 1887 2152 οὗτε

302 2193 416 2262 μὴν
446 2193 530 2245 ὃτι
558 2191 690 2255 Θεὸς
722 2192 864 2246 κατὰ
897 2190 1059 2259 φύσιν
1099 2191 1268 2252 ἐστὶν,
1301 2191 1396 2243 καὶ
1441 2191 1542 2260 τὴν
1571 2191 1709 2261 πρὸς
1741 2191 1890 2260 ἡμᾶς

297 2283 568 2352 όμοίωσιν
603 2282 986 2356 ἀπαράδεκτον
1022 2281 1133 2352 ἔχει
1156 2321 1171 2343 ,
1209 2281 1303 2336 καὶ
1335 2283 1395 2334 τὸ
1429 2281 1714 2352 ἄνθρωπος
1748 2279 1889 2335 εἶναι

298 2375 732 2444 παραιτήσεται.
769 2375 1066 2446 Μεμένηκε
1099 2375 1154 2426 δὲ
1176 2373 1367 2444 ὥσπερ
1401 2375 1458 2427 ὲν
1505 2373 1890 2444 ἀνθρωπότητι

297 2465 460 2527 Θεὸς,
489 2464 634 2518 οὑτω
665 2467 760 2518 καὶ
788 2464 847 2518 ὲν
877 2466 1119 2534 ὑπεροχῇ
1156 2464 1409 2534 θεότητος
1441 2462 1539 2528 ὢν,
1571 2463 1886 2534 ἄνθρωπος,

295 2556 459 2609 οὐδὲν
486 2551 653 2627 ἧττον
677 2572 690 2586 ·
727 2553 896 2625 ἄμφω
924 2555 980 2608 δὲ
1014 2554 1090 2608 ὢν
1118 2556 1176 2607 ὲν
1203 2553 1402 2624 ταυτῷ,
1436 2556 1530 2608 καὶ
1557 2549 1638 2617 εἷς
1670 2554 1800 2618 Θεός
1831 2571 1890 2608 τε

297 2645 443 2715 ὁμοῦ
501 2643 598 2698 καὶ
649 2632 938 2712 ἅνθρωπος
992 2645 1022 2697 6
1081 2641 1456 2714 Ἐμμανουήλ.
1503 2643 1618 2696 Τὸν·
1648 2643 1892 2698 αὑτὸνδὲ

297 2737 704 2810 ὁμολογοῦντες
746 2739 808 2790 ὲν
839 2737 1070 2806 Θεότητι
1105 2735 1330 2798 τέλειον,
1365 2736 1462 2788 καὶ
1501 2733 1888 2806 ἁνθρωπότητι

297 2831 535 2894 τέλειον,
573 2831 633 2896 ἐξ
679 2821 757 2882 ὧν
781 2828 872 2882 καὶ
911 2825 1197 2897 συνετέθη,
1233 2826 1502 2896 διαίρεσιν
1533 2828 1630 2896 μὲν
1652 2827 1752 2898 τὴν
1787 2826 1892 2880 ἀνὰ

301 2920 500 2991 μέρος,
532 2917 568 2988 ἢ
594 2921 770 2988 τομὴν
803 2918 907 2972 οὐκ
925 2916 1258 2987 ἐπιφέρομεν
1286 2919 1351 2986 τῇ
1387 2917 1488 2987 μιᾷ
1516 2916 1683 2969 αὑτοῦ
1707 2915 1894 2972 συνθέ-

297 3029 382 3080 τῳ
421 3010 744 3064 ὑποστάσειο
785 3011 886 3080 τὴν
915 3007 973 3062 δὲ
1003 3009 1270 3078 διαφορὰν
1301 3009 1410 3060 τῶν
1438 3007 1657 3076 φύσεων
1691 3008 1893 3079 σημαί-

301 3119 497 3170 νομεν.
526 3103 630 3156 οὑκ
659 3099 1064 3172 ἀναιρουμένην
1093 3099 1185 3154 διὰ
1223 3101 1322 3171 τὴν
1355 3099 1570 3154 ἕνωσιν.
1607 3099 1745 3154 Οὔτε
1785 3100 1894 3172 γὰρ

303 3198 340 3264 ἠ
376 3195 501 3249 θεία
526 3195 693 3264 φύσις
722 3197 804 3260 είς
835 3193 935 3268 τὴν
961 3195 1314 3266 ἀνθρωπείαν
1343 3191 1674 3262 μετεϐλήθη,
1703 3191 1828 3246 οὔτε
1859 3195 1892 3264 ἠ

303 3287 636 3358 ἀνθρωπεία
665 3288 822 3357 φύσις
846 3289 926 3350 εἰς
971 3288 1071 3358 τὴν
1113 3287 1264 3342 Θείαν
1304 3288 1541 3358 ἐτράπη.
1573 3287 1894 3356 Νοουμένης

303 3379 364 3434 δὲ
396 3379 596 3450 μᾶλλον
625 3379 722 3434 καὶ
755 3377 1110 3448 ὑπαρχούσης
1141 3377 1250 3448 (52)
1285 3378 1552 3448 ἑκατέρας
1584 3381 1644 3432 ἐν
1679 3377 1756 3450 τῷ
1794 3379 1894 3448 τῆς

310 3469 451 3534 ιδίας
490 3469 709 3540 φύσεως
741 3471 853 3542 ὅρῳ
873 3487 933 3524 τε
980 3471 1076 3524 καὶ
1139 3469 1283 3538 λόγῳ
1335 3471 1650 3542 πεπρᾶχθαί
1711 3488 1894 3542 φαμεν

304 3563 408 3634 τὴν
439 3563 636 3618 ἕνωσιν
676 3563 799 3618 καθ’
847 3564 1170 3617 ὑπόστασιν.
1218 3564 1282 3617 Ἦ
1316 3565 1372 3618 δὲ
1413 3563 1536 3618 καθ’
1595 3565 1896 3618 ὑπόστασιν

307 3651 509 3716 quat;
535 3653 688 3724 δηλοῖ
714 3655 796 3707 ὅτι
829 3655 857 3704 6
883 3653 1020 3716 Θεὸς
1037 3653 1228 3722 Λόγος,
1255 3655 1534 3710 τουτέστιν
1559 3658 1592 3726 ἡ
1633 3657 1730 3726 μία
1761 3657 1896 3710 ὑπό-

308 3756 504 3806 στασις
557 3741 670 3796 τῶν
726 3741 894 3814 τριῶν
937 3743 1038 3812 τῆς
1094 3741 1347 3814 θεότητος
1399 3743 1773 3810 ὑποστάσεων,
1832 3748 1893 3800 οὑ

308 3831 720 3902 προῦποστάντι
768 3833 1044 3905 ἀνθρώπῳ
1092 3832 1300 3903 ήνώθη,
1345 3833 1464 3887 ἀλλ’
1497 3836 1558 3888 ὲν
1577 3837 1643 3907 τῇ
1692 3837 1892 3907 γαστρὶ

306 3922 407 3990 τῆς
461 3924 769 3996 Δεσποίνης
815 3923 976 3995 ἡμῶν
1016 3923 1116 3992 τῆς
1159 3925 1322 3992 ἁγίας
1374 3925 1590 3989 ἐνδόξου
1622 3925 1888 3982 Θεοτόκου

1993 2006 2188 2060 Deum.
2244 2005 2400 2062 Unde
2454 2006 2584 2060 dum
2639 2022 2810 2060 unum
2864 2005 3235 2074 eumdcmqne
3284 2003 3575 2057 Dominum

1991 2105 2241 2152 nostrum
2265 2098 2450 2154 Jesum
2471 2097 2755 2153 Christum
2780 2113 2845 2152 ex
2871 2105 3344 2166 utraqueuatura,
3371 2093 3577 2148 deitatc

1991 2187 2204 2242 scilicet
2235 2197 2402 2258 atque
2436 2187 2784 2242 humanitate
2815 2187 3186 2257 compositum
3226 2185 3574 2256 profitemur,

1991 2279 2375 2334 confusionem
2430 2294 2538 2334 non
2591 2279 3084 2350 superinducimus
3140 2278 3405 2332 unitioni.
3456 2276 3576 2331 Non

1991 2371 2140 2425 enim
2167 2386 2234 2426 eo
2264 2373 2410 2443 quod
2437 2372 2668 2442 perinde
2693 2387 2756 2428 ac
2774 2371 2938 2444 530
2959 2387 3060 2426 nos
3085 2371 3250 2424 homo
3273 2369 3449 2424 factus
3471 2377 3575 2433 est,

1992 2464 2138 2518 Deus
2169 2480 2290 2520 esse
2339 2464 2556 2520 desinet
2611 2483 2624 2518 :
2674 2481 2776 2520 nec
2825 2479 3022 2519 rursus
3069 2478 3137 2518 eo
3183 2461 3330 2532 quod
3381 2471 3578 2516 natura

1991 2555 2138 2610 Deus
2160 2564 2261 2620 est,
2291 2561 2350 2611 et
2386 2556 2766 2610 similitudinis
2799 2563 3004 2610 nostrae
3035 2554 3458 2624 haudquaquam
3489 2567 3580 2607 ca-

1993 2663 2122 2717 pax,
2161 2647 2326 2702 homo
2369 2662 2491 2702 esse
2530 2647 2827 2702 recusabit.
2860 2647 3075 2716 Quippe
3118 2654 3180 2699 ut
3221 2646 3275 2698 in
3317 2641 3578 2698 humani-

1997 2747 2106 2794 tate
2146 2740 2310 2802 Deus,
2357 2739 2438 2795 sic
2493 2738 2549 2793 in
2602 2740 2884 2810 majestate
2935 2739 3166 2794 Deitatis
3215 2737 3573 2800 constitutus,

1993 2840 2179 2888 manet
2206 2832 2570 2888 nihilominus
2602 2833 2766 2888 homo
2805 2851 2818 2886 :
2851 2841 3154 2902 utrumque
3195 2831 3360 2886 simul
3427 2831 3576 2886 exsi-

1993 2934 2148 2979 stens
2205 2939 2370 2989 unus,
2428 2925 2576 2980 Deus
2644 2923 2857 2978 scilicet
2915 2932 3080 2992 atque
3127 2923 3314 2988 homo,
3356 2921 3578 2976 Emma-

1993 3014 2146 3069 nuel.
2187 3015 2360 3070 Porro
2392 3029 2518 3069 cum
2551 3015 2709 3069 illum
2747 3015 2802 3068 in
2834 3013 3124 3068 divinitate
3161 3013 3492 3084 perfectum,
3522 3019 3580 3066 et

1994 3106 2302 3178 perfectum
2355 3107 2411 3162 in
2455 3106 2820 3171 humanitate,
2865 3123 2934 3162 ex
2985 3107 3192 3177 quibus
3237 3106 3580 3176 compositus

1995 3207 2100 3260 est,
2133 3198 2483 3262 confitemur,
2523 3199 2620 3254 uni
2657 3201 2778 3270 ejus
2817 3199 3139 3270 compositae
3171 3215 3416 3268 personae
3459 3215 3582 3269 par-

1922 3271 1964 3328 c
2000 3289 2286 3346 tieularem
2323 3291 2650 3347 divisionem
2685 3292 3101 3348 autsectionem
3126 3308 3234 3347 non
3258 3291 3578 3357 inferimus;

2001 3383 2098 3440 sed
2131 3391 2451 3440 naturarum
2484 3384 2853 3441 differentiam
2877 3400 2999 3456 qua:
3028 3400 3126 3455 per
3159 3385 3466 3442 unitionem
3489 3401 3584 3439 ne—

2002 3489 2280 3544 quaquam
2311 3474 2545 3538 tollitur.
2585 3475 2919 3530 indicamus.
2955 3475 3090 3530 Nam
3133 3489 3240 3531 nec
3272 3475 3456 3532 divina
3487 3491 3582 3530 na-

2003 3573 2127 3619 tura
2161 3566 2216 3620 in
2250 3566 2544 3621 humanam
2578 3576 2788 3622 mutata
2817 3575 2922 3631 est,
2949 3582 3052 3621 nec
3077 3567 3318 3622 humana
3350 3566 3404 3620 in
3439 3567 3584 3621 divi-

2001 3675 2126 3714 nam
2158 3675 2444 3715 conversa.
2483 3660 2592 3717 Sed
2624 3671 2858 3728 utraque
2884 3661 3069 3730 potius
3105 3661 3388 3714 intellecta
3419 3667 3584 3728 atquo

1998 3751 2300 3807 exsistente
2325 3753 2383 3808 in
2412 3753 2653 3822 propria:
2691 3761 2904 3806 natura:
2932 3750 3258 3807 deﬁnitione
3287 3760 3452 3820 atque
3492 3767 3583 3804 ra-

1997 3843 2170 3906 tione,
2223 3843 2534 3899 unitiouem
2583 3843 2786 3899 factam
2827 3857 2949 3898 esse
2993 3843 3232 3898 dicimus
3276 3829 3584 3898 secundum

1996 3946 2292 4002 personam
2327 3952 2342 3987 :
2381 3934 2560 3989 unitio
2586 3949 2720 3990 vero
2759 3932 3064 3988 secundum
3098 3948 3390 4003 personam
3424 3933 3476 3987 id
3505 3931 3582 3987 si-

1510 4075 1783 4136 VALESII
1810 4077 2368 4138 ANNOTATIONES.

377 4196 501 4268 (5i)
556 4195 872 4268 Σύτκυσιν
910 4191 994 4268 τῇ
1035 4193 1253 4249 ἐνώσει
1299 4193 1413 4268 οὐξι
1469 4192 1892 4268 ῥπειᾳάγομεν.

307 4261 447 4324 Male
476 4261 868 4334 tbunc'loeum
907 4261 1310 4334 interpretatur
1349 4261 1897 4332 Christophorsonus

308 4337 413 4392 hoc
445 4336 615 4392 modo
645 4353 660 4390 :
693 4333 809 4390 Non
838 4333 1196 4404 confusionem
1223 4334 1279 4389 in
1306 4334 1568 4404 unitatem
1603 4334 1896 4404 introduci-

308 4423 446 4461 mus.
469 4406 585 4462 Nec
616 4407 821 4459 rectius
855 4405 1135 4460 Musonius
1163 4405 1260 4472 qui
1291 4405 1375 4458 sic
1393 4403 1563 4458 vertit
1589 4421 1602 4456 :
1629 4403 1896 4458 Unitalem

307 4493 412 4531 non
442 4476 834 4544 confundimus.
870 4477 978 4547 Sed
1010 4475 1577 4547 Museulumquidem
1601 4474 1896 4547 haudqua-

305 4562 473 4617 quam
510 4543 824 4614 niirur,qui
867 4545 920 4598 in
962 4546 1066 4598 hoc
1098 4545 1283 4617 edicto
1312 4543 1514 4617 Justini
1557 4543 1752 4617 ἕνωσιν
1773 4560 1896 4612 per-

2002 4195 2239 4270 prietate
2291 4196 2527 4253 facimus
2566 4215 2580 4251 :
2617 4213 2781 4270 quam
2831 4199 2907 4254 illi
2963 4198 3191 4270 penitus
3240 4195 3578 4270 ignorantes,

2004 4268 2267 4338 unionem
2289 4276 2556 4336 putarunt
2579 4269 2716 4324 nihil
2736 4269 2884 4324 aliud
2910 4268 3033 4325 esse
3055 4284 3219 4338 quam
3251 4268 3578 4324 unitionem.

2001 4336 2169 4406 Atqui
2220 4337 2367 4392 inter
2424 4339 2686 4394 unionem
2725 4348 2785 4394 et
2807 4336 3115 4394 unitionem
3145 4346 3358 4393 tantum
3389 4338 3584 4392 discri-

2003 4407 2173 4479 minis
2216 4415 2322 4466 est,
2369 4417 2637 4477 quantum
2688 4409 2828 4464 inter
2887 4409 3087 4479 μονάδα
3129 4417 3186 4462 et
3255 4408 3470 4479 ἔχωσιν.
3521 4408 3580 4463 in

2007 4478 2212 4531 unione
2262 4479 2379 4532 sive
2433 4481 2643 4534 unitate
2672 4481 2810 4534 nihil
2837 4489 2918 4534 est
2951 4482 3056 4535 nisi
3089 4479 3343 4547 simplex.
3375 4478 3434 4532 lu
3461 4480 3586 4532 uni-

2007 4548 2154 4600 tione
2201 4563 2334 4620 vero
2362 4548 2570 4620 aiiquid
2605 4552 2920 4606 necessario
2952 4550 3280 4620 intelligitur
3304 4550 3582 4620 composi-

303 4607 475 4686 petuo
506 4607 962 4690 vertitunitatem
1001 4616 1150 4683 gravi
1182 4630 1398 4690 errore.
1439 4613 1704 4690 Eumd_en_t
1731 4607 1894 4690 erro:
1927 4607 1971 4663 Ι)
2004 4625 2117 4670 tum
2156 4634 2222 4672 ex
2243 4607 2482 4690 duobus.
2513 4619 2676 4674 Certe
2706 4631 2865 4675 vetus
2895 4607 3170 4690 interpres
3197 4619 3386 4690 synodi
3415 4607 3580 4690 Chaie

306 4685 421 4741 rem
469 4687 697 4739 admisit
743 4689 826 4742 vir
870 4688 1070 4738 doctus
1115 4687 1204 4753 qui
1247 4686 1549 4754 fragmenta
1595 4685 1890 4753 Ephraetnii

301 4757 702 4811 Antiochensis
743 4757 987 4826 episcopi
1040 4756 1095 4826 in
1123 4755 1378 4826 Latinum
1413 4771 1724 4826 solutionem
1765 4771 1890 4808 ver-

305 4828 391 4891 tit,
435 4842 563 4896 quze
613 4823 875 4893 leguntur
933 4823 988 4880 in
1030 4824 1356 4880 Bibliotheca
1390 4826 1592 4896 Photii.
1646 4823 1894 4879 Christo-

303 4895 627 4966 phorSonus
694 4912 826 4950 vero
873 4896 970 4964 qni
1013 4896 1206 4948 ἕψησιν
1250 4895 1639 4964 σοριιιαιίοηιεγη
1686 4897 1892 4962 ultique

303 4969 734 5036 interpretatur,
761 4982 862 5021 cur
905 4967 1010 5020 hoc
1039 4966 1158 5020 loco
1183 4969 1345 5020 aliter
1379 4967 1774 5034 interpretatus
1798 4966 1890 5029 sit,

302 5035 570 5106 equidem
622 5039 835 5091 nescio.
871 5037 1114 5106 Joannes
1141 5047 1324 5090 autem
1365 5035 1587 5104 Laugns
1617 5036 1892 5106 interpres

301 5105 608 5176 Nicephori
658 5108 735 5160 ita
788 5109 952 5162 vertit
987 5124 999 5159 :
1041 5105 1105 5160 In
1156 5108 1347 5160 unione
1381 5107 1738 5176 confusionem
1772 5105 1892 5159 non

301 5177 628 5232 inducimus.
691 5178 857 5232 [lecte
935 5177 1210 5239 omnino,
1281 5177 1327 5230 si
1389 5177 1554 5231 modo
1631 5177 1892 5246 syitaham

302 5248 593 5302 addideris
641 5246 746 5300 hoc
795 5247 960 5302 modo
989 5263 1004 5300 :
1031 5246 1098 5300 1η
1127 5249 1340 5300 unione.
1391 5247 1533 5301 Unio
1583 5247 1729 5302 enim
1765 5247 1893 5301 licet

301 5315 472 5387 hodie
526 5317 730 5386 passim
777 5318 830 5370 in
882 5317 1090 5372 Scholis
1129 5317 1580 5387 philosophorum
1614 5332 1679 5372 ac
1711 5317 1894 5370 Theo-

301 5385 562 5456 logorum
599 5397 920 5457 usurpctur,
947 5385 1244 5440 barbarum
1275 5399 1358 5451 est
1379 5388 1736 5457 _vocahulum,
1767 5403 1892 5439 eum

301 5470 407 5525 pro
449 5458 706 5512 unitione
741 5455 1003 5512 Snittitttr.
1043 5459 1177 5510 Nam
1214 5458 1343 5510 unio
1374 5455 1569 5510 Latine
1623 5457 1892 5510 unitatem

301 5527 606 5596 signiﬁcat,
658 5536 718 5580 ut
765 5544 831 5582 ex
862 5527 1225 5589 Tertulliano,
1263 5527 1614 5596 Hieronymo,
1650 5529 1893 5580 Pruden-

301 5597 403 5667 tio,
429 5597 721 5667 Simplicio
741 5613 898 5667 papa,
919 5599 1174 5666 aliisque,
1194 5597 1416 5666 probari
1437 5606 1636 5663 potest.
1660 5597 1894 5651 Proinde

302 5665 568 5736 desinant
625 5665 764 5720 Zoili
801 5665 1026 5736 quidam
1066 5665 1207 5721 iuos’
1254 5667 1696 5735 reprehendere,
1745 5669 1892 5736 quod

303 5735 630 5807 inepistola
661 5735 959 5792 Alexandri
987 5737 1231 5807 episcopi
1264 5737 1639 5792 Alexandrini.
1665 5735 1786 5804 quae
1805 5754 1893 5789 re-

304 5804 484 5860 fertur
508 5822 540 5860 a
568 5809 797 5862 Socrate
819 5809 874 5861 in
899 5809 997 5861 tib.
1022 5804 1060 5867 ἰ.
1093 5804 1214 5876 cap.
1247 5808 1299 5868 6,
1337 5807 1539 5874 μονάδα
1565 5809 1895 5860 venerimus

307 5878 577 5932 unionem.
627 5877 686 5932 id
724 5877 872 5932 enim
916 5893 982 5932 ex
1032 5877 1241 5932 Latina:
1286 5877 1486 5944 linguae
1525 5891 1623 5929 usu
1666 5892 1731 5930 ac
1762 5890 1890 5944 pro-

1996 4689 2348 4762 cedonensis,
2397 4689 2590 4742 ἕνωσιν
2620 4699 2890 4762 perpetuo
2923 4689 3091 4746 vertit
3135 4689 3466 4753 unitionem,
3494 4689 3581 4744 vel

1995 4758 2412 4812 adnnaﬁoneuh

2067 4829 2178 4894 (3:2)
2202 4829 2551 4893 [νοουμένης
2567 4829 2634 4882 δὲ
2646 4828 2890 4898 μᾶλλον
2908 4830 3005 4885 καὶ
3024 4831 3442 4897 ὑπαρχούσης.
3473 4829 3580 4884 Re--

1995 4899 2138 4952 etius
2188 4899 2240 4951 in
2299 4899 2614 4968 Nicephoro
2659 4901 2970 4965 scribitur,
3019 4902 3314 4968 νοουμένης
3373 4899 3429 4951 δὲ
3487 4900 3580 4951 καὶ

1997 4968 2349 5038 ὑπαρχούσης
2404 4972 2626 5038 μᾶλλον,
2684 4979 2794 5023 etc.
2826 4970 2942 5032 Ego
2993 4978 3174 5023 tamen
3227 4969 3445 5022 mallem
3503 4968 3581 5023 ita

1995 5039 2208 5110 legere:
2233 5041 2529 5110 νοουμένης
2555 5040 2631 5102 δὲ,
2663 5040 2861 5108 μᾶλλον
2881 5040 2938 5092 δὲ
2963 5040 3054 5090 καὶ
3077 5040 3450 5110 ὑπαρχούσης.
3469 5049 3577 5093 ett".

1996 5109 2052 5162 ld
2102 5119 2184 5162 est
2211 5127 2224 5162 :
2256 5108 2359 5163 Sed
2409 5121 2636 5178 utraque
2685 5118 2882 5164 natura
2915 5108 3234 5180 intellecta,
3266 5119 3358 5163 aut
3409 5111 3582 5180 potius

1999 5180 2273 5250 exsisteute
2291 5181 2345 5231 in
2369 5181 2596 5249 propriae
2618 5188 2826 5232 natura:
2849 5179 3152 5247 deﬁnitione
3171 5192 3331 5250 atque
3353 5179 3579 5245 ratione,

1998 5249 2286 5302 unitioném
2320 5251 2516 5318 factum
2560 5265 2670 5321 esse
2707 5251 2926 5302 dicimus
2959 5249 3250 5304 secmntunt
3275 5259 3578 5321 personam.

1995 5321 2110 5374 Nec
2165 5321 2363 5374 dubito
2388 5322 2520 5388 quin
2555 5320 2807 5376 Justinus
2834 5321 3137 5388 imperatur
3170 5323 3244 5374 ita
3277 5320 3581 5389 scripserit

1999 5399 2059 5443 ut
2093 5389 2204 5442 dixi
2245 5409 2258 5444 :
2289 5392 2643 5460 reprehendit
2673 5392 2823 5444 enim
2857 5393 3125 5460 seipsum,
3163 5392 3309 5460 quod
3342 5392 3576 5452 dixerat,

1997 5462 2315 5526 vooops’vrc,
2385 5461 2540 5529 quasi
2589 5461 2826 5514 duarum
2883 5462 2940 5514 in
2977 5461 3204 5515 Christo
3253 5469 3578 5514 naturarum

1997 5530 2310 5584 ditlerr-ntta
2361 5529 2413 5583 in
2447 5531 2808 5598 intelligentia
2837 5541 3048 5587 tantum
3077 5533 3430 5593 consisteret,
3471 5545 3579 5583 non

1997 5609 2178 5672 autem
2236 5617 2295 5654 re
2349 5613 2788 5672 verarcxstaret.
2835 5601 2918 5672 [lu
2971 5603 3155 5656 edicto
3211 5610 3390 5655 tamen
3441 5601 3577 5668 imp.

1995 5669 2292 5723 Justiniani
2329 5671 2399 5724 de
2433 5671 2560 5734 title,
2611 5688 2677 5726 ex
2713 5669 3114 5741 qno'Justtnus
3142 5672 3384 5726 edictum
3415 5684 3578 5725 suum

1997 5741 2312 5810 descripsit,
2348 5742 2564 5810 vulgata
2619 5741 2781 5796 lectio
2813 5743 3064 5796 habetur.
3115 5742 3301 5796 Exstat
3333 5741 3579 5797 edictum

1998 5809 2131 5863 idud
2164 5811 2218 5864 in
2255 5809 2516 5868 Chronico
2567 5811 2952 5879 Alexandrino,
2989 5828 3109 5884 pag.
3158 5810 3314 5882 ενα]
