3982 6388
413 378 554 444 2811

1646 379 1959 438 EVAGRII
1997 349 2483 440 SCHOLASTICI

3555 382 3694 448 281!

419 495 689 566 dignitate
720 492 896 554 exuit,
920 507 1044 547 cum
1072 491 1208 545 nihil
1228 507 1292 545 ea
1317 489 1385 546 de
1417 507 1474 545 re
1501 491 1774 546 militibus
1802 507 2002 546 renun-

2120 493 2508 561 ιαταγέλαστον
2529 493 2846 564 πολιορκίαν
2870 495 3152 560 λύσαντες.
3171 497 3228 549 Ὀ
3249 497 3346 565 μὲν
3362 493 3456 552 οὖν
3471 497 3698 570 ’Δδααρ-

420 586 633 641 tiasset.
673 581 1044 639 Centuriones
1101 598 1234 634 vero
1294 593 1350 637 et
1407 583 1664 637 ordinum
1722 583 2004 646 ductores,

421 681 712 746 postquam
743 673 984 742 peractis
1009 673 1215 742 vigiliis
1257 673 1454 727 ducem
1487 689 1648 726 suum
1681 684 2009 727 exauctora-

422 773 540 819 tum
569 779 694 818 esse
729 763 1066 826 didicerunt,
1097 779 1204 817 non
1247 764 1487 832 amplius
1525 773 1918 833 processerunt
1951 765 2006 818 in

419 856 702 926 publicum
733 874 746 908 :
777 856 874 910 sed
901 855 1098 926 dilapsi
1124 856 1225 911 hac
1277 857 1404 910 illac
1460 855 1648 927 fugere
1694 865 2006 925 cmperunt,

421 947 714 1002 ridiculam
749 947 896 1001 illam
942 949 1290 1003 obsidionem
1340 947 1736 1018 relinquentes.
1780 948 2006 1002 Interim

420 1039 816 1104 Adaarmanes,
848 1040 942 1109 qui
974 1041 1273 1094 Persarum
1298 1049 1353 1094 et
1386 1040 1736 1094 Scenitarum
1765 1039 2008 1093 Arabum

421 1133 699 1202 ingentem
754 1133 996 1187 habebat
1046 1135 1378 1196 exercitum,
1410 1132 1718 1187 Circcsium
1778 1143 2010 1201 praeter-

420 1241 663 1297 gressus,
728 1227 1102 1282 Romanorum
1156 1228 1426 1282 ditionem
1461 1227 1717 1281 incendio
1761 1243 1824 1281 ac
1863 1227 2012 1282 ferro

420 1327 480 1374 et
507 1319 658 1373 omni
689 1319 1012 1374 vastationis
1045 1336 1245 1391 genere
1275 1321 1571 1389 populatus
1599 1329 1704 1382 est,
1736 1319 1872 1372 nihil
1897 1334 2013 1373 me-

422 1411 612 1467 diocre
635 1412 826 1466 animo
853 1408 1152 1483 designans
1185 1421 1282 1466 aut
1328 1427 1548 1483 gerens.
1576 1411 1815 1466 Castella
1843 1411 2012 1466 etiam

421 1500 572 1568 cepit
608 1509 666 1557 et
699 1502 848 1556 vicos
883 1517 1049 1572 quam
1085 1503 1380 1570 plurimos,
1407 1499 1631 1555 nemine
1669 1501 1962 1556 resistente
1995 1519 2009 1532 ο

420 1593 661 1662 primum
683 1594 930 1664 quidem,
947 1595 1076 1664 quia
1092 1596 1280 1649 nullus
1305 1603 1437 1648 tunc
1461 1603 1580 1648 erat
1600 1592 1712 1648 dux
1734 1593 2014 1649 Romano-

421 1700 572 1741 rum.
595 1685 802 1740 Deinde
839 1701 906 1741 eo
926 1685 1073 1756 quod
1105 1685 1374 1739 militibus
1411 1684 1679 1739 Romanis
1707 1699 1736 1738 τι
1763 1683 2012 1740 Cliosroe

423 1777 568 1833 intra
622 1777 890 1849 oppidum
950 1777 1122 1833 Daras
1161 1775 1459 1838 conclusis,
1519 1775 1908 1846 pabulationes
1957 1786 2015 1833 et

2113 585 2288 654 μάνης
2341 585 2481 654 ἔχων
2531 585 2808 656 ἀξιόλογον
2863 590 3092 661 στρατὸν
3119 590 3344 660 Περσῶν
3384 607 3441 642 τε
3473 591 3568 643 καὶ
3593 592 3698 645 τῶν

2111 677 2406 748 Σιιηνητῶν
2429 677 2753 748 Βαρϐάρων,
2780 681 2901 734 ἐπεὶ
2933 682 2995 734 τὸ
3021 682 3326 752 Κιρκήσιον
3353 682 3695 754 παρήμειψε,

2110 769 2380 832 παντοίως
2406 771 2519 833 τοῖς
2553 770 2843 841 Ῥωμαίων
2877 774 3190 844 ἐλυμήνατο
3221 775 3568 846 πράγμασιν,
3600 777 3700 848 ἐμ-

2112 861 2358 930 πιπράς,
2395 862 2762 930 ἅποκτιννὺς,
2798 865 2950 921 οὐδὲν
2983 867 3206 938 μέτριον
3233 868 3430 922 ἐννοῶν
3459 868 3492 940 ἢ
3523 870 3699 941 πράτ·

2109 969 2220 1009 των
2241 969 2256 985 ·
2309 955 2460 1026 αἱρεῖ
2493 973 2553 1009 τε
2594 957 2831 1027 φρούρια
2865 957 2960 1012 καὶ
2991 958 3186 1029 κώμας
3215 958 3414 1022 πολλὰς
3435 1000 3452 1025 ,
3487 961 3704 1026 οὐδενὸς

2111 1047 2584 1112 ἀντιστατοῦντος.
2649 1048 2851 1120 Πρῷτα
2901 1051 2999 1120 μὲν
3050 1051 3136 1105 ὅτι
3179 1067 3242 1120 γε
3287 1046 3460 1123 ἦρχεν
3497 1053 3697 1118 οὐδεὶς,

2113 1135 2213 1192 εἷθ’
2246 1141 2330 1194 ὅτι
2361 1141 2457 1194 καὶ
2484 1140 2596 1194 τῶν
2626 1142 2976 1212 στρατιωτῶν
3008 1143 3142 1214 πρὸς
3167 1141 3264 1197 τοῦ
3289 1145 3536 1216 Χοσρόου
3559 1145 3704 1199 κατὰ

2113 1230 2173 1284 τὸ
2209 1231 2393 1302 Δάρας
2429 1232 2508 1303 (τι)
2551 1232 3122 1298 ἐναποκλεισθέντων,
3177 1235 3265 1289 ἐπ’
3313 1235 3500 1300 ἀδείας
3544 1237 3606 1290 αἴ
3643 1253 3703 1290 τι

2116 1320 2387 1390 προνομαὶ
2440 1321 2536 1375 καὶ
2585 1323 2642 1375 αἱ
2695 1321 2874 1388 ἔφοδοι
2925 1322 3228 1391 ἐγίγνοντο.
3263 1323 3486 1379 Ἐπεισι
3513 1325 3570 1380 δὲ
3601 1326 3700 1381 καὶ

2113 1405 2178 1480 τῇ
2207 1410 2580 1465 Θεουπολιτῶν
2611 1410 2700 1466 διὰ
2728 1412 2835 1467 τῶν
2861 1413 2998 1484 ἀμφ’
3024 1415 3216 1468 αὐτόν’
3253 1416 3374 1470 οὐδὲ
3399 1417 3510 1486 γὰρ
3540 1417 3702 1481 αὐτὸς

2113 1499 2367 1568 ἀφίκετο·
2406 1503 2455 1555 οἳ
2488 1506 2584 1556 καὶ
2617 1503 2771 1575 παρὰ
2799 1506 2977 1558 πᾶσαν
3003 1505 3198 1562 ἐλπίδα
3220 1506 3700 1578 ἀπεκρούσθησαν,

2113 1591 2348 1661 μηδενὸς
2399 1593 2856 1664 ἐναπομείναντος
2906 1599 2976 1667 τῇ
3020 1596 3176 1651 πόλει
3201 1635 3217 1661 ,
3271 1597 3299 1666 ἢ
3336 1597 3459 1652 λίαν
3494 1597 3699 1669 κομιδῇ

2113 1681 2426 1753 εὐαρίθμων
2449 1727 2464 1751 ,
2516 1686 2610 1739 καὶ
2643 1685 2737 1740 τοῦ
2768 1687 2962 1758 ἱερέως
2993 1690 3332 1758 πεφευγότος
3363 1691 3456 1742 καὶ
3483 1689 3548 1744 τὰ
3579 1690 3706 1761 ἱερὰ

2115 1773 2558 1843 ὕπεξαγοιγιὶντος
2587 1777 2872 1848 κειμήλια,
2899 1779 3038 1836 διότι
3067 1781 3162 1835 καὶ
3187 1780 3257 1836 τὰ
3282 1781 3452 1837 πολλὰ
3477 1780 3574 1836 τοῦ
3593 1781 3708 1836 τεξ-

424 1871 770 1927 incursiones
819 1871 1028 1942 absque
1089 1870 1490 1940 impedimento
1541 1869 1772 1925 ﬁebant.
1831 1869 2013 1925 Ador-

2120 1885 2245 1937 χους
2298 1868 2566 1941 διερρύη,
2623 1871 2720 1924 καὶ
2767 1874 2798 1926 ὁ
2840 1871 3013 1942 δῆμος
3055 1874 3366 1946 ἐπανέστη,
3417 1874 3707 1947 νεωτέρων

423 1973 516 2018 tus
537 1973 625 2019 εει
643 1965 811 2020 etiam
855 1965 1048 2018 urbem
1090 1961 1440 2018 Antiochiam
1475 1977 1574 2032 per
1623 1961 1829 2017 milites
1861 1977 2010 2018 suos.

2120 1961 2463 2032 πραγμάτων
2491 1961 2655 2035 ἄρξαι
2680 1963 2875 2028 θέλων,
2897 1959 2990 2019 οἷα
3012 1967 3162 2036 φιλεῖ
3184 1967 3458 2037 γίνεσθαι,
3481 1969 3576 2022 καὶ
3600 1970 3707 2039 μάο

420 2054 612 2126 Neque
641 2059 788 2112 enim
825 2057 942 2128 ipse
974 2057 1109 2111 illuc
1141 2056 1424 2126 perrexit:
1458 2055 1556 2126 qui
1593 2063 1778 2110 tamen
1810 2063 2013 2126 praeter

2120 2053 2275 2108 λιστα
2328 2053 2483 2126 παρὰ
2523 2057 2654 2119 τοὺς
2695 2058 2974 2122 τοιούτους
3019 2059 3266 2132 καιρούς.
3316 2061 3380 2114 Οἳ
3418 2062 3512 2114 καὶ
3545 2061 3705 2116 αὐτοὶ

422 2149 674 2203 omnium
726 2164 880 2220 spem
911 2157 1079 2218 atque
1127 2146 1600 2217 exspectationem
1631 2145 1763 2200 inde
1798 2145 2007 2216 repulsi

2120 2145 2476 2215 πεφευγότες,
2513 2147 2728 2218 ἐρήμην
2768 2149 2869 2220 τὴν
2897 2151 3052 2205 πόλιν
3085 2151 3567 2217 καταλελοίπασιν,
3605 2153 3705 2206 οὐ·

423 2248 576 2306 sunt,
609 2256 736 2295 eum
762 2256 928 2296 nemo
953 2251 1152 2312 prater
1194 2239 1490 2294 admodum
1526 2254 1734 2310 paucos
1769 2238 1824 2292 in
1872 2238 2010 2294 urbe

2120 2238 2260 2302 Βενδς
2314 2237 2453 2303 ὅλως
2499 2239 2878 2312 ἐπινοηθέντος
2927 2245 3008 2308 είς
3053 2242 3438 2315 ἐπιτέχνησιν,
3495 2244 3528 2314 ἢ
3576 2246 3708 2300 ἀντ-

423 2330 799 2398 remansisset,
831 2340 887 2387 et
908 2332 1203 2402 episcopus
1237 2329 1353 2401 ipse
1375 2328 1705 2401 aufugisset,
1733 2336 1790 2384 et
1819 2343 2009 2384 sacros

2120 2329 2488 2400 επιχείρησιν.

423 2425 716 2482 thesauros
771 2443 959 2482 secum
997 2434 1366 2497 asportasset,
1406 2432 1702 2496 propterea
1762 2424 1908 2494 quod
1959 2432 2017 2480 et
2057 2424 2200 2479 muri
2269 2426 2508 2481 maxima
2565 2442 2696 2496 pars
2743 2427 3212 2494 interciderat,et
3243 2431 3482 2501 populus
3517 2441 3704 2486 rerum

422 2535 691 2575 novarum
736 2521 1038 2592 cupiditate
1093 2520 1353 2592 ﬂagrans,
1395 2520 1725 2576 seditionem
1791 2519 2154 2582 excitaverat,
2206 2520 2678 2586 quemadmodum
2741 2517 3016 2592 ejusmodi
3075 2524 3382 2592 praesertim
3433 2522 3705 2592 tempori-

423 2614 527 2669 bus
567 2615 680 2669 ﬁeri
711 2615 870 2670 solet.
894 2614 1000 2671 Sed
1049 2624 1104 2670 et
1139 2615 1240 2684 ipsi
1295 2614 1566 2677 seditiosi,
1605 2625 1822 2682 arrepta
1859 2611 2010 2681 fuga,
2053 2611 2249 2666 urbem
2276 2627 2506 2668 vacuam
2531 2615 2890 2684 reliquerant,
2945 2627 3070 2668 cum
3127 2613 3266 2668 nihil
3297 2615 3523 2670 omnino
3545 2627 3706 2670 exco-

421 2711 654 2781 gitatum
683 2721 848 2778 esset,
895 2722 991 2767 aut
1045 2712 1112 2767 ad
1163 2712 1470 2767 feriendum
1523 2712 1775 2773 hostem,
1807 2718 1903 2762 aut
1939 2707 2005 2762 ad
2041 2707 2501 2778 propulsandum.

675 2919 752 2972 De
795 2827 1463 2990 expugnatigﬁePApxainew
1493 2925 1542 2970 et
1573 2916 1769 2969 Daras.

497 3031 612 3086 Hoc
666 3030 833 3102 igitur
861 3040 1062 3085 conatu
1114 3029 1418 3084 frustratus
1455 3027 1862 3088 Adaarmancs,
1895 3031 2022 3093 post

427 3126 708 3180 incensam
769 3124 963 3179 urbem
987 3140 1110 3193 quae
1131 3124 1262 3178 olim
1314 3121 1542 3192 quidem
1593 3117 1876 3179 lleraclca,
1919 3130 2017 3183 po-

426 3225 542 3270 stea
565 3230 699 3269 vero
723 3212 979 3285 Gagalice
1014 3221 1332 3282 nuncupata
1368 3220 1482 3274 est,
1519 3211 1814 3278 Apameam
1849 3221 2015 3262 occu-

428 3306 598 3376 pavit,
631 3306 762 3360 olim
801 3321 828 3360 a
861 3307 1096 3361 Seleuco
1118 3305 1376 3360 Nicatore
1409 3303 1690 3358 conditam
1726 3319 1737 3353 :
1769 3315 1891 3370 qua:
1920 3315 2017 3354 an-

429 3410 516 3453 tea
557 3399 780 3468 quidem
814 3398 1017 3468 opibus
1039 3407 1096 3454 et
1126 3398 1437 3453 incolarum
1463 3395 1816 3450 multitudine
1840 3395 2016 3449 abun-

428 3485 622 3540 darat:
651 3502 946 3557 progressu
975 3497 1158 3542 autem
1193 3486 1456 3556 temporis
1497 3500 1826 3556 magnopere
1851 3485 2015 3557 437

431 3577 720 3632 imminuta
767 3577 1082 3634 erat.Hanc
1108 3579 1278 3649 igitur
1327 3577 1504 3648 pactis
1529 3576 1860 3646 quibusdam
1893 3592 2024 3631 con-

431 3669 739 3726 ditionibus
789 3687 915 3726 cum
948 3673 1209 3742 cepisset,
1247 3671 1419 3741 (cives
1455 3671 1601 3724 enim
1652 3670 1808 3724 nullo
1857 3669 2022 3725 modo

431 3761 690 3816 resistere
749 3771 1029 3832 poterant,
1065 3776 1226 3816 muro
1256 3777 1368 3831 pra;
1417 3769 1689 3816 vetustate
1733 3759 2021 3829 collapso,)

429 3859 600 3906 totam
623 3853 1017 3916 concremavit,
1043 3852 1313 3923 bonisque
1343 3852 1601 3908 omnibus
1631 3860 1824 3908 contra
1849 3851 2012 3906 iidem

429 3941 612 3996 datam
645 3941 883 4011 direptis
912 3941 1199 4006 abscessit,
1241 3943 1532 3997 universos
1569 3942 1719 3998 cives
1743 3958 1807 3997 ac
1840 3941 2015 3996 finiti-

430 4049 573 4100 mos,
601 4033 850 4104 captivos
895 4033 1196 4088 abducens.
1232 4034 1380 4089 inter
1409 4050 1548 4106 quos
1574 4035 1754 4105 ipsum
1793 4049 2018 4104 quoque

431 4125 587 4181 urbis
606 4127 953 4196 episc0pum,
987 4135 1043 4180 et
1077 4143 1203 4181 eum
1227 4128 1318 4182 cui
1346 4127 1753 4182 administratio
1793 4126 2019 4198 provin-

430 4226 532 4280 cias
583 4225 879 4280 commissa
937 4235 1076 4289 erat,
1110 4241 1294 4281 secum
1343 4226 1670 4296 asportavit.
1712 4223 1819 4280 Sed
1859 4232 1917 4280 et
1958 4223 2016 4302 in

430 4319 718 4374 redeundo
743 4319 916 4372 multa
949 4319 1208 4373 atrociter
1250 4318 1442 4389 gessit,
1473 4333 1598 4373 cum
1647 4317 1836 4371 nullus
1866 4326 2014 4371 esset

431 4410 526 4480 qui
556 4409 866 4473 cohiberet,
915 4416 1010 4464 aut
1039 4410 1265 4465 omnino
1297 4408 1616 4473 obsisteret,
1648 4419 1850 4478 praeter
1879 4421 2015 4477 pau-

433 4499 688 4555 cissimos
733 4500 938 4556 milites
967 4515 997 4554 a
1036 4499 1253 4554 Justino
1287 4499 1518 4564 missos,
1547 4498 1751 4569 quibus
1780 4509 2018 4568 praeerat

2731 2827 2984 2883 ΚΕΦΑΛ.
3022 2827 3077 2885 I'.

2189 2918 2327 2984 Περὶ
2365 2918 2472 2986 τῆς
2501 2919 2784 2988 ἁλώσεως
2815 2923 3128 2991 Ἀπαμείας
3185 2922 3280 2976 καί
3316 2920 3421 2976 τοῦ
3446 2919 3661 2992 Δάρας.

2206 3033 2292 3096 Ὦς
2340 3033 2384 3084 δ’
2429 3030 2522 3086 οἷν
2544 3035 2642 3104 τῆς
2667 3035 2860 3106 πείρας
2897 3035 3104 3104 ταύτης
3135 3035 3436 3108 διήμαρτεν
3469 3033 3706 3104 Ἀδααρο

2125 3125 2300 3195 μάνης
2327 3127 2460 3198 (52),
2498 3127 2788 3197 ἐμπρήσας
2837 3127 2936 3197 τὴν
2988 3127 3156 3180 πάλαι
3200 3127 3299 3196 μὲν
3348 3123 3702 3196 Ἡράκλειαν,

2125 3214 2351 3286 ὕστερον
2381 3217 2435 3269 δὲ
2467 3216 2778 3286 Γαγαλικὴν
2802 3215 3222 3286 ὀνομασθεῖσαν,
3242 3215 3554 3284 Ἀπάμειαν
3578 3230 3707 3268 κατ-

2122 3308 2310 3378 είληφε
2338 3346 2352 3372 ,
2409 3307 2545 3378 πρὸς
2589 3307 2860 3360 Σελεύκου
2894 3307 2986 3360 τοῦ
3019 3307 3321 3377 Νικάνορος
3359 3305 3488 3376 (53)
3526 3321 3703 3358 συνοι-

2122 3398 2406 3452 κισθεῖσαν
2428 3439 2441 3460 ,
2482 3399 2652 3453 πάλαι
2683 3399 2785 3469 μὲν
2813 3400 3110 3469 εὐδαίμονα
3139 3399 3234 3454 καὶ
3257 3397 3702 3469 πολυάνθρωπον,

2120 3489 2199 3561 τῷ
2229 3490 2404 3560 χρόνῳ
2435 3490 2491 3542 δὲ
2520 3490 2588 3544 τὰ
2614 3490 2788 3544 πολλὰ
2812 3490 3186 3563 διαρρυεῖσαν·
3222 3489 3282 3553 ὃς
3313 3491 3406 3543 ἐπί
3432 3507 3544 3543 τισι
3570 3507 3734 3559 συμ-·

2122 3580 2315 3633 ϐάσεσι
2346 3582 2447 3648 τὴν
2473 3580 2629 3633 πόλιν
2659 3579 3038 3649 παρειληφὼς,
3069 3582 3195 3634 ἐπεὶ
3225 3580 3361 3650 μηδὲ
3387 3579 3704 3651 ἀντιστῆναι

2119 3665 2225 3725 οἷοί
2254 3688 2315 3724 τε
2349 3671 2852 3743 καθειστήκεισαν,
2887 3672 2980 3724 τοῦ
3014 3672 3230 3742 τείχους
3264 3671 3368 3725 ὑπὸ
3397 3672 3585 3741 γήρως
3616 3669 3706 3722 ἐπὶ

2122 3763 2226 3833 γῆς
2259 3763 2516 3834 κειμένου
2540 3805 2556 3827 ,
2609 3764 2796 3818 πᾶσαν
2849 3764 3140 3834 ἐμπρήσας
3177 3763 3271 3818 καὶ
3304 3761 3486 3816 πάντα
3515 3759 3704 3832 ληϊσά-

2125 3869 2286 3923 μενος
2320 3851 2469 3922 παρὰ
2493 3853 2562 3907 τὰ
2589 3852 2926 3923 συγκείμενα
2947 3893 2962 3918 ,
2997 3850 3180 3906 ἀπιὼν
3206 3850 3382 3923 ᾤχετο
3403 3893 3418 3918 ,
3451 3850 3709 3920 ἐξανδρας

2121 3942 2345 4008 ποδίσας
2375 3943 2474 4014 τὴν
2501 3943 2679 4009 πόλιν,
2716 3943 2810 3996 καὶ
2841 3941 2908 3996 τὰ
2937 3943 3317 4014 προστυχόντα
3341 3941 3543 4014 χωρία.
3572 3937 3707 3996 Μεθ’

2114 4031 2190 4090 ὢν
2243 4035 2338 4088 καὶ
2387 4035 2478 4088 τὸν
2527 4035 2678 4106 ίερέα
2723 4034 2827 4104 τῆς
2868 4033 3108 4098 πόλεως,
3159 4034 3252 4088 καὶ
3285 4034 3375 4088 τὸν
3405 4033 3506 4104 τὴν
3534 4032 3721 4104 ἀρχὴν·

2116 4125 2555 4199 ἐπιτροπεύοντα
2600 4125 2845 4199 ζωγρίας
2861 4126 2910 4158 ⁸³
2938 4127 3217 4197 ἀπήγαγε.
3253 4125 3335 4179 Τὰ
3367 4125 3630 4178 πάνδεινα
3655 4121 3708 4176 δὲ

2122 4221 2265 4277 κατὰ
2317 4221 2416 4291 τὴν
2463 4219 2839 4290 ἀποπόρευσιν
2889 4219 3218 4290 εἰργάσατο,
3272 4219 3486 4282 οὐδενὸς
3512 4219 3703 4290 ἀπείρ-

2128 4331 2318 4383 γοντος
2380 4313 2414 4385 ἢ
2480 4314 2617 4377 ὅλως
2673 4312 3092 4374 ἀντιπίπτοντος
3125 4353 3140 4379 ,
3233 4311 3374 4382 πλὴν
3415 4312 3510 4366 καὶ⁵
3531 4310 3709 4381 ἐλαχίο

2131 4425 2258 4462 στου
2315 4407 2511 4478 κομιδῇ
2561 4405 2796 4477 στρατοῦ
2849 4404 2984 4476 πρὸς
3019 4405 3310 4458 Ἰουστίνου
3344 4405 3708 4475 πεμφθέντος,

2126 4501 2232 4554 ὑπὸ
2257 4499 2466 4569 Μάγνῳ
2492 4497 2854 4570 ταττομένου,
2882 4497 3078 4571 πρώην
3107 4499 3209 4569 μὲν
3236 4496 3484 4570 ἀργυροῦ
3507 4496 3710 4569 τραπέ-

1728 4642 1962 4698 ΥΑΒΙᾹΞ
1998 4643 2296 4700 LECTION
2307 4642 2412 4700 ES.

519 4733 566 4764 ”
595 4732 656 4789 C.
680 4734 740 4789 C.
775 4735 1088 4806 ζωγρήσας.

1647 4849 1917 4906 VALESII
1954 4850 2516 4909 ANNOTATIONES.

435 4943 641 5014 nolunt.
689 4941 1232 5014 Christophorsonus
1293 4960 1424 4998 vero
1466 4944 1538 4998 ita
1571 4944 1769 4998 vertit:
1821 4943 2014 5014 Capias

435 5029 540 5068 non
569 5013 791 5068 ulterius
817 5013 1036 5069 ducunt.
1065 5015 1173 5070 Sed
1207 5014 1393 5070 Graeca
1423 5030 1553 5069 eum
1589 5029 1816 5070 sensum
1869 5015 2015 5070 ferre

435 5099 547 5139 non
575 5093 824 5139 possunt.

506 5153 620 5216 (52)
655 5154 1090 5222 Ἀδααρμάνης.
1122 5153 1284 5211 Varie
1344 5154 1450 5210 hoc
1485 5169 1690 5210 nomen
1747 5156 2016 5224 scriptum

435 5226 714 5296 reperitur
736 5226 882 5294 apud
919 5232 1149 5296 veteres
1178 5232 1454 5296 auctores.
1502 5225 1683 5296 Apud,
1717 5225 2016 5294 Theopha-

434 5308 561 5366 nem
586 5294 639 5348 in
667 5295 923 5366 Chronico
956 5295 1296 5361 ’Δσταϐάνης
1323 5294 1638 5360 (licitum—et
1672 5295 2014 5366 Ἀρδαμάνηι

444 5364 500 5416 ἱη
521 5379 623 5417 ms.
655 5365 847 5420 codice
893 5367 1160 5422 Palatino.
1201 5367 1524 5421 Anastasius
1567 5364 1755 5422 autem
1804 5364 2016 5420 Biblio-

439 5434 722 5506 thecarius
747 5437 1120 5493 Adermanum
1149 5435 1347 5490 ducem
1380 5447 1558 5493 vocat.
1607 5437 1667 5491 In
1702 5437 2016 5506 Nicephoro

441 5503 707 5558 scribitur
737 5507 1190 5577 υύαδααρμάνης.
1238 5506 1396 5576 Apud
1451 5503 1856 5578 Theophanem
1911 5507 2017 5578 By-

2119 4947 2364 5000 zantium
2435 4943 2850 5014 Bapauudvng,
2893 4943 2954 4998 In
3007 4941 3282 5014 capud”,
3333 4940 3483 5014 infra
3505 4941 3711 4998 dicitur

2131 5011 2538 5086 Ἀρδαρμάνηςζ
2571 5011 3020 5084 Tlieophylactus
3043 5011 3100 5068 in
3144 5012 3244 5068 lib.
3277 5027 3357 5078 ut,
3403 5011 3709 5069 Adormaa-

2119 5102 2247 5142 nem
2281 5094 2464 5140 vocat.

2193 5158 2306 5222 (53)
2349 5156 2655 5210 Σελεύκου
2683 5155 2788 5210 τοῦ
2821 5151 3171 5222 Νικάνορος.
3225 5151 3597 5210 Scribendum
3632 5163 3712 5211 est

2125 5227 2321 5297 procul
2344 5226 2518 5281 dubio
2551 5225 2874 5297 Νιὶάτορος.
2913 5223 3357 5297 seleucusenim
3378 5225 3600 5292 primus
3617 5227 3711 5296 Sy-

2127 5293 2222 5352 ria:
2253 5312 2370 5359 rex,
2403 5297 2475 5351 ob
2508 5293 3046 5351 illustres'victorias
3070 5293 3331 5364 Νικάτωρ
3355 5293 3710 5364 cognomina:

2127 5379 2216 5422 tus
2235 5377 2423 5432 est,ut
2453 5383 2518 5422 ex
2548 5366 2794 5420 nummis
2840 5365 3130 5419 veteribus
3169 5363 3460 5429 discimus,
3512 5367 3606 5435 qui
3659 5363 3709 5418 id

2125 5447 2554 5509 cognomentum
2573 5438 2626 5492 ei
2662 5435 2974 5492 ascribunt.

1905 5621 2292 5700 vimunuu.

521 5737 598 5798 lu)
667 5738 874 5804 Δάρης.
917 5739 1060 5794 Urbs
1102 5737 1432 5806 episcopalis
1491 5738 1918 5804 Mesopotamize,
1957 5737 2012 5791 in

451 5805 624 5862 limite
654 5807 871 5874 Persius,
901 5809 969 5862 ab
1009 5805 1305 5862 Anastasio?
1343 5808 1475 5876 imp.
1508 5824 1576 5860 ex
1612 5809 1732 5862 vico
1767 5810 1898 5862 urbs
1935 5808 2014 5862 fa-

2022 5884 2049 5900 Δ

2126 5748 2234 5802 cta,
2269 5747 2326 5792 et
2375 5734 3010 5808 Anastasiopolisietiam
3046 5733 3238 5808 dicta,
3282 5731 3457 5808 Nisibi
3515 5731 3704 5808 vicina.

2129 5800 2478 5879 (mensum)
2505 5800 2782 5878 Captaest
2826 5807 2940 5861 haec
2974 5805 3110 5860 urbs
3143 5819 3174 5858 a
3207 5803 3392 5858 Persis
3421 5817 3566 5858 anno
3592 5800 3706 5854 574.
