3982 6416
255 427 423 505 2813,

1199 429 1583 492 HISTORUE
1623 434 2211 495 ECCLESIASTlCE
2254 435 2482 493 LIBER
2522 434 2587 492 ν.

3410 440 3507 502 Sh‘i
3519 438 3550 498 ,ί

260 536 360 606 ζης
388 535 776 608 προϊσταμένῳ
805 537 945 592 κατά
970 538 1070 609 τὴν
1099 538 1383 609 βασιλέωςο
1418 543 1642 613 ὕστερον
1666 542 1721 597 6‘s
1746 547 1841 596 καὶ

1952 543 2174 612 Magnus
2196 542 2463 611 quidam;
2512 542 2605 610 qui
2638 557 2790 610 pnus
2832 542 3060 610 quidem
3110 547 3547 614 argentariorum

260 626 397 698 μίαν
464 626 578 680 τῶν
637 627 932 698 βασιλικῶν
986 630 1174 683 οἰκιῶν
1227 633 1644 702 ἐμπιστευθέντι
1714 635 1849 704 πρὸς

253 719 587 775 Ἰουστίνουο
634 721 685 775 οἳ
727 722 822 774 καὶ
856 723 1246 794 προτροπάδην
1276 724 1498 793 ἔφυγον,
1536 726 1735 797 μικροῦ
1765 726 1849 779 δο-

256 812 531 883 ρυάλωτοι
582 813 903 882 ληφθέντες.
950 817 1339 888 Ἀδααρμάνης
1390 818 1488 887 μὲν
1534 816 1628 871 οὖν
1678 818 1851 871 ταῦτα

255 903 756 973 κατειργασμένος,
796 906 882 959 τὸν
909 907 1159 977 Χοσρόην
1188 908 1536 978 κατειλήφει,
1571 908 1724 961 οὔπω
1751 908 1851 979 τὴν

259 995 416 1049 πόλιν
446 998 980 1067 ἐκπολιορκήσαντα.
1015 1002 1110 1064 Ὃς
1138 1000 1459 1071 προστεθεὶς
1485 999 1657 1068 αὐτῷ,
1683 1001 1853 1069 μεγὰ-

246 1084 362 1157 ’λην
410 1088 587 1158 ῥοπὴν
636 1088 839 1142 δέδωκε
862 1130 877 1154 ,
928 1092 1057 1155 τούς
1078 1109 1145 1144 τε
1175 1092 1411 1154 οἰκείους
1438 1091 1849 1162 ἀναθαρσήσας,

254 1179 319 1231 τό
344 1195 408 1230 τε
442 1178 690 1243 ἀντίξοον
722 1182 1101 1252 καταπλήξας.
1148 1183 1364 1253 Εύρηκε
1397 1183 1451 1236 δὲ
1481 1184 1583 1252 τήν
1607 1200 1665 1235 τε
1698 1185 1852 1237 πόλιν

258 1270 755 1339 ἀποτειχισθεῖσαν,
791 1273 887 1325 καὶ
913 1273 1043 1343 χοῦν
1074 1272 1244 1342 ἀγχοῦ
1274 1272 1371 1325 τοῦ
1394 1274 1607 1341 τείχους
1644 1290 1851 1342 συμφο-

259 1360 496 1431 ρηθέντα
525 1362 696 1416 πολὺν
716 1405 730 1429 ,
765 1364 860 1417 καὶ
884 1367 983 1427 τὰς
1008 1365 1283 1428 ἑλεπόλεις
1311 1368 1560 1435 μηχανὰς
1583 1365 1848 1429 ἑστώσας,

257 1453 355 1505 καὶ
410 1453 650 1522 μάλιστα
704 1457 830 1518 τοὺς
877 1456 1226 1521 καταπέλτας
1274 1456 1334 1522 ἐξ
1381 1459 1715 1528 ὑπερδεξίων
1764 1461 1850 1528 ρε-

258 1538 566 1607 πτοῦντας,
602 1541 699 1605 οὓς
725 1543 1035 1608 λιθοϐόλους
1065 1547 1096 1616 ἠ
1130 1546 1391 1617 συνήθεια
1420 1547 1596 1601 καλεῖ.
1635 1544 1730 1611 Οἷς
1758 1548 1852 1601 καὶ

258 1631 358 1703 τὴν
409 1633 571 1688 πόλιν
618 1637 963 1705 κατακράτος
1024 1633 1169 1691 εἶλεν
1217 1641 1244 1692 6
1284 1639 1531 1710 Χοσρόης
1577 1640 1717 1692 κατά
1753 1640 1851 1710 τὴν

258 1721 412 1792 ὥραν
473 1725 570 1779 τοῦ
631 1728 903 1796 χειμῶνος
930 1767 945 1790 ,
1014 1730 1262 1784 Ἰωάννου
1324 1729 1417 1783 τοῦ
1472 1731 1851 1801 Τιμοστράτου

256 1814 455 1877 παιδος
485 1814 656 1887 αὐτῆς
687 1818 966 1887 ἄρχοντος,
991 1820 1191 1889 ἥκιστα
1222 1822 1667 1893 πεφροντικᾶτος,
1695 1823 1729 1892 ἢ
1756 1823 1851 1876 καὶ

1956 650 2161 690 mensae
2190 635 2518 704 praepositus
2555 633 2736 687 fuerat
2761 634 2816 688 in
2845 634 2979 688 urbe
3006 634 3177 704 regia,
3202 645 3390 706 postea
3415 654 3551 688 vero

1954 728 2120 781 unius
2169 742 2237 780 ex
2264 725 2648 795 imperialibus
2695 725 2955 781 domibus
2999 735 3229 782 curator
3280 728 3461 783 fuerat
3519 746 3548 783 a

1953 819 2171 875 Iustino
2223 818 2420 872 factus.
2459 818 2661 872 Verum
2710 818 2765 872 bi
2812 832 3036 888 quoque
3086 834 3209 874 sese
3273 820 3327 873 in
3365 820 3548 891 fugam

1954 910 2180 971 dedere,
2208 923 2333 962 eum
2367 924 2561 977 parum
2599 909 2870 963 abfuisset
2904 908 3036 978 quin
3070 909 3316 963 universi
3350 910 3419 964 ab
3445 912 3549 965 ho-

1953 1003 2133 1057 stibus
2163 1010 2517 1072 caperentur.
2562 1000 2658 1055 His
2684 1001 2852 1076 rebus
2869 1002 3038 1071 gestis
3078 1001 3454 1057 Adaarmanes
3478 1003 3547 1057 ad

1952 1096 2254 1150 Chosroem
2289 1094 2463 1157 venit,
2512 1095 2607 1163 qui
2647 1094 2839 1147 urbem
2874 1094 3045 1147 Daras
3096 1093 3343 1147 nondum
3375 1108 3549 1161 expu-

1953 1195 2236 1258 gnaverat.
2278 1186 2409 1254 Ejus
2445 1186 2612 1256 igitur
2647 1185 2821 1255 cepiis
2845 1185 3199 1254 coniunctus,
3243 1184 3544 1238 maximum

1956 1279 2122 1331 rebus
2151 1287 2491 1331 momentum
2541 1276 2748 1338 attulit,
2785 1292 2912 1330 cum
2959 1284 3014 1330 et
3059 1290 3286 1329 suorum
3330 1276 3549 1328 animos

1954 1368 2363 1431 conﬁrmasset,
2421 1375 2478 1420 et
2538 1366 2800 1419 hostibus
2851 1376 3123 1418 terrorem
3196 1364 3540 1418 incussisset.

1955 1458 2127 1512 Porro
2148 1459 2342 1513 urbem
2366 1460 2535 1527 ipsam
2562 1456 2929 1525 deprehendit
2950 1457 3093 1509 vallo
3117 1456 3542 1517 circumdatam.

1953 1558 2009 1603 et
2052 1564 2305 1620 aggerem
2351 1549 2627 1619 ingentem
2682 1547 2748 1601 ad
2806 1562 2995 1601 muros
3048 1546 3203 1600 urbis
3225 1546 3540 1609 admotum;

1954 1642 2179 1696 bellicas
2201 1640 2349 1693 item.
2380 1638 2668 1692 machinas
2700 1652 2842 1706 quas
2874 1637 3162 1706 helepoles
3194 1645 3416 1698 vocant,
3446 1652 3541 1705 pa-

1955 1736 2133 1793 ratas;
2179 1741 2246 1780 ac
2305 1725 2584 1795 praecipue
2641 1725 2971 1793 caupultas,
3023 1740 3090 1779 ex
3136 1724 3374 1780 editiore
3423 1724 3544 1779 loco

1954 1831 2084 1871 saxa
2129 1814 2418 1887 jacientes.
2456 1829 2595 1882 quas
2642 1814 2808 1884 vulgo
2861 1812 3136 1883 petrarias
3171 1821 3392 1866 vocant.
3430 1812 3544 1866 Hoc

255 1906 714 1976 καταπροδόντος.
741 1909 973 1978 Λέγεται
1002 1912 1110 1981 γὰρ
1138 1912 1441 1982 ἀμφότερα.
1474 1914 1848 1984 Προσήδρευσε

1954 1906 2119 1962 modo
2142 1905 2421 1962 Chosroes
2459 1904 2699 1959 hiberno
2756 1915 3006 1975 tempore
3054 1904 3247 1957 urbem
3301 1904 3448 1957 illam
3486 1909 3535 1959 vi

255 1994 313 2050 δὲ
343 1998 410 2067 τῇ
443 1998 596 2051 πόλει
651 2002 682 2053 6
724 2000 972 2073 Χοσρόης
1000 2003 1248 2073 πέμπτον
1292 2004 1388 2058 καὶ
1419 2005 1555 2075 πρός
1585 2022 1646 2073 γε
1682 2006 1851 2075 μῆνα,

257 2088 487 2157 μηδενὸς
514 2089 1123 2161 ἀμύνοντος.¹’Δπαντας
1146 2096 1323 2149 τοίνυν
1348 2094 1631 2165 ἐξαγαγὼν
1654 2096 1855 2167 πλῆθος

254 2176 630 2250 ἀστάθμητον,
667 2182 764 2235 καὶ
791 2184 919 2248 τοὺς
955 2184 1056 2255 μὲν
1089 2184 1257 2240 αὐτοῦ
1288 2186 1540 2249 δειλαίως
1569 2187 1853 2257 κατασφά-

326 2284 355 2330 ς
379 2309 395 2334 ,
432 2270 560 2334 τοὺς
587 2271 648 2324 δὲ
679 2272 965 2339 πλείστους
1011 2276 1106 2328 καὶ
1147 2277 1386 2345 ζωγρίας
1420 2276 1581 2344 ἑλὼν,
1615 2276 1712 2347 τὴν
1747 2277 1849 2347 μὲν

256 2359 415 2412 πόλιν
458 2362 747 2434 ἐπίκαιρον
776 2364 940 2417 οὖσαν
974 2367 1187 2436 φρουρᾷ
1222 2368 1491 2439 κατέσχεν
1517 2386 1529 2400 ·
1590 2370 1749 2432 αὐτὸς
1785 2369 1841 2421 δὲ

257 2451 391 2522 πρὸς
423 2454 489 2507 τὰ
522 2455 698 2508 οἰκεῖα
731 2457 1092 2528 ἀπεχώρησεν
1124 2459 1251 2529 ἢθη.

1964 2000 2133 2070 cepit,
2164 1998 2378 2054 Joanne
2434 1996 2751 2052 Timostrati
2805 1997 2918 2051 tilio
2968 1996 3064 2066 qui
3107 1994 3230 2049 urbi
3284 2002 3538 2063 praeerat,

1960 2106 2154 2163 parum
2212 2090 2282 2145 de
2343 2104 2410 2144 ea
2451 2088 2716 2150 sollicito,
2746 2088 2859 2143 imo
2908 2104 3042 2143 vero
3090 2104 3210 2143 eam
3248 2086 3537 2156 prodente.

1959 2183 2269 2251 Utrumque
2315 2180 2467 2234 enim
2510 2179 2739 2233 dicitur.
2775 2178 3079 2233 Obsederat
3125 2187 3309 2231 autem
3344 2175 3539 2228 urbem

1956 2275 2106 2329 illam
2142 2274 2420 2329 Chosroes
2487 2271 2734 2341 quinque
2776 2279 2832 2324 et
2874 2270 3114 2339 amplius
3157 2283 3399 2330 menses,
3447 2282 3543 2320 ne~

1949 2368 2097 2421 mine
2120 2382 2240 2420 eam
2266 2365 2620 2419 defendente.
2643 2362 2779 2417 Cum
2806 2362 2975 2431 igitur
2997 2362 3286 2417 universos
3314 2374 3379 2412 ex
3405 2359 3540 2411 urbe

1946 2458 2258 2521 eduxisset,
2304 2456 2630 2509 immensam
2682 2455 2967 2507 hominum
3015 2451 3447 2509 multitudinem,
3483 2460 3541 2503 et

255 2542 527 2612 quosdam
567 2559 635 2599 ex
706 2547 775 2601 iis
808 2548 1109 2603 crudeliter
1140 2550 1255 2603 illic
1293 2562 1608 2616 mactasset,
1637 2552 1879 2621 reliquos
1912 2564 2046 2603 vero
2082 2547 2240 2601 vivos
2284 2554 2584 2611 servasset,
2618 2546 2813 2598 urbem
2871 2546 3097 2614 quidem
3121 2586 3133 2607 ,
3202 2552 3392 2611 utpote
3433 2556 3536 2609 op-

257 2644 501 2704 portune
542 2636 743 2703 sitam,
782 2638 1042 2707 praesidio
1091 2638 1349 2710 imposito
1385 2643 1620 2697 munivit
1661 2659 1675 2695 :
1720 2643 1838 2713 ipse
1871 2654 2001 2695 vero
2029 2639 2084 2693 iu
2114 2639 2394 2708 regionem
2428 2652 2584 2691 suam
2614 2652 2873 2691 reversus
2906 2644 3010 2689 est.

838 2760 1093 2815 ΚΕΦᾹΛ.
1155 2765 1257 2818 iA'.

270 2845 375 2923 Ὧς
389 2848 743 2923 ό-,βασιλεὺς
782 2851 1107 2918 Ἰουστῖνος
1130 2855 1421 2923 φρενίτιδι
1453 2857 1619 2921 νόσῳ
1643 2856 1800 2909 ἑάλω
1821 2873 1834 2887 ·

328 2920 594 3053 ἔέιὸὲεέριος
640 2922 709 2975 δὲ
758 2923 874 2991 τὴν
922 2920 1223 2992 φροντίδα
1268 2925 1387 2979 τῶν
1425 2920 1595 2980 ὅλων
1632 2925 1840 2981 ἀνεδέο

329 3099 514 3172 Ἀπερ
553 3103 744 3173 ἐπειδὴ
789 3106 1018 3177 ἠκηκόει
1062 3109 1090 3160 6
1133 3108 1421 3171 Ἰουστῖνος
1445 3148 1459 3173 ,
1492 3109 1556 3159 ὲκ
1589 3106 1846 3161 τοσούτου
1872 3076 1916 3139 C

259 3188 429 3260 τύφου
462 3193 559 3245 καὶ
588 3191 775 3260 ὄγκου,
811 3196 961 3248 οὐδὲν
990 3195 1144 3265 ὑγιὲς
1174 3195 1206 3266 ἦ
1237 3198 1513 3267 φρενῆρες
1538 3197 1800 3267 ἐννοήσας
1829 3237 1844 3273 ,

263 3282 381 3335 οὐδὲ
437 3282 802 3351 ἀνθρωπίνως
862 3286 922 3339 τὸ
978 3288 1294 3357 συνενεχθὲν
1323 3286 1433 3356 (54)
1477 3287 1732 3350 ἀνατλὰς,
1790 3288 1848 3349 ἐς

262 3373 542 3442 φρενῖτιδσι
591 3375 744 3427 νόσον
777 3377 871 3429 καὶ
900 3379 1104 3448 μανίαν
1136 3378 1406 3447 ἐμπίπτει
1429 3418 1444 3443 ,
1472 3379 1622 3431 οὐδὲν
1664 3370 1847 3431 λοιπὸν

260 3463 367 3515 τῶν
399 3466 709 3532 γινομένων
744 3470 972 3532 συνιείς.
1012 3470 1208 3523 Διώκει
1241 3470 1297 3522 δὲ
1332 3470 1391 3522 τὸ
1416 3470 1713 3539 πολίτευμα
1758 3471 1849 3523 Τι-

263 3552 443 3621 ϐέριος
476 3554 547 3624 (υ)
571 3597 585 3621 ,
637 3555 784 3627 Θρᾲξ
821 3559 920 3628 μὲν
965 3559 1122 3626 γένος
1147 3600 1162 3624 ,
1214 3559 1281 3613 τὰ
1316 3563 1562 3629 πρωτεῖα
1593 3560 1649 3613 δὲ
1694 3559 1847 3630 παρά

274 3644 548 3715 ἰουστίνῳ
580 3647 763 3718 φέρων
792 3666 805 3679 ·
829 3650 887 3704 ὃν
938 3654 1032 3704 καὶ
1065 3652 1210 3705 κατά
1235 3652 1344 3705 τῶν
1369 3651 1615 3723 Ἀὗάρων
1654 3654 1847 3722 πρώην

260 3736 573 3805 ἐπεπόμφει
620 3739 813 3808 (55),
870 3743 1006 3796 πολὺ
1050 3744 1282 3813 ἀγείρας
1345 3745 1549 3815 πλῆθος
1589 3744 1843 3813 στρατοῦ.

266 3829 362 3892 ⁸ος
389 3829 486 3882 καὶ
507 3831 708 3900 μικροῦ
737 3832 902 3895 ἑάλω,
928 3834 1039 3887 τῶν
1062 3836 1411 3905 στρατιωτῶν
1437 3837 1571 3905 μηδὲ
1587 3837 1686 3908 τὴν
1714 3836 1845 3889 θέαν

256 3919 368 3974 τῶν
412 3921 718 3991 Βαρϐάρων
766 3924 1188 3993 ύπενεγκὰντων
1212 3966 1229 3993 ,
1280 3928 1328 3979 εί
1362 3928 1436 3998 μὴ
1470 3927 1591 3981 θεία
1622 3930 1846 3997 πρόνοια

258 4014 585 4085 παραδόξως
608 4015 798 4070 τοῦτον
830 4017 1075 4082 διέσωσε,
1107 4020 1202 4073 καὶ
1228 4021 1285 4086 ἐς
1313 4021 1413 4091 τὴν
1437 4022 1727 4090 Ῥωμαίων
1751 4022 1846 4093 βαε

260 4109 470 4164 σιλείαν
496 4111 755 4180 ἐφύλαξε,
789 4115 1216 4170 κινδυνεύσασαν
1260 4119 1372 4180 τοῖς
1402 4117 1692 4171 Ἰουστίνου
1738 4135 1844 4171 πα-

257 4200 517 4273 ραλόγοις
537 4203 943 4273 ἐγχειρήμασι,
990 4206 1088 4260 σὺν
1118 4207 1211 4260 καὶ
1240 4206 1318 4278 τῷ
1352 4208 1458 4279 ὅλῳ
1490 4207 1844 4278 πολιτεύματι

255 4292 587 4365 διαρρυῆναι
616 4333 632 4360 ,
668 4296 764 4349 καί
812 4296 1122 4371 Βαρὸἀροις
1155 4298 1254 4368 τῆς
1285 4301 1546 4370 τοιαύτης
1582 4300 1626 4333 ’⁸
1666 4300 1845 4371 ἀρχῆς

2605 2754 2757 2809 CAP.
2785 2754 2879 2809 Xl.

1950 2849 2223 2916 Quomodo
2252 2866 2372 2901 cum
2402 2848 2644 2901 Justinus
2673 2848 2725 2898 in
2754 2846 3080 2900 dementiam
3119 2848 3404 2911 incidisset,
3454 2846 3535 2901 Ti-

2230 2920 2403 2973 berius
2436 2917 2755 2987 Reipublij
2794 2932 2978 2969 curam
3003 2918 3249 2987 suscepit.

2020 3099 2148 3153 Ilaec
2178 3112 2304 3152 cum
2339 3095 2614 3150 audiisset
2660 3093 2949 3156 Justinus,
2999 3092 3133 3144 nihil
3181 3092 3297 3145 sani
3348 3092 3536 3163 animo

1949 3197 2232 3257 reputans,
2288 3200 2393 3240 nec
2431 3184 2754 3239 humanitus
2788 3198 2974 3238 casum
3007 3182 3160 3236 illum
3215 3181 3400 3237 ferens
3423 3223 3436 3241 .
3467 3199 3537 3237 ex
3624 3216 3633 3221 -

1949 3290 2103 3336 tanto
2127 3280 2269 3334 fastu
2301 3295 2365 3333 ac
2416 3289 2633 3332 tumore
2681 3276 2736 3329 in
2778 3275 3155 3345 phrenitidem
3207 3289 3271 3329 ac
3304 3274 3534 3327 demen-

1948 3372 2079 3425 tiam
2106 3369 2323 3433 incidit,
2357 3368 2496 3423 adeo
2532 3375 2592 3422 ut
2614 3367 2751 3422 nihil
2799 3383 2993 3420 eorum
3022 3381 3143 3437 quae
3178 3365 3534 3436 gerebantur,

1947 3464 2211 3530 deinceps
2253 3460 2606 3531 intelligeret.
2660 3457 2873 3513 Exinde
2921 3458 3091 3528 igitur
3137 3458 3533 3527 rempublicam

1948 3555 2096 3608 rexit
2127 3553 2407 3613 Tiberius,
2440 3549 2714 3606 oriundus
2740 3566 2807 3604 ex
2837 3548 3095 3613 Thracia,
3120 3551 3213 3618 qui
3237 3548 3380 3619 apud
3409 3548 3534 3604 Jus-

1945 3646 2123 3700 tinum
2203 3644 2534 3699 auctoritate
2594 3651 2651 3698 et
2706 3642 2883 3712 gratia
2948 3641 3247 3711 plurimum
3295 3648 3533 3710 poterat.

1945 3736 2105 3790 Hunc
2132 3735 2389 3791 Justinus
2420 3735 2586 3804 paulo
2608 3744 2770 3788 antea
2799 3733 3034 3787 collecto
3057 3731 3266 3802 ingenti
3286 3732 3531 3785 exercitu

1944 3826 2211 3880 adversos
2236 3825 2445 3880 Abaros
2468 3825 2717 3879 miserat.
2740 3822 2907 3893 538
2931 3822 3038 3877 Sed
3070 3838 3194 3877 cum
3220 3823 3426 3875 milites
3467 3837 3533 3876 ne

1944 3928 2228 3988 aspectum
2254 3915 2478 3986 quidem
2508 3915 2876 3969 Barbarorum
2904 3915 3181 3968 sustinere
3204 3913 3528 3975 valuissent,

1945 4008 2203 4063 Tiberius
2228 4022 2370 4076 pene
2400 4006 2468 4061 ab
2509 4005 2767 4061 hostibus
2802 4012 2999 4072 captus
3031 4011 3117 4058 est
3155 4020 3167 4055 :
3204 4002 3307 4065 nisi
3343 4001 3531 4055 divina

1945 4098 2296 4170 providentia
2324 4105 2527 4167 praeter
2567 4096 2813 4151 omnium
2846 4094 3167 4163 opinionem
3213 4108 3340 4147 eum
3381 4090 3530 4161 peri-

1944 4192 2068 4246 culo
2099 4190 2417 4260 eripuisset,
2460 4198 2514 4243 et
2573 4190 2821 4243 Romano
2862 4185 3097 4256 imperio
3156 4190 3529 4247 reservasset;

1944 4281 2091 4352 quod
2136 4281 2442 4336 temerariis
2477 4279 2682 4336 Justini
2720 4276 2970 4334 consiliis
3014 4277 3071 4331 in
3109 4273 3384 4347 ejusmodi
3418 4274 3533 4328 dis-

256 4381 539 4452 ὲκστῆναι.
898 4367 905 4369 ἡ
1007 4367 1017 4371 ⁷
1215 4367 1220 4368 ί
1502 4367 1510 4370 ﬁ
1878 4422 1920 4452 η
1947 4374 2160 4428 crimen
2208 4373 2509 4428 adductum
2536 4371 2742 4434 fuerat,
2773 4380 2833 4424 ut
2872 4367 3233 4423 metuendum
3263 4376 3411 4422 esset
3464 4381 3532 4420 ne

1878 4422 1920 4476 Β
1949 4481 2073 4520 cum
2118 4465 2375 4519 universa
2418 4462 2705 4532 republica
2752 4460 3013 4516 funditus
3060 4458 3333 4519 interiret.
3373 4464 3430 4512 et
3476 4458 3531 4511 in

3555 4544 3567 4570 λ

1949 4555 2319 4609 Barbarorum
2346 4554 2615 4610 ditionem
2652 4569 2716 4608 ac
2751 4560 3080 4623 potestatem
3111 4550 3458 4607 concederet.

248 4776 251 4779 ν
1567 4707 1802 4760 mnia:
1845 4707 2252 4763 LECTIONES.
3554 4675 3563 4763 ἐ

328 4815 379 4851 ⁸⁵
409 4811 475 4872 C.
499 4813 565 4872 C.
583 4814 883 4890 τοσαύτης.

1469 4930 1741 4985 VALESH
1774 4902 2332 4988 ANNOTATIONES.

333 5041 453 5114 (54)
482 5038 567 5114 _T6
594 5038 917 5114 ᾳυνεχθέν.
968 5040 1344 5114 _Scril_)endum
1382 5050 1467 5097 est
1500 5028 1836 5114 συνενεχθέν,

255 5108 730 5193 quemadmodum
790 5109 849 5163 in
880 5111 1071 5166 codice
1102 5111 1417 5167 Telleriano
1452 5108 1721 5184 scriptum
1751 5108 1843 5169 in;

254 5196 447 5323 νεὶἓὲ)
475 5250 578 5323 Ὃν
600 5252 877 5323 καὶκατὰ
904 5249 1022 5303 τῶν
1042 5250 1308 5323 ζᾼόἀρων
1330 5251 1538 5318 πρώην
1580 5254 1841 5323 ἐπεπόμ-

305 5319 379 5391 ei.
413 5319 664 5375 Justinus
701 5321 1006 5391 imperator
1040 5320 1329 5375 Tiberium
1376 5324 1636 5377 comitem
1670 5319 1841 5379 exeu-

300 5390 507 5447 iterum
544 5404 671 5446 cum
692 5390 936 5448 exercitu
967 5391 1101 5446 satis
1134 5392 1342 5457 valido,
1378 5392 1644 5449 adversus
1699 5395 1839 5448 Ava-

1954 5058 2044 5098 res
2078 5043 2248 5107 misit,
2283 5061 2428 5114 anno
2460 5045 2675 5114 imperii
2718 5047 2802 5098 sui
2834 5059 3003 5107 nono,
3036 5052 3096 5097 ut
3130 5043 3322 5096 scrih't
3349 5041 3526 5098 Theo-

1953 5114 2163 5183 phanes
2194 5115 2246 5167 in
2276 5113 2811 5171 ClzronicOLJeannes
2843 5124 3026 5169 autem
3073 5113 3423 5169 Biclariensis
3471 5114 3523 5167 id

1953 5186 2157 5254 [actum
2180 5198 2301 5239 esse
2334 5184 2467 5239 dicit
2496 5201 2642 5239 anno
2674 5195 2870 5254 quarto
2911 5183 3129 5254 imperii
3157 5183 3394 5237 Justini:
3431 5185 3524 5236 ubi

1950 5253 2233 5325 Tiberium
2269 5269 2336 5307 ex
2369 5255 2473 5308 hoc
2525 5253 2713 5325 praelii)
2744 5253 3010 5309 victorem
3058 5253 3524 5325 Constantinopo-

1947 5322 2042 5376 lim
2067 5323 2299 5378 rediisse
2331 5322 2543 5378 scribit.
2573 5326 2729 5391 Quod
2779 5335 2961 5379 tamen
2992 5325 3188 5378 falsum
3212 5338 3333 5376 esse
3363 5323 3535 5377 docet

1947 5393 2213 5462 Evagrius
2247 5410 2311 5448 ac
2334 5393 2720 5464 TheOpbaues.

1712 5548 2100 5606 VMZIORUM.

330 5645 406 5713 (υ)
450 5645 722 5714 Τιϐέριος.
763 5646 1017 5702 Tiberius
1044 5648 1442 5703 Constantinus
1493 5654 1710 5701 creatus
1740 5655 1825 5701 est
1945 5648 2010 5701 ad
2034 5662 2161 5701 eum
2191 5663 2419 5710 annum,
2458 5664 2512 5700 η.
2546 5646 2599 5700 6.
2634 5646 2788 5701 Haud
2826 5655 2975 5702 recte
3020 5646 3191 5710 igitur
3235 5659 3524 5712 nuncupa-

257 5714 796 5789 Catsar,_et_imperii
832 5733 967 5789 cumg
1019 5718 1238 5789 Justino
1295 5717 1573 5789 particeps
1614 5716 1832 5789 iactus,
1943 5718 2021 5771 tio
2046 5718 2166 5787 ejus
2198 5718 2442 5773 Cmsarea
2508 5726 2629 5789 post
2686 5716 2903 5789 Trajani
2969 5716 3299 5785 legationem
3358 5714 3525 5769 dilata

295 5795 385 5858 ost
413 5787 485 5842 25
527 5786 675 5842 diem
704 5788 908 5858 mensis
936 5786 1191 5843 Octobris
1238 5786 1368 5842 anni
1417 5788 1547 5842 Chr.
1610 5787 1733 5851 575,
1774 5797 1833 5840 ut
1942 5796 2027 5843 est
2053 5786 2119 5841 ab
2146 5788 2398 5858 Evagrio,
2422 5786 2543 5858 cap.
2585 5788 2669 5841 15.

284 5850 459 5926 ‘agius
490 5871 554 5910 ex
591 5857 1071 5929 veteriEpitaphio
1141 5859 1326 5913 Romae
1386 5867 1546 5913 eruto
1612 5850 1830 5928 probat,
