3982 6420
270 412 414 477 Μ
494 366 499 371 .

1234 415 1624 477 HISTORIE
1662 416 2262 478 ECCLESIASTICE
2302 418 2647 485 LIBER'V.

3427 421 3565 488 2⁸834

270 528 474 589 ὠσατο,
497 523 574 590 ὡς
606 524 669 578 τὸ
698 526 799 596 μὲν
827 524 1166 595 κινδύνευμα
1194 526 1484 581 εὐϐουλίαν
1511 524 1673 592 εἶναι,
1693 526 1786 581 τὸν
1815 527 1875 582 δὲ

1996 542 2102 598 tua:
2134 536 2310 582 mater
2345 538 2429 583 est
2457 528 2807 593 temeritatis,
2846 535 2902 584 et
2932 528 3002 583 ab
3031 543 3095 584 ea
3119 528 3472 600 disjunctam,
3503 545 3572 585 ac

272 616 435 671 ὄκνον
484 615 825 684 ἀσφάλειαν,
882 616 1139 688 ἀνδρείας
1173 634 1230 671 τε
1275 619 1371 673 καὶ
1406 620 1725 692 φρονήσεως
1760 623 1875 684 τοῖς

272 713 492 780 καιροῖς
541 708 893 780 ὀχουμένων,
943 711 1039 765 καὶ
1083 709 1186 774 τὰς
1227 712 1386 781 ἡνίας
1420 706 1875 784 πρυτανευόντων

273 799 411 871 πρὸς
437 799 468 852 ὃ
501 799 568 853 ἂν
598 802 631 871 ή
660 800 825 870 χρεία
856 799 1148 873 ἐπιτάττῃ,
1176 802 1271 854 καὶ
1294 803 1393 871 τὴν
1421 801 1614 872 ὕφεσιν
1642 803 1732 856 καὶ
1758 802 1876 856 ἐπί-

271 907 437 946 τασιν
468 891 651 945 αὐτῶν
683 892 795 945 τῶν
819 891 1010 963 ὁρμῶν
1031 932 1047 957 ,
1088 893 1272 965 μέτρῳ
1298 894 1408 946 τινὶ
1440 894 1533 946 καὶ
1563 894 1760 966 ῥυθμῷ
1784 894 1872 964 γί-

272 983 524 1051 γνεσθαι.
560 985 698 1055 Περὶ
722 976 785 1037 οὗ
818 983 1151 1053 τελεώτερον
1181 987 1240 1038 ὲν
1266 983 1536 1059 τοῖςκὲηξῆς
1566 986 1872 1056 εΞ-ρήσεταιδ

274 1076 448 1139 ’οσος
497 1077 607 1147 γὰρ
655 1078 751 1130 καὶ
791 1073 923 1142 οἷος,
958 1079 1025 1146 τῇ
1056 1076 1311 1146 βασιλείᾳ
1343 1077 1680 1144 φυλακτέον,
1716 1079 1751 1150 ἥ
1781 1079 1875 1132 τὸν

272 1168 448 1237 ἄνδρα
478 1157 827 1238 τρανὼτ⁶ερον
854 1166 1176 1236 διεσάφησε,
1208 1166 1287 1236 τῷ
1318 1166 1650 1238 αὐτεξουσίῳ
1685 1169 1778 1221 καὶ
1807 1168 1876 1222 τὰ

269 1258 423 1312 ἔνδον
453 1257 836 1324 ἀναπτύξασα.
890 1249 1063 1320 Οὗτος
1101 1257 1200 1325 μὲν
1254 1253 1348 1312 οὖν
1379 1258 1415 1309 δ
1435 1257 1746 1326 Μαυρέκιος
1777 1258 1876 1323 τὰς

271 1349 733 1422 ὲπιστρατεὺσεις
783 1350 1161 1418 ποιησάμενος
1209 1350 1356 1403 κατὰ
1402 1350 1500 1418 τῆς
1543 1348 1874 1419 ὑπερορίας,

272 1443 467 1506 πόλεις
497 1459 558 1495 τε
595 1442 689 1496 καὶ
721 1441 958 1513 φρούρια
992 1442 1234 1510 Πέρσαις
1263 1441 1664 1512 ἐπικαιρότατα
1692 1443 1841 1512 αἱρεῖ
1860 1458 1874 1473 ο

1972 617 2348 672 nihilominus
2383 618 2734 689 conjunctam
2770 617 3069 689 ignaviam,
3096 617 3172 671 ita
3208 615 3279 672 ab
3309 631 3368 671 se
3397 615 3571 686 depu-

1975 709 2139 773 lerat,
2171 718 2233 763 ut
2258 710 2478 779 quoties
2512 710 2565 763 in
2596 708 2899 764 discrimen
2932 708 3169 773 veniret,
3206 707 3516 779 prudentia:
3552 722 3570 761 :

1976 799 2141 872 447
2174 801 2394 871 quoties
2420 810 2798 868 cunctaretur,
2834 799 3115 857 securitati
3139 797 3574 857 adscribendum

1977 899 2145 946 esset.
2173 890 2388 961 Quippe
2412 890 2678 946 fortitudo
2713 907 2776 947 ac
2803 891 3102 963 prudentia
3132 889 3571 961 opportunitati-

1975 982 2089 1038 bus
2118 990 2451 1054 temporum,
2491 985 2643 1040 velut
2688 1001 2833 1055 equo
2877 985 3096 1040 cuidam
3132 983 3475 1048 insidebant,
3515 990 3570 1038 ct

1977 1077 2225 1134 habenas
2242 1078 2673 1134 moderabantur
2689 1081 2846 1150 juxta
2877 1080 2932 1134 id
2957 1078 3105 1150 quod
3127 1078 3344 1134 utilitas
3367 1077 3573 1147 Reipuo

1978 1171 2138 1227 blicae
2171 1172 2549 1243 prtecipiebat.
2581 1176 2774 1242 itaque
2818 1173 3038 1242 quoties
3068 1172 3336 1243 impetum
3381 1169 3578 1225 remit-

1981 1262 2132 1317 tebat
2192 1271 2285 1317 aut
2336 1263 2638 1330 relaxabat,
2669 1263 2727 1318 id
2787 1261 2952 1318 ﬁebat
3007 1278 3116 1317 non
3149 1263 3269 1318 sine
3314 1275 3574 1317 mensura

1977 1352 2218 1423 quadam
2273 1362 2440 1424 atque
2470 1355 2708 1411 ratione.
2735 1355 2846 1412 Sed
2880 1355 2950 1410 de
2993 1354 3100 1410 hac
3151 1368 3210 1409 re
3260 1352 3576 1410 accuratius

1978 1454 2103 1515 post
2154 1446 2271 1500 lucc
2299 1446 2502 1507 dicturi
2538 1463 2753 1504 sumus.
2807 1448 2997 1517 Qualis
3027 1448 3176 1503 enim
3225 1455 3579 1519 quantusque

272 1535 430 1589 λείαν
472 1552 533 1587 τε
585 1535 860 1607 τοσαύτην
907 1532 1289 1604 περιεϐάλετο,
1328 1532 1472 1587 ὥστε
1503 1532 1572 1587 τὰ
1602 1550 1878 1603 σαγηνευ-

1996 1537 2277 1601 :xstiterit,
2328 1538 2564 1608 imperio
2599 1540 2779 1609 ipsius
2829 1539 3229 1595 reservandum
3279 1545 3384 1594 est.
3418 1537 3576 1606 Quod

273 1628 447 1681 Θέντα
506 1627 834 1699 αἰχμάλωτα
888 1627 1226 1697 ὁλοκλήρους
1269 1628 1467 1693 νήσους
1520 1625 1615 1697 καὶ
1669 1626 1874 1689 πόλεις,

1996 1627 2205 1698 pridem
2252 1644 2437 1685 mores
2491 1631 2616 1701 ejus
2641 1632 2805 1707 longe
2850 1631 3206 1687 manifestius
3251 1631 3574 1691 declaravit.

271 1719 488 1792 ἀγρούς
534 1737 594 1774 τε
647 1719 1041 1791 ὲμρημωθέντας
1086 1718 1167 1789 τῷ
1205 1720 1386 1791 χρόνῳ
1424 1719 1708 1788 ἐξοικῆσαι
1741 1719 1874 1787 (90),

1996 1718 2112 1774 ium
2163 1719 2341 1775 libera
2373 1720 2635 1777 facultate
2688 1723 2910 1793 quidvis
2941 1723 3140 1795 agendi
3181 1723 3232 1779 ei
3286 1736 3573 1787 concessa,

271 1817 380 1882 τήν
424 1831 487 1868 τε
540 1813 646 1884 γῆν
696 1813 918 1883 ἐνεργὸν
968 1812 1419 1884 καταστήσασθαι
1468 1812 1648 1881 πάντη
1685 1810 1878 1883 πρώην

1996 1814 2203 1867 interna
2248 1814 2369 1884 ejus
2401 1815 2663 1870 omnibus
2710 1815 2993 1886 patefecit.
3038 1817 3141 1871 Hic
3167 1816 3337 1888 igitur
3369 1814 3577 1872 Mauri-

272 1907 638 1978 ἀγεώργητον
661 1901 849 1972 οὖσαν,
877 1904 1223 1972 στρατόπεδά
1243 1922 1301 1957 τε
1326 1904 1384 1969 ἐξ
1404 1905 1586 1959 αὐτῶν
1609 1903 1875 1973 συστῆναι

1996 1902 2124 1966 :ius.
2158 1920 2283 1960 cum
2320 1906 2570 1962 exercitu
2606 1908 2858 1963 Romano
2895 1910 2950 1964 in
2975 1909 3269 1965 Persarum
3294 1908 3575 1980 regionem

277 1998 595 2071 πολύανδρα
628 1998 772 2052 κατὰ
799 1998 910 2052 τῶν
938 1999 1116 2053 ἄλλων
1148 1997 1320 2051 eave»
1354 1997 1501 2067 μάλα
1527 1996 1797 2065 γεννικῶς
1818 2012 1879 2049 τε

1996 1998 2292 2068 ingressus,
2330 1998 2499 2054 urbes
2554 2008 2610 2055 et
2647 2001 2889 2077 castella
2917 2010 3229 2071 opportune
3276 2000 3579 2056 admodum

275 2093 377 2146 καὶ
409 2091 677 2163 ἀνδρείως
705 2090 1129 2161 ἀγωνισάμεναο
1171 2090 1532 2162 πληρωθῆναι
1558 2089 1616 2143 δὲ
1648 2090 1743 2142 καὶ
1774 2089 1879 2144 πά⁸

1996 2088 2093 2145 sita
2125 2089 2461 2159 occupavit:
2518 2096 2835 2162 tantamque
2861 2092 3104 2164 praedam
3149 2092 3317 2163 cepit,
3366 2100 3429 2147 ut
3484 2106 3580 2148 ca-

276 2201 355 2256 σῃ
394 2183 554 2255 ἑστίᾳ
594 2183 698 2247 τὰς
730 2182 1012 2247 οἰκετικὰς
1044 2181 1236 2254 χρείας
1264 2219 1279 2244 ,
1332 2181 1390 2245 ἐς
1437 2179 1500 2233 τὸ
1545 2179 1879 2250 κουφότατον

1996 2179 2124 2251 ptivi
2153 2195 2295 2250 quos
2317 2196 2387 2235 ex
2414 2182 2642 2239 Perside
2663 2182 2990 2248 abduxerat,
3026 2185 3271 2256 integras
3293 2183 3503 2239 insulas
3525 2189 3585 2239 et

273 2277 391 2329 τῶν
425 2275 778 2344 ἀνδραπόδων
808 2274 1246 2344 ὲκποιουμένων.

1996 2272 2178 2339 urbes,
2215 2281 2383 2345 atque
2403 2289 2567 2346 agros
2604 2275 2937 2347 iampridem
2967 2275 3223 2333 desertos
3248 2276 3585 2339 incolerent,

276 2379 339 2426 et
370 2377 600 2434 terram,
626 2382 749 2438 quae
808 2367 967 2438 prius
1002 2365 1212 2422 inculta
1260 2374 1398 2432 erat,
1439 2363 1732 2420 fecundam
1786 2363 2085 2422 redderent
2116 2383 2131 2420 :
2160 2375 2339 2436 utque
2375 2382 2442 2421 ex
2509 2367 2619 2423 illis
2663 2368 2918 2440 ingentes
2944 2369 3228 2426 exercitus
3276 2370 3583 2440 conscripti

274 2465 518 2529 fuerint,
545 2464 640 2535 qui
678 2470 870 2535 postea
895 2472 1088 2518 contra
1117 2462 1253 2517 alias
1289 2460 1662 2517 Barbarorum
1692 2468 1888 2533 gentes
1927 2467 2157 2517 strenue
2216 2477 2281 2518 ac
2322 2462 2543 2518 fortiter
2577 2462 2969 2536 depugnarunt
3006 2456 3021 2520 ἐ
3089 2465 3334 2538 denique
3366 2475 3427 2522 ut
3476 2464 3588 2521 sin-

276 2561 428 2633 gulae
485 2558 687 2613 domus
741 2557 1014 2613 haberent
1076 2555 1171 2627 qui
1204 2554 1428 2613 servilia
1461 2569 1693 2613 munera
1756 2553 2074 2631 implerent,
2119 2568 2245 2609 cum
2274 2555 2422 2611 servi
2499 2570 2565 2611 ac
2596 2555 2871 2632 mancipia
2900 2557 3172 2615 vilissimo
3202 2559 3385 2631 pretio
3428 2572 3584 2617 com-

276 2658 644 2730 pararentur.

932 2787 1195 2843 ΚΕΦΑΛ.
1227 2788 1314 2841 K'.

289 2881 394 2947 Ὠς
432 2878 835 2952 Ταμχοσρόην
876 2875 1414 2952 καὶΑἏδααρμᾴΥην
1440 2872 1585 2952 τοὺς
1634 2871 1887 2942 Περσῶν

573 2945 949 3018 ἀτρατητοὺς
975 2948 1227 3014 ἐνίκησε
1255 2945 1599 3015 Μαυρίκιος.

353 3061 757 3131 Συνανεπλάκη
786 3060 844 3114 δὲ
892 3059 989 3113 καὶ
1026 3060 1140 3121 τοῖς
1165 3058 1411 3130 ἀρίστοις
1442 3056 1692 3129 Περσῶν,
1716 3055 1797 3128 τῷ
1827 3073 1886 3110 τε

2525 2757 2534 2777 ⁸
2630 2784 2940 2849 εΑΡ.Χχ,

2303 2870 2591 2944 Mauricius
2616 2871 3038 2944 Tanchoadroem
3077 2883 3128 2929 et
3155 2873 3584 2944 Adaarmanem,

1985 2868 2260 2937 Quomodo

2058 2972 2063 2977 -
2346 2940 2636 2995 Persarum
2674 2943 2853 3011 duces,
2896 2944 3167 3000 devicerit.

2056 3053 2320 3111 Conﬂixit
2352 3056 2520 3112 etiam
2541 3072 2666 3113 cum
2698 3057 3175 3128 praestantissimis
3198 3059 3436 3118 ducibus
3454 3062 3591 3119 Per,-

281 3157 627 3229 Ταμχοσρόῃ
654 3156 751 3208 καὶ
794 3151 1145 3222 Ἀδααρμάνῃ
1178 3151 1315 3222 μετὰ
1341 3149 1621 3218 ἀξιολόγου
1655 3147 1888 3221 στρατοῦ

1997 3162 2206 3212 sarum,
2260 3146 2693 3204 Tamchosdroe.
2724 3148 2937 3204 scilicet
2988 3148 3436 3218 ctAdaarmane,
3494 3152 3592 3224 qui

281 3246 785 3319 ἱπιστρατεύσασι·
817 3244 914 3297 καὶ
940 3244 1090 3306 ὅπως
1123 3242 1243 3313 μὲν,
1274 3242 1367 3295 καὶ
1400 3242 1503 3303 ὅτι,
1530 3240 1623 3293 καὶ
1654 3240 1763 3309 ὅπη
1800 3239 1893 3293 πέ-

282 3354 561 3415 πρακται,
592 3337 743 3394 ἄλλοι
789 3335 1133 3407 γραφόντων,
1186 3333 1220 3404 ἢ
1251 3333 1346 3387 καὶ
1378 3332 1510 3404 παρ’
1546 3333 1705 3404 ἡμῶν
1757 3333 1890 3395 ἴσως

284 3436 344 3490 ἐν
375 3434 554 3510 ἑτέρξρ
598 3431 874 3514 λελέξεται
929 3428 1096 3498 πόνῳ,
1145 3426 1245 3496 τῆς
1283 3425 1570 3497 παρούσης
1624 3440 1890 3514 πραγματ

284 3524 445 3587 τείας
473 3523 641 3592 ἔτερα
695 3512 930 3592 μάλιστα
976 3515 1588 3586 κατεπαγγελλομὲνης.
1619 3515 1815 3567 Πῐπτει
1843 3512 1889 3567 δ’

287 3613 388 3670 οὖν
416 3617 570 3684 ὅμως
602 3614 746 3667 κατὰ
773 3611 872 3683 τὴν
903 3609 1215 3683 παράταξιν
1250 3609 1280 3662 ὁ
1337 3606 1700 3679 Ταμχοσρόης
1734 3606 1845 3677 (9i)
1874 3644 1889 3668 ,

286 3710 396 3764 οὐκ
451 3707 681 3777 ἀνδρείᾳ
710 3705 806 3760 τοῦ
865 3704 1158 3777 Ῥωμαίων
1224 3699 1455 3773 στρατοῦ
1481 3741 1498 3768 ,
1549 3698 1804 3770 εὐλαϐείᾳ
1834 3696 1891 3750 δὲ

295 3804 462 3875 μόνῃ,
499 3802 598 3855 καὶ
646 3802 712 3871 τῇ
740 3801 797 3863 ἐς
850 3798 986 3852 Θεὸν
1032 3798 1219 3851 πίστει
1260 3795 1357 3850 τοῦ
1392 3795 1724 3865 στρατηγοῦ.
1756 3792 1892 3845 Φεύ-

289 3912 382 3966 γει
413 3894 473 3948 δὲ
499 3893 596 3947 καὶ
628 3895 657 3947 ὁ
700 3890 1094 3961 Ἀδααρμάνης
1145 3889 1489 3959 κατακράτος
1530 3889 1588 3940 ἐν
1613 3887 1678 3956 τῇ
1741 3885 1891 3957 μάχῃ

290 3983 557 4046 πταίσας,
608 3982 703 4034 καὶ
750 3980 982 4043 πολλοὺς
1028 3978 1138 4035 τῶν
1172 3977 1394 4032 οἰκείων
1451 3973 1762 4031 ἀποϐαλών·
1799 3975 1892 4027 καὶ

288 4074 472 4128 ταῦτα
522 4071 964 4143 Ἀλαμουνδάρου
1025 4069 1465 4140 καταπροδόντος
1518 4066 1640 4137 (ί),
1677 4065 1738 4128 ὃς
1783 4064 1893 4119 τῶν

290 4166 593 4237 Σκηνητῶν
627 4166 814 4234 ἡγεῖτο
844 4162 1165 4235 βαρϐάρων,
1195 4162 1290 4215 καὶ
1346 4160 1438 4214 τὸν
1472 4159 1769 4230 Εὐφράτην
1797 4158 1896 4230 οὐχ

292 4255 564 4327 ἑλομένου
601 4256 861 4321 διαόἧναι
919 4254 1185 4324 ποταμὸν.
1246 4253 1353 4309 καὶ
1412 4251 1779 4322 συμμαχῆσαι
1816 4247 1896 4320 τῷ

291 4347 599 4417 Μαυρικίῳ
634 4347 776 4401 κατὰ
823 4346 934 4401 τῶν
975 4345 1308 4408 ἀπεναντίας
1355 4342 1650 4415 Σκηνητῶν
1689 4341 1898 4412 βαρϐά-

296 4456 412 4509 ρων
438 4440 507 4494 ’⁸.
557 4438 1020 4507 Ἀκαταγώνιστοι
1051 4437 1160 4508 γὰρ
1183 4438 1298 4499 τοῖς
1331 4434 1512 4497 ἄλλοις
1540 4432 1629 4487 διὰ
1660 4433 1759 4504 τὴν
1786 4433 1897 4487 τῶν

1995 3253 2123 3292 cum
2154 3238 2361 3308 ingenti
2389 3238 2640 3293 exercitu
2676 3239 2732 3293 in
2781 3238 2922 3295 fines
2955 3240 3334 3297 Romanorum
3377 3242 3595 3315 irrupe-

1997 3338 2141 3387 rant.
2178 3330 2323 3398 Quid
2369 3339 2554 3387 autem
2607 3341 2824 3403 gestum
2880 3333 2972 3399 sit,
3008 3340 3067 3389 et
3113 3350 3355 3406 quonam
3403 3336 3594 3405 modo,

1996 3424 2313 3497 quibusque
2340 3424 2396 3478 in
2421 3423 2581 3490 locis,
2611 3424 2861 3481 scribant
2887 3424 2981 3480 alii
3019 3444 3032 3479 :
3066 3435 3164 3482 aut
3200 3441 3236 3482 a
3264 3425 3429 3482 nobis
3476 3426 3594 3484 for-

1999 3528 2144 3574 tasse
2187 3517 2243 3571 in
2279 3515 2388 3570 alio
2418 3531 2585 3586 opere
2615 3525 2949 3586 exponetur.
2994 3517 3249 3573 Praesens
3267 3517 3416 3572 enim
3453 3531 3600 3588 opus

1996 3609 2160 3679 longe
2190 3607 2423 3662 aliarum
2455 3622 2643 3661 rerum
2668 3607 3050 3666 narrationem
3085 3609 3400 3678 pollicetur.
3430 3607 3597 3666 Ceci-

1999 3697 2083 3754 dit
2124 3696 2489 3751 nihilominus
2540 3695 2598 3750 in
2643 3712 2709 3751 ea
2761 3713 2946 3769 pugna
2997 3697 3434 3767 Tamchosroes,
3478 3715 3591 3757 non

1997 3790 2279 3847 exercitus
2308 3789 2543 3844 Romani
2577 3787 2928 3856 fortitudine,
2960 3790 3057 3846 sed
3076 3790 3244 3847 ducis
3275 3806 3591 3847 eorumn-

1998 3883 2205 3954 ligione
2234 3890 2292 3936 et
2319 3880 2376 3936 in
2406 3881 2580 3937 Deum
2614 3878 2744 3936 fide.
2782 3879 3324 3939 Adaarmanesvero
3343 3924 3357 3950 ,
3386 3882 3601 3954 ingenti

1999 3973 2155 4030 clade
2170 3980 2416 4044 accepta,
2449 3982 2508 4027 et
2536 3971 2728 4027 multis
2749 3988 2981 4029 suorum
3014 3974 3263 4043 amissis,
3289 3975 3599 4031 contentis-

2001 4066 2141 4123 sime
2172 4064 2355 4137 l‘ugit:
2385 4062 2553 4134 idque
2600 4063 2823 4120 tametsi
2852 4064 3264 4124 Alamundarus
3293 4067 3602 4124 Saraceno-

2002 4172 2128 4213 rum
2154 4155 2266 4211 dux
2296 4152 2656 4225 prodidisset,
2687 4168 2794 4209 nec
2830 4153 3173 4226 Euphratem
3196 4171 3419 4211 amnem
3445 4155 3604 4228 traji-

2003 4265 2153 4315 cere,
2176 4256 2234 4303 et
2257 4244 2522 4302 Mauricio
2542 4244 2811 4302 adversus
2824 4245 3130 4305 Saracenos
3157 4249 3252 4320 qui
3284 4249 3342 4305 in
3357 4247 3603 4305 hostium

2004 4342 2125 4401 acie
2152 4349 2337 4407 erant,
2366 4339 2653 4410 suppetias
2681 4337 2831 4394 ferre
2854 4339 3146 4396 voluisset.
3171 4341 3310 4397 Nam
3326 4340 3604 4397 .Saraceni

2005 4433 2075 4489 ab
2110 4432 2236 4487 aliis
2307 4428 2563 4500 superari
2614 4442 2727 4483 non
2759 4438 2996 4499 possunt
3045 4442 3275 4504 propter
3328 4446 3606 4505 equorum

294 4530 487 4584 ἵππων
572 4528 866 4602 ὠκύτητα,
915 4526 1042 4583 οὔτε
1113 4524 1703 4599 καταλαμβανόμενοι,
1737 4524 1889 4579 εἵπου

2002 4524 2418 4597 pernicitatem.
2451 4521 2667 4594 Quippe
2695 4522 2792 4594 qui
2823 4539 2928 4582 nec
2953 4526 3351 4598 comprehendi
3389 4523 3607 4598 possint

1648 4684 1886 4742 VARUE
1932 4683 2361 4757 LECTIONES;

371 4818 421 4851 ”
444 4813 508 4871 C.
541 4812 605 4870 C.
647 4811 919 4885 Ἀράῦων.

1541 4927 1813 4985 vanas"
1845 4912 2413 4988 ANNOTATIONES.

374 5049 492 5117 (90)
512 5045 867 5117 Ἐξοικίσαι.
887 5044 947 5099 In
967 5044 1160 5117 codice
1176 5043 1792 5117 Florentinoscriptum
1810 5047 1903 5117 ln-

291 5114 427 5175 veni
464 5114 764 5188 ἐξοικῆσαι.
791 5115 1150 5188 Nicephorus
1178 5131 1328 5188 gero
1362 5114 1911 5188 simplicitcrposuit-

292 5192 532 5245 οἰκίσαι.
552 5184 668 5260 Ego
684 5202 793 5242 non
811 5185 1007 5240 dubito
1019 5187 1154 5260 quin
1177 5185 1447 5260 Evagrius
1458 5184 1745 5260 scripserit
1760 5188 1903 5260 écot:

296 5262 485 5314 κίσαι.
520 5255 663 5317 Usus
698 5266 876 5314 estea
902 5255 1046 5312 voce
1079 5255 1351 5328 Evagrius
1388 5255 1446 5310 in
1492 5271 1616 5326 cap.
1669 5257 1697 5311 1
1757 5271 1823 5312 ac
1866 5255 1905 5309 2

296 5331 476 5392 huius
510 5330 669 5392 libri,

372 5349 1070 5471 |(gis)u'lf)“'Talcoa'mxim:.
1126 5395 1510 5471 AScribendum
1572 5403 1667 5471 est
1694 5397 1892 5471 procul

296 5473 481 5528 dubio
513 5467 906 5543 Ταμχοσρόηςζ
934 5469 1202 5543 Sicenim
1243 5468 1419 5543 paulo
1467 5474 1601 5543 ante
1629 5467 1900 5537 Evagrius

294 5560 435 5601 eum
461 5536 924 5599 voca'tIMe'minit
947 5541 1117 5611 hujus
1155 5536 1319 5594 ducis
1368 5536 1672 5593 Menander
1711 5536 1900 5608 prote-

2009 5054 2133 5116 ctor
2160 5046 2215 5100 in
2242 5045 2534 5116 Excerptis
2559 5043 2926 5116 legationum,
2954 5054 3015 5116 et
3061 5040 3512 5116 Theopbylactus
3544 5042 3605 5116 in

2010 5115 2156 5171 libro
2177 5132 2257 5171 ιιι.
2280 5113 2544 5183 Qualiter
2578 5113 2709 5171 vero
2737 5116 2792 5170 in
2838 5114 3032 5184 praelio
3074 5113 3344 5169 adversus
3390 5113 3603 5171 Mauri?

2011 5187 2160 5241 cium
2179 5186 2521 5258 interfectus
2550 5185 2644 5258 sit,
2679 5185 3040 5241 refertidem
3073 5184 3523 5258 Thcophylactus
3549 5186 3607 5238 in

2010 5272 2135 5327 cap.
2166 5256 2235 5311 l8
2282 5257 2408 5311 libri
2440 5273 2521 5313 ιιι.
2554 5255 2728 5326 quue
2778 5265 3151 5327 gestumrcsse
3201 5255 3452 5327 testatur
3480 5263 3609 5327 post

2011 5322 2249 5382 mortem
2304 5322 2655 5397 imperatoris
2689 5322 2920 5393 Justini,
2952 5325 3183 5397 Tiberio
3204 5325 3320 5397 jam
3386 5324 3455 5381 ad
3481 5322 3605 5397 Ἀιιο

2008 5406 2229 5467 gustum
2262 5395 2482 5454 culmen
2514 5407 2731 5455 evecto.
2764 5397 2827 5454 In
2862 5396 3057 5456 codice
3110 5395 3425 5457 Telleriano
3464 5395 3605 5451 serie

2007 5477 2164 5538 ptum
2185 5478 2274 5524 est
2292 5469 2532 5540 χοσρόις.

1781 5679 2170 5738 VARIOBUM.

379 5807 474 5877 (fl
509 5807 959 5877 Ἀλτιμουᾶἀρου
998 5806 1508 5876 καταπροδόντος.
1554 5806 1896 5865 Alamunda-

299 5894 423 5947 rus,
459 5879 835 5946 Romanorum
873 5879 929 5936 in
973 5879 1079 5937 hac
1099 5878 1451 5952 expeditione
1470 5893 1681 5951 comes,
1706 5894 1900 5937 eorum

2008 5806 2240 5878 consilia
2279 5807 2573 5863 Persarum
2607 5805 2720 5878 regi
2762 5805 3076 5878 prodidisse
3131 5803 3327 5861 fertur.
3392 5798 3601 5875 Pagina-

2012 5879 2127 5936 haec
2147 5877 2317 5938 refert
2352 5894 2499 5935 anno
2533 5877 2750 5946 531,11.
2781 5877 2865 5932 Μ.
3448 5894 3453 5901 ·
