3982 6448
461 401 606 474 2839
1702 400 2022 465 EVAGBII
2063 398 2555 461 SCHOLASTICI
3581 406 3697 472 23.50

1064 515 1217 573 CAP.
1258 516 1448 572 XXIV.
2088 521 2133 573 Α
2738 505 2988 561 ΚΕΦΑΔ.
3026 505 3155 560 KA'.

458 607 535 665 De
564 611 700 665 serie
755 611 1100 665 historiarum
1134 626 1252 678 qua
1286 609 1356 663 ad
1394 617 1576 662 nostra
1613 622 1778 661 usaue
1811 615 2030 677 tempori

2151 602 2293 672 Περὶ
2329 601 2441 671 τῆς
2478 602 2609 657 καθ’
2635 600 2844 678 cippo!
2880 603 3148 678 lo'toplac
3192 598 3401 668 μέχρις
3438 607 3588 677 ἡμῶν
3605 624 3702 665 σω.

968 694 976 703 '
1072 671 1281 734 servata
1324 688 1420 734 est.
1918 671 1927 677 ’
2237 671 2242 672 ί

1918 671 1927 677 ’
2237 671 2242 672 ⁷
2788 671 3059 742 (σμένης.

460 818 475 838 ι
532 793 601 846 Et
632 792 1008 848 ecclesiastica
1047 792 1273 862 quidem
1312 792 1568 857 historia,
1602 793 1717 847 Deo
1758 791 1946 855 dante,
1993 792 2032 846 lt

2223 787 2331 840 Σὺν
2357 785 2477 857 Θεῷ
2498 787 2557 841 δέ
2584 788 2717 858 ἡμῖν
2739 787 2832 841 καὶ
2870 789 2938 843 τὰ
2956 789 3057 861 τῆς
3084 790 3559 864 Ἑκκλησιαστικῆς
3581 796 3705 848 ἱστο-

396 908 399 913 ·
454 898 626 939 unum
654 897 857 953 corpus
885 882 1118 954 digesta,
1151 882 1218 937 ad
1254 896 1352 937 nos
1374 881 1648 959 pervenit,
1676 880 1861 935 studio
1883 888 1968 950 atq

2157 876 2279 949 ρίας
2304 878 2651 942 εὐσυνόπτως
2672 879 2960 933 ἀπόκειται
2988 878 3080 933 διὰ
3104 880 3209 934 τῶν
3237 882 3606 954 ἱστορημένων,
3630 883 3706 953 μέ-

453 973 728 1028 industria
768 973 1105 1043 Optimorum
1156 972 1514 1043 scriptorum.
1568 972 1651 1027 Ad
1696 969 2025 1027 Constantia

2148 988 2241 1042 χρι
2278 970 2377 1040 μὲν
2413 965 2508 1025 οὖν
2556 972 2970 1027 Κωνσταντίνου
3004 972 3253 1047 Εὐσεσίῳ
3311 975 3387 1047 τῷ
3432 976 3704 1048 Παμφίλου·

451 1064 675 1134 quidem
697 1079 873 1135 usque
899 1073 1169 1134 tempora,
1193 1066 1378 1120 studio
1410 1074 1577 1135 atque
1605 1079 1775 1135 opera
1799 1064 2023 1119 Eusebii

2153 1065 2213 1129 ἐξ
2243 1064 2456 1118 ἐκείνου
2485 1064 2541 1118 δέ
2570 1064 2734 1137 μέχρι
2766 1065 3045 1120 Θεοδοσίου
3095 1068 3192 1122 τοῦ
3222 1069 3384 1132 Νέου,
3409 1069 3708 1139 Θεοδωρίτῳ,

447 1165 818 1227 cognomento
853 1155 1144 1228 Pamphili.
1186 1158 1232 1211 A
1263 1156 1614 1212 Constantini
1644 1167 1830 1213 autem
1871 1156 2018 1227 impe

2150 1157 2455 1230 Σωζομένῳ
2501 1174 2562 1210 τε
2626 1160 2719 1212 καὶ
2752 1160 3056 1233 Σωκράτει,
3087 1162 3181 1217 καὶ
3214 1161 3273 1216 δν
3304 1163 3333 1216 ό
3387 1160 3568 1232 παρὼν
3599 1162 3710 1231 ἡμῖν

450 1250 566 1313 rio,
629 1265 804 1320 usque
862 1250 929 1304 ad
986 1250 1360 1320 principatum
1419 1249 2017 1306 TheodosiiJunioris

2150 1250 2363 1318 ἐξέλεξε
2415 1252 2578 1317 πόνος
2609 1252 2744 1323 (98).
2778 1254 2886 1307 Καὶ
2915 1255 2949 1325 ἡ
2983 1255 3189 1327 ἀρχαία
3214 1256 3270 1309 δὲ
3304 1255 3396 1309 καὶ
3424 1256 3456 1326 ή
3508 1254 3711 1324 θύραθεν

448 1342 637 1396 studio
679 1353 847 1413 atque
897 1342 1171 1397 industria
1215 1341 1577 1408 Theodoriti,
1637 1341 1929 1398 Sozomeni
1982 1359 2020 1397 at

2152 1343 2367 1415 ἱστορία
2398 1344 2523 1396 καθ’
2544 1344 2737 1415 εἱρμὸν
2762 1348 2874 1409 τοίς
2906 1346 3219 1415 φιλοπόνοις
3242 1346 3572 1411 διασώζεται.
3598 1346 3710 1423 hitu-

447 1435 740 1491 Socratis:
786 1451 888 1506 per
939 1451 1003 1491 ea
1059 1434 1301 1505 denique
1353 1450 1477 1507 quae
1525 1451 1627 1490 nos
1680 1436 1736 1490 in
1787 1444 2019 1505 prtesent

2148 1434 2286 1498 σέως
2314 1436 2413 1506 μὲν
2437 1435 2699 1505 ἄρξαντος
2730 1436 2975 1508 ἱστορίας
3004 1438 3101 1492 καὶ
3123 1438 3466 1507 συγγραφῆς.
3524 1435 3594 1498 ώς
3616 1436 3712 1497 τοῖς

446 1546 617 1599 opere
660 1529 1006 1599 collegimus.
1037 1529 1333 1599 Antiquior
1374 1537 1560 1583 autem
1597 1525 1763 1607 450
1791 1527 2018 1582 historia

2145 1526 2217 1580 τά
2273 1527 2406 1598 περὶ
2450 1527 2660 1582 τούτων
2707 1528 3081 1598 συναγαγοῢσι
3111 1529 3301 1600 σαφῶς
3347 1514 3712 1587 ἀποδέδεικται,

445 1633 557 1676 tam
595 1637 773 1684 saera,
805 1637 971 1692 quam
1003 1620 1252 1691 profana,
1291 1620 1409 1691 ipsa
1441 1636 1665 1691 quoque
1696 1636 1727 1676 a
1756 1620 1895 1676 viris
1925 1628 2014 1676 stu

2144 1619 2217 1674 τὰ
2272 1620 2382 1675 ἀπ’
2437 1620 2614 1692 ἀρχῆς
2650 1620 2859 1692 κόσμου
2924 1621 3143 1692 ἀληθῶς
3180 1620 3517 1691 γράψαντος,
3551 1617 3607 1683 ἐξ
3649 1610 3713 1671 ὧν

444 1713 619 1767 diosis
641 1722 808 1782 atque
832 1711 1124 1766 industriis
1148 1726 1249 1781 per
1272 1709 1525 1765 ordinem
1552 1718 1864 1780 temporum
1889 1709 2016 1781 dign

2144 1712 2493 1783 ἐντυγχάνων
2540 1713 2622 1783 τῷ
2675 1714 2795 1784 Θεῷ
2838 1713 3156 1785 μεμάθηκεν
3205 1715 3310 1770 ἀνά
3336 1714 3396 1768 τὸ
3421 1710 3545 1766 Σινά
3586 1710 3712 1782 ὅρος.

443 1815 527 1859 sta
590 1805 844 1859 habetur.
894 1805 1074 1860 Moses
1121 1805 1291 1870 enim,
1341 1804 1436 1877 qui
1491 1804 1703 1873 primus
1747 1802 2015 1858 historian

2144 1807 2239 1860 καὶ
2269 1800 2344 1859 ὧν
2385 1807 2435 1860 οἱ
2464 1808 2583 1877 μετ’
2607 1807 2771 1880 αῷτὺν
2809 1807 2910 1880 τὴν
2948 1808 3228 1879 ἡμετέραν
3258 1803 3712 1879 προώοποιοῦντες

444 1898 694 1953 scribere
728 1914 1023 1969 aggressus
1056 1905 1161 1962 est,
1188 1897 1332 1952 sicut
1361 1872 1432 1952 ab
1466 1872 1575 1952 illis
1603 1895 1696 1967 qui
1723 1896 2016 1969 hujusmod

2145 1872 2476 1970 θρησκείαν-
2497 1899 2586 1953 διά
2615 1872 2715 1969 τῆς
2746 1872 2897 1964 θείας
2949 1872 3219 1955 ἀπέθεντο
3246 1872 3489 1971 Γραφῆς.
3530 1894 3713 1965 Πολλὴν

446 2007 534 2046 res
574 1992 920 2063 collegerunt
959 1990 1272 2046 certissime
1311 1991 1752 2046 demonstratum
1799 1999 1921 2055 est,
1956 2006 2015 2046 re

2149 1990 2207 2045 δέ
2238 1991 2334 2046 καλ⁵
2375 1988 2633 2064 Ἰώσηπος
2667 1992 2905 2063 ἔγραψεν
2935 1993 3202 2062 ἱστορίαν,
3239 1991 3469 2063 χρειώδη
3489 1989 3540 2053 ἐς
3565 1985 3713 2041 ἀπαν-

443 2084 515 2137 ab
556 2082 676 2152 ipso
726 2081 920 2137 mundi
955 2081 1190 2136 exordio
1233 2090 1418 2152 gestas
1455 2080 1748 2135 verissime
1795 2080 2011 2136 conseri

2147 2098 2218 2136 τα
2248 2084 2645 2153 τυγχάνουσαν.
2680 2083 2823 2138 Ὅσα
2854 2083 2912 2138 δέ
2968 2083 3079 2138 εἴτε
3115 2085 3340 2156 μυθώδη
3372 2123 3387 2151 ,
3432 2084 3537 2136 εἶτε
3596 2077 3712 2150 μείά

444 2175 575 2244 psit,
612 2175 756 2229 sicut
785 2190 815 2227 a
846 2175 959 2228 Deo
989 2173 1284 2239 didicerat,
1318 2189 1560 2243 quocum
1598 2172 1653 2227 in
1687 2181 1874 2227 monte
1913 2171 2016 2227 Sin:

2156 2174 2270 2229 τῶν
2304 2174 2524 2245 ἀληθῶν
2558 2176 2873 2246 γεγένηται,
2943 2177 3217 2249 Ἑλλήνων
3274 2195 3336 2232 τε
3381 2176 3473 2230 καὶ
3501 2172 3604 2227 τῶν
3628 2172 3710 2242 ἀρ-

442 2270 628 2321 luerat
650 2268 981 2325 collocutus.
1015 2266 1120 2321 Alii
1151 2266 1354 2320 deinde
1385 2280 1513 2319 eum
1550 2265 1750 2330 secuti,
1789 2264 2014 2336 religion

2150 2264 2323 2335 καίων
2357 2265 2650 2337 βαρϐάρων
2684 2267 2822 2339 πρὸς
2851 2266 3079 2331 ἑαυτούς
3112 2284 3173 2321 τε
3203 2268 3299 2322 καὶ
3332 2266 3469 2338 πρὸς
3496 2262 3712 2321 ἐκείνους

444 2366 651 2411 nostra:
695 2356 840 2411 viam
886 2357 1225 2417 munientes.
1264 2372 1328 2412 ea
1376 2373 1500 2428 quae
1544 2356 1844 2412 subsecuta
1891 2366 2016 2413 sunt

2151 2357 2649 2425 διαγωνιζομένων,
2684 2359 2717 2430 ἢ
2750 2357 2805 2412 εῐ
2832 2375 2885 2413 τι
2915 2360 3011 2413 καὶ
3043 2360 3173 2415 ἄλλο
3202 2359 3527 2432 ἐξειργάσθη
3551 2356 3710 2422 ἐξότου

444 2448 619 2503 sacris
662 2448 1042 2504 voluminibus
1083 2457 1482 2520 exposuerunt.
1522 2448 1632 2505 Sed
1678 2457 1737 2505 et
1771 2449 2013 2520 Josephu

2153 2447 2477 2520 ἀνθρώπους
2520 2450 2812 2522 ἱστόρησαν
2854 2447 3017 2519 εἶναι,
3046 2454 3266 2524 Χάρακί
3290 2452 3401 2523 (99)
3444 2467 3501 2503 τε
3534 2449 3713 2517 γέγρα-

441 2542 719 2611 copiosam
750 2542 916 2598 nobis
958 2543 1187 2614 reliquit
1216 2542 1534 2610 historiam,
1576 2558 1812 2614 eamque
1848 2543 2013 2599 utilem

2149 2554 2306 2602 πται,
2366 2539 2463 2592 καὶ
2511 2536 2826 2611 Θεοπόμπῳ
2871 2543 2965 2596 καὶ
3000 2542 3235 2615 Ἐφόρῳ,
3281 2544 3376 2598 καὶ
3425 2539 3597 2601 ἄλλοις
3640 2536 3716 2589 ἀν-

447 2649 682 2701 prorsus
707 2651 772 2690 ac
791 2635 1154 2691 fructuosam.
1182 2635 1316 2703 Quae
1340 2649 1476 2691 vero
1505 2635 1591 2691 vel
1612 2635 1862 2691 fabulosa
1891 2645 2019 2691 sunt

2147 2629 2428 2702 αρίθμοις.
2462 2632 2527 2684 Δί
2551 2631 2609 2686 δέ
2654 2634 2796 2687 κατά
2838 2632 3147 2704 Ῥωμαίους
3180 2636 3412 2707 πράξεις
3441 2633 3614 2686 πᾶσαν
3642 2644 3719 2681 κο-

450 2725 539 2778 vel
573 2726 756 2796 rcipsa
790 2726 1115 2782 acciderunt
1141 2728 1288 2783 inter
1319 2726 1544 2785 Graecos
1567 2744 1631 2784 ac
1656 2729 1871 2799 priscos
1908 2728 2022 2783 Bar-

2150 2722 2355 2795 σμικὴν
2403 2723 2646 2794 ἱστορίαν
2703 2724 2763 2777 ἐν
2812 2725 2997 2788 αὐτοῖς
3040 2721 3627 2799 περι).αμ6ἀνουσαι.ἢ
3675 2716 3721 2772 εῐ

452 2816 648 2879 baros,
678 2817 811 2871 dum
840 2816 1016 2877 Graeci
1059 2817 1208 2872 inter
1229 2833 1288 2873 se
1319 2818 1449 2889 ipsi,
1490 2828 1586 2874 aut
1617 2820 1884 2874 adversus
1910 2818 2024 2873 Bar‘

2147 2831 2199 2869 τι
2231 2814 2326 2869 καὶ
2373 2814 2501 2868 ἄλλο
2531 2816 2775 2884 γέγονεν,
2829 2817 2929 2871 εἶτ’
2970 2820 3029 2881 ἐς
3069 2819 3308 2884 ἑαυτοὺς
3357 2815 3719 2888 διαιρουμένων

446 2910 612 2963 ιιιιτοε
638 2908 1026 2976 decertarent;
1067 2923 1163 2965 aut
1189 2911 1235 2965 si
1263 2911 1397 2982 quid
1434 2912 1583 2967 aliud
1616 2919 1832 2982 gestum
1863 2920 1949 2967 est
1976 2911 2018 2967 ai

2149 2908 2262 2962 εἴτε
2299 2908 2394 2962 καὶ
2425 2908 2549 2963 καθ’
2581 2911 2785 2981 ἐτέρων
2841 2912 3210 2985 πραττόντων,
3251 2911 3592 2979 πεπόνηται,
3617 2907 3719 2957 Διο-

443 3016 512 3052 co
544 3009 813 3071 tempore,
844 3016 912 3055 ex
951 3017 1063 3072 quo
1094 3002 1172 3057 illi
1202 3002 1458 3059 homines
1490 3004 1732 3073 primum
1767 3003 2015 3058 exstitiss

2244 3002 2320 3073 riqi
2380 3003 2481 3073 μέν
2539 3002 2619 3074 τῷ
2691 3002 3075 3076 ’Δλικαρνασεῐ
3124 3005 3235 3060 ἀπὸ
3288 3004 3397 3061 τῶν
3442 2998 3723 3071 λεγομὲνων
3806 3013 3816 3021 ‘

443 3101 775 3163 acceperant
798 3111 812 3147 :
834 3091 1054 3153 Charax
1072 3100 1130 3148 et
1152 3092 1551 3177 Theopompus
1574 3101 1740 3166 atque
1763 3094 2015 3177 Ephorus

2162 3090 2517 3162 Ἀϐοριγίνων
2531 3093 2632 3163 τὴν
2670 3094 2912 3165 ἱστορίαν
2935 3095 3225 3151 ἐλκύσαντι
3249 3098 3420 3168 μέχρι
3452 3090 3724 3147 τοῦἮπει·

441 3193 500 3236 et
537 3182 977 3239 innumerabiles
1010 3183 1104 3238 alii
1145 3174 1612 3255 perscripserunt.
1663 3174 2013 3238 Romanorum

2155 3182 2332 3254 ρώτου
2386 3183 2631 3256 Πύρρου.
2689 3185 2783 3253 Ἐξ
2812 3186 3024 3241 ἐκείνου
3056 3187 3114 3241 δέ
3152 3188 3409 3258 Πολυϐίῳ
3461 3184 3535 3258 τῷ
3564 3183 3725 3250 Μεγαο

442 3289 578 3329 vero
610 3288 702 3329 res
747 3282 963 3345 gestas,
1006 3289 1129 3345 quae
1162 3274 1333 3330 totius
1363 3253 1536 3344 prope
1582 3283 1855 3329 terrarum
1888 3273 2011 3329 orbi

2150 3253 2423 3346 λοπολίτῃ,
2454 3253 2827 3343 καταγαγόντι
2883 3276 2988 3340 ἐως
3043 3276 3146 3346 τῆς
3212 3253 3561 3350 Καρχηδόνος
3596 3269 3722 3327 ἀλώ-

442 3367 734 3425 historiam
780 3370 1265 3439 complectuntur,
1307 3379 1366 3425 et
1408 3384 1755 3439 quaecunque
1801 3369 1888 3424 vel
1934 3368 2014 3441 ips

2154 3383 2304 3431 πως.
2353 3368 2532 3439 ’Δπερ
2579 3368 2832 3433 Ἀπιανὸς
2857 3370 3124 3441 διέτεμεν,
3161 3372 3410 3443 ἑκάστην
3447 3366 3638 3441 πρᾶξιν
3674 3365 3726 3426 ἐς

442 3460 589 3516 inter
622 3477 681 3517 se
727 3470 924 3519 mutuo
963 3460 1167 3527 divisi,
1219 3461 1306 3516 vel
1360 3470 1558 3517 contra
1607 3461 1744 3516 alios
1782 3469 2014 3533 egerunt

2151 3456 2204 3510 ἓν
2226 3458 2476 3530 ἀγείρας,
2506 3460 2556 3512 εἰ
2599 3460 2697 3514 καὶ
2724 3461 2867 3514 κατά
2902 3461 3197 3533 διαφόρους
3222 3463 3424 3533 γέγονε
3471 3462 3682 3534 χρόνους
3710 3471 3723 3486 ⁸

442 3552 740 3624 Dionysius
773 3552 1229 3608 Halicarnasseus
1257 3551 1482 3623 scriptis
1509 3551 1776 3623 prodidit,
1808 3567 2009 3607 exorsu

2155 3552 2243 3604 καὶ
2273 3552 2341 3605 τά
2379 3552 2496 3622 μετ’
2552 3552 2794 3617 ἐκείνους
2822 3552 3087 3619 ὡσαύτως
3116 3557 3485 3628 είργασμένα,
3502 3552 3727 3620 Διοδώρῳ

441 3664 472 3698 a
496 3644 718 3715 populis
740 3646 833 3715 qui
861 3645 1193 3715 Aborigines
1218 3644 1570 3712 dicebantur,
1593 3654 1650 3700 et
1677 3644 1743 3700 ad
1768 3645 2013 3718 Pyrrhun

2154 3659 2203 3695 re
2245 3641 2326 3713 τῷ
2367 3642 2667 3717 Σικελιώτῃ
2730 3645 3025 3715 πεποίηται
3057 3687 3073 3712 ,
3133 3646 3204 3700 τά
3257 3649 3463 3719 μέχρις
3522 3641 3726 3698 Ἰουλίου

442 3754 620 3808 usque
647 3738 1004 3808 Epirotarum
1036 3753 1220 3807 regem
1257 3738 1547 3794 historiam
1577 3748 1924 3809 prosecutus.
1956 3738 2014 3794 Al

2157 3734 2455 3805 Καίσαρος,
2486 3736 2583 3789 καὶ
2614 3735 2774 3788 Δίωνι
2803 3734 2882 3807 τῷ
2914 3736 3161 3808 Κασσίῳ,
3212 3739 3495 3810 γράψαντι
3555 3734 3729 3806 μέχρις

441 3845 510 3885 eo
540 3839 792 3899 tempore
831 3828 1093 3899 Polybius
1118 3829 1609 3901 Megalopolitanus
1643 3846 1818 3902 usque
1844 3831 1911 3886 ad
1942 3847 2012 3887 ex

2158 3826 2473 3880 Ἀντωνίνου
2504 3826 2594 3880 τοῦ
2618 3828 2677 3894 ἐξ
2710 3828 2945 3900 Ἐμέσης
2970 3845 2985 3861 ’
3028 3824 3331 3901 ἐκθεμένου
3356 3831 3411 3885 δὲ
3432 3829 3498 3884 τὰ
3523 3824 3730 3881 τοιαῦτα

3870 1508 3875 1657 ί

3878 1748 3879 1793 ι

3876 1830 3883 1969 ί

441 3921 841 3991 pugnationem
871 3918 1225 3992 Carthaginis
1250 3937 1393 3992 opus
1417 3938 1579 3981 suum
1606 3923 1885 3993 perduxit.
1911 3923 2013 3991 Qua

2301 3918 2657 3989 Ἧρωδιανοῦ,
2701 3921 2770 3973 τὰ
2830 3920 2992 3992 μέχρι
3034 3921 3135 3991 τῆς
3178 3921 3439 3992 Μαξίμου
3491 3914 3731 3981 τελευτῇς
3846 3979 3857 3991 _

442 4012 629 4071 omnia
672 4011 922 4081 Apianus
953 4028 1169 4068 summa
1214 4014 1613 4084 perspicuitate
1660 4015 1954 4080 distinxit,
1987 4031 2014 4071 e

2158 4010 2419 4081 ἰηλοῦται.
2471 4012 2846 4082 Νικοστράτου
2893 4010 2973 4083 (1)
3048 4029 3110 4066 τε
3170 4013 3267 4068 τοῦ
3333 4010 3594 4084 Σοφιστοῦ
3640 4005 3730 4061 τοῦ

444 4104 664 4175 singula
695 4104 752 4158 in
778 4120 950 4159 unum
992 4120 1198 4175 corpus
1226 4107 1525 4177 congessit,
1557 4109 1774 4163 tametsi
1804 4109 2011 4163 diversi

2158 4103 2213 4155 ix
2236 4100 2656 4172 Τραπεζοῦντος
2677 4101 3095 4174 συγγράψαντος
3121 4103 3191 4159 τὰ
3220 4104 3335 4159 ἀπὸ
3358 4104 3623 4159 Φιλίππου
3647 4094 3730 4152 τοῦ

445 4195 789 4265 temporibus
815 4203 965 4266 gesta
993 4206 1200 4251 essent.
1238 4196 1315 4251 Ea
1348 4212 1479 4253 vero
1511 4215 1635 4270 quae
1667 4208 1792 4268 post
1820 4198 2017 4254 illorun

2161 4197 2290 4267 μετά
2336 4199 2625 4269 Γορδιανὸν
2676 4200 2979 4266 ἐκτίθεται,
3021 4201 3130 4266 ἕως
3199 4202 3517 4257 Ὀδαινάθου
3554 4196 3643 4253 τοῦ
3675 4197 3733 4249 ἐκ

442 4304 585 4358 quos
607 4288 741 4353 dixi,
768 4288 1055 4349 historiam
1080 4299 1231 4360 gesta
1264 4300 1415 4355 sunt,
1445 4291 1721 4346 Diodorus
1745 4290 1966 4345 Siculus
1988 4306 2014 4346 e

2158 4291 2474 4361 Παλμύρας,
2526 4290 2752 4361 καὶτῆς
2801 4291 3170 4363 Οὐαλεριανοῦ
3206 4293 3349 4364 πρὸς
3382 4294 3600 4362 Πέρσας
3652 4286 3730 4340 αἱ·

444 4379 545 4435 Dio
580 4378 804 4434 Cassius
834 4378 1034 4433 litteris
1068 4378 1424 4434 mandarunt.
1460 4381 1708 4447 Quorum
1744 4379 1834 4435 ille
1870 4396 2016 4450 usqu

2162 4385 2321 4454 ’χρίς
2369 4382 2629 4450 ἀφίξεως.
2672 4384 2786 4437 Καὶ
2820 4384 3077 4455 Δεξίππῳ
3104 4385 3159 4439 δὲ
3192 4386 3428 4442 πλεῖστα
3463 4383 3592 4455 περὶ
3620 4377 3734 4434 τοῦο

444 4471 510 4525 ad
535 4470 666 4527 Julii
699 4469 930 4525 Caesaris
960 4479 1205 4541 tempora
1226 4513 1240 4535 ,
1280 4473 1375 4528 hic
1405 4488 1539 4527 vero
1573 4488 1747 4543 usque
1788 4472 1857 4526 ad
1888 4473 2012 4545 prin

2159 4493 2254 4529 πων
2322 4475 2622 4546 πεπόνηται
2658 4516 2673 4539 ,
2724 4476 2834 4529 ἀπὸ
2876 4476 3121 4546 μυθικῶν
3173 4478 3471 4550 ἀρξαμένῳ
3510 4476 3619 4547 (2),
3646 4469 3731 4526 καὶ

444 4565 690 4633 οῖριιιιιιη
724 4564 989 4619 Antonini
1024 4567 1142 4638 ejus
1166 4567 1260 4637 qui
1293 4584 1357 4622 ex
1385 4566 1522 4622 urbe
1546 4566 1744 4621 Emesa
1771 4567 2011 4622 oriundu

2162 4570 2375 4638 λήξαντι
2422 4570 2481 4630 ἐς
2528 4571 2628 4638 τὴν
2661 4567 2930 4622 Κλαυδίου
2960 4568 3054 4623 τοῦ
3100 4570 3239 4639 μετά
3262 4569 3556 4640 Γωιῆνον
3594 4565 3734 4635 βασι·

445 4656 571 4719 l‘uit,
612 4655 902 4710 historiam
937 4673 1092 4711 suam
1139 4657 1389 4712 deduxit.
1432 4650 1781 4711 Herodianus
1818 4671 2017 4726 quoque

2161 4661 2323 4713 λείοιν⁵
2360 4654 2405 4729 ᾧ
2440 4660 2873 4732 συνανείληπται
2914 4661 3046 4729 περὶ
3077 4653 3154 4714 ὧν
3200 4661 3423 4733 Κάρποι
3464 4660 3560 4715 καὶ
3580 4658 3733 4726 ἐτερα

445 4747 770 4801 contmdem
807 4758 1115 4819 temporum
1148 4749 1409 4818 scriptor,
1442 4759 1643 4803 cuncta
1674 4750 1837 4804 nobis
1865 4766 2017 4820 usquc

2164 4754 2397 4825 Ξάρϐαρα
2449 4753 2598 4825 ἔθνη,
2629 4753 2771 4807 κατὰ
2819 4752 2916 4825 τὴν
2968 4752 3192 4808 Ἐλλάδα
3226 4756 3322 4808 καὶ
3370 4754 3595 4826 Θρᾴκην
3648 4746 3736 4801 καὶ

449 4839 515 4893 ad
562 4840 775 4894 obitum
816 4841 1171 4912 imperatoris
1211 4841 1429 4898 Maximi
1481 4841 1956 4896 commemoravit.
1995 4841 2021 4895 Α

2164 4847 2363 4901 Ἰωνίαν
2416 4845 2870 4915 διαπολεμοῦντες
2920 4845 3180 4917 ἔπραξαν.
3232 4848 3347 4901 Καὶ
3388 4844 3643 4905 Εὐσέϐιος
3683 4836 3736 4890 δὲ

450 4934 709 5023 Philippo
726 4944 909 4991 autem
938 4935 1290 5006 imperatore,
1321 4935 1415 5005 qui
1435 4934 1716 4989 Gordiano
1746 4935 2022 4991 successit.

2144 4937 2252 4991 ἀπὸ
2293 4937 2650 4992 Ὀκταὸιανοῦ
2683 4936 2779 4991 καὶ
2809 4937 3081 5010 Τραϊανοῦ
3115 4938 3209 4992 καὶ
3271 4939 3506 5010 Μάρκον
3538 4931 3714 4989 λαῦὼν

1673 5093 1945 5157 γΑιεδιι
1977 5092 2538 5157 ANNOTATIONES.

520 5238 636 5308 (98)
679 5240 787 5294 Kal
813 5238 887 5293 ὃν
913 5242 944 5292 ὁ
979 5240 1186 5306 παρὼν
1215 5238 1359 5306 ’ἡμῖν
1387 5238 1632 5308 ἐξέλεξε
1654 5237 1871 5308 πόνος-ε
1897 5235 2045 5308 Scri-

2163 5245 2371 5308 pserat,
2399 5244 2539 5291 teste
2564 5236 2768 5292 ibidem
2802 5237 3063 5308 Vopisco.
3097 5237 3253 5293 Alius
3300 5237 3368 5293 ab
3419 5237 3527 5292 hoc
3560 5232 3735 5308 ,Νῖσον

453 5305 695 5365 tendum
723 5320 809 5365 est
830 5310 1023 5380 procul
1055 5305 1356 5364 dubio'xal
1387 5305 1461 5363 ὧν
1487 5310 1515 5361 ὁ
1567 5307 1780 5380 παρών.
1847 5306 2042 5380 Ιὶεῖοιξ-
2148 5305 2322 5362 strato
2342 5307 2460 5380 fuit
2481 5309 2837 5380 Nicostratus
2866 5305 3150 5380 Sophista,
3200 5309 3295 5377 qui
3321 5308 3530 5380 gilarc‘o
3557 5306 3733 5380 itupeo

454 5393 543 5433 tur
562 5381 713 5435 enim
746 5374 890 5435 adid
927 5382 1073 5450 quod
1108 5381 1410 5449 przecessit,
1459 5380 1546 5431 διὰ
1603 5374 1713 5432 τῶν
1749 5378 2043 5449 ίστορημέ-
2151 5388 2308 5432 rante
2330 5377 2534 5450 ﬂoruit.
2566 5389 2627 5434 ut
2666 5389 2902 5434 testatur
2926 5374 3146 5442 Suidas,
3205 5374 3263 5434 et
3301 5378 3573 5449 Georgius
3603 5374 3736 5445 Syn-

452 5469 583 5510 νων.
617 5452 765 5522 quod
793 5465 903 5505 non
930 5449 1193 5522 viderunt
1229 5451 1586 5520 interpretes.
1742 5518 1769 5522 ᾧ
2154 5450 2327 5522 celius
2349 5450 2413 5522 fin
2467 5449 2745 5522 Chronico.

529 5512 651 5587 (99).
684 5521 929 5589 Χάρακι.
965 5523 1040 5576 De
1064 5521 1314 5577 Charace
1339 5512 1679 5591 Pergameno
1728 5518 2044 5591 ercarum

2229 5521 2306 5585 (2)
2347 5521 2494 5577 ’Λπὸ
2540 5520 2813 5587 μυθικῶν
2868 5519 3202 5589 ἀρξαμένῳ.
3256 5520 3374 5574 1am
3418 5519 3631 5591 pridem
3684 5512 3733 5567 in

464 5592 819 5665 Historiarum
846 5593 1145 5665 scriptore,
1194 5591 1320 5646 vide
1345 5590 1465 5662 qua:
1490 5591 1957 5661 scripsitVossius
1986 5590 2044 5645 iu
2154 5590 2629 5665 Annotationibns
2646 5591 2711 5645 ad
2739 5592 3007 5665 Excerpta
3043 5592 3378 5665 legationum
3415 5590 3733 5665 e_Dc;tip90.

463 5662 555 5720 lib.
585 5664 661 5717 De
680 5665 943 5718 historicis
966 5661 1185 5720 Graecis.
1363 5661 1374 5662 ί
2152 5661 2339 5714 monui
2373 5662 2729 5717 scribendum
2782 5677 2905 5716 esse
2956 5662 3063 5716 hoe
3118 5664 3241 5716 loco
3286 5662 3393 5713 ἀπὸ
3427 5661 3728 5713 Σκυθικῶν.

530 5733 608 5803 (Ι)
646 5734 1075 5802 Νικοστράτου.
1107 5735 1253 5788 Idem
1310 5733 1448 5787 mihi
1505 5732 1726 5803 videtur
1763 5729 2042 5803 csse,iqui

2162 5732 2281 5803 N’am
2312 5731 2591 5801 Dexippus
2620 5731 2878 5797 Σκυθικά,
2931 5731 2985 5788 id
3026 5739 3113 5786 est
3163 5732 3541 5787 Romanorum
3600 5724 3734 5781 bella

460 5819 489 5865 a
540 5802 776 5873 VOpisco
815 5805 871 5858 in
920 5804 1203 5862 Aureliani
1244 5804 1365 5857 Vita
1403 5804 1611 5858 dicitur
1656 5802 2043 5864 Nicomachus,
2148 5802 2418 5874 adversus
2444 5803 2678 5874 Scythas
2708 5813 2882 5873 gesta,
2922 5803 3353 5874 conscripserat.
3384 5810 3448 5857 ut
3510 5806 3738 5855 testatur

460 5874 552 5949 qui
581 5872 799 5927 illorum
858 5885 1165 5946 temporum
1233 5874 1522 5929 Historiam
1556 5874 1745 5929 Graece
1797 5874 2046 5927 conscri-
2150 5872 2818 5930 PhotiusinBibliotheca.
