  <div class='ocr_page' id='page_1' title='image "/cluster/home/n/w/nwhite01/storage/ocr_20150623/86:pt.2/coo.31924054869890/549.png"; bbox 0 0 3982 6394; ppageno 0'>
   <div class='ocr_carea' id='block_1_1' title="bbox 428 345 573 411">
    <p class='ocr_par' dir='ltr' id='par_1_1' title="bbox 428 345 573 411">
     <span class='ocr_line' id='line_1_1' title="bbox 428 345 573 411; baseline 0 -1"><span class='ocrx_word' id='word_1_1' title='bbox 428 345 573 411; x_wconf 71' lang='grc'><strong>2813</strong></span> 
     </span>
    </p>
   </div>
   <div class='ocr_carea' id='block_1_2' title="bbox 426 549 1839 622">
    <p class='ocr_par' dir='ltr' id='par_1_2' title="bbox 426 549 1839 622">
     <span class='ocr_line' id='line_1_2' title="bbox 426 549 1839 622; baseline -0.005 -12"><span class='ocrx_word' id='word_1_2' title='bbox 426 553 521 617; x_wconf 83' lang='lat' dir='ltr'><strong>sit,</strong></span> <span class='ocrx_word' id='word_1_3' title='bbox 555 562 725 622; x_wconf 84' lang='lat' dir='ltr'><strong>utque</strong></span> <span class='ocrx_word' id='word_1_4' title='bbox 758 553 1035 608; x_wconf 78' lang='lat' dir='ltr'><strong>exercitus</strong></span> <span class='ocrx_word' id='word_1_5' title='bbox 1056 568 1184 606; x_wconf 91' lang='lat' dir='ltr'><strong>eum</strong></span> <span class='ocrx_word' id='word_1_6' title='bbox 1223 549 1507 620; x_wconf 77' lang='lat' dir='ltr'><strong>suscipere</strong></span> <span class='ocrx_word' id='word_1_7' title='bbox 1538 549 1839 604; x_wconf 75' lang='lat' dir='ltr'><strong>recusavit.</strong></span> 
     </span>
    </p>
   </div>
   <div class='ocr_carea' id='block_1_3' title="bbox 501 642 2020 719">
    <p class='ocr_par' dir='ltr' id='par_1_3' title="bbox 501 642 2020 719">
     <span class='ocr_line' id='line_1_3' title="bbox 501 642 2020 719; baseline -0.001 -20"><span class='ocrx_word' id='word_1_8' title='bbox 501 645 612 699; x_wconf 87' lang='lat' dir='ltr'><strong>VII.</strong></span> <span class='ocrx_word' id='word_1_9' title='bbox 655 645 728 699; x_wconf 91' lang='lat' dir='ltr'><strong>De</strong></span> <span class='ocrx_word' id='word_1_10' title='bbox 753 643 1019 715; x_wconf 80' lang='lat' dir='ltr'><strong>Gregorio</strong></span> <span class='ocrx_word' id='word_1_11' title='bbox 1041 643 1348 719; x_wconf 73' lang='lat' dir='ltr'><strong>Antiochiae</strong></span> <span class='ocrx_word' id='word_1_12' title='bbox 1364 645 1657 713; x_wconf 71' lang='lat' dir='ltr'><strong>episcopo.</strong></span> <span class='ocrx_word' id='word_1_13' title='bbox 1678 642 1859 712; x_wconf 84' lang='lat' dir='ltr'><strong>deque</strong></span> <span class='ocrx_word' id='word_1_14' title='bbox 1888 658 2020 698; x_wconf 61' lang='lat' dir='ltr'><strong>cono</strong></span> 
     </span>
    </p>
   </div>
   <div class='ocr_carea' id='block_1_4' title="bbox 1135 347 2472 413">
    <p class='ocr_par' dir='ltr' id='par_1_4' title="bbox 1135 347 2472 413">
     <span class='ocr_line' id='line_1_4' title="bbox 1135 347 2472 413; baseline 0.001 -1"><span class='ocrx_word' id='word_1_15' title='bbox 1135 394 1141 400; x_wconf 61' lang='lat'><strong><em>~</em></strong></span> <span class='ocrx_word' id='word_1_16' title='bbox 1614 349 1936 413; x_wconf 79' lang='lat' dir='ltr'><strong>EVAGRII</strong></span> <span class='ocrx_word' id='word_1_17' title='bbox 1980 347 2472 413; x_wconf 81' lang='lat' dir='ltr'><strong>SCHOLASTICI</strong></span> 
     </span>
    </p>
   </div>
   <div class='ocr_carea' id='block_1_5' title="bbox 502 456 2009 543">
    <p class='ocr_par' dir='ltr' id='par_1_5' title="bbox 502 456 2009 529">
     <span class='ocr_line' id='line_1_5' title="bbox 502 456 2009 529; baseline 0.001 -18"><span class='ocrx_word' id='word_1_18' title='bbox 502 460 591 516; x_wconf 87' lang='lat' dir='ltr'><strong>VI.</strong></span> <span class='ocrx_word' id='word_1_19' title='bbox 631 458 922 526; x_wconf 77' lang='lat' dir='ltr'><strong>Quomodo</strong></span> <span class='ocrx_word' id='word_1_20' title='bbox 963 458 1263 529; x_wconf 89' lang='lat' dir='ltr'><strong>imperator</strong></span> <span class='ocrx_word' id='word_1_21' title='bbox 1301 457 1488 513; x_wconf 84' lang='lat' dir='ltr'><strong>denuo</strong></span> <span class='ocrx_word' id='word_1_22' title='bbox 1517 456 1887 529; x_wconf 87' lang='lat' dir='ltr'><strong>PbiIippicum</strong></span> <span class='ocrx_word' id='word_1_23' title='bbox 1923 457 2009 513; x_wconf 79' lang='lat' dir='ltr'><strong>mi</strong></span> 
     </span>
    </p>
   </div>
   <div class='ocr_carea' id='block_1_6' title="bbox 2139 456 3677 543">
    <p class='ocr_par' dir='ltr' id='par_1_6' title="bbox 2198 459 3677 543">
     <span class='ocr_line' id='line_1_6' title="bbox 2198 459 3677 543; baseline 0.017 -39"><span class='ocrx_word' id='word_1_24' title='bbox 2198 461 2292 526; x_wconf 70' lang='grc' dir='ltr'><strong>εῖν.</strong></span> <span class='ocrx_word' id='word_1_25' title='bbox 2329 459 2416 524; x_wconf 79' lang='grc' dir='ltr'><strong>Ὠς</strong></span> <span class='ocrx_word' id='word_1_26' title='bbox 2442 461 2470 512; x_wconf 90' lang='grc' dir='ltr'>ὁ</span> <span class='ocrx_word' id='word_1_27' title='bbox 2495 460 2747 531; x_wconf 71' lang='grc' dir='ltr'><strong>βασιλεὺς</strong></span> <span class='ocrx_word' id='word_1_28' title='bbox 2768 462 3096 517; x_wconf 69' lang='grc' dir='ltr'><strong>Φιλιππικδν</strong></span> <span class='ocrx_word' id='word_1_29' title='bbox 3124 462 3285 518; x_wconf 83' lang='grc' dir='ltr'><strong>πάλιν</strong></span> <span class='ocrx_word' id='word_1_30' title='bbox 3305 464 3677 543; x_wconf 66' lang='grc' dir='ltr'><strong>ἐξαπέστειὶιν,</strong></span> 
     </span>
    </p>
   </div>
   <div class='ocr_carea' id='block_1_7' title="bbox 3554 362 3679 429">
    <p class='ocr_par' dir='ltr' id='par_1_7' title="bbox 3554 362 3679 429">
     <span class='ocr_line' id='line_1_7' title="bbox 3554 362 3679 429; baseline 0.032 -4"><span class='ocrx_word' id='word_1_31' title='bbox 3554 362 3679 429; x_wconf 64' lang='grc' dir='ltr'><strong>ἲὸὶί</strong></span> 
     </span>
    </p>
   </div>
   <div class='ocr_carea' id='block_1_8' title="bbox 2127 551 3216 625">
    <p class='ocr_par' dir='ltr' id='par_1_8' title="bbox 2127 551 3216 625">
     <span class='ocr_line' id='line_1_8' title="bbox 2127 551 3216 625; baseline 0.006 -20"><span class='ocrx_word' id='word_1_32' title='bbox 2127 553 2157 605; x_wconf 83' lang='grc' dir='ltr'>ὁ</span> <span class='ocrx_word' id='word_1_33' title='bbox 2188 551 2244 606; x_wconf 77' lang='grc' dir='ltr'><strong>δὲ</strong></span> <span class='ocrx_word' id='word_1_34' title='bbox 2276 552 2509 623; x_wconf 74' lang='grc' dir='ltr'><strong>στρατὸς</strong></span> <span class='ocrx_word' id='word_1_35' title='bbox 2537 554 2727 608; x_wconf 80' lang='grc' dir='ltr'><strong>τοῦτον</strong></span> <span class='ocrx_word' id='word_1_36' title='bbox 2765 555 2825 609; x_wconf 81' lang='grc' dir='ltr'><strong>οὐ</strong></span> <span class='ocrx_word' id='word_1_37' title='bbox 2857 554 3216 625; x_wconf 79' lang='grc' dir='ltr'><strong>παρεδέξατο.</strong></span> 
     </span>
    </p>
   </div>
   <div class='ocr_carea' id='block_1_9' title="bbox 2194 645 3681 723">
    <p class='ocr_par' dir='ltr' id='par_1_9' title="bbox 2194 645 3681 723">
     <span class='ocr_line' id='line_1_9' title="bbox 2194 645 3681 723; baseline 0.009 -26"><span class='ocrx_word' id='word_1_38' title='bbox 2194 645 2266 697; x_wconf 90' lang='lat' dir='ltr'><strong>Z&#39;.</strong></span> <span class='ocrx_word' id='word_1_39' title='bbox 2302 645 2438 715; x_wconf 80' lang='grc' dir='ltr'><strong>Περὶ</strong></span> <span class='ocrx_word' id='word_1_40' title='bbox 2482 646 2522 697; x_wconf 86' lang='grc' dir='ltr'><strong>Γ</strong></span> <span class='ocrx_word' id='word_1_41' title='bbox 2527 647 2784 718; x_wconf 81' lang='grc' dir='ltr'><strong>ρηγορίου</strong></span> <span class='ocrx_word' id='word_1_42' title='bbox 2810 646 2904 701; x_wconf 86' lang='grc' dir='ltr'><strong>τοῦ</strong></span> <span class='ocrx_word' id='word_1_43' title='bbox 2929 648 3300 714; x_wconf 78' lang='grc' dir='ltr'><strong>Θεουπόλεως,</strong></span> <span class='ocrx_word' id='word_1_44' title='bbox 3331 649 3423 704; x_wconf 71' lang='grc' dir='ltr'><strong>καὶ</strong></span> <span class='ocrx_word' id='word_1_45' title='bbox 3452 651 3544 723; x_wconf 87' lang='grc' dir='ltr'><strong>τῆς</strong></span> <span class='ocrx_word' id='word_1_46' title='bbox 3572 662 3681 712; x_wconf 84' lang='grc' dir='ltr'><strong>κατ’</strong></span> 
     </span>
    </p>
   </div>
   <div class='ocr_carea' id='block_1_10' title="bbox 424 734 2009 821">
    <p class='ocr_par' dir='ltr' id='par_1_10' title="bbox 424 734 2009 806">
     <span class='ocr_line' id='line_1_10' title="bbox 424 734 2009 806; baseline -0.001 -15"><span class='ocrx_word' id='word_1_47' title='bbox 424 737 642 792; x_wconf 83' lang='lat' dir='ltr'><strong>cinnata</strong></span> <span class='ocrx_word' id='word_1_48' title='bbox 673 738 939 791; x_wconf 84' lang='lat' dir='ltr'><strong>adversus</strong></span> <span class='ocrx_word' id='word_1_49' title='bbox 963 752 1091 791; x_wconf 91' lang='lat' dir='ltr'><strong>eum</strong></span> <span class='ocrx_word' id='word_1_50' title='bbox 1133 736 1408 792; x_wconf 77' lang='lat' dir='ltr'><strong>calumnia</strong></span> <span class='ocrx_word' id='word_1_51' title='bbox 1428 776 1443 801; x_wconf 96' lang='lat'><strong>,</strong></span> <span class='ocrx_word' id='word_1_52' title='bbox 1483 745 1541 792; x_wconf 90' lang='lat' dir='ltr'><strong>et</strong></span> <span class='ocrx_word' id='word_1_53' title='bbox 1582 734 1863 806; x_wconf 83' lang='lat' dir='ltr'><strong>quomodo</strong></span> <span class='ocrx_word' id='word_1_54' title='bbox 1895 749 2009 790; x_wconf 87' lang='lat' dir='ltr'><strong>eam</strong></span> 
     </span>
    </p>
   </div>
   <div class='ocr_carea' id='block_1_11' title="bbox 2139 734 3682 821">
    <p class='ocr_par' dir='ltr' id='par_1_11' title="bbox 2139 736 3682 821">
     <span class='ocr_line' id='line_1_11' title="bbox 2139 736 3682 821; baseline 0.009 -33"><span class='ocrx_word' id='word_1_55' title='bbox 2139 736 2291 789; x_wconf 79' lang='grc' dir='ltr'><strong>ιὺτοῦ</strong></span> <span class='ocrx_word' id='word_1_56' title='bbox 2337 739 2638 809; x_wconf 75' lang='grc' dir='ltr'><strong>γενομένης</strong></span> <span class='ocrx_word' id='word_1_57' title='bbox 2680 740 3069 811; x_wconf 79' lang='grc' dir='ltr'><strong>συκοφαντίας,</strong></span> <span class='ocrx_word' id='word_1_58' title='bbox 3102 742 3199 796; x_wconf 82' lang='grc' dir='ltr'><strong>καὶ</strong></span> <span class='ocrx_word' id='word_1_59' title='bbox 3227 741 3373 806; x_wconf 82' lang='grc' dir='ltr'><strong>ὅπως</strong></span> <span class='ocrx_word' id='word_1_60' title='bbox 3406 758 3467 796; x_wconf 78' lang='grc' dir='ltr'><strong>τι</strong></span> <span class='ocrx_word' id='word_1_61' title='bbox 3495 745 3682 821; x_wconf 80' lang='grc' dir='ltr'><strong>ταύτην</strong></span> 
     </span>
    </p>
   </div>
   <div class='ocr_carea' id='block_1_12' title="bbox 423 834 911 888">
    <p class='ocr_par' dir='ltr' id='par_1_12' title="bbox 423 834 911 888">
     <span class='ocr_line' id='line_1_12' title="bbox 423 834 911 888; baseline 0 -1"><span class='ocrx_word' id='word_1_62' title='bbox 423 834 541 888; x_wconf 65' lang='lat' dir='ltr'><strong>falsi</strong></span> <span class='ocrx_word' id='word_1_63' title='bbox 587 834 911 888; x_wconf 77' lang='lat' dir='ltr'><strong>etmvicerit.</strong></span> 
     </span>
    </p>
   </div>
   <div class='ocr_carea' id='block_1_13' title="bbox 499 922 2018 992">
    <p class='ocr_par' dir='ltr' id='par_1_13' title="bbox 499 922 2018 992">
     <span class='ocr_line' id='line_1_13' title="bbox 499 922 2018 992; baseline 0.002 -17"><span class='ocrx_word' id='word_1_64' title='bbox 499 926 629 980; x_wconf 80' lang='lat' dir='ltr'><strong>\‘III.</strong></span> <span class='ocrx_word' id='word_1_65' title='bbox 679 925 969 992; x_wconf 82' lang='lat' dir='ltr'><strong>Quomodo</strong></span> <span class='ocrx_word' id='word_1_66' title='bbox 1010 924 1306 980; x_wconf 74' lang='lat' dir='ltr'><strong>Antiochia</strong></span> <span class='ocrx_word' id='word_1_67' title='bbox 1345 932 1507 979; x_wconf 84' lang='lat' dir='ltr'><strong>terrae</strong></span> <span class='ocrx_word' id='word_1_68' title='bbox 1546 923 1792 980; x_wconf 88' lang='lat' dir='ltr'><strong>motibus</strong></span> <span class='ocrx_word' id='word_1_69' title='bbox 1832 922 2018 979; x_wconf 89' lang='lat' dir='ltr'><strong>denuo</strong></span> 
     </span>
    </p>
   </div>
   <div class='ocr_carea' id='block_1_14' title="bbox 420 1026 755 1071">
    <p class='ocr_par' dir='ltr' id='par_1_14' title="bbox 420 1026 755 1071">
     <span class='ocr_line' id='line_1_14' title="bbox 420 1026 755 1071; baseline -0.006 -1"><span class='ocrx_word' id='word_1_70' title='bbox 420 1026 613 1071; x_wconf 81' lang='lat' dir='ltr'><strong>vexata</strong></span> <span class='ocrx_word' id='word_1_71' title='bbox 651 1026 755 1071; x_wconf 66' lang='grc' dir='ltr'><strong>(εει.</strong></span> 
     </span>
    </p>
   </div>
   <div class='ocr_carea' id='block_1_15' title="bbox 491 1102 2016 1175">
    <p class='ocr_par' dir='ltr' id='par_1_15' title="bbox 491 1102 2016 1175">
     <span class='ocr_line' id='line_1_15' title="bbox 491 1102 2016 1175; baseline -0.003 -12"><span class='ocrx_word' id='word_1_72' title='bbox 491 1108 579 1163; x_wconf 79' lang='lat' dir='ltr'><strong>IX.</strong></span> <span class='ocrx_word' id='word_1_73' title='bbox 612 1108 900 1175; x_wconf 85' lang='lat' dir='ltr'><strong>Quomodo</strong></span> <span class='ocrx_word' id='word_1_74' title='bbox 934 1105 1162 1161; x_wconf 87' lang='lat' dir='ltr'><strong>Barbari</strong></span> <span class='ocrx_word' id='word_1_75' title='bbox 1199 1103 1396 1159; x_wconf 82' lang='lat' dir='ltr'><strong>fiducia</strong></span> <span class='ocrx_word' id='word_1_76' title='bbox 1428 1111 1646 1174; x_wconf 87' lang='lat' dir='ltr'><strong>sumpta</strong></span> <span class='ocrx_word' id='word_1_77' title='bbox 1670 1119 1739 1157; x_wconf 81' lang='lat' dir='ltr'><strong>ex</strong></span> <span class='ocrx_word' id='word_1_78' title='bbox 1770 1118 1838 1159; x_wconf 87' lang='lat' dir='ltr'><strong>eo</strong></span> <span class='ocrx_word' id='word_1_79' title='bbox 1866 1102 2016 1173; x_wconf 92' lang='lat' dir='ltr'><strong>quod</strong></span> 
     </span>
    </p>
   </div>
   <div class='ocr_carea' id='block_1_16' title="bbox 417 1196 2013 1269">
    <p class='ocr_par' dir='ltr' id='par_1_16' title="bbox 417 1196 2013 1269">
     <span class='ocr_line' id='line_1_16' title="bbox 417 1196 2013 1269; baseline -0.001 -17"><span class='ocrx_word' id='word_1_80' title='bbox 417 1199 621 1253; x_wconf 84' lang='lat' dir='ltr'><strong>milites</strong></span> <span class='ocrx_word' id='word_1_81' title='bbox 649 1199 719 1253; x_wconf 90' lang='lat' dir='ltr'><strong>ab</strong></span> <span class='ocrx_word' id='word_1_82' title='bbox 755 1200 1090 1266; x_wconf 85' lang='lat' dir='ltr'><strong>imperatore</strong></span> <span class='ocrx_word' id='word_1_83' title='bbox 1126 1196 1495 1262; x_wconf 85' lang='lat' dir='ltr'><strong>defecissent,</strong></span> <span class='ocrx_word' id='word_1_84' title='bbox 1522 1196 1748 1252; x_wconf 85' lang='lat' dir='ltr'><strong>eosdem</strong></span> <span class='ocrx_word' id='word_1_85' title='bbox 1779 1197 2013 1269; x_wconf 74' lang='lat' dir='ltr'><strong>egressi,</strong></span> 
     </span>
    </p>
   </div>
   <div class='ocr_carea' id='block_1_17' title="bbox 415 1290 1209 1361">
    <p class='ocr_par' dir='ltr' id='par_1_17' title="bbox 415 1290 1209 1361">
     <span class='ocr_line' id='line_1_17' title="bbox 415 1290 1209 1361; baseline -0.005 -14"><span class='ocrx_word' id='word_1_86' title='bbox 415 1308 446 1347; x_wconf 82' lang='lat' dir='ltr'><strong>a</strong></span> <span class='ocrx_word' id='word_1_87' title='bbox 476 1290 751 1347; x_wconf 88' lang='lat' dir='ltr'><strong>Germano</strong></span> <span class='ocrx_word' id='word_1_88' title='bbox 781 1292 1025 1361; x_wconf 86' lang='lat' dir='ltr'><strong>superati</strong></span> <span class='ocrx_word' id='word_1_89' title='bbox 1059 1299 1209 1345; x_wconf 89' lang='lat' dir='ltr'><strong>sunt.</strong></span> 
     </span>
    </p>
   </div>
   <div class='ocr_carea' id='block_1_18' title="bbox 485 1377 1769 1463">
    <p class='ocr_par' dir='ltr' id='par_1_18' title="bbox 485 1377 1769 1463">
     <span class='ocr_line' id='line_1_18' title="bbox 485 1377 1769 1463; baseline -0.004 -25"><span class='ocrx_word' id='word_1_90' title='bbox 485 1380 557 1439; x_wconf 76' lang='grc' dir='ltr'><strong>Χ..</strong></span> <span class='ocrx_word' id='word_1_91' title='bbox 603 1382 679 1437; x_wconf 88' lang='lat' dir='ltr'><strong>De</strong></span> <span class='ocrx_word' id='word_1_92' title='bbox 715 1382 1068 1463; x_wconf 78' lang='lat' dir='ltr'><strong>imperatoris</strong></span> <span class='ocrx_word' id='word_1_93' title='bbox 1098 1382 1153 1437; x_wconf 91' lang='lat' dir='ltr'><strong>in</strong></span> <span class='ocrx_word' id='word_1_94' title='bbox 1187 1379 1423 1435; x_wconf 81' lang='lat' dir='ltr'><strong>rebelles</strong></span> <span class='ocrx_word' id='word_1_95' title='bbox 1451 1377 1769 1436; x_wconf 82' lang='lat' dir='ltr'><strong>clementia.</strong></span> 
     </span>
    </p>
   </div>
   <div class='ocr_carea' id='block_1_19' title="bbox 481 1556 2012 1631">
    <p class='ocr_par' dir='ltr' id='par_1_19' title="bbox 481 1556 2012 1631">
     <span class='ocr_line' id='line_1_19' title="bbox 481 1556 2012 1631; baseline 0.001 -17"><span class='ocrx_word' id='word_1_96' title='bbox 481 1556 575 1614; x_wconf 82' lang='lat' dir='ltr'><strong>XI.</strong></span> <span class='ocrx_word' id='word_1_97' title='bbox 622 1556 911 1626; x_wconf 84' lang='lat' dir='ltr'><strong>Quomodo</strong></span> <span class='ocrx_word' id='word_1_98' title='bbox 943 1556 1245 1629; x_wconf 81' lang='lat' dir='ltr'><strong>Gregorius</strong></span> <span class='ocrx_word' id='word_1_99' title='bbox 1285 1556 1680 1615; x_wconf 83' lang='lat' dir='ltr'><strong>Antiochensis</strong></span> <span class='ocrx_word' id='word_1_100' title='bbox 1716 1557 2012 1631; x_wconf 85' lang='lat' dir='ltr'><strong>episeopus</strong></span> 
     </span>
    </p>
   </div>
   <div class='ocr_carea' id='block_1_20' title="bbox 411 1652 1439 1722">
    <p class='ocr_par' dir='ltr' id='par_1_20' title="bbox 411 1652 1439 1722">
     <span class='ocr_line' id='line_1_20' title="bbox 411 1652 1439 1722; baseline 0 -16"><span class='ocrx_word' id='word_1_101' title='bbox 411 1652 479 1707; x_wconf 89' lang='lat' dir='ltr'><strong>ad</strong></span> <span class='ocrx_word' id='word_1_102' title='bbox 512 1653 787 1722; x_wconf 86' lang='lat' dir='ltr'><strong>pacandos</strong></span> <span class='ocrx_word' id='word_1_103' title='bbox 814 1652 1019 1706; x_wconf 82' lang='lat' dir='ltr'><strong>milites</strong></span> <span class='ocrx_word' id='word_1_104' title='bbox 1058 1652 1305 1707; x_wconf 84' lang='lat' dir='ltr'><strong>directus</strong></span> <span class='ocrx_word' id='word_1_105' title='bbox 1334 1660 1439 1708; x_wconf 88' lang='lat' dir='ltr'><strong>est.</strong></span> 
     </span>
    </p>
   </div>
   <div class='ocr_carea' id='block_1_21' title="bbox 484 1742 1574 1815">
    <p class='ocr_par' dir='ltr' id='par_1_21' title="bbox 484 1742 1574 1815">
     <span class='ocr_line' id='line_1_21' title="bbox 484 1742 1574 1815; baseline 0 -16"><span class='ocrx_word' id='word_1_106' title='bbox 484 1742 600 1799; x_wconf 77' lang='lat' dir='ltr'><strong>XII.</strong></span> <span class='ocrx_word' id='word_1_107' title='bbox 652 1743 899 1815; x_wconf 84' lang='lat' dir='ltr'><strong>Gregorii</strong></span> <span class='ocrx_word' id='word_1_108' title='bbox 939 1745 1116 1799; x_wconf 85' lang='lat' dir='ltr'><strong>oratio</strong></span> <span class='ocrx_word' id='word_1_109' title='bbox 1145 1745 1212 1799; x_wconf 88' lang='lat' dir='ltr'><strong>ad</strong></span> <span class='ocrx_word' id='word_1_110' title='bbox 1250 1746 1574 1800; x_wconf 76' lang='lat' dir='ltr'><strong>exercitum.</strong></span> 
     </span>
    </p>
   </div>
   <div class='ocr_carea' id='block_1_22' title="bbox 485 1819 2084 1906">
    <p class='ocr_par' dir='ltr' id='par_1_22' title="bbox 485 1819 2084 1906">
     <span class='ocr_line' id='line_1_22' title="bbox 485 1819 2084 1906; baseline 0.001 -16"><span class='ocrx_word' id='word_1_111' title='bbox 485 1833 623 1890; x_wconf 82' lang='lat' dir='ltr'><strong>XIII.</strong></span> <span class='ocrx_word' id='word_1_112' title='bbox 671 1834 960 1901; x_wconf 86' lang='lat' dir='ltr'><strong>Quomodo</strong></span> <span class='ocrx_word' id='word_1_113' title='bbox 992 1845 1114 1906; x_wconf 87' lang='lat' dir='ltr'><strong>post</strong></span> <span class='ocrx_word' id='word_1_114' title='bbox 1142 1836 1451 1891; x_wconf 88' lang='lat' dir='ltr'><strong>orationem</strong></span> <span class='ocrx_word' id='word_1_115' title='bbox 1476 1835 1745 1906; x_wconf 76' lang='lat' dir='ltr'><strong>Gregorii,</strong></span> <span class='ocrx_word' id='word_1_116' title='bbox 1779 1835 2005 1898; x_wconf 87' lang='lat' dir='ltr'><strong>milites,</strong></span> <span class='ocrx_word' id='word_1_117' title='bbox 2042 1819 2084 1875; x_wconf 71' lang='grc' dir='ltr'><strong>Β</strong></span> 
     </span>
    </p>
   </div>
   <div class='ocr_carea' id='block_1_23' title="bbox 412 1925 2050 2009">
    <p class='ocr_par' dir='ltr' id='par_1_23' title="bbox 412 1925 2050 2009">
     <span class='ocr_line' id='line_1_23' title="bbox 412 1925 2050 2009; baseline 0.004 -32"><span class='ocrx_word' id='word_1_118' title='bbox 412 1925 661 1996; x_wconf 85' lang='lat' dir='ltr'><strong>deposita</strong></span> <span class='ocrx_word' id='word_1_119' title='bbox 685 1927 871 1997; x_wconf 86' lang='lat' dir='ltr'><strong>priore</strong></span> <span class='ocrx_word' id='word_1_120' title='bbox 889 1929 1186 2009; x_wconf 81' lang='lat' dir='ltr'><strong>sententia,</strong></span> <span class='ocrx_word' id='word_1_121' title='bbox 1212 1929 1582 1999; x_wconf 86' lang='lat' dir='ltr'><strong>Philippicum</strong></span> <span class='ocrx_word' id='word_1_122' title='bbox 1604 1928 1805 1984; x_wconf 91' lang='lat' dir='ltr'><strong>ducem</strong></span> <span class='ocrx_word' id='word_1_123' title='bbox 1824 1927 2009 1984; x_wconf 84' lang='lat' dir='ltr'><strong>denuo</strong></span> <span class='ocrx_word' id='word_1_124' title='bbox 2043 1957 2050 1963; x_wconf 92' lang='lat'><em>-</em></span> 
     </span>
    </p>
   </div>
   <div class='ocr_carea' id='block_1_24' title="bbox 411 2028 797 2087">
    <p class='ocr_par' dir='ltr' id='par_1_24' title="bbox 411 2028 797 2087">
     <span class='ocr_line' id='line_1_24' title="bbox 411 2028 797 2087; baseline -0.01 -12"><span class='ocrx_word' id='word_1_125' title='bbox 411 2028 797 2087; x_wconf 81' lang='lat' dir='ltr'><strong>Susceperunt.</strong></span> 
     </span>
    </p>
   </div>
   <div class='ocr_carea' id='block_1_25' title="bbox 483 2110 1685 2183">
    <p class='ocr_par' dir='ltr' id='par_1_25' title="bbox 483 2110 1685 2183">
     <span class='ocr_line' id='line_1_25' title="bbox 483 2110 1685 2183; baseline -0.001 -18"><span class='ocrx_word' id='word_1_126' title='bbox 483 2111 625 2167; x_wconf 87' lang='lat' dir='ltr'><strong>XIV.</strong></span> <span class='ocrx_word' id='word_1_127' title='bbox 662 2110 956 2179; x_wconf 88' lang='lat' dir='ltr'><strong>Quomodo</strong></span> <span class='ocrx_word' id='word_1_128' title='bbox 989 2121 1149 2182; x_wconf 89' lang='lat' dir='ltr'><strong>capta</strong></span> <span class='ocrx_word' id='word_1_129' title='bbox 1187 2112 1259 2167; x_wconf 88' lang='lat' dir='ltr'><strong>sit</strong></span> <span class='ocrx_word' id='word_1_130' title='bbox 1283 2110 1685 2183; x_wconf 76' lang='lat' dir='ltr'><strong>Martyropolis.</strong></span> 
     </span>
    </p>
   </div>
   <div class='ocr_carea' id='block_1_26' title="bbox 481 2204 2006 2277">
    <p class='ocr_par' dir='ltr' id='par_1_26' title="bbox 481 2204 2006 2277">
     <span class='ocr_line' id='line_1_26' title="bbox 481 2204 2006 2277; baseline -0.001 -18"><span class='ocrx_word' id='word_1_131' title='bbox 481 2204 598 2260; x_wconf 88' lang='lat' dir='ltr'><strong>XV.</strong></span> <span class='ocrx_word' id='word_1_132' title='bbox 631 2204 707 2259; x_wconf 91' lang='lat' dir='ltr'><strong>De</strong></span> <span class='ocrx_word' id='word_1_133' title='bbox 748 2204 1097 2260; x_wconf 88' lang='lat' dir='ltr'><strong>Comentiolo</strong></span> <span class='ocrx_word' id='word_1_134' title='bbox 1130 2207 1391 2277; x_wconf 88' lang='lat' dir='ltr'><strong>magistro</strong></span> <span class='ocrx_word' id='word_1_135' title='bbox 1422 2206 1683 2271; x_wconf 85' lang='lat' dir='ltr'><strong>militum,</strong></span> <span class='ocrx_word' id='word_1_136' title='bbox 1715 2213 1771 2260; x_wconf 87' lang='lat' dir='ltr'><strong>et</strong></span> <span class='ocrx_word' id='word_1_137' title='bbox 1806 2205 1875 2260; x_wconf 87' lang='lat' dir='ltr'><strong>de</strong></span> <span class='ocrx_word' id='word_1_138' title='bbox 1908 2219 2006 2259; x_wconf 80' lang='lat' dir='ltr'><strong>ex-</strong></span> 
     </span>
    </p>
   </div>
   <div class='ocr_carea' id='block_1_27' title="bbox 412 2295 1262 2366">
    <p class='ocr_par' dir='ltr' id='par_1_27' title="bbox 412 2295 1262 2366">
     <span class='ocr_line' id='line_1_27' title="bbox 412 2295 1262 2366; baseline 0.004 -19"><span class='ocrx_word' id='word_1_139' title='bbox 412 2295 748 2366; x_wconf 85' lang='lat' dir='ltr'><strong>pugnatione</strong></span> <span class='ocrx_word' id='word_1_140' title='bbox 776 2296 983 2350; x_wconf 82' lang='lat' dir='ltr'><strong>castelli</strong></span> <span class='ocrx_word' id='word_1_141' title='bbox 1022 2295 1262 2352; x_wconf 81' lang='lat' dir='ltr'><strong>Ilocbas.</strong></span> 
     </span>
    </p>
   </div>
   <div class='ocr_carea' id='block_1_28' title="bbox 483 2388 1265 2446">
    <p class='ocr_par' dir='ltr' id='par_1_28' title="bbox 483 2388 1265 2446">
     <span class='ocr_line' id='line_1_28' title="bbox 483 2388 1265 2446; baseline 0 -3"><span class='ocrx_word' id='word_1_142' title='bbox 483 2388 622 2443; x_wconf 83' lang='lat' dir='ltr'><strong>XVI.</strong></span> <span class='ocrx_word' id='word_1_143' title='bbox 660 2390 737 2444; x_wconf 87' lang='lat' dir='ltr'><strong>De</strong></span> <span class='ocrx_word' id='word_1_144' title='bbox 763 2390 909 2445; x_wconf 67' lang='lat' dir='ltr'><strong>unde</strong></span> <span class='ocrx_word' id='word_1_145' title='bbox 938 2390 1265 2446; x_wconf 67' lang='lat' dir='ltr'><strong>llormisdze.</strong></span> 
     </span>
    </p>
   </div>
   <div class='ocr_carea' id='block_1_29' title="bbox 483 2477 2003 2553">
    <p class='ocr_par' dir='ltr' id='par_1_29' title="bbox 483 2477 2003 2553">
     <span class='ocr_line' id='line_1_29' title="bbox 483 2477 2003 2553; baseline -0.002 -19"><span class='ocrx_word' id='word_1_146' title='bbox 483 2480 645 2535; x_wconf 86' lang='lat' dir='ltr'><strong>XVII.</strong></span> <span class='ocrx_word' id='word_1_147' title='bbox 699 2481 774 2536; x_wconf 89' lang='lat' dir='ltr'><strong>De</strong></span> <span class='ocrx_word' id='word_1_148' title='bbox 809 2482 1048 2553; x_wconf 86' lang='lat' dir='ltr'><strong>junioris</strong></span> <span class='ocrx_word' id='word_1_149' title='bbox 1100 2481 1366 2538; x_wconf 82' lang='lat' dir='ltr'><strong>Cliosrois</strong></span> <span class='ocrx_word' id='word_1_150' title='bbox 1417 2479 1484 2536; x_wconf 87' lang='lat' dir='ltr'><strong>ad</strong></span> <span class='ocrx_word' id='word_1_151' title='bbox 1541 2481 1817 2537; x_wconf 78' lang='lat' dir='ltr'><strong>Romanos</strong></span> <span class='ocrx_word' id='word_1_152' title='bbox 1857 2477 2003 2549; x_wconf 86' lang='lat' dir='ltr'><strong>fuga.</strong></span> 
     </span>
    </p>
   </div>
   <div class='ocr_carea' id='block_1_30' title="bbox 481 2666 2005 2743">
    <p class='ocr_par' dir='ltr' id='par_1_30' title="bbox 481 2666 2005 2743">
     <span class='ocr_line' id='line_1_30' title="bbox 481 2666 2005 2743; baseline -0.004 -15"><span class='ocrx_word' id='word_1_153' title='bbox 481 2671 669 2728; x_wconf 80' lang='lat' dir='ltr'><strong>XVHI.</strong></span> <span class='ocrx_word' id='word_1_154' title='bbox 707 2672 954 2739; x_wconf 86' lang='lat' dir='ltr'><strong>Qualiter</strong></span> <span class='ocrx_word' id='word_1_155' title='bbox 1001 2672 1304 2743; x_wconf 87' lang='lat' dir='ltr'><strong>imperator</strong></span> <span class='ocrx_word' id='word_1_156' title='bbox 1338 2670 1666 2743; x_wconf 74' lang='lat' dir='ltr'><strong>Gregorium</strong></span> <span class='ocrx_word' id='word_1_157' title='bbox 1711 2683 1776 2724; x_wconf 88' lang='lat' dir='ltr'><strong>ac</strong></span> <span class='ocrx_word' id='word_1_158' title='bbox 1815 2666 2005 2724; x_wconf 80' lang='lat' dir='ltr'><strong>Domi-</strong></span> 
     </span>
    </p>
   </div>
   <div class='ocr_carea' id='block_1_31' title="bbox 414 2762 1465 2835">
    <p class='ocr_par' dir='ltr' id='par_1_31' title="bbox 414 2762 1465 2835">
     <span class='ocr_line' id='line_1_31' title="bbox 414 2762 1465 2835; baseline -0.002 -16"><span class='ocrx_word' id='word_1_159' title='bbox 414 2764 624 2821; x_wconf 87' lang='lat' dir='ltr'><strong>tianum</strong></span> <span class='ocrx_word' id='word_1_160' title='bbox 666 2762 899 2819; x_wconf 79' lang='lat' dir='ltr'><strong>Cltosroi</strong></span> <span class='ocrx_word' id='word_1_161' title='bbox 924 2764 1142 2819; x_wconf 85' lang='lat' dir='ltr'><strong>obviam</strong></span> <span class='ocrx_word' id='word_1_162' title='bbox 1173 2764 1253 2818; x_wconf 91' lang='lat' dir='ltr'><strong>ire</strong></span> <span class='ocrx_word' id='word_1_163' title='bbox 1276 2762 1465 2835; x_wconf 83' lang='lat' dir='ltr'><strong>jussit.</strong></span> 
     </span>
    </p>
   </div>
   <div class='ocr_carea' id='block_1_32' title="bbox 483 2847 2006 2919">
    <p class='ocr_par' dir='ltr' id='par_1_32' title="bbox 483 2847 2006 2919">
     <span class='ocr_line' id='line_1_32' title="bbox 483 2847 2006 2919; baseline -0.004 -11"><span class='ocrx_word' id='word_1_164' title='bbox 483 2852 626 2908; x_wconf 82' lang='lat' dir='ltr'><strong>XIX.</strong></span> <span class='ocrx_word' id='word_1_165' title='bbox 681 2853 970 2919; x_wconf 83' lang='lat' dir='ltr'><strong>Quomodo</strong></span> <span class='ocrx_word' id='word_1_166' title='bbox 1035 2854 1313 2909; x_wconf 85' lang='lat' dir='ltr'><strong>Chosroes</strong></span> <span class='ocrx_word' id='word_1_167' title='bbox 1369 2855 1745 2909; x_wconf 81' lang='lat' dir='ltr'><strong>Romanorum</strong></span> <span class='ocrx_word' id='word_1_168' title='bbox 1794 2847 2006 2904; x_wconf 80' lang='lat' dir='ltr'><strong>auxilio</strong></span> 
     </span>
    </p>
   </div>
   <div class='ocr_carea' id='block_1_33' title="bbox 412 2946 1245 3017">
    <p class='ocr_par' dir='ltr' id='par_1_33' title="bbox 412 2946 1245 3017">
     <span class='ocr_line' id='line_1_33' title="bbox 412 2946 1245 3017; baseline 0.004 -19"><span class='ocrx_word' id='word_1_169' title='bbox 412 2960 646 3017; x_wconf 83' lang='lat' dir='ltr'><strong>regnum</strong></span> <span class='ocrx_word' id='word_1_170' title='bbox 683 2962 842 3001; x_wconf 83' lang='lat' dir='ltr'><strong>suum</strong></span> <span class='ocrx_word' id='word_1_171' title='bbox 878 2946 1245 3017; x_wconf 79' lang='lat' dir='ltr'><strong>recuperavit.</strong></span> 
     </span>
    </p>
   </div>
   <div class='ocr_carea' id='block_1_34' title="bbox 483 3034 2002 3107">
    <p class='ocr_par' dir='ltr' id='par_1_34' title="bbox 483 3034 2002 3107">
     <span class='ocr_line' id='line_1_34' title="bbox 483 3034 2002 3107; baseline -0.001 -15"><span class='ocrx_word' id='word_1_172' title='bbox 483 3036 602 3092; x_wconf 83' lang='lat' dir='ltr'><strong>XX.</strong></span> <span class='ocrx_word' id='word_1_173' title='bbox 650 3038 728 3091; x_wconf 84' lang='lat' dir='ltr'><strong>De</strong></span> <span class='ocrx_word' id='word_1_174' title='bbox 755 3046 943 3093; x_wconf 89' lang='lat' dir='ltr'><strong>sancta</strong></span> <span class='ocrx_word' id='word_1_175' title='bbox 974 3047 1150 3093; x_wconf 87' lang='lat' dir='ltr'><strong>matre</strong></span> <span class='ocrx_word' id='word_1_176' title='bbox 1178 3036 1525 3101; x_wconf 85' lang='lat' dir='ltr'><strong>Golanduch,</strong></span> <span class='ocrx_word' id='word_1_177' title='bbox 1563 3050 1686 3107; x_wconf 65' lang='lat' dir='ltr'><strong>qua!</strong></span> <span class='ocrx_word' id='word_1_178' title='bbox 1717 3034 1827 3091; x_wconf 87' lang='lat' dir='ltr'><strong>illis</strong></span> <span class='ocrx_word' id='word_1_179' title='bbox 1860 3042 2002 3090; x_wconf 88' lang='lat' dir='ltr'><strong>tem-</strong></span> 
     </span>
    </p>
   </div>
   <div class='ocr_carea' id='block_1_35' title="bbox 413 3129 832 3199">
    <p class='ocr_par' dir='ltr' id='par_1_35' title="bbox 413 3129 832 3199">
     <span class='ocr_line' id='line_1_35' title="bbox 413 3129 832 3199; baseline 0.002 -16"><span class='ocrx_word' id='word_1_180' title='bbox 413 3129 644 3199; x_wconf 80' lang='lat' dir='ltr'><strong>poribus</strong></span> <span class='ocrx_word' id='word_1_181' title='bbox 677 3130 832 3184; x_wconf 72' lang='lat' dir='ltr'><strong>vixit.</strong></span> 
     </span>
    </p>
   </div>
   <div class='ocr_carea' id='block_1_36' title="bbox 486 3222 2010 3296">
    <p class='ocr_par' dir='ltr' id='par_1_36' title="bbox 486 3222 2010 3296">
     <span class='ocr_line' id='line_1_36' title="bbox 486 3222 2010 3296; baseline 0.001 -20"><span class='ocrx_word' id='word_1_182' title='bbox 486 3222 626 3277; x_wconf 84' lang='lat' dir='ltr'><strong>XXI.</strong></span> <span class='ocrx_word' id='word_1_183' title='bbox 674 3224 749 3278; x_wconf 91' lang='lat' dir='ltr'><strong>De</strong></span> <span class='ocrx_word' id='word_1_184' title='bbox 781 3223 1027 3280; x_wconf 86' lang='lat' dir='ltr'><strong>donariis</strong></span> <span class='ocrx_word' id='word_1_185' title='bbox 1090 3240 1212 3296; x_wconf 71' lang='lat' dir='ltr'><strong>qua:</strong></span> <span class='ocrx_word' id='word_1_186' title='bbox 1256 3223 1534 3280; x_wconf 86' lang='lat' dir='ltr'><strong>Chosroes</strong></span> <span class='ocrx_word' id='word_1_187' title='bbox 1590 3222 1741 3279; x_wconf 87' lang='lat' dir='ltr'><strong>misit</strong></span> <span class='ocrx_word' id='word_1_188' title='bbox 1775 3222 1844 3278; x_wconf 83' lang='lat' dir='ltr'><strong>ad</strong></span> <span class='ocrx_word' id='word_1_189' title='bbox 1879 3238 2010 3279; x_wconf 87' lang='lat' dir='ltr'><strong>san-</strong></span> 
     </span>
    </p>
   </div>
   <div class='ocr_carea' id='block_1_37' title="bbox 415 3317 1205 3389">
    <p class='ocr_par' dir='ltr' id='par_1_37' title="bbox 415 3317 1205 3389">
     <span class='ocr_line' id='line_1_37' title="bbox 415 3317 1205 3389; baseline 0.003 -19"><span class='ocrx_word' id='word_1_190' title='bbox 415 3324 565 3370; x_wconf 82' lang='lat' dir='ltr'><strong>ctum</strong></span> <span class='ocrx_word' id='word_1_191' title='bbox 598 3326 893 3388; x_wconf 78' lang='lat' dir='ltr'><strong>martyrem</strong></span> <span class='ocrx_word' id='word_1_192' title='bbox 930 3317 1205 3389; x_wconf 89' lang='lat' dir='ltr'><strong>Sergium.</strong></span> 
     </span>
    </p>
   </div>
   <div class='ocr_carea' id='block_1_38' title="bbox 488 3407 1411 3464">
    <p class='ocr_par' dir='ltr' id='par_1_38' title="bbox 488 3407 1411 3464">
     <span class='ocr_line' id='line_1_38' title="bbox 488 3407 1411 3464; baseline -0.001 -3"><span class='ocrx_word' id='word_1_193' title='bbox 488 3407 652 3461; x_wconf 86' lang='lat' dir='ltr'><strong>XXII.</strong></span> <span class='ocrx_word' id='word_1_194' title='bbox 702 3410 775 3462; x_wconf 89' lang='lat' dir='ltr'><strong>De</strong></span> <span class='ocrx_word' id='word_1_195' title='bbox 805 3410 1083 3464; x_wconf 78' lang='lat' dir='ltr'><strong>Naamane</strong></span> <span class='ocrx_word' id='word_1_196' title='bbox 1114 3409 1411 3464; x_wconf 77' lang='lat' dir='ltr'><strong>Saracena.</strong></span> 
     </span>
    </p>
   </div>
   <div class='ocr_carea' id='block_1_39' title="bbox 488 3498 2010 3572">
    <p class='ocr_par' dir='ltr' id='par_1_39' title="bbox 488 3498 2010 3572">
     <span class='ocr_line' id='line_1_39' title="bbox 488 3498 2010 3572; baseline -0.003 -15"><span class='ocrx_word' id='word_1_197' title='bbox 488 3502 679 3557; x_wconf 82' lang='lat' dir='ltr'><strong>XXIII.</strong></span> <span class='ocrx_word' id='word_1_198' title='bbox 730 3504 805 3558; x_wconf 88' lang='lat' dir='ltr'><strong>De</strong></span> <span class='ocrx_word' id='word_1_199' title='bbox 857 3503 1015 3558; x_wconf 90' lang='lat' dir='ltr'><strong>obitu</strong></span> <span class='ocrx_word' id='word_1_200' title='bbox 1070 3501 1248 3557; x_wconf 89' lang='lat' dir='ltr'><strong>sancti</strong></span> <span class='ocrx_word' id='word_1_201' title='bbox 1324 3499 1604 3556; x_wconf 80' lang='lat' dir='ltr'><strong>Simeonis</strong></span> <span class='ocrx_word' id='word_1_202' title='bbox 1657 3498 1866 3571; x_wconf 66' lang='lat' dir='ltr'><strong>Stylitai</strong></span> <span class='ocrx_word' id='word_1_203' title='bbox 1913 3498 2010 3572; x_wconf 79' lang='lat' dir='ltr'><strong>ju-</strong></span> 
     </span>
    </p>
   </div>
   <div class='ocr_carea' id='block_1_40' title="bbox 413 3594 614 3650">
    <p class='ocr_par' dir='ltr' id='par_1_40' title="bbox 413 3594 614 3650">
     <span class='ocr_line' id='line_1_40' title="bbox 413 3594 614 3650; baseline -0.01 0"><span class='ocrx_word' id='word_1_204' title='bbox 413 3594 614 3650; x_wconf 85' lang='lat' dir='ltr'><strong>nioris.</strong></span> 
     </span>
    </p>
   </div>
   <div class='ocr_carea' id='block_1_41' title="bbox 488 3682 2008 3759">
    <p class='ocr_par' dir='ltr' id='par_1_41' title="bbox 488 3682 2008 3759">
     <span class='ocr_line' id='line_1_41' title="bbox 488 3682 2008 3759; baseline -0.001 -18"><span class='ocrx_word' id='word_1_205' title='bbox 488 3686 674 3743; x_wconf 83' lang='lat' dir='ltr'><strong>XXIV.</strong></span> <span class='ocrx_word' id='word_1_206' title='bbox 713 3688 787 3743; x_wconf 90' lang='lat' dir='ltr'><strong>De</strong></span> <span class='ocrx_word' id='word_1_207' title='bbox 833 3687 986 3743; x_wconf 88' lang='lat' dir='ltr'><strong>obitu</strong></span> <span class='ocrx_word' id='word_1_208' title='bbox 1027 3685 1277 3759; x_wconf 76' lang='lat' dir='ltr'><strong>Gregorii</strong></span> <span class='ocrx_word' id='word_1_209' title='bbox 1317 3684 1709 3747; x_wconf 83' lang='lat' dir='ltr'><strong>Antiochensis</strong></span> <span class='ocrx_word' id='word_1_210' title='bbox 1738 3682 2008 3756; x_wconf 81' lang='lat' dir='ltr'><strong>episcopi,</strong></span> 
     </span>
    </p>
   </div>
   <div class='ocr_carea' id='block_1_42' title="bbox 411 3779 1174 3836">
    <p class='ocr_par' dir='ltr' id='par_1_42' title="bbox 411 3779 1174 3836">
     <span class='ocr_line' id='line_1_42' title="bbox 411 3779 1174 3836; baseline -0.004 -2"><span class='ocrx_word' id='word_1_211' title='bbox 411 3788 470 3835; x_wconf 85' lang='lat' dir='ltr'><strong>et</strong></span> <span class='ocrx_word' id='word_1_212' title='bbox 498 3780 849 3836; x_wconf 88' lang='lat' dir='ltr'><strong>restitutione</strong></span> <span class='ocrx_word' id='word_1_213' title='bbox 880 3779 1174 3834; x_wconf 82' lang='lat' dir='ltr'><strong>Anastasii.</strong></span> 
     </span>
    </p>
   </div>
   <div class='ocr_carea' id='block_1_43' title="bbox 829 4089 1597 4167">
    <p class='ocr_par' dir='ltr' id='par_1_43' title="bbox 829 4089 1597 4167">
     <span class='ocr_line' id='line_1_43' title="bbox 829 4089 1597 4167; baseline -0.005 -17"><span class='ocrx_word' id='word_1_214' title='bbox 829 4092 990 4167; x_wconf 65' lang='lat'><strong>(.53</strong></span> <span class='ocrx_word' id='word_1_215' title='bbox 1040 4090 1267 4150; x_wconf 63' lang='lat' dir='ltr'><strong>canor</strong></span> <span class='ocrx_word' id='word_1_216' title='bbox 1305 4089 1597 4149; x_wconf 78' lang='lat' dir='ltr'><strong>PRIMUM.</strong></span> 
     </span>
    </p>
   </div>
   <div class='ocr_carea' id='block_1_44' title="bbox 715 4204 1693 4276">
    <p class='ocr_par' dir='ltr' id='par_1_44' title="bbox 715 4204 1693 4276">
     <span class='ocr_line' id='line_1_44' title="bbox 715 4204 1693 4276; baseline -0.003 -15"><span class='ocrx_word' id='word_1_217' title='bbox 715 4205 794 4261; x_wconf 81' lang='lat' dir='ltr'><strong>De</strong></span> <span class='ocrx_word' id='word_1_218' title='bbox 829 4206 1026 4276; x_wconf 78' lang='lat' dir='ltr'><strong>nuptiis</strong></span> <span class='ocrx_word' id='word_1_219' title='bbox 1058 4205 1304 4260; x_wconf 79' lang='lat' dir='ltr'><strong>Mauricii</strong></span> <span class='ocrx_word' id='word_1_220' title='bbox 1334 4212 1383 4259; x_wconf 87' lang='lat' dir='ltr'><strong>et</strong></span> <span class='ocrx_word' id='word_1_221' title='bbox 1418 4204 1693 4276; x_wconf 70' lang='lat' dir='ltr'><strong>Augusta.</strong></span> 
     </span>
    </p>
   </div>
   <div class='ocr_carea' id='block_1_45' title="bbox 481 4315 2000 4387">
    <p class='ocr_par' dir='ltr' id='par_1_45' title="bbox 481 4315 2000 4387">
     <span class='ocr_line' id='line_1_45' title="bbox 481 4315 2000 4387; baseline -0.003 -14"><span class='ocrx_word' id='word_1_222' title='bbox 481 4319 785 4374; x_wconf 81' lang='lat' dir='ltr'><strong>Mauricius</strong></span> <span class='ocrx_word' id='word_1_223' title='bbox 831 4318 994 4372; x_wconf 88' lang='lat' dir='ltr'><strong>simul</strong></span> <span class='ocrx_word' id='word_1_224' title='bbox 1048 4326 1214 4386; x_wconf 87' lang='lat' dir='ltr'><strong>atque</strong></span> <span class='ocrx_word' id='word_1_225' title='bbox 1262 4317 1557 4387; x_wconf 91' lang='lat' dir='ltr'><strong>imperium</strong></span> <span class='ocrx_word' id='word_1_226' title='bbox 1609 4315 1842 4385; x_wconf 86' lang='lat' dir='ltr'><strong>adeptus</strong></span> <span class='ocrx_word' id='word_1_227' title='bbox 1894 4320 2000 4378; x_wconf 88' lang='lat' dir='ltr'><strong>est,</strong></span> 
     </span>
    </p>
   </div>
   <div class='ocr_carea' id='block_1_46' title="bbox 409 4405 2001 4479">
    <p class='ocr_par' dir='ltr' id='par_1_46' title="bbox 409 4405 2001 4479">
     <span class='ocr_line' id='line_1_46' title="bbox 409 4405 2001 4479; baseline -0.004 -12"><span class='ocrx_word' id='word_1_228' title='bbox 409 4421 537 4467; x_wconf 87' lang='lat' dir='ltr'><strong>aute</strong></span> <span class='ocrx_word' id='word_1_229' title='bbox 564 4412 748 4466; x_wconf 88' lang='lat' dir='ltr'><strong>omnia</strong></span> <span class='ocrx_word' id='word_1_230' title='bbox 774 4410 1094 4479; x_wconf 89' lang='lat' dir='ltr'><strong>nuptiarum</strong></span> <span class='ocrx_word' id='word_1_231' title='bbox 1125 4424 1352 4464; x_wconf 88' lang='lat' dir='ltr'><strong>suarum</strong></span> <span class='ocrx_word' id='word_1_232' title='bbox 1379 4415 1705 4479; x_wconf 86' lang='lat' dir='ltr'><strong>apparatum</strong></span> <span class='ocrx_word' id='word_1_233' title='bbox 1737 4405 2001 4462; x_wconf 83' lang='lat' dir='ltr'><strong>instituit.</strong></span> 
     </span>
    </p>
   </div>
   <div class='ocr_carea' id='block_1_47' title="bbox 408 4498 1999 4575">
    <p class='ocr_par' dir='ltr' id='par_1_47' title="bbox 408 4498 1999 4575">
     <span class='ocr_line' id='line_1_47' title="bbox 408 4498 1999 4575; baseline -0.004 -16"><span class='ocrx_word' id='word_1_234' title='bbox 408 4508 713 4575; x_wconf 80' lang='lat' dir='ltr'><strong>Augustam</strong></span> <span class='ocrx_word' id='word_1_235' title='bbox 763 4502 950 4573; x_wconf 82' lang='lat' dir='ltr'><strong>igitur,</strong></span> <span class='ocrx_word' id='word_1_236' title='bbox 998 4517 1120 4571; x_wconf 62' lang='lat' dir='ltr'><strong>quae</strong></span> <span class='ocrx_word' id='word_1_237' title='bbox 1172 4510 1229 4557; x_wconf 92' lang='lat' dir='ltr'><strong>et</strong></span> <span class='ocrx_word' id='word_1_238' title='bbox 1273 4499 1635 4557; x_wconf 86' lang='lat' dir='ltr'><strong>Constantina</strong></span> <span class='ocrx_word' id='word_1_239' title='bbox 1690 4498 1999 4565; x_wconf 83' lang='lat' dir='ltr'><strong>dicebatur,</strong></span> 
     </span>
    </p>
   </div>
   <div class='ocr_carea' id='block_1_48' title="bbox 409 4590 2001 4666">
    <p class='ocr_par' dir='ltr' id='par_1_48' title="bbox 409 4590 2001 4666">
     <span class='ocr_line' id='line_1_48' title="bbox 409 4590 2001 4666; baseline -0.006 -12"><span class='ocrx_word' id='word_1_240' title='bbox 409 4596 642 4666; x_wconf 73' lang='lat' dir='ltr'><strong>solemni</strong></span> <span class='ocrx_word' id='word_1_241' title='bbox 674 4596 1065 4666; x_wconf 90' lang='lat' dir='ltr'><strong>imperatorum</strong></span> <span class='ocrx_word' id='word_1_242' title='bbox 1093 4609 1246 4649; x_wconf 89' lang='lat' dir='ltr'><strong>more</strong></span> <span class='ocrx_word' id='word_1_243' title='bbox 1275 4608 1502 4648; x_wconf 77' lang='lat' dir='ltr'><strong>uxorem</strong></span> <span class='ocrx_word' id='word_1_244' title='bbox 1535 4592 1716 4657; x_wconf 82' lang='lat' dir='ltr'><strong>duxit,</strong></span> <span class='ocrx_word' id='word_1_245' title='bbox 1766 4590 2001 4662; x_wconf 89' lang='lat' dir='ltr'><strong>nuptiali</strong></span> 
     </span>
    </p>
   </div>
   <div class='ocr_carea' id='block_1_49' title="bbox 410 4663 2003 4761">
    <p class='ocr_par' dir='ltr' id='par_1_49' title="bbox 410 4663 2003 4761">
     <span class='ocr_line' id='line_1_49' title="bbox 410 4663 2003 4761; baseline -0.004 -18"><span class='ocrx_word' id='word_1_246' title='bbox 410 4663 654 4761; x_wconf 78' lang='lat' dir='ltr'><strong>pompa,</strong></span> <span class='ocrx_word' id='word_1_247' title='bbox 707 4663 764 4744; x_wconf 79' lang='lat' dir='ltr'><strong>et</strong></span> <span class='ocrx_word' id='word_1_248' title='bbox 812 4686 1052 4757; x_wconf 84' lang='lat' dir='ltr'><strong>publicis</strong></span> <span class='ocrx_word' id='word_1_249' title='bbox 1100 4685 1280 4756; x_wconf 82' lang='lat' dir='ltr'><strong>epulis</strong></span> <span class='ocrx_word' id='word_1_250' title='bbox 1332 4698 1397 4737; x_wconf 89' lang='lat' dir='ltr'><strong>ac</strong></span> <span class='ocrx_word' id='word_1_251' title='bbox 1449 4682 1844 4739; x_wconf 83' lang='lat' dir='ltr'><strong>festivitatibus</strong></span> <span class='ocrx_word' id='word_1_252' title='bbox 1903 4697 2003 4753; x_wconf 86' lang='lat' dir='ltr'><strong>per</strong></span> 
     </span>
    </p>
   </div>
   <div class='ocr_carea' id='block_1_50' title="bbox 413 4773 2003 4848">
    <p class='ocr_par' dir='ltr' id='par_1_50' title="bbox 413 4773 2003 4848">
     <span class='ocr_line' id='line_1_50' title="bbox 413 4773 2003 4848; baseline -0.004 -14"><span class='ocrx_word' id='word_1_253' title='bbox 413 4790 582 4835; x_wconf 87' lang='lat' dir='ltr'><strong>totam</strong></span> <span class='ocrx_word' id='word_1_254' title='bbox 627 4779 820 4833; x_wconf 89' lang='lat' dir='ltr'><strong>urbem</strong></span> <span class='ocrx_word' id='word_1_255' title='bbox 868 4775 1413 4848; x_wconf 83' lang='lat' dir='ltr'><strong>magnificentissime</strong></span> <span class='ocrx_word' id='word_1_256' title='bbox 1461 4773 1776 4829; x_wconf 87' lang='lat' dir='ltr'><strong>celebratis.</strong></span> <span class='ocrx_word' id='word_1_257' title='bbox 1827 4773 2003 4828; x_wconf 84' lang='lat' dir='ltr'><strong>Inter-</strong></span> 
     </span>
    </p>
   </div>
   <div class='ocr_carea' id='block_1_51' title="bbox 408 4866 1999 4941">
    <p class='ocr_par' dir='ltr' id='par_1_51' title="bbox 408 4866 1999 4941">
     <span class='ocr_line' id='line_1_51' title="bbox 408 4866 1999 4941; baseline -0.003 -16"><span class='ocrx_word' id='word_1_258' title='bbox 408 4872 637 4927; x_wconf 82' lang='lat' dir='ltr'><strong>fuerunt</strong></span> <span class='ocrx_word' id='word_1_259' title='bbox 667 4871 752 4926; x_wconf 90' lang='lat' dir='ltr'><strong>bis</strong></span> <span class='ocrx_word' id='word_1_260' title='bbox 787 4870 1000 4941; x_wconf 77' lang='lat' dir='ltr'><strong>nuptiis</strong></span> <span class='ocrx_word' id='word_1_261' title='bbox 1039 4870 1216 4939; x_wconf 83' lang='lat' dir='ltr'><strong>pietas</strong></span> <span class='ocrx_word' id='word_1_262' title='bbox 1252 4875 1308 4921; x_wconf 89' lang='lat' dir='ltr'><strong>et</strong></span> <span class='ocrx_word' id='word_1_263' title='bbox 1348 4866 1705 4936; x_wconf 85' lang='lat' dir='ltr'><strong>imperatoria</strong></span> <span class='ocrx_word' id='word_1_264' title='bbox 1738 4866 1999 4940; x_wconf 78' lang='lat' dir='ltr'><strong>dignitas,</strong></span> 
     </span>
    </p>
   </div>
   <div class='ocr_carea' id='block_1_52' title="bbox 410 4959 2001 5031">
    <p class='ocr_par' dir='ltr' id='par_1_52' title="bbox 410 4959 2001 5031">
     <span class='ocr_line' id='line_1_52' title="bbox 410 4959 2001 5031; baseline -0.005 -10"><span class='ocrx_word' id='word_1_265' title='bbox 410 4967 806 5023; x_wconf 87' lang='lat' dir='ltr'><strong>decentissimo</strong></span> <span class='ocrx_word' id='word_1_266' title='bbox 862 4962 1124 5017; x_wconf 85' lang='lat' dir='ltr'><strong>satellitio</strong></span> <span class='ocrx_word' id='word_1_267' title='bbox 1191 4959 1517 5017; x_wconf 84' lang='lat' dir='ltr'><strong>Mauricium</strong></span> <span class='ocrx_word' id='word_1_268' title='bbox 1581 4970 1640 5016; x_wconf 90' lang='lat' dir='ltr'><strong>et</strong></span> <span class='ocrx_word' id='word_1_269' title='bbox 1695 4960 2001 5031; x_wconf 81' lang='lat' dir='ltr'><strong>Augustam</strong></span> 
     </span>
    </p>
   </div>
   <div class='ocr_carea' id='block_1_53' title="bbox 410 5049 1998 5128">
    <p class='ocr_par' dir='ltr' id='par_1_53' title="bbox 410 5049 1998 5128">
     <span class='ocr_line' id='line_1_53' title="bbox 410 5049 1998 5128; baseline -0.006 -17"><span class='ocrx_word' id='word_1_270' title='bbox 410 5059 705 5128; x_wconf 84' lang='lat' dir='ltr'><strong>stipantcs,</strong></span> <span class='ocrx_word' id='word_1_271' title='bbox 747 5065 805 5110; x_wconf 90' lang='lat' dir='ltr'><strong>et</strong></span> <span class='ocrx_word' id='word_1_272' title='bbox 849 5050 1254 5124; x_wconf 87' lang='lat' dir='ltr'><strong>pretiosissima</strong></span> <span class='ocrx_word' id='word_1_273' title='bbox 1296 5050 1379 5104; x_wconf 89' lang='lat' dir='ltr'><strong>eis</strong></span> <span class='ocrx_word' id='word_1_274' title='bbox 1411 5064 1640 5103; x_wconf 86' lang='lat' dir='ltr'><strong>munera</strong></span> <span class='ocrx_word' id='word_1_275' title='bbox 1677 5049 1998 5103; x_wconf 67' lang='lat' dir='ltr'><strong>offerentes.</strong></span> 
     </span>
    </p>
   </div>
   <div class='ocr_carea' id='block_1_54' title="bbox 408 5140 1999 5217">
    <p class='ocr_par' dir='ltr' id='par_1_54' title="bbox 408 5140 1999 5217">
     <span class='ocr_line' id='line_1_54' title="bbox 408 5140 1999 5217; baseline -0.008 -11"><span class='ocrx_word' id='word_1_276' title='bbox 408 5151 545 5206; x_wconf 87' lang='lat' dir='ltr'><strong>Nam</strong></span> <span class='ocrx_word' id='word_1_277' title='bbox 577 5148 668 5202; x_wconf 87' lang='lat' dir='ltr'><strong>illa</strong></span> <span class='ocrx_word' id='word_1_278' title='bbox 692 5146 940 5217; x_wconf 86' lang='lat' dir='ltr'><strong>quidem,</strong></span> <span class='ocrx_word' id='word_1_279' title='bbox 972 5141 1121 5213; x_wconf 89' lang='lat' dir='ltr'><strong>quod</strong></span> <span class='ocrx_word' id='word_1_280' title='bbox 1152 5141 1293 5195; x_wconf 91' lang='lat' dir='ltr'><strong>nulli</strong></span> <span class='ocrx_word' id='word_1_281' title='bbox 1325 5156 1567 5210; x_wconf 84' lang='lat' dir='ltr'><strong>unquam</strong></span> <span class='ocrx_word' id='word_1_282' title='bbox 1601 5140 1999 5210; x_wconf 89' lang='lat' dir='ltr'><strong>imperatorum</strong></span> 
     </span>
    </p>
   </div>
   <div class='ocr_carea' id='block_1_55' title="bbox 405 5232 2002 5313">
    <p class='ocr_par' dir='ltr' id='par_1_55' title="bbox 405 5232 2002 5313">
     <span class='ocr_line' id='line_1_55' title="bbox 405 5232 2002 5313; baseline -0.007 -16"><span class='ocrx_word' id='word_1_283' title='bbox 405 5241 672 5313; x_wconf 89' lang='lat' dir='ltr'><strong>obtigisse</strong></span> <span class='ocrx_word' id='word_1_284' title='bbox 708 5239 965 5309; x_wconf 84' lang='lat' dir='ltr'><strong>legimus,</strong></span> <span class='ocrx_word' id='word_1_285' title='bbox 998 5243 1210 5306; x_wconf 86' lang='lat' dir='ltr'><strong>patrem</strong></span> <span class='ocrx_word' id='word_1_286' title='bbox 1243 5233 1407 5288; x_wconf 85' lang='lat' dir='ltr'><strong>simul</strong></span> <span class='ocrx_word' id='word_1_287' title='bbox 1437 5247 1501 5288; x_wconf 87' lang='lat' dir='ltr'><strong>ac</strong></span> <span class='ocrx_word' id='word_1_288' title='bbox 1535 5240 1766 5287; x_wconf 86' lang='lat' dir='ltr'><strong>matrem</strong></span> <span class='ocrx_word' id='word_1_289' title='bbox 1798 5232 2002 5288; x_wconf 82' lang='lat' dir='ltr'><strong>Mauri-</strong></span> 
     </span>
    </p>
   </div>
   <div class='ocr_carea' id='block_1_56' title="bbox 410 5324 2002 5401">
    <p class='ocr_par' dir='ltr' id='par_1_56' title="bbox 410 5324 2002 5401">
     <span class='ocr_line' id='line_1_56' title="bbox 410 5324 2002 5401; baseline -0.005 -13"><span class='ocrx_word' id='word_1_290' title='bbox 410 5332 481 5388; x_wconf 87' lang='lat' dir='ltr'><strong>cii</strong></span> <span class='ocrx_word' id='word_1_291' title='bbox 503 5332 775 5395; x_wconf 79' lang='lat' dir='ltr'><strong>exhibuit,</strong></span> <span class='ocrx_word' id='word_1_292' title='bbox 801 5331 894 5401; x_wconf 88' lang='lat' dir='ltr'><strong>qui</strong></span> <span class='ocrx_word' id='word_1_293' title='bbox 919 5329 1118 5383; x_wconf 88' lang='lat' dir='ltr'><strong>decora</strong></span> <span class='ocrx_word' id='word_1_294' title='bbox 1144 5325 1345 5380; x_wconf 84' lang='lat' dir='ltr'><strong>canitie</strong></span> <span class='ocrx_word' id='word_1_295' title='bbox 1378 5324 1639 5396; x_wconf 80' lang='lat' dir='ltr'><strong>rugisque</strong></span> <span class='ocrx_word' id='word_1_296' title='bbox 1670 5324 2002 5380; x_wconf 87' lang='lat' dir='ltr'><strong>venerandis</strong></span> 
     </span>
    </p>
   </div>
   <div class='ocr_carea' id='block_1_57' title="bbox 408 5420 1998 5497">
    <p class='ocr_par' dir='ltr' id='par_1_57' title="bbox 408 5420 1998 5497">
     <span class='ocr_line' id='line_1_57' title="bbox 408 5420 1998 5497; baseline -0.004 -17"><span class='ocrx_word' id='word_1_297' title='bbox 408 5427 633 5497; x_wconf 86' lang='lat' dir='ltr'><strong>nuptias</strong></span> <span class='ocrx_word' id='word_1_298' title='bbox 657 5426 1069 5481; x_wconf 85' lang='lat' dir='ltr'><strong>sanetiticarent</strong></span> <span class='ocrx_word' id='word_1_299' title='bbox 1094 5440 1107 5475; x_wconf 89' lang='lat'>:</span> <span class='ocrx_word' id='word_1_300' title='bbox 1142 5422 1343 5477; x_wconf 79' lang='lat' dir='ltr'><strong>fratres</strong></span> <span class='ocrx_word' id='word_1_301' title='bbox 1372 5421 1500 5476; x_wconf 87' lang='lat' dir='ltr'><strong>item</strong></span> <span class='ocrx_word' id='word_1_302' title='bbox 1536 5420 1709 5475; x_wconf 87' lang='lat' dir='ltr'><strong>forma</strong></span> <span class='ocrx_word' id='word_1_303' title='bbox 1736 5435 1799 5475; x_wconf 85' lang='lat' dir='ltr'><strong>ac</strong></span> <span class='ocrx_word' id='word_1_304' title='bbox 1824 5434 1998 5473; x_wconf 83' lang='lat' dir='ltr'><strong>venu-</strong></span> 
     </span>
    </p>
   </div>
   <div class='ocr_carea' id='block_1_58' title="bbox 406 5513 1995 5587">
    <p class='ocr_par' dir='ltr' id='par_1_58' title="bbox 406 5513 1995 5587">
     <span class='ocr_line' id='line_1_58' title="bbox 406 5513 1995 5587; baseline -0.004 -16"><span class='ocrx_word' id='word_1_305' title='bbox 406 5524 549 5571; x_wconf 77' lang='lat' dir='ltr'><strong>state</strong></span> <span class='ocrx_word' id='word_1_306' title='bbox 578 5516 833 5581; x_wconf 72' lang='lat' dir='ltr'><strong>eximios,</strong></span> <span class='ocrx_word' id='word_1_307' title='bbox 875 5514 969 5585; x_wconf 82' lang='lat' dir='ltr'><strong>qui</strong></span> <span class='ocrx_word' id='word_1_308' title='bbox 999 5513 1315 5587; x_wconf 89' lang='lat' dir='ltr'><strong>nuptiarum</strong></span> <span class='ocrx_word' id='word_1_309' title='bbox 1351 5528 1605 5583; x_wconf 86' lang='lat' dir='ltr'><strong>pompam</strong></span> <span class='ocrx_word' id='word_1_310' title='bbox 1641 5520 1995 5567; x_wconf 78' lang='lat' dir='ltr'><strong>exornarem.</strong></span> 
     </span>
    </p>
   </div>
   <div class='ocr_carea' id='block_1_59' title="bbox 2119 828 2619 901">
    <p class='ocr_par' dir='ltr' id='par_1_59' title="bbox 2119 828 2619 901">
     <span class='ocr_line' id='line_1_59' title="bbox 2119 828 2619 901; baseline 0.01 -19"><span class='ocrx_word' id='word_1_311' title='bbox 2119 828 2292 901; x_wconf 76' lang='grc' dir='ltr'><strong>ψευδῆ</strong></span> <span class='ocrx_word' id='word_1_312' title='bbox 2318 830 2619 900; x_wconf 79' lang='grc' dir='ltr'><strong>διήλεγξεν.</strong></span> 
     </span>
    </p>
   </div>
   <div class='ocr_carea' id='block_1_60' title="bbox 2194 921 3684 1000">
    <p class='ocr_par' dir='ltr' id='par_1_60' title="bbox 2194 921 3684 1000">
     <span class='ocr_line' id='line_1_60' title="bbox 2194 921 3684 1000; baseline 0.009 -26"><span class='ocrx_word' id='word_1_313' title='bbox 2194 921 2279 976; x_wconf 85' lang='grc' dir='ltr'><strong>Η’.</strong></span> <span class='ocrx_word' id='word_1_314' title='bbox 2325 922 2412 987; x_wconf 81' lang='grc' dir='ltr'><strong>Ὠς</strong></span> <span class='ocrx_word' id='word_1_315' title='bbox 2446 923 2607 977; x_wconf 86' lang='grc' dir='ltr'><strong>πάλιν</strong></span> <span class='ocrx_word' id='word_1_316' title='bbox 2657 923 2763 979; x_wconf 75' lang='grc' dir='ltr'><strong>ὑπὸ</strong></span> <span class='ocrx_word' id='word_1_317' title='bbox 2808 925 3053 998; x_wconf 83' lang='grc' dir='ltr'><strong>σεισμῶν</strong></span> <span class='ocrx_word' id='word_1_318' title='bbox 3093 927 3445 1000; x_wconf 77' lang='grc' dir='ltr'><strong>ἠθεούπολις</strong></span> <span class='ocrx_word' id='word_1_319' title='bbox 3481 932 3684 988; x_wconf 70' lang='grc' dir='ltr'><strong>ἔπαθεν.</strong></span> 
     </span>
    </p>
   </div>
   <div class='ocr_carea' id='block_1_61' title="bbox 2192 1093 3686 1170">
    <p class='ocr_par' dir='ltr' id='par_1_61' title="bbox 2192 1093 3686 1170">
     <span class='ocr_line' id='line_1_61' title="bbox 2192 1093 3686 1170; baseline 0.003 -21"><span class='ocrx_word' id='word_1_320' title='bbox 2192 1093 2269 1149; x_wconf 85' lang='grc' dir='ltr'><strong>Θ’.</strong></span> <span class='ocrx_word' id='word_1_321' title='bbox 2334 1094 2422 1158; x_wconf 81' lang='grc' dir='ltr'><strong>Ὠς</strong></span> <span class='ocrx_word' id='word_1_322' title='bbox 2466 1095 2517 1150; x_wconf 81' lang='grc' dir='ltr'><strong>οἱ</strong></span> <span class='ocrx_word' id='word_1_323' title='bbox 2574 1093 2852 1167; x_wconf 79' lang='grc' dir='ltr'><strong>Βάρσαροι</strong></span> <span class='ocrx_word' id='word_1_324' title='bbox 2906 1095 3284 1170; x_wconf 73' lang='grc' dir='ltr'><strong>θαρρήσαντες</strong></span> <span class='ocrx_word' id='word_1_325' title='bbox 3316 1100 3381 1170; x_wconf 68' lang='grc' dir='ltr'><strong>τῇ</strong></span> <span class='ocrx_word' id='word_1_326' title='bbox 3410 1097 3501 1153; x_wconf 79' lang='grc' dir='ltr'><strong>τοῦ</strong></span> <span class='ocrx_word' id='word_1_327' title='bbox 3534 1117 3686 1169; x_wconf 83' lang='grc' dir='ltr'><strong>στρα-</strong></span> 
     </span>
    </p>
   </div>
   <div class='ocr_carea' id='block_1_62' title="bbox 2115 1186 3689 1263">
    <p class='ocr_par' dir='ltr' id='par_1_62' title="bbox 2115 1186 3689 1263">
     <span class='ocr_line' id='line_1_62' title="bbox 2115 1186 3689 1263; baseline 0.004 -23"><span class='ocrx_word' id='word_1_328' title='bbox 2115 1186 2211 1242; x_wconf 81' lang='grc' dir='ltr'><strong>τοῦ</strong></span> <span class='ocrx_word' id='word_1_329' title='bbox 2246 1188 2391 1243; x_wconf 81' lang='grc' dir='ltr'><strong>κατὰ</strong></span> <span class='ocrx_word' id='word_1_330' title='bbox 2431 1188 2526 1242; x_wconf 83' lang='grc' dir='ltr'><strong>τοῦ</strong></span> <span class='ocrx_word' id='word_1_331' title='bbox 2569 1187 2834 1259; x_wconf 85' lang='grc' dir='ltr'><strong>βασιλέως</strong></span> <span class='ocrx_word' id='word_1_332' title='bbox 2865 1190 3188 1258; x_wconf 82' lang='grc' dir='ltr'><strong>ἀποστάσει,</strong></span> <span class='ocrx_word' id='word_1_333' title='bbox 3215 1190 3426 1256; x_wconf 84' lang='grc' dir='ltr'><strong>τούτοις</strong></span> <span class='ocrx_word' id='word_1_334' title='bbox 3469 1192 3689 1263; x_wconf 76' lang='grc' dir='ltr'><strong>προσϐα-</strong></span> 
     </span>
    </p>
   </div>
   <div class='ocr_carea' id='block_1_63' title="bbox 2115 1279 3135 1355">
    <p class='ocr_par' dir='ltr' id='par_1_63' title="bbox 2115 1279 3135 1355">
     <span class='ocr_line' id='line_1_63' title="bbox 2115 1279 3135 1355; baseline 0.006 -22"><span class='ocrx_word' id='word_1_335' title='bbox 2115 1279 2321 1346; x_wconf 84' lang='grc' dir='ltr'><strong>λόντες,</strong></span> <span class='ocrx_word' id='word_1_336' title='bbox 2356 1282 2462 1335; x_wconf 81' lang='grc' dir='ltr'><strong>ὑπὸ</strong></span> <span class='ocrx_word' id='word_1_337' title='bbox 2485 1281 2768 1353; x_wconf 84' lang='grc' dir='ltr'><strong>Γερμανοῦ</strong></span> <span class='ocrx_word' id='word_1_338' title='bbox 2799 1282 3135 1355; x_wconf 74' lang='grc' dir='ltr'><strong>ἡττήθησαν.</strong></span> 
     </span>
    </p>
   </div>
   <div class='ocr_carea' id='block_1_64' title="bbox 2187 1374 3686 1448">
    <p class='ocr_par' dir='ltr' id='par_1_64' title="bbox 2187 1374 3686 1448">
     <span class='ocr_line' id='line_1_64' title="bbox 2187 1374 3686 1448; baseline 0.003 -20"><span class='ocrx_word' id='word_1_339' title='bbox 2187 1375 2245 1428; x_wconf 88' lang='lat' dir='ltr'><strong>I&#39;.</strong></span> <span class='ocrx_word' id='word_1_340' title='bbox 2296 1375 2434 1446; x_wconf 78' lang='grc' dir='ltr'><strong>Περὶ</strong></span> <span class='ocrx_word' id='word_1_341' title='bbox 2488 1374 2589 1448; x_wconf 81' lang='grc' dir='ltr'><strong>τῆς</strong></span> <span class='ocrx_word' id='word_1_342' title='bbox 2636 1374 2734 1429; x_wconf 82' lang='grc' dir='ltr'><strong>τοῦ</strong></span> <span class='ocrx_word' id='word_1_343' title='bbox 2774 1374 3069 1447; x_wconf 85' lang='grc' dir='ltr'><strong>βασιλέως-</strong></span> <span class='ocrx_word' id='word_1_344' title='bbox 3099 1377 3179 1441; x_wconf 84' lang='grc' dir='ltr'><strong>είς</strong></span> <span class='ocrx_word' id='word_1_345' title='bbox 3217 1376 3343 1441; x_wconf 83' lang='grc' dir='ltr'><strong>τοὺς</strong></span> <span class='ocrx_word' id='word_1_346' title='bbox 3394 1375 3686 1441; x_wconf 76' lang='grc' dir='ltr'><strong>ἀποστάτας</strong></span> 
     </span>
    </p>
   </div>
   <div class='ocr_carea' id='block_1_65' title="bbox 2115 1467 2551 1541">
    <p class='ocr_par' dir='ltr' id='par_1_65' title="bbox 2115 1467 2551 1541">
     <span class='ocr_line' id='line_1_65' title="bbox 2115 1467 2551 1541; baseline 0.007 -21"><span class='ocrx_word' id='word_1_347' title='bbox 2115 1467 2551 1541; x_wconf 78' lang='grc' dir='ltr'><strong>φιλανθρωπίας.</strong></span> 
     </span>
    </p>
   </div>
   <div class='ocr_carea' id='block_1_66' title="bbox 2186 1557 3686 1634">
    <p class='ocr_par' dir='ltr' id='par_1_66' title="bbox 2186 1557 3686 1634">
     <span class='ocr_line' id='line_1_66' title="bbox 2186 1557 3686 1634; baseline 0.002 -21"><span class='ocrx_word' id='word_1_348' title='bbox 2186 1557 2292 1615; x_wconf 83' lang='grc' dir='ltr'><strong>1Δ’.</strong></span> <span class='ocrx_word' id='word_1_349' title='bbox 2339 1561 2424 1624; x_wconf 73' lang='grc' dir='ltr'><strong>Ὠς</strong></span> <span class='ocrx_word' id='word_1_350' title='bbox 2470 1561 2771 1634; x_wconf 81' lang='grc' dir='ltr'><strong>Γρηγόριος</strong></span> <span class='ocrx_word' id='word_1_351' title='bbox 2820 1564 2849 1617; x_wconf 87' lang='grc' dir='ltr'>ὁ</span> <span class='ocrx_word' id='word_1_352' title='bbox 2896 1560 3248 1626; x_wconf 83' lang='grc' dir='ltr'><strong>Θεουπόλεως</strong></span> <span class='ocrx_word' id='word_1_353' title='bbox 3297 1561 3377 1625; x_wconf 80' lang='grc' dir='ltr'><strong>είς</strong></span> <span class='ocrx_word' id='word_1_354' title='bbox 3414 1560 3686 1631; x_wconf 78' lang='grc' dir='ltr'><strong>διαλλαγὰς</strong></span> 
     </span>
    </p>
   </div>
   <div class='ocr_carea' id='block_1_67' title="bbox 2112 1651 3471 1725">
    <p class='ocr_par' dir='ltr' id='par_1_67' title="bbox 2112 1651 3471 1725">
     <span class='ocr_line' id='line_1_67' title="bbox 2112 1651 3471 1725; baseline 0.003 -17"><span class='ocrx_word' id='word_1_355' title='bbox 2112 1651 2453 1725; x_wconf 76' lang='grc' dir='ltr'><strong>ἐξαπεστάλη</strong></span> <span class='ocrx_word' id='word_1_356' title='bbox 2488 1653 2582 1707; x_wconf 80' lang='grc' dir='ltr'><strong>τοῦ</strong></span> <span class='ocrx_word' id='word_1_357' title='bbox 2623 1653 2878 1725; x_wconf 78' lang='grc' dir='ltr'><strong>στρατοῦ.</strong></span> <span class='ocrx_word' id='word_1_358' title='bbox 3462 1662 3471 1671; x_wconf 75' lang='grc'><strong>⁸</strong></span> 
     </span>
    </p>
   </div>
   <div class='ocr_carea' id='block_1_68' title="bbox 2184 1745 3549 1820">
    <p class='ocr_par' dir='ltr' id='par_1_68' title="bbox 2184 1745 3549 1820">
     <span class='ocr_line' id='line_1_68' title="bbox 2184 1745 3549 1820; baseline 0 -20"><span class='ocrx_word' id='word_1_359' title='bbox 2184 1745 2286 1801; x_wconf 87' lang='grc' dir='ltr'><strong>ιΒ’.</strong></span> <span class='ocrx_word' id='word_1_360' title='bbox 2324 1747 2647 1819; x_wconf 86' lang='grc' dir='ltr'><strong>Δημηγορία</strong></span> <span class='ocrx_word' id='word_1_361' title='bbox 2673 1748 2981 1819; x_wconf 86' lang='grc' dir='ltr'><strong>Γρηγορίου</strong></span> <span class='ocrx_word' id='word_1_362' title='bbox 3013 1745 3147 1820; x_wconf 72' lang='grc' dir='ltr'><strong>πρδς</strong></span> <span class='ocrx_word' id='word_1_363' title='bbox 3179 1748 3274 1802; x_wconf 71' lang='grc' dir='ltr'><strong>τὸν</strong></span> <span class='ocrx_word' id='word_1_364' title='bbox 3304 1746 3549 1820; x_wconf 81' lang='grc' dir='ltr'><strong>στρατόν.</strong></span> 
     </span>
    </p>
   </div>
   <div class='ocr_carea' id='block_1_69' title="bbox 2191 1839 3692 1912">
    <p class='ocr_par' dir='ltr' id='par_1_69' title="bbox 2191 1839 3692 1912">
     <span class='ocr_line' id='line_1_69' title="bbox 2191 1839 3692 1912; baseline -0.003 -19"><span class='ocrx_word' id='word_1_365' title='bbox 2191 1840 2291 1894; x_wconf 81' lang='lat' dir='ltr'><strong>ll&quot;.</strong></span> <span class='ocrx_word' id='word_1_366' title='bbox 2322 1840 2445 1894; x_wconf 89' lang='grc' dir='ltr'><strong>Ὅτι</strong></span> <span class='ocrx_word' id='word_1_367' title='bbox 2489 1841 2631 1912; x_wconf 85' lang='grc' dir='ltr'><strong>μετά</strong></span> <span class='ocrx_word' id='word_1_368' title='bbox 2694 1839 2755 1894; x_wconf 82' lang='grc' dir='ltr'><strong>τὸ</strong></span> <span class='ocrx_word' id='word_1_369' title='bbox 2795 1840 3187 1912; x_wconf 79' lang='grc' dir='ltr'><strong>δημηγορῆσαι</strong></span> <span class='ocrx_word' id='word_1_370' title='bbox 3219 1839 3540 1912; x_wconf 84' lang='grc' dir='ltr'><strong>Γρηγόριον,</strong></span> <span class='ocrx_word' id='word_1_371' title='bbox 3577 1854 3692 1909; x_wconf 81' lang='grc' dir='ltr'><strong>μετ-</strong></span> 
     </span>
    </p>
   </div>
   <div class='ocr_carea' id='block_1_70' title="bbox 2117 1929 3692 2005">
    <p class='ocr_par' dir='ltr' id='par_1_70' title="bbox 2117 1929 3692 2005">
     <span class='ocr_line' id='line_1_70' title="bbox 2117 1929 3692 2005; baseline -0.003 -19"><span class='ocrx_word' id='word_1_372' title='bbox 2117 1932 2303 1986; x_wconf 86' lang='grc' dir='ltr'><strong>έθεντο</strong></span> <span class='ocrx_word' id='word_1_373' title='bbox 2330 1933 2451 1997; x_wconf 81' lang='grc' dir='ltr'><strong>ταῖς</strong></span> <span class='ocrx_word' id='word_1_374' title='bbox 2479 1930 2731 2001; x_wconf 76' lang='grc' dir='ltr'><strong>γνώμαις</strong></span> <span class='ocrx_word' id='word_1_375' title='bbox 2756 1934 2805 1986; x_wconf 78' lang='grc' dir='ltr'><strong>οἱ</strong></span> <span class='ocrx_word' id='word_1_376' title='bbox 2839 1933 3195 2005; x_wconf 81' lang='grc' dir='ltr'><strong>στρατιῶται,</strong></span> <span class='ocrx_word' id='word_1_377' title='bbox 3216 1933 3314 1986; x_wconf 80' lang='grc' dir='ltr'><strong>καὶ</strong></span> <span class='ocrx_word' id='word_1_378' title='bbox 3343 1930 3502 1986; x_wconf 89' lang='grc' dir='ltr'><strong>πάλιν</strong></span> <span class='ocrx_word' id='word_1_379' title='bbox 3523 1929 3692 2001; x_wconf 76' lang='grc' dir='ltr'><strong>δέχον-</strong></span> 
     </span>
    </p>
   </div>
   <div class='ocr_carea' id='block_1_71' title="bbox 2116 2006 3398 2096">
    <p class='ocr_par' dir='ltr' id='par_1_71' title="bbox 2116 2006 3398 2096">
     <span class='ocr_line' id='line_1_71' title="bbox 2116 2006 3398 2096; baseline 0.002 -19"><span class='ocrx_word' id='word_1_380' title='bbox 2116 2041 2206 2078; x_wconf 86' lang='grc' dir='ltr'><strong>ται</strong></span> <span class='ocrx_word' id='word_1_381' title='bbox 2237 2023 2565 2078; x_wconf 77' lang='grc' dir='ltr'><strong>Φιλιππικὸν</strong></span> <span class='ocrx_word' id='word_1_382' title='bbox 2596 2025 2926 2096; x_wconf 83' lang='grc' dir='ltr'><strong>στρατηγόν.</strong></span> <span class='ocrx_word' id='word_1_383' title='bbox 3393 2006 3398 2011; x_wconf 23' lang='grc' dir='ltr'><strong>ι</strong></span> 
     </span>
    </p>
   </div>
   <div class='ocr_carea' id='block_1_72' title="bbox 2188 2113 3458 2188">
    <p class='ocr_par' dir='ltr' id='par_1_72' title="bbox 2188 2113 3458 2188">
     <span class='ocr_line' id='line_1_72' title="bbox 2188 2113 3458 2188; baseline -0.001 -18"><span class='ocrx_word' id='word_1_384' title='bbox 2188 2119 2287 2170; x_wconf 82' lang='grc' dir='ltr'><strong>1Δ’.</strong></span> <span class='ocrx_word' id='word_1_385' title='bbox 2334 2117 2472 2188; x_wconf 76' lang='grc' dir='ltr'><strong>Περὶ</strong></span> <span class='ocrx_word' id='word_1_386' title='bbox 2507 2117 2605 2187; x_wconf 83' lang='grc' dir='ltr'><strong>τῆς</strong></span> <span class='ocrx_word' id='word_1_387' title='bbox 2645 2118 2902 2182; x_wconf 78' lang='grc' dir='ltr'><strong>ἁλώσεως</strong></span> <span class='ocrx_word' id='word_1_388' title='bbox 2950 2113 3458 2188; x_wconf 78' lang='grc' dir='ltr'><strong>Μαρτυροπόλεως.</strong></span> 
     </span>
    </p>
   </div>
   <div class='ocr_carea' id='block_1_73' title="bbox 2189 2204 3690 2283">
    <p class='ocr_par' dir='ltr' id='par_1_73' title="bbox 2189 2204 3690 2283">
     <span class='ocr_line' id='line_1_73' title="bbox 2189 2204 3690 2283; baseline -0.001 -19"><span class='ocrx_word' id='word_1_389' title='bbox 2189 2209 2291 2264; x_wconf 83' lang='lat' dir='ltr'><strong>lE&#39;.</strong></span> <span class='ocrx_word' id='word_1_390' title='bbox 2322 2212 2459 2279; x_wconf 71' lang='grc' dir='ltr'><strong>Περὶ</strong></span> <span class='ocrx_word' id='word_1_391' title='bbox 2500 2211 2601 2277; x_wconf 83' lang='grc' dir='ltr'><strong>τῆς</strong></span> <span class='ocrx_word' id='word_1_392' title='bbox 2636 2210 2974 2283; x_wconf 77' lang='grc' dir='ltr'><strong>στρατηγίας</strong></span> <span class='ocrx_word' id='word_1_393' title='bbox 3006 2208 3404 2281; x_wconf 81' lang='grc' dir='ltr'><strong>Κομεντιόλου,</strong></span> <span class='ocrx_word' id='word_1_394' title='bbox 3435 2207 3529 2262; x_wconf 75' lang='grc' dir='ltr'><strong>καὶ</strong></span> <span class='ocrx_word' id='word_1_395' title='bbox 3558 2204 3690 2262; x_wconf 77' lang='grc' dir='ltr'><strong>ἀλώ-</strong></span> 
     </span>
    </p>
   </div>
   <div class='ocr_carea' id='block_1_74' title="bbox 2117 2302 2651 2367">
    <p class='ocr_par' dir='ltr' id='par_1_74' title="bbox 2117 2302 2651 2367">
     <span class='ocr_line' id='line_1_74' title="bbox 2117 2302 2651 2367; baseline 0.006 -11"><span class='ocrx_word' id='word_1_396' title='bbox 2117 2320 2255 2365; x_wconf 86' lang='grc' dir='ltr'><strong>σεως</strong></span> <span class='ocrx_word' id='word_1_397' title='bbox 2298 2302 2394 2358; x_wconf 79' lang='grc' dir='ltr'><strong>τοῦ</strong></span> <span class='ocrx_word' id='word_1_398' title='bbox 2421 2303 2651 2367; x_wconf 79' lang='grc' dir='ltr'><strong>’οκ6ας.</strong></span> 
     </span>
    </p>
   </div>
   <div class='ocr_carea' id='block_1_75' title="bbox 2185 2394 3322 2469">
    <p class='ocr_par' dir='ltr' id='par_1_75' title="bbox 2185 2394 3322 2469">
     <span class='ocr_line' id='line_1_75' title="bbox 2185 2394 3322 2469; baseline 0.002 -20"><span class='ocrx_word' id='word_1_399' title='bbox 2185 2394 2300 2464; x_wconf 75' lang='lat' dir='ltr'><strong>tq&#39;.</strong></span> <span class='ocrx_word' id='word_1_400' title='bbox 2332 2398 2469 2468; x_wconf 69' lang='grc' dir='ltr'><strong>Περὶ</strong></span> <span class='ocrx_word' id='word_1_401' title='bbox 2495 2398 2596 2467; x_wconf 87' lang='grc' dir='ltr'><strong>τῆς</strong></span> <span class='ocrx_word' id='word_1_402' title='bbox 2628 2397 2964 2469; x_wconf 80' lang='grc' dir='ltr'><strong>ἀναιρέσεως</strong></span> <span class='ocrx_word' id='word_1_403' title='bbox 3006 2396 3322 2469; x_wconf 86' lang='grc' dir='ltr'><strong>Ὀρμίσδου.</strong></span> 
     </span>
    </p>
   </div>
   <div class='ocr_carea' id='block_1_76' title="bbox 2181 2483 3693 2560">
    <p class='ocr_par' dir='ltr' id='par_1_76' title="bbox 2181 2483 3693 2560">
     <span class='ocr_line' id='line_1_76' title="bbox 2181 2483 3693 2560; baseline -0.002 -17"><span class='ocrx_word' id='word_1_404' title='bbox 2181 2487 2285 2543; x_wconf 83' lang='grc' dir='ltr'><strong>ΙΖ’.</strong></span> <span class='ocrx_word' id='word_1_405' title='bbox 2334 2488 2472 2557; x_wconf 79' lang='grc' dir='ltr'><strong>Περὶ</strong></span> <span class='ocrx_word' id='word_1_406' title='bbox 2525 2487 2624 2559; x_wconf 77' lang='grc' dir='ltr'><strong>τῆς</strong></span> <span class='ocrx_word' id='word_1_407' title='bbox 2661 2490 2799 2560; x_wconf 71' lang='grc' dir='ltr'><strong>πρὸς</strong></span> <span class='ocrx_word' id='word_1_408' title='bbox 2847 2488 2997 2560; x_wconf 77' lang='grc' dir='ltr'><strong>ἡμᾶς</strong></span> <span class='ocrx_word' id='word_1_409' title='bbox 3055 2489 3238 2559; x_wconf 82' lang='grc' dir='ltr'><strong>φυγῆς</strong></span> <span class='ocrx_word' id='word_1_410' title='bbox 3278 2483 3377 2541; x_wconf 78' lang='grc' dir='ltr'><strong>τοῦ</strong></span> <span class='ocrx_word' id='word_1_411' title='bbox 3432 2484 3551 2540; x_wconf 85' lang='grc' dir='ltr'><strong>νέου</strong></span> <span class='ocrx_word' id='word_1_412' title='bbox 3597 2485 3693 2540; x_wconf 83' lang='lat' dir='ltr'><strong>Xo-</strong></span> 
     </span>
    </p>
   </div>
   <div class='ocr_carea' id='block_1_77' title="bbox 2115 2579 2301 2651">
    <p class='ocr_par' dir='ltr' id='par_1_77' title="bbox 2115 2579 2301 2651">
     <span class='ocr_line' id='line_1_77' title="bbox 2115 2579 2301 2651; baseline 0.011 -19"><span class='ocrx_word' id='word_1_413' title='bbox 2115 2579 2301 2651; x_wconf 85' lang='grc' dir='ltr'><strong>σρόου.</strong></span> 
     </span>
    </p>
   </div>
   <div class='ocr_carea' id='block_1_78' title="bbox 2184 2666 3695 2742">
    <p class='ocr_par' dir='ltr' id='par_1_78' title="bbox 2184 2666 3695 2742">
     <span class='ocr_line' id='line_1_78' title="bbox 2184 2666 3695 2742; baseline -0.003 -18"><span class='ocrx_word' id='word_1_414' title='bbox 2184 2671 2294 2724; x_wconf 77' lang='lat'><strong>111&#39;.</strong></span> <span class='ocrx_word' id='word_1_415' title='bbox 2352 2669 2440 2734; x_wconf 78' lang='grc' dir='ltr'><strong>Ὠς</strong></span> <span class='ocrx_word' id='word_1_416' title='bbox 2481 2670 2511 2723; x_wconf 83' lang='grc' dir='ltr'>ὁ</span> <span class='ocrx_word' id='word_1_417' title='bbox 2551 2669 2808 2741; x_wconf 76' lang='grc' dir='ltr'><strong>βασιλεὺς</strong></span> <span class='ocrx_word' id='word_1_418' title='bbox 2864 2669 3172 2742; x_wconf 86' lang='grc' dir='ltr'><strong>Γρηγόριον</strong></span> <span class='ocrx_word' id='word_1_419' title='bbox 3231 2671 3329 2725; x_wconf 79' lang='grc' dir='ltr'><strong>καὶ</strong></span> <span class='ocrx_word' id='word_1_420' title='bbox 3381 2666 3695 2742; x_wconf 73' lang='grc' dir='ltr'><strong>Δομετιανὸν</strong></span> 
     </span>
    </p>
   </div>
   <div class='ocr_carea' id='block_1_79' title="bbox 2112 2761 3267 2834">
    <p class='ocr_par' dir='ltr' id='par_1_79' title="bbox 2112 2761 3267 2834">
     <span class='ocr_line' id='line_1_79' title="bbox 2112 2761 3267 2834; baseline -0.001 -17"><span class='ocrx_word' id='word_1_421' title='bbox 2112 2762 2195 2826; x_wconf 78' lang='grc' dir='ltr'><strong>εις</strong></span> <span class='ocrx_word' id='word_1_422' title='bbox 2225 2761 2537 2833; x_wconf 83' lang='grc' dir='ltr'><strong>ἀπάντησιν</strong></span> <span class='ocrx_word' id='word_1_423' title='bbox 2576 2764 2824 2834; x_wconf 85' lang='grc' dir='ltr'><strong>Χοσρόου</strong></span> <span class='ocrx_word' id='word_1_424' title='bbox 2860 2762 3267 2827; x_wconf 77' lang='grc' dir='ltr'><strong>ἐξαπέστειλεν.</strong></span> 
     </span>
    </p>
   </div>
   <div class='ocr_carea' id='block_1_80' title="bbox 2184 2849 3698 2927">
    <p class='ocr_par' dir='ltr' id='par_1_80' title="bbox 2184 2849 3698 2927">
     <span class='ocr_line' id='line_1_80' title="bbox 2184 2849 3698 2927; baseline -0.002 -19"><span class='ocrx_word' id='word_1_425' title='bbox 2184 2854 2287 2909; x_wconf 76' lang='grc' dir='ltr'><strong>ιθσ.</strong></span> <span class='ocrx_word' id='word_1_426' title='bbox 2334 2854 2423 2914; x_wconf 82' lang='grc' dir='ltr'><strong>Ὦς</strong></span> <span class='ocrx_word' id='word_1_427' title='bbox 2460 2853 2624 2909; x_wconf 88' lang='grc' dir='ltr'><strong>πάλιν</strong></span> <span class='ocrx_word' id='word_1_428' title='bbox 2658 2855 2759 2925; x_wconf 81' lang='grc' dir='ltr'><strong>τὴν</strong></span> <span class='ocrx_word' id='word_1_429' title='bbox 2784 2853 2960 2925; x_wconf 79' lang='grc' dir='ltr'><strong>ἀρχὴν</strong></span> <span class='ocrx_word' id='word_1_430' title='bbox 2993 2853 3222 2927; x_wconf 83' lang='grc' dir='ltr'><strong>Περσῶν</strong></span> <span class='ocrx_word' id='word_1_431' title='bbox 3247 2853 3501 2926; x_wconf 79' lang='grc' dir='ltr'><strong>Χοσρόης</strong></span> <span class='ocrx_word' id='word_1_432' title='bbox 3528 2849 3698 2917; x_wconf 69' lang='grc' dir='ltr'><strong>ἔλαϐε,</strong></span> 
     </span>
    </p>
   </div>
   <div class='ocr_carea' id='block_1_81' title="bbox 2127 2946 3039 3019">
    <p class='ocr_par' dir='ltr' id='par_1_81' title="bbox 2127 2946 3039 3019">
     <span class='ocr_line' id='line_1_81' title="bbox 2127 2946 3039 3019; baseline 0.002 -19"><span class='ocrx_word' id='word_1_433' title='bbox 2127 2946 2413 3018; x_wconf 83' lang='grc' dir='ltr'><strong>Ῥωμαίων</strong></span> <span class='ocrx_word' id='word_1_434' title='bbox 2445 2947 2595 3018; x_wconf 81' lang='grc' dir='ltr'><strong>αὐτῷ</strong></span> <span class='ocrx_word' id='word_1_435' title='bbox 2626 2946 3039 3019; x_wconf 79' lang='grc' dir='ltr'><strong>συναραμένων.</strong></span> 
     </span>
    </p>
   </div>
   <div class='ocr_carea' id='block_1_82' title="bbox 2183 3034 3695 3113">
    <p class='ocr_par' dir='ltr' id='par_1_82' title="bbox 2183 3034 3695 3113">
     <span class='ocr_line' id='line_1_82' title="bbox 2183 3034 3695 3113; baseline -0.003 -18"><span class='ocrx_word' id='word_1_436' title='bbox 2183 3040 2270 3096; x_wconf 63' lang='grc' dir='ltr'><strong>ις’.</strong></span> <span class='ocrx_word' id='word_1_437' title='bbox 2305 3040 2428 3094; x_wconf 80' lang='grc' dir='ltr'><strong>Ὀτι</strong></span> <span class='ocrx_word' id='word_1_438' title='bbox 2453 3040 2577 3094; x_wconf 82' lang='grc' dir='ltr'><strong>κατ’</strong></span> <span class='ocrx_word' id='word_1_439' title='bbox 2609 3041 2788 3094; x_wconf 82' lang='grc' dir='ltr'><strong>ἐκεῖνο</strong></span> <span class='ocrx_word' id='word_1_440' title='bbox 2808 3038 3006 3113; x_wconf 76' lang='grc' dir='ltr'><strong>καιροῦ</strong></span> <span class='ocrx_word' id='word_1_441' title='bbox 3032 3041 3067 3111; x_wconf 75' lang='grc' dir='ltr'>ἡ</span> <span class='ocrx_word' id='word_1_442' title='bbox 3097 3039 3230 3108; x_wconf 81' lang='grc' dir='ltr'><strong>ἁγία</strong></span> <span class='ocrx_word' id='word_1_443' title='bbox 3274 3041 3463 3113; x_wconf 76' lang='grc' dir='ltr'><strong>μήτηρ</strong></span> <span class='ocrx_word' id='word_1_444' title='bbox 3493 3034 3561 3111; x_wconf 78' lang='grc' dir='ltr'><strong>ἦν</strong></span> <span class='ocrx_word' id='word_1_445' title='bbox 3603 3036 3695 3092; x_wconf 77' lang='grc' dir='ltr'><strong>Γοο</strong></span> 
     </span>
    </p>
   </div>
   <div class='ocr_carea' id='block_1_83' title="bbox 2035 3131 2365 3228">
    <p class='ocr_par' dir='ltr' id='par_1_83' title="bbox 2035 3131 2365 3228">
     <span class='ocr_line' id='line_1_83' title="bbox 2035 3131 2365 3228; baseline -0.006 -40"><span class='ocrx_word' id='word_1_446' title='bbox 2035 3168 2080 3228; x_wconf 78' lang='lat' dir='ltr'><strong>c</strong></span> <span class='ocrx_word' id='word_1_447' title='bbox 2111 3131 2365 3204; x_wconf 83' lang='grc' dir='ltr'><strong>λανδούχ.</strong></span> 
     </span>
    </p>
   </div>
   <div class='ocr_carea' id='block_1_84' title="bbox 2189 3216 3699 3298">
    <p class='ocr_par' dir='ltr' id='par_1_84' title="bbox 2189 3216 3699 3298">
     <span class='ocr_line' id='line_1_84' title="bbox 2189 3216 3699 3298; baseline -0.005 -17"><span class='ocrx_word' id='word_1_448' title='bbox 2189 3224 2325 3281; x_wconf 78' lang='lat' dir='ltr'><strong>KA&#39;.</strong></span> <span class='ocrx_word' id='word_1_449' title='bbox 2374 3226 2514 3296; x_wconf 76' lang='grc' dir='ltr'><strong>Περὶ</strong></span> <span class='ocrx_word' id='word_1_450' title='bbox 2566 3218 2643 3281; x_wconf 79' lang='grc' dir='ltr'><strong>ὧν</strong></span> <span class='ocrx_word' id='word_1_451' title='bbox 2678 3224 2904 3298; x_wconf 71' lang='grc' dir='ltr'><strong>¹ἔπεμψε</strong></span> <span class='ocrx_word' id='word_1_452' title='bbox 2933 3223 3183 3297; x_wconf 83' lang='grc' dir='ltr'><strong>Χοσρόης</strong></span> <span class='ocrx_word' id='word_1_453' title='bbox 3234 3216 3699 3296; x_wconf 73' lang='grc' dir='ltr'><strong>ἀναθημάτωντιῖ)</strong></span> 
     </span>
    </p>
   </div>
   <div class='ocr_carea' id='block_1_85' title="bbox 2119 3316 2814 3390">
    <p class='ocr_par' dir='ltr' id='par_1_85' title="bbox 2119 3316 2814 3390">
     <span class='ocr_line' id='line_1_85' title="bbox 2119 3316 2814 3390; baseline 0.001 -19"><span class='ocrx_word' id='word_1_454' title='bbox 2119 3316 2262 3388; x_wconf 78' lang='grc' dir='ltr'><strong>ἀγίῳ</strong></span> <span class='ocrx_word' id='word_1_455' title='bbox 2296 3316 2538 3388; x_wconf 85' lang='grc' dir='ltr'><strong>μάρτυρι</strong></span> <span class='ocrx_word' id='word_1_456' title='bbox 2578 3317 2814 3390; x_wconf 79' lang='grc' dir='ltr'><strong>Σεργίῳ.</strong></span> 
     </span>
    </p>
   </div>
   <div class='ocr_carea' id='block_1_86' title="bbox 2191 3407 3343 3480">
    <p class='ocr_par' dir='ltr' id='par_1_86' title="bbox 2191 3407 3343 3480">
     <span class='ocr_line' id='line_1_86' title="bbox 2191 3407 3343 3480; baseline 0.001 -18"><span class='ocrx_word' id='word_1_457' title='bbox 2191 3408 2320 3463; x_wconf 79' lang='lat' dir='ltr'><strong>KB&#39;.</strong></span> <span class='ocrx_word' id='word_1_458' title='bbox 2352 3409 2493 3480; x_wconf 82' lang='grc' dir='ltr'><strong>Περὶ</strong></span> <span class='ocrx_word' id='word_1_459' title='bbox 2529 3408 2835 3480; x_wconf 86' lang='grc' dir='ltr'><strong>Νααμάνου</strong></span> <span class='ocrx_word' id='word_1_460' title='bbox 2863 3407 2960 3463; x_wconf 83' lang='grc' dir='ltr'><strong>τοῦ</strong></span> <span class='ocrx_word' id='word_1_461' title='bbox 2992 3408 3343 3480; x_wconf 81' lang='grc' dir='ltr'><strong>Σαρακηνοῦ.</strong></span> 
     </span>
    </p>
   </div>
   <div class='ocr_carea' id='block_1_87' title="bbox 2188 3493 3698 3572">
    <p class='ocr_par' dir='ltr' id='par_1_87' title="bbox 2188 3493 3698 3572">
     <span class='ocr_line' id='line_1_87' title="bbox 2188 3493 3698 3572; baseline -0.001 -19"><span class='ocrx_word' id='word_1_462' title='bbox 2188 3498 2317 3553; x_wconf 73' lang='lat' dir='ltr'><strong>Kl&quot;.</strong></span> <span class='ocrx_word' id='word_1_463' title='bbox 2356 3500 2492 3571; x_wconf 74' lang='grc' dir='ltr'><strong>Περὶ</strong></span> <span class='ocrx_word' id='word_1_464' title='bbox 2510 3499 2610 3571; x_wconf 87' lang='grc' dir='ltr'><strong>τῆς</strong></span> <span class='ocrx_word' id='word_1_465' title='bbox 2639 3499 2900 3572; x_wconf 83' lang='grc' dir='ltr'><strong>τελευτῆς</strong></span> <span class='ocrx_word' id='word_1_466' title='bbox 2926 3499 3021 3555; x_wconf 81' lang='grc' dir='ltr'><strong>τοῦ</strong></span> <span class='ocrx_word' id='word_1_467' title='bbox 3046 3502 3107 3555; x_wconf 81' lang='grc' dir='ltr'><strong>ἐν</strong></span> <span class='ocrx_word' id='word_1_468' title='bbox 3137 3501 3320 3570; x_wconf 85' lang='grc' dir='ltr'><strong>ἀγίοις</strong></span> <span class='ocrx_word' id='word_1_469' title='bbox 3349 3498 3579 3572; x_wconf 83' lang='grc' dir='ltr'><strong>Συμεὼν</strong></span> <span class='ocrx_word' id='word_1_470' title='bbox 3611 3493 3698 3551; x_wconf 76' lang='grc' dir='ltr'><strong>τοῦ</strong></span> 
     </span>
    </p>
   </div>
   <div class='ocr_carea' id='block_1_88' title="bbox 2118 3587 2556 3647">
    <p class='ocr_par' dir='ltr' id='par_1_88' title="bbox 2118 3587 2556 3647">
     <span class='ocr_line' id='line_1_88' title="bbox 2118 3587 2556 3647; baseline 0.005 -3"><span class='ocrx_word' id='word_1_471' title='bbox 2118 3587 2241 3644; x_wconf 84' lang='grc' dir='ltr'><strong>νέου</strong></span> <span class='ocrx_word' id='word_1_472' title='bbox 2272 3588 2556 3647; x_wconf 82' lang='grc' dir='ltr'><strong>Στυλίτου.</strong></span> 
     </span>
    </p>
   </div>
   <div class='ocr_carea' id='block_1_89' title="bbox 2189 3680 3703 3755">
    <p class='ocr_par' dir='ltr' id='par_1_89' title="bbox 2189 3680 3703 3755">
     <span class='ocr_line' id='line_1_89' title="bbox 2189 3680 3703 3755; baseline 0 -20"><span class='ocrx_word' id='word_1_473' title='bbox 2189 3682 2463 3753; x_wconf 76' lang='grc' dir='ltr'><strong>ΚΔ’.ῐΙερὶ</strong></span> <span class='ocrx_word' id='word_1_474' title='bbox 2485 3684 2585 3752; x_wconf 83' lang='grc' dir='ltr'><strong>τῆς</strong></span> <span class='ocrx_word' id='word_1_475' title='bbox 2610 3681 2867 3754; x_wconf 81' lang='grc' dir='ltr'><strong>τελευτῆς</strong></span> <span class='ocrx_word' id='word_1_476' title='bbox 2885 3682 3192 3755; x_wconf 86' lang='grc' dir='ltr'><strong>Γρηγορίου</strong></span> <span class='ocrx_word' id='word_1_477' title='bbox 3211 3683 3516 3739; x_wconf 71' lang='grc' dir='ltr'><strong>ἐπισκόπου</strong></span> <span class='ocrx_word' id='word_1_478' title='bbox 3536 3680 3703 3736; x_wconf 64' lang='grc' dir='ltr'><strong>Θεουα</strong></span> 
     </span>
    </p>
   </div>
   <div class='ocr_carea' id='block_1_90' title="bbox 2116 3773 3424 3841">
    <p class='ocr_par' dir='ltr' id='par_1_90' title="bbox 2116 3773 3424 3841">
     <span class='ocr_line' id='line_1_90' title="bbox 2116 3773 3424 3841; baseline 0.004 -13"><span class='ocrx_word' id='word_1_479' title='bbox 2116 3773 2349 3839; x_wconf 79' lang='grc' dir='ltr'><strong>πόλεως,</strong></span> <span class='ocrx_word' id='word_1_480' title='bbox 2380 3773 2476 3829; x_wconf 75' lang='grc' dir='ltr'><strong>καὶ</strong></span> <span class='ocrx_word' id='word_1_481' title='bbox 2499 3774 3000 3841; x_wconf 82' lang='grc' dir='ltr'><strong>ἀποκαταστάσεως</strong></span> <span class='ocrx_word' id='word_1_482' title='bbox 3042 3776 3424 3833; x_wconf 81' lang='grc' dir='ltr'><strong>’Δναστασίου.</strong></span> 
     </span>
    </p>
   </div>
   <div class='ocr_carea' id='block_1_91' title="bbox 2545 4091 3286 4150">
    <p class='ocr_par' dir='ltr' id='par_1_91' title="bbox 2545 4091 3286 4150">
     <span class='ocr_line' id='line_1_91' title="bbox 2545 4091 3286 4150; baseline 0.004 -3"><span class='ocrx_word' id='word_1_483' title='bbox 2545 4091 2946 4148; x_wconf 76' lang='grc' dir='ltr'><strong>ΚΕΦΔΔΔΙΟΝ</strong></span> <span class='ocrx_word' id='word_1_484' title='bbox 2990 4092 3286 4150; x_wconf 78' lang='grc' dir='ltr'><strong>ΠΡΩΤΟΝ.</strong></span> 
     </span>
    </p>
   </div>
   <div class='ocr_carea' id='block_1_92' title="bbox 2026 4200 3594 4280">
    <p class='ocr_par' dir='ltr' id='par_1_92' title="bbox 2026 4200 3594 4280">
     <span class='ocr_line' id='line_1_92' title="bbox 2026 4200 3594 4280; baseline 0.004 -22"><span class='ocrx_word' id='word_1_485' title='bbox 2026 4220 2079 4280; x_wconf 80' lang='grc' dir='ltr'><strong>ι)</strong></span> <span class='ocrx_word' id='word_1_486' title='bbox 2197 4200 2339 4271; x_wconf 76' lang='grc' dir='ltr'><strong>Περὶ</strong></span> <span class='ocrx_word' id='word_1_487' title='bbox 2368 4201 2474 4257; x_wconf 78' lang='grc' dir='ltr'><strong>τοῦ</strong></span> <span class='ocrx_word' id='word_1_488' title='bbox 2508 4202 2699 4275; x_wconf 73' lang='grc' dir='ltr'><strong>γάμου</strong></span> <span class='ocrx_word' id='word_1_489' title='bbox 2721 4206 3058 4274; x_wconf 81' lang='grc' dir='ltr'><strong>Μαυρικιου</strong></span> <span class='ocrx_word' id='word_1_490' title='bbox 3082 4205 3181 4262; x_wconf 70' lang='grc' dir='ltr'><strong>καὶ</strong></span> <span class='ocrx_word' id='word_1_491' title='bbox 3201 4208 3594 4279; x_wconf 70' lang='grc' dir='ltr'><strong>Δὺγούστης.</strong></span> 
     </span>
    </p>
   </div>
   <div class='ocr_carea' id='block_1_93' title="bbox 2180 4314 3692 4392">
    <p class='ocr_par' dir='ltr' id='par_1_93' title="bbox 2180 4314 3692 4392">
     <span class='ocr_line' id='line_1_93' title="bbox 2180 4314 3692 4392; baseline 0.001 -22"><span class='ocrx_word' id='word_1_492' title='bbox 2180 4314 2490 4387; x_wconf 76' lang='grc' dir='ltr'><strong>Μαυρίκιος</strong></span> <span class='ocrx_word' id='word_1_493' title='bbox 2532 4315 2610 4381; x_wconf 81' lang='grc' dir='ltr'><strong>δέ,</strong></span> <span class='ocrx_word' id='word_1_494' title='bbox 2642 4316 2765 4370; x_wconf 76' lang='grc' dir='ltr'><strong>ἐπεὶ</strong></span> <span class='ocrx_word' id='word_1_495' title='bbox 2810 4316 3121 4388; x_wconf 83' lang='grc' dir='ltr'><strong>παρέλαϐεν</strong></span> <span class='ocrx_word' id='word_1_496' title='bbox 3143 4318 3240 4390; x_wconf 76' lang='grc' dir='ltr'><strong>τὴν</strong></span> <span class='ocrx_word' id='word_1_497' title='bbox 3267 4321 3476 4392; x_wconf 76' lang='grc' dir='ltr'><strong>ἀρχὴν,</strong></span> <span class='ocrx_word' id='word_1_498' title='bbox 3509 4318 3692 4391; x_wconf 59' lang='grc' dir='ltr'><strong>πρῶτα</strong></span> 
     </span>
    </p>
   </div>
   <div class='ocr_carea' id='block_1_94' title="bbox 2109 4404 3695 4478">
    <p class='ocr_par' dir='ltr' id='par_1_94' title="bbox 2109 4404 3695 4478">
     <span class='ocr_line' id='line_1_94' title="bbox 2109 4404 3695 4478; baseline 0.001 -19"><span class='ocrx_word' id='word_1_499' title='bbox 2109 4405 2208 4477; x_wconf 80' lang='grc' dir='ltr'><strong>μὲν</strong></span> <span class='ocrx_word' id='word_1_500' title='bbox 2242 4404 2312 4458; x_wconf 84' lang='grc' dir='ltr'><strong>τὰ</strong></span> <span class='ocrx_word' id='word_1_501' title='bbox 2362 4405 2496 4478; x_wconf 65' lang='grc' dir='ltr'><strong>περὶ¹</strong></span> <span class='ocrx_word' id='word_1_502' title='bbox 2543 4405 2638 4459; x_wconf 82' lang='grc' dir='ltr'><strong>τὸν</strong></span> <span class='ocrx_word' id='word_1_503' title='bbox 2682 4406 2860 4477; x_wconf 84' lang='grc' dir='ltr'><strong>γάμον</strong></span> <span class='ocrx_word' id='word_1_504' title='bbox 2899 4406 3228 4477; x_wconf 66' lang='grc' dir='ltr'><strong>ἐξηρτύετο*</strong></span> <span class='ocrx_word' id='word_1_505' title='bbox 3261 4409 3361 4463; x_wconf 75' lang='grc' dir='ltr'><strong>καὶ</strong></span> <span class='ocrx_word' id='word_1_506' title='bbox 3402 4411 3546 4463; x_wconf 88' lang='grc' dir='ltr'><strong>κατά</strong></span> <span class='ocrx_word' id='word_1_507' title='bbox 3575 4408 3695 4472; x_wconf 81' lang='grc' dir='ltr'><strong>τοὺς</strong></span> 
     </span>
    </p>
   </div>
   <div class='ocr_carea' id='block_1_95' title="bbox 2106 4497 3693 4572">
    <p class='ocr_par' dir='ltr' id='par_1_95' title="bbox 2106 4497 3693 4572">
     <span class='ocr_line' id='line_1_95' title="bbox 2106 4497 3693 4572; baseline 0.002 -21"><span class='ocrx_word' id='word_1_508' title='bbox 2106 4497 2424 4569; x_wconf 82' lang='grc' dir='ltr'><strong>βασιλικοὺς</strong></span> <span class='ocrx_word' id='word_1_509' title='bbox 2450 4499 2690 4568; x_wconf 77' lang='grc' dir='ltr'><strong>θεσμοὺς</strong></span> <span class='ocrx_word' id='word_1_510' title='bbox 2724 4498 3066 4568; x_wconf 77' lang='grc' dir='ltr'><strong>Αὑγοῦσταν,</strong></span> <span class='ocrx_word' id='word_1_511' title='bbox 3096 4501 3195 4572; x_wconf 81' lang='grc' dir='ltr'><strong>τὴν</strong></span> <span class='ocrx_word' id='word_1_512' title='bbox 3221 4503 3317 4555; x_wconf 79' lang='grc' dir='ltr'><strong>καὶ</strong></span> <span class='ocrx_word' id='word_1_513' title='bbox 3347 4499 3693 4557; x_wconf 83' lang='grc' dir='ltr'><strong>κωνσταντί-</strong></span> 
     </span>
    </p>
   </div>
   <div class='ocr_carea' id='block_1_96' title="bbox 2103 4591 3693 4669">
    <p class='ocr_par' dir='ltr' id='par_1_96' title="bbox 2103 4591 3693 4669">
     <span class='ocr_line' id='line_1_96' title="bbox 2103 4591 3693 4669; baseline 0.002 -23"><span class='ocrx_word' id='word_1_514' title='bbox 2103 4609 2223 4659; x_wconf 87' lang='grc' dir='ltr'><strong>ναν,</strong></span> <span class='ocrx_word' id='word_1_515' title='bbox 2263 4591 2613 4657; x_wconf 76' lang='grc' dir='ltr'><strong>ἐσοικίζεται·</strong></span> <span class='ocrx_word' id='word_1_516' title='bbox 2641 4591 2742 4664; x_wconf 86' lang='grc' dir='ltr'><strong>τῆς</strong></span> <span class='ocrx_word' id='word_1_517' title='bbox 2781 4609 2843 4646; x_wconf 88' lang='grc' dir='ltr'><strong>τε</strong></span> <span class='ocrx_word' id='word_1_518' title='bbox 2884 4594 2994 4647; x_wconf 79' lang='grc' dir='ltr'><strong>τῶν</strong></span> <span class='ocrx_word' id='word_1_519' title='bbox 3025 4596 3221 4667; x_wconf 88' lang='grc' dir='ltr'><strong>γάμων</strong></span> <span class='ocrx_word' id='word_1_520' title='bbox 3265 4598 3497 4669; x_wconf 83' lang='grc' dir='ltr'><strong>πομπῆς</strong></span> <span class='ocrx_word' id='word_1_521' title='bbox 3529 4612 3693 4668; x_wconf 85' lang='grc' dir='ltr'><strong>μεγα-</strong></span> 
     </span>
    </p>
   </div>
   <div class='ocr_carea' id='block_1_97' title="bbox 2103 4684 3695 4759">
    <p class='ocr_par' dir='ltr' id='par_1_97' title="bbox 2103 4684 3695 4759">
     <span class='ocr_line' id='line_1_97' title="bbox 2103 4684 3695 4759; baseline 0.001 -21"><span class='ocrx_word' id='word_1_522' title='bbox 2103 4685 2395 4755; x_wconf 78' lang='grc' dir='ltr'><strong>λοπρεπῶς</strong></span> <span class='ocrx_word' id='word_1_523' title='bbox 2418 4684 2820 4756; x_wconf 86' lang='grc' dir='ltr'><strong>γεγενημένης,</strong></span> <span class='ocrx_word' id='word_1_524' title='bbox 2854 4685 3203 4757; x_wconf 83' lang='grc' dir='ltr'><strong>δημοθοινίας</strong></span> <span class='ocrx_word' id='word_1_525' title='bbox 3227 4705 3308 4754; x_wconf 87' lang='grc' dir='ltr'><strong>τε,</strong></span> <span class='ocrx_word' id='word_1_526' title='bbox 3347 4691 3446 4745; x_wconf 68' lang='grc' dir='ltr'><strong>καὶ</strong></span> <span class='ocrx_word' id='word_1_527' title='bbox 3490 4691 3695 4759; x_wconf 85' lang='grc' dir='ltr'><strong>ἀγερω-</strong></span> 
     </span>
    </p>
   </div>
   <div class='ocr_carea' id='block_1_98' title="bbox 2105 4778 3691 4853">
    <p class='ocr_par' dir='ltr' id='par_1_98' title="bbox 2105 4778 3691 4853">
     <span class='ocr_line' id='line_1_98' title="bbox 2105 4778 3691 4853; baseline 0.001 -22"><span class='ocrx_word' id='word_1_528' title='bbox 2105 4779 2230 4849; x_wconf 86' lang='grc' dir='ltr'><strong>χίας</strong></span> <span class='ocrx_word' id='word_1_529' title='bbox 2262 4778 2571 4848; x_wconf 84' lang='grc' dir='ltr'><strong>ἐκασταχοῦ</strong></span> <span class='ocrx_word' id='word_1_530' title='bbox 2603 4779 2703 4847; x_wconf 86' lang='grc' dir='ltr'><strong>τῆς</strong></span> <span class='ocrx_word' id='word_1_531' title='bbox 2744 4781 2978 4844; x_wconf 75' lang='grc' dir='ltr'><strong>πόλεως.</strong></span> <span class='ocrx_word' id='word_1_532' title='bbox 3015 4780 3277 4852; x_wconf 80' lang='grc' dir='ltr'><strong>Παρῆσαν</strong></span> <span class='ocrx_word' id='word_1_533' title='bbox 3318 4782 3377 4835; x_wconf 80' lang='grc' dir='ltr'><strong>δέ</strong></span> <span class='ocrx_word' id='word_1_534' title='bbox 3409 4783 3489 4853; x_wconf 85' lang='grc' dir='ltr'><strong>τῷ</strong></span> <span class='ocrx_word' id='word_1_535' title='bbox 3513 4783 3691 4852; x_wconf 86' lang='grc' dir='ltr'><strong>γάμῳ,</strong></span> 
     </span>
    </p>
   </div>
   <div class='ocr_carea' id='block_1_99' title="bbox 2105 4870 3694 4943">
    <p class='ocr_par' dir='ltr' id='par_1_99' title="bbox 2105 4870 3694 4943">
     <span class='ocr_line' id='line_1_99' title="bbox 2105 4870 3694 4943; baseline 0 -18"><span class='ocrx_word' id='word_1_536' title='bbox 2105 4870 2391 4925; x_wconf 70' lang='grc' dir='ltr'><strong>θεοσέϐειά</strong></span> <span class='ocrx_word' id='word_1_537' title='bbox 2443 4888 2503 4924; x_wconf 85' lang='grc' dir='ltr'><strong>τε</strong></span> <span class='ocrx_word' id='word_1_538' title='bbox 2559 4872 2655 4924; x_wconf 75' lang='grc' dir='ltr'><strong>καὶ</strong></span> <span class='ocrx_word' id='word_1_539' title='bbox 2689 4870 2935 4941; x_wconf 76' lang='grc' dir='ltr'><strong>βασιλεία</strong></span> <span class='ocrx_word' id='word_1_540' title='bbox 2980 4871 3377 4943; x_wconf 79' lang='grc' dir='ltr'><strong>δορυφοροῦσαί</strong></span> <span class='ocrx_word' id='word_1_541' title='bbox 3407 4891 3469 4928; x_wconf 82' lang='grc' dir='ltr'><strong>τε</strong></span> <span class='ocrx_word' id='word_1_542' title='bbox 3499 4876 3694 4943; x_wconf 85' lang='grc' dir='ltr'><strong>ἐκπρε-</strong></span> 
     </span>
    </p>
   </div>
   <div class='ocr_carea' id='block_1_100' title="bbox 2104 4962 3694 5035">
    <p class='ocr_par' dir='ltr' id='par_1_100' title="bbox 2104 4962 3694 5035">
     <span class='ocr_line' id='line_1_100' title="bbox 2104 4962 3694 5035; baseline 0 -21"><span class='ocrx_word' id='word_1_543' title='bbox 2104 4963 2388 5025; x_wconf 86' lang='grc' dir='ltr'><strong>πέστατα,</strong></span> <span class='ocrx_word' id='word_1_544' title='bbox 2420 4963 2517 5017; x_wconf 82' lang='grc' dir='ltr'><strong>καὶ</strong></span> <span class='ocrx_word' id='word_1_545' title='bbox 2559 4962 2968 5035; x_wconf 72' lang='grc' dir='ltr'><strong>δωροοροροῦσαι</strong></span> <span class='ocrx_word' id='word_1_546' title='bbox 3017 4964 3088 5017; x_wconf 73' lang='grc' dir='ltr'><strong>τὰ</strong></span> <span class='ocrx_word' id='word_1_547' title='bbox 3124 4964 3459 5034; x_wconf 76' lang='grc' dir='ltr'><strong>τιμιώτατα.</strong></span> <span class='ocrx_word' id='word_1_548' title='bbox 3504 4965 3567 5018; x_wconf 82' lang='grc' dir='ltr'><em>Ἡ</em></span> <span class='ocrx_word' id='word_1_549' title='bbox 3599 4964 3694 5031; x_wconf 83' lang='grc' dir='ltr'><strong>μὲν</strong></span> 
     </span>
    </p>
   </div>
   <div class='ocr_carea' id='block_1_101' title="bbox 2103 5054 3693 5129">
    <p class='ocr_par' dir='ltr' id='par_1_101' title="bbox 2103 5054 3693 5129">
     <span class='ocr_line' id='line_1_101' title="bbox 2103 5054 3693 5129; baseline -0.001 -22"><span class='ocrx_word' id='word_1_550' title='bbox 2103 5055 2214 5125; x_wconf 82' lang='grc' dir='ltr'><strong>γὰρ</strong></span> <span class='ocrx_word' id='word_1_551' title='bbox 2260 5054 2474 5125; x_wconf 86' lang='grc' dir='ltr'><strong>πατέρα</strong></span> <span class='ocrx_word' id='word_1_552' title='bbox 2519 5056 2615 5108; x_wconf 77' lang='grc' dir='ltr'><strong>καὶ</strong></span> <span class='ocrx_word' id='word_1_553' title='bbox 2665 5055 2881 5127; x_wconf 88' lang='grc' dir='ltr'><strong>μητέρα</strong></span> <span class='ocrx_word' id='word_1_554' title='bbox 2947 5056 3266 5127; x_wconf 82' lang='grc' dir='ltr'><strong>παρείχετο,</strong></span> <span class='ocrx_word' id='word_1_555' title='bbox 3296 5060 3476 5129; x_wconf 76' lang='grc' dir='ltr'><strong>σεμνῇ</strong></span> <span class='ocrx_word' id='word_1_556' title='bbox 3514 5055 3693 5125; x_wconf 83' lang='grc' dir='ltr'><strong>πολιᾷ,</strong></span> 
     </span>
    </p>
   </div>
   <div class='ocr_carea' id='block_1_102' title="bbox 2103 5146 3693 5218">
    <p class='ocr_par' dir='ltr' id='par_1_102' title="bbox 2103 5146 3693 5218">
     <span class='ocr_line' id='line_1_102' title="bbox 2103 5146 3693 5218; baseline -0.001 -19"><span class='ocrx_word' id='word_1_557' title='bbox 2103 5146 2371 5216; x_wconf 83' lang='grc' dir='ltr'><strong>αἱδεσίμῳ</strong></span> <span class='ocrx_word' id='word_1_558' title='bbox 2400 5162 2463 5199; x_wconf 88' lang='grc' dir='ltr'><strong>τε</strong></span> <span class='ocrx_word' id='word_1_559' title='bbox 2492 5146 2667 5216; x_wconf 80' lang='grc' dir='ltr'><strong>ρυτίδι</strong></span> <span class='ocrx_word' id='word_1_560' title='bbox 2697 5146 2787 5200; x_wconf 85' lang='grc' dir='ltr'><strong>τὸν</strong></span> <span class='ocrx_word' id='word_1_561' title='bbox 2814 5147 2991 5214; x_wconf 86' lang='grc' dir='ltr'><strong>γάμον</strong></span> <span class='ocrx_word' id='word_1_562' title='bbox 3022 5147 3372 5215; x_wconf 78' lang='grc' dir='ltr'><strong>ἀγιάσοντας,</strong></span> <span class='ocrx_word' id='word_1_563' title='bbox 3414 5150 3516 5218; x_wconf 79' lang='grc' dir='ltr'><strong>οὐχ</strong></span> <span class='ocrx_word' id='word_1_564' title='bbox 3552 5150 3693 5200; x_wconf 76' lang='grc' dir='ltr'><strong>ἱστο-</strong></span> 
     </span>
    </p>
   </div>
   <div class='ocr_carea' id='block_1_103' title="bbox 2107 5235 3691 5308">
    <p class='ocr_par' dir='ltr' id='par_1_103' title="bbox 2107 5235 3691 5308">
     <span class='ocr_line' id='line_1_103' title="bbox 2107 5235 3691 5308; baseline -0.003 -18"><span class='ocrx_word' id='word_1_565' title='bbox 2107 5236 2269 5308; x_wconf 81' lang='grc' dir='ltr'><strong>ρηθὲν</strong></span> <span class='ocrx_word' id='word_1_566' title='bbox 2300 5238 2358 5300; x_wconf 80' lang='grc' dir='ltr'><strong>ἐς</strong></span> <span class='ocrx_word' id='word_1_567' title='bbox 2390 5236 2436 5267; x_wconf 87' lang='grc'>³³</span> <span class='ocrx_word' id='word_1_568' title='bbox 2466 5236 2723 5307; x_wconf 77' lang='grc' dir='ltr'><strong>βασιλέας</strong></span> <span class='ocrx_word' id='word_1_569' title='bbox 2773 5235 2995 5290; x_wconf 83' lang='grc' dir='ltr'><strong>πώποτε</strong></span> <span class='ocrx_word' id='word_1_570' title='bbox 3022 5277 3038 5301; x_wconf 92' lang='grc'><strong>,</strong></span> <span class='ocrx_word' id='word_1_571' title='bbox 3069 5237 3335 5305; x_wconf 70' lang='grc' dir='ltr'><strong>ἀδελφούς</strong></span> <span class='ocrx_word' id='word_1_572' title='bbox 3380 5254 3440 5290; x_wconf 85' lang='grc' dir='ltr'><strong>τε</strong></span> <span class='ocrx_word' id='word_1_573' title='bbox 3499 5235 3691 5294; x_wconf 65' lang='grc' dir='ltr'><strong>καλοὺς</strong></span> 
     </span>
    </p>
   </div>
   <div class='ocr_carea' id='block_1_104' title="bbox 2104 5325 3690 5401">
    <p class='ocr_par' dir='ltr' id='par_1_104' title="bbox 2104 5325 3690 5401">
     <span class='ocr_line' id='line_1_104' title="bbox 2104 5325 3690 5401; baseline -0.003 -18"><span class='ocrx_word' id='word_1_574' title='bbox 2104 5332 2197 5383; x_wconf 75' lang='grc' dir='ltr'><strong>καὶ</strong></span> <span class='ocrx_word' id='word_1_575' title='bbox 2220 5328 2458 5401; x_wconf 74' lang='grc' dir='ltr'><strong>ὡραίους</strong></span> <span class='ocrx_word' id='word_1_576' title='bbox 2487 5329 2586 5400; x_wconf 77' lang='grc' dir='ltr'><strong>τὴν</strong></span> <span class='ocrx_word' id='word_1_577' title='bbox 2636 5328 2905 5400; x_wconf 87' lang='grc' dir='ltr'><strong>γαμήλιον</strong></span> <span class='ocrx_word' id='word_1_578' title='bbox 2932 5329 3162 5399; x_wconf 79' lang='grc' dir='ltr'><strong>πομπὴν</strong></span> <span class='ocrx_word' id='word_1_579' title='bbox 3194 5330 3583 5401; x_wconf 80' lang='grc' dir='ltr'><strong>σεμνύνοντας.</strong></span> <span class='ocrx_word' id='word_1_580' title='bbox 3632 5325 3690 5378; x_wconf 83' lang='lat' dir='ltr'><strong>&#39;H</strong></span> 
     </span>
    </p>
   </div>
   <div class='ocr_carea' id='block_1_105' title="bbox 2102 5419 3690 5494">
    <p class='ocr_par' dir='ltr' id='par_1_105' title="bbox 2102 5419 3690 5494">
     <span class='ocr_line' id='line_1_105' title="bbox 2102 5419 3690 5494; baseline -0.001 -21"><span class='ocrx_word' id='word_1_581' title='bbox 2102 5421 2155 5473; x_wconf 79' lang='grc' dir='ltr'><strong>δέ</strong></span> <span class='ocrx_word' id='word_1_582' title='bbox 2182 5437 2267 5489; x_wconf 81' lang='grc' dir='ltr'><strong>γε,</strong></span> <span class='ocrx_word' id='word_1_583' title='bbox 2299 5421 2623 5493; x_wconf 85' lang='grc' dir='ltr'><strong>ἀμπεχόνην</strong></span> <span class='ocrx_word' id='word_1_584' title='bbox 2656 5422 3059 5494; x_wconf 80' lang='grc' dir='ltr'><strong>χρυσόπαστον,</strong></span> <span class='ocrx_word' id='word_1_585' title='bbox 3091 5420 3373 5493; x_wconf 64' lang='grc' dir='ltr'><strong>ἁλουργίδι</strong></span> <span class='ocrx_word' id='word_1_586' title='bbox 3402 5421 3502 5475; x_wconf 72' lang='grc' dir='ltr'><strong>καὶ</strong></span> <span class='ocrx_word' id='word_1_587' title='bbox 3529 5419 3690 5481; x_wconf 76' lang='grc' dir='ltr'><strong>λίθοις</strong></span> 
     </span>
    </p>
   </div>
   <div class='ocr_carea' id='block_1_106' title="bbox 2116 5509 3691 5586">
    <p class='ocr_par' dir='ltr' id='par_1_106' title="bbox 2116 5509 3691 5586">
     <span class='ocr_line' id='line_1_106' title="bbox 2116 5509 3691 5586; baseline -0.003 -19"><span class='ocrx_word' id='word_1_588' title='bbox 2116 5513 2295 5567; x_wconf 79' lang='grc' dir='ltr'><strong>Ἰνδῶν</strong></span> <span class='ocrx_word' id='word_1_589' title='bbox 2331 5514 2778 5585; x_wconf 74' lang='grc' dir='ltr'><strong>κεκοτμημένην,</strong></span> <span class='ocrx_word' id='word_1_590' title='bbox 2828 5515 3130 5585; x_wconf 76' lang='grc' dir='ltr'><strong>στεφάνους</strong></span> <span class='ocrx_word' id='word_1_591' title='bbox 3178 5531 3235 5567; x_wconf 83' lang='grc' dir='ltr'><strong>τε</strong></span> <span class='ocrx_word' id='word_1_592' title='bbox 3273 5512 3466 5586; x_wconf 89' lang='grc' dir='ltr'><strong>χρυσῷ</strong></span> <span class='ocrx_word' id='word_1_593' title='bbox 3517 5509 3691 5578; x_wconf 73' lang='grc' dir='ltr'><strong>πολλῷ</strong></span> 
     </span>
    </p>
   </div>
   <div class='ocr_carea' id='block_1_107' title="bbox 1718 5652 2404 5712">
    <p class='ocr_par' dir='ltr' id='par_1_107' title="bbox 1718 5652 2404 5712">
     <span class='ocr_line' id='line_1_107' title="bbox 1718 5652 2404 5712; baseline 0.009 -6"><span class='ocrx_word' id='word_1_594' title='bbox 1718 5652 1950 5710; x_wconf 68' lang='lat' dir='ltr'><strong>VARUS</strong></span> <span class='ocrx_word' id='word_1_595' title='bbox 1993 5652 2404 5712; x_wconf 61' lang='lat' dir='ltr'><strong>LECTIUNES.</strong></span> 
     </span>
    </p>
   </div>
   <div class='ocr_carea' id='block_1_108' title="bbox 480 5769 846 5832">
    <p class='ocr_par' dir='ltr' id='par_1_108' title="bbox 480 5769 846 5832">
     <span class='ocr_line' id='line_1_108' title="bbox 480 5769 846 5832; baseline 0.025 -14"><span class='ocrx_word' id='word_1_596' title='bbox 480 5780 528 5818; x_wconf 73' lang='grc' dir='ltr'><strong>οι</strong></span> <span class='ocrx_word' id='word_1_597' title='bbox 558 5772 621 5829; x_wconf 85' lang='lat' dir='ltr'><strong>C.</strong></span> <span class='ocrx_word' id='word_1_598' title='bbox 654 5771 716 5828; x_wconf 83' lang='lat' dir='ltr'><strong>G.</strong></span> <span class='ocrx_word' id='word_1_599' title='bbox 750 5769 846 5832; x_wconf 71' lang='grc' dir='ltr'><strong>ὡς.</strong></span> 
     </span>
    </p>
   </div>
  </div>
