3982 6406
436 359 509 422 28
518 360 581 425 i7

1403 440 1411 449 ,
1616 371 1955 463 EVAGRII‘
1982 369 2477 437 SCHOLASTICI

427 491 549 532 cem
580 486 636 531 et
659 477 979 535 Palaestinas
1005 484 1138 547 tres,
1170 494 1276 551 ope
1302 479 1669 539 barbarorum
1700 498 1843 551 quos
1874 485 2023 540 circa

2144 484 2237 538 τῶν
2279 484 2418 556 ἀμφ’
2448 484 2611 539 αὐτὸν
2641 485 2956 559 βαρϐάρων,
2988 490 3076 543 ὅτε
3112 490 3546 566 ’Δλαμοῦνδαρος
3572 496 3699 568 ἦλω,

3572 383 3703 452 εδιδ

428 582 489 623 se
545 568 804 634 habebat,
866 574 1162 643 pepulatus
1212 573 1413 633 fuerat.
1473 583 1529 629 et
1584 575 1638 631 in
1694 577 2022 633 servitutem

2144 576 2353 630 πάντων
2400 576 2569 630 αὐτοῦ
2600 570 2831 631 Θάνατον
2876 581 3440 654 καταψηφισαμένων,
3474 589 3531 640 ἐν
3562 590 3706 644 ἐλευ-

431 660 741 732 redegerat,
763 679 829 718 eo
855 674 1103 735 tempore
1123 682 1233 736 quo
1255 676 1449 736 captus
1467 676 1553 722 est
1573 668 1984 724 Alamundarus
2006 689 2019 725 :

431 768 557 806 cum
596 770 789 811 omnes
812 757 1031 827 iudices
1060 773 1188 813 eum
1218 760 1438 829 capitali
1471 760 1745 830 supplicio
1775 762 2023 817 allicien-

431 841 561 896 dum
593 859 713 897 esse
755 847 1136 911 censuissent,
1174 849 1229 902 in
1267 849 1445 903 libera
1479 852 1729 906 custodia
1758 852 2020 917 detinuit,

2132 668 2268 740 θέρᾳ
2314 669 2530 739 φυλακῇ
2585 673 2830 740 φρουρεῖ,
2884 673 3052 744 μηδὲν
3104 675 3363 730 ἐπέκεινα
3401 679 3602 734 κακῶν.
3640 684 3704 736 ’Δ

2132 764 2226 816 καὶ
2265 764 2353 831 ἐφ’
2412 764 2626 832 ἑτέροις
2669 762 2995 836 ἀναρίθμοις
3045 765 3353 839 πέπρακεν,
3401 769 3477 834 ὡς
3504 771 3702 828 ἕκαστα

2130 854 2459 925 προσφόρως
2490 853 2788 918 λελέξεται.

432 941 583 994 nullo
613 942 850 1009 amplius
875 943 1020 998 malo
1045 959 1171 999 eum
1204 945 1465 1001 multans.
1498 946 1702 1003 Eadem
1729 948 2022 1003 clementia
2061 965 2195 1005 usus
2225 959 2310 1005 εει
2339 949 2506 1005 etiam
2569 964 2698 1021 erga
2733 950 2870 1008 alios
2901 952 3354 1022 innumerabiles,
3390 965 3451 1012 ut
3517 959 3700 1031 singil-

433 1036 582 1089 latim
612 1036 863 1091 dicemus
892 1054 993 1093 suo
1020 1039 1163 1095 loco.

991 1157 1154 1228 455
1179 1158 1332 1214 CAP.
1364 1161 1453 1217 lli.

433 1243 509 1299 De
537 1245 749 1300 Joanne
797 1255 849 1301 et
891 1247 1212 1321 Philippica,
1258 1252 1531 1321 magistris
1568 1251 1832 1318 militum,
1869 1258 1919 1305 et
1960 1250 2023 1305 de

886 1319 1039 1373 rebus
1065 1323 1129 1375 ab
1165 1319 1366 1376 iisdem'
1380 1323 1559 1393 gestis.

505 1429 677 1485 Porro
705 1432 1028 1502 magistrum
1063 1431 1366 1488 Orientalis
1395 1433 1627 1496 militiae,
1663 1434 1844 1504 primo
1894 1431 2024 1503 qui-

432 1523 559 1578 dem
596 1523 863 1579 Joannem
900 1525 1074 1588 misit,
1101 1526 1400 1580 oriundum
1434 1542 1499 1580 ex
1534 1524 1791 1579 Thracia.
1827 1523 1930 1590 Qui
1968 1525 2023 1579 in

433 1615 647 1684 aliquot
676 1616 911 1685 proeliis,
948 1616 1225 1671 interdum
1281 1616 1535 1682 adversa,
1583 1615 1861 1670 interdum
1898 1631 2027 1685 pro-

435 1715 682 1785 speriore
713 1716 935 1771 fortuna
969 1732 1122 1783 usus,
1151 1716 1289 1772 nihil
1322 1716 1591 1772 memoria
1626 1716 1852 1788 dignum
1895 1731 2025 1785 ges-

433 1808 526 1864 sit.
578 1808 719 1864 lluic
750 1809 951 1865 deinde
1002 1826 1387 1866 successorem
1436 1810 1588 1865 misit
1629 1807 2023 1879 Philippicum,

2732 1164 2984 1220 ΚΕΦΑΛ.
3036 1168 3112 1222 Γ’.

2129 1254 2275 1324 Περὶ
2324 1254 2441 1337 τῆς
2464 1259 2828 1337 στρατηγίας
2877 1257 3162 1337 Ἶωὰνηου
3195 1259 3292 1313 καὶ
3329 1262 3702 1334 Φιλιππικοῦ,

2626 1323 2725 1381 καί
2765 1323 2855 1383 ὧν
2882 1327 3255 1398 πεπράκασι.

2202 1438 2469 1509 Πέπομρε
2529 1438 2629 1510 μὲν
2678 1436 2776 1494 οὖν
2829 1442 2859 1495 ὁ
2909 1442 3218 1513 Μαυρίκιος
3263 1448 3570 1518 στρατηγὸν
3605 1450 3706 1505 τῶν

2148 1528 2327 1601 Ἐῴων
2365 1531 2685 1602 ταγμάτων,
2724 1533 2919 1604 πρῶτα
2951 1534 3051 1604 μὲν
3114 1536 3371 1607 Ἰωάννην
3420 1542 3493 1609 (Ιι)
3528 1542 3706 1615 Θρᾷκα

2130 1621 2308 1688 γένος.
2343 1624 2438 1688 Ὃς
2471 1623 2593 1676 τινὰ
2642 1625 2744 1696 μὲν
2783 1626 3041 1690 πταίσας,
3068 1629 3191 1682 τινά
3222 1629 3279 1683 δὲ
3319 1632 3411 1685 καὶ
3438 1632 3706 1703 ἀναμαχεο

2133 1715 2391 1785 σάμενος,
2423 1716 2578 1770 οὐδὲν
2605 1717 2633 1771 ὅ
2659 1734 2710 1772 τι
2743 1719 2837 1771 καὶ
2882 1719 3042 1787 λόγου
3080 1719 3230 1786 ἄξιον
3265 1722 3539 1795 πέπραχε.
3581 1725 3707 1782 Μετ’

2133 1804 2298 1859 αὐτόν
2337 1805 2395 1859 δὲ
2426 1805 2777 1872 Φιλιππικὸν,
2809 1808 2971 1874 κῆδος
3009 1810 3145 1880 πρὸς
3182 1809 3348 1863 αὐτὸν
3378 1812 3586 1883 ἔχοντα’
3614 1815 3706 1884 τὴν

432 1899 695 1956 ailinitate
725 1900 827 1971 ipsi
859 1902 1241 1972 coniunctum.
1276 1902 1518 1957 Alteram
1552 1902 1699 1956 enim
1729 1870 1796 1954 eti
1818 1870 2028 1954 “Mauri-

2144 1895 2329 1966 ἑτέραν
2360 1896 2468 1966 γὰρ
2489 1898 2609 1949 ταῖν
2642 1870 2902 1967 ἀδελφαῖν
2927 1870 3093 1953 αὐτοῦ
3126 1870 3465 1972 γεγαμήκεῖ.
3502 1905 3591 1967 ’0;
3619 1870 3707 1958 κᾶι

434 1991 504 2047 cii
536 1993 846 2059 sororibus,
879 2008 1106 2048 uxorem
1130 1993 1384 2049 duxerat.
1418 1992 1522 2060 Qui
1557 1992 1611 2047 in
1645 1991 1889 2046 hostium
1942 2006 2030 2045 re-

433 2080 655 2152 sionem
719 2081 1029 2152 ingressus.
1068 2091 1126 2138 et
1155 2083 1319 2139 obvia
1369 2098 1602 2152 qumque
1636 2080 2026 2151 depopulatus,

434 2173 644 2245 ingenti
669 2174 854 2244 praeda
891 2176 1103 2246 potitus
1140 2185 1247 2231 est.
1283 2175 1484 2230 Multos
1516 2188 1737 2245 quoque
1765 2189 1832 2227 ex
1862 2170 2027 2227 nobi-

434 2266 584 2321 libus
613 2267 914 2331 Nisibenis,
948 2277 1006 2322 et
1050 2284 1117 2323 ex
1148 2268 1273 2323 aliis
1295 2268 1530 2322 urbibus
1552 2282 1675 2336 quae
1706 2276 1836 2321 sunt
1883 2265 2028 2318 intra

436 2357 666 2412 ﬂuvium
713 2359 943 2430 Tigrim,
992 2359 1291 2415 interfecit.
1356 2358 1618 2415 Conflixit
1675 2358 1841 2413 etiam
1900 2366 2027 2411 cum

437 2451 621 2507 Persis
655 2467 668 2503 :
701 2453 1105 2521 commissaque
1128 2453 1337 2524 ingenti
1375 2467 1581 2523 pugna,
1608 2459 1665 2505 et
1707 2448 1899 2505 multis
1933 2446 2027 2518 qui

439 2544 586 2597 inter
627 2543 826 2597 Persas
860 2543 1048 2597 eximii
1081 2543 1452 2606 habebantur,
1494 2540 1716 2604 occisis,
1749 2554 1860 2593 non
1896 2553 2032 2607 patr-

437 2647 533 2688 eos
561 2633 718 2687 vivos
756 2634 923 2703 cepit.
964 2631 1227 2688 Turmam
1290 2633 1423 2687 item
1478 2632 1771 2687 Persarum
1817 2645 1939 2699 qua:
1974 2627 2030 2682 in

437 2725 631 2781 collem
674 2725 970 2795 quemdam
1023 2725 1158 2781 satis
1210 2724 1501 2781 commode
1540 2724 1707 2779 situm
1759 2730 2028 2787 evaserat,

438 2832 562 2872 cum
620 2832 818 2887 capere
878 2824 1106 2887 posset,
1171 2816 1396 2872 illaesam
1455 2815 1690 2880 dimisit,
1736 2824 2031 2884 postquam

438 2908 669 2976 polliciti
718 2916 905 2963 essent
938 2923 1303 2978 persuasuros
1343 2923 1403 2963 se
1464 2906 1579 2977 regi
1628 2906 1935 2960 Persarum
1972 2914 2035 2960 ut

440 2996 652 3067 legatos
679 2997 747 3052 de
773 3013 908 3068 pace
936 2999 1351 3069 quamprimum
1378 2997 1644 3053 mitteret.
1665 2996 1787 3052 Alia
1811 3003 2037 3067 praster-

440 3106 527 3156 ea,
563 3108 690 3147 eum
767 3093 946 3163 cepiis
994 3095 1375 3149 Romanorum
1434 3098 1720 3163 praeesset,
1769 3091 2035 3161 praeclare

441 3184 654 3255 gessit:
690 3185 892 3254 quippe
933 3186 1026 3256 qui
1053 3194 1262 3240 cuncta
1297 3200 1421 3255 qute
1453 3183 1731 3254 superﬂua
1766 3190 1951 3247 erant,
1979 3189 2036 3237 et
2061 3226 2104 3281 ϐ

443 3276 511 3330 ad
535 3277 722 3330 luxum
758 3293 824 3332 ac
856 3277 1087 3332 delicias
1116 3275 1553 3341 accommodata,
1578 3274 1647 3329 ab
1677 3273 1922 3330 exercitu
1946 3289 2037 3328 re-

446 3365 706 3430 moverit,
728 3374 784 3421 et
808 3366 1015 3421 milites
1065 3365 1133 3421 ad
1155 3364 1486 3420 modestiam
1511 3371 1676 3434 atque
1702 3363 2043 3434 obsequium

446 3463 814 3517 revocaverit.
858 3463 1063 3518 Verum
1113 3462 1230 3516 bare
1266 3458 1630 3529 relinquenda
1674 3466 1808 3514 sunt
1851 3459 1922 3514 iis
1941 3457 2036 3530 qui

445 3548 515 3607 de
543 3553 630 3608 his
658 3554 823 3609 rebus
861 3554 1160 3624 scripsere,
1196 3553 1283 3607 vel
1317 3551 1409 3623 qui
1430 3553 1541 3623 jam
1572 3550 1843 3614 scribunt,
1874 3558 2039 3621 prout

447 3642 552 3711 ipsi
591 3644 677 3698 vel
703 3644 987 3699 auditione
1015 3644 1356 3713 acceperint,
1411 3642 1497 3698 vel
1525 3641 1787 3712 opinione
1818 3640 2039 3696 ducun-

2133 1986 2274 2040 κατά
2328 1985 2428 2057 τὴν
2461 1985 2763 2058 ὑπερορίαν
2813 1986 3034 2053 διαεάς,
3066 1991 3248 2043 πάντα
3282 2009 3342 2044 τε
3375 1992 3446 2046 τὰ
3494 1992 3550 2046 ἐν
3594 1992 3708 2044 ποσὶ

2129 2077 2486 2149 ληϊσάμενος,
2531 2079 2782 2147 μεγάλων
2838 2078 3100 2151 λαφύρων
3145 2082 3425 2155 ἐγκρατὴς
3475 2084 3708 2152 γέγονεν,

2131 2169 2311 2223 ἀνεῖλέ
2352 2186 2412 2222 τε
2467 2168 2696 2233 πολλοὺς
2740 2168 2847 2225 τῶν
2880 2171 3121 2239 εὐγενῶν
3153 2190 3215 2227 τε
3245 2174 3346 2228 καὶ
3377 2174 3709 2245 εὐπατριδῶν

2130 2262 2229 2333 τῆς
2255 2259 2550 2324 Νισίϐεως,
2578 2261 2686 2332 ,καὶ
2714 2258 2825 2315 τῶν
2864 2261 3042 2318 ἄλλων
3071 2264 3182 2318 τῶν
3215 2267 3375 2327 ἐντὸς
3410 2266 3501 2321 τοῦ
3531 2267 3707 2336 Τίγρι‹

2133 2354 2223 2418 δος
2257 2352 2526 2422 ποταμοῦ.
2565 2353 2885 2425 Συνεπλάκη
2924 2354 2982 2408 δέ
3025 2355 3121 2409 καὶ
3170 2357 3436 2428 Πέρσαις’
3477 2358 3571 2412 καὶ
3614 2358 3709 2428 μά-

2131 2462 2233 2517 χης
2270 2446 2545 2517 καρτερᾶς
2588 2446 2912 2517 γενομένης,
2959 2447 3176 2503 πολλῶν
3207 2467 3270 2503 τε
3302 2451 3401 2504 καὶ
3428 2449 3709 2518 ἀξιολόγων

2134 2534 2359 2605 Περσῶν
2391 2534 2780 2601 πεπτωκότων,
2809 2537 2904 2589 καὶ
2936 2537 3177 2608 ζωγρῑας
3208 2538 3440 2603 πολλοὺς
3471 2533 3601 2603 εἷλε,
3624 2539 3707 2593 καί

2133 2644 2253 2680 τινα
2283 2626 2439 2697 λόχον
2474 2626 2823 2707 ἐκδραμόντα
2873 2627 2931 2682 εν
2965 2646 3073 2684 τινι
3113 2630 3223 2683 τῶν
3273 2631 3495 2702 εὐφυῶν
3520 2631 3704 2700 γεωλό-

2134 2736 2251 2789 φων
2290 2718 2589 2791 δυνάμενος
2620 2718 2843 2787 ἐξελεῖν,
2876 2720 3093 2791 ἀφῆκεν
3126 2721 3386 2790 ἀπαθεῖς,
3422 2723 3709 2794 ὑποσχομέ-

2133 2828 2259 2873 νους
2292 2808 2505 2864 πείθειν
2555 2810 2649 2865 τὸν
2710 2812 2861 2881 σφῶν
2907 2812 3134 2884 βασιλέα
3167 2814 3398 2886 είρήνης
3445 2816 3570 2885 πέρι
3620 2813 3707 2885 τὴν

2133 2903 2398 2975 ταχίστην
2430 2902 2760 2973 ἐκπέμπειν.
2824 2905 2933 2958 Καὶ
2954 2906 3118 2976 ἐτερα
3143 2906 3201 2960 δὲ
3235 2908 3558 2979 στρατηγῶν
3586 2923 3706 2961 κατ·-

2137 2994 2434 3067 επράξατο,
2457 2995 2567 3059 τῶν
2608 2996 2882 3068 περιττῶν
2914 2997 3008 3051 καὶ
3026 2999 3083 3062 ἐς
3117 2998 3333 3072 τρυφὴν
3367 3002 3606 3070 ἀγόντων
3620 2998 3703 3052 τὸν

2140 3091 2372 3161 στρατὸν
2408 3089 2809 3163 ἐλευθερώσας,
2841 3091 2949 3151 καὶ
2976 3090 3116 3164 πρὸς
3150 3092 3212 3147 τὸ
3245 3094 3477 3165 κόσμιον
3529 3091 3617 3146 καὶ
3630 3091 3713 3145 εὖ.

2138 3182 2327 3246 πειοές
2359 3181 2556 3244 αὐτοὺς
2604 3182 2932 3253 χαλινώσας.
2971 3185 3041 3237 Ἀ
3092 3189 3204 3249 τοῖς
3248 3185 3625 3259 συγγράψασιν
3678 3180 3713 3257 ἢ

2138 3274 2235 3328 καὶ
2268 3275 2648 3346 συγγράφουσι
2678 3274 3077 3345 καταληπτέον,
3108 3275 3186 3339 ὡς
3218 3276 3285 3330 ἂν
3316 3278 3488 3349 ἀκοῆς
3514 3275 3713 3349 ἢδόξης

2137 3364 2333 3437 ἔχοιεν,
2362 3365 2397 3437 ἢ
2445 3368 2541 3421 καὶ
2574 3367 2896 3438 ἐσχήκασιν.
2927 3361 3022 3432 Οἷς
3050 3369 3080 3421 ό
3117 3368 3275 3438 λόγος
3314 3373 3384 3443 τῇ
3421 3370 3609 3440 ἀγνοίᾳ
3627 3384 3710 3420 πε-

2140 3456 2519 3529 ριολισθαίνων
2553 3452 2650 3511 καὶ
2699 3457 3098 3528 ἀποχωλεύων,
3138 3459 3172 3530 ἢ
3222 3460 3568 3533 προσπαθεία
3592 3459 3709 3530 090-

2138 3550 2397 3621 πτόμεος,
2431 3549 2464 3621 ἢ
2493 3549 2820 3623 ἀντιπαθείᾳ
2843 3551 3196 3622 τυφλώττων,
3229 3553 3339 3609 τῶν
3367 3551 3717 3626 ἁληθῶνρδιαπ

2143 3641 2427 3713 μαρτόινει.

448 3708 558 3789 tur.
584 3726 829 3803 Quorum
859 3736 1087 3806 quidem
1118 3708 1296 3792 oratio
1319 3737 1391 3793 ob
1424 3708 1827 3809 ignorationem
1849 3748 2040 3790 rerum
2077 3708 2357 3805 cespitans
2391 3742 2447 3790 et
2482 3734 2824 3802 claudicans,
2863 3744 2921 3792 et
2977 3736 3067 3793 vel
3132 3738 3262 3795 odio
3284 3708 3580 3804 obcazcata,
3607 3739 3713 3793 Ion.

448 3824 570 3895 gius
604 3842 633 3880 a
672 3842 805 3882 vero
835 3828 1096 3882 aberrare
1135 3827 1293 3882 solet.

1096 3944 1251 4001 CAP.
1293 3943 1386 4001 IV.

451 4053 527 4108 De
548 4049 1018 4121 Priscormagistro
1054 4050 1322 4105 militum:
1347 4059 1394 4103 et
1421 4067 1671 4121 quianam
1698 4067 1883 4118 passus
1905 4050 1975 4104 sit
2004 4067 2039 4105 a

654 4120 906 4176 militibus
937 4122 1186 4175 adversus
1208 4122 1381 4193 ipsum
1412 4120 1824 4193 insurgentibus.

522 4237 655 4292 Post
678 4236 831 4290 hunc
863 4234 1124 4305 magister
1164 4235 1401 4290 militum
1422 4245 1642 4292 creatus
1672 4244 1758 4291 est
1785 4234 2041 4290 Priscus:

450 4331 539 4385 vir
565 4329 992 4397 haudquaquam
1028 4325 1205 4382 facilis
1230 4327 1407 4394 aditu,
1429 4342 1535 4382 nec
1563 4327 1669 4381 nisi
1703 4326 1776 4381 ob
1807 4341 1896 4380 res
1943 4339 2042 4380 ne-

452 4418 722 4473 cessarias
748 4417 804 4469 in
838 4414 1119 4485 publicum
1161 4415 1383 4484 prodire
1424 4414 1642 4469 solitus.
1674 4412 1889 4483 Quippe
1920 4413 2040 4467 exi-

453 4509 735 4571 stimabat.
778 4519 978 4564 cuncta
1024 4524 1083 4564 se
1115 4507 1331 4563 facilius
1381 4506 1783 4577 perfecturum,
1814 4505 1860 4560 si
1894 4505 2045 4559 solus

453 4609 706 4657 maneret
753 4608 813 4654 ut
859 4600 1206 4670 plurimum:
1269 4599 1427 4669 quasi
1475 4598 1684 4653 milites
1730 4598 1838 4653 hoc
1883 4606 2045 4668 pacto

454 4702 606 4749 metu
631 4692 879 4757 adducti,
914 4691 1181 4763 imperata
1212 4692 1382 4748 citius
1407 4690 1608 4745 facturi
1639 4700 1847 4745 essent.
1878 4690 2044 4745 Certe

452 4801 566 4856 quo
604 4784 843 4855 primum
894 4796 1143 4854 tempore
1190 4785 1256 4840 ad
1305 4792 1483 4838 castra
1535 4783 1911 4838 Romanorum
1948 4798 2047 4838 ve-

454 4876 560 4943 nit,
617 4878 766 4933 elato
824 4878 1147 4948 supercilio.
1199 4892 1231 4931 e
1263 4874 1488 4931 sublimi
1519 4874 1856 4944 despiciens,
1890 4883 1947 4930 et
1978 4873 2046 4929 ad

2744 3939 2997 3995 ΚΕΦΛΔ.
3044 3940 3122 3997 Δ’.

2142 4043 2285 4114 Περὶ
2323 4044 2692 4114 στρατηγίας
2717 4045 3010 4112 Πρίσκου,
3042 4046 3141 4100 καί
3164 4040 3253 4101 ὧν
3283 4048 3588 4105 πέπονθεν
3607 4044 3713 4106 ὑπὸ

2384 4115 2491 4169 τοῦ
2521 4116 2787 4185 στρατοῦ
2827 4116 3289 4185 ἐπαναστάντος
3315 4121 3495 4187 αὐτῷ.

2218 4232 2354 4286 Μετ’
2388 4231 2552 4285 αὐτὸν
2595 4230 2651 4284 δὲ
2703 4231 2946 4302 Πρίσκος
2990 4231 3092 4302 τὴν
3123 4234 3459 4304 στρατηγίδα
3494 4232 3715 4304 μέτεισιν

2149 4325 2345 4395 ἀρχὴν·
2368 4323 2468 4377 οὐκ
2493 4322 2822 4393 εὐπρόσοδός
2839 4339 2945 4387 τις,
2969 4322 3092 4376 οὐδὲ
3120 4323 3255 4395 ἄτερ
3283 4327 3395 4379 τῶν
3426 4321 3715 4392 ἀναγκαίων

2149 4414 2544 4489 εὐπρὸσϐστος·
2577 4415 2640 4468 τὸ
2666 4417 2773 4469 πᾶν
2801 4415 2859 4467 δὲ
2885 4415 3123 4483 νομίζων
3155 4416 3648 4487 καταπράττεσααι,
3674 4412 3717 4466 εί

2151 4509 2220 4563 τὰ
2256 4507 2430 4563 πολλὰ
2458 4508 2580 4562 κατ’
2600 4508 2766 4561 αὐτὸν
2794 4509 2902 4580 εἴη,
2935 4508 3010 4574 ὡς
3040 4508 3292 4564 ἐντεῦθεν
3320 4511 3416 4566 καὶ
3441 4511 3547 4564 τῶν
3574 4522 3719 4578 στραο

2151 4601 2441 4671 τευμάτων
2474 4601 2585 4654 δέει
2634 4601 2835 4670 μᾶλλον
2867 4602 3201 4667 ὑπειξόντων
3234 4604 3372 4673 πρὸς
3401 4604 3470 4657 τὰ
3516 4595 3716 4655 κελευόο

2159 4709 2315 4761 μενα.
2351 4692 2479 4744 Ὅτε
2539 4691 2585 4744 δ’
2618 4691 2712 4745 οὖν
2760 4692 2898 4762 πρὸς
2950 4692 3012 4747 τὸ
3073 4695 3439 4765 στρατόπεδον
3488 4692 3715 4761 ἀφίκετο,

2154 4780 2447 4851 ὀφρυάζων
2486 4781 2582 4835 καὶ
2614 4782 3000 4853 ὑπερὸλέπων,
3036 4784 3133 4836 καὶ
3182 4785 3320 4855 πρὸς
3348 4784 3409 4838 τὸ
3446 4777 3715 4853 κομπωδὲ·

2159 4889 2350 4944 στερον
2383 4873 2778 4943 ἐξησκημένος,
2813 4874 3096 4944 προύτίθει
3117 4875 3240 4928 τινὰ
3264 4876 3376 4946 (ιο)
3406 4871 3531 4944 περί
3555 4887 3610 4922 τε
3632 4865 3717 4934 τῆς

458 4966 659 5023 fastum
682 4983 748 5023 ac
780 4982 1044 5040 pompam
1068 4965 1306 5022 vestitus
1364 4973 1531 5036 atque
1578 4970 1831 5031 ornatus,
1860 4964 2035 5021 edicta

2150 4966 2262 5018 τῶν
2293 4965 2644 5037 στρατιωτῶν
2695 4966 2754 5030 ἐς
2796 4968 2924 5033 τοὺς
2953 4967 3227 5039 πολέμους
3256 4965 3568 5042 καρτερίας,
3602 4956 3716 5031 περί

1656 5110 1927 5169 VALESII
1993 5111 2558 5169 ANNOTATIONES.

531 5234 642 5306 ΗΟ)
686 5234 995 5306 Προύτίθει
1051 5236 1205 5291 τινὰ.
1249 5235 1379 5292 Haec
1420 5236 1590 5292 verba
1648 5235 1717 5290 de
1767 5234 1969 5291 edictis
2015 5250 2046 5289 a

461 5303 649 5360 Prisco
678 5305 978 5378 propositis
1007 5306 1364 5378 intelligenda
1389 5318 1538 5364 sunt.
1573 5306 1629 5378 id
1652 5307 1801 5378 enim
1841 5306 2050 5378 indicat

462 5388 566 5430 vox
596 5377 935 5447 προτιθέναι,
969 5391 1092 5447 qua:
1141 5376 1261 5433 eam
1308 5377 1417 5431 vim
1468 5393 1535 5433 ac
1587 5376 2049 5448 signiﬁcationem

2157 5234 2329 5289 habet
2361 5248 2527 5303 quam
2561 5234 2697 5289 dixi.
2726 5234 3145 5303 Expositionem
3167 5246 3409 5292 nostram
3453 5228 3718 5303 confirmat

2158 5250 2329 5289 habet
2361 5250 2527 5303 quam
2561 5250 2697 5289 OIXI-
2728 5250 2804 5290 tax
2848 5250 3145 5291 osuttonem
3167 5250 3409 5292 nostram
3453 5250 3718 5306 conurnuu

2158 5305 2611 5429 Theorihylactus
2658 5306 2715 5361 in
2765 5250 2866 5361 liii.
2915 5323 2996 5373 tu,
3051 5323 3173 5379 cap.
3220 5309 3270 5374 1,
3320 5322 3480 5379 quem
3515 5307 3718 5356 omnino

2158 5390 2329 5429 consu
2354 5390 2405 5429 e.

2156 5390 2405 5431 COllSllle.

1908 5512 2296 5570 VAlilORUM.

535 5607 947 5694 (ΙιιιἚωέννῃν.
990 5608 1098 5663 Hoc
1139 5626 1280 5694 anno
1313 5608 1478 5694 _[5_8i]
1508 5609 2052 5694 ingrediente,‘Joan:

464 5692 553 5730 nes
580 5677 695 5750 (qui
727 5678 967 5750 Mystaco
1007 5677 1502 5744 vocabaturl'ducis
1540 5677 1649 5733 loco
1708 5689 1964 5743 movetur,
1995 5687 2050 5734 ut

461 5749 553 5815 qui
593 5747 1032 5821 Pe‘rsis'nesciret
1060 5752 1324 5821 resistere.
1358 5751 1835 5821 TheOphylactus,
1872 5750 1972 5806 lib.
2009 5767 2049 5814 ι,

463 5832 586 5889 cap.
624 5818 708 5883 l3,
744 5819 837 5889 qui
868 5827 1059 5875 narrat
1090 5820 1273 5893 capite
1315 5818 1682 5893 scquenti,in
1715 5822 1840 5894 ejus
1869 5821 2051 5878 locum

2157 5610 2471 5665 sublectum
2496 5610 2669 5671 fuisse
2692 5610 3064 5682 Philippicum
3092 5612 3459 5668 Orientalium
3496 5601 3709 5682 ζηίξίίξξηξ

2159 5681 2383 5740 ducem.
2413 5682 2507 5751 qui
2537 5666 2894 5750 imperatoris
2925 5666 3181 5738 sororem
3206 5682 3468 5737 Gordiani
3502 5666 3712 5751 haber

2160 5753 2215 5808 in
2239 5738 2799 5807 matﬁnioniofDuas
2830 5751 2899 5807 de
2922 5753 3105 5808 Persis
3134 5754 3403 5809 victorias
3438 5738 3712 5816 τεροτιέἵῖί

2160 5806 2528 5896 Philippicas,
2569 5806 2796 5879 alteram
2840 5806 2985 5879 anno
3019 5806 3153 5893 586,
3174 5806 3405 5882 alteram
3439 5806 3574 5874 an'no
3604 5806 3709 5863 588-
