3898 6392
395 533 3625 579 W

1567 747 1739 794 ANNO
1777 748 2004 796 DOMINI
2047 750 2454 795 ΒΙΑΣ-001⁷111.

759 950 1837 1149 SANCTUS
2046 956 3287 1140 EULOGIUS
3429 872 3441 883 ’

950 1312 1893 1404 ALEXANDRINUS
1989 1312 3053 1409 ARCHIEPISCOPUS.

1754 1767 1758 1771 _
1835 1695 2165 1756 NOTITIA.

1378 1860 1665 1932 (Catum.
1696 1860 1940 1919 Biblioth.
1975 1862 2218 1928 Patrum,
2250 1876 2287 1919 t.
2312 1863 2426 1928 Xll,
2462 1881 2514 1934 p.
2544 1863 2674 1934 xw.)
2804 1904 2835 1913 κ

452 2188 494 2244 1.
524 2185 811 2256 Eulogium
839 2184 1017 2255 primo
1052 2185 1311 2241 Ecclesia:
1340 2185 1700 2241 Antiochente
1729 2187 2109 2259 presbyterum
2145 2188 2335 2253 fuisse,
2368 2188 2569 2245 deinde
2599 2189 2999 2245 monasterium
3034 2185 3243 2242 rexisse
3274 2185 3643 2241 sanctissima

381 2274 629 2344 Deiparaa
660 2273 1154 2337 Justinianeorum,
1187 2289 1251 2329 ac
1283 2274 1504 2328 demum
1546 2275 1732 2328 sedem
1761 2276 2159 2331 Antiochenam
2198 2275 2365 2331 fuisse
2399 2277 2681 2347 adeptum,
2713 2294 2781 2332 ex
2812 2276 3011 2332 Photio
3037 2274 3401 2344 intelligimus
3434 2274 3533 2344 (α).
3576 2275 3640 2328 In

380 2362 704 2431 episcopatu
749 2359 947 2414 Joanni
981 2360 998 2413 l
1027 2360 1294 2416 successit
1321 2377 1467 2415 anno
1496 2361 1597 2416 579
1626 2370 1896 2425 vertente,
1923 2372 1984 2417 ut
2017 2379 2083 2418 ex
2124 2365 2325 2419 tabulis
2352 2365 2705 2435 Theophanis
2742 2375 2797 2420 et
2827 2363 3118 2433 Nicephori
3156 2362 3423 2417 laterculo
3456 2364 3644 2431 arguit

384 2447 700 2518 Lequienus
733 2447 828 2517 (ὁ).
860 2448 1029 2502 Paulo
1080 2448 1241 2502 aliter
1292 2448 1508 2516 Pagius,
1540 2449 1636 2517 qui
1667 2464 1792 2503 eum
1821 2448 1889 2502 ad
1925 2450 2183 2505 thronum
2218 2452 2650 2507 Alexandrinum
2679 2467 2825 2506 anno
2861 2450 2978 2506 580
3010 2459 3263 2505 evectum
3301 2448 3470 2503 fuisse
3499 2447 3646 2501 scri-

382 2534 583 2606 bit(c).
633 2534 1001 2600 Quamobrem
1048 2549 1228 2604 neque
1276 2534 1550 2595 Bollandi,
1587 2549 1767 2601 neque
1808 2534 2028 2589 Sollerii
2063 2539 2335 2593 sententia
2393 2548 2479 2595 est
2528 2539 2902 2603 admittenda;
2940 2552 3179 2607 quorum
3231 2536 3371 2590 alter
3421 2535 3644 2604 Eulogii

384 2622 713 2692 praesulatus
744 2621 963 2676 initium
1005 2620 1074 2675 ad
1110 2637 1313 2675 annum
1344 2620 1449 2675 576
1478 2620 1713 2675 retrahit
1740 2620 1851 2690 td);
1883 2621 2024 2676 alter
2061 2640 2192 2679 vero
2243 2626 2309 2679 ad
2345 2641 2549 2680 annum
2596 2627 2700 2680 577
2744 2634 3138 2694 mortuumque
3185 2637 3333 2677 anno
3366 2622 3491 2687 604,
3522 2629 3645 2674 tra-

380 2708 464 2761 dit
496 2708 585 2776 (ε).
643 2707 981 2762 Statuendus
1011 2708 1198 2776 itaque
1251 2723 1432 2762 annus
1486 2707 1702 2777 Eulogii
1752 2710 2074 2766 emortualis
2113 2712 2237 2767 607.
2288 2712 2472 2781 Ipsum
2508 2713 2656 2767 enim
2690 2727 2868 2767 annos
2901 2711 2969 2766 27
3013 2711 3336 2780 episcopatu
3383 2708 3643 2762 functum

378 2796 573 2860 fuisse,
609 2804 727 2850 tum
759 2812 827 2850 ex
866 2796 1222 2865 Theophanis
1258 2796 1480 2861 tabulis,
1527 2805 1643 2850 tum
1690 2812 1757 2851 ex
1803 2798 2117 2868 Nicephoro
2147 2798 2360 2854 Callisti
2408 2798 2696 2853 erudimur
2725 2799 2815 2869 (Γ),
2855 2798 3001 2868 apud
3036 2812 3202 2867 quem
3250 2796 3484 2866 legimus
3534 2794 3636 2865 ἐτη

378 2884 518 2937 ἑπτὰ
545 2884 681 2952 πρὸς
710 2886 822 2946 τοῖς
855 2884 1082 2945 εἴκοσιν,
1126 2883 1219 2937 ubi
1260 2898 1547 2951 perperam
1582 2883 1859 2952 interpres
1882 2901 1917 2937 v.

2102 2886 2344 2953 quinque.
2380 2885 2519 2939 llinc
2553 2886 2785 2955 proinde
2819 2885 2874 2939 in
2905 2883 3204 2954 Nicephori
3235 2881 3502 2937 laterculo
3530 2896 3641 2951 pro

380 2972 445 3035 ιζ’
472 2969 878 3025 emendandum
935 2968 1160 3039 prorsus
1191 2969 1301 3033 κζ’;
1336 2969 1387 3022 id
1427 2978 1532 3031 est,
1584 2986 1680 3039 pro
1711 2971 1773 3024 17
1810 2970 2224 3024 rescribendum
2262 2971 2350 3033 27,
2388 2971 2740 3025 librariorum
2777 2972 2931 3041 lapsu
2990 2970 3135 3025 haud
3174 2967 3533 3038 infrequenti.
3568 2969 3640 3021 in

377 3057 581 3111 tabulis
608 3055 1000 3110 ecclesiasticis
1044 3057 1167 3127 ejus
1213 3056 1479 3110 memoria
1539 3057 1805 3112 recolitur
1844 3056 1936 3111 die
1968 3056 2034 3110 i5
2070 3056 2456 3126 Septembris:
2487 3059 2543 3112 in
2596 3059 2905 3129 Menologio
2960 3065 3146 3113 autem
3180 3055 3499 3111 Grmcorum
3540 3053 3642 3109 die

378 3145 446 3200 15
476 3143 760 3199 Februarii
794 3144 890 3214 (υτ.

448 3233 506 3285 ll.
546 3231 642 3286 Vir
696 3230 801 3285 fuit
849 3230 1116 3301 Eulogius
1172 3229 1378 3299 pietate
1439 3246 1504 3285 ac
1559 3230 1790 3285 scientia
1847 3236 2138 3300 praestans.
2193 3230 2270 3285 De
2328 3244 2396 3284 eo
2445 3231 2711 3285 nonnulla
2767 3231 2909 3287 scitu
2961 3232 3127 3302 digna
3174 3229 3345 3285 refert
3393 3229 3644 3285 Joannes

374 3318 630 3374 Moschus
659 3316 733 3388 (Ii)
765 3335 777 3372 :
811 3318 956 3373 inter
986 3334 1108 3387 quae
1140 3316 1274 3371 illud
1325 3317 1380 3371 in
1416 3317 1630 3387 primis,
1660 3315 1808 3387 quod
1858 3332 1982 3371 cum
2028 3317 2176 3371 idem
2208 3318 2410 3387 prtesul
2443 3318 2849 3374 Alexandrinus
2880 3314 3417 3389 Constantinopolim
3448 3316 3641 3386 profe-

373 3414 498 3461 ctus
524 3415 691 3468 esset,
729 3404 1096 3460 contubernio
1129 3419 1264 3459 usus
1309 3403 1489 3460 fuerat
1532 3403 1911 3460 archidiaconi
1963 3404 2195 3458 Romani
2236 3404 2444 3460 domini
2479 3406 2772 3477 Gregorii,
2824 3406 3027 3461 summi
3078 3416 3135 3461 et
3182 3405 3476 3476 singularis
3525 3405 3638 3458 viri

373 3493 636 3560 omnique
658 3492 862 3547 virtute
899 3492 1106 3558 ornati,
1135 3491 1231 3561 qui
1259 3492 1363 3547 sibi
1392 3507 1682 3548 enarrasse
1712 3490 2041 3556 atlirmabat,
2076 3491 2265 3546 haberi
2310 3493 2570 3563 scriptam
2603 3494 2659 3548 in
2689 3494 2925 3549 ecclesia
2956 3494 3203 3548 Romana
3231 3493 3428 3547 miram
3460 3491 3644 3545 histo-

375 3579 513 3634 riam
549 3580 618 3634 de
648 3579 823 3635 sancti
859 3578 1058 3633 Leonis
1087 3594 1241 3649 papae
1283 3579 1517 3649 epistola
1560 3577 1628 3632 ad
1660 3577 1981 3633 Flavianum
2009 3575 2684 3649 Constantinopolitanum
2720 3579 3064 3649 episcOpum,
3099 3592 3266 3631 manu
3302 3576 3450 3632 beati
3482 3576 3641 3630 Petri

372 3666 748 3736 apostolorum
779 3665 1043 3734 principis
1075 3665 1388 3720 emendata.
1421 3665 1497 3719 De
1529 3666 1630 3718 hac
1664 3664 1795 3720 item
1826 3664 2072 3734 ejusdem
2107 3667 2280 3721 sancti
2327 3667 2609 3737 pontificis
2633 3667 2865 3737 epistola
2897 3682 3061 3736 quam
3091 3664 3357 3735 Eulogius
3387 3662 3644 3732 suscepit

370 3770 437 3809 ac
487 3755 754 3817 laudavit,
803 3754 952 3808 aliud
1002 3754 1267 3824 quiddam
1312 3754 1566 3810 mirabile
1617 3755 1674 3808 in
1728 3753 2032 3810 Grecorum
2061 3755 2353 3826 Menoloyio
2401 3763 2661 3810 narratur
2689 3756 2772 3825 (i).
2825 3754 3096 3809 Caeterum
3158 3762 3347 3808 noster
3399 3751 3644 3807 antistes

370 3842 779 3897 Alexandrinus
823 3842 929 3898 fuit
974 3858 1107 3899 sane
1138 3844 1405 3915 Gregorio
1433 3842 1817 3907 charissimus,
1860 3851 1920 3898 ut
1967 3859 2036 3898 ex
2082 3843 2255 3912 ipsius
2301 3842 2658 3912 epistolarum
2705 3841 2924 3912 Regesto
2963 3840 3193 3910 intelligi
3242 3848 3442 3910 potest.
3497 3839 3644 3908 Ejus

368 3932 548 3985 zelum
573 3931 689 3987 sive
721 3931 775 3985 in
805 3932 1190 4002 Oppugnandis
1220 3934 1335 3987 sive
1368 3933 1421 3985 in
1451 3931 1841 3985 convertendis
1871 3931 2145 3986 hmreticis
2184 3930 2531 3998 potissimum
2561 3927 2748 3982 laudat
2787 3941 3035 3982 summus
3065 3927 3339 3996 pontifex;
3370 3926 3646 3995 illiusque

368 4018 631 4088 precibus
666 4019 967 4088 Anglorum
996 4020 1420 4075 conversionem
1451 4017 1678 4071 ascribit
1709 4017 1804 4088 (j).
1838 4018 2020 4087 Ipsum
2046 4026 2308 4087 prieterea
2340 4016 2435 4070 Dei
2463 4030 2750 4085 organum,
2778 4014 3024 4068 veritatis
3052 4013 3369 4069 ministrum
3395 4023 3452 4067 et
3480 4013 3640 4070 Petri

366 4121 661 4175 sequacem
694 4105 935 4176 appellat
965 4107 1060 4178 (k).
3331 4166 3335 4171 ,
3570 4120 3573 4121 ⁷

438 4191 527 4246 lll.
578 4191 876 4262 Complura
917 4192 1124 4247 litteris
1167 4188 1512 4261 consignavit
1555 4188 1850 4260 Eulogius,
1899 4206 2021 4260 qua:
2052 4199 2231 4245 tamen
2263 4191 2446 4245 omnia
2481 4190 2653 4245 ferme
2686 4188 3125 4251 interciderunt,
3158 4187 3351 4256 paucis
3382 4188 3639 4258 exceptis

366 4279 694 4349 fragmentis
739 4295 860 4348 quae
906 4289 1123 4335 servata
1168 4278 1400 4332 Photius
1448 4287 1698 4331 recenset
1728 4278 1811 4348 (ι).
1859 4278 1937 4332 Ex
1991 4280 2060 4336 iis
2110 4279 2254 4333 inter
2301 4278 2409 4331 alia
2441 4285 2660 4331 exstant
2709 4277 2887 4345 capita
2948 4275 3039 4330 \‘ll
3080 4275 3157 4329 De
3187 4275 3386 4329 duabus
3418 4279 3632 4332 naturis

365 4350 581 4419 Domini
609 4365 806 4436 Deique
829 4383 893 4420 ac
916 4365 1212 4422 Saluatoris
1242 4363 1431 4429 nostri,
1467 4363 1611 4418 inter
1637 4364 1912 4434 Opuscula
1948 4364 2256 4435 theologica
2282 4374 2336 4418 et
2364 4364 2633 4434 polemiea
2663 4364 2839 4417 sancti
2875 4364 3092 4418 Maximi
3137 4363 3470 4418 confessoris
3497 4364 3634 4434 (m);

356 4467 489 4522 qua:
520 4452 649 4518 inde
690 4453 1020 4521 protulimus
1057 4467 1127 4507 ex
1168 4451 1629 4520 interpretatione
1685 4451 1961 4507 Francisci
2008 4452 2347 4509 Combefisii.
2395 4452 2608 4518 Quibus
2654 4450 2878 4521 quidem
2925 4450 3206 4520 capitibus
3254 4450 3636 4520 prmmisimns

367 4538 544 4607 ipsius
571 4537 877 4593 Orationem
896 4540 951 4592 in
977 4539 1114 4591 diem
1144 4540 1338 4607 festum
1366 4537 1702 4602 Palmarum,
1739 4540 1931 4593 eodem
1956 4538 2290 4595 Combcfisio
2330 4538 2633 4609 interprete
2669 4539 2745 4608 (η)
2771 4538 2862 4609 qui
2892 4552 3011 4592 eam
3041 4538 3337 4607 descripsit
3365 4553 3430 4591 ex
3457 4538 3637 4608 Regio

359 4624 558 4680 codice
599 4624 919 4691 Parisiensi,
971 4625 1230 4694 notisque
1282 4624 1600 4680 illustravit.
1638 4626 1793 4681 Edita
1834 4627 2062 4695 quidem
2113 4627 2320 4681 dudum
2371 4628 2552 4682 fuerat
2586 4642 2654 4680 ex
2698 4625 2993 4681 Oxoniensi
3045 4625 3256 4688 codice,
3312 4640 3376 4678 ac
3421 4623 3636 4694 Cyrillo

362 4712 739 4769 Alexandrino
772 4713 999 4778 tributa,
1032 4712 1122 4767 cui
1150 4727 1371 4781 quoque
1415 4713 1713 4769 ascribitur
1746 4715 1801 4768 in
1832 4714 2022 4770 codice
2069 4714 2175 4768 985
2215 4714 2550 4768 Bibliotheca:
2588 4712 2930 4768 Coislim'ana:
2959 4713 3029 4785 (ο)
3061 4730 3075 4767 :
3120 4731 3139 4764 ‹
3185 4712 3291 4767 Sed
3334 4711 3476 4781 stle
3508 4711 3637 4780 ipso

363 4808 730 4869 repugnante,
764 4800 946 4869 inquit
976 4799 1231 4854 laudatus
1257 4798 1624 4855 Combefisius
1655 4800 1754 4871 (p),
1782 4810 1843 4855 ut
1869 4800 2313 4871 deprehenderat
2339 4801 2460 4870 ejus
2488 4800 2635 4869 apud
2663 4799 2931 4871 Cyrillum
2966 4799 3259 4869 interpres.
3298 4799 3390 4854 Sic
3421 4800 3633 4868 pasrim

358 4885 639 4941 celebrior
681 4886 806 4957 quis
838 4885 1061 4955 scriptis
1089 4886 1276 4949 editis,
1323 4887 1493 4940 etiam
1517 4887 1749 4942 aliorum
1794 4888 1861 4942 ad
1909 4904 1967 4944 se
2010 4890 2213 4959 scripta
2252 4887 2441 4952 trahit,
2489 4887 2581 4941 ubi
2636 4886 2873 4943 maxime
2922 4886 3131 4956 aliquid
3184 4887 3266 4942 eis
3322 4900 3447 4941 cum
3506 4886 3635 4957 ipso

432 5037 1023 5111 (a)Phot._Bibl,cod._
1056 5037 1181 5111 sse.
1358 5009 1400 5111 '__
2121 5038 2469 5111 (auenalog,
2502 5039 2669 5095 Gneo.
2701 5040 2814 5095 l.c.

434 5106 506 5180 (ὁ)
544 5108 807 5180 Lequien.
836 5106 928 5161 0r.
962 5106 1168 5180 C_I_tﬁst._
1195 5119 1325 5180 tum.
1358 5107 1423 5171 ll,
1456 5122 1511 5176 p.
1541 5106 1664 5162 142.
2121 5106 2184 5177 (j)
2216 5111 2393 5180 Greg,
2414 5106 2509 5180 lib.
2537 5125 2634 5175 vn,
2660 5111 2822 5179 epist.
2851 5108 2941 5172 40,
2969 5118 3025 5165 et
3051 5106 3152 5163 lib.
3176 5123 3287 5173 vni,
3330 5107 3496 5178 epist.
3533 5114 3639 5180 50,

434 5117 485 5173 (b
544 5117 807 5176 Lequien.
836 5117 928 5161 Ur.
962 5117 1154 5162 Christ.
1195 5119 1325 5162 tum.
1360 5117 1423 5171 ll,
1456 5122 1511 5176 p.
1541 5117 1664 5162 442.

433 5117 506 5259 (cl
539 5180 685 5259 tias?-
729 5176 796 5259 a.d
836 5192 966 5259 3')"--
995 5178 1119 5259 εξερ
1147 5177 1177 5246 ἑέ
1204 5177 1289 5230 τε·
1382 5245 1423 5259 ..
1484 5246 1504 5259 .

1075 5117 1154 5161 m.
1195 5119 1325 5162 tum.
1360 5117 1423 5171 ιι,
1456 5122 1511 5176 ρ.
1541 5117 1664 5162 442.
2121 5117 2184 5177 (ῃ
2216 5117 2382 5179 Greg.
2414 5117 2509 5164 nn.
2537 5125 2610 5162 vn

1075 5177 1289 5259 Lg”.
1382 5245 1423 5259 '_
1484 5246 1504 5259 '
1823 5246 1913 5259 ,η
2046 5179 2472 5259 ιιοχηε-ιι-ίιλβδ.
2605 5248 2614 5259 _

430 5245 507 5318 (ά)
544 5247 793 5319 Bolland.
856 5248 973 5301 Act.
1029 5245 1315 5303 SSQtom.
1382 5245 1427 5300 ll
1477 5246 1641 5313 Jan.,
1701 5262 1755 5316 p.
1810 5246 1934 5311 497,
2119 5250 2189 5319 (lt)
2224 5250 2297 5302 ld.
2323 5248 2703 5319 lib.;,epist.
2728 5248 2798 5319 55
2827 5256 2881 5319 et
2907 5249 2974 5303 :9

355 5316 514 5374 num.
556 5317 642 5368 14.

2114 5316 2181 5386 (ι)
2224 5320 2385 5374 Phot.
2433 5316 2579 5372 Bibl;
2608 5318 2769 5372 codd.
2820 5318 2943 5382 182,
2982 5316 3107 5382 208,
3152 5317 3281 5385 225,
3324 5318 3450 5384 2'26,
3492 5321 3632 5385 ⁸227,

432 5386 735 5457 (ι’)ἒυῑιυικ
790 5387 923 5457 "ist.
961 5388 1142 5441 chron.
1190 5387 1480 5456 patriarch.
1531 5387 1820 5443 Alexandr.
1867 5386 1933 5440 ad
2041 5388 2163 5452 250,
2206 5388 2331 5443 ‘260.

355 5451 603 5535 Acti
640 5465 772 5535 tom.
799 5458 848 5535 Χ
880 5456 1030 5515 Jun.,
1058 5451 1200 5535 pag:
1249 5458 1337 5517 lii,
1374 5472 1527 5509 num.
2114 5451 2208 5535 (νη)
2233 5458 2381 5535 ρετ,χῖ
2421 5458 2551 5535 ρρρ,
2592 5466 2722 5511 tom.
2760 5457 2825 5520 η’
2851 5472 2928 5535 Ρ...
2952 5458 3195 5535 μὲἒτηζ

433 5527 494 5595 (f)
530 5526 758 5597 Niceph.
794 5527 925 5581 Hist.
963 5526 1093 5580 eccl.
1117 5529 1215 5581 lib.
1251 5542 1400 5589 xvni,
1434 5542 1534 5594 cap
1580 5527 1670 5580 56.
1741 5594 1783 5597 __
1821 5595 1831 5597 _
1864 5596 1869 5597 ν
2113 5532 2188 5595 (n)
2225 5528 2470 5581 Combef.
2500 5527 2651 5581 Auct.
2687 5543 2804 5579 nov.
2844 5526 2980 5581 Bibl.
3018 5527 3126 5580 PP.
3157 5527 3249 5584 Gr.
3286 5527 3342 5582 L.
3394 5536 3526 5585 tom.
3579 5530 3635 5597 l,L

260 5656 268 5665 ν
430 5594 505 5665 (9)
539 5594 733 5651 Μθηοι.
781 5598 947 5654 erc.
1004 5607 1143 5668 part.
1196 5613 1254 5660 ιι,
1312 5613 1365 5665 p.
1410 5597 1530 5661 186,
1568 5597 1703 5650 edit.
1741 5594 1934 5650 Urbin.
2040 5613 2095 5667 p.
2132 5598 2385 5651 651-678.

265 5672 270 5676 ’
354 5679 486 5721 ann.
525 5666 679 5722 1727.
1542 5733 1555 5735 _
2112 5666 2184 5734 (ο)
2217 5666 2382 5720 Moni‘.
2422 5665 2558 5719 Bibl.
2600 5663 2761 5719 Coisl.
2796 5681 2850 5735 p.
2881 5664 2984 5721 402

453 5686 486 5721 1,
525 5684 679 5722 ιέει.

2112 5684 2184 5722 (Ol
2217 5684 2382 5720 MOI".
2422 5684 2558 5719 11101.
2600 5684 2761 5719 (λυιει.
2796 5684 2850 5722 1).
2881 5684 3002 5721 ιιυΖ.

430 5737 505 5800 (Ii)
544 5737 592 5790 .l.
629 5737 834 5792 Mosch.
880 5736 1033 5790 Prat.
1089 5738 1217 5806 spir.
1273 5751 1431 5805 capp.
1468 5733 1732 5806 Mli-HS;
1792 5736 1937 5804 apud
2111 5733 2184 5805 (ρ)
2214 5736 2461 5792 Combcf.
2498 5735 2531 5787 l.
2567 5753 2613 5789 ς.
2641 5751 2695 5803 p.
2731 5733 2852 5788 677.

345 5807 530 5881 “Colel.
567 5807 709 5863 l'Tcrl.
739 5809 829 5865 Gr.
864 5807 1097 5862 Monum.
1118 5805 1274 5865 tom.
1304 5806 1365 5861 11.
1409 5816 1460 5871 ρ.
1486 5805 1740 5861 414416.

864 5807 1097 5862 Monum.
1118 5805 1274 5865 tom.
1304 5806 1365 5861 11.
1409 5816 1460 5871 ρ.
1486 5805 1740 5861 414416.
2387 5841 2400 5849 .
