3898 6384
118 454 223 513 3909
851 450 911 509 S.
952 448 1340 510 EULOGIUS
1393 447 1750 509 ARCHIEP.
1790 447 2607 514 ALEXAND.-NOTITIA.
3204 453 3344 517 2910

116 560 363 625 convenit,
422 560 509 614 uti
563 558 656 614 hic
700 557 753 612 in
808 559 1039 630 Eulogio
1092 570 1148 614 et
1184 558 1391 631 Cyrillo
1439 558 1588 614 sedis
1642 559 1888 628 ejusdem
1936 560 2229 632 episcopis.
2284 563 2417 617 Esse
2471 573 2653 618 autem
2711 561 2924 634 Eulogii
2979 564 3178 620 suadet
3229 575 3343 621 tota

118 648 336 712 materia,
384 660 701 716 magnaque
738 645 826 698 illa
860 646 980 716 ejus
1020 646 1254 700 alllnitas
1297 662 1423 700 cum
1467 647 1591 700 aliis
1631 647 1878 716 ejusdem
1919 647 2129 718 Eulogii
2168 648 2447 704 deﬂoratis
2490 666 2518 704 a
2570 651 2784 705 Pliotio.
2826 651 3041 721 Ubique
3085 653 3231 707 acris
3285 653 3344 708 in

117 734 453 806 Eutychianos
487 733 792 803 depugnat,
827 733 1024 801 dignus
1054 735 1233 801 plane,
1278 748 1440 802 quem
1474 749 1612 802 papa
1645 732 1858 803 Agatho
1894 733 1948 787 in
1991 749 2087 788 sua
2128 734 2196 789 ad
2243 745 2449 789 sextam
2487 737 2754 807 synodum
2786 740 3155 808 suggestione,
3195 739 3344 794 inter

116 825 289 894 primos
335 835 401 875 ac
446 819 765 889 praecipuos
812 818 1007 889 synodi
1037 817 1504 874 Chalcedonensis
1541 834 1604 873 ac
1650 823 1782 874 tomi
1811 821 2012 876 Leonis
2049 820 2372 877 defensores
2416 834 2761 893 percenseat.
2798 825 2894 881 Est
2925 827 3107 881 oratio
3138 827 3338 895 partim

112 912 291 976 festiva,
336 908 550 979 partim
582 907 870 979 polemica.
906 907 1140 961 Pulchre
1171 906 1315 961 ludit
1344 906 1400 959 in
1432 905 1619 961 verbis
1653 922 1717 963 ac
1764 908 1943 961 sensis
1980 906 2301 978 Scripturie.
2335 909 2695 979 Antiquarius
2727 921 2915 966 noster
2948 913 3182 968 mediam
3222 911 3339 967 fere

113 1001 375 1065 abruperat
407 1013 422 1049 :
460 993 617 1063 quod
649 993 759 1049 illis
790 993 1029 1064 plagium
1074 992 1222 1047 haud
1250 990 1477 1046 omnino
1519 992 1763 1048 insolens
1797 1004 1882 1048 est
1912 1011 1926 1060 ;
1962 994 2098 1050 alias
2141 1010 2360 1065 quoque
2399 996 2807 1066 deprehensum
2854 1000 2909 1053 in
2952 999 3342 1070 Ampliilocliio

115 1098 155 1142 et
175 1085 593 1155 Chrysostomo.

1180 1370 1690 1461 ΝΟΤΙΤΙΑ
1791 1370 2287 1458 ALTERA.

932 1562 1254 1633 (FABRICIUS,
1282 1559 1526 1614 Biblioth.
1556 1574 1713 1630 graec.
1739 1558 1828 1614 ed.
1862 1559 2072 1616 Harles.
2107 1569 2149 1615 t.
2181 1560 2248 1627 Χ,
2278 1577 2332 1631 p.

165 1798 359 1870 Eulogii
391 1797 733 1868 patriarchae
763 1795 918 1850 Alex.
945 1793 1022 1866 (α)
1047 1792 1218 1865 (Opus
1245 1793 1506 1848 adversus
1543 1792 1837 1858 Novatum,
1859 1793 2090 1848 Photius
2133 1792 2294 1848 codd.
2316 1792 2439 1856 182,
2475 1791 2601 1859 208,
2636 1792 2763 1856 280,
2812 1800 2867 1847 et
2890 1793 2995 1849 alia
3013 1793 3216 1863 scripta
3240 1794 3345 1847 215

115 1888 278 1959 seqq.)
309 1888 510 1958 τεῦχος
569 1887 787 1954 τρίτον,
825 1885 1081 1940 volumen
1142 1884 1386 1952 tertium,
1442 1883 1825 1952 deperditum,
1868 1885 1923 1938 in
1974 1884 2147 1939 libros
2210 1884 2532 1939 distinctum
2591 1884 2844 1938 undecim
2882 1926 2897 1951 ,
2947 1900 3180 1954 quorum
3240 1884 3349 1953 pri-

112 1987 209 2025 mus
270 1972 601 2027 continebat
645 1970 961 2041 Apologiam
1028 1984 1129 2041 pro
1201 1970 1397 2024 litteris
1457 1969 1735 2039 synodicis
1779 1971 1845 2026 ad
1893 1972 2211 2040 episcopum
2265 1971 2425 2025 Rom.
2462 1970 2803 2041 (Gregorium
2832 1972 2905 2024 M.
2935 1971 3006 2042 (b)
3037 1971 3220 2026 missis
3246 2012 3260 2034 ,
3288 1972 3345 2024 in

116 2058 301 2127 quibus
328 2058 878 2128 reprehendebatur,
917 2057 1063 2127 quod
1095 2072 1197 2111 nec
1228 2066 1465 2125 quatuor
1501 2057 1734 2127 concilia
1765 2059 2127 2121 oecumenica,
2184 2072 2285 2112 nec
2339 2057 2541 2113 Leonis
2578 2057 2738 2111 Rom.
2797 2058 3085 2127 epistolam
3122 2057 3344 2111 nomine

116 2154 244 2198 tenus
287 2146 587 2214 probasset
616 2185 630 2206 ,
681 2159 784 2199 nec
844 2144 1135 2198 anathema
1166 2143 1392 2198 dixisset
1430 2143 1682 2214 Eutychi,
1740 2144 2002 2198 Dioscoro
2039 2159 2104 2198 ac
2147 2143 2353 2200 Severo
2382 2160 2396 2208 ;
2422 2143 2699 2198 secundus
2728 2130 3126 2214 expositionem
3165 2144 3291 2198 ﬁdei
3329 2161 3344 2208 ;

116 2231 298 2295 tertius,
352 2239 595 2301 quartus
626 2240 685 2286 et
739 2230 965 2300 quintus
999 2229 1319 2300 Apologiain
1372 2245 1470 2298 pro
1504 2229 1714 2299 synodo
1765 2229 2201 2285 Clialcedonensi
2237 2229 2520 2304 etCyrillo
2549 2229 2703 2285 Alex.
2735 2232 3001 2287 adversus
3036 2231 3344 2286 calumnias

114 2319 525 2385 haereticorum;
580 2328 803 2383 sextus,
872 2318 1137 2372 adversus
1191 2331 1287 2371 eos
1329 2317 1423 2385 qui
1484 2325 1679 2386 putant
1737 2318 1995 2373 humanis
2055 2319 2172 2373 sive
2223 2318 2625 2388 philosophicis
2664 2320 3124 2390 conceptionibus
3160 2334 3344 2374 veram

116 2407 417 2476 theologiam
460 2406 845 2462 Christianam
886 2421 1046 2475 posse
1087 2405 1303 2475 subjici,
1350 2403 1483 2475 πρὸς
1515 2406 1641 2467 τοὺς

1805 2405 1954 2466 ἐνους
1992 2405 2362 2474 ἀνθρωπίναις
2402 2408 2669 2468 ἐπινοίαις
2711 2406 2974 2460 δύνασθαι
3014 2408 3114 2476 τὴν
3164 2405 3339 2475 ἀληθῆ

113 2493 196 2549 τῶν
218 2492 573 2563 Χριστιανῶν
609 2492 934 2546 ὑποϐάλλειν
973 2491 1251 2561 Θεολογίαν
1284 2509 1297 2522 ·
1335 2490 1623 2561 Septimus,

1808 2491 2126 2545 omitianum
2153 2489 2443 2547 Melitenes
2478 2492 2794 2563 (Armehiae)
2826 2493 3168 2563 episcopum,
3199 2492 3347 2560 quod

114 2588 235 2633 recte
264 2579 496 2634 dicatur
532 2579 631 2651 μία
665 2578 827 2649 φύσις
872 2578 966 2632 τοῦ
1000 2580 1174 2647 Λόγου
1215 2578 1608 2649 σεσαρκωμένη
1651 2606 1653 2617 ‹

1809 2577 2056 2644 )ctavus,
2090 2578 2169 2633 Ad
2214 2580 2676 2651 Cliristophorum
2726 2581 3043 2652 quemdam,
3097 2580 3167 2636 de
3208 2579 3348 2635 locis

115 2666 411 2734 quibusdam
445 2685 627 2724 sacrae
656 2668 955 2739 Scriptura:
998 2668 1323 2730 solutiones,
1370 2675 1428 2723 et
1454 2669 1513 2719 ὲν
1553 2666 1631 2737 τῷ
1664 2664 1706 2720 0'
1735 2666 1947 2737 σημείῳ
1979 2665 2033 2720 in
2063 2681 2211 2721 nono
2241 2668 2420 2737 capite
2440 2706 2455 2729 .
2493 2668 2621 2722 vitae
2649 2667 2969 2722 monasticae
2999 2666 3345 2722 Encomium.

113 2752 291 2816 Nonus,
322 2755 638 2811 Pamnesis
684 2755 753 2809 ad
795 2770 912 2820 eos,
956 2756 1050 2825 qui
1095 2756 1165 2809 ab
1201 2754 1446 2809 Ecclesia
1494 2754 1889 2817 discesserunt,
1938 2753 2043 2824 ipsi
2086 2754 2233 2808 inter
2277 2770 2336 2809 se
2368 2755 2426 2808 in
2472 2756 2655 2810 varias
2686 2755 2883 2810 iterum
2919 2765 3106 2826 partes
3145 2753 3347 2808 misere

116 2837 268 2895 divisi.
296 2840 586 2907 Decimus,
623 2841 892 2897 adversus
919 2842 1198 2912 Agnoetas
1237 2840 1555 2906 monachos,
1596 2840 1743 2909 quod
1770 2841 2037 2910 scriptum
2065 2840 2323 2895 laudatur
2345 2857 2374 2895 a
2401 2841 2668 2913 Gregorio
2698 2842 2892 2913 Magno
2925 2842 2980 2896 in
3017 2840 3248 2910 epistola
3276 2839 3346 2894 ad

117 2924 373 2998 Eulogium
411 2929 577 2983 Alex.
607 2944 659 2984 a.
688 2927 751 2984 C.
786 2928 910 2995 600,
939 2937 1181 2994 exarata,
1212 2928 1311 2983 lib.
1348 2942 1463 2989 vui,
1500 2927 1589 2982 42.
1624 2927 1977 2991 Undecimus,
2011 2927 2273 2997 denique,
2312 2928 2476 2984 Gesta
2511 2930 2707 3001 synodi
2740 2946 2887 2985 anno
2919 2928 3156 3000 septimo
3190 2928 3347 2981 Mau—

118 3012 212 3066 ricii
238 3016 327 3082 (ita
359 3014 667 3087 legendum
707 3030 807 3086 pro
842 3016 1164 3083 Marciano),
1207 3013 1414 3070 Christi
1444 3013 1570 3077 588,
1601 3013 1803 3069 habitae
1829 3013 2095 3069 adversus
2129 3014 2429 3070 Samaritas
2463 3016 2827 3073 Dositheanos
2856 3017 2956 3088 (ά),
3004 3014 3348 3071 Dostbenum

117 3098 208 3154 sive
226 3102 555 3158 Dositheum
580 3103 893 3173 quemdam,
923 3102 1165 3158 Simonis
1188 3102 1322 3171 Magi
1344 3102 1611 3173 aequalem
1663 3099 1818 3170 (non,
1849 3109 1911 3155 ut
1936 3100 2027 3155 alii
2055 3100 2404 3170 Samaritani,
2430 3103 2675 3168 Josuam,
2700 3119 2803 3159 nec
2831 3105 3020 3159 Jesum
3046 3099 3344 3168 nostrum),

117 3198 196 3253 pro
220 3202 409 3260 magno
440 3190 546 3245 illo
579 3190 849 3260 propheta
886 3205 984 3259 per
1014 3190 1235 3259 Moysen
1273 3190 1428 3244 Deut.
1460 3204 1611 3253 xvui,
1641 3188 1730 3251 15,
1759 3188 2022 3258 praedicto
2065 3188 2357 3250 habentes.
2386 3202 2443 3245 et
2490 3191 2955 3247 resurrectionem
3001 3198 3349 3245 mortuorum

120 3269 413 3343 inﬁciantes,
444 3292 617 3347 quam
648 3292 716 3331 ex
754 3276 1006 3331 Mosaicis
1034 3276 1256 3346 scriptis
1285 3275 1550 3346 Eulogius
1582 3276 1949 3330 confirmavit.

552 3386 825 3453 [ridiculus
857 3389 1177 3457 scriptorum
1209 3394 1257 3440 et
1287 3386 1685 3449 haereticorum,
1721 3384 1786 3438 ab
1825 3383 2049 3455 Eulogio
2080 3386 2135 3439 in
2167 3387 2245 3440 liis
2276 3385 2422 3439 libris
2457 3395 2893 3440 memoratarum.

861 3495 936 3546 Ad
960 3493 1160 3557 paginas
1182 3491 1417 3543 editionis
1438 3493 1622 3543 Graeca
1644 3492 1812 3544 Photii
1831 3494 2210 3545 Hmschelianie.

171 3626 433 3696 Agnoetaa,
467 3630 665 3679 contra
699 3638 840 3692 quos
873 3621 1067 3680 scribit
1096 3621 1381 3690 Eulogius,
1415 3621 1519 3675 464
1551 3637 1669 3692 seq.

172 3710 524 3766 Ambrosius:
571 3708 629 3761 Ὀ
654 3707 957 3777 Θαυμάσιος
992 3708 1049 3758 ἐν
1075 3705 1152 3775 τῷ
1187 3705 1316 3777 ’περὶ⁵
1341 3706 1711 3779 ὲνανθρωπήσε

1634 3708 1809 3779 ήσεως
1839 3709 2086 3780 τετάρτῳ
2118 3706 2282 3777 λόγῳ,
2314 3706 2439 3772 414,
2472 3706 2598 3772 432,
2638 3707 2704 3761 ad
2733 3706 3018 3772 Albinum,
3045 3707 3170 3761 445.

173 3798 584 3869 Amphilochius
628 3795 789 3851 Sides
835 3795 1005 3865 episc.
1059 3794 1183 3849 465.
2374 3836 2380 3842 .

173 3884 533 3955 Apollinarius
582 3885 762 3947 ἄνους.
799 3883 925 3948 457,
956 3882 1080 3945 458,
1112 3881 1237 3946 459,
1275 3879 1400 3943 440,
1425 3879 1552 3947 445,
1580 3881 1704 3944 447.

1839 3884 1866 3934 ι.
1907 3880 1990 3934 Τὰ
2029 3879 2404 3952 Ἀπολιναρίου
2450 3879 2718 3946 νοοῦντες,
2798 3880 2943 3946 451;
3013 3880 3378 3946 Νοσοῦντες,ι

126 3970 220 4027 552.
258 3976 343 4030 Ἐν
374 3976 458 4046 τῷ
486 3974 617 4043 περὶ
648 3975 977 4043 σαρκώσεως
1005 3973 1168 4042 λόγῳ,
1199 3972 1325 4026 447.

175 4060 339 4128 Arius,
368 4062 499 4117 448.
542 4048 603 4113 Ἦ
634 4060 744 4113 τῶν
786 4060 1080 4131 Ἀρειανῶν
1116 4059 1301 4129 μανία,
1331 4057 1458 4113 466.

180 4146 521 4212 Athanasius,
555 4148 679 4212 458,
710 4148 835 4204 449.
875 4149 961 4202 Ἐν
990 4147 1068 4217 τῷ
1102 4148 1229 4217 περὶ
1259 4145 1592 4217 σαρκώσεως
1621 4142 1719 4212 λόγ

406 4151 521 4212 ius,
555 4148 679 4212 458,
710 4148 835 4204 449.
875 4149 961 4202 Ἐν
990 4147 1068 4217 τῷ
1102 4148 1229 4217 περὶ
1259 4145 1592 4217 σαρκώσεως
1621 4142 1788 4212 λόγῳ,
1820 4144 1945 4200 445.

176 4233 488 4301 Baradatus,
522 4236 648 4291 465.

174 4318 389 4379 Basilius
429 4322 499 4377 M.
537 4323 663 4387 449,
702 4322 827 4384 457,
867 4335 897 4374 a
931 4318 1242 4374 Severianis
1276 4317 1708 4388 perstringitur:

1804 4319 1952 4372 [τῶν
1986 4319 2371 4374 Καππαδόκων
2406 4317 2729 4391 καινοτομία
2757 4317 2851 4370 καὶ
2893 4315 3240 4371 Ἀθανασίου.
3277 4316 3343 4369 Ἦ

122 4404 285 4476 οἴησις,
317 4411 446 4465 448.
479 4409 736 4470 Basilius,
783 4407 871 4460 Ἐν
896 4406 974 4478 τῷ
1004 4407 1139 4476 πρὸς
1172 4407 1263 4458 τὸν
1308 4406 1584 4475 ’Δνόμοιον
1614 4408 1661 4471 dif

1257 4424 1263 4450 ι
1308 4406 1584 4475 ’Δνόμοιον
1614 4406 1782 4490 ἀγῶνι
1813 4404 2016 4475 (Libris
2043 4404 2248 4460 Contra
2273 4404 2630 4476 Eunomium)
2668 4404 2796 4459 457.

176 4492 622 4567 Christophorus,
667 4494 736 4549 ad
765 4510 928 4564 quem
957 4492 1151 4548 scribit
1177 4493 1460 4564 Eulogius,
1500 4492 1715 4546 όσιὼτω

957 4492 1151 4548 scribit
1177 4493 1460 4564 Eulogius,
1500 4492 1795 4546 ὁσιώτατον
1830 4507 1959 4547 eum
2000 4492 2304 4563 appellans,
2342 4493 2468 4548 461.

176 4578 396 4650 Cyrillus
422 4583 577 4638 Alex.
612 4583 739 4646 4'58,
774 4581 903 4644 444,
937 4581 1061 4644 445,
1096 4580 1221 4646 446,
1264 4581 1389 4647 459,
1430 4580 1555 4644 463,
1592 4580 1715 4636 466.

1809 4580 2190 4646 ιδιδάσκαλος,
2237 4581 2364 4645 446,
2404 4581 2530 4646 447,
2563 4581 2689 4644 457,
2722 4579 2843 4636 458.
2904 4581 2972 4634 Ὀ
3004 4578 3206 4651 θερμὸς
3246 4579 3348 4649 τῆς

125 4662 373 4735 ἀκριϐείας
417 4670 675 4739 ἐραστής,
706 4666 829 4722 441.
871 4667 966 4730 Τίς
1002 4667 1068 4720 ἂν
1101 4668 1261 4744 ἄλλος
1305 4667 1817 4738 μεγαλοφωνότερος
1850 4666 1882 4736 ἢ
1920 4668 2382 4739 ἀξιοπιστότερος,
2419 4668 2544 4722 442.
2585 4669 2760 4732 Πολὺς
2801 4670 2861 4722 ὲν
2903 4668 3114 4739 διανοίᾳ
3140 4668 3202 4721 οὐ
3237 4670 3352 4730 τοῖς

127 4748 303 4821 ῥήμασι
339 4755 435 4809 καὶ
469 4757 581 4817 τοῖς
619 4754 879 4824 ὀνόμασιν
920 4754 1007 4806 ἀεὶ
1034 4753 1126 4807 τὸν
1169 4754 1293 4808 νοῦν
1333 4753 1783 4822 καταπιστεύων,
1817 4759 1928 4820 τοῖς
1970 4756 2028 4810 δὲ
2072 4758 2309 4828 νοήμασι
2348 4759 2444 4811 καὶ
2486 4760 2553 4812 τὰ
2591 4760 2813 4829 ῥήματα
2847 4759 2942 4811 καὶ
2992 4757 3062 4810 τὰ
3106 4757 3350 4826 ὀνόματα

128 4843 531 4913 συμμεταφέρων
561 4859 619 4895 τε
650 4843 743 4895 καὶ
774 4841 1274 4911 μεθαρμοζόμενος,
1312 4841 1437 4895 446.
1480 4841 1537 4895 '0
1565 4842 1799 4913 γνώμων
1827 4844 1926 4914 τῆς
1955 4845 2241 4915 ἀκριϐείας
2263 4845 2387 4899 452.
2405 4845 2517 4914 Τῆς
2535 4844 2819 4916 ἀρκιὸείας
2846 4843 3186 4907 διδάσκαλος,
3220 4842 3346 4896 454.

127 4919 349 4989 Epistolas
382 4927 452 4981 ad
484 4925 846 4993 Succensum,
874 4927 999 4993 459,
1036 4926 1160 4990 446,
1191 4927 1316 4992 447,
1351 4926 1477 4991 449,
1504 4927 1623 4982 450.
1673 4929 1754 4984 Ad
1779 4932 2152 4994 Valerianum,
2184 4932 2356 4986 Iconii
2382 4933 2556 5002 episc.
2579 4933 2705 4998 451,
2745 4932 2868 4997 449,
2902 4932 3031 4995 452,
3063 4932 3190 4995 455,
3222 4929 3350 4985 462.

127 5004 189 5059 Ad
209 5010 777 5080 Acacium,Melitcnes
802 5014 973 5088 episc.
1008 5014 1113 5069 442
1141 5028 1256 5085 seq.
1292 5014 1412 5068 452.
1446 5013 1525 5068 Ατι
1563 5015 1666 5089 Eul

1814 5033 1874 5083 zu,
1904 5018 2031 5084 445,
2056 5018 2179 5073 447.
2216 5018 2304 5070 Ἐν
2335 5016 2413 5086 τῷ
2431 5018 2723 5089 Θησαυρῷ,
2748 5019 2874 5072 455.
2913 5018 3001 5071 Ἑν
3033 5018 3110 5087 τῷ
3149 5014 3353 5088 πρώτῳ

128 5092 212 5145 τῶν
237 5098 554 5171 Θησαυρῶν,
573 5101 698 5161 446.
716 5101 805 5154 Ἐν
835 5101 1069 5171 διαλόγῳ
1087 5102 1144 5166 ὃς
1169 5103 1534 5172 ἐπιγράφεται
1562 5088 1648 5157 ἔτι
1675 5099 1753 5169 εἷς
1780 5107 1808 5158 ὁ
1835 5106 2218 5176 Χριστός,447.
2255 5106 2344 5158 Ἐν
2373 5104 2448 5175 τῷ
2467 5088 2705 5177 δευτέρῳ
2734 5104 3187 5176 ἀναθεματισμῷ,
3220 5103 3348 5157 450.

137 5177 204 5264 Ίῇἷν
229 5184 300 5253 τῷ
318 5187 455 5256 πρὸς
484 5186 756 5257 βασιλίδας
787 5191 1244 5261 προσφωνητικῷ,
1277 5189 1399 5245 450.
1436 5190 1524 5243 Ἐν
1553 5191 1833 5262 λεγομένῳ
1857 5191 2058 5262 πρώτῳ
2084 5192 2253 5262 τόμῳ,
2288 5193 2410 5246 451.
2460 5192 2548 5244 Ἐν
2576 5195 2641 5264 τῇ
2676 5192 2812 5262 πρὸς
2841 5193 2903 5245 σέ
2935 5193 2992 5245 δε
3021 5195 3039 5216 ⁸
3070 5189 3349 5263 ἐπιστολῇ,

147 5263 252 5328 460,
284 5269 435 5328 locus
463 5283 780 5344 corruptus.

184 5357 478 5433 Dioscorus,
506 5368 628 5434 457,
662 5369 787 5434 447,
805 5359 935 5433 ‘450,
961 5368 1086 5423 451.

185 5495 423 5585 {avao'i'iiZ
470 5505 579 5560 vol.
638 5506 744 5575 IX,
796 5524 850 5577 p.
904 5507 1047 5575 646,
1102 5517 1158 5564 et
1206 5511 1405 5581 szepius
1459 5511 1514 5567 in
1562 5513 1669 5569 hoc
1778 5515 2202 5585 indict.i,cpist
2249 5519 2339 5571 29.

131 5563 491 5629 vol.X.Hiuii..
730 5563 743 5575 '
796 5563 811 5577 '
989 5563 1046 5575 θ’
1113 5563 1124 5564 ί
1562 5563 1665 5569 “”

133 5633 246 5708 Jb)
276 5638 439 5708 Hujus
469 5644 719 5708 Gregorii
752 5646 919 5708 epist.
948 5647 1015 5700 ad
1060 5647 1376 5708 Eulogium.
1409 5651 1506 5706 lib.
1549 5668 1662 5708 vui.

2454 5590 2588 5669 Opp.
2623 5604 2676 5674 p‘.
2706 5587 2791 5641 4'2.
2826 5587 2889 5641 (ἰ.
2913 5596 2969 5642 et
2989 5585 3114 5668 226.
3140 5588 3206 5640 Α.

1849 5660 1863 5708 l
1916 5667 1926 5708 l
1976 5655 2129 5708 Adde
2181 5656 2470 5708 Lammiiin
2521 5675 2573 5708 in
2627 5660 2937 5708 Luminan
2988 5671 3043 5708 m
3082 5655 3206 5708 Joat

188 5633 439 5729 iﬁlllfgjus
469 5644 719 5729 Gregorii
752 5646 919 5729 epist.
948 5647 1015 5700 ad
1060 5647 1376 5729 Eulogium,
1409 5651 1506 5729 lib.
1549 5668 1662 5717 Vm,
1849 5633 1926 5719 )
2625 5633 3350 5729 vitiat-mem,

132 5697 382 5795 4‘2:-
418 5697 622 5795 quibu‘s
651 5697 853 5795 .laudat
893 5733 1042 5795 eum,
1075 5697 1665 5795 adversus,
1775 5697 2471 5795 ιυιὶίῗιζ’ὖῗὲιὲἶ“““¹”“““
3082 5697 3347 5729 "mm":

133 5765 183 5823 be
360 5765 382 5792 ._
421 5765 617 5795 πρ-..-
667 5765 752 5768 ηη
782 5765 850 5770 τη
899 5765 920 5771 ν
1089 5765 1354 5800 πων-..μην
1394 5765 1660 5799 .-.ν-ναι..-

188 5790 248 5829 ne
287 5794 586 5857 scripsisse.
639 5785 716 5838 Ad
773 5785 1026 5839 eumdem
1074 5788 1363 5857 Eulogium
1417 5792 1508 5844 lib.
1558 5809 1660 5859 ιλιι,
