3898 6394
453 485 592 550 2911
1502 487 1561 548 S.
1605 487 1921 548 EULOGII
1961 489 2317 552 ARCHIEP.
2358 494 2731 555 ALEXAND.
3565 499 3720 564 2912

530 594 893 661 Domitianus,
920 596 1204 651 Melitenes
1231 597 1544 667 episcopus,
1574 596 1641 651 ad
1671 613 1833 667 quem
1863 599 2056 654 scribit
2087 600 2374 672 Eulogius,
2406 607 2529 669 459,
2561 608 2686 661 46I.

531 682 769 736 Dosthen
792 682 907 737 sive
930 683 1242 745 Dositheus,
1277 701 1305 738 a
1342 700 1450 753 quo
1484 684 1821 751 Dositlteani,
1852 697 2043 740 contra
2068 702 2208 756 quos
2233 691 2428 746 scribit
2467 692 2750 765 Eulogius,
2776 694 2900 760 466,
2929 695 3054 762 467,
3082 699 3206 755 468.

532 768 823 839 Eutyches,
857 769 982 834 437,
1007 770 1130 833 458,
1161 771 1285 836 459,
1310 770 1437 832 440,
1466 770 1589 834 448,
1624 771 1749 824 451.

527 858 767 912 Flaviani
802 856 1024 929 (CPol.)
1049 858 1269 913 libellus
1292 858 1604 912 Theodosio
1627 859 1759 928 imp.
1784 860 2002 914 oblatus
2025 862 2148 925 4L4,
2173 864 2298 921 460.
2322 866 2523 923 Lectus
2547 871 2602 924 in
2624 874 2860 930 concilio
2882 875 3343 947 Cbalcedonensi,
3364 881 3489 948 451,
3530 883 3657 938 460.

524 944 826 1013 Gregorius
888 946 1368 1009 Neocaesariensis,
1398 947 1454 997 ὲν
1486 946 1565 1014 τῷ
1600 950 1727 1015 περὶ
1759 949 1851 1017 τῆς
1881 951 2021 1000 κατὰ
2057 968 2063 1018 ι

1129 946 1368 1009 triensis,
1398 947 1454 997 ὲν
1486 946 1565 1014 τῷ
1600 950 1727 1015 περὶ
1759 949 1851 1017 τῆς
1881 951 2021 1000 κατὰ
2057 951 2220 1021 μέρος
2253 954 2512 1019 πίστεως,
2546 959 2668 1013 445,

526 1030 827 1095 Gregorius
859 1032 1168 1103 theologus,
1202 1034 1327 1099 447.
1356 1033 1481 1098 457,
1516 1033 1637 1087 466.
1681 1035 1767 1086 Ἐν
1801 1034 1879 1103 τῷ
1923 1036 2065 1087 am).

1516 1033 1637 1087 466.
1681 1035 1767 1086 Ἐν
1801 1034 1879 1103 τῷ
1923 1036 2327 1109 ἀπολογητικῷ,
2360 1043 2485 1097 452.
2525 1046 2586 1097 0i
2618 1045 2877 1116 θεολόγοι,
2911 1050 3036 1105 455.

524 1119 771 1189 Gregorii
809 1120 1209 1190 (Nazianzenus
1236 1132 1289 1175 et
1323 1122 1648 1191 Nyssenus),
1680 1123 1804 1187 418,
1845 1122 1970 1176 440.

809 1120 1209 1190 (Nazianzenus
1236 1132 1289 1175 et
1323 1122 1648 1191 Nyssenus),
1680 1123 1804 1187 418,
1845 1122 1970 1176 440.
2316 1140 2320 1145 ’

518 1206 761 1261 Joannes
794 1208 1175 1262 Antiochenus
1214 1209 1386 1276 episc.
1416 1208 1542 1261 441.

520 1291 666 1346 Julio
692 1293 851 1347 Rom.
879 1294 1084 1347 tributa
1117 1293 1352 1362 epistola
1375 1293 1441 1347 ad
1482 1294 1802 1363 Dionysium
1835 1303 2106 1364 suspecta:
2140 1297 2290 1363 ﬁdei,
2321 1300 2445 1365 445,
2477 1302 2601 1357 448.
2647 1302 2776 1373 Ejus
2801 1304 3031 1374 epistola
3064 1306 3132 1361 ad
3179 1308 3430 1375 Decium,
3483 1313 3718 1367 laudata

451 1394 481 1432 a
520 1378 725 1449 Cyrillo
757 1380 813 1434 in
855 1380 1065 1449 synodo
1101 1381 1397 1449 Ephesina,
1426 1379 1550 1443 445,
1593 1378 1717 1434 446.

516 1467 629 1521 Leo
663 1482 824 1536 papa,
851 1468 973 1522 465.
1006 1467 1137 1534 Ejus
1167 1467 1419 1536 epistola,
1454 1467 1578 1531 457,
1606 1466 1727 1520 461.
1761 1467 2055 1539 Perstringi

1905 1468 2157 1539 Lringitur
2182 1490 2213 1527 a
2244 1472 2561 1531 Severianis
2589 1478 2695 1531 τῶν
2713 1481 2771 1532 ἐν
2814 1482 3012 1550 Ἰταλίᾳ
3043 1482 3072 1533 ὁ
3100 1482 3288 1550 τύφος,
3321 1483 3444 1539 448.

520 1557 721 1611 Leonis
747 1556 879 1625 imp.
908 1555 1171 1624 ἐγκύκλια
1225 1556 1531 1625 γράμματα
1552 1596 1566 1620 ,
1602 1556 1805 1619 quibus
1833 1556 2059 1612 Chalcet

1728 1571 1805 1610 ius
1833 1556 2302 1615 Chalcedonensis
2332 1564 2525 1633 synodi
2556 1565 2780 1622 decreta
2809 1566 3118 1634 ﬁrmantur,
3144 1571 3267 1624 462.

517 1644 723 1706 Manes,
754 1643 877 1706 440,
913 1643 1037 1698 448.
1066 1642 1348 1697 Manichmi
1378 1642 1607 1711 epistola
1633 1642 1698 1696 ad
1730 1643 2111 1714 Scythianum,
2144 1645 2268 1699 447.

519 1730 789 1801 Μωσαῖκὴ
822 1730 1202 1798 Ὀκτάτευχος,
1230 1730 1354 1792 466,
1383 1727 1522 1785 Octo
1550 1729 1678 1783 libri
1702 1730 1824 1784 Vel.
1850 1730 2001 1789 Test.
2032 1731 2058 1786 il

1728 1730 1824 1784 (et.
1850 1730 2001 1789 Test.
2032 1731 2085 1786 in
2115 1732 2316 1802 quibus
2345 1733 2608 1792 familiam
2641 1738 2851 1796 ducunt
2880 1742 3079 1815 Moysis
3117 1743 3267 1800 libri.

518 1817 829 1881 Nestorius,
862 1816 985 1881 440,
1013 1817 1135 1878 442,
1164 1818 1285 1881 445,
1313 1817 1437 1879 446,
1468 1817 1590 1881 459.,
1624 1817 1747 1871 455.

518 1902 886 1956 Orientalium
919 1902 1075 1967 ﬁdes,
1110 1902 1234 1964 442,
1268 1902 1394 1966 444,
1435 1903 1561 1968 451’,
1597 1903 1720 1969 455,
1766 1904 1892 1958 454.

518 1991 582 2042 Ui
624 1990 873 2059 Θεοξρὸροι
907 1989 1172 2055 Πατέρες,
1208 1991 1331 2045 457.
1364 1991 1586 2054 Πολλοῖς
1616 1991 1725 2045 τῶν
1761 1993 2043 2062 Πατέρων,
2079 1992 2205 2059 457,
2242 2002 2348 2051 etc.

519 2077 744 2141 Paulus,
774 2079 1064 2147 episcopus
1085 2078 1407 2142 Eme-sonus,
1439 2079 1563 2143 441,
1595 2079 1719 2133 412.

518 2165 721 2219 Paulus
750 2164 1163 2227 Samosatcnus,
1196 2165 1317 2218 448.

530 2248 588 2303 '0
620 2251 1082 2321 Πνευματομάχος
1108 2250 1520 2321 (Macedonius),
1554 2252 1609 2306 in
1639 2252 1846 2324 synodo
1873 2253 2034 2309 CPol.
2064 2280 2069 2304 ‹

1112 2250 1520 2321 (Macedonius),
1554 2252 1609 2306 in
1639 2252 1846 2324 synodo
1873 2253 2034 2309 CPol.
2064 2257 2490 2322 condemnatus,
2529 2261 2651 2317 450.

518 2337 815 2401 Polemius,
844 2340 1169 2408 Apollinarii
1197 2338 1529 2408 discipulus,
1560 2339 1681 2392 417.

516 2424 867 2485 Samaritani.
896 2435 1086 2481 contra
1120 2441 1259 2495 quos
1284 2426 1480 2481 scribit
1513 2425 1801 2495 Eulogius,
1830 2426 1933 2481 466
1959 2443 2075 2498 seq.

517 2507 777 2575 Severus,
806 2511 930 2573 457,
963 2512 1088 2575 444,
1122 2512 1247 2577 460,
1281 2512 1404 2566 463.
1456 2513 1518 2565 οε
1553 2512 1659 2565 ἀπὸ
1694 2511 1950 2583 satam,
1994 2516 2056 2569 11

2167 2531 2242 2587 eq.
2287 2517 2429 2589 “pb;
2471 2520 2561 2573 τδν
2601 2524 2986 2591 γραμματικὸν
3032 2525 3257 2595 Σέργιον
3287 2528 3536 2597 γράφω-ι,
3572 2530 3706 2584 461.

472 2595 531 2649 Ὀ
565 2597 749 2660 καινὸς
783 2597 1099 2669 νομοθέτης,
1127 2599 1251 2653 457.
1286 2599 1399 2666 Τῆς
1422 2600 1660 2670 Σευήρου
1690 2600 2008 2671 διασπορᾶς,
2045 2602 2168 2658 462.

516 2684 739 2739 Simeon
766 2685 1010 2755 Stylites,
1046 2685 1168 2741 465.
1212 2685 1270 2739 '0
1303 2686 1475 2756 μέγας
1509 2687 1741 2758 Συμεὼν
1770 2690 1797 2741 ὁ
1827 2689 1885 2741 ὲν
1910 2689 1987 2760 τῷ
2022 2706 2052 2741 σ

1944 2689 1987 2760 ᾦ
2022 2688 2199 2761 στόλῳ
2233 2692 2323 2743 τὸν
2357 2694 2647 2762 ἀγγελικὸν
2687 2697 2895 2748 ἐκεῖνον
2928 2697 3039 2767 βίον
3068 2698 3482 2769 δια-θυσάμενος.

517 2770 705 2826 Simon
729 2772 935 2843 Magus,
965 2773 1091 2828 466.

514 2860 721 2929 Synodi
756 2861 1140 2917 Alexandrinae
1180 2863 1364 2926 πίστις
1398 2864 1695 2934 ἔγγραφος,
1731 2863 1895 2919 missa
1927 2880 1955 2918 a
1992 2864 2053 2935 C3

2176 2878 2199 2919 0
2234 2865 2299 2919 ad
2333 2866 2647 2921 Nestorium
2681 2880 2809 2923 ante
2844 2871 3112 2941 synodum
3146 2872 3407 2941 Ephesii).
3443 2874 3567 2926 450.
3603 2873 3715 2942 Sy—

442 2946 623 3030 riodus
646 2947 1135 3013 Chalcedonensis,
1165 2951 1290 3015 444,
1320 2952 1444 3014 447,
1474 2953 1598 3015 448,
1627 2952 1751 3016 451,
1774 2951 1896 3016 460,
1926 2950 1981 3006 4C

2173 2967 2188 3006 1
2214 2951 2487 3008 Marciano
2510 2964 2565 3009 et
2595 2954 2779 3012 Leone
2806 2951 3064 3023 (Thrace)
3094 2958 3244 3029 impp
3292 2959 3416 3014 465.
3445 2959 3712 3030 Synodam

440 3029 755 3099 CPoIitana,
783 3035 907 3101 447,
941 3036 1064 3090 450.
1098 3036 1351 3107 Synodus
1381 3037 1618 3099 Nicazna,
1647 3037 1771 3103 448,
1802 3036 1926 3105 450,
1959 3037 2082 3091 457.

519 3120 902 3177 Theodoretus
937 3122 1142 3177 sanctis
1170 3122 1303 3178 viris
1327 3123 1745 3191 adnumeratur,
1779 3124 1903 3181 462.

525 3205 587 3260 ὐ
624 3208 883 3278 Θεολόγος
910 3212 1170 3281 (Joannes
1194 3211 1578 3283 evangelista),
1604 3212 1727 3267 459.

522 3295 848 3352 Timotheus
874 3298 1190 3364 hereticus,
1216 3299 1340 3352 463.

521 3383 850 3439 Theodorus
880 3385 1320 3455 Mopsuestenus,
1352 3387 1477 3454 451,
1507 3387 1612 3443 452

520 3471 845 3527 Valentinus
877 3473 1189 3540 haereticus,
1223 3474 1347 3529 448.
1375 3476 1508 3546 Ejus
1532 3476 1698 3530 verba
1725 3492 1737 3529 :
1766 3475 1887 3529 Τῶν
1925 3474 2056 3527 Pali

2176 3492 2223 3527 1ν
2246 3473 2338 3527 ἐπὶ
2358 3473 2594 3545 Χριστοῦ
2628 3475 2720 3529 δύο
2749 3475 2939 3545 φύσεις
2969 3477 3257 3546 λεγόντων,
3293 3478 3499 3531 πλατὺν
3529 3496 3715 3533 κατα-

448 3558 649 3630 χέομεν
678 3559 894 3627 γέλωτα
914 3576 928 3589 ο
959 3562 1119 3630 ἡμεῖς
1146 3560 1254 3631 γὰρ
1282 3560 1376 3614 τοῦ
1411 3562 1607 3631 ὁρατοῦ
1641 3564 1733 3615 καὶ
1768 3562 2000 3632 ἀοράτου
2037 3562 2166 3631 μίαν
2197 3558 2337 3616 εἶναι
2375 3564 2473 3630 τὴν
2504 3563 2666 3628 φύσιν
2700 3566 2904 3633 φαμέν,
2938 3565 3061 3620 446.

519 3647 670 3701 Libri
694 3647 804 3702 duo
827 3646 1041 3717 pridem
1070 3648 1343 3717 deperditi
1368 3648 1436 3704 ad
1464 3649 1835 3704 Domitianum
1868 3648 2156 3705 Melitenes
2184 3654 2503 3718 episcopum
2532 3664 2630 3717 pro
2654 3648 2854 3703 Leonis
2878 3652 3134 3714 Romani,
3158 3653 3470 3708 Nestorium
3500 3655 3720 3722 pariter

450 3743 506 3789 et
552 3734 854 3805 Eutychem
885 3736 1194 3790 aversantis
1220 3776 1234 3799 ,
1270 3744 1419 3791 tomo
1451 3734 1769 3806 Apologiam
1812 3735 2083 3805 complexi
2125 3733 2388 3791 adversus
2435 3735 2742 3805 Acepltalos
2787 3736 3180 3797 Timotheum.
3221 3740 3313 3808 qui
3363 3738 3601 3795 acutius.
3657 3750 3722 3794 et

452 3820 741 3887 Severum,
772 3821 867 3891 qui
894 3820 1069 3877 fusius
1104 3823 1257 3877 illum
1293 3822 1815 3893 oppugnaveratJn
1842 3823 1946 3877 hoc
1971 3823 2184 3893 Eulogii
2215 3823 2424 3892 scripto
2451 3823 2709 3892 praeclare
2737 3823 3176 3878 demonstratum
3211 3837 3296 3879 est
3327 3844 3340 3879 :
3376 3826 3466 3895 Μὴ
3498 3825 3611 3877 δεῖν
3646 3829 3721 3880 ἐκ

457 3908 655 3975 μέρους
680 3907 748 3960 τὰ
782 3908 1191 3979 συγγράμματα
1219 3909 1450 3979 κρίνειν,
1502 3907 1625 3977 μηδ’
1657 3910 2145 3979 ἁποσπαράγματά
2183 3927 2306 3962 τινα
2342 3908 2719 3978 λαμϐάνοντας
2747 3910 2832 3963 διὰ
2877 3911 3082 3965 τούτων
3132 3915 3231 3980 τὴν
3273 3912 3401 3982 ὃλην
3445 3911 3537 3965 τοῦ
3568 3913 3721 3982 γρά-

454 4010 647 4060 φοντος
686 3993 1052 4048 ὲνδιαϐἀλλειν
1092 3995 1353 4059 διάνοιαν,
1401 3994 1477 4047 De
1504 3996 1714 4064 scriptis
1750 3995 1832 4050 uel
1871 3997 1993 4066 acri;

2182 4020 2187 4047 ι
2218 4007 2389 4051 mente
2419 4013 2523 4049 non
2558 4011 2665 4049 esse
2699 3997 2971 4065 ferendum
2998 3999 3262 4067 judicium
3291 4015 3354 4054 ea:
3382 4000 3623 4070 partibus
3665 4007 3721 4053 et

455 4080 684 4146 laciniis,
738 4097 904 4150 neque
936 4083 1055 4137 hinc
1098 4082 1219 4137 illos
1266 4081 1560 4137 onerandas
1610 4083 1901 4137 calumnia.
1952 4082 2164 4138 Laudat
2207 4084 2349 4137 inter
2400 4083 2505 4135 alia
2532 4082 2827 4139 ,Eustatbii
2867 4084 3194 4138 Antiocheni
3234 4086 3437 4140 librum
3488 4094 3718 4140 sextum

450 4180 649 4223 contra
683 4167 946 4236 Arianos;
986 4171 1061 4226 ita
1114 4172 1265 4226 enim
1320 4170 1638 4239 legendum,
1682 4173 1738 4224 ὲν
1773 4172 1917 4242 ἕκτῳ
1947 4171 1989 4223 iu

2182 4170 2277 4225 κτὰ
2326 4169 2623 4240 Ἀρειανῶν
2671 4185 2771 4239 pro
2818 4172 2875 4221 ἐν
2908 4170 3207 4242 E51670“,
3256 4174 3530 4242 siquidem
3581 4183 3721 4227 octo

452 4258 628 4312 libros
656 4258 923 4314 adversus
954 4259 1191 4314 Arianos
1219 4260 1518 4329 scripserat
1548 4258 1894 4323 Eustathius,
1926 4258 1995 4314 de
2023 4258 2227 4326 quibus
2250 4258 2363 4312 dixi
2391 4257 2498 4311 vol.
2534 4256 2672 4318 VIII,
2706 4271 2763 4324 p.
2794 4256 2895 4310 170
2924 4273 3021 4326 seq
3081 4258 3212 4329 (vol.
3248 4259 3340 4324 IX,
3377 4276 3408 4329 p
3458 4258 3562 4313 155
3584 4274 3714 4329 seq.

392 4394 395 4397 λ
452 4368 511 4407 n.
550 4351 735 4422 edit.].
767 4354 1039 4408 Praeterea
1079 4353 1265 4407 Basilii
1304 4352 1594 4422 epistolam
1642 4352 1708 4406 ad
1748 4352 2119 4422 Sozopolitas,
2147 4360 2203 4406 et
2233 4352 2300 4406 ad
2332 4351 2650 4405 monachos.
2696 4350 2959 4406 Memorat
2987 4360 3046 4406 et
3078 4351 3270 4407 Severi
3305 4353 3593 4421 epistolam
3640 4356 3714 4408 ad

452 4437 732 4491 Julianum
768 4438 1268 4494 Halicarnasseum.
1308 4438 1615 4493 Nonnullos
1646 4439 1966 4508 interpretis
1997 4437 2209 4493 Schotti
2246 4439 2301 4505 in
2334 4438 2438 4491 hoc
2466 4445 2521 4491 et
2552 4436 2800 4505 proximo
2835 4437 3015 4491 Phot‘n
3054 4438 3235 4507 capite
3270 4440 3459 4507 lapsus
3495 4448 3550 4493 et
3585 4439 3715 4492 hal-

453 4522 822 4581 lucinationes
848 4527 1063 4580 notavit
1094 4527 1155 4579 D.
1188 4525 1337 4580 Elias
1366 4525 1611 4580 Veielius
1648 4526 1701 4579 in
1743 4525 1983 4579 Diatribe
2011 4527 2075 4580 de
2101 4527 2265 4595 sacris
2298 4524 2607 4594 οἰκονομίας
2637 4523 2910 4593 generibus
2968 4538 3021 4593 p.
3060 4524 3126 4578 I9
3152 4540 3267 4594 seq.
3288 4526 3432 4581 Ulm.
3471 4524 3627 4588 I688,
3658 4529 3714 4580 4.

455 4609 540 4681 ιγ.
568 4609 816 4665 Thesaur.
847 4612 1078 4681 ep’istoL,
1111 4612 1455 4674 Lacrozian.,
1486 4622 1617 4667 tom.
1648 4612 1738 4678 lII,
1763 4629 1815 4682 p.
1843 4611 1996 4684 202.]

524 4701 786 4773 Ejusdem
833 4703 1049 4774 Eulogii
1098 4704 1403 4775 presbyteri
1445 4703 1686 4773 primum
1727 4701 2057 4757 Antiocheni
2098 4707 2155 4753 et
2215 4699 2432 4757 abbatis
2475 4697 2533 4753 S.
2572 4697 2755 4753 Mariae
2794 4697 3267 4754 Justinianeorum
3293 4739 3308 4764 ,
3359 4713 3424 4754 ac
3467 4698 3716 4767 denique

452 4787 812 4845 Alexandrini
839 4806 993 4860 papae
1023 4790 1139 4846 sive
1173 4791 1441 4861 episcopi,
1476 4806 1577 4861 pro
1612 4791 1809 4846 eodem
1838 4789 2042 4845 Leonis
2074 4788 2231 4843 Rom.
2276 4796 2425 4842 tomo
2454 4786 2597 4841 liber
2631 4787 2899 4843 adversus
2936 4787 3311 4843 Theodosium
3350 4797 3408 4842 et
3443 4789 3715 4842 Severum

453 4877 787 4945 Accphalos,
838 4879 894 4931 in
941 4877 1125 4933 Leone
1165 4878 1678 4947 reprehendentes,
1724 4894 1847 4948 qua:
1905 4892 2018 4931 non
2070 4876 2234 4930 modo
2276 4875 2521 4945 synodus
2561 4873 3028 4931 Chalcedonensis
3077 4884 3133 4931 ct
3181 4874 3439 4946 Cyrillus,
3496 4874 3591 4929 scd
3657 4885 3720 4929 et

456 4963 555 5018 SS.
599 4965 856 5019 doctores
883 4964 1244 5030 Athanasius,
1277 4964 1599 5037 Gregorius,
1649 4965 1906 5030 Basilius,
1939 4963 2266 5019 Ambrosius
2295 4975 2351 5018 et
2389 4964 2812 5033 Amphilochius
2840 4964 3117 5035 sull‘ragiis
3148 4965 3265 5019 suis
3297 4963 3720 5020 conﬁrmarant.

454 5049 585 5104 llaec
614 5065 836 5119 quoque
860 5050 1076 5121 Eulogii
1104 5051 1413 5107 lucubratio
1449 5052 1755 5107 intercidit.
1779 5051 1906 5107 Vid.
1941 5050 2189 5116 Reines.,
2219 5049 2374 5103 γαπ.
2416 5048 2557 5113 tect.,
2587 5065 2641 5119 p.
2677 5050 2796 5105 152.

529 5137 793 5205 Ejusdem
825 5138 1006 5194 sancti
1040 5140 1145 5194 viri
1180 5141 1583 5212 στηλιτευτικὺς
1615 5141 1731 5196 sive
1763 5139 2030 5195 Invectiva
2066 5143 2068 5192 ἱ

2182 5137 2641 5191 l‘heodosianorum
2669 5146 2717 5191 ct
2747 5138 3036 5201 Γαῖνιτῶν,
3084 5135 3200 5191 Caii
3247 5134 3337 5205 (de
3379 5149 3490 5202 quo
3521 5150 3721 5205 supra,

456 5241 515 5295 ι).
554 5224 679 5289 216,
724 5224 814 5279 ed.
857 5226 1022 5299 vet.),
1062 5234 1383 5282 sectatorum
1429 5229 1778 5283 subitaneam
1822 5243 1887 5282 ac
1930 5241 2058 5281 mox
2103 5224 2306 5279 iterum
2354 5224 2642 5279 rescissam
2693 5225 3201 5278 reconciliationem
3249 5231 3304 5276 et
3352 5221 3726 5285 concordiam,

458 5311 606 5365 conf.
654 5312 877 5368 lleines.
928 5313 1299 5387 Var.Lect.,p.
1330 5316 1453 5371 466.
1498 5317 1603 5371 Per
1631 5315 1945 5385 οἰκονομίαν
1967 5313 2022 5368 111
2053 5312 2162 5368 1100
2192 5312 2372 5383 capite
2412 5328 2522 5367 non
2567 5312 2876 5367 incarnatio
2925 5310 3279 5381 intelligenda
3320 5324 3444 5364 cum
3482 5307 3729 5363 Schotto

388 5375 412 5475 ᾗ
457 5408 542 5452 est
582 5398 674 5467 (ι’),
726 5400 853 5454 Inde
889 5411 1053 5457 totam
1088 5375 1393 5459 orationem
1426 5392 1723 5458 obscuram
1769 5401 1929 5456 reddi
1965 5401 2072 5456 fuit
2110 5417 2368 5465 necesse,
2413 5401 2507 5456 sed
2553 5401 2894 5470 dispensatio
2938 5400 3311 5467 ecclesiastica
3355 5397 3411 5450 in
3445 5398 3726 5450 servanda

459 5499 597 5554 pace
645 5502 770 5541 cum
817 5488 1213 5546 dissidentibus
1254 5499 1311 5546 et
1353 5491 1596 5545 vitandis
1632 5490 1813 5545 turbis
1846 5504 1911 5544 ac
1956 5490 2318 5553 tumultibus,
2354 5490 2517 5544 modo
2561 5504 2691 5543 sana
2722 5487 2973 5541 doctrina
3024 5486 3164 5539 nihil
3216 5484 3346 5539 inde
3393 5483 3723 5537 detrimenti

463 5571 647 5640 capiat
699 5576 1172 5642 Quemadmodum
1198 5578 1498 5649 Gregorius
1528 5578 1662 5634 Naz.
1698 5578 1776 5632 ait
1824 5578 2187 5632 Athanasium
2221 5578 2274 5630 in
2307 5577 2493 5631 verbis
2522 5578 2753 5631 cessisse
2778 5591 2840 5630 ac
2872 5575 3043 5628 fuisse
3073 5573 3310 5636 facilem,
3346 5570 3439 5625 ubi
3466 5570 3521 5623 in
3550 5568 3728 5623 rebus

465 5676 797 5722 consensum
831 5669 1315 5725 animadvertisset
1342 5686 1354 5722 :
1380 5677 1545 5738 atque
1570 5669 1624 5722 in
1648 5665 1800 5723 Orat.
1827 5668 1890 5720 de
1914 5665 2004 5721 Pe)

2186 5678 2219 5718 ‘e
2254 5663 2608 5734 reprehendit
2641 5664 2765 5725 τοὺς
2801 5663 2918 5724 ταῖς
2946 5659 3238 5722 συλλαϐαῖς
3257 5656 3725 5728 δυσχεραίνοντας

545 5873 615 5947 (ϐ)
662 5877 832 5946 Quem
886 5898 952 5937 00
1002 5882 1227 5939 nomine
1287 5879 1645 5950 reprehendit
1678 5878 1928 5933 Valesius
1951 5879 2018 5932 ad
2062 5879 2386 5945 Philoslorg.
2428 5892 2498 5936 vx,
2530 5875 2580 5926 5.
