3898 6398
428 290 572 355 £915

1461 286 1522 345 S.
1564 277 1882 344 EULOGII
1922 278 2278 345 ARCHIEP.
2313 282 2692 344 ALEXAND.

3549 285 3696 352 2316

422 402 623 459 fantcs.
646 398 883 470 hymnos
902 390 1099 458 dicite;
1133 393 1416 463 discipuli,
1454 392 1778 462 praadicale;
1822 407 2003 448 sacer-

2112 390 2178 446 τᾶ
2207 390 2365 462 ἡμῶν
2405 389 2430 428 ιι
2462 392 2684 461 ῥήματα
2706 392 2968 461 γενόμενα
2999 391 3317 465 πράγματα.
3350 395 3415 448 οι
3449 394 3702 463 βουνοί,

334 534 347 553 ρ
423 485 900 558 dotes,loquimini
939 482 1615 553 theologi.glorilicate(2);
1639 483 1832 538 incola:
1846 483 2002 544 Sion,

338 604 343 607 -
424 583 737 643 occurrite;
772 586 989 650 gentes.
1038 576 1484 646 congregamini;
1522 576 1792 640 coelestia,
1827 584 2003 629 terre—

2107 481 2496 551 cqutrioats'
2526 484 2575 535 οἱ
2606 481 2778 552 δχλοι,
2832 481 3134 546 ἀλαλάξατε
3156 500 3169 515 ·
3197 485 3266 538 τὰ
3294 485 3488 555 νήπια,
3514 485 3698 555 ὑμνήο

2106 592 2258 627 σατεο
2279 574 2540 644 μαθηταὶ,
2567 573 2860 644 κηρύξατε·
2890 576 3076 645 ίερείς,
3110 575 3397 646 λαλήσατε·
3418 574 3693 645 θεολόγοι,

425 673 561 728 atria
577 680 631 727 et
659 670 876 726 inferna
897 687 911 726 :
937 668 1118 722 omnis
1132 666 1271 722 ordo
1290 675 1344 722 et
1364 666 1685 723 aetasNenit
1705 666 1854 720 enim
1874 680 2003 736 erga

2110 666 2388 732 δοξάσατε·
2406 668 2455 718 οί
2473 666 2530 719 ὲν
2551 665 2711 732 Σιὼν,
2729 666 2939 738 ὑπαντή
2949 684 3097 720 σατε·
3114 666 3180 720 τά
3197 667 3347 736 ιθνη,
3370 668 3701 740 συνάχθητε.

422 781 616 820 omnes
670 762 994 818 munilicus:
1054 760 1313 831 apparuit
1365 775 1558 815 omnes
1607 759 2003 826 miseraturus;

422 857 714 910 universos
736 852 937 924 gaudio
963 852 1375 922 impertiturus.
1397 850 1500 918 Qui
1535 850 1683 905 Deus
1712 856 1884 914 esset,
1927 847 2003 903 fa-

420 959 541 1002 ctus
566 954 649 1000 cst
678 946 865 1009 homo,
902 953 1079 1009 estque
1131 944 1269 998 visus
1293 945 1349 998 in
1398 952 1565 1006 terra,
1591 950 1639 994 et
1667 949 2001 995 conversatus

417 1056 538 1092 cum
568 1037 863 1092 hominibus
887 1037 929 1089 ⁸.
958 1036 1095 1091 Cum
1125 1052 1306 1091 serus
1342 1034 1649 1091 Dominus:
1687 1049 1813 1088 cum
1841 1031 2002 1087 debi-

418 1130 639 1185 toribus
678 1145 928 1184 summus
985 1145 1050 1184 ac
1084 1129 1344 1199 princeps
1379 1135 1665 1198 erogatur;
1708 1141 1834 1181 cum
1874 1138 2003 1194 per-

415 1222 550 1277 ditis
579 1222 762 1286 salus;
787 1238 912 1275 cum
946 1222 1221 1275 damnatis
1264 1219 1617 1289 redemptor;
1647 1234 1770 1273 cum
1803 1216 2000 1286 despe-

413 1315 551 1369 ratis
574 1330 734 1383 spes;
766 1329 894 1368 cum
926 1314 1159 1384 deiectis
1189 1312 1401 1367 erectio
1427 1327 1442 1375 ;
1467 1326 1592 1366 cum
1617 1309 1867 1364 scelestis
1901 1306 2003 1362 mi~

416 1405 694 1468 sericors;
726 1420 852 1458 cum
898 1403 1147 1474 fugitivis
1191 1404 1494 1466 liberator;
1534 1416 1658 1455 eum
1695 1400 1809 1454 reis
1836 1399 1999 1452 inno-

416 1510 588 1559 cens;
647 1510 771 1548 cum
831 1494 1222 1563 peccatoribus
1275 1493 1424 1547 omni
1481 1500 1708 1562 peccato
1764 1504 1997 1556 vacans,

414 1600 541 1638 cum
571 1586 822 1654 ingratis,
858 1585 1079 1639 abunde
1102 1585 1156 1638 in
1181 1599 1377 1638 omnes
1408 1582 1679 1637 liberalis.

2105 757 2174 812 τὰ
2206 758 2457 827 οὐράνια,
2486 757 2553 811 τὰ
2582 758 2824 826 ἐπίγεια,
2858 759 2928 811 τὰ
2950 758 3283 828 καταχθόνια
3306 799 3322 823 ,
3364 761 3516 812 πᾶσα
3564 761 3703 825 ἀξία

2108 849 2203 901 καὶ
2225 848 2411 918 ἡλικία
2434 866 2449 881 ·
2476 850 2685 913 πάντας
2724 849 2833 921 γάρ
2864 851 3241 922 εὐεργετήσων
3269 851 3485 921 ἔρχεται
3508 869 3533 917 ;
3552 852 3700 905 πάν·

2106 957 2205 1004 τας
2237 940 2477 1010 ὲλεήσων
2510 942 2750 1012 ὲπὲφανε
2771 958 2785 972 ο
2820 943 2954 996 πᾶσι
2983 943 3342 1013 χαριζόμενος
3386 942 3484 1013 τὴν
3523 942 3703 1009 ἀγαλ-

2107 1030 2308 1084 λίασιν.
2348 1031 2482 1094 Θεὸς
2531 1031 2608 1084 ὢν
2633 1075 2647 1098 ,
2689 1034 2911 1101 γέγονεν
2940 1034 3247 1103 ἄνθρωπος,
3305 1033 3403 1086 καὶ
3442 1033 3539 1086 ἐπὶ
3586 1032 3707 1101 γῆς

2110 1122 2301 1190 ὤφθη,
2342 1122 2441 1176 καί
2475 1126 2600 1189 τοῖς
2626 1123 2961 1191 ἀνθρώποις
2988 1124 3489 1192 συνανεστράφη.
3541 1124 3705 1176 Μετὰ

2106 1213 2214 1267 τῶν
2232 1202 2446 1268 ’δούλων
2475 1216 2505 1268 ό
2531 1214 2812 1285 Δεσπότης
2838 1232 2854 1247 ο
2893 1215 3032 1283 μετὰ
3073 1214 3180 1267 τῶν
3213 1212 3629 1284 χρεωφειλετῶν
3666 1214 3697 1265 6

2109 1306 2405 1378 πληρωτὴς
2430 1323 2443 1336 ο
2481 1307 2622 1378 μετὰ
2641 1306 2748 1360 τῶν
2778 1305 3009 1360 ἀσώτων
3044 1308 3077 1376 ἡ
3113 1306 3360 1376 σωτηρία
3382 1324 3397 1338 ο
3429 1305 3569 1376 μετὰ
3589 1305 3705 1357 τῶν

2108 1399 2418 1452 καταδίκων
2467 1399 2497 1451 6
2529 1400 2841 1470 ἀγοραστής
2871 1410 2918 1439 α’
2953 1401 3090 1469 μετὰ
3113 1417 3222 1453 των
3255 1398 3701 1467 ἀπεγνωσμένων

2107 1488 2356 1559 ήὲλπίς·
2400 1488 2541 1558 μετὰ
2590 1490 2700 1542 τῶν
2747 1490 2901 1542 κάτω
2952 1490 3223 1560 κειμένων
3272 1491 3305 1560 ἠ
3360 1490 3700 1551 ἀνάστασις⁸

2110 1580 2250 1649 μετὰ
2278 1579 2387 1633 τῶν
2416 1580 2750 1649 ἀγνωμόνων
2777 1582 2806 1633 6
2832 1580 3080 1650 ἐλεήμων
3121 1598 3134 1611 ·
3182 1583 3322 1652 μετά
3344 1581 3452 1634 τῶν
3483 1581 3581 1650 δρα
3593 1590 3696 1633 πε-

413 1678 571 1729 τῶνὸ
600 1678 974 1747 ἐλευθερωτής
1028 1676 1077 1715 ἀ·
1125 1676 1265 1745 μετὰ
1324 1676 1434 1728 τῶν
1465 1674 1783 1728 ὑπευθύνων
1816 1678 1841 1727 ὁ
1880 1670 2190 1736 ἀνεύθυνος.
2247 1672 2404 1727 Μετὰ
2467 1673 2576 1727 τῶν
2622 1673 2967 1744 ἁμαρτωλῶν
3015 1675 3044 1727 6
3090 1676 3518 1748 ἀναμάρτητος·
3563 1676 3704 1745 πρὸς

414 1769 543 1830 τοὺς
576 1767 933 1837 ἀχαρίστους.
971 1769 995 1820 ἐ
1027 1767 1278 1836 ἀφθόνως
1307 1769 1442 1819 πᾶσι
1472 1766 1853 1837 χαριζόμενος.

485 1859 552 1914 ll.
583 1859 866 1923 Vidistin‘,
906 1859 1257 1921 charissime,
1282 1858 1606 1913 festivitatis
1649 1856 2003 1929 mysterium?

2184 1848 2258 1905 B’.
2301 1850 2459 1914 Ἰδες,
2488 1850 2765 1922 ἀγαπητὲ,
2794 1853 2895 1923 τῆς
2926 1855 3120 1925 ἑορτῆς
3139 1854 3200 1908 τὸ
3232 1857 3565 1926 μυστήριονς
3591 1856 3705 1920 ἴδες

412 1949 670 2004 Vidistin‘
715 1950 1002 2019 praesentis
1048 1948 1157 2003 diei
1194 1949 1459 2003 miracula
1504 1949 1529 2003 ἲ
1568 1949 1696 2004 Heri
1731 1946 2000 2003 Bethania

414 2040 615 2094 festum
650 2037 796 2093 diem
841 2038 1075 2109 agebat;
1115 2039 1281 2094 hodie
1315 2048 1512 2094 cuncta
1537 2040 1786 2096 Ecclesia
1816 2039 1999 2094 divina

417 2129 623 2184 fruitur
668 2130 985 2199 praesentia.
1035 2130 1163 2184 lleri
1227 2131 1395 2185 vitam
1459 2131 1550 2185 alii
1597 2131 1829 2202 largitus
1876 2138 1997 2185 est:

417 2219 585 2275 hodie
612 2220 726 2290 ipse
750 2220 816 2274 ad
854 2230 1089 2276 mortem
1118 2223 1291 2277 venit.
1321 2221 1449 2277 Heri
1477 2222 1882 2292 quatriduanus
1910 2223 2001 2277 ille

418 2312 692 2367 excitatus
730 2322 813 2367 est
853 2329 866 2378 ;
915 2312 1083 2367 hodie
1114 2312 1404 2368 triduanus
1442 2314 1616 2369 adest.
1667 2313 2001 2379 Quatridua-

417 2418 551 2457 num
592 2403 857 2458 Lazarum
892 2404 960 2458 ad
999 2405 1169 2459 vitam
1202 2406 1505 2471 revocavit,
1540 2413 1601 2459 ut
1623 2406 1879 2461 humanae
1900 2421 2002 2460 na-

416 2502 557 2550 tura:
581 2510 648 2549 ex
690 2495 979 2551 elementis
1017 2504 1258 2565 Quatuor
1304 2496 1624 2566 compositae
1653 2511 2000 2552 communem

415 2586 884 2640 resurrectionem
914 2586 1118 2656 praevie
1147 2586 1530 2641 conﬁrmaret.
1564 2587 1861 2642 Enimvero
1886 2588 2003 2642 illic

416 2677 642 2747 quidem
681 2676 895 2732 Martha
922 2677 1281 2743 distrahitur,
1323 2678 1517 2749 legalis
1545 2678 1726 2734 cultus
1767 2678 2000 2749 ﬁguram

416 2783 655 2837 gerens:
704 2768 798 2822 hic
821 2780 1004 2822 autem
1060 2768 1229 2823 Maria
1272 2768 1488 2823 Domini
1515 2769 1751 2839 pedibus
1776 2770 1999 2835 assidet,

415 2856 684 2912 Ecclesiae
723 2857 777 2911 in
803 2873 932 2912 eum
963 2859 1171 2913 amoris
1203 2858 1315 2912 vim
1353 2874 1417 2913 ac
1449 2860 1832 2916 assiduitatem
1864 2878 2002 2932 pra:-

414 2948 621 3003 t‘erens.
660 2947 879 3018 Quique
925 2959 1058 3003 ante
1088 2964 1184 3004 sex
1218 2949 1339 3004 dies
1376 2949 1598 3006 Pascha:
1635 2967 1734 3021 per
1756 2952 2003 3023 quinque

414 3040 670 3110 corporis
709 3055 908 3095 sensus
937 3040 1378 3110 quatriduanum
1414 3040 1704 3106 Lazarum,
1735 3059 1905 3099 unum
1945 3044 2002 3098 in

415 3130 640 3186 duabus
672 3130 899 3186 fratrem
933 3131 1191 3201 largitus,
1227 3131 1377 3187 illius
1395 3133 1612 3188 vincula
1639 3135 1777 3190 solvi
1806 3135 2000 3207 jubet:

2108 1940 2209 2010 τῆς
2256 1941 2541 2011 παρούσης
2580 1943 2793 2013 ἡμέρας
2829 1943 2899 1996 τά
2931 1943 3214 2013 θαύματα;
3246 1946 3434 2017 Χθὲςὴ
3460 1944 3707 2017 Βηθανία

2109 2028 2376 2103 ἑώρταζε,
2402 2035 2642 2105 σήμερον
2674 2036 2824 2089 πᾶσα
2860 2037 2894 2106 ἡ
2935 2037 3233 2106 Ἐκκλησία
3284 2039 3569 2109 άπήλαυσε
3599 2042 3706 2110 τῆς

2109 2123 2297 2194 θεῐκῆς
2314 2125 2644 2194 παρουσίας.
2677 2125 2819 2190 Χθὲς
2843 2127 2989 2197 ἄλλῳ
3011 2128 3071 2181 τὸ
3097 2128 3197 2199 ζῇν
3228 2130 3522 2200 ἐχαρίσατο
3557 2150 3569 2164 ·
3601 2134 3706 2202 σής

2112 2232 2276 2286 μερον
2308 2215 2471 2279 αὐτὸς
2518 2216 2612 2268 ἐπὶ
2636 2216 2727 2270 τὸν
2745 2217 2973 2271 θάνατον
3004 2217 3245 2289 ἔρχεται.
3277 2222 3416 2286 Χθὲς
3442 2225 3471 2275 6
3501 2240 3706 2293 tstpa~

2109 2307 2314 2377 ήμερος
2359 2305 2615 2361 ἀνίστατο
2645 2324 2656 2335 ·
2694 2307 2936 2378 σήμερον
2965 2311 2993 2361 6
3036 2312 3339 2381 τριήμερος
3385 2314 3705 2380 ἐφίσταται.

2109 2397 2500 2467 Τετραήμερον
2529 2398 2795 2468 ἀνέστησε
2823 2400 3096 2470 Λάζαρον,
3130 2401 3220 2454 ἶνα
3243 2403 3342 2472 τῆς
3384 2405 3449 2456 ὲκ
3491 2408 3707 2457 tesca-

2064 2534 2077 2553 ,
2112 2506 2222 2559 ρων
2248 2488 2527 2559 στοιχείων
2551 2490 2921 2560 συγκειμένης
2948 2492 3106 2561 ἡμῶν
3129 2494 3365 2561 φύσεως,
3384 2497 3483 2563 τὴν
3511 2499 3709 2567 κοινὴν

2108 2578 2404 2633 ἀνάστασιν
2437 2582 2915 2652 προπιστώσηται.
2954 2581 3100 2636 Ἀλλ’
3146 2586 3266 2637 ἐκεῖ
3294 2585 3396 2654 μὲν
3430 2589 3463 2657 ἡ
3497 2588 3710 2659 Μάρθα

2109 2670 2470 2739 περισπᾶται,
2496 2670 2670 2724 τύπον
2710 2672 2810 2741 τῆς
2858 2674 3090 2744 νομικῆς
3138 2674 3394 2746 λατρείας
3443 2677 3647 2747 ἔχουσα
3689 2697 3708 2709 ο

2110 2760 2344 2815 ἐνταῦθα
2372 2761 2449 2823 δὲ,
2481 2762 2671 2833 Μαρία
2708 2764 2821 2826 τοῖς
2850 2764 2978 2816 ποσὶ
3007 2764 3103 2817 τοῦ
3139 2768 3411 2820 Δεσπότου
3448 2769 3708 2838 προσκάε-

2110 2852 2293 2922 θηται,
2323 2852 2422 2920 τῆς
2452 2851 2785 2923 Ἐκκλησίας
2810 2854 2873 2907 τὸ
2921 2855 3058 2925 πρὸς
3112 2857 3275 2910 αὐτὸν
3310 2859 3534 2929 φίλτρον
3605 2858 3713 2914 xa‘t

2110 2929 2439 3015 προσεδρίαν
2466 2944 2883 3016 ύπογράφουσα.
2916 2950 3027 3002 Καὶ
3057 2952 3085 3003 6
3121 2951 3228 3018 πρὸ
3258 2949 3318 3016 ἒξ
3352 2951 3573 3023 ἡμερῶν
3600 2954 3712 3007 τοῦ

2112 3037 2329 3106 Πάσχα,
2357 3035 2446 3089 διὰ
2478 3036 2587 3090 τῶν
2619 3038 2783 3090 πέντε
2808 3038 2904 3092 τοῦ
2942 3039 3194 3111 σώματος
3225 3042 3535 3115 αἰσθήσεων
3555 3085 3568 3108 ,
3606 3049 3713 3098 τὸν

2112 3128 2496 3198 τετραήμερον
2524 3127 2777 3203 Λάζαρον
2806 3133 2864 3185 ἐν
2901 3135 3020 3196 ταῖς
3049 3133 3169 3186 δυσὶ
3206 3133 3299 3188 τὸν
3331 3135 3428 3189 ἕνα
3462 3138 3707 3206 χαρισᾴο

417 3222 536 3294 ipse
570 3238 720 3277 nunc
755 3222 1159 3278 venitvincula
1189 3234 1540 3293 experturus.
1590 3226 1754 3281 Venit
1793 3206 2003 3291 autem,

2114 3236 2273 3291 μενος
2306 3219 2535 3287 ἀδελφὸν
2554 3262 2568 3285 ,
2598 3221 2809 3278 ἐκείνου
2840 3223 2942 3293 μὲν
2965 3224 3032 3277 τὰ
3065 3225 3244 3296 δεσμὰ
3272 3228 3562 3298 ἐπιτρέπει
3602 3230 3709 3284 λυ-

416 3329 531 3370 non
558 3329 686 3370 cum
740 3315 906 3369 turba
959 3322 1057 3369 aut
1107 3315 1385 3381 tumultu;
1423 3332 1604 3387 neque
1638 3318 1908 3384 Virtutes,
1941 3334 2007 3373 ac

415 3406 786 3478 Principatus,
810 3407 1230 3477 Potestatesque
1261 3408 1506 3479 undique
1535 3409 1892 3467 invisibiliter
1920 3425 2009 3466 sa-

420 3499 613 3554 tellitio
648 3498 1017 3555 circumfusas
1069 3499 1318 3554 habens:
1350 3516 1461 3556 non
1500 3502 1700 3557 sedens
1725 3502 1780 3556 in
1805 3502 2008 3555 throno

418 3593 638 3647 excelso
678 3599 737 3647 et
778 3593 996 3646 elevato
1024 3593 1046 3624 ⁹
1081 3611 1094 3645 :
1122 3607 1234 3647 non
1266 3592 1368 3647 alis
1411 3593 1745 3663 quibusdam
1774 3609 1838 3648 ac
1860 3592 2007 3663 igni-

417 3683 692 3738 formibus
714 3683 853 3738 rotis
886 3693 941 3738 et
981 3683 1330 3739 multioculis
1359 3693 1650 3740 contectus
1675 3702 1690 3751 ;
1725 3700 1834 3738 non
1860 3684 2010 3738 tubis

416 3789 485 3829 ac
508 3773 832 3836 virtutibus,
890 3771 1276 3843 prodigiisque
1318 3772 1647 3835 concutiens
1682 3771 1867 3825 omnia
1899 3778 2011 3823 ter-

352 3902 371 3909 ρ
417 3862 749 3933 ritausque;
789 3862 888 3918 sed
935 3862 989 3916 in
1024 3862 1266 3917 humana
1296 3863 1609 3918 occultatus
1648 3869 1862 3914 natura.
1904 3858 2010 3913 Be-

417 3957 712 4028 nignitatis
750 3955 898 4011 enim
948 3954 1222 4011 adventus
1268 3963 1374 4021 est,
1434 3967 1549 4007 non
1581 3951 2012 4022 potestatisziu-

412 4046 739 4121 ‘dulgeutite,
775 4063 888 4104 non
919 4047 1321 4111 districtionis;
1360 4043 1870 4107 condescensionis,
1899 4058 2011 4099 non

417 4142 670 4198 ultionis.
704 4141 826 4196 Non
854 4140 910 4194 in
946 4139 1124 4194 Patris
1179 4137 1352 4209 gloria
1377 4143 1627 4205 apparet,
1664 4133 1762 4188 sed
1798 4133 1854 4187 in
1886 4148 2002 4186 ma-

416 4236 523 4291 tris
550 4233 882 4289 humilitate.
916 4233 1057 4287 Eum
1094 4230 1255 4286 nobis
1295 4228 1600 4283 adventum
1637 4227 1845 4282 dudum
1876 4244 2013 4299 prta.

414 4325 615 4380 dicans
656 4322 981 4387 Zacharias,
1023 4321 1399 4389 universaque
1428 4325 1612 4372 creata
1663 4316 1730 4371 ad
1761 4316 2008 4372 laetitiam

420 4431 750 4487 provocans,
783 4415 937 4469 velut
985 4413 1044 4468 in
1092 4411 1356 4466 Ecclesiae
1405 4423 1642 4479 persona
1693 4408 1761 4463 ad
1785 4409 2010 4465 Jerusa-

419 4509 528 4563 lem
553 4506 1063 4570 clamavit,dicens:
1087 4501 1272 4559 Gaude
1291 4502 1635 4565 vehementer,
1663 4499 1775 4568 [ilia
1793 4498 1918 4555 Sion
1937 4500 2001 4555 ¹⁰.

422 4604 537 4658 llac
563 4617 785 4673 quoque
820 4599 1044 4656 Gabriel
1071 4612 1205 4652 voce
1260 4610 1397 4650 usus
1441 4593 1513 4648 ad
1563 4594 1843 4667 Virginem
1887 4596 1999 4651 ait:

418 4695 631 4758 Gaude,
659 4695 923 4764 gratiosa,
963 4690 1218 4744 Dominus
1246 4695 1415 4741 tecum
1441 4687 1506 4740 “.
1538 4685 1651 4743 Hac
1672 4696 1729 4742 et
1751 4687 2002 4744 Salvator

420 4786 561 4855 ipse,
590 4800 713 4839 cum
758 4800 786 4837 a
816 4782 1050 4835 mortuis
1090 4779 1447 4843 surrexisset,
1476 4778 1803 4834 mulieribus
1836 4779 2007 4835 incla-

2110 3311 2270 3378 θῆναι
2295 3325 2310 3343 ο
2348 3310 2510 3375 αὐτὸς
2538 3312 2593 3364 δὲ
2620 3313 2717 3365 νῦν
2746 3316 3110 3385 παραγίνεται
3144 3317 3533 3387 δεσμευθῆναι.
3586 3324 3714 3375 Καὶ

2111 3403 2493 3472 παραγίνεται,
2525 3404 2585 3457 ού
2614 3406 2947 3471 σοϐῶν,ούδὲ
2968 3407 3233 3479 θορυϐῶν.
3264 3409 3386 3464 οὐδὲ
3415 3411 3710 3483 δυνάμεις,

2112 3496 2209 3547 καὶ
2240 3495 2436 3565 ἀρχὰς,
2470 3497 2563 3550 καὶ
2594 3498 2843 3563 ἐξουσίας
2885 3501 3131 3571 ἀοράτως
3166 3500 3571 3573 δορυφορούσας
3602 3523 3715 3559 πι-

2112 3587 2457 3659 ρικείμενος·
2494 3589 2593 3642 οὐκ
2625 3590 2716 3643 ἐπὶ
2746 3590 2939 3662 θρόνου
2968 3591 3176 3662 ὑψηλοῦ
3226 3594 3321 3646 καὶ
3384 3596 3710 3666 ἐπηρμένω

2114 3678 2426 3751 καθήμενος
2448 3696 2461 3709 ο
2492 3682 2552 3734 ού
2584 3682 2813 3750 πτέρυξι
2848 3700 2957 3736 τισι
2980 3724 2994 3748 ,
3032 3684 3128 3737 καὶ
3164 3686 3537 3757 πυριμόρφοις
3571 3706 3709 3757 τρο-

2112 3772 2261 3840 χοῖς,
2315 3772 2409 3824 καὶ
2474 3773 2887 3843 πολυομμάτοις
2923 3787 2948 3815 ε
2999 3778 3520 3848 συγκαλυπτόμενος
3567 3797 3581 3810 ·
3638 3783 3708 3834 ού

2114 3862 2391 3933 σάλπιγξι,
2415 3865 2511 3917 καὶ
2532 3864 2816 3937 δυνάμεσι,
2850 3869 2944 3921 καί⁵
2973 3868 3165 3939 τέρασι
3194 3869 3638 3924 κατασιωπῶντα
3656 3869 3678 3911 ί

2113 3954 2227 4011 ἀλλ’
2243 3956 2300 4008 ὲν
2319 3955 2635 4030 ἀνθρωπεία
2666 3957 2827 4027 φύσει
2851 3960 3250 4031 κρυπτόμενος.
3273 3962 3711 4033 Φιλανθρωπίας

2113 4048 2222 4117 γὰρ
2244 4048 2278 4118 ἡ
2302 4046 2594 4119 παρουσία,
2617 4049 2718 4102 οὐκ
2739 4049 2991 4113 ἐξουσίας
3028 4049 3500 4127 [συγχωρήσεως],
3526 4054 3587 4106 ού
3617 4054 3710 4106 δι-

2113 4140 2457 4211 καιοκρισίας
2488 4155 2503 4171 ο
2541 4142 3025 4208 συγκαταὸάσεως,
3054 4143 3114 4196 ού
3146 4144 3442 4208 κολάσεως.
3494 4146 3608 4199 υύκ
3640 4148 3707 4199 ἐν

2113 4235 2177 4303 τῇ
2204 4229 2299 4285 τοῦ
2327 4230 2542 4302 Πατρδς
2571 4231 2719 4305 δόξῃ,
2754 4231 2867 4285 ἀλλ’
2898 4235 2957 4287 ὲν
2979 4237 3044 4305 τῇ
3075 4234 3405 4290 ταπεινώσει
3435 4235 3533 4307 τῆς
3574 4239 3709 4307 Μη-

2114 4320 2240 4390 τρὸς
2275 4320 2639 4390 ἐπιφαίνεται.
2697 4322 2800 4374 Ἢν
2839 4324 3145 4393 παρουσίαν
3177 4325 3459 4397 πόρρωθεν
3504 4328 3639 4397 ἡμῖν
3673 4330 3707 4379 6

2114 4412 2420 4484 θαυμάσιος
2437 4413 2715 4484 Ζαχαρίας
2742 4414 3086 4486 διηγόρευσε,
3122 4418 3215 4471 καὶ
3249 4417 3385 4488 πρὸς
3421 4418 3698 4487 εὐφροσύ-

2115 4523 2213 4574 νην
2241 4505 2682 4576 συγκαλούμενος
2713 4506 2812 4577 τὴν
2835 4509 3014 4562 κτίσιν
3052 4512 3133 4574 είς
3167 4511 3460 4581 πρόσωπον
3500 4510 3704 4579 ὥσπερ

2112 4597 2212 4667 τῆς
2239 4596 2570 4667 Ἐκκλησίας
2598 4599 2664 4668 τῇ
2700 4597 3057 4672 Ἰερουσαλὴμ
3084 4601 3451 4675 ἀνακέκραγε,
3476 4601 3656 4667 λέγων
3687 4621 3699 4632 ·

2113 4689 2292 4758 Xa?”
2314 4689 2572 4759 σφόδρα,
2603 4689 2858 4759 θύγατερ
2889 4694 3061 4746 Σιών.
3093 4693 3281 4765 Ταύτῃ
3310 4698 3375 4766 τῇ
3409 4697 3559 4764 φωνῇ
3600 4695 3706 4746 καὶ

2112 4781 2359 4855 Γαόριὴλ
2385 4784 2452 4853 τῇ
2494 4782 2759 4854 Παρθένῳ
2788 4784 2818 4823 ⁸
2864 4783 3132 4855 κέχρηται
3158 4823 3175 4851 ,
3208 4786 3381 4855 λέγων
3412 4804 3428 4819 ·
3479 4786 3662 4853 Xal'pe
3682 4826 3703 4849 ,

490 4925 513 4956 ⁸
558 4923 770 4981 Βίινεείι
806 4939 885 4984 m,
919 4921 1009 4975 58.
1087 4921 1106 4951 ’
1134 4918 1237 4975 lsa.
1261 4935 1339 4985 vl,
1367 4918 1421 4974 Ι.
1498 4921 1541 4953 ιθ
1568 4920 1734 4975 Zach.
1765 4938 1838 4986 ut,
1875 4922 1928 4976 9.

2110 4939 2213 4977 .uc.
2248 4938 2284 4987 ι,
2318 4920 2411 4977 28.

1800 5061 2034 5116 VARIAE
2072 5062 2484 5119 LECTIONES.

493 5160 523 5199 ι)
565 5157 773 5232 Ἦμῶν.
816 5155 943 5232 [:cg.
975 5122 1289 5232 rpogqtdw.
1366 5158 2390 5232 σἈγορΑαστ-ής,Οχῇοηλλευθερωτής.
2461 5161 2498 5232 γά
2531 5159 2956 5232 ’Ῑαξλευθερωτήφ
3008 5163 3184 5220 Oxon.
3208 5165 3437 5230 δίκαιος.
3520 5179 3543 5207 ο
3588 5169 3701 5222 Πο-

418 5224 780 5312 posset”.
821 5224 995 5281 Oxon.
1020 5224 1408 5299 ’πολυόμμασμ
1492 5226 1512 5267 ί
1545 5224 2027 5282 Κατασιωπῶντα.
2059 5224 2195 5300 Legi
2242 5224 2547 5285 κατασείων
2574 5224 2779 5288 Πάντα.
2861 5224 2989 5305 ε’Τῇ
3025 5233 3308 5307 Παρθένῳ.
3343 5224 3524 5294 Oion.
3554 5241 3702 5312 προς

334 5360 345 5371 ε
416 5296 533 5370 τὴν
548 5296 847 5367 Παρθένον.

1932 5418 2165 5477 NOTAE.

444 5564 451 5569 .
491 5509 878 5586 (2)_leeologi,
917 5513 1234 5586 gloﬁrificate.
1285 5513 1592 5580 Δοξάσατε’
1626 5513 1699 5572 Ut
1730 5516 1783 5571 id
1822 5515 1999 5586 ipsum

416 5580 536 5667 fere
576 5580 828 5667 inculcet
870 5580 1015 5667 quod
1055 5580 1440 5667 praecesserat,
1493 5586 1655 5667 ἱερεῖς
1699 5580 1988 5667 mssa“.

417 5722 694 5793 praecipue
721 5723 885 5794 primi
920 5722 1055 5780 {nec
1089 5737 1283 5781 auctor
1313 5725 1378 5780 ad
1412 5722 1549 5779 alios
1585 5727 1674 5779 hic
1712 5741 1997 5780 sermones

2109 5526 2396 5593 provocat,
2447 5534 2612 5593 quam
2645 5518 2822 5593 laudis
2849 5537 2915 5578 ac
2958 5524 3400 5593 'gloriﬂcationis.
3436 5525 3697 5585 Insoleiif

512 5596 536 5661 β
576 5587 828 5667 inculcet
870 5587 1015 5667 quod
1063 5590 1440 5667 praecesserat,
1493 5587 1655 5667 ἱερεῖς
1699 5587 1988 5667 λᾳλῄσατε.
2099 5595 2185 5667 est
2217 5587 2364 5658 quod
2393 5589 2638 5667 reddidit
2674 5587 3158 5667 interpresCyi-illi
3189 5614 3201 5648 :
3234 5595 3709 5667 Theolagi,r.’ec.r-

418 5607 536 5635 wn:
576 5607 828 5636 σιιιυυιυυι
870 5607 1015 5654 quoa
1064 5607 1440 5655 praecesserat,
1493 5607 1655 5656 ιερεις
1700 5607 1988 5657 ΛαΑησατε.
2099 5607 2185 5641 εει
2217 5607 2364 5658 quoa
2394 5607 2638 5645 reualutt
2674 5607 2820 5645 Inter

416 5650 524 5718 Ipsi
559 5651 705 5728 enim
736 5652 973 5728 theologi
1013 5671 1075 5710 ac
1108 5655 1387 5728 doctores,
1421 5655 1517 5728 qui
1556 5656 1899 5728 sacerdotes,
1933 5672 1995 5711 ac
2104 5659 2232 5728 nite,
2261 5672 2362 5712 nec.
2392 5666 2583 5728 aptum
2614 5661 2769 5713 satis.
2801 5607 2857 5728 δῖ

2106 5743 2171 5781 ac
2195 5727 2487 5782 doctorum
2514 5727 2851 5787 sententias?
2872 5732 3104 5790 Counzr.

2849 5662 2943 5737 ui_d
2995 5662 3143 5719 enim
3176 5667 3270 5721 hic
3299 5668 3364 5729 ad
3388 5662 3712 5737 opiniones
