3898 6422
275 293 416 372 2910

1326 304 1388 363 s.
1423 278 1742 362 EULo'GII
1781 292 2140 356 ARCHIEP.
2180 292 2557 354 ALEXAND.

3401 290 3542 356 299.0

277 416 523 486 scipulos
553 429 704 472 suos.
749 413 804 468 id
835 421 919 467 est
945 410 1056 466 duo
1087 417 1437 474 testamenta,
1490 417 1552 462 ut
1579 406 1860 461 adducam

1972 401 2088 463 τοὺς
2131 400 2226 453 δύο
2281 400 2529 470 μαθητάς
2554 415 2568 429 ·
2620 398 2787 466 ἤγουν
2820 398 2918 463 τὰς
2946 399 3039 453 δύο
3064 399 3345 472 Διαθήκας
3370 419 3382 433 ·
3409 407 3541 470 ἀγσο

187 560 195 571 ,
279 509 388 563 sibi
435 508 575 561 duos
620 506 878 575 populos;
910 509 1156 557 veterem
1197 499 1433 564 asinam,
1471 512 1534 552 ac
1562 496 1861 551 exsoletam

279 613 641 670 synagogam;
690 596 1014 665 pullumque
1064 593 1346 662 juvenem,
1402 602 1468 642 ac
1525 584 1860 641 inexercita-

283 697 399 742 tum
448 699 505 742 et
539 686 731 739 rudem
774 683 1040 754 populum
1107 680 1376 751 gentium.
1412 674 1657 731 Diceudo
1680 680 1862 727 autem

281 785 489 838 contra,
543 772 814 844 significat
866 772 1083 826 misisse
1114 769 1359 823 solutum
1395 781 1578 835 poena,
1621 779 1685 818 ac
1704 778 1865 817 voca-

281 877 398 923 tum
448 866 504 920 in
557 865 756 920 cmlum
794 878 922 917 eum
956 862 1051 931 qui
1094 860 1149 913 in
1184 859 1410 913 adversa
1445 864 1602 925 parte
1624 851 1864 926 paradisi

281 958 604 1011 deliciarum
636 957 674 986 ¹⁹
704 954 920 1024 positus
942 961 1093 1006 erat:
1132 965 1295 1020 quem
1326 948 1594 1016 deinceps
1623 944 1856 998 salutem

278 1047 536 1115 adeptum
566 1046 816 1101 videntes
838 1042 1045 1112 antiqui
1094 1041 1377 1111 prophetae
1409 1037 1753 1108 apostolique
1788 1048 1853 1086 ac

279 1139 421 1192 sacri
447 1151 752 1206 praecones,
780 1135 829 1188 ei
857 1136 949 1204 qui
972 1148 1029 1187 se
1057 1133 1122 1186 ad
1159 1141 1522 1201 spontaneam
1555 1126 1865 1197 passionem

279 1228 335 1280 in
367 1226 500 1280 Sion
532 1241 597 1279 ex
636 1240 875 1295 superno
902 1224 1128 1278 demisit
1183 1231 1391 1286 monte,
1444 1235 1598 1275 sacra
1628 1217 1864 1287 quadam

278 1333 477 1387 pompa
500 1326 823 1381 occurrunt,
874 1316 1205 1384 divinasque
1248 1329 1373 1368 suas
1407 1327 1570 1366 voces
1604 1325 1702 1365 ceu
1727 1323 1867 1378 quo-

280 1409 577 1463 dammodo
610 1409 887 1463 animatos
923 1410 1192 1462 olivarum
1238 1420 1423 1459 ramos
1467 1403 1664 1457 faustis
1685 1400 1867 1461 omni-

280 1498 387 1552 bus
420 1499 839 1563 submittentes,
874 1509 1116 1553 canunt:
1161 1497 1476 1551 Benedictus
1519 1494 1606 1563 qui
1636 1494 1773 1546 venit
1812 1492 1865 1543 in

282 1592 494 1643 nomine
533 1590 773 1675 Domini;
810 1590 1065 1644 Hosanna
1098 1591 1153 1642 in
1184 1588 1475 1642 altissimis.

356 1773 445 1826 ιν.
497 1768 638 1837 Quid
706 1768 826 1822 ais?
879 1768 1078 1822 Misero
1124 1768 1273 1837 pullo
1321 1765 1653 1821 insidentem
1687 1764 1860 1828 vides,

279 1865 630 1931 clamasque:
684 1859 939 1913 Hoaanna
989 1861 1044 1913 in
1078 1859 1399 1913 altissimis?
1431 1858 1683 1912 Formam
1719 1857 1863 1910 servi

279 1954 502 2023 aspicis.
549 1959 714 2019 atque
750 1951 806 2003 in
842 1950 1066 2003 nomine
1094 1949 1331 2011 Domini,
1365 1950 1538 2003 Deum
1570 1949 1864 2002 Dominum

281 2045 463 2099 dicis?
491 2045 682 2107 Plane,
716 2041 931 2110 inquit;
977 2040 1135 2095 sedet
1182 2056 1351 2110 super
1387 2040 1621 2109 pullum,
1655 2054 1756 2093 nec
1780 2054 1867 2092 se-

281 2144 509 2205 paratur
551 2149 580 2187 a
628 2132 812 2186 Patris
860 2132 1019 2193 sinu;
1057 2132 1315 2185 laudatur
1359 2147 1389 2184 a
1440 2130 1649 2201 pueris,
1697 2129 1867 2198 inque

281 2227 439 2282 caelis
467 2226 610 2280 Deus
644 2239 673 2278 ε
706 2223 993 2292 Seraphim
1024 2222 1354 2292 praedicatur
1381 2241 1394 2286 ;
1452 2221 1759 2276 Jerusalem
1787 2222 1869 2275 in-

281 2314 550 2385 greditur,
578 2327 679 2368 nec
703 2321 886 2366 tamen
919 2311 1186 2381 relinquit
1216 2326 1512 2381 supernam
1538 2311 1864 2367 Jerusalem.

286 2405 443 2459 Videt
484 2419 634 2469 eum,
688 2420 928 2473 moxque
980 2405 1233 2459 occurrit
1265 2419 1328 2458 ac
1351 2405 1554 2460 clamat
1587 2405 1864 2460 Joannes:

285 2494 419 2547 Ecce
470 2494 654 2564 Agnus
690 2494 809 2557 Dei,
868 2497 959 2565 qui
1000 2495 1138 2549 tollit
1187 2503 1461 2565 peccatum
1502 2497 1688 2549 mundi
1712 2497 1777 2550 '°.
1802 2496 1870 2550 Et

280 2587 448 2640 alius:
484 2586 615 2639 Ecce.
674 2585 815 2639 Deus
859 2593 1075 2640 noster:
1107 2602 1222 2639 ecce
1252 2586 1543 2650 Dominus;
1567 2589 1677 2656 ipse
1704 2589 1870 2640 veniet

280 2687 329 2729 et
369 2676 596 2729 sulvabit
645 2693 737 2729 nos
769 2678 811 2707 "
838 2695 850 2729 :
879 2691 978 2746 per
1008 2692 1173 2746 quem
1211 2675 1378 2731 hodie
1411 2677 1559 2731 oculi
1593 2692 1869 2731 caecorum

280 2769 454 2837 aperti
512 2775 659 2821 sunt.
704 2768 854 2823 Unus
888 2769 1015 2838 quis
1041 2769 1107 2823 ad
1136 2769 1418 2824 Orientem
1454 2768 1656 2823 clamat
1684 2769 1870 2822 Domi-

281 2872 384 2911 no:
420 2855 553 2910 Ecce
573 2858 746 2922 homo,
777 2857 964 2912 Oriens
1000 2873 1187 2911 nomen
1232 2857 1278 2909 ei
1302 2858 1371 2909 ¹².
1406 2857 1558 2911 Alius
1583 2857 1652 2911 ad
1711 2857 1869 2912 Occi-

281 2945 503 3000 dentem
555 2946 712 3015 jubet
757 2964 770 2999 :
816 2946 928 3000 Iter
979 2947 1137 3016 facite
1195 2946 1242 2999 ei
1269 2947 1358 3015 qui
1428 2948 1660 3001 ascendit
1716 2965 1875 3018 super

282 3052 558 3101 occasum;
596 3035 851 3090 Dominus
891 3052 1083 3090 nomen
1111 3034 1193 3090 illi
1223 3037 1292 3101 ¹³;
1327 3045 1492 3106 atque
1524 3038 1615 3093 hic
1647 3038 1866 3108 quidem

1976 3038 2195 3091 λεύεται
2247 3053 2260 3066 '

282 3130 392 3180 ait:
438 3129 630 3196 Surge,
674 3127 866 3196 Aquilo
908 3128 975 3180 “.
1024 3127 1119 3182 lile
1161 3128 1396 3181 clamat:
1453 3126 1600 3194 Veni,
1657 3129 1868 3183 Auster.

284 3219 456 3274 David
494 3229 676 3274 autem
723 3234 938 3273 summa
971 3220 1370 3288 complexione,
1398 3234 1463 3274 ac
1487 3222 1776 3290 perspicue
1795 3218 1869 3290 (4)

283 3310 542 3363 omnibus
560 3310 812 3379 partibus
836 3324 1057 3363 crucem
1092 3309 1395 3378 explicans,
1418 3309 1871 3379 praedicationem

285 3409 554 3455 convocat
598 3401 666 3455 ab
723 3401 939 3454 oriente
990 3409 1046 3455 et
1101 3400 1393 3456 occidente
1427 3409 1485 3456 et
1522 3402 1787 3471 aquilone
1817 3408 1873 3455 et

257 3494 448 3547 .mari.
485 3492 754 3547 Jeremias
784 3492 859 3564 (5)
886 3493 1038 3547 velut
1076 3493 1314 3562 quadam
1357 3493 1515 3563 digiti
1539 3493 1872 3548 indicatione

290 3583 603 3637 venientem
660 3590 980 3639 monstrans
1022 3583 1301 3653 gentibus,
1340 3585 1490 3638 canit
1516 3584 1741 3638 dicens:
1773 3582 1873 3636 Hic

288 3682 361 3726 est
406 3673 543 3727 Deus
587 3681 784 3737 noster,
832 3682 881 3726 et
934 3689 1040 3727 non
1071 3674 1421 3728 (estimabitur
1462 3672 1599 3727 alius
1629 3674 1699 3727 ad
1728 3689 1868 3726 eum.

1974 492 2158 560 γέσθαι
2192 490 2338 561 αὐτῷ
2368 492 2498 554 τοὺς
2522 490 2616 543 δύο
2644 489 2807 552 λαούς
2843 505 2857 521 ⁸
2893 490 2991 558 τὴν
3018 492 3254 545 παλαιὰν
3286 492 3425 558 ὄνον,
3445 496 3544 549 καὶ

1965 586 2340 654 γεγηρακυῖαν
2372 584 2697 653 συναγωγήν
2731 600 2745 614 ·
2778 584 2873 637 καὶ
2905 584 2998 637 τὸν
3028 585 3146 637 νέον
3194 585 3409 653 πῶλον,
3444 589 3543 641 καὶ

1962 674 2055 726 τὸν
2083 673 2436 743 ἀγύμναστον
2469 671 2580 725 τῶν
2635 671 2806 726 ἐθνῶν
2835 673 2984 728 λαόν.
3026 675 3123 727 Διὰ
3167 675 3225 728 δὲ
3267 677 3361 729 τοῦ
3396 694 3542 732 κατ-

1963 763 2167 817 έναντι
2199 765 2392 827 εἰπεῖν,
2426 763 2703 832 σημαίνει,
2728 764 2808 817 ὅτι
2839 765 2931 818 τὸν
2962 766 3251 819 κατέναντι
3282 767 3383 836 τῆς
3411 784 3547 840 τρυ-

1975 857 2079 925 φῆς
2126 855 2220 908 τοῦ
2279 856 2610 925 παραδείσου
2644 854 3081 919 κατοικισθέντα,
3133 857 3346 927 ἔπεμψε
3384 860 3546 913 λῦσαι

1963 947 2057 999 τοῦ
2090 945 2390 1015 ἐπιτιμίου,
2448 946 2545 998 καὶ
2586 946 2722 1017 πρὸς
2767 948 3014 1019 οὐρανὸν,
3053 948 3387 1005 καλέσασθαι
3428 969 3443 985 ο
3486 952 3549 1005 δν

1965 1038 2380 1108 ἀνασωζόμενον
2423 1037 2609 1090 λοιπὸν
2637 1039 2870 1107 ὁρῶντες
2908 1041 2957 1092 οἱ
3001 1039 3171 1093 πάλαι
3222 1046 3547 1113 προφῆται,

1967 1129 2274 1195 ἀπόστολοι,
2302 1129 2395 1182 καὶ
2429 1130 2806 1199 ίεροκήρυκες,
2836 1128 2930 1182 τὸν
2964 1130 3056 1182 ἐπὶ
3082 1130 3141 1183 τὸ
3172 1131 3420 1185 ἑκούσιον
3444 1134 3551 1187 πά-

1968 1219 2059 1283 οος
2095 1223 2151 1272 ἐν
2177 1219 2335 1277 Σιὼν.
2372 1220 2437 1273 ἐκ
2474 1220 2567 1272 τοῦ
2603 1220 2809 1272 ἄνωθεν
2843 1219 3005 1289 ὅρους
3057 1221 3247 1275 ἑαυτὸν
3276 1223 3552 1277 ταπεινώο

1970 1327 2160 1374 σαντα,
2220 1308 2563 1381 ἱεροπρεπῶς
2611 1308 3058 1377 προσυπαντῶσι,
3115 1311 3212 1363 καὶ
3261 1312 3361 1374 τὰς
3422 1314 3550 1366 Θεο-

1966 1400 2192 1462 λέκτους
2215 1401 2392 1453 αὐτῶν
2418 1400 2601 1470 φωνὰς
2631 1400 2706 1462 ὠς
2732 1399 3008 1470 ἐμψύχους
3025 1403 3190 1454 οἱονεί
3210 1418 3327 1465 πως
3351 1403 3550 1457 ἐλαιῶν

1970 1493 2197 1556 κλάδους
2254 1492 2578 1563 εὑφημικῶς
2630 1492 3036 1563 ἀναμέλπουσιν
3067 1508 3081 1524 ο
3119 1496 3552 1565 Εὐλογημένος

1970 1590 2001 1639 o'
2031 1587 2353 1655 ἐρχόμενος
2382 1586 2450 1638 ἐν
2480 1585 2722 1653 ὀνόματι
2751 1586 2993 1652 Κυρίου·
3036 1584 3390 1642 ὩσαΥνὰέν
3423 1589 3550 1657 τοῖς

1970 1680 2276 1746 ὑψίστοις.

2036 1766 2108 1820 Δ’.
2130 1766 2193 1821 Τί
2215 1767 2393 1834 λέγεις
2413 1783 2428 1833 ;
2451 1767 2575 1820 Ἐπὶ
2600 1767 2778 1821 πώλου
2811 1764 3028 1838 οἰκτροῦ
3056 1767 3366 1840 καθήμενον
3393 1766 3550 1840 ὁρᾷς,

1967 1860 2081 1924 καὶ,
2098 1859 2358 1912 Ὡσαννὰ
2373 1859 2442 1911 ἐν
2458 1858 2583 1923 τοῖς
2602 1861 2910 1927 ὑψίστοις,
2937 1860 3064 1931 βοᾷς
3085 1875 3098 1924 ;
3118 1861 3347 1929 Μορφὴν
3361 1860 3552 1914 δούλου

1970 1950 2207 2020 βλέπεις,
2244 1950 2339 2002 καὶ
2370 1952 2427 2003 ὲν
2460 1949 2685 2019 ὀνόματι
2707 1952 2933 2020 Κυρίου,
2955 1951 3086 2003 Θεὸν
3113 1951 3315 2022 Κύριον
3343 1952 3550 2018 λέγει;;

1972 2043 2105 2109 Ναὶ,
2141 2041 2305 2112 φησίν
2337 2057 2350 2070 ·
2383 2041 2475 2093 ἐπὶ
2516 2038 2696 2092 πῶλον
2731 2041 3025 2106 καθέζεται
3045 2080 3059 2105 ,
3097 2043 3190 2094 καὶ
3219 2041 3315 2094 τοῦ
3346 2059 3555 2113 πατρι-

1970 2134 2067 2187 κοῦ
2093 2133 2292 2187 κόλπου
2321 2134 2381 2185 οὐ
2407 2131 2699 2202 χωρίζεται
2730 2148 2744 2163 ο
2777 2132 2882 2185 ὑπὸ
2910 2134 3118 2187 παίδων
3139 2134 3413 2200 ὑμνεῖται,
3448 2134 3551 2186 καὶ

1968 2226 2080 2281 ἄνω
2137 2225 2240 2278 ὑπὸ
2285 2224 2538 2295 Σεραφὶμ
2590 2223 2920 2291 θεολογείται
2973 2242 2987 2255 ·
3045 2227 3124 2287 είς
3193 2226 3557 2296 Ἰερουσαλὴμ

1969 2316 2296 2385 εἰσέρχεται,
2330 2315 2465 2367 ἀλλὰ
2499 2316 2599 2385 τὴν
2620 2316 2732 2368 ἄνω
2774 2316 3132 2385 Ἰερουσαλὴμ
3156 2316 3215 2373 οὐ
3245 2319 3507 2370 κατέλιπε
3533 2330 3548 2347 ⁶

1973 2410 2067 2462 καὶ
2088 2410 2190 2480 ὁρᾷ
2220 2406 2408 2460 τοῦτον
2436 2407 2573 2477 ἅμα,
2610 2407 2707 2460 καὶ
2750 2408 2985 2478 ὑπαντᾷ,
3021 2407 3117 2460 καὶ
3146 2406 3243 2478 βοᾷ
3276 2408 3554 2477 Ἰωάννηςο
3636 2418 3639 2421 ‘

1977 2495 2101 2548 Ἴδε
2129 2498 2162 2548 ό
2184 2494 2399 2562 Ἀμνὸς
2420 2494 2527 2548 τοῦ
2559 2494 2708 2548 Θεοῦ
2734 2535 2747 2559 ,
2802 2497 2834 2548 ὀ
2870 2494 3052 2564 αἴρων
3097 2495 3216 2564 τὴν
3259 2496 3560 2566 ἁμαρτίαν

1974 2588 2078 2641 τοῦ
2106 2587 2335 2656 κόσμου
2363 2602 2377 2616 ·
2413 2587 2504 2639 καὶ
2536 2586 2693 2651 ἄλλος
2721 2606 2735 2620 ο
2767 2587 2927 2642 Ἰδοὺ
2954 2591 2987 2641 ὀ
3018 2590 3159 2655 Θεὸς
3188 2588 3357 2656 ἡμῶν
3380 2606 3392 2620 ·
3417 2589 3557 2644 ίδοὺ

1971 2679 2206 2743 Κύριος,
2262 2679 2445 2743 αὐτὸς
2499 2678 2631 2745 ἥξει
2683 2678 2780 2731 καὶ
2843 2677 3030 2731 σώσει
3085 2678 3265 2748 ἡμᾶς,
3308 2680 3377 2733 δι’
3427 2675 3490 2735 οὗ
3525 2682 3548 2722 ί

1972 2765 2241 2834 ὀφθαλμοὶ
2273 2765 2487 2833 τυφλῶν
2522 2765 2854 2835 ἠνοίχθησαν
2896 2768 3156 2836 σήμερον.
3199 2767 3257 2822 '0
3288 2770 3389 2839 μὲν
3414 2770 3557 2840 πρὸς

1973 2857 2238 2919 ἀνατολὰς
2264 2857 2341 2926 τῷ
2362 2858 2609 2929 Δεσπότῃ
2637 2858 2736 2928 βοᾷ
2769 2874 2785 2889 ο
2818 2857 2976 2912 Ἰδοὺ
3028 2859 3361 2928 ἅνθρωπος,
3391 2863 3559 2915 Ἀνα-

1978 2947 2127 3013 τολὴ
2153 2948 2341 3014 ὄνομα
2374 2946 2533 3011 αὑτῷ
2558 2936 2574 2975 ’⁸
2614 2949 2710 2999 καὶ
2759 2948 2918 3011 ἄλλος
2975 2949 3111 3018 πρὸς
3157 2950 3311 3002 δύσιν
3367 2951 3558 3005 διακε-

2324 3037 2758 3104 Ὁδοποιήσατε
2832 3038 2913 3104 τῷ
3003 3040 3378 3108 ἐπιϐεϐηκότι
3451 3042 3561 3097 ἐπὶ

1975 3125 2261 3195 δυσμῶν¹,
2319 3127 2540 3194 Κύριος
2615 3127 2801 3197 ὄνομα
2867 3129 3030 3194 αὐτῷ
3061 3146 3073 3158 ·
3114 3131 3142 3182 ό
3197 3132 3301 3199 μὲν
3363 3131 3556 3199 λέγει’

1974 3216 2348 3285 Ἔξεγέρθητι
2374 3259 2387 3282 ,
2423 3217 2620 3285 βορρᾶ
2647 3235 2661 3248 ·
2693 3221 2721 3271 ὁ
2775 3218 2830 3271 δὲ
2878 3219 2978 3290 βοᾷ
3013 3236 3028 3251 ·
3078 3222 3301 3290 Ἔρχου
3326 3262 3342 3287 ,
3387 3205 3558 3280 ντότε.

1973 3310 2139 3362 Δαϐὶδ
2174 3309 2231 3361 δὲ
2252 3348 2266 3373 ,
2300 3308 2798 3379 περιεκτικώτατον
2843 3314 2935 3365 καὶ
2988 3314 3514 3382 σταυροιρανώτατον
3537 3357 3554 3381 ,

1976 3396 2328 3464 συγκαλεῖται
2358 3398 2421 3450 τὸ
2451 3399 2736 3468 κήρυγμα,
2759 3399 2866 3457 ἀπὸ
2882 3402 3177 3465 ἀνατολῶν,
3204 3403 3297 3455 καὶ
3312 3403 3557 3473 δυσμῶν,

1974 3489 2068 3542 καὶ
2096 3488 2292 3558 βορρᾶ,
2328 3489 2421 3542 καὶ
2450 3488 2748 3560 θαλάσσης.
2789 3489 3059 3563 Ἱερεμίας
3094 3494 3230 3564 ᾅδει,
3255 3494 3329 3558 ὡς
3357 3496 3559 3550 δακτύ..

1973 3578 2050 3648 λῳ
2075 3578 2181 3631 τινὶ
2213 3580 2326 3641 τοῖς
2358 3577 2536 3630 ἔθνεσι
2564 3579 2827 3633 δεικνύων
2853 3582 2945 3633 τὸν
2976 3583 3305 3652 ἐρχόμενον,
3339 3586 3431 3638 καὶ
3466 3587 3558 3641 λέ-

1972 3685 2086 3737 γων
2105 3686 2118 3699 ο
2154 3664 2341 3733 Οὗτος
2404 3672 2436 3723 ό
2472 3671 2616 3734 Θεὸς
2646 3670 2833 3739 ἡμῶν,
2867 3674 2938 3726 οὐ
2966 3675 3393 3743 λογισθήσεται
3424 3679 3557 3732 ἔτε-

286 3764 566 3820 Adinvenit
606 3779 814 3817 omnem
842 3764 986 3818 viam
1011 3766 1263 3819 scientiae.
1291 3764 1419 3819 Post
1444 3767 1554 3818 [nec
1582 3774 1783 3827 autem,
1815 3763 1866 3815 in

1972 3778 2079 3830 ρος
2101 3762 2251 3828 πρὸς
2279 3763 2486 3817 αὐτόν.
2512 3761 2748 3829 Ἐξεῦρε
2782 3763 2992 3817 πᾶσαν
3022 3765 3167 3817 ὁδὸν
3188 3766 3553 3835 ἐπιστήμης,

290 3865 433 3909 terra
465 3857 602 3909 visus
641 3864 738 3918 est,
760 3864 809 3909 et
847 3872 965 3909 cum
999 3858 1292 3912 hominibus
1334 3866 1673 3911 conversatus
1707 3856 1865 3917 est";

289 3949 367 4002 ait
418 3948 639 4017 quidam
688 3947 756 4002 ad
811 3947 1147 4004 Jerusalem:
1194 3948 1377 4004 Gaude
1420 3957 1469 4001 et
1503 3946 1707 4011 (tutare,
1752 3946 1870 4015 ﬁlia

288 4040 416 4094 Sion
440 4044 505 4093 ’⁸.
559 4042 709 4094 Alter
735 4055 937 4110 pueros
970 4039 1255 4094 hortatur:
1280 4039 1541 4099 Laudate,
1568 4039 1740 4108 pueri,
1765 4038 1872 4091 Do-

291 4129 564 4182 initium".
589 4128 754 4183 Pueri
808 4126 1180 4197 respondent:
1227 4125 1869 4181 Hosanna;Benedictus

289 4222 381 4291 qui
418 4221 555 4274 venit
592 4221 646 4273 in
693 4220 905 4274 nomine
935 4218 1168 4273 Domini.
1206 4216 1276 4273 lis
1296 4219 1507 4273 Psaltes
1532 4216 1737 4271 auditis
1764 4218 1870 4272 Do-

290 4311 442 4365 mino
466 4312 699 4366 clamat:
723 4310 807 4365 Ea:
840 4327 929 4364 ore
967 4311 1257 4378 infantium
1283 4319 1332 4362 et
1364 4309 1673 4363 tactentium
1694 4309 1865 4379 perfe-

1967 3858 2119 3924 μετά
2150 3853 2218 3905 δὲ
2243 3852 2431 3907 ταῦτα
2456 3854 2557 3906 ἐπὶ
2609 3853 2719 3921 τῆς
2769 3852 2877 3923 γῆς
2920 3854 3109 3924 ὤφθη,
3147 3860 3244 3910 καὶ
3286 3859 3412 3922 τοῖς
3449 3860 3559 3913 ἀν-

1977 3944 2233 4012 θρώποις
2261 3944 2754 4013 συνανεστράφη.
2810 3946 2868 3998 'U
2908 3946 3007 4015 μὲν
3044 3947 3180 4017 πρὸς
3213 3949 3312 4018 τὴν
3356 3949 3558 4017 Ἰερουο

1975 4035 2156 4105 σαλὴμ
2209 4035 2400 4103 λέγει’
2436 4037 2658 4100 Τέρπου
2722 4036 2821 4090 καὶ
2877 4039 3228 4107 εὐφραίνου,
3298 4041 3559 4109 θύγατερ

1972 4127 2123 4181 Σιών
2143 4145 2157 4158 ο
2197 4128 2226 4180 ό
2252 4127 2308 4179 δὲ
2334 4127 2445 4189 τοῖς
2481 4127 2667 4180 παισὶν
2693 4130 2980 4200 ἐπιτρέπει
3006 4145 3018 4159 ο
3047 4129 3298 4193 Αἰνεῖτε,
3317 4132 3554 4201 παῖδες,

1970 4219 2211 4285 Κύριον.
2245 4219 2307 4270 Οἱ
2340 4216 2527 4280 παῖδες
2553 4218 2941 4288 ἀποκρίνονται
2974 4237 2988 4251 ·
3036 4220 3299 4274 Ὡσαννά
3332 4239 3346 4253 ·
3374 4225 3559 4278 εὐλο-

1971 4309 2225 4379 γημένος
2276 4312 2308 4363 ό
2341 4310 2664 4377 ἐρχόμενος
2692 4310 2764 4362 ἐν
2786 4311 3032 4378 ὀνόματι
3054 4313 3298 4379 Κυρίου.
3334 4315 3390 4367 Ὀ
3417 4316 3558 4385 ὑμν-

289 4406 407 4457 τὶδιὶ
457 4404 755 4458 laudem".
812 4396 1079 4457 Dominus
1111 4402 1330 4472 populis
1367 4402 1650 4471 praecipit:
1699 4402 1866 4455 Sinite

1973 4402 2105 4474 ῳδδς
2121 4401 2324 4454 τούτων
2345 4398 2606 4463 ἀκούσας,
2627 4399 2704 4471 τῷ
2724 4401 2967 4472 Δεσπότῃ
2990 4400 3108 4473 βοᾷ·
3129 4404 3228 4456 Ἐκ
3253 4409 3557 4474 στόματος

290 4494 538 4565 parvulos
564 4497 741 4550 venire
772 4496 842 4550 ad
871 4513 951 4550 me
976 4498 1040 4549 ν’.
1076 4495 1245 4549 Recte
1272 4495 1430 4564 pueri
1464 4494 1704 4548 aﬂectati
1736 4502 1868 4549 sunt

290 4600 478 4641 vocem
512 4587 863 4643 Elisabethaa.
898 4587 1028 4643 Nam
1053 4586 1271 4640 dicente
1297 4585 1386 4638 illa
1413 4585 1631 4655 Virgine
1655 4602 1719 4639 ac
1743 4585 1867 4639 Dei-

365 4726 406 4753 "
429 4723 567 4777 Gen.
606 4738 687 4783 ιιι,
719 4722 811 4777 24.
900 4723 944 4755 ²⁰
973 4723 1129 4778 Joau.
1158 4736 1195 4784 ι,
1244 4720 1334 4777 29.

1438 4722 1480 4752 ²¹
1515 4723 1619 4778 lsa.
1646 4736 1805 4788 xxxv,
1826 4719 1880 4774 4.
1922 4723 1967 4754 ¹²
1995 4722 2162 4775 lacu.
2194 4736 2268 4782 vi,
2307 4720 2389 4773 12.

290 4795 335 4824 ’³
368 4793 577 4848 Baruch
607 4808 690 4858 tu,
732 4791 919 4848 56-38.
994 4793 1041 4824 "
1080 4791 1308 4848 Zachar.
1339 4794 1503 4859 11,40.
1580 4795 1622 4824 ’⁷
1648 4794 1935 4857 Psal.«:xn,
1966 4792 2016 4846 1.

1973 4494 2207 4561 νηπίων
2246 4492 2344 4545 καὶ
2397 4490 2774 4559 θηλαζόντων
2822 4496 3166 4561 κατηρτίσω
3223 4492 3415 4550 αἶνον.
3490 4500 3557 4551 ’0

1977 4585 2252 4654 Δεσπότης
2282 4587 2396 4646 τοῖς
2430 4583 2575 4645 λαοῖς
2615 4586 2902 4653 ἐπιτρέπει
2932 4603 2945 4616 ο
2980 4586 3196 4654 Ἅφετε
3230 4587 3303 4641 τὰ
3343 4590 3558 4642 παιδία

2489 4720 2532 4750 ’³
2566 4719 2711 4773 Psal.
2760 4736 2922 4783 uvn,
2959 4721 3011 4775 5.

3097 4721 3140 4753 ”
3171 4720 3329 4778 Cant.
3355 4736 3427 4786 Iv,
3462 4724 3553 4779 l‘f.

2094 4793 2140 4823 ”
2170 4791 2313 4845 Psal.
2347 4805 2463 4856 vm,
2493 4788 2547 4842 5.

2650 4792 2693 4822 ὐ
2718 4791 2910 4846 Matth.
2948 4807 3057 4857 χιι,
3097 4792 3180 4845 ιιι.

1572 4953 1829 5027 vitam;
1860 4950 2265 5009 LECTIONES.

368 5026 381 5065 ί
418 5025 494 5078 Δι’
516 5019 596 5080 οὗ.
619 5024 794 5081 Oxon.
818 5022 917 5076 διό.

1802 5121 2042 5183 NOTAE.

368 5213 441 5283 (ί)
454 5212 535 5283 Ἀρ
548 5209 1074 5283 perspicueomnibus
1095 5209 1335 5283 partibus
1348 5228 1554 5266 crucem
1572 5212 1868 5281 explicans.

296 5278 480 5352 Longa
508 5278 609 5333 hac
642 5278 964 5352 paraphrasi
1000 5278 1173 5352 conor
1206 5281 1534 5352 redderent;
1566 5278 1870 5350 σταυροφα.

297 5348 564 5405 νῶτά-τον·
604 5362 707 5401 nec
750 5348 916 5404 video
963 5351 1095 5418 quid
1151 5359 1342 5404 auctor
1391 5351 1543 5405 aliud
1593 5367 1659 5405 eo
1709 5348 1864 5414 velit,

298 5429 553 5491 quamet
580 5432 715 5471 crux
740 5427 974 5491 quatuor
996 5420 1260 5475 extremis
1291 5420 1426 5483 suis,
1454 5433 1693 5491 quatuor
1720 5422 1870 5474 velut

299 5486 489 5545 mundi
521 5497 706 5557 partes
728 5486 1001 5559 designet,
1022 5505 1051 5544 a
1069 5491 1271 5559 quibus
1287 5486 1546 5559 omnibus
1565 5486 1734 5546 David
1760 5505 1870 5543 uno

299 5568 558 5615 contextu
597 5557 1036 5625 prtezlicationem
1069 5557 1355 5614 convocet.
1394 5558 1546 5615 llaud
1575 5570 1727 5614 certe
1755 5562 1869 5629 pla-

303 5638 389 5683 cet
412 5629 557 5697 quod
597 5629 836 5682 reddidit
860 5633 1133 5700 interpres
1168 5629 1353 5700 Cyr-illi
1382 5648 1393 5682 :
1425 5649 1487 5683 ac
1531 5630 1692 5684 veluti
1726 5638 1872 5699 septo

302 5700 683 5769 (anime/tensis
708 5701 944 5761 omnibus
973 5699 1130 5769 :quo
1164 5699 1327 5753 modo
1367 5711 1450 5754 est
1480 5701 1673 5754 durior
1700 5712 1873 5755 ructa-

1983 5213 2181 5282 phora,
2214 5225 2318 5282 nec
2356 5210 2447 5282 sit
2473 5208 2631 5282 facile
2665 5209 2826 5263 talem
2853 5209 2973 5282 ejus
2995 5208 3146 5263 vocis
3173 5226 3327 5282 usum
3361 5220 3562 5267 osten-

1983 5278 2116 5335 dere
2140 5298 2154 5346 ;
2180 5278 2551 5351 quidquid_sit
2576 5279 2643 5333 de
2664 5294 2795 5333 voce
2815 5279 3111 5348 σταύρωμα
3130 5296 3143 5308 ο
3174 5280 3315 5350 apud
3342 5282 3566 5351 Plutar—

1978 5353 2142 5405 chum
2176 5347 2232 5404 et
2256 5347 2414 5403 alios.
2449 5347 2681 5403 Coussr.

2051 5420 2124 5490 (5)
2169 5419 2448 5472 Jeremias.
2504 5418 2675 5490 Liber
2701 5417 3254 5490 Barupch,iceuappei
3281 5418 3372 5474 dix
3407 5435 3565 5485 qure—

1982 5488 2107 5543 ilaiu
2140 5490 2204 5542 ad
2224 5490 2477 5544 Jeremim
2502 5489 2723 5549 librum,
2752 5488 2924 5554 ipsius
2949 5489 3039 5541 hic
3059 5489 3310 5543 Jeremim
3329 5491 3561 5545 dicilur.

1979 5561 2157 5613 Etiam
2189 5568 2412 5613 sanctus
2458 5558 2694 5610 Basilius
2722 5556 3088 5612 Seleuciensis
3144 5557 3293 5613 Orat.
3341 5561 3392 5611 in
3426 5577 3565 5611 sau-

1980 5641 2120 5683 ctam
2161 5630 2467 5697 Deipuram,
2499 5627 2939 5681 Jerczuiamcitat
2972 5628 3024 5681 in
3063 5628 3275 5682 Baruch
3315 5646 3327 5680 :
3362 5630 3562 5697 sicque

1981 5702 2159 5768 putuit
2197 5700 2453 5768 Eulogius
2487 5698 2676 5750 citare.
2708 5697 2781 5748 ID.
2812 5724 2816 5727 -
