3898 6392
362 338 499 404 ΞΩΞΊ

1365 339 1439 399 'S.
1476 339 1807 401 'EULOGII
1847 338 2201 401 ARCHIEP.
2243 340 2620 403 ALEXAND.

3478 342 3627 407 2928

360 451 608 519 superna
663 445 758 503 illa
812 442 1103 501 nativitate
1164 452 1290 500 ante
1339 446 1559 502 saecula.
1622 445 1928 512 Quomodo,

2043 445 2189 514 δέν;
2220 448 2274 501 τι
2300 447 2394 502 οὖν
2419 465 2434 513 ;
2462 448 2725 510 ἀδύνατος
2773 447 2801 499 6
2824 444 2996 515 Λόγος
3019 446 3168 516 παρὰ
3199 446 3289 500 τον
3316 455 3342 484 ι
3371 448 3622 519 Πατέρας

361 541 529 597 Pater
558 542 732 611 major
770 555 852 594 me
888 548 967 594 est
995 538 1076 593 δεῖ
1118 537 1417 594 Nativitate
1471 537 1528 592 in
1576 537 1938 594 inferioribus

301 640 309 669 ἰ
358 650 428 689 ex
476 633 718 703 Virgine.
766 630 1075 698 Quomodo,
1122 629 1226 696 Qui
1271 630 1398 685 vidit
1444 647 1546 696 me,
1579 632 1709 685 vidit
1743 639 1792 683 et
1828 630 1937 685 Pa-

304 760 313 768 -
361 739 495 781 trem
539 724 634 778 N"l
676 725 924 779 lncreata
963 723 1131 779 Verbi
1185 731 1406 795 natura.
1450 721 1761 789 Quomodo,
1817 721 1937 776 Non

301 862 308 879 ,
360 830 569 886 possum
597 813 769 883 facere
784 813 1074 883 quidquam
1101 828 1134 865 a
1167 810 1470 880 memetipso
1492 809 1577 862 "2
1599 808 1743 874 Quid
1768 806 1938 878 ergo?

357 906 599 963 Verbum
623 920 694 959 ne
723 902 925 959 minori
952 919 1059 973 pra:
1087 903 1247 958 Patre
1283 903 1529 972 potentia
1568 901 1692 957 est?
1734 899 1937 955 Procul

356 999 428 1052 sit
453 996 655 1051 Ariana
703 996 796 1050 illa
837 995 1080 1050 vesania.
1129 991 1271 1060 Quid
1298 1000 1383 1047 est
1416 991 1565 1063 quod
1593 991 1730 1046 dicit
1762 1009 1776 1045 :
1812 988 1939 1045 Cla-

354 1090 507 1158 riﬁca
538 1103 641 1153 me,
676 1086 840 1141 Pater
857 1087 943 1140 ὀἳ
985 1084 1202 1155 Corpus
1223 1084 1412 1141 Verbi.
1438 1084 1574 1149 Quis
1598 1082 1732 1138 dicit
1768 1099 1781 1135 :
1821 1081 1937 1152 Ego

193 1175 205 1184 ’
279 1161 283 1166 ’
351 1182 409 1236 in
436 1181 620 1244 Patre,
656 1189 704 1234 et
742 1178 905 1233 Pater
944 1178 1000 1231 in
1024 1193 1113 1231 me
1144 1186 1218 1231 est
1251 1176 1342 1229 5‘?
1385 1175 1629 1231 Verbum
1662 1174 1806 1243 quod
1848 1182 1937 1227 est

354 1275 411 1328 in
437 1288 687 1343 corpore.
734 1270 1023 1338 Quomodo
1060 1270 1137 1324 ait
1181 1288 1194 1323 :
1240 1268 1457 1323 Patrem
1506 1283 1696 1330 meum,
1733 1274 1780 1318 et
1821 1265 1933 1319 Pa—

355 1376 489 1420 trem
515 1373 744 1420 vestrum
773 1363 862 1417 "?
891 1363 1053 1417 Pater
1083 1360 1308 1431 quidem
1347 1359 1510 1415 Pater
1542 1367 1645 1423 est,
1674 1372 1785 1411 non
1808 1372 1932 1411 car-

352 1459 462 1522 nis,
517 1457 612 1512 sed
664 1456 760 1511 Dei
810 1454 978 1511 Verbi
1023 1452 1171 1522 quod
1203 1460 1288 1506 est
1322 1467 1386 1505 ex
1433 1452 1573 1520 ipso.
1621 1448 1931 1517 Quomodo,

357 1550 524 1602 Deum
582 1564 776 1611 meum,
830 1554 880 1599 et
935 1544 1103 1599 Deum
1153 1543 1424 1597 vestrum?
1481 1543 1625 1597 Deus
1668 1549 1773 1601 est,
1821 1556 1930 1595 non

356 1640 543 1694 Verbi.
594 1637 879 1704 Quomodo
919 1636 1069 1691 enim
1114 1636 1263 1689 Deus
1300 1635 1529 1689 exsistat
1564 1632 1796 1703 aequalis
1825 1631 1932 1687 sibi

352 1733 486 1785 Dei?
509 1731 601 1785 sed
631 1730 773 1783 Deus
795 1727 944 1782 illius
969 1742 1091 1797 qua:
1113 1736 1199 1781 est
1225 1726 1281 1780 in
1307 1725 1509 1787 Verbo,
1541 1724 1733 1779 forma:
1756 1724 1927 1778 servi.

2043 539 2224 607 ἄπαγε
2256 542 2353 610 τῆς
2392 539 2736 611 Ἀρειανικῆς
2768 538 3222 609 φρενοϐλαϐείας-ι
3260 539 3325 592 Τί
3363 538 3422 592 τὺ
3444 539 3627 608 λέγονο

2043 636 2320 700 Δόξασόν
2339 653 2439 704 με,
2486 634 2718 702 Πάτερ;
2749 635 2822 687 Τὸ
2866 633 3024 704 σῶμα
3065 632 3160 686 τοῦ
3210 633 3411 700 Λόγου.
3455 634 3553 696 Τίς
3600 636 3633 686 6

2039 728 2234 795 λέγων·
2282 728 2428 797 Ἐγὼ
2459 728 2529 782 ἐν
2561 725 2642 791 τῷ
2673 727 2879 794 Πατρὶ,
2912 726 3011 779 καὶ
3053 728 3087 779 ὁ
3117 726 3318 793 Πατὴρ
3347 726 3418 779 ὲν
3455 724 3588 793 ἐμοι
3605 734 3629 783 ἱ

2050 819 2110 873 ’0
2130 822 2186 873 ἐν
2206 818 2283 889 τῷ
2301 818 2511 889 σώματι
2534 818 2725 886 Λόγος.
2754 819 2907 882 Πῶς,
2940 817 3169 887 Πατέρα
3189 835 3330 886 μου,
3372 817 3470 870 καὶ
3507 820 3635 870 Han

2041 911 2183 979 τέρα
2233 909 2441 979 ὐμῶν;
2484 910 2673 979 Πατὴρ
2720 909 2820 979 μὲν
2867 911 2895 963 6
2931 910 3141 979 Πατὴρ,
3168 910 3228 961 οὺ
3262 908 3358 979 τῆς
3398 908 3627 977 σαρκὸς,

2038 1002 2174 1057 ἀλλὰ
2212 1003 2306 1056 τοῦ
2338 1003 2397 1067 ἐξ
2428 1003 2594 1057 αὐτοῦ
2616 1003 2749 1056 Θεοῦ
2776 1002 2969 1070 Λόγου.
3007 1004 3156 1055 Θεόν
3174 1018 3315 1069 μου,
3353 1002 3445 1053 καὶ
3475 1001 3631 1053 Θεὸν

2036 1093 2240 1163 ὐμῶν;
2272 1094 2425 1156 Θεὸς,
2450 1094 2509 1146 οὐ
2533 1093 2626 1146 τοῦ
2651 1094 2848 1160 Λόγου·
2880 1080 3011 1153 ¹πῶς
3045 1092 3154 1161 γὰρ
3189 1091 3341 1143 ἐσται
3365 1090 3461 1143 τοῦ
3505 1092 3624 1142 ἴσου

2041 1183 2210 1237 αὐτοῦ
2262 1183 2398 1236 Θεοῦ
2440 1185 2601 1249 Θεόςς
2638 1182 2772 1236 ἀλλὰ
2800 1182 2931 1243 Θεδς
2960 1181 3058 1250 τῆς
3091 1183 3146 1233 ὲν
3176 1180 3255 1249 τῷ
3291 1181 3449 1250 Λόγῳ
3486 1197 3623 1250 μορ-

2039 1275 2147 1345 φῆς
2175 1274 2270 1329 τοῦ
2314 1274 2525 1330 δούλου.
2568 1274 2688 1343 Πρὸ
2725 1274 2840 1337 τοῦ⁴
2877 1271 3123 1341 Ἀϐραὰμ
3169 1270 3470 1340 γενέσθαι,
3508 1271 3628 1340 ἐγώ

2035 1370 2193 1438 ειμι;
2230 1368 2288 1419 '0
2311 1370 2366 1420 ὲν
2389 1369 2456 1437 τῇ
2495 1367 2658 1436 σαρκὶ
2692 1366 2824 1429 Θεὸς
2851 1365 3042 1432 Λόγος.
3073 1365 3287 1431 Κύριος
3316 1359 3444 1415 εἶπε
3474 1363 3627 1429 πρός

2036 1477 2129 1525 με·
2180 1459 2317 1524 Υἱός
2341 1474 2463 1527 μου
2488 1452 2543 1510 εἷ
2564 1457 2667 1519 σὺ,
2700 1455 2814 1526 ἐγὼ
2841 1456 3109 1525 σήμερον
3141 1454 3473 1525 γεγέννηκὰ
3509 1469 3620 1519 0’8;

2035 1551 2115 1620 Τῇ
2143 1550 2443 1621 προσφάτῳ
2477 1549 2571 1603 τοῦ
2600 1551 2777 1617 Λόγου
2802 1549 3097 1618 σαρκώσει.
3132 1550 3206 1601 Οὔ
3233 1552 3341 1617 γὰρ
3371 1547 3527 1609 ἄλλος
3552 1542 3624 1618 ἦν

2034 1640 2062 1692 6
2088 1639 2193 1709 πρὸ
2231 1639 2513 1708 ἑωσφόρον
2550 1640 2614 1692 ὲκ
2645 1639 2857 1708 Πατρὸς
2890 1638 3195 1708 γεννηθεὶς,
3241 1637 3337 1690 καὶ
3376 1636 3555 1700 ἄλλος,
3593 1639 3624 1689 ὀ

2037 1731 2094 1782 ἐν
2130 1729 2378 1799 Βηθλεὲμ
2410 1730 2475 1781 ἐκ
2513 1729 2721 1800 μητρὸς
2753 1729 3079 1799 σαρκωθείς.
3121 1729 3184 1780 Ei
3214 1727 3323 1796 γὰρ
3354 1728 3447 1781 καὶ
3475 1728 3623 1780 Παῦ-

351 1825 649 1892 Antequam
695 1818 965 1873 Abraham
986 1793 1187 1885 -ﬁeret,
1220 1832 1313 1886 ego
1341 1832 1455 1869 sum
1489 1815 1574 1868 υτ
1619 1815 1764 1869 Deus
1792 1814 1928 1869 Ver-

2035 1821 2127 1886 λος
2156 1823 2183 1875 6
2211 1823 2580 1892 Σαμωσατεὺς
2609 1821 2783 1874 ταῦτα
2820 1823 3190 1890 παραφρονεῖ,
3224 1820 3339 1873 ἀλλ’
3378 1821 3438 1873 οὖ
3475 1819 3627 1873 [ἰαῦ-

353 1917 482 1969 bum
523 1912 669 1983 quod
719 1921 806 1965 est
851 1910 907 1965 in
958 1924 1146 1965 carne.
1200 1908 1465 1962 Dominus
1494 1908 1626 1961 dixit
1675 1908 1747 1960 ad
1796 1923 1879 1960 me
1910 1923 1930 1962 :

353 2007 517 2061 Filius
552 2023 695 2061 meus
727 2021 780 2059 es
811 2014 909 2058 tu:
945 2019 1037 2073 ego
1066 2002 1217 2057 hodie
1252 2001 1406 2071 genui
1449 2010 1499 2054 te
1522 2000 1609 2052 “‘l
1654 1999 1930 2054 Nimirum

352 2114 491 2153 nova
542 2096 922 2151 incarnatione
962 2093 1125 2148 Verbi
1176 2108 1190 2146 :
1250 2108 1362 2147 non
1400 2092 1548 2147 enim
1597 2091 1739 2146 alius
1786 2099 1929 2157 erat,

350 2191 443 2260 qui
481 2199 607 2244 ante
628 2188 918 2243 luciferum
952 2201 1018 2239 ex
1047 2186 1212 2240 Patre
1239 2183 1457 2255 genitus
1485 2184 1652 2248 est",
1679 2182 1931 2253 aliusque

352 2282 447 2352 qui
479 2297 548 2336 ex
581 2287 755 2335 matre
781 2280 836 2333 in
868 2277 1189 2333 Bethlehem
1214 2264 1530 2330 incarnatus
1558 2284 1662 2330 est.
1689 2275 1929 2331 Tametsi

352 2374 498 2427 cnim
545 2371 747 2425 Paulus
778 2366 1176 2424 Samosatensis
1204 2364 1322 2418 haec
1374 2363 1616 2425 delirat;
1669 2361 1814 2416 haud
1850 2370 1930 2415 ta-

351 2482 479 2521 men
538 2452 745 2519 Paulus
790 2459 1078 2514 Tarsensis
1122 2457 1230 2510 ista
1277 2456 1441 2509 docet
1470 2473 1482 2509 :
1516 2453 1611 2508 sed
1658 2469 1784 2508 cum
1829 2451 1927 2507 Dei

349 2558 579 2613 formam
616 2556 670 2608 in
699 2552 841 2609 servi
874 2551 1047 2604 forma
1080 2548 1369 2618 signiﬁcat,
1400 2547 1599 2601 clamat
1630 2563 1643 2599 :
1682 2545 1782 2611 Qui
1811 2562 1928 2599 cum

347 2653 416 2705 sit
444 2648 692 2720 splendor
718 2645 903 2717 gloria:
936 2644 983 2676 “
1015 2660 1027 2696 :
1064 2656 1300 2710 cumque
1325 2653 1520 2695 rursus
1545 2638 1928 2693 carnis’Verbo

2037 1913 2124 1975 λος
2166 1915 2193 1966 6
2237 1914 2483 1984 Ταρσεὺς
2536 1911 2709 1965 ταῦτα
2745 1912 3008 1965 νουθετεῖ.
3063 1911 3203 1965 Ἀλλ’
3236 1913 3324 1964 ὅτε
3374 1912 3472 1981 μὲν
3521 1913 3622 1981 τὴν

2038 1999 2134 2052 τοῦ
2169 1998 2304 2052 Θεοῦ
2341 2000 2555 2070 μορφὴν
2589 2001 2647 2051 ἐν
2676 2002 2744 2069 τῇ
2769 1998 2866 2052 τοῦ
2899 1999 3087 2052 δούλου
3128 2001 3308 2068 μορφῇ
3340 1999 3621 2067 σημαίνει,

2042 2092 2162 2163 βοᾷ·
2205 2094 2309 2157 ’ος
2335 2089 2423 2143 ὢν
2449 2092 2818 2161 ἀπαύγασμα
2864 2090 2976 2159 τῆς
3003 2091 3209 2158 δόξης·
3237 2094 3325 2145 ὅτε
3357 2091 3415 2143 δὲ
3449 2092 3614 2144 πάλιν

2039 2188 2139 2256 τῆς
2175 2187 2233 2238 ὲν
2289 2184 2366 2254 τῷ
2414 2185 2575 2255 Λόγῳ
2626 2184 2922 2254 ὲνωθείσης
2967 2185 3171 2255 σαρκὸς
3215 2184 3314 2254 τὴν
3354 2185 3626 2253 διαφορὰν

2041 2276 2318 2347 σημαίνει,
2349 2276 2516 2344 λέγει’
2569 2277 2631 2329 '0
2671 2274 2739 2329 δὲ
2766 2275 2912 2343 Θεὸς
2938 2275 3038 2329 καὶ
3065 2276 3168 2327 τὸν
3202 2277 3421 2343 Κύριον
3460 2274 3625 2345 ἤγει-

2032 2383 2179 2434 perv
2225 2367 2311 2419 ἵνα
2361 2367 2686 2435 ἀμφοτέρων
2736 2366 2844 2419 τῶν
2891 2368 2948 2419 ὲν
3002 2365 3079 2435 τῷ
3123 2364 3335 2433 σώματι
3395 2365 3627 2435 μορφών

2039 2456 2332 2522 ἀποδείξας
2377 2456 2477 2526 τὴν
2527 2457 2837 2526 διάγνωσιν,
2868 2457 2960 2509 καὶ
2996 2458 3256 2510 Μάνεντα
3294 2456 3385 2509 τὸν
3414 2473 3626 2523 φαντα-

2040 2547 2321 2619 σιομάχον,
2372 2550 2465 2603 καὶ
2499 2549 2711 2602 Παῦλον
2746 2548 2836 2602 τὸν
2889 2548 3373 2622 ἀνθρωπολὰτρην,
3406 2547 3626 2611 Παῦλος

2037 2642 2065 2693 6
2100 2640 2392 2704 ἀπόστολος
2423 2640 2761 2711 mnsam.

351 2739 517 2795 unita:
555 2735 926 2793 dill’erentiam
969 2731 1242 2801 designat,
1288 2730 1367 2784 ait
1407 2745 1421 2783 :
1472 2728 1612 2781 Deus
1649 2733 1828 2781 autem
1869 2736 1920 2780 et
1955 2727 2241 2784 Dominum
2301 2733 2572 2786 suscitavit
2595 2733 2638 2764 ⁵⁷
2665 2749 2680 2797 ;
2712 2740 2773 2786 ut
2836 2730 3125 2798 utriusque
3156 2731 3347 2787 forma:
3392 2733 3461 2785 in
3492 2746 3625 2787 cor-

350 2850 482 2905 pore
534 2832 832 2887 discrimen
877 2827 1196 2891 ostendens,
1257 2839 1384 2879 cum
1438 2823 1707 2878 Manetem
1768 2823 2327 2880 illum-oeconomiam
2375 2827 2665 2896 phantasia
2709 2827 3116 2883 discernentem
3183 2844 3249 2884 ac
3309 2828 3457 2883 inani
3488 2844 3627 2899 spe-

347 2927 452 2985 cie,
502 2934 615 2977 tum
663 2920 894 2977 Paulum
942 2915 1334 2971 hominicolam
1386 2913 1589 2968 Paulus
1636 2915 1925 2985 apostolus
1962 2925 2296 2986 prosternat.
3248 2964 3265 2979 κ

419 3016 510 3071 IX.
552 3015 634 3069 Tu
688 3028 820 3066 vero
855 3008 988 3082 quid
1038 3009 1154 3064 nis?
1203 3006 1343 3075 Quid
1384 3006 1600 3071 stat-tus,
1632 3022 1773 3062 nove
1805 3007 1919 3061 Ma-

2105 3009 2183 3065 6'.
2233 3012 2306 3063 Σὺ
2352 3009 2409 3064 δὲ
2456 3012 2509 3064 τί
2542 3012 2764 3081 λέγεις;
2813 3013 2867 3066 τί
2895 3012 3226 3083 νομοθετεῖς,
3254 3013 3299 3074 ὦ
3333 3014 3420 3067 νέε
3446 3015 3630 3069 Μανιο

348 3111 557 3167 uir-these
596 3125 657 3164 ac
692 3123 831 3177 pure
876 3114 1119 3176 puteque
1163 3103 1310 3157 illius
1341 3102 1599 3157 defensor
1625 3099 1930 3156 amentiae“?

353 3207 474 3261 Non
510 3201 769 3258 concedis
813 3213 1034 3266 carnem
1061 3206 1314 3252 naturam
1348 3194 1661 3249 nominari?
1700 3197 1770 3249 At
1806 3193 1929 3248 Illic

350 3297 582 3368 trepidas
631 3294 836 3358 timore,
894 3290 982 3344 ubi
1030 3306 1135 3344 non
1181 3297 1298 3342 erat
1331 3289 1489 3341 timor
1521 3287 1587 3341 ⁸⁸.
1638 3286 1751 3340 Nec
1793 3298 1928 3339 vero

349 3392 639 3450 Dominum
663 3386 943 3444 revereris
967 3385 1022 3439 in
1048 3368 1293 3453 tempore
1310 3382 1583 3453 passionis
1608 3380 1883 3435 dicentem
1909 3393 1924 3429 :

349 3484 577 3556 Spiritus
595 3480 802 3550 quidem
830 3485 1102 3551 promptus
1119 3485 1217 3542 est,
1248 3491 1375 3529 caro
1399 3481 1576 3529 autem
1597 3471 1814 3541 inﬁrma
1842 3469 1927 3521 "‘l

349 3577 407 3633 Si
456 3581 750 3645 promptus,
783 3570 1061 3642 quomodo
1102 3568 1318 3637 infirma
1345 3566 1371 3620 7
1412 3566 1672 3633 Ωιιαιιιιιιῐι
1719 3558 1924 3618 Christi

348 3669 559 3724 format
584 3663 763 3735 qualis
784 3678 911 3717 caro
935 3659 1185 3716 inﬁrma?
1210 3658 1451 3716 Omnino
1475 3657 1568 3711 illa
1588 3653 1805 3715 Adami,
1827 3649 1924 3722 qui

349 3757 659 3812 inﬁrmatus
675 3762 779 3809 est.
810 3751 914 3819 Qui
932 3765 1071 3805 ‘vero
1097 3749 1260 3805 etiam
1292 3747 1486 3819 positis
1503 3745 1737 3817 genibus
1765 3742 1924 3797 orat?

345 3851 561 3920 Ergone
608 3845 848 3903 Verbum
893 3841 1188 3913 precatur".l
1233 3837 1521 3905 Quomodo
1581 3846 1764 3891 autem
1797 3849 1923 3889 cum

347 3944 494 3998 Deus
525 3940 618 4004 sit,
654 3935 1128 4009 precatur‘Deum
1174 3950 1189 3987 :
1245 3930 1519 4002 siquidem
1567 3936 1652 3983 est
1697 3927 1924 3997 aequalis

348 4030 515 4093 Patri,
551 4027 634 4083 uti
668 4034 818 4082 certe
845 4024 1074 4094 aequalis
1107 4022 1228 4078 est?
1259 4022 1427 4076 Plane
1472 4028 1734 4090 precatur
1773 4018 1922 4073 haud

346 4123 571 4185 deitate,
598 4118 695 4175 sed
723 4133 831 4189 qua
872 4124 957 4173 est
1000 4116 1189 4170 homo.
1219 4114 1356 4169 Nam
1400 4111 1606 4181 alioqui
1644 4110 1923 4181 quomodo

345 4212 481 4267 dicit
509 4229 524 4265 :
555 4210 875 4265 Potestatem
901 4204 1064 4262 habeo
1104 4204 1329 4277 ponendi
1369 4204 1609 4256 animam
1643 4218 1837 4265 meam,
1873 4211 1923 4259 et

347 4310 654 4374 potestatem
680 4299 843 4355 habeo
864 4301 1055 4354 iterum
1083 4296 1322 4351 sumendi
1350 4311 1469 4348 eam
1492 4292 1572 4345 "‘l
1615 4293 1719 4359 Qui
1753 4292 1922 4349 habet

2035 3105 2179 3173 χαῖε,
2214 3101 2311 3155 καὶ
2341 3103 2548 3173 καθαρὲ
2574 3104 2674 3173 τῆς
2711 3107 2922 3158 ἐκεῖνον
2958 3105 3157 3175 μανίας
3192 3106 3481 3177 ὑπέρμαχε
3508 3123 3522 3172 ;
3550 3109 3626 3162 οὐ

2021 3194 2188 3257 ’δίδως
2233 3194 2295 3246 τὸ
2326 3192 2618 3263 ὀνομάζειν
2676 3195 2774 3265 τὴν
2828 3195 3005 3266 σάρκα
3048 3195 3244 3265 φύσιν;
3298 3197 3411 3249 ἀλλ’
3463 3198 3637 3251 Ἑκεῖ

2022 3285 2261 3355 ’δειλιᾷς
2284 3284 2539 3355 φόϐῳοῦ
2571 3290 2681 3342 οὐκ
2726 3284 2805 3360 ἦν
2848 3290 3056 3359 φόϐος.
3099 3290 3236 3343 Οὐδὲ
3275 3290 3368 3343 τὸν
3412 3291 3630 3343 Δεσπὸ-

2032 3380 2383 3451 την-ῇδεισθα
2408 3389 2442 3428 7
2465 3380 2692 3448 λέγοντα
2726 3384 2784 3437 ὲν
2824 3381 2902 3452 τῷ
2942 3383 3118 3453 καιρῷ
3146 3381 3241 3436 τοῦ
3276 3382 3502 3445 πάθους·
3540 3383 3625 3436 Τὸ

2027 3471 2145 3539 μὲν
2192 3471 2431 3540 πνεῦμα
2471 3475 2798 3542 πρόθυμον,
2846 3475 2885 3541 ὴ
2920 3475 2987 3527 δὲ
3020 3475 3177 3542 σὰρξ
3214 3474 3522 3541 ἀσθενήςς
3561 3477 3622 3530 ει

2032 3577 2113 3628 πρ
2150 3563 2337 3632 θυμος
2360 3605 2375 3627 ,
2412 3565 2533 3627 ,πῶς
2567 3566 2877 3634 ἀσθενής;
2918 3566 3047 3621 ποία
3101 3566 3343 3635 Χριστοῦ
3392 3569 3619 3637 paper);

2032 3651 2161 3705 ποία
2214 3654 2353 3723 σὰρξ
2386 3655 2656 3727 ἀσθενήςς
2713 3658 2931 3720 πάντως
2979 3659 3012 3729 ή
3064 3658 3159 3713 τοῦ
3214 3657 3623 3728 ἀσθενήσαντος

2042 3744 2232 3817 Ἀδάμ.
2268 3746 2392 3811 Πῶς
2420 3746 2475 3801 δὲ
2509 3749 2606 3801 καὶ
2646 3748 2841 3801 κλίνων
2867 3749 2935 3802 τὰ
2966 3750 3168 3818 γόνατα
3213 3751 3617 3819 προσεύχεται;

2030 3830 2138 3905 ἆρα
2154 3837 2182 3888 ό
2203 3836 2376 3904 Λόγος
2402 3834 2620 3906 εὔχεται
2645 3855 2659 3904 ;
2685 3840 2787 3892 καὶ
2811 3839 2925 3899 πῶς
2946 3838 3080 3903 Θεὸς
3108 3839 3205 3905 ὣν,
3230 3839 3363 3892 Θεοῦ
3386 3839 3565 3892 δέεται
3570 3857 3617 3906 ,ς

2029 3930 2205 3999 εἰμὲν
2243 3929 2337 3983 οὖν
2370 3932 2483 3994 leo;
2512 3931 2589 4001 τῷ
2622 3933 2818 4003 Πατρὶ,
2854 3932 3043 4004 ὥσπερ
3086 3935 3180 3990 καὶ
3217 3935 3348 3999 ἶσος·
3400 3937 3460 3987 οὐ
3492 3933 3620 3986 0εό-

2028 4035 2152 4090 τητι
2190 4019 2430 4090 εὔχεται,
2482 4021 2600 4074 ἀλλ’
2652 4021 2728 4084 ὼς
2760 4020 3067 4091 ἄνθρωπος.
3115 4025 3443 4087 Ἐξουσίαν
3490 4023 3620 4091 ἔχω

2029 4112 2215 4167 θεῖναι
2247 4111 2363 4179 τὴν
2392 4114 2606 4182 ψυχήν
2630 4131 2771 4183 μου,
2814 4114 2911 4167 καὶ
2940 4114 3236 4179 ἐξουσίαν
3266 4118 3383 4185 ἔχω
3421 4115 3618 4168 πάλιν

2028 4205 2237 4258 λαϐεῖν
2266 4204 2501 4271 αὐτήν;
2534 4207 2562 4257 6
2598 4205 2848 4270 ἐξουσίαν
2883 4205 3042 4275 ἔχων,
3099 4206 3217 4269 πῶς
3256 4207 3417 4261 ἄλλου
3469 4209 3614 4277 πρὶς

2031 4295 2281 4367 βοήθειαν
2310 4297 2524 4362 ὃέεται;
2565 4299 2593 4349 6
2647 4296 2839 4363 λέγων·
2875 4285 3115 4352 Λύσατε
3136 4299 3442 4351 {dra-aer
3467 4298 3613 4351 τοῖι-

346 4401 712 4461 potestatem,
770 4388 1048 4459 quomodo
1103 4384 1336 4440 alterius
1391 4383 1596 4438 auxilio
1666 4382 1921 4451 indiget?

2035 4405 2152 4443 τογ’
2188 4389 2355 4459 ἤγουν
2403 4388 2502 4459 τὴν
2531 4387 2726 4441 ἑαυτοῦ
2765 4391 2966 4459 σάρκα·
3003 4391 3101 4444 καὶ
3127 4392 3197 4443 ἐν
3228 4392 3428 4457 τρισὶν
3455 4391 3612 4460 ἡ,μέ-

397 4485 449 4538 ui
505 4482 641 4537 dicit
692 4499 704 4535 :

345 4484 449 4550 Qui
505 4484 641 4537 dicit
692 4499 704 4535 :
768 4484 962 4535 Solvite
1012 4484 1264 4547 templum
1302 4484 1397 4530 hoc
1435 4491 1455 4529 :
1498 4484 1554 4528 id
1600 4484 1703 4539 est,
1766 4489 1920 4529 suam

347 4573 523 4642 ipsius
556 4585 775 4626 carnem
807 4587 820 4624 :
864 4577 911 4623 et
942 4570 999 4622 in
1024 4566 1201 4620 triduo
1235 4564 1468 4619 excitabo
1506 4562 1642 4618 illud
1666 4564 1743 4629 “,
1790 4580 1925 4635 quo-

346 4662 532 4727 modo,
564 4677 597 4716 ο
615 4661 839 4716 deitatis
863 4666 1226 4730 oppugnator,
1250 4657 1344 4726 qui
1370 4657 1633 4727 templum
1651 4671 1811 4711 suum
1831 4672 1925 4713 ex-

346 4754 500 4817 citat,
533 4768 659 4807 cum
702 4751 907 4821 templo
958 4748 1224 4804 solvitur?
1272 4746 1331 4803 Si
1369 4746 1593 4821 quidem
1626 4748 1774 4802 enim
1809 4748 1924 4819 ipse

349 4847 562 4902 solutus
585 4854 671 4901 est
690 4844 827 4916 (11),
861 4841 1090 4899 omnino
1116 4848 1238 4911 eget
1264 4840 1576 4896 excitante?
1600 4841 1680 4896 Tu
1700 4840 1924 4912 quidem

417 5005 460 5035 "’
494 5003 650 5059 Joan.
686 5016 793 5064 xiv,
829 5000 921 5054 28.
1013 4996 1058 5029 "
1100 4997 1235 5053 ibid.
1265 4998 1318 5053 9.
1395 4999 1438 5031 δ’
1456 4999 1622 5055 Ἰοαιι.
1660 5016 1711 5065 v,
1760 5001 1845 5056 19.

338 5074 391 5103 ⁷⁸³⁸
428 5073 590 5127 .loan.
639 5086 755 5131 vui,
794 5070 882 5123 58.
961 5066 1006 5100 ⁵⁵
1043 5067 1183 5123 Psal.
1218 5083 1274 5133 ιι,
1320 5068 1371 5122 7.

768 4479 962 4535 Solvite
1012 4476 1264 4547 templum
1302 4477 1397 4530 hoc
1435 4491 1455 4529 :
1498 4473 1554 4528 id
1600 4481 1703 4539 est,
1766 4489 1920 4529 suam

2035 4494 2153 4544 οαις
2187 4477 2371 4548 ἐγερῶ
2422 4482 2639 4533 αὐτόν’
2687 4481 2827 4544 πῶς,
2857 4474 2901 4533 ὦ
2932 4480 3187 4551 Θεομάχε,
3219 4483 3311 4534 τὸν
3348 4482 3471 4535 ναὸν
3512 4483 3613 4535 τὸν

2026 4569 2219 4623 ἑαυτοῦ
2267 4572 2516 4642 ὲγεξρων,
2562 4572 2660 4623 σὺν
2695 4570 2771 4640 τῷ
2796 4572 2908 4641 κ·αῷ
2958 4571 3184 4638 luisset;
3217 4576 3263 4625 ei
3302 4574 3409 4641 γὰρ
3444 4575 3614 4638 αὐτὸς

2026 4659 2263 4725 λέλυται,
2299 4661 2415 4713 ἀλλ’
2447 4661 2510 4714 οὐ
2553 4662 2769 4725 πάντως
2808 4662 2901 4715 τοῦ
2949 4664 3254 4733 ἐγείροντος
3300 4664 3506 4729 δέεταις
3540 4666 3610 4718 σὺ

2031 4751 2131 4820 μὲν
2155 4753 2262 4824 γὰρ
2292 4754 2550 4822 φοϐῆσαι,
2582 4753 2655 4819 ὡς
2682 4755 2878 4819 δοκεῖς,
2911 4754 2985 4825 μὴ
3024 4756 3184 4826 σῶμα
3219 4756 3353 4810 Θεοῦ
3390 4756 3613 4809 ἀκούων

2030 4841 2206 4896 παθόν
2238 4859 2313 4908 τι,
2342 4843 2486 4916 ψιλῷ
2523 4844 2782 4915 κτίσματι
2828 4849 3212 4919 προσκυνήσῃς
3252 4850 3348 4901 καὶ
3410 4865 3606 4899 κοινω-

1480 4999 1622 5054 loan.
1660 5016 1711 5065 ν,
1760 5001 1845 5056 19.
1944 5000 1991 5032 ⁸ο
2023 4999 2191 5055 Ἰοιιιιι
2227 5015 2354 5065 xm,
2394 5002 2447 5056 5.
2525 5002 2567 5033 ⁸¹
2608 5002 2766 5059 Joan.
2818 5002 3026 5065 xmiO.
3103 5006 3148 5037 “
3185 5006 3343 5061 Joan.
3385 5023 3474 5068 xx,
3511 5007 3607 5063 17.

1480 5070 1528 5101 ⁸⁸
1567 5068 1710 5125 Psal.
1763 5086 1870 5126 cut.
1903 5072 1957 5124 5.
2059 5070 2104 5101 ⁵⁸
2144 5069 2377 5126 Belua].
2411 5077 2465 5126 3.
2541 5072 2587 5107 ⁸⁷
2629 5073 2648 5126 1
2691 5073 2816 5126 Cor.
2858 5089 2928 5126 τι.
2963 5076 3047 5126 iri.
3119 5078 3163 5110 ³⁸
3200 5078 3341 5126 Psal.
3379 5094 3492 5126 xm.
3546 5077 3601 5126 5-

348 5144 392 5174 συ
428 5111 617 5198 illiilli.
649 5111 912 5206 ἷὲϊιῗῐι.
991 5111 1305 5208 σθ’ῖόὶίἑιῗιὶ,
1326 5111 1420 5193 is.
1495 5141 1537 5172 οι
1567 5111 1734 5195 ῖιῦἵιὶ.
1763 5111 1957 5207 ἷὶξίιῖξ

2059 5070 2104 5135 ε’
2144 5069 2377 5137 Belua],
2411 5077 2465 5130 3.
2541 5072 2587 5107 ⁸⁷
2629 5073 2648 5128 1
2691 5073 2816 5127 Cor.
2858 5089 2928 5141 τι,
2963 5076 3047 5129 14.
3119 5078 3163 5110 ³⁸
3198 5078 3341 5135 Psal.
3378 5094 3492 5141 xui,
3546 5077 3601 5134 5.

1623 5287 1862 5343 VARI/[‘3
1899 5290 2304 5348 LECTIONES.

428 5400 453 5427 ι
488 5385 646 5456 Παρὰ
671 5386 782 5437 τόν.
815 5385 991 5439 Oxon.
1027 5384 1159 5454 πρὸς
1186 5385 1296 5438 τόν.
1372 5395 1400 5433 Y
1420 5384 1711 5458 'destoﬂa.
1741 5384 1917 5441 Oxon.
1945 5389 2188 5457 αἱδῆσαι.

1866 5475 2098 5532 NOTAE.

430 5569 475 5634 (I
494 5567 539 5635 l)
570 5564 687 5636 Ipse
710 5565 909 5619 solutus
940 5573 1036 5619 est.
1078 5565 1248 5637 Αὐτὸς
1278 5568 1305 5618 6
1335 5565 1560 5637 ἐγείρων
1585 5581 1599 5637 τ
1634 5564 1726 5635 qui
1756 5565 1924 5637 habet

352 5634 639 5692 excitare:
680 5651 790 5690 non
829 5637 987 5699 αὐτὸς
1015 5637 1043 5687 6
1085 5636 1209 5698 ναός
1235 5651 1248 5665 ·
1282 5634 1551 5705 templum
1590 5634 1799 5704 ipsum;
1841 5636 1925 5690 uti

354 5708 496 5761 male
526 5706 695 5763 refert
731 5708 1003 5776 interpres
1033 5705 1243 5775 Cyrilli.
1280 5704 1412 5759 Levi
1446 5707 1752 5776 mutatione
1783 5722 1923 5760 cras-

356 5778 633 5836 sissimum
665 5774 910 5833 errorem
931 5776 1116 5832 verbis
1132 5776 1495 5846 sequentibus
1514 5774 1782 5846 corrigas,
1810 5778 1929 5829 ἀντὶ

2020 5565 2137 5639 τοῦ,
2180 5566 2352 5639 aurai
2404 5565 3271 5639 restitutoné'zpainterrogative,
3316 5583 3442 5623 cum
3494 5586 3609 5639 quo

1976 5644 1985 5647 “
2025 5636 2173 5709 clara
2207 5636 2435 5690 omnino
2482 5652 2549 5709 ac
2592 5637 2766 5709 solida
2792 5636 3275 5709 procedii;Cyrilli
3304 5644 3465 5693 ratio.
3507 5636 3607 5695 Vel

2026 5706 2145 5761 sine
2170 5708 2605 5778 interrogatione
2635 5702 2870 5777 legendo
2889 5708 2998 5777 ἄρα
3020 5702 3149 5761 οὗνῖ
3173 5708 3371 5764 eodem
3410 5724 3602 5764 sensu.
