3898 6382
223 357 378 422 2929
1317 378 1574 439 SERMO
1614 379 1693 439 ΙΝ
1734 379 1821 439 ΙὶΑ

1924 378 1993 441 )S
2033 384 2482 449 PALMABUM.
3386 400 3526 463 9930

478 473 591 578 ἐγὼ
636 476 891 583 Bazaira
924 482 1128 552 τρέμω,
1162 487 1236 559 μὴ
1284 487 1516 559 θεότητα
1552 492 1821 546 παθοῦσαι

1942 504 2188 553 metuere
2206 499 2436 567 videris,
2469 517 2538 556 ne
2562 517 2685 558 cum
2720 504 2817 560 Dei
2849 520 3051 578 corpus
3075 523 3295 578 passum
3320 512 3525 583 aliquid

223 565 334 619 καὶ
365 565 641 621 θανοῦσαν
670 569 833 637 simu,
860 575 952 627 καὶ
977 576 1038 628 τὸ
1069 579 1177 631 πᾶν
1199 580 1295 648 τῆς
1323 581 1555 651 Τριάδος
1579 583 1821 654 ἀτιμάσει

1941 588 2121 653 audis,
2166 592 2369 647 nudam
2413 602 2721 650 creaturam
2767 596 2987 664 adores,
3015 600 3179 670 eique
3212 606 3527 659 communi-

225 657 572 764 μυστήριον.
620 659 683 713 Εἰ
716 662 817 732 μὲν
850 665 960 736 γὰρ
988 669 1016 719 6
1046 667 1222 738 Λόγος
1250 669 1473 737 ἔπαθεν,
1501 675 1530 726 6
1558 674 1615 728 δὲ
1646 675 1821 748 Πατὴρ

1940 695 2032 736 ces
2058 698 2072 734 :
2103 692 2159 739 at
2199 699 2300 755 ego
2335 685 2470 740 illud
2511 684 2834 756 reformido,
2881 706 2950 745 ne
2996 690 3260 747 deitatem
3308 709 3527 764 passam

220 751 493 816 ἀπαθοῦς
524 755 642 808 ἐστι
697 757 936 826 φύσεως,
970 767 1191 826 πάντως
1240 766 1374 839 ἄλλη
1423 763 1491 839 ἦν
1532 771 1692 825 οὐσία
1739 772 1821 827 τοί

1938 780 2103 843 atque
2148 751 2423 832 mortuam
2469 778 2670 846 dicam,
2717 751 3007 853 totumque
3066 751 3355 841 Trinitatis
3404 802 3526 859 my-

218 844 440 941 r‘tiyou,
475 848 574 900 καὶ
605 849 737 920 ἄλλη
771 852 805 920 ἡ
837 852 931 905 τοῦ
958 855 1093 909 Θεοῦ
1137 858 1372 928 Πατρός.
1414 862 1523 915 Καὶ
1555 862 1608 915 τί
1648 863 1821 919 λοιπὺι

1938 862 2170 917 sterium
2215 867 2422 935 probro
2447 844 2702 923 afficiam.
2734 868 2792 925 Si
2827 844 3053 941 quidem
3103 873 3252 927 enim
3280 844 3523 933 Verbuin

235 936 560 1030 Ἀρειανοῖς
590 941 861 1011 μάχεσθαι
889 944 978 999 διὰ
1004 946 1190 1015 τοῦτο;
1218 952 1266 1003 εἰ
1298 951 1357 1004 δὲ
1389 952 1487 1023 μία
1532 954 1691 1010 οὐσία
1724 958 1821 1011 Παε

1937 967 2158 1023 passum
2211 964 2317 1022 est,
2365 957 2527 1012 Pater
2572 966 2757 1014 autem
2808 936 2896 1016 est
2928 960 3252 1030 impatibilis
3286 972 3521 1029 naturae,

220 1028 386 1118 τρδς,
447 1031 546 1084 καὶ
600 1033 695 1087 τοῦ
763 1036 964 1102 Λόγου,
1019 1040 1244 1094 καὶτοῦ
1287 1043 1445 1112 ἁγίου
1490 1046 1821 1118 Πνεῦμαίτος1

1937 1045 2164 1101 omnino
2191 1047 2298 1102 erit
2336 1049 2441 1103 alia
2482 1049 2649 1105 Verbi
2688 1050 2949 1117 essentia,
3003 1067 3069 1107 ac
3116 1052 3222 1107 alia
3271 1052 3367 1108 Dei
3416 1054 3521 1108 Pa-

219 1116 405 1172 ἔπαθε
442 1120 502 1173 δὲ
533 1123 561 1175 6
587 1123 683 1176 τοῦ
713 1124 851 1179 Θεοῦ
878 1127 1054 1197 Λόγος
1095 1132 1155 1183 ἐν
1191 1136 1376 1205 σαρκὶ,
1415 1116 1667 1210 παθητῆς
1701 1116 1821 1194 πάνέ

1939 1135 2059 1191 tris.
2113 1137 2258 1204 Quid
2302 1155 2435 1195 vero
2464 1142 2578 1213 jam
2624 1157 2692 1198 eo
2750 1144 2979 1200 nomine
3029 1144 3333 1201 habeamus
3391 1161 3523 1202 cum

219 1213 565 1304 atogot'iaia;
594 1217 689 1269 καὶ
719 1216 941 1291 θνητῆς,
974 1223 1067 1277 καί¹
1097 1226 1126 1276 6
1150 1227 1363 1298 Πατὴρ,
1396 1230 1494 1283 καὶ
1512 1230 1575 1284 τὺ
1610 1232 1821 1299 Πνεῦμα

1934 1229 2159 1286 Arianis
2185 1234 2466 1304 pugnare?
2496 1234 2655 1301 Quod
2690 1235 2736 1291 si
2783 1252 2892 1291 una
2947 1245 3034 1292 est
3064 1238 3307 1294 essentia
3340 1239 3522 1294 Patris

220 1303 287 1356 τὸ
323 1303 512 1373 ἅγιον.
549 1308 613 1361 Ei
634 1308 746 1380 γὰρ
781 1312 1088 1386 συνέπασχε
1119 1320 1185 1388 τῇ
1218 1318 1385 1391 σαρκὶ
1414 1322 1444 1374 ό
1471 1323 1667 1388 Λόγος,
1700 1326 1821 1379 πάν·

1935 1329 1992 1374 et
2035 1321 2197 1376 Verbi
2228 1303 2294 1378 ac
2328 1323 2571 1393 Spiritus
2602 1326 2801 1392 sancti,
2833 1342 3056 1397 passum
3089 1336 3273 1384 autem
3295 1338 3387 1384 est
3420 1330 3518 1385 Dei

220 1414 339 1491 pro;
375 1398 481 1451 καὶ
517 1401 869 1475 συντέθνηκε.
918 1406 1027 1459 Καὶ
1082 1409 1132 1462 εἰ
1184 1411 1532 1484 συντέθνηκε,
1583 1414 1702 1481 πῶς
1741 1418 1821 1472 τὸν

1933 1415 2176 1472 Verbum
2206 1418 2265 1472 in
2295 1434 2505 1486 carne;
2541 1419 2734 1490 utique
2778 1428 2944 1475 erunt
2989 1429 3045 1475 et
3086 1421 3270 1487 Pater,
3316 1430 3372 1476 et
3395 1420 3520 1491 Spi-

222 1489 367 1561 ᾅδην
398 1492 738 1560 ἐσκύλευσε;
765 1495 883 1560 πῶς
900 1498 1024 1561 τοὺς
1044 1501 1273 1569 νεκροὺς
1302 1503 1600 1578 ἀνέστησεν
1624 1525 1638 1574 ;
1670 1510 1821 1581 εὑρε-

1933 1509 2074 1564 ritus
2119 1514 2364 1576 sanctus,
2393 1489 2652 1581 patibili‘s
2670 1528 2735 1581 ac
2773 1513 3023 1570 mortalis
3074 1489 3517 1570 substantiae—Si

221 1580 467 1651 θήσεται
498 1583 556 1636 δὲ
589 1586 685 1638 καὶ
713 1585 890 1641 θανὼν
938 1584 1229 1662 χωρισθεὶς
1259 1596 1474 1659 πάντως
1501 1596 1596 1651 τοῦ
1627 1580 1821 1667 ζῶντος

1930 1601 2078 1655 enim
2108 1601 2347 1658 Verbum
2392 1618 2501 1658 una
2531 1619 2657 1658 cum
2685 1619 2853 1659 carne
2888 1620 3111 1673 passum
3134 1613 3241 1670 est,
3290 1606 3519 1661 omnino

220 1676 476 1745 Πατρός.
505 1678 617 1732 Καὶ
648 1680 697 1731 εἰ
724 1679 904 1746 τοῦτο,
927 1683 1027 1736 οὐκ
1052 1684 1130 1738 ἔτι
1158 1686 1344 1742 λοιπὸν
1374 1690 1545 1760 Τριὰς
1575 1693 1633 1746 ἐν
1662 1695 1828 1765 οὐρα-

220 1766 301 1837 νῷ
344 1768 498 1822 κατὰ
529 1769 620 1823 τὸν
658 1771 756 1825 τοῦ
791 1773 999 1838 πάθους
1021 1779 1235 1847 καιρὸν,
1263 1780 1396 1835 ἀλλὰ
1434 1782 1588 1849 δυὰς,
1622 1786 1828 1856 ἀναμέ-

218 1872 399 1910 νουσα
433 1857 526 1911 τὸν
552 1860 745 1928 Λόγον,
782 1862 870 1916 ἵνα
898 1864 1006 1918 ἀπὸ
1030 1867 1123 1920 τοῦ
1154 1870 1365 1940 Πατρός
1391 1873 1622 1946 ἀναστῇ,
1653 1878 1749 1931 καὶ
1768 1879 1841 1934 ὲν.

214 1948 451 2039 οὐρανῷ
470 1949 692 2023 ἀνέλθῃ.
735 1954 799 2006 Ὠ
826 1955 925 2026 τῆς
951 1957 1214 2029 ἀθεμίτου
1240 1961 1480 2033 τόλμηςι
1513 1968 1672 2032 ποῖος
1703 1968 1827 2039 όφις

213 2035 529 2109 ψιθυρίσας
574 2042 829 2115 ὴπάτησε
886 2048 1009 2111 τοὺς
1073 2050 1376 2122 θεομάχους
1434 2054 1678 2127 παθητὸν
1732 2035 1824 2113 τὸν

212 2128 416 2199 ἁπαθῆ
464 2133 887 2204 ἀποφήνασθαι;
928 2138 978 2192 οἳ
1028 2140 1120 2195 τὸν
1164 2143 1406 2216 Κτίστην
1451 2148 1664 2203 ποιοῦσι
1714 2150 1824 2205 τῶν

212 2221 549 2292 κτισμάτων
582 2224 991 2299 ἀσθενέστερον.
1024 2230 1141 2285 Οὐκ
1183 2232 1444 2309 ὲντρέπῃ,
1477 2231 1523 2291 ὦ
1550 2240 1819 2310 αἱρετικὲ,

210 2313 381 2383 ἧλιον
426 2316 488 2368 ἐν
533 2315 736 2389 δένδρῳ
774 2322 1150 2391 τυγχάνοντα,
1197 2328 1294 2380 καὶ
1339 2328 1402 2382 τὸ
1455 2330 1555 2400 μὲν
1603 2331 1824 2404 δένδρον

210 2406 588 2476 τεμνόμενον,
610 2408 704 2464 τὸν
734 2410 791 2463 δὲ
817 2412 969 2483 ἥλιον
990 2414 1112 2469 οὐδὲ
1130 2416 1523 2489 χωριζόμενον,
1549 2422 1671 2478 οὐδὲ
1691 2440 1821 2478 συν⁶

208 2499 566 2570 τεμνόμενον
585 2518 601 2532 ο
629 2501 722 2555 τὸν
759 2503 816 2557 δὲ
854 2506 953 2577 τῆς
981 2507 1331 2582 δικαιοσύνης
1357 2512 1546 2567 ’Ἥλιον
1582 2517 1822 2589 παθητὸν

208 2596 406 2666 λέγων
436 2598 497 2651 ὲν
517 2597 594 2670 τῷ
626 2599 744 2672 ἰδίῳ
771 2601 987 2674 σώματι
1006 2605 1301 2677 γενόμενον
1324 2626 1339 2675 ;
1362 2610 1483 2665 οὐδὲ
1510 2614 1678 2682 φονέα
1698 2616 1822 2670 τινὰ

208 2686 259 2761 ἧ
275 2689 626 2762 κακοῦργον,
660 2688 707 2746 ὧ
735 2696 1039 2769 κακοῦργε,
1075 2698 1330 2772 ἑώρακας
1360 2705 1602 2778 κεφαλὴν
1630 2707 1663 2779 ἢ
1702 2711 1819 2780 χεῖ-

208 2799 323 2853 ρας
356 2783 750 2856 στερούμενον,
783 2787 882 2860 τὴν
905 2789 963 2843 δὲ
996 2791 1265 2847 ἀθάνατον
1294 2804 1317 2832 ²
1344 2795 1523 2868 ψυχὴν
1544 2800 1711 2855 αὐτοῦ
1741 2805 1817 2875 μὴ

206 2876 793 2949 συναποθνήσκουσαν
822 2881 902 2953 τῷ
943 2882 1195 2955 σώματι;
1228 2881 1349 2942 εἶτα
1387 2889 1579 2946 ἔλαϐον
1611 2906 1637 2935 ι
1672 2889 1820 2950 οὗτοι

1930 1694 2097 1748 etiam
2125 1709 2250 1749 eum
2281 1694 2373 1749 illa
2403 1704 2686 1750 mortuum
2716 1705 2819 1752 est.
2845 1695 3001 1762 Quod
3025 1707 3114 1752 est
3137 1701 3349 1768 pariter
3370 1714 3517 1754 mor-

1930 1794 2109 1851 tuum,
2147 1787 2426 1856 quomodo
2452 1788 2710 1859 spoliavit
2746 1787 2995 1845 inferos?
3046 1790 3336 1857 Quomodo
3365 1807 3516 1847 mor-

1931 1886 2053 1933 tuos
2075 1878 2378 1933 excitavit?
2403 1878 2511 1935 Sed
2542 1888 2598 1936 et
2634 1880 2781 1951 quod
2823 1890 3077 1936 mortuus
3105 1882 3197 1947 sit,
3238 1882 3399 1952 plane
3431 1884 3518 1937 in-

1927 1971 2186 2026 venietur
2210 1986 2242 2026 a
2276 1972 2440 2028 Patre
2464 1972 2687 2029 vivente
2717 1983 3025 2044 separatus.
3054 1973 3212 2041 Quod
3237 1976 3281 2030 si
3307 1976 3383 2030 ita
3406 1984 3513 2038 est,

1926 2079 2039 2118 non
2065 2064 2304 2135 amplius
2345 2075 2463 2120 erat
2487 2065 2542 2119 in
2573 2066 2713 2121 coelo
2747 2065 2995 2121 Trinitas
3024 2075 3273 2137 tempore
3302 2067 3517 2133 passio—

1925 2154 2034 2221 nis,
2064 2155 2163 2210 sed
2194 2155 2418 2222 binitas,
2444 2164 2774 2226 exspectans
2807 2164 2869 2211 ut
2896 2156 3141 2212 Verbum
3176 2158 3505 2223 excitaretur
3564 2203 3573 2209 .

1925 2263 1956 2303 a
1987 2249 2170 2313 Patre,
2218 2256 2276 2303 et
2307 2248 2516 2304 rediret
2562 2248 2617 2303 in
2657 2249 2880 2305 catlum.
2936 2247 2981 2304 Ο
3011 2248 3305 2304 nefandam
3342 2251 3501 2305 auda-

1923 2338 2109 2395 ciam?
2137 2338 2272 2405 Quis
2293 2355 2525 2411 serpens
2550 2339 2713 2396 sibilo
2743 2354 2845 2395 suo
2877 2337 3100 2394 deitatis
3127 2338 3317 2397 hostes
3349 2340 3518 2397 dece-

1921 2432 2025 2503 pit,
2047 2440 2108 2488 ut
2125 2433 2410 2505 patibilem
2431 2448 2575 2501 esse,
2597 2432 2958 2504 impatibilem
2980 2432 3154 2488 Deum
3175 2445 3509 2498 assererem,

1923 2525 2020 2596 qui
2040 2525 2381 2594 Creatorem,
2417 2524 2620 2580 creatis
2649 2525 2818 2581 rebus
2848 2524 3056 2582 facient
3105 2514 3513 2583 infirmiorem?

1920 2617 2044 2673 Non
2076 2626 2131 2673 te
2161 2617 2357 2688 pudet,
2399 2634 2432 2674 ο
2456 2619 2739 2684 haeretice,
2771 2629 2833 2675 ut
2862 2620 3037 2675 solem
3071 2618 3296 2690 quidem
3327 2618 3382 2673 in
3414 2635 3508 2674 ar-

1920 2710 2056 2766 bore
2083 2710 2464 2778 exsistentem,
2485 2726 2622 2767 caesa
2650 2711 2871 2779 arbore,
2894 2726 2999 2766 nec
3027 2711 3271 2782 separari
3294 2711 3365 2767 ab
3393 2712 3507 2777 illa,

1926 2815 2031 2856 nec
2056 2801 2263 2872 pariter
2290 2801 2448 2866 caedi,
2473 2800 2660 2868 dicas;
2691 2800 2872 2857 Solem
2902 2817 3037 2857 vero
3063 2796 3313 2873 iustitiae,
3332 2801 3387 2856 in
3408 2817 3511 2857 suo

1920 2908 2139 2951 asseras
2182 2908 2414 2964 corpore
2464 2892 2670 2950 factum
2715 2895 3043 2966 patibilem?
3074 2894 3285 2965 Neque,
3312 2910 3346 2949 ο
3378 2911 3509 2966 per-

199 2969 454 3041 καιρίαν
482 2971 583 3042 τὴν
626 2973 845 3046 πληγὴν
877 2975 982 3029 ὑπὸ
1010 2977 1106 3030 τοῦ
1142 2979 1345 3047 Λόγου,
1398 2983 1493 3037 καὶ
1524 2986 1818 3043 πέπτωκεν

1924 2990 2058 3056 dite,
2102 2990 2317 3056 vidisti,
2354 2990 2437 3045 sic
2476 2990 2818 3046 homicidam
2860 3000 2957 3047 aut
2989 2990 3368 3046 facinorosum
3402 2990 3502 3045 ali-

193 3064 231 3117 ὁ
267 3061 575 3134 θεομάχος·
601 3065 765 3120 πάλιν
794 3066 1127 3124 ἀνέπνευσεν
1150 3073 1178 3124 6
1210 3072 1615 3149 Χριστομὰχος·
1656 3080 1818 3137 πάλιν

1924 3099 2108 3154 quem,
2158 3084 2341 3154 capite
2371 3091 2467 3139 aut
2490 3083 2751 3139 manibus
2776 3083 3045 3148 truncari,
3090 3091 3153 3138 ut
3182 3092 3365 3138 tamen
3404 3083 3517 3163 im-I

191 3159 578 3227 ἀναισχυντεῖ
615 3161 644 3213 6
685 3160 956 3228 Ἰουδαῖος.
989 3165 1054 3219 Τί
1080 3166 1286 3237 λέγων;

1924 3177 2174 3233 mortalis
2203 3177 2327 3249 ejus
2364 3177 2549 3233 anima
2599 3176 2750 3232 haud
2793 3175 3050 3231 interiret
3084 3175 3195 3247 (12)
3240 3192 3347 3230 uua
3379 3191 3506 3231 cum

184 3251 496 3320 corpore?
524 3251 854 3323 Quanquam
898 3257 955 3312 hi
988 3259 1194 3316 lethale
1237 3263 1441 3320 vulnus
1477 3280 1805 3337 argumento
1841 3272 1949 3328 hoc
1990 3279 2348 3341 acceperunt,
2421 3270 2745 3341 corruitque
2813 3270 2915 3325 Dei
2963 3277 3344 3341 Oppugnator;
3375 3286 3505 3326 rur-

185 3362 340 3404 sum
404 3353 596 3495 ιοῒεῖ
639 3346 855 3405 animos
907 3352 1207 3424 resumpsit
1255 3368 1606 3430 oppugnator
1663 3360 1872 3422 Christi
1948 3383 1963 3421 :
2030 3380 2229 3421 rursus
2281 3363 2636 3436 impudenter
2707 3362 2932 3420 Judaeus
2978 3362 3317 3436 aggreditur.
3368 3364 3504 3433 Qui-

187 3443 317 3495 bus
362 3455 464 3495 ver
506 3440 589 3494 is.
2362 3488 2375 3495 -
3162 3444 3170 3451 ’

187 3443 317 3499 bus
362 3440 554 3495 verbis
572 3441 596 3494 ?
2362 3488 2378 3499 ι
3162 3444 3170 3451 ’

269 3540 348 3598 Ῑ’.
390 3539 556 3612 Ὅρα,
611 3541 801 3613 φησιν,
832 3543 916 3599 ὄτι
948 3546 1012 3599 οὐ
1042 3546 1199 3615 Θεὸν,
1236 3552 1353 3608 ἀλλ’
1385 3555 1676 3630 ἄνθρωπον
1701 3563 1817 3618 ἀπ-

184 3630 568 3702 εκτείναμεν.
596 3633 827 3704 Πρὸςοδν
872 3636 1282 3705 εὐθέωςξκαλὸν
1322 3648 1522 3716 εἰπεῖν,
1569 3653 1772 3710 Σιώπα
1795 3672 1809 3686 ·

183 3722 539 3794 πεφίμωσο
565 3737 581 3754 ⁸
622 3724 759 3780 λάϐε
790 3728 1045 3800 κατόχιον
1077 3733 1171 3787 ἐπὶ
1191 3734 1271 3807 τῷ
1304 3738 1556 3812 στόματι.
1590 3745 1775 3802 Ἔστω
1796 3764 1812 3781 ο

1989 3565 2058 3622 X.
2097 3564 2258 3634 Vide,
2308 3565 2512 3636 inquit,
2558 3573 2620 3620 ut
2668 3579 2779 3620 non
2825 3565 3023 3631 Deum,
3075 3565 3173 3621 sed
3221 3562 3505 3620 hominem

1915 3660 2386 3717 interfecerimus.
2420 3659 2524 3715 Cui
2556 3658 2824 3714 continuo
2857 3674 3041 3729 operae
3084 3658 3323 3728 pretium
3356 3655 3510 3713 dice-

1915 3768 2041 3809 mus
2066 3770 2081 3808 :
2121 3752 2276 3818 Tace,
2307 3754 2601 3807 obmutesce
2626 3753 2691 3819 °’;
2717 3751 2803 3806 ori
2834 3751 3052 3807 frenum
3077 3751 3302 3807 adhibe.
3330 3750 3501 3805 Esto:

1912 3844 2093 3917 legem
2130 3851 2460 3913 aspernatus
2502 3843 2580 3899 sis
2628 3860 2643 3897 :
2695 3850 2851 3908 esto,
2884 3844 3165 3913 prophetas
3198 3841 3447 3896 occideris
3486 3858 3504 3895 :

1916 3953 2031 3993 non
2073 3935 2350 3992 revereris
2397 3934 2663 3990 Davidem
2694 3934 2973 3991 dicentem
3003 3934 3073 3990 de
3115 3933 3338 3989 Christo
3374 3952 3387 3987 :
3420 3933 3507 3989 Ex

1917 4037 2068 4084 utero
2097 4038 2222 4083 ante
2252 4027 2533 4098 luciferum
2562 4028 2745 4098 genuit
2770 4043 2854 4081 me
2884 4026 2967 4081 ‘i?
2990 4027 3201 4097 Nempe
3224 4040 3505 4095 supernus

1918 4120 2102 4178 Pater.
2156 4120 2228 4175 Et
2268 4133 2492 4175 rursum
2527 4135 2542 4172 :
2590 4119 2843 4174 Dominus
2881 4119 3015 4173 dixit
3057 4118 3128 4172 ad
3171 4132 3303 4172 me:
3336 4116 3504 4171 Filius

1920 4229 2066 4268 meus
2097 4228 2151 4267 es
2177 4218 2272 4269 tu:
2309 4227 2402 4283 ego
2429 4211 2581 4266 hodie
2615 4211 2772 4283 genui
2807 4219 2858 4265 te
2884 4210 2948 4266 “.
2990 4210 3138 4266 Duas
3164 4209 3333 4264 habet
3357 4208 3503 4264 nati-

184 3815 388 3887 νόμον
438 3814 718 3887 ἠθέτησας
741 3834 757 3850 ο
811 3818 971 3886 ἔστω,
1035 3825 1353 3896 προφήτας
1411 3831 1772 3906 ἀπέκτεινας
1794 3855 1811 3872 ⁶

182 3910 333 3965 οὐδὲ
368 3907 466 3964 τὸν
486 3909 653 3965 Δαδὶδ
683 3912 949 3986 ἐρυθριᾷς
977 3917 1106 3989 περὶ
1132 3919 1229 3974 τοῦ
1258 3922 1501 3993 Χριστοῦ
1539 3923 1770 3999 λέγοντα
1792 3948 1808 3965 ο

198 4002 325 4057 Ἐκ
353 4001 637 4069 ταστρὸςξ
658 4002 775 4072 πρὸ
811 4003 1125 4077 ἑωσφόρον
1145 4010 1444 4084 ἐγέννησέ
1465 4035 1576 4087 με;
1615 4021 1674 4076 '0
1695 4025 1809 4079 Πα-

179 4096 308 4167 ei“;
356 4092 496 4184 ἀνω.
522 4092 656 4148 Καὶ
689 4096 856 4153 πάλιν
874 4115 905 4134 ν
929 4102 1148 4172 Κύριος
1182 4101 1317 4161 εἶπε
1359 4112 1512 4179 πρός
1528 4130 1608 4183 με
1630 4131 1646 4146 ο
1677 4117 1811 4184 Υἱός

174 4206 320 4261 μου
357 4182 427 4283 Δεἷ
456 4187 561 4283 σὺ,
591 4190 709 4283 ἐγὼ
758 4191 1031 4264 σήμερον
1068 4199 1401 4271 γεγέννηκά
1430 4219 1527 4261 σε.
1558 4207 1664 4262 Δύο
1693 4182 1808 4283 ἔχει

177 4276 505 4373 γεννήσεις
537 4281 568 4332 ό
597 4275 680 4345 εἷς
709 4283 806 4336 καὶ
836 4284 1001 4355 μόνος
1026 4288 1265 4360 Χριστός
1285 4307 1299 4322 ·
1327 4292 1458 4364 μίαν
1487 4297 1554 4351 ἐκ
1593 4275 1809 4373 Πατρός

178 4369 485 4442 ἀχρόνως,
520 4374 616 4426 καὶ
646 4372 817 4446 ἄλλην
860 4378 927 4432 ὲκ
962 4381 1172 4452 μητρὸς
1199 4384 1461 4457 ἀσπόρως
1493 4404 1507 4418 ⁸
1541 4390 1672 4448 ὅταν
1713 4369 1808 4449 οὖν

178 4464 365 4534 λέγει
391 4478 407 4492 ⁸
451 4463 574 4520 Τὸν
592 4465 793 4523 νῶτόν
815 4487 938 4540 μου
955 4471 1188 4528 δέδωκα
1217 4478 1306 4543 εἰς
1340 4479 1667 4552 μάστιγας,
1700 4487 1810 4552 τὰς

176 4556 262 4660 t-S-é
295 4557 609 4660 σταγόνας
651 4577 777 4660 μου
817 4563 907 4629 εις
952 4565 1307 4637 ῥαπίσματα
1333 4584 1349 4600 ⁸
1388 4571 1564 4627 ταῦτα
1616 4576 1683 4629 ὲκ
1710 4578 1809 4648 τῆς

1924 4592 1957 4638 ιι
1987 4600 2150 4654 genas
2175 4599 2323 4638 meas
2345 4556 2425 4637 ad
2463 4583 2656 4655 alapas
2676 4583 2724 4617 °'
2748 4601 2764 4652 ;
2794 4584 2914 4640 haec
2950 4599 3019 4639 ει
3044 4583 3214 4639 Maria
3238 4556 3306 4639 ex
3336 4556 3500 4638 vtribu

177 4645 435 4753 iurgia;
489 4648 593 4753 τῆς
628 4649 691 4716 ἐξ
755 4651 927 4708 Ἰούδα
956 4654 1119 4711 ἔλαϐε
1145 4674 1159 4688 ο
1208 4661 1305 4715 καὶ
1337 4662 1487 4735 ἅπερ
1524 4664 1586 4731 ἐξ
1636 4645 1809 4724 Ἰούδα

1924 4645 2047 4734 Iuda
2077 4678 2357 4749 suscepit:
2396 4687 2454 4734 et
2483 4645 2608 4749 quae
2651 4694 2719 4734 ex
2751 4645 2899 4734 .luda
2951 4678 3217 4749 suscepit,
3253 4677 3372 4733 haec
3398 4677 3501 4734 Ju-

179 4739 397 4805 ἔλαϐε,
430 4740 609 4844 ταῦτα
643 4743 924 4812 Ἰουδαίοις
957 4749 1214 4819 ῥαπίζειν
1245 4753 1342 4807 καὶ
1394 4756 1683 4826 μαστίζειν
1711 4759 1801 4814 δέ·

1924 4769 2042 4826 ἰωὶε
2074 4739 2440 4840 percutienda
2488 4739 2554 4826 ac
2603 4758 2928 4841 flagellaﬁda
2959 4739 3213 4825 tradidit.
3238 4767 3372 4835 Quae
3403 4785 3502 4824 au-

177 4833 384 4933 eum
411 4847 428 4862 ο
465 4832 501 4887 ἃ
528 4833 586 4888 δὲ
614 4835 693 4901 ὡς
726 4837 861 4903 Θεὸς
892 4842 1039 4895 κατά
1069 4842 1234 4911 φύσιν
1258 4843 1398 4916 ἔχει,
1426 4850 1550 4904 Οὐκ
1591 4849 1803 4921 ὄψεται

1924 4870 2023 4918 tem
2074 4832 2138 4917 ut
2184 4863 2330 4919 Deus
2385 4877 2486 4933 per
2536 4832 2792 4917 naturam
2847 4861 3036 4927 habet,
3067 4876 3133 4917 ea
3183 4832 3355 4915 Homo
3393 4877 3499 4914 non

178 4926 525 5018 ἄνθρωπος
556 4928 784 5018 ἐκεῖνα,
841 4932 942 4986 καὶ
981 4932 1247 5005 ζήσεται.
1292 4939 1435 4993 Ἀλλ’
1472 4941 1502 4994 6
1549 4942 1803 5013 Ἰουδαῖος

1924 4950 2123 5018 videbit,
2155 4961 2204 5005 et
2233 4951 2367 5005 vivet
2385 4926 2451 5003 δ’.
2477 4949 2583 5006 Sed
2614 4951 2783 5005 instat
2802 4926 3030 5004 rursum,
3055 4949 3320 5005 Judazus:
3349 4947 3499 5016 Quo-

177 5019 409 5073 πάλιν·
444 5017 572 5084 Πῶς
597 5015 693 5076 οὖν
719 5023 748 5075 6
777 5026 1068 5108 προφήτης
1102 5029 1346 5099 περὶτοῦ
1380 5032 1804 5108 Σταυρωθέντος

1924 5042 2076 5098 modo
2110 5015 2244 5114 ergo
2272 5042 2543 5114 propheta
2585 5041 2654 5098 de
2704 5040 2982 5097 C'rucifixo
3017 5042 3131 5098 ait:
3166 5041 3237 5096 Et
3272 5015 3503 5098 vidimus

248 5154 317 5213 ,³⁸
359 5151 522 5210 ﬂare.
563 5172 636 5221 IV,
668 5158 760 5215 59.
834 5160 881 5193 “
917 5162 1063 5218 Psal.
1089 5180 1195 5233 (ιιι,
1224 5165 1280 5223 5.
1356 5169 1403 5201 “
1441 5171 1584 5229 Psal.
1619 5189 1676 5241 ιι,
1709 5176 1759 5231 7.
1858 5177 1904 5210 ⁶⁸
1932 5177 2036 5235 Isa.
2066 5179 2190 5244 1.,6;
2280 5180 2325 5213 “
2361 5180 2535 5235 Exod.
2564 5194 2749 5246 nxm,
2771 5180 2860 5235 20.

1536 5312 1774 5373 VARIAS
1811 5314 2222 5374 LECTIONES.

272 5397 298 5425 ι
330 5389 400 5441 Δέ
440 5389 731 5448 ἀθάνατον.
760 5395 898 5452 Male
926 5396 1102 5454 Oxon.
1129 5399 1217 5456 διὰ
1253 5403 1506 5460 θάνατον.
1583 5418 1610 5447 ι
1650 5403 1807 5464 Εἶτα.
1855 5409 2022 5467 Forte
2049 5413 2184 5468 εἴτε.

1730 5546 1964 5607 NOTE.

272 5620 991 5719 Ωὲὶέαιιάξξιεζιτειιιηα
1012 5649 1140 5719 gum
1161 5650 1404 5719 corpore.
1561 5653 1798 5719 συναπο-
1907 5658 2007 5699 seu
2042 5643 2230 5719 potius
2259 5646 2489 5719 prelum,
2519 5647 2730 5719 utejus
2775 5655 3158 5719 repraesentet,
3203 5649 3349 5718 quod
3385 5648 3513 5707 saia‘

188 5691 579 5789 ἰνῂιιξξίξυᾳεξξιλθΔ
594 5696 962 5789 τέῌςιξθματι.
1010 5701 1187 5789 Quam
1240 5691 1386 5789 bona
1440 5691 1649 5788 Graeca,
1686 5717 1797 5765 tam
1909 5723 2019 5789 tem
2042 5691 2499 5789 lcollecti'sgvelad
2519 5691 2727 5774 calcem
2745 5691 3504 5789 méﬁd‘ﬁjiié‘éiie’sié‘éuib'}.

192 5764 349 5863 ξιξ-ἷξε
378 5762 1579 5863 Ξειίρέἷιὶἶγὶ--ἰιιιθιριεῖἰεβμίῑῑὶ,,οιιιίξειι
1626 5762 1797 5863 fraga:

198 5842 342 5900 uva,
378 5844 439 5890 αι
464 5842 709 5895 animam
751 5857 860 5897 una
894 5859 1020 5900 cum
1070 5842 1306 5916 corpore,
1354 5848 1585 5904 'mlcrire
1612 5842 1753 5905 dic?“
1782 5868 1821 5920 ἢ
2078 5842 2083 5843 ⁷
2142 5842 2147 5843 ⁷
2211 5842 2226 5857 ¹
2258 5842 2263 5843 ⁷
2556 5842 2571 5856 ’
2616 5842 2903 5847 "‘"‘“'—
2938 5842 3027 5866 '"'.

1918 4306 2139 4374 vitates,
2172 4320 2319 4361 unus
2348 4305 2466 4376 ipse
2492 4319 2558 4361 ac
2583 4304 2880 4377 singularis
2913 4303 3205 4371 Christus;
3240 4317 3405 4357 unam
3435 4319 3503 4358 ex

1909 4398 2075 4454 Patre
2122 4398 2243 4454 sine
2293 4406 2562 4468 tempore,
2598 4396 2873 4467 aliamque
2907 4412 2976 4453 ex
3028 4404 3207 4452 matre
3250 4396 3371 4451 sine
3414 4411 3503 4452 se-

1908 4490 2081 4547 mine.
2111 4489 2250 4545 Cum
2276 4505 2410 4561 ergo
2442 4488 2551 4545 ait:
2579 4489 2715 4544 Dedi
2740 4489 2956 4545 dorsum
2974 4506 3148 4544 meum
3168 4490 3224 4543 in
3258 4487 3500 4561 ﬂagella,
