3898 6384
274 398 419 464 2933
1347 409 1600 469 SERMO
1642 410 1722 470 IN
1763 411 2017 472 Η.λέἰίΟὸ
2056 414 2499 474 PALMARUM.
3392 415 3532 479 9.934

270 510 513 564 τεκοῦσα
555 511 834 582 Παροὲνος
860 529 871 543 ·
936 514 1301 584 Ἠγανίλίασε
1334 517 1402 571 τὸ
1439 519 1676 587 πνεῦμὰ
1733 539 1852 590 μου

1964 524 2159 587 meo";
2187 538 2312 578 cum
2347 538 2464 578 eam
2497 523 2736 592 Spiritus
2777 535 3002 579 sam-tus
3043 518 3418 584 obumbravit.
3455 532 3534 583 Tu

267 605 370 658 ἐπὶ
396 602 481 669 τῷ
508 604 629 669 Θεῷ
659 604 739 670 τῷ
790 606 1022 674 Σωτῆρι
1067 626 1210 677 μου,
1244 608 1406 680 ἡνίκα
1440 610 1500 663 τὸ
1541 611 1768 682 Πνεῦμα
1796 614 1856 665 τὸ

1964 632 2092 671 vero
2130 617 2262 669 mihi
2310 632 2496 685 pensa,
2548 615 2724 670 ﬁdelis
2769 617 3025 682 auditor,
3074 622 3351 690 quomodo
3412 634 3539 677 sau-

267 695 433 758 ἅγιον
478 696 564 749 ἐπ’
595 697 768 768 αὐτὴν
795 698 1116 755 ἱπεσκίασε.
1151 701 1223 753 Σὺ
1262 700 1320 754 δέ
1353 718 1442 771 μοι
1471 701 1665 756 σκόπει
1708 703 1735 754 ὁ
1766 721 1857 756 1t:-

267 788 399 851 στὸς
432 783 733 857 ἀκροατὴς,
784 790 904 854 πῶς
937 793 970 862 ὴ
1014 791 1257 862 παναγία
1297 792 1572 864 Παρθένος
1605 794 1739 847 Θεὸν
1769 793 1859 847 τὸν

273 880 405 933 Υἰδν
455 880 630 948 αὐτῆς
670 884 1107 956 προσηγόρευσε.
1147 885 1257 939 Καί
1303 903 1439 957 φησι
1470 904 1485 921 ο
1538 887 1682 952 Θεός
1714 905 1856 955 μου,

265 972 418 1025 κατὰ
451 971 551 1041 τὴν
583 972 778 1043 θεῖκὴν
811 974 980 1027 αὐτοῦ
1011 975 1222 1028 οὐσίαν·
1278 977 1405 1040 Υἱός
1441 994 1564 1048 μου,
1596 978 1739 1031 κατὰ
1762 978 1861 1044 τὴν

264 1063 460 1133 ἑαυτῷ
493 1064 809 1118 ὑποστᾶσαν
833 1064 894 1130 ἐξ
924 1066 1055 1135 ἐμοῦ
1091 1067 1301 1121 οὐσίαν.
1336 1070 1410 1123 Οὐ
1431 1070 1538 1138 γὰρ
1569 1069 1755 1122 ἔτεκον
1784 1068 1862 1139 τῷ

260 1154 471 1226 κόσμῳ
500 1155 655 1224 ψιλὸν
693 1157 1003 1227 ἄνθρωπον,
1048 1157 1183 1212 em
1223 1159 1358 1213 Θεὸν
1414 1163 1857 1231 σεσαρκωμένον.

262 1247 384 1300 Καὶ
420 1247 634 1318 μάρτυς
672 1249 1009 1313 ἀξιόπιστος,
1058 1251 1090 1321 ἡ
1130 1253 1366 1321 σφραγὶς
1414 1254 1514 1321 τῆς
1563 1254 1862 1324 παρθενίας

263 1354 407 1407 μου.
445 1340 537 1409 Μὴ
570 1341 867 1411 ἀτιμάσῃς,
898 1335 944 1393 ὦ
988 1342 1267 1412 ἄνθρωπε,
1299 1343 1437 1413 ὅπερ
1466 1344 1525 1408 ὲξ
1553 1344 1686 1415 ἐμοῦ
1738 1345 1862 1398 ἔλα-

258 1430 366 1482 ϐεν
398 1432 429 1482 ὁ
465 1431 598 1494 Θεὸς
627 1433 1002 1503 περιϐόλαιον,
1039 1435 1125 1487 ἶνα
1170 1435 1246 1505 μὴ
1272 1435 1364 1488 τὸν
1393 1438 1860 1508 περιϐαλλόμενον

257 1520 657 1591 καθυϐρίσῃς·
724 1522 800 1591 μὴ
855 1523 1087 1593 ὑϐρίσῃς
1147 1525 1246 1595 τὴν
1295 1525 1523 1596 σκηνὴν,
1561 1528 1643 1581 ὅτι
1690 1528 1859 1591 ὄντως

255 1612 404 1666 ἄνευ
430 1613 616 1681 χειρὸς
650 1614 968 1685 συνερρσἱφη
999 1614 1077 1685 τῷ
1102 1614 1461 1687 σκηνώσαντι.
1498 1618 1589 1689 Μὴ
1628 1619 1859 1691 μερίσης

256 1701 334 1753 τὸ
367 1701 488 1769 φῶς
522 1705 602 1775 ,ἐκ
655 1705 758 1774 τῆς
808 1705 1081 1776 σαρκικῆς
1128 1723 1231 1773 μου
1287 1706 1592 1776 λαμπάδος,
1642 1709 1727 1761 ἵνα
1784 1712 1857 1780 μὴ

257 1793 451 1867 σϐέσῃ
493 1796 681 1860 κακῶς
736 1795 827 1849 τὸν
865 1796 944 1866 τῷ
991 1797 1181 1868 κόσμῳ
1230 1797 1519 1869 λάμψαντα
1550 1801 1725 1871 ἥλιον,
1764 1803 1859 1855 καὶ

1958 707 2201 762 ctissima
2230 708 2391 777 Virgo
2428 707 2620 760 Filium
2664 723 2843 772 suum,
2875 709 3044 764 Deum
3077 712 3386 781 appellarit.
3418 713 3538 769 Uti-

1960 814 2089 867 que,
2128 798 2326 867 inquit,
2381 798 2520 851 Deus
2569 815 2733 862 meus,
2786 802 3092 856 secundum
3139 803 3384 858 divinam
3418 807 3539 875 ejus

1961 889 2321 943 substantiam
2351 908 2362 942 :
2396 889 2563 943 Filius
2586 906 2760 952 meus,
2788 892 3090 945 secundum
3123 909 3246 948 eam
3277 895 3538 950 substano

1963 978 2093 1032 tiam
2124 995 2285 1047 quam
2314 979 2418 1032 sibi
2454 980 2520 1033 de
2553 996 2638 1033 mc
2667 982 2981 1049 assumpsit.
3018 983 3137 1036 Non
3160 984 3307 1037 enim
3333 985 3540 1038 mundo

1964 1070 2155 1140 peperi
2190 1086 2389 1139 purum
2450 1071 2747 1131 hominem,
2793 1073 2888 1127 sed
2941 1074 3108 1127 Deum
3165 1075 3537 1129 inearnatum.

1962 1161 2132 1232 Cujus
2174 1162 2250 1215 rei
2288 1162 2445 1215 testis
2484 1171 2569 1217 est
2608 1164 2875 1233 locuples,
2912 1174 3171 1229 constans
3208 1166 3540 1237 virginitatis

1962 1255 2326 1323 signaculum.
2361 1254 2440 1307 Ne
2478 1255 2799 1319 dedecorcs,
2844 1272 2876 1309 o
2922 1257 3108 1322 homo,
3158 1273 3321 1327 quam
3354 1274 3420 1312 ex
3453 1274 3541 1311 mc

1961 1345 2107 1398 Deus
2139 1344 2374 1414 sumpsit
2405 1355 2635 1406 vestem,
2681 1362 2748 1400 ne
2778 1346 2829 1400 ei
2863 1348 2957 1416 qui
2994 1348 3140 1402 illam
3168 1348 3366 1407 induit,
3409 1364 3542 1402 con-

1961 1440 2245 1493 tumeliam
2273 1440 2500 1509 irroges.
2524 1440 2600 1495 Ne
2633 1440 2833 1509 injuria
2857 1438 3063 1493 allicias
3090 1440 3537 1500 tabernaculum;

1961 1546 2152 1586 revera
2199 1533 2345 1586 enim
2398 1532 2547 1585 nulla
2597 1546 2863 1585 manuum
2895 1546 3063 1599 opera
3098 1531 3367 1586 habitanti
3397 1534 3542 1587 ineo

1958 1624 2063 1679 fuit
2097 1633 2415 1679 consutum.
2468 1623 2546 1677 Nc
2579 1624 2762 1677 lumen
2793 1639 2822 1677 a
2850 1624 3055 1677 carnali
3105 1640 3229 1679 mea
3292 1625 3542 1693 lampade

1959 1731 2198 1784 separes,
2252 1723 2312 1770 ut
2353 1730 2422 1769 ne
2458 1716 2597 1769 male
2648 1716 2817 1769 solem
2865 1717 3180 1788 exstinguas
3218 1718 3311 1787 qui
3365 1718 3545 1771 illuxit

1960 1798 2187 1871 mundo,
2217 1808 2423 1877 quique
2454 1808 2572 1863 sine
2613 1808 2836 1861 homine
2868 1810 3031 1862 homo
3072 1808 3247 1863 fartus
3279 1819 3383 1864 est.
3422 1810 3539 1863 Non

254 1886 572 1955 γενόμενον
602 1887 774 1957 χωρὶς
805 1888 1100 1960 ἀνθρώπου
1141 1889 1452 1959 ἄνθρωπον.
1490 1892 1565 1946 Οὐ
1595 1893 1704 1964 γὰρ
1756 1896 1854 1947 ὲπ-

1964 1896 2106 1949 enim
2137 1899 2372 1967 cognovi
2414 1898 2717 1962 hominem,
2769 1914 3083 1968 quanquam
3124 1900 3295 1953 Deum
3330 1900 3455 1953 novi
3488 1900 3539 1952 in

255 1977 453 2045 ἔγνων
500 1978 809 2049 ἄνθρωπον.
844 1982 894 2034 εἰ
944 1981 1038 2035 καὶ
1063 1980 1234 2051 ἔγνων
1268 1982 1402 2036 Θεὸν
1435 1984 1493 2036 ὲν
1536 1986 1660 2055 ἐμοὶ
1705 1987 1857 2055 γενό-

264 2085 453 2138 μενον
478 2068 786 2139 ἄνθρωπον.

345 2158 451 2214 IA'.
486 2162 691 2231 Ἔχεις,
736 2156 781 2213 ὦ
812 2164 1131 2216 πιστότατον
1174 2163 1269 2216 καὶ
1306 2162 1595 2232 ἱερώτατον
1619 2165 1858 2235 Χριστοῦ

257 2251 553 2320 ποίμνιον,
574 2252 644 2305 τὰ
667 2254 766 2322 τῆς
788 2253 981 2324 ἑορτῆς
1012 2252 1264 2323 ἐγκώμια
1281 2267 1296 2283 ⁸
1330 2254 1641 2324 σκίρτησον.
1677 2258 1859 2325 Ἔχεις

250 2344 346 2398 τὰ
370 2343 493 2397 θεῖα
512 2347 605 2398 καὶ
621 2344 827 2415 ἄμωμα
843 2345 941 2415 τῆς
955 2345 1283 2415 Ἐκκλησίας
1303 2346 1625 2416 διδάγματα·
1649 2348 1857 2417 τρύφη-

255 2453 390 2491 σον.
426 2438 612 2506 Ἔχεις
635 2438 705 2492 τὰ
736 2436 876 2490 ὅπλα
905 2438 971 2491 τὰ
1017 2438 1361 2507 πνευματικὰ
1389 2454 1401 2466 ·
1441 2440 1582 2493 κατὰ
1615 2440 1723 2491 τῶν
1765 2440 1857 2493 λύ-

251 2544 389 2582 κων
426 2527 526 2596 τῆς
551 2528 790 2599 ποίμνης
813 2528 1122 2599 πολέμησον
1143 2545 1155 2558 ·
1183 2530 1475 2583 παίδευσον
1508 2532 1581 2600 μὴ
1618 2530 1857 2601 βλασφη-

255 2622 401 2693 μεῖν
427 2636 443 2650 ·
477 2620 687 2685 δίδαξον
736 2621 879 2692 ὑπὲρ
932 2621 1189 2692 ἀληθείας
1240 2622 1537 2690 ἀγωνίσαι·
1577 2625 1858 2690 ἀπόδειξον

252 2716 356 2768 ὅτι
389 2713 610 2783 καθαρὰ
638 2714 747 2768 ἀπὸ
780 2715 1000 2768 πάντων
1030 2715 1138 2768 τῶν
1168 2715 1425 2779 ζιζανίων
1458 2717 1556 2784 τῆς
1586 2717 1743 2787 ἡμῶν
1763 2718 1855 2770 καὶ

253 2807 519 2878 Χριστοῦ
566 2806 896 2877 Ἐκκλησίας
940 2809 974 2878 ἡ
1007 2808 1235 2878 ἄρουρα.
1290 2794 1352 2860 Εἰ
1387 2808 1485 2877 μὲν
1511 2803 1621 2862 οἶόν
1650 2825 1709 2860 τε
1743 2810 1855 2863 Λά-

256 2896 451 2968 ζαρός
478 2914 561 2960 τις
587 2892 658 2960 εἰ,
689 2899 901 2969 σειραῖς
928 2899 1290 2968 πταισμάτων
1312 2898 1343 2968 ἢ
1365 2899 1624 2952 ἐναντίων
1654 2899 1859 2968 δογμά-

253 3006 388 3043 των
413 2987 804 3060 δεσμούμενος,
859 2989 1101 3061 σήμερον
1127 2989 1232 3043 ὑπὸ
1275 2989 1367 3043 τοῦ
1398 2990 1571 3060 Λόγου
1627 2991 1859 3046 ἄκουσον

255 3080 591 3150 φωνοῦντὸς
622 3099 719 3135 σου
747 3098 758 3110 ·
792 3082 977 3151 Δεῦρο
1015 3082 1152 3147 ἔξω,
1192 3083 1286 3137 καὶ
1328 3083 1543 3153 λύθητι,
1600 3085 1696 3138 καὶ
1724 3084 1857 3139 «ivd-

257 3172 465 3245 στηθι.
498 3171 560 3226 Εἰ
606 3174 663 3227 δὲ
697 3174 945 3246 μαθητής
977 3192 1058 3238 τις
1083 3171 1154 3237 εἴ,
1184 3175 1281 3228 καὶ
1307 3175 1416 3230 τῶν
1442 3176 1577 3248 πρὸς
1610 3178 1862 3231 διδασκα·

254 3261 402 3316 λίαν
460 3263 763 3332 ἐπιτήδειος
792 3276 839 3329 ο,
891 3265 1282 3336 ἀποστάλοητι,
1339 3268 1433 3322 καὶ
1466 3265 1634 3330 λύσας
1686 3266 1863 3337 ἄγαγε

258 3355 509 3427 Χριστῷ
547 3356 728 3410 πῶλον
784 3358 877 3410 καὶ
934 3357 1171 3423 πώλους,
1218 3359 1309 3413 καὶ
1364 3358 1597 3422 πολλοὺς
1626 3360 1754 3423 τοὺς
1806 3362 1864 3413 ἐν

258 3447 465 3522 πλάνῃ
498 3448 751 3519 προσδεδε
761 3451 979 3519 μένους,
1001 3450 1095 3502 καὶ
1116 3452 1195 3513 εἰς
1216 3451 1316 3521 τὴν
1346 3453 1632 3506 κατέναντι
1657 3452 1863 3518 πίστιν,

257 3540 374 3595 καὶ
436 3538 632 3611 κώμην
711 3540 1144 3612 ἀντικειμένους.
1226 3542 1344 3596 Κᾶν
1433 3559 1579 3606 τινες
1649 3542 1864 3603 ἀντιλέ-

256 3648 462 3703 γουσι,
536 3631 629 3686 καὶ
689 3632 788 3705 τὴν
837 3633 993 3686 λύσιν
1045 3633 1155 3686 τῶν
1218 3633 1612 3704 πεπεδημὲνων
1676 3635 1863 3698 κακῶς

264 3720 1015 3793 ἐμποδίζειν-δοκιμάζουσι,
1067 3723 1371 3791 φάσκοντες
1397 3740 1411 3754 °
1450 3726 1511 3779 Τί
1546 3725 1715 3791 λύεις
1756 3724 1863 3779 τὸν

259 3812 695 3876 πῶλον;καθὰ
727 3813 825 3867 καί¹
872 3814 985 3875 τοῖς
1027 3814 1245 3882 τυφλοῖς
1287 3813 1564 3883 ἐπετίμων
1617 3819 1691 3886 μὴ
1722 3817 1860 3885 κρά-

258 3906 432 3972 ζεινο
461 3906 580 3959 εἰπὲ
614 3906 709 3959 καὶ
750 3907 847 3973 σὺ,
894 3905 1024 3959 Ὀτι
1058 3909 1089 3960 ό
1141 3907 1358 3973 Κύριος
1411 3906 1609 3961 αὐτῶν
1649 3910 1863 3978 χρείαν

258 3998 425 4067 ἔχει.
470 3998 680 4067 Κύριος
739 3998 851 4067 γὰρ
902 3997 1038 4051 λύει
1087 3998 1542 4067 πεπεδημένους
1570 4016 1583 4029 °
1645 4001 1861 4068 Κύριος

264 4088 470 4159 σοφοῖ
517 4089 812 4159 τυφλοὺς,
856 4088 1042 4153 καθὼς
1098 4091 1338 4161 σήμερον
1378 4089 1472 4144 τοῦ
1524 4092 1861 4161 Εὖαγγελίου

261 4183 534 4253 ἧκουσας.
614 4181 830 4252 Ἐπειδὴ
864 4180 973 4251 γὰρ
1007 4180 1098 4234 τὸν
1151 4182 1249 4251 τῆς
1297 4182 1644 4253 δικαιοσύνης
1673 4183 1862 4237 Ἥλιον

266 4271 696 4344 ιπιδημήσαντα
722 4271 991 4339 ἔγνωκαν,
1024 4273 1232 4335 εἰκότος
1251 4276 1386 4343 πρὸς
1419 4274 1581 4326 αὐτὸν
1603 4273 1856 4345 ἔκραζον⁹

278 4364 590 4431 Ἐλέησον
632 4364 812 4434 ἡμᾶς,
853 4365 1049 4433 Κύριε,
1098 4363 1192 4418 υἱὲ
1229 4364 1421 4421 Δαὸίδ.
1462 4365 1526 4418 Ὢ
1563 4364 1730 4431 ξένων
1764 4365 1861 4419 καὶ

269 4458 603 4527 παραδόξων
633 4458 964 4528 Θαυμάτωνι
996 4458 1044 4509 οἰ
1088 4457 1280 4526 τυφλοὶ
1327 4456 1716 4521 ἀναϐλέπουσι,
1764 4457 1861 4510 καὶ

266 4547 321 4600 οἰ
355 4545 645 4615 βλέποντες
695 4545 933 4599 Ἰουδαῖοι
970 4546 1394 4613 τυφλώττουσιν.
1437 4538 1595 4598 Οὗτοι
1653 4544 1857 4615 Κύριον

268 4635 624 4708 ὁμολογοῦσι,
675 4636 955 4689 κάκεῖνον
1013 4636 1108 4701 Τίς
1143 4635 1317 4688 ἐστιν
1374 4630 1586 4698 οὗτος
1645 4636 1858 4705 ἐπερω-

265 4726 435 4781 τῶσι.
468 4727 608 4797 Φησὶ
635 4725 746 4795 γὰρ
795 4728 825 4779 ὁ
878 4725 1308 4796 εὐαγγελιστήςο
1357 4728 1424 4778 Oi
1478 4724 1546 4778 es
1594 4724 1767 4795 ὄχλοι
1804 4728 1859 4781 οἱ

269 4819 670 4888 προάγοντες,
717 4818 819 4871 καί
883 4819 937 4871 οι
993 4817 1513 4883 ἀκολουθοῦντες,
1572 4816 1857 4885 ἔκραζον,

283 4910 586 4967 Ὡσαννά·
624 4908 1050 4979 Εὐλογημένος
1096 4912 1128 4963 ό
1164 4910 1490 4978 ἐρχόμενος
1512 4909 1579 4959 ἑν
1613 4909 1859 4977 ὀνόματι

275 5004 519 5073 Κυρίου.
541 5003 653 5059 Καὶ
676 5002 1055 5067 εἰσελθόντος
1080 5001 1267 5055 αὐτοῦ
1305 5004 1393 5065 εἰς
1426 4998 1824 5068 Ἰερουσαλὴμ
1847 5040 1860 5059 ,

274 5095 525 5163 ἐσείσθη
545 5093 718 5149 πᾶσα
740 5095 779 5163 ἠ
797 5095 993 5159 πόλις,
1018 5094 1291 5162 λέγουσα
1310 5110 1322 5122 ·
1350 5092 1442 5158 Τίς
1466 5093 1636 5146 ἐστιν
1658 5086 1858 5156 οὗτος

278 5189 385 5252 ἴδες
415 5188 477 5240 τὸ
532 5187 686 5254 ξένον
732 5184 827 5241 τοῦ
868 5186 1135 5257 βασιλέως
1175 5186 1506 5257 μυστήριον;
1548 5184 1641 5236 ἐπὶ
1677 5182 1857 5236 πώλου

1966 2004 2052 2042 me
2092 1988 2299 2043 factum
2325 1989 2625 2044 hominem.

2792 2044 2835 2066 κ

2036 2167 2126 2222 XI.
2153 2168 2352 2234 Habes,
2385 2169 2701 2225 ﬁdelissime
2727 2183 2790 2225 ac
2807 2169 3153 2225 sanctissime
3167 2168 3370 2224 Christi
3393 2184 3544 2238 grex.

1967 2261 2283 2315 festivitatis
2302 2264 2553 2317 encomia
2577 2281 2592 2316 :
2618 2264 2853 2319 exsulta.
2878 2261 3059 2316 Habes
3090 2261 3333 2316 divinam
3358 2276 3421 2315 ac
3460 2262 3549 2315 in-

1965 2352 2238 2420 culpatam
2254 2353 2511 2406 Ecclesia:
2528 2354 2835 2407 doctrinam
2865 2370 2876 2405 :
2896 2352 3176 2407 deliciare.
3196 2352 3377 2408 Habes
3392 2368 3546 2408 arma

1965 2444 2233 2512 spiritalia
2255 2463 2266 2495 :
2292 2453 2480 2497 contra
2496 2445 2674 2514 gregis
2687 2446 2846 2513 lupos
2867 2444 3119 2515 depugna
3144 2464 3155 2498 :
3174 2445 3311 2500 doce
3324 2460 3421 2500 eos
3439 2462 3549 2500 non

1966 2534 2380 2603 blasphemare:
2416 2535 2550 2587 doce
2580 2543 2792 2590 certare
2848 2551 2949 2604 pro
2996 2536 3264 2591 veritate:
3294 2536 3545 2599 ostende,

1964 2626 2225 2680 Ecclesia:
2270 2635 2473 2680 nostra:
2497 2641 2561 2679 ac
2586 2625 2792 2679 Christi
2828 2643 3016 2696 agrum
3054 2643 3081 2681 a
3115 2627 3345 2682 zizaniis
3372 2628 3548 2682 omni-

1966 2717 2069 2770 bus
2097 2715 2365 2769 mundum
2408 2730 2550 2769 esse.
2597 2715 2651 2769 Si
2699 2716 2752 2768 in
2785 2716 3010 2769 modum
3042 2716 3231 2770 Lazari
3262 2715 3546 2784 cujusdam

1966 2806 2156 2870 habes,
2185 2813 2537 2875 peccatorum
2564 2804 2803 2859 vinculis
2855 2814 2949 2859 aut
2996 2806 3405 2859 contrariorum
3453 2805 3550 2859 do-

1964 2908 2207 2969 gmatum
2234 2899 2539 2961 revinctus,
2559 2897 2686 2951 audi
2718 2898 2879 2951 h’odie
2902 2913 2931 2952 a
2949 2897 3150 2959 Verbo,
3174 2896 3299 2950 Veni
3316 2897 3461 2966 foras
3480 2896 3545 2960 ⁷⁵,

1966 3009 2029 3049 ac
2058 2993 2290 3056 solvere,
2309 2999 2365 3046 et
2393 3006 2637 3061 rcsurge.
2664 2990 2759 3044 Sin
2783 2999 2966 3045 autem
2991 2990 3217 3060 quidam
3242 2990 3551 3060 discipulus
3594 3060 3601 3066 θ

1965 3103 2046 3152 es,
2074 3095 2131 3142 et
2184 3087 2254 3141 ad
2305 3084 2613 3140 doctrinam
2659 3082 2911 3147 idoneus,
2959 3079 3097 3137 vade
3148 3083 3403 3136 mitteMe
3440 3083 3550 3135 Do-

1966 3178 2139 3243 mino,
2167 3178 2497 3246 solvensque
2528 3175 2706 3230 adduc
2733 3174 2954 3229 Christo
2986 3174 3221 3244 pullum,
3269 3189 3336 3229 ac
3369 3174 3550 3243 pullos

1891 3244 1935 3307 Ο
1968 3272 2264 3342 pluresque
2296 3270 2351 3323 in
2381 3244 2573 3324 errore
2606 3270 2826 3341 ligatos,
2856 3276 3019 3338 atque
3070 3267 3125 3321 in
3182 3267 3411 3323 adversa
3430 3266 3551 3343 ﬁde

1965 3375 2030 3415 ac
2084 3358 2312 3414 castello
2360 3357 2666 3428 oppositos.
2708 3356 2767 3411 Si
2809 3356 2905 3426 qui
2950 3365 3136 3411 autem
3185 3356 3548 3419 reluctentur,

1965 3464 2028 3503 ac
2063 3448 2225 3512 male,
2256 3462 2329 3501 ne
2371 3446 2670 3517 compediti
2703 3446 3009 3507 solvantur,
3056 3444 3325 3514 impedire
3356 3443 3548 3506 velint,

1964 3536 2257 3591 dicentes:
2290 3533 2430 3599 Quid
2462 3534 2670 3605 pullum
2714 3533 2980 3589 solvis"?
3008 3547 3201 3587 eorum
3250 3533 3425 3587 instar
3454 3532 3549 3601 qui

1966 3642 2140 3683 caecos
2171 3625 2532 3705 increpabant
2564 3641 2634 3680 ne
2664 3626 3000 3681 clamarent:
3048 3623 3140 3679 dic
3191 3634 3249 3678 tu
3285 3639 3548 3694 quoque:

1964 3722 2103 3788 Quia
2138 3722 2395 3777 Dominus
2436 3723 2515 3777 his
2546 3738 2674 3793 Opus
2703 3722 2898 3777 habet:
2933 3722 3189 3776 Dominus
3237 3724 3376 3775 enim
3395 3722 3552 3777 solvit

1963 3814 2279 3883 compeditos
2302 3830 2323 3877 ;
2354 3812 2609 3867 Dominus
2633 3814 2897 3882 sapientes
2920 3812 3047 3882 facit
3072 3827 3235 3866 cazcos
3259 3812 3328 3876 ",
3355 3827 3550 3881 quem-

1964 3904 2261 3959 admodum
2316 3904 2483 3958 hodie
2527 3903 2734 3958 audisti
2770 3904 2826 3958 in
2859 3904 3181 3973 Evangelia.
3207 3903 3346 3959 Cum
3399 3904 3550 3958 enim

1966 3994 2149 4050 Solem
2179 3993 2409 4067 justitiae
2439 3993 2727 4049 advenisse
2778 3995 3185 4065 cognovissent,
3231 3995 3432 4049 merito
3479 3996 3549 4049 ad

1963 4102 2089 4141 eum
2105 4086 2433 4141 clamabant:
2455 4085 2704 4140 Miserere
2722 4090 2910 4152 nostri,
2936 4087 3179 4154 Domine,
3195 4088 3279 4157 ﬁli
3292 4088 3465 4143 David
3479 4090 3547 4144 ’⁸.

1965 4182 2006 4232 0
2036 4179 2281 4234 inaudita
2327 4187 2383 4235 et
2418 4180 2639 4234 insolita
2685 4178 2986 4236 miracula!
3024 4180 3167 4237 Caeci
3200 4183 3380 4238 visum
3412 4186 3549 4237 reci-

1963 4269 2144 4337 piunt.
2195 4268 2261 4323 Hi
2308 4269 2600 4324 Dominum
2633 4268 3010 4336 confitentur;
3042 4270 3270 4340 illique:
3302 4272 3432 4335 Quis
3475 4280 3548 4324 est

1962 4358 2145 4411 hic"?
2172 4366 2586 4428 percontantur.
2635 4358 2728 4414 Ait
2772 4358 2925 4414 enim
2957 4361 3326 4431 evangelista:
3364 4359 3549 4415 Turba:

1964 4459 2145 4505 autem
2170 4467 2288 4522 quae
2314 4451 2681 4515 praecedebant
2716 4461 2766 4506 et
2800 4467 2919 4521 qua:
2951 4453 3323 4523 sequebantur,
3347 4453 3550 4509 clama-

1963 4541 2089 4597 bant
2147 4542 2374 4596 dicentes
2407 4558 2425 4595 :
2474 4541 2729 4597 Hosanna
2764 4558 2781 4596 :
2811 4543 3120 4598 Benedictus
3179 4544 3268 4615 qui
3317 4546 3457 4599 venit
3495 4547 3550 4597 in

1965 4622 2177 4689 nomine
2212 4633 2443 4689 Domini.
2496 4634 2567 4689 Et
2625 4651 2744 4689 cum
2798 4636 3049 4690 intrasset
3102 4635 3547 4707 Hierosolymam,

1960 4736 2231 4783 commota:
2253 4738 2327 4783 est
2354 4729 2600 4783 universa
2643 4729 2827 4784 civitas
2856 4728 3034 4784 dicens
3063 4746 3081 4783 :
3113 4729 3242 4793 Qui:
3263 4738 3340 4782 est
3366 4730 3447 4783 hic
3462 4729 3551 4780 ὀἳ

1964 4820 2164 4875 Vidisti
2201 4835 2406 4875 novum
2458 4835 2524 4875 ac
2578 4819 2905 4874 admirabile
2963 4819 3128 4889 Regis
3185 4820 3549 4890 mysterium?

1966 4911 2123 4965 Pullo
2153 4911 2401 4965 insidens
2426 4909 2707 4965 civitatem
2728 4919 3062 4976 commovet,
3080 4925 3145 4965 ac
3171 4909 3324 4964 cruci
3354 4909 3547 4964 alIixus

1964 5003 2155 5058 orbem
2186 5010 2461 5076 terrarum
2510 5000 2798 5067 concutit;
2848 5008 2911 5055 ut
2953 5001 3206 5056 docearis
3231 5000 3450 5056 venisse
3480 5004 3544 5055 ad

1968 5088 2263 5155 idolorum,
2289 5088 2528 5159 plurium
2546 5087 2832 5142 numinum
2863 5087 3013 5143 cultu
3044 5086 3273 5157 impium
3298 5102 3545 5144 errorem

1966 5180 2384 5236 convellendum
2415 5194 2478 5235 ac
2509 5178 2889 5234 evertendum.

281 5282 593 5354 καθήμενος
616 5282 752 5336 σείει
783 5282 883 5351 τὴν
912 5282 1090 5347 πόλιν,
1117 5282 1211 5334 καὶ
1242 5283 1298 5333 ὲν
1332 5280 1551 5353 σταυρῷ
1582 5280 1988 5350 καθηλούμενος
2032 5278 2167 5333 σείει
2231 5279 2332 5349 τὴν
2399 5277 2758 5347 οἰκουμένην
2805 5278 2892 5331 ἵνα
2958 5279 3021 5329 σὺ
3083 5278 3280 5348 μάθῃς,
3326 5278 3406 5329 ὅτι
3448 5277 3540 5346 τηκ

278 5378 539 5432 πολύθεον
567 5378 679 5432 τῶν
708 5377 944 5432 εἰδώλων
974 5377 1185 5448 πλάνην
1215 5378 1393 5431 σεῖσαι
1428 5378 1522 5430 καὶ
1549 5375 1850 5431 καταλῦσαι
1887 5374 2166 5445 ἐλήλυθεν.

385 5545 435 5575 ⁷⁸
464 5543 600 5601 Luc.
630 5561 668 5609 ι,
692 5545 783 5599 47.
861 5546 907 5576 ⁷⁵
931 5543 1089 5600 Joan.
1120 5561 1196 5610 xi,
1232 5547 1318 5602 45.
1392 5546 1437 5576 ⁷⁸
1465 5539 1835 5610 Luc.x:x,5‘5.

283 5614 327 5645 "
353 5613 491 5671 ibid.
528 5615 583 5680 9,
629 5616 713 5669 l0.

1956 5544 1997 5573 '”
2037 5542 2179 5598 Psal.
2204 5516 2426 5608 C'XLV,8.
2477 5542 2522 5574 ⁷⁸
2550 5539 2742 5595 Matth.
2764 5556 2853 5607 xx,
2874 5540 2960 5595 50.
3038 5541 3078 5570 ⁷³
3111 5539 3299 5594 Matth.
3325 5555 3433 5604 ιω,
3459 5540 3542 5595 lt).

1574 5729 1804 5785 VARI/4“.
1848 5727 2246 5784 LECTIONES.

354 5823 376 5854 °
409 5820 773 5895 Ἐπιτήδειος.
797 5804 960 5879 Forte
989 5822 1331 5895 ἐπιτηδείων.
