  <div class='ocr_page' id='page_1' title='image "/cluster/home/n/w/nwhite01/storage/ocr_20150623/86:pt.2/coo.31924054869890/595.png"; bbox 0 0 3898 6394; ppageno 0'>
   <div class='ocr_carea' id='block_1_1' title="bbox 274 405 422 470">
    <p class='ocr_par' dir='ltr' id='par_1_1' title="bbox 274 405 422 470">
     <span class='ocr_line' id='line_1_1' title="bbox 274 405 422 470; baseline -0.027 0"><span class='ocrx_word' id='word_1_1' title='bbox 274 405 422 470; x_wconf 66' lang='lat'><strong>9935</strong></span> 
     </span>
    </p>
   </div>
   <div class='ocr_carea' id='block_1_2' title="bbox 345 507 1935 574">
    <p class='ocr_par' dir='ltr' id='par_1_2' title="bbox 345 507 1935 574">
     <span class='ocr_line' id='line_1_2' title="bbox 345 507 1935 574; baseline -0.01 -1"><span class='ocrx_word' id='word_1_2' title='bbox 345 519 458 574; x_wconf 79' lang='lat' dir='ltr'><strong>Xll.</strong></span> <span class='ocrx_word' id='word_1_3' title='bbox 512 518 689 572; x_wconf 75' lang='lat' dir='ltr'><strong>Cerne</strong></span> <span class='ocrx_word' id='word_1_4' title='bbox 757 526 940 571; x_wconf 89' lang='lat' dir='ltr'><strong>autem</strong></span> <span class='ocrx_word' id='word_1_5' title='bbox 997 515 1312 568; x_wconf 86' lang='lat' dir='ltr'><strong>abstrusum</strong></span> <span class='ocrx_word' id='word_1_6' title='bbox 1378 527 1442 565; x_wconf 88' lang='lat' dir='ltr'><strong>ac</strong></span> <span class='ocrx_word' id='word_1_7' title='bbox 1507 507 1860 565; x_wconf 89' lang='lat' dir='ltr'><strong>reconditum</strong></span> <span class='ocrx_word' id='word_1_8' title='bbox 1897 517 1935 565; x_wconf 82' lang='grc' dir='ltr'><strong>Α</strong></span> 
     </span>
    </p>
   </div>
   <div class='ocr_carea' id='block_1_3' title="bbox 273 596 1864 675">
    <p class='ocr_par' dir='ltr' id='par_1_3' title="bbox 273 596 1864 675">
     <span class='ocr_line' id='line_1_3' title="bbox 273 596 1864 675; baseline -0.008 -14"><span class='ocrx_word' id='word_1_9' title='bbox 273 606 596 661; x_wconf 66' lang='lat' dir='ltr'><strong>(economim</strong></span> <span class='ocrx_word' id='word_1_10' title='bbox 611 606 732 675; x_wconf 88' lang='lat' dir='ltr'><strong>ejus</strong></span> <span class='ocrx_word' id='word_1_11' title='bbox 752 602 1101 674; x_wconf 78' lang='lat' dir='ltr'><strong>mysterium.</strong></span> <span class='ocrx_word' id='word_1_12' title='bbox 1127 600 1266 655; x_wconf 90' lang='lat' dir='ltr'><strong>Cum</strong></span> <span class='ocrx_word' id='word_1_13' title='bbox 1308 600 1362 653; x_wconf 93' lang='lat' dir='ltr'><strong>in</strong></span> <span class='ocrx_word' id='word_1_14' title='bbox 1393 599 1613 653; x_wconf 89' lang='lat' dir='ltr'><strong>inferno</strong></span> <span class='ocrx_word' id='word_1_15' title='bbox 1647 596 1864 666; x_wconf 91' lang='lat' dir='ltr'><strong>positus</strong></span> 
     </span>
    </p>
   </div>
   <div class='ocr_carea' id='block_1_4' title="bbox 271 683 1860 760">
    <p class='ocr_par' dir='ltr' id='par_1_4' title="bbox 271 683 1860 760">
     <span class='ocr_line' id='line_1_4' title="bbox 271 683 1860 760; baseline -0.006 -12"><span class='ocrx_word' id='word_1_16' title='bbox 271 695 394 760; x_wconf 66' lang='lat' dir='ltr'><strong>ejus</strong></span> <span class='ocrx_word' id='word_1_17' title='bbox 424 692 528 748; x_wconf 92' lang='lat' dir='ltr'><strong>loci</strong></span> <span class='ocrx_word' id='word_1_18' title='bbox 561 705 839 746; x_wconf 90' lang='lat' dir='ltr'><strong>carcerem</strong></span> <span class='ocrx_word' id='word_1_19' title='bbox 864 690 1133 760; x_wconf 90' lang='lat' dir='ltr'><strong>pulsa-ret,</strong></span> <span class='ocrx_word' id='word_1_20' title='bbox 1179 687 1563 743; x_wconf 71' lang='lat' dir='ltr'><strong>clamantibus</strong></span> <span class='ocrx_word' id='word_1_21' title='bbox 1603 683 1860 754; x_wconf 86' lang='lat' dir='ltr'><strong>supernis</strong></span> 
     </span>
    </p>
   </div>
   <div class='ocr_carea' id='block_1_5' title="bbox 277 780 1861 851">
    <p class='ocr_par' dir='ltr' id='par_1_5' title="bbox 277 780 1861 851">
     <span class='ocr_line' id='line_1_5' title="bbox 277 780 1861 851; baseline -0.003 -17"><span class='ocrx_word' id='word_1_22' title='bbox 277 783 579 839; x_wconf 75' lang='lat' dir='ltr'><strong>Virtutibus</strong></span> <span class='ocrx_word' id='word_1_23' title='bbox 607 783 675 838; x_wconf 88' lang='lat' dir='ltr'><strong>ad</strong></span> <span class='ocrx_word' id='word_1_24' title='bbox 706 784 948 838; x_wconf 82' lang='lat' dir='ltr'><strong>infernas</strong></span> <span class='ocrx_word' id='word_1_25' title='bbox 973 801 988 837; x_wconf 90' lang='lat'><strong>:</strong></span> <span class='ocrx_word' id='word_1_26' title='bbox 1020 781 1206 835; x_wconf 78' lang='lat' dir='ltr'><strong>Tollite</strong></span> <span class='ocrx_word' id='word_1_27' title='bbox 1229 789 1432 851; x_wconf 84' lang='lat' dir='ltr'><strong>portas,</strong></span> <span class='ocrx_word' id='word_1_28' title='bbox 1472 780 1752 850; x_wconf 84' lang='lat' dir='ltr'><strong>principes,</strong></span> <span class='ocrx_word' id='word_1_29' title='bbox 1778 794 1861 830; x_wconf 82' lang='lat' dir='ltr'><strong>re-</strong></span> 
     </span>
    </p>
   </div>
   <div class='ocr_carea' id='block_1_6' title="bbox 269 867 1856 946">
    <p class='ocr_par' dir='ltr' id='par_1_6' title="bbox 269 867 1856 946">
     <span class='ocr_line' id='line_1_6' title="bbox 269 867 1856 946; baseline -0.004 -20"><span class='ocrx_word' id='word_1_30' title='bbox 269 877 487 938; x_wconf 68' lang='lat' dir='ltr'><strong>stras“,</strong></span> <span class='ocrx_word' id='word_1_31' title='bbox 517 882 574 928; x_wconf 89' lang='lat' dir='ltr'><strong>ut</strong></span> <span class='ocrx_word' id='word_1_32' title='bbox 606 875 952 946; x_wconf 77' lang='lat' dir='ltr'><strong>ingrediatur</strong></span> <span class='ocrx_word' id='word_1_33' title='bbox 981 873 1075 943; x_wconf 88' lang='lat' dir='ltr'><strong>qui</strong></span> <span class='ocrx_word' id='word_1_34' title='bbox 1103 873 1269 928; x_wconf 80' lang='lat' dir='ltr'><strong>dicit:</strong></span> <span class='ocrx_word' id='word_1_35' title='bbox 1303 872 1416 942; x_wconf 80' lang='lat' dir='ltr'><strong>Ego</strong></span> <span class='ocrx_word' id='word_1_36' title='bbox 1439 887 1554 924; x_wconf 91' lang='lat' dir='ltr'><strong>sum</strong></span> <span class='ocrx_word' id='word_1_37' title='bbox 1581 867 1856 934; x_wconf 75' lang='lat' dir='ltr'><strong>ostium&quot;;</strong></span> 
     </span>
    </p>
   </div>
   <div class='ocr_carea' id='block_1_7' title="bbox 269 957 1858 1030">
    <p class='ocr_par' dir='ltr' id='par_1_7' title="bbox 269 957 1858 1030">
     <span class='ocr_line' id='line_1_7' title="bbox 269 957 1858 1030; baseline -0.005 -15"><span class='ocrx_word' id='word_1_38' title='bbox 269 965 520 1017; x_wconf 66' lang='lat' dir='ltr'><strong>attonitae</strong></span> <span class='ocrx_word' id='word_1_39' title='bbox 564 963 810 1017; x_wconf 64' lang='lat' dir='ltr'><strong>adversae</strong></span> <span class='ocrx_word' id='word_1_40' title='bbox 851 963 1089 1016; x_wconf 79' lang='lat' dir='ltr'><strong>virtutes</strong></span> <span class='ocrx_word' id='word_1_41' title='bbox 1129 960 1578 1030; x_wconf 82' lang='lat' dir='ltr'><strong>respondebant:</strong></span> <span class='ocrx_word' id='word_1_42' title='bbox 1625 957 1750 1022; x_wconf 84' lang='lat' dir='ltr'><strong>Quis</strong></span> <span class='ocrx_word' id='word_1_43' title='bbox 1783 965 1858 1009; x_wconf 85' lang='lat' dir='ltr'><strong>est</strong></span> 
     </span>
    </p>
   </div>
   <div class='ocr_carea' id='block_1_8' title="bbox 267 1047 1882 1122">
    <p class='ocr_par' dir='ltr' id='par_1_8' title="bbox 267 1047 1882 1122">
     <span class='ocr_line' id='line_1_8' title="bbox 267 1047 1882 1122; baseline -0.005 -17"><span class='ocrx_word' id='word_1_44' title='bbox 267 1055 365 1105; x_wconf 84' lang='lat' dir='ltr'><strong>iste</strong></span> <span class='ocrx_word' id='word_1_45' title='bbox 393 1069 484 1105; x_wconf 83' lang='lat' dir='ltr'><strong>rex</strong></span> <span class='ocrx_word' id='word_1_46' title='bbox 512 1052 738 1122; x_wconf 75' lang='lat' dir='ltr'><strong>glorise?</strong></span> <span class='ocrx_word' id='word_1_47' title='bbox 763 1052 823 1105; x_wconf 87' lang='lat' dir='ltr'><strong>ltt</strong></span> <span class='ocrx_word' id='word_1_48' title='bbox 848 1059 1128 1106; x_wconf 81' lang='lat' dir='ltr'><strong>terrenam</strong></span> <span class='ocrx_word' id='word_1_49' title='bbox 1177 1050 1500 1104; x_wconf 85' lang='lat' dir='ltr'><strong>introeunte</strong></span> <span class='ocrx_word' id='word_1_50' title='bbox 1525 1047 1882 1108; x_wconf 62' lang='lat' dir='ltr'><strong>Jerusalem,-</strong></span> 
     </span>
    </p>
   </div>
   <div class='ocr_carea' id='block_1_9' title="bbox 268 1135 1858 1210">
    <p class='ocr_par' dir='ltr' id='par_1_9' title="bbox 268 1135 1858 1210">
     <span class='ocr_line' id='line_1_9' title="bbox 268 1135 1858 1210; baseline -0.003 -16"><span class='ocrx_word' id='word_1_51' title='bbox 268 1143 346 1196; x_wconf 88' lang='lat' dir='ltr'><strong>rei</strong></span> <span class='ocrx_word' id='word_1_52' title='bbox 379 1141 626 1196; x_wconf 81' lang='lat' dir='ltr'><strong>novitate</strong></span> <span class='ocrx_word' id='word_1_53' title='bbox 653 1140 973 1210; x_wconf 80' lang='lat' dir='ltr'><strong>stupefacti,</strong></span> <span class='ocrx_word' id='word_1_54' title='bbox 999 1148 1292 1210; x_wconf 68' lang='lat' dir='ltr'><strong>quaarunt:</strong></span> <span class='ocrx_word' id='word_1_55' title='bbox 1320 1136 1448 1204; x_wconf 81' lang='lat' dir='ltr'><strong>Quis</strong></span> <span class='ocrx_word' id='word_1_56' title='bbox 1475 1146 1548 1191; x_wconf 83' lang='lat' dir='ltr'><strong>est</strong></span> <span class='ocrx_word' id='word_1_57' title='bbox 1581 1139 1678 1190; x_wconf 85' lang='lat' dir='ltr'><strong>iste</strong></span> <span class='ocrx_word' id='word_1_58' title='bbox 1697 1135 1858 1190; x_wconf 70' lang='grc' dir='ltr'><strong>ε)οω-</strong></span> 
     </span>
    </p>
   </div>
   <div class='ocr_carea' id='block_1_10' title="bbox 267 1229 1854 1304">
    <p class='ocr_par' dir='ltr' id='par_1_10' title="bbox 267 1229 1854 1304">
     <span class='ocr_line' id='line_1_10' title="bbox 267 1229 1854 1304; baseline -0.005 -15"><span class='ocrx_word' id='word_1_59' title='bbox 267 1236 460 1289; x_wconf 90' lang='lat' dir='ltr'><strong>lestem</strong></span> <span class='ocrx_word' id='word_1_60' title='bbox 518 1235 824 1290; x_wconf 75' lang='lat' dir='ltr'><strong>Jerusalem</strong></span> <span class='ocrx_word' id='word_1_61' title='bbox 897 1241 1216 1304; x_wconf 88' lang='lat' dir='ltr'><strong>repetente,</strong></span> <span class='ocrx_word' id='word_1_62' title='bbox 1286 1238 1580 1285; x_wconf 86' lang='lat' dir='ltr'><strong>cernentes</strong></span> <span class='ocrx_word' id='word_1_63' title='bbox 1635 1229 1854 1282; x_wconf 91' lang='lat' dir='ltr'><strong>intelle-</strong></span> 
     </span>
    </p>
   </div>
   <div class='ocr_carea' id='block_1_11' title="bbox 265 1328 1853 1396">
    <p class='ocr_par' dir='ltr' id='par_1_11' title="bbox 265 1328 1853 1396">
     <span class='ocr_line' id='line_1_11' title="bbox 265 1328 1853 1396; baseline -0.005 -14"><span class='ocrx_word' id='word_1_64' title='bbox 265 1328 478 1382; x_wconf 89' lang='lat' dir='ltr'><strong>ctuales</strong></span> <span class='ocrx_word' id='word_1_65' title='bbox 516 1328 756 1382; x_wconf 82' lang='lat' dir='ltr'><strong>virtutes</strong></span> <span class='ocrx_word' id='word_1_66' title='bbox 778 1343 905 1382; x_wconf 87' lang='lat' dir='ltr'><strong>cum</strong></span> <span class='ocrx_word' id='word_1_67' title='bbox 935 1342 1169 1396; x_wconf 88' lang='lat' dir='ltr'><strong>corpore</strong></span> <span class='ocrx_word' id='word_1_68' title='bbox 1204 1341 1329 1380; x_wconf 90' lang='lat' dir='ltr'><strong>eum</strong></span> <span class='ocrx_word' id='word_1_69' title='bbox 1368 1340 1531 1394; x_wconf 83' lang='lat' dir='ltr'><strong>quem</strong></span> <span class='ocrx_word' id='word_1_70' title='bbox 1572 1337 1853 1392; x_wconf 82' lang='lat' dir='ltr'><strong>nunquam</strong></span> 
     </span>
    </p>
   </div>
   <div class='ocr_carea' id='block_1_12' title="bbox 262 1416 1908 1489">
    <p class='ocr_par' dir='ltr' id='par_1_12' title="bbox 262 1416 1908 1489">
     <span class='ocr_line' id='line_1_12' title="bbox 262 1416 1908 1489; baseline -0.002 -19"><span class='ocrx_word' id='word_1_71' title='bbox 262 1421 536 1474; x_wconf 84' lang='lat' dir='ltr'><strong>vidissent</strong></span> <span class='ocrx_word' id='word_1_72' title='bbox 569 1431 796 1489; x_wconf 89' lang='lat' dir='ltr'><strong>propter</strong></span> <span class='ocrx_word' id='word_1_73' title='bbox 846 1419 1230 1488; x_wconf 79' lang='lat' dir='ltr'><strong>incorporeum</strong></span> <span class='ocrx_word' id='word_1_74' title='bbox 1264 1416 1556 1480; x_wconf 90' lang='lat' dir='ltr'><strong>rationem,</strong></span> <span class='ocrx_word' id='word_1_75' title='bbox 1591 1429 1854 1469; x_wconf 82' lang='lat' dir='ltr'><strong>ascensus</strong></span> <span class='ocrx_word' id='word_1_76' title='bbox 1905 1443 1908 1448; x_wconf 93' lang='lat'><strong><em>-</em></strong></span> 
     </span>
    </p>
   </div>
   <div class='ocr_carea' id='block_1_13' title="bbox 264 1507 1849 1580">
    <p class='ocr_par' dir='ltr' id='par_1_13' title="bbox 264 1507 1849 1580">
     <span class='ocr_line' id='line_1_13' title="bbox 264 1507 1849 1580; baseline -0.003 -17"><span class='ocrx_word' id='word_1_77' title='bbox 264 1512 490 1566; x_wconf 89' lang='lat' dir='ltr'><strong>modum</strong></span> <span class='ocrx_word' id='word_1_78' title='bbox 534 1514 838 1575; x_wconf 65' lang='lat' dir='ltr'><strong>admiratae,</strong></span> <span class='ocrx_word' id='word_1_79' title='bbox 876 1511 1232 1580; x_wconf 80' lang='lat' dir='ltr'><strong>ambigebant</strong></span> <span class='ocrx_word' id='word_1_80' title='bbox 1283 1509 1539 1572; x_wconf 87' lang='lat' dir='ltr'><strong>invicem,</strong></span> <span class='ocrx_word' id='word_1_81' title='bbox 1564 1507 1849 1561; x_wconf 88' lang='lat' dir='ltr'><strong>dicentes:</strong></span> 
     </span>
    </p>
   </div>
   <div class='ocr_carea' id='block_1_14' title="bbox 263 1599 1850 1672">
    <p class='ocr_par' dir='ltr' id='par_1_14' title="bbox 263 1599 1850 1672">
     <span class='ocr_line' id='line_1_14' title="bbox 263 1599 1850 1672; baseline -0.002 -18"><span class='ocrx_word' id='word_1_82' title='bbox 263 1605 394 1666; x_wconf 80' lang='lat' dir='ltr'><strong>Quis</strong></span> <span class='ocrx_word' id='word_1_83' title='bbox 411 1612 487 1656; x_wconf 90' lang='lat' dir='ltr'><strong>est</strong></span> <span class='ocrx_word' id='word_1_84' title='bbox 516 1605 740 1672; x_wconf 86' lang='lat' dir='ltr'><strong>iste,.qui</strong></span> <span class='ocrx_word' id='word_1_85' title='bbox 758 1617 993 1670; x_wconf 89' lang='lat' dir='ltr'><strong>corpore</strong></span> <span class='ocrx_word' id='word_1_86' title='bbox 1019 1600 1283 1670; x_wconf 70' lang='lat' dir='ltr'><strong>praeditus</strong></span> <span class='ocrx_word' id='word_1_87' title='bbox 1303 1599 1356 1652; x_wconf 89' lang='lat' dir='ltr'><strong>in</strong></span> <span class='ocrx_word' id='word_1_88' title='bbox 1388 1599 1505 1652; x_wconf 91' lang='lat' dir='ltr'><strong>loca</strong></span> <span class='ocrx_word' id='word_1_89' title='bbox 1525 1599 1850 1666; x_wconf 89' lang='lat' dir='ltr'><strong>incorporea</strong></span> 
     </span>
    </p>
   </div>
   <div class='ocr_carea' id='block_1_15' title="bbox 261 1690 1853 1760">
    <p class='ocr_par' dir='ltr' id='par_1_15' title="bbox 261 1690 1853 1760">
     <span class='ocr_line' id='line_1_15' title="bbox 261 1690 1853 1760; baseline 0.001 -17"><span class='ocrx_word' id='word_1_90' title='bbox 261 1695 443 1747; x_wconf 63' lang='lat' dir='ltr'><strong>venit?</strong></span> <span class='ocrx_word' id='word_1_91' title='bbox 470 1693 576 1747; x_wconf 85' lang='lat' dir='ltr'><strong>Sed</strong></span> <span class='ocrx_word' id='word_1_92' title='bbox 609 1702 662 1747; x_wconf 91' lang='lat' dir='ltr'><strong>et</strong></span> <span class='ocrx_word' id='word_1_93' title='bbox 699 1692 833 1746; x_wconf 90' lang='lat' dir='ltr'><strong>illud</strong></span> <span class='ocrx_word' id='word_1_94' title='bbox 877 1691 1212 1755; x_wconf 88' lang='lat' dir='ltr'><strong>mirandum,</strong></span> <span class='ocrx_word' id='word_1_95' title='bbox 1245 1690 1523 1760; x_wconf 89' lang='lat' dir='ltr'><strong>quomodo</strong></span> <span class='ocrx_word' id='word_1_96' title='bbox 1561 1692 1724 1759; x_wconf 69' lang='lat' dir='ltr'><strong>regite</strong></span> <span class='ocrx_word' id='word_1_97' title='bbox 1748 1690 1853 1744; x_wconf 75' lang='lat' dir='ltr'><strong>illa:</strong></span> 
     </span>
    </p>
   </div>
   <div class='ocr_carea' id='block_1_16' title="bbox 262 1781 1857 1856">
    <p class='ocr_par' dir='ltr' id='par_1_16' title="bbox 262 1781 1857 1856">
     <span class='ocr_line' id='line_1_16' title="bbox 262 1781 1857 1856; baseline -0.004 -18"><span class='ocrx_word' id='word_1_98' title='bbox 262 1787 499 1841; x_wconf 87' lang='lat' dir='ltr'><strong>virtutes</strong></span> <span class='ocrx_word' id='word_1_99' title='bbox 529 1793 952 1856; x_wconf 86' lang='lat' dir='ltr'><strong>percontentur,</strong></span> <span class='ocrx_word' id='word_1_100' title='bbox 975 1782 1104 1848; x_wconf 82' lang='lat' dir='ltr'><strong>Quis</strong></span> <span class='ocrx_word' id='word_1_101' title='bbox 1133 1793 1205 1836; x_wconf 77' lang='lat' dir='ltr'><strong>est</strong></span> <span class='ocrx_word' id='word_1_102' title='bbox 1231 1783 1328 1835; x_wconf 84' lang='lat' dir='ltr'><strong>iste</strong></span> <span class='ocrx_word' id='word_1_103' title='bbox 1350 1782 1440 1850; x_wconf 88' lang='lat' dir='ltr'><strong>qui</strong></span> <span class='ocrx_word' id='word_1_104' title='bbox 1461 1781 1695 1834; x_wconf 72' lang='lat' dir='ltr'><strong>venit&quot;?</strong></span> <span class='ocrx_word' id='word_1_105' title='bbox 1725 1796 1857 1833; x_wconf 86' lang='lat' dir='ltr'><strong>cum.</strong></span> 
     </span>
    </p>
   </div>
   <div class='ocr_carea' id='block_1_17' title="bbox 1311 391 2548 460">
    <p class='ocr_par' dir='ltr' id='par_1_17' title="bbox 1311 391 2548 460">
     <span class='ocr_line' id='line_1_17' title="bbox 1311 391 2548 460; baseline -0.005 -1"><span class='ocrx_word' id='word_1_106' title='bbox 1311 402 1369 460; x_wconf 73' lang='grc' dir='ltr'>Ξ.</span> <span class='ocrx_word' id='word_1_107' title='bbox 1413 397 1727 458; x_wconf 81' lang='lat' dir='ltr'><strong>EULOGll</strong></span> <span class='ocrx_word' id='word_1_108' title='bbox 1772 391 2127 455; x_wconf 77' lang='lat' dir='ltr'><strong>ARClllEP.</strong></span> <span class='ocrx_word' id='word_1_109' title='bbox 2169 393 2548 454; x_wconf 78' lang='lat' dir='ltr'><strong>ALEXAND.</strong></span> 
     </span>
    </p>
   </div>
   <div class='ocr_carea' id='block_1_18' title="bbox 3416 391 3557 458">
    <p class='ocr_par' dir='ltr' id='par_1_18' title="bbox 3416 391 3557 458">
     <span class='ocr_line' id='line_1_18' title="bbox 3416 391 3557 458; baseline 0.007 -3"><span class='ocrx_word' id='word_1_110' title='bbox 3416 391 3557 458; x_wconf 75' lang='lat'><strong>2936</strong></span> 
     </span>
    </p>
   </div>
   <div class='ocr_carea' id='block_1_19' title="bbox 2040 505 3562 579">
    <p class='ocr_par' dir='ltr' id='par_1_19' title="bbox 2040 505 3562 579">
     <span class='ocr_line' id='line_1_19' title="bbox 2040 505 3562 579; baseline 0.001 -19"><span class='ocrx_word' id='word_1_111' title='bbox 2040 508 2139 560; x_wconf 87' lang='lat' dir='ltr'><strong>lB&#39;.</strong></span> <span class='ocrx_word' id='word_1_112' title='bbox 2175 508 2318 578; x_wconf 85' lang='grc' dir='ltr'>Ὅρα</span> <span class='ocrx_word' id='word_1_113' title='bbox 2347 508 2402 560; x_wconf 89' lang='grc' dir='ltr'><strong>δέ</strong></span> <span class='ocrx_word' id='word_1_114' title='bbox 2433 525 2523 577; x_wconf 90' lang='grc' dir='ltr'><strong>μοι</strong></span> <span class='ocrx_word' id='word_1_115' title='bbox 2545 505 2636 559; x_wconf 76' lang='grc' dir='ltr'>τοῦ</span> <span class='ocrx_word' id='word_1_116' title='bbox 2665 505 2782 558; x_wconf 78' lang='grc' dir='ltr'>κατ’</span> <span class='ocrx_word' id='word_1_117' title='bbox 2813 505 2974 559; x_wconf 67' lang='grc' dir='ltr'>αὑτὸν</span> <span class='ocrx_word' id='word_1_118' title='bbox 2995 508 3091 577; x_wconf 80' lang='grc' dir='ltr'>τῆς</span> <span class='ocrx_word' id='word_1_119' title='bbox 3111 505 3420 577; x_wconf 70' lang='grc' dir='ltr'><strong>οἰκονομίας</strong></span> <span class='ocrx_word' id='word_1_120' title='bbox 3453 527 3562 579; x_wconf 82' lang='grc' dir='ltr'>μυ-</span> 
     </span>
    </p>
   </div>
   <div class='ocr_carea' id='block_1_20' title="bbox 1977 593 3558 667">
    <p class='ocr_par' dir='ltr' id='par_1_20' title="bbox 1977 593 3558 667">
     <span class='ocr_line' id='line_1_20' title="bbox 1977 593 3558 667; baseline 0.002 -19"><span class='ocrx_word' id='word_1_121' title='bbox 1977 597 2196 666; x_wconf 76' lang='grc' dir='ltr'>στηρίου</span> <span class='ocrx_word' id='word_1_122' title='bbox 2237 598 2295 648; x_wconf 74' lang='grc' dir='ltr'><strong>τὸ</strong></span> <span class='ocrx_word' id='word_1_123' title='bbox 2337 598 2632 664; x_wconf 76' lang='grc' dir='ltr'><strong>ἄγνωστον.</strong></span> <span class='ocrx_word' id='word_1_124' title='bbox 2671 595 2759 646; x_wconf 86' lang='grc' dir='ltr'>Ἐν</span> <span class='ocrx_word' id='word_1_125' title='bbox 2789 593 2866 663; x_wconf 81' lang='grc' dir='ltr'><strong>τῷ</strong></span> <span class='ocrx_word' id='word_1_126' title='bbox 2895 595 2996 667; x_wconf 73' lang='grc' dir='ltr'><strong>ᾄδῃ</strong></span> <span class='ocrx_word' id='word_1_127' title='bbox 3035 594 3270 652; x_wconf 74' lang='grc' dir='ltr'>σείοντος</span> <span class='ocrx_word' id='word_1_128' title='bbox 3294 595 3457 649; x_wconf 81' lang='grc' dir='ltr'>αὑτοῦ</span> <span class='ocrx_word' id='word_1_129' title='bbox 3493 600 3558 651; x_wconf 76' lang='grc' dir='ltr'>τὸ</span> 
     </span>
    </p>
   </div>
   <div class='ocr_carea' id='block_1_21' title="bbox 1977 686 3558 760">
    <p class='ocr_par' dir='ltr' id='par_1_21' title="bbox 1977 686 3558 760">
     <span class='ocr_line' id='line_1_21' title="bbox 1977 686 3558 760; baseline 0.001 -22"><span class='ocrx_word' id='word_1_130' title='bbox 1977 689 2094 740; x_wconf 83' lang='grc' dir='ltr'>ἐκεῖ</span> <span class='ocrx_word' id='word_1_131' title='bbox 2121 688 2515 758; x_wconf 77' lang='grc' dir='ltr'><strong>δεσμωτήριον,</strong></span> <span class='ocrx_word' id='word_1_132' title='bbox 2546 688 2620 750; x_wconf 87' lang='grc' dir='ltr'>ὡς</span> <span class='ocrx_word' id='word_1_133' title='bbox 2649 686 2877 757; x_wconf 76' lang='grc' dir='ltr'>ἔκραζον</span> <span class='ocrx_word' id='word_1_134' title='bbox 2907 688 2962 739; x_wconf 77' lang='grc' dir='ltr'>αἱ</span> <span class='ocrx_word' id='word_1_135' title='bbox 2984 686 3096 740; x_wconf 82' lang='grc' dir='ltr'>ἄνω</span> <span class='ocrx_word' id='word_1_136' title='bbox 3115 687 3387 755; x_wconf 81' lang='grc' dir='ltr'><strong>Δυνάμεις</strong></span> <span class='ocrx_word' id='word_1_137' title='bbox 3418 689 3558 760; x_wconf 63' lang='grc' dir='ltr'>πρδις</span> 
     </span>
    </p>
   </div>
   <div class='ocr_carea' id='block_1_22' title="bbox 1970 780 3553 850">
    <p class='ocr_par' dir='ltr' id='par_1_22' title="bbox 1970 780 3553 850">
     <span class='ocr_line' id='line_1_22' title="bbox 1970 780 3553 850; baseline 0.006 -19"><span class='ocrx_word' id='word_1_138' title='bbox 1970 781 2067 844; x_wconf 81' lang='grc' dir='ltr'><strong>τὰς</strong></span> <span class='ocrx_word' id='word_1_139' title='bbox 2108 781 2260 833; x_wconf 83' lang='grc' dir='ltr'><strong>κάτω</strong></span> <span class='ocrx_word' id='word_1_140' title='bbox 2285 780 2542 850; x_wconf 82' lang='grc' dir='ltr'>δυνάμεις</span> <span class='ocrx_word' id='word_1_141' title='bbox 2578 797 2590 810; x_wconf 75' lang='grc' dir='ltr'><strong>ο</strong></span> <span class='ocrx_word' id='word_1_142' title='bbox 2632 780 2845 846; x_wconf 74' lang='grc' dir='ltr'>’Ἄρατε</span> <span class='ocrx_word' id='word_1_143' title='bbox 2893 780 3117 846; x_wconf 76' lang='grc' dir='ltr'>πύλας,</span> <span class='ocrx_word' id='word_1_144' title='bbox 3148 782 3202 833; x_wconf 88' lang='lat' dir='ltr'><strong>ol</strong></span> <span class='ocrx_word' id='word_1_145' title='bbox 3240 781 3553 850; x_wconf 79' lang='grc' dir='ltr'>ἄρχοντες.</span> 
     </span>
    </p>
   </div>
   <div class='ocr_carea' id='block_1_23' title="bbox 1969 872 3549 945">
    <p class='ocr_par' dir='ltr' id='par_1_23' title="bbox 1969 872 3549 945">
     <span class='ocr_line' id='line_1_23' title="bbox 1969 872 3549 945; baseline 0 -19"><span class='ocrx_word' id='word_1_146' title='bbox 1969 872 2156 941; x_wconf 74' lang='grc' dir='ltr'>ὑμῶν,</span> <span class='ocrx_word' id='word_1_147' title='bbox 2191 873 2278 926; x_wconf 81' lang='grc' dir='ltr'><strong>ἵνα</strong></span> <span class='ocrx_word' id='word_1_148' title='bbox 2333 872 2548 945; x_wconf 79' lang='grc' dir='ltr'><strong>εἰσέλθῃ</strong></span> <span class='ocrx_word' id='word_1_149' title='bbox 2596 875 2623 925; x_wconf 98' lang='lat'><strong>6</strong></span> <span class='ocrx_word' id='word_1_150' title='bbox 2652 872 2863 941; x_wconf 87' lang='grc' dir='ltr'>λέγων·</span> <span class='ocrx_word' id='word_1_151' title='bbox 2925 873 3060 941; x_wconf 79' lang='grc' dir='ltr'><strong>Εἰμὶ</strong></span> <span class='ocrx_word' id='word_1_152' title='bbox 3109 873 3226 942; x_wconf 80' lang='grc' dir='ltr'><strong>ἐγὼ</strong></span> <span class='ocrx_word' id='word_1_153' title='bbox 3270 873 3308 939; x_wconf 79' lang='grc' dir='ltr'><strong><em>ἡ</em></strong></span> <span class='ocrx_word' id='word_1_154' title='bbox 3364 875 3549 941; x_wconf 75' lang='grc' dir='ltr'>θύρα·</span> 
     </span>
    </p>
   </div>
   <div class='ocr_carea' id='block_1_24' title="bbox 1969 963 3552 1033">
    <p class='ocr_par' dir='ltr' id='par_1_24' title="bbox 1969 963 3552 1033">
     <span class='ocr_line' id='line_1_24' title="bbox 1969 963 3552 1033; baseline 0.004 -20"><span class='ocrx_word' id='word_1_155' title='bbox 1969 963 2410 1032; x_wconf 80' lang='grc' dir='ltr'>ἐκπληττόμεναι</span> <span class='ocrx_word' id='word_1_156' title='bbox 2434 963 2746 1016; x_wconf 79' lang='grc' dir='ltr'>αἱέναντίαι</span> <span class='ocrx_word' id='word_1_157' title='bbox 2776 963 3036 1033; x_wconf 80' lang='grc' dir='ltr'>δυνάμεις</span> <span class='ocrx_word' id='word_1_158' title='bbox 3073 963 3511 1032; x_wconf 85' lang='grc' dir='ltr'>ἀντεφθέγγοντο</span> <span class='ocrx_word' id='word_1_159' title='bbox 3537 981 3552 996; x_wconf 81' lang='grc'><strong><em>⁸</em></strong></span> 
     </span>
    </p>
   </div>
   <div class='ocr_carea' id='block_1_25' title="bbox 1975 1047 3558 1125">
    <p class='ocr_par' dir='ltr' id='par_1_25' title="bbox 1975 1047 3558 1125">
     <span class='ocr_line' id='line_1_25' title="bbox 1975 1047 3558 1125; baseline 0.001 -21"><span class='ocrx_word' id='word_1_160' title='bbox 1975 1053 2070 1118; x_wconf 84' lang='grc' dir='ltr'>Τίς</span> <span class='ocrx_word' id='word_1_161' title='bbox 2107 1052 2280 1104; x_wconf 87' lang='grc' dir='ltr'>ἐστιν</span> <span class='ocrx_word' id='word_1_162' title='bbox 2317 1047 2510 1116; x_wconf 84' lang='grc' dir='ltr'>οὗτος</span> <span class='ocrx_word' id='word_1_163' title='bbox 2541 1054 2573 1105; x_wconf 88' lang='grc' dir='ltr'><em>ό</em></span> <span class='ocrx_word' id='word_1_164' title='bbox 2597 1052 2902 1118; x_wconf 70' lang='grc' dir='ltr'>,βασιλεὺς</span> <span class='ocrx_word' id='word_1_165' title='bbox 2936 1051 3049 1120; x_wconf 83' lang='grc' dir='ltr'>τῆς</span> <span class='ocrx_word' id='word_1_166' title='bbox 3087 1053 3315 1119; x_wconf 79' lang='grc' dir='ltr'>δόξης;</span> <span class='ocrx_word' id='word_1_167' title='bbox 3345 1057 3424 1118; x_wconf 76' lang='grc' dir='ltr'>εἰς</span> <span class='ocrx_word' id='word_1_168' title='bbox 3454 1055 3558 1125; x_wconf 79' lang='grc' dir='ltr'><strong>τὴν</strong></span> 
     </span>
    </p>
   </div>
   <div class='ocr_carea' id='block_1_26' title="bbox 1967 1139 3555 1211">
    <p class='ocr_par' dir='ltr' id='par_1_26' title="bbox 1967 1139 3555 1211">
     <span class='ocr_line' id='line_1_26' title="bbox 1967 1139 3555 1211; baseline 0.002 -19"><span class='ocrx_word' id='word_1_169' title='bbox 1967 1141 2061 1192; x_wconf 74' lang='grc' dir='ltr'>ἐπὶ</span> <span class='ocrx_word' id='word_1_170' title='bbox 2119 1141 2222 1211; x_wconf 83' lang='grc' dir='ltr'><strong>γῆς</strong></span> <span class='ocrx_word' id='word_1_171' title='bbox 2297 1140 2651 1210; x_wconf 75' lang='grc' dir='ltr'>Ἰερουσαλὴμ</span> <span class='ocrx_word' id='word_1_172' title='bbox 2721 1139 3055 1210; x_wconf 75' lang='grc' dir='ltr'>ξενιζόμενοι</span> <span class='ocrx_word' id='word_1_173' title='bbox 3102 1140 3406 1195; x_wconf 86' lang='grc' dir='ltr'>πύθονται·</span> <span class='ocrx_word' id='word_1_174' title='bbox 3458 1144 3555 1209; x_wconf 86' lang='grc' dir='ltr'>Τίς</span> 
     </span>
    </p>
   </div>
   <div class='ocr_carea' id='block_1_27' title="bbox 1919 1228 3556 1304">
    <p class='ocr_par' dir='ltr' id='par_1_27' title="bbox 1919 1228 3556 1304">
     <span class='ocr_line' id='line_1_27' title="bbox 1919 1228 3556 1304; baseline 0 -19"><span class='ocrx_word' id='word_1_175' title='bbox 1919 1243 1922 1246; x_wconf 84' lang='lat'>&#39;</span> <span class='ocrx_word' id='word_1_176' title='bbox 1969 1234 2143 1288; x_wconf 85' lang='grc' dir='ltr'>ἐστιν</span> <span class='ocrx_word' id='word_1_177' title='bbox 2191 1228 2363 1296; x_wconf 83' lang='grc' dir='ltr'>οὗτος</span> <span class='ocrx_word' id='word_1_178' title='bbox 2408 1232 2463 1304; x_wconf 87' lang='grc' dir='ltr'><strong>[ό</strong></span> <span class='ocrx_word' id='word_1_179' title='bbox 2509 1232 2813 1298; x_wconf 75' lang='grc' dir='ltr'>βασιλεὺς</span> <span class='ocrx_word' id='word_1_180' title='bbox 2852 1233 2964 1298; x_wconf 81' lang='grc' dir='ltr'>τῆς</span> <span class='ocrx_word' id='word_1_181' title='bbox 2994 1232 3260 1304; x_wconf 77' lang='grc' dir='ltr'>δόξης;]</span> <span class='ocrx_word' id='word_1_182' title='bbox 3320 1237 3397 1297; x_wconf 78' lang='grc' dir='ltr'>εἰς</span> <span class='ocrx_word' id='word_1_183' title='bbox 3457 1236 3556 1304; x_wconf 80' lang='grc' dir='ltr'>τὴν</span> 
     </span>
    </p>
   </div>
   <div class='ocr_carea' id='block_1_28' title="bbox 1976 1325 3556 1403">
    <p class='ocr_par' dir='ltr' id='par_1_28' title="bbox 1976 1325 3556 1403">
     <span class='ocr_line' id='line_1_28' title="bbox 1976 1325 3556 1403; baseline 0.001 -25"><span class='ocrx_word' id='word_1_184' title='bbox 1976 1326 2092 1378; x_wconf 83' lang='grc' dir='ltr'>ἄνω</span> <span class='ocrx_word' id='word_1_185' title='bbox 2136 1325 2494 1395; x_wconf 78' lang='grc' dir='ltr'>Ἰερουσαλὴμ</span> <span class='ocrx_word' id='word_1_186' title='bbox 2521 1325 2890 1403; x_wconf 80' lang='grc' dir='ltr'>ἀνερχομένου</span> <span class='ocrx_word' id='word_1_187' title='bbox 2916 1326 3104 1391; x_wconf 78' lang='grc' dir='ltr'>αὐτοῦ,</span> <span class='ocrx_word' id='word_1_188' title='bbox 3133 1327 3368 1398; x_wconf 82' lang='grc' dir='ltr'>ὁρῶντες</span> <span class='ocrx_word' id='word_1_189' title='bbox 3391 1327 3556 1381; x_wconf 71' lang='grc' dir='ltr'>αὐτὸν</span> 
     </span>
    </p>
   </div>
   <div class='ocr_carea' id='block_1_29' title="bbox 1974 1417 3556 1487">
    <p class='ocr_par' dir='ltr' id='par_1_29' title="bbox 1974 1417 3556 1487">
     <span class='ocr_line' id='line_1_29' title="bbox 1974 1417 3556 1487; baseline 0.001 -17"><span class='ocrx_word' id='word_1_190' title='bbox 1974 1419 2112 1485; x_wconf 84' lang='grc' dir='ltr'><strong>μετά</strong></span> <span class='ocrx_word' id='word_1_191' title='bbox 2143 1417 2426 1487; x_wconf 77' lang='grc' dir='ltr'>σώματος,</span> <span class='ocrx_word' id='word_1_192' title='bbox 2478 1419 2533 1471; x_wconf 89' lang='grc' dir='ltr'>αἱ</span> <span class='ocrx_word' id='word_1_193' title='bbox 2589 1417 2852 1470; x_wconf 72' lang='grc' dir='ltr'>οὐδέποτε</span> <span class='ocrx_word' id='word_1_194' title='bbox 2900 1418 3103 1480; x_wconf 78' lang='grc' dir='ltr'><strong>ἰδόντες</strong></span> <span class='ocrx_word' id='word_1_195' title='bbox 3161 1419 3349 1482; x_wconf 83' lang='grc' dir='ltr'>αὑτὸν,</span> <span class='ocrx_word' id='word_1_196' title='bbox 3381 1418 3468 1471; x_wconf 84' lang='grc' dir='ltr'>διὰ</span> <span class='ocrx_word' id='word_1_197' title='bbox 3494 1419 3556 1471; x_wconf 85' lang='grc' dir='ltr'><strong>τδ</strong></span> 
     </span>
    </p>
   </div>
   <div class='ocr_carea' id='block_1_30' title="bbox 1962 1509 3552 1582">
    <p class='ocr_par' dir='ltr' id='par_1_30' title="bbox 1962 1509 3552 1582">
     <span class='ocr_line' id='line_1_30' title="bbox 1962 1509 3552 1582; baseline -0.001 -18"><span class='ocrx_word' id='word_1_198' title='bbox 1962 1511 2274 1582; x_wconf 82' lang='grc' dir='ltr'>ἀσώματον,</span> <span class='ocrx_word' id='word_1_199' title='bbox 2313 1512 2499 1581; x_wconf 71' lang='grc' dir='ltr'>νοεραὶ</span> <span class='ocrx_word' id='word_1_200' title='bbox 2522 1511 2801 1580; x_wconf 81' lang='grc' dir='ltr'>δυνάμεις,</span> <span class='ocrx_word' id='word_1_201' title='bbox 2832 1509 3216 1580; x_wconf 75' lang='grc' dir='ltr'>θαυμάζουσαι</span> <span class='ocrx_word' id='word_1_202' title='bbox 3244 1511 3340 1562; x_wconf 86' lang='grc' dir='ltr'>τοῦ</span> <span class='ocrx_word' id='word_1_203' title='bbox 3395 1511 3552 1577; x_wconf 80' lang='grc' dir='ltr'>ξένου</span> 
     </span>
    </p>
   </div>
   <div class='ocr_carea' id='block_1_31' title="bbox 1961 1602 3553 1676">
    <p class='ocr_par' dir='ltr' id='par_1_31' title="bbox 1961 1602 3553 1676">
     <span class='ocr_line' id='line_1_31' title="bbox 1961 1602 3553 1676; baseline -0.001 -20"><span class='ocrx_word' id='word_1_204' title='bbox 1961 1606 2166 1676; x_wconf 82' lang='grc' dir='ltr'>τρόπου</span> <span class='ocrx_word' id='word_1_205' title='bbox 2197 1605 2293 1675; x_wconf 82' lang='grc' dir='ltr'>τὴν</span> <span class='ocrx_word' id='word_1_206' title='bbox 2328 1605 2537 1668; x_wconf 81' lang='grc' dir='ltr'>ἄνοδον,</span> <span class='ocrx_word' id='word_1_207' title='bbox 2571 1603 2867 1673; x_wconf 75' lang='grc' dir='ltr'>διηπόρουν</span> <span class='ocrx_word' id='word_1_208' title='bbox 2900 1603 3036 1673; x_wconf 81' lang='grc' dir='ltr'>πρὸς</span> <span class='ocrx_word' id='word_1_209' title='bbox 3069 1602 3331 1671; x_wconf 76' lang='grc' dir='ltr'><strong>ἀλλήλας,</strong></span> <span class='ocrx_word' id='word_1_210' title='bbox 3363 1603 3553 1669; x_wconf 88' lang='grc' dir='ltr'>λέγου-</span> 
     </span>
    </p>
   </div>
   <div class='ocr_carea' id='block_1_32' title="bbox 1964 1691 3555 1762">
    <p class='ocr_par' dir='ltr' id='par_1_32' title="bbox 1964 1691 3555 1762">
     <span class='ocr_line' id='line_1_32' title="bbox 1964 1691 3555 1762; baseline -0.001 -14"><span class='ocrx_word' id='word_1_211' title='bbox 1964 1713 2052 1749; x_wconf 91' lang='grc' dir='ltr'><strong>σαι</strong></span> <span class='ocrx_word' id='word_1_212' title='bbox 2085 1712 2099 1726; x_wconf 76' lang='grc'><strong>⁸</strong></span> <span class='ocrx_word' id='word_1_213' title='bbox 2134 1697 2231 1760; x_wconf 86' lang='grc' dir='ltr'>Τίς</span> <span class='ocrx_word' id='word_1_214' title='bbox 2257 1696 2429 1749; x_wconf 85' lang='grc' dir='ltr'>ἐστιν</span> <span class='ocrx_word' id='word_1_215' title='bbox 2456 1691 2634 1758; x_wconf 84' lang='grc' dir='ltr'>οὗτος</span> <span class='ocrx_word' id='word_1_216' title='bbox 2667 1696 3150 1762; x_wconf 74' lang='grc' dir='ltr'>παραγενόμενος</span> <span class='ocrx_word' id='word_1_217' title='bbox 3181 1697 3237 1744; x_wconf 81' lang='grc' dir='ltr'>ἐν</span> <span class='ocrx_word' id='word_1_218' title='bbox 3270 1695 3379 1756; x_wconf 80' lang='grc' dir='ltr'>τοῖς</span> <span class='ocrx_word' id='word_1_219' title='bbox 3409 1694 3555 1746; x_wconf 86' lang='grc' dir='ltr'>ἀσω-</span> 
     </span>
    </p>
   </div>
   <div class='ocr_carea' id='block_1_33' title="bbox 1965 1782 3552 1858">
    <p class='ocr_par' dir='ltr' id='par_1_33' title="bbox 1965 1782 3552 1858">
     <span class='ocr_line' id='line_1_33' title="bbox 1965 1782 3552 1858; baseline -0.005 -16"><span class='ocrx_word' id='word_1_220' title='bbox 1965 1789 2156 1857; x_wconf 80' lang='grc' dir='ltr'>μάτοις</span> <span class='ocrx_word' id='word_1_221' title='bbox 2190 1786 2408 1858; x_wconf 79' lang='grc' dir='ltr'>χωρίοις</span> <span class='ocrx_word' id='word_1_222' title='bbox 2435 1785 2786 1856; x_wconf 81' lang='grc' dir='ltr'>ένσώματος;</span> <span class='ocrx_word' id='word_1_223' title='bbox 2819 1785 3100 1853; x_wconf 77' lang='grc' dir='ltr'>θαυμάσαι</span> <span class='ocrx_word' id='word_1_224' title='bbox 3145 1783 3200 1837; x_wconf 74' lang='grc' dir='ltr'>δὲ</span> <span class='ocrx_word' id='word_1_225' title='bbox 3234 1782 3404 1850; x_wconf 74' lang='grc' dir='ltr'>ἄξιον,</span> <span class='ocrx_word' id='word_1_226' title='bbox 3432 1782 3552 1844; x_wconf 72' lang='grc' dir='ltr'><strong>πῶς</strong></span> 
     </span>
    </p>
   </div>
   <div class='ocr_carea' id='block_1_34' title="bbox 262 1872 1854 1950">
    <p class='ocr_par' dir='ltr' id='par_1_34' title="bbox 262 1873 1854 1950">
     <span class='ocr_line' id='line_1_34' title="bbox 262 1873 1854 1950; baseline -0.004 -19"><span class='ocrx_word' id='word_1_227' title='bbox 262 1881 316 1932; x_wconf 89' lang='lat' dir='ltr'><strong>in</strong></span> <span class='ocrx_word' id='word_1_228' title='bbox 349 1880 470 1950; x_wconf 87' lang='lat' dir='ltr'><strong>ejus</strong></span> <span class='ocrx_word' id='word_1_229' title='bbox 501 1879 741 1932; x_wconf 84' lang='lat' dir='ltr'><strong>interra</strong></span> <span class='ocrx_word' id='word_1_230' title='bbox 784 1876 1073 1931; x_wconf 81' lang='lat' dir='ltr'><strong>nativitate</strong></span> <span class='ocrx_word' id='word_1_231' title='bbox 1123 1874 1332 1944; x_wconf 85' lang='lat' dir='ltr'><strong>pariter</strong></span> <span class='ocrx_word' id='word_1_232' title='bbox 1377 1873 1738 1927; x_wconf 83' lang='lat' dir='ltr'><strong>clamaverint</strong></span> <span class='ocrx_word' id='word_1_233' title='bbox 1791 1887 1854 1925; x_wconf 94' lang='lat' dir='ltr'><strong>ac</strong></span> 
     </span>
    </p>
   </div>
   <div class='ocr_carea' id='block_1_35' title="bbox 1964 1872 3552 1950">
    <p class='ocr_par' dir='ltr' id='par_1_35' title="bbox 1964 1873 3552 1946">
     <span class='ocr_line' id='line_1_35' title="bbox 1964 1873 3552 1946; baseline -0.005 -13"><span class='ocrx_word' id='word_1_234' title='bbox 1964 1881 2248 1946; x_wconf 84' lang='grc' dir='ltr'>πύθονται,</span> <span class='ocrx_word' id='word_1_235' title='bbox 2310 1882 2406 1944; x_wconf 85' lang='grc' dir='ltr'>Τίς</span> <span class='ocrx_word' id='word_1_236' title='bbox 2457 1878 2631 1930; x_wconf 79' lang='grc' dir='ltr'>ἐστιν</span> <span class='ocrx_word' id='word_1_237' title='bbox 2652 1873 2833 1942; x_wconf 86' lang='grc' dir='ltr'>οὗτος</span> <span class='ocrx_word' id='word_1_238' title='bbox 2869 1878 2901 1928; x_wconf 90' lang='grc' dir='ltr'>ό</span> <span class='ocrx_word' id='word_1_239' title='bbox 2952 1876 3456 1944; x_wconf 79' lang='grc' dir='ltr'>παραγενόμενος,</span> <span class='ocrx_word' id='word_1_240' title='bbox 3492 1875 3552 1926; x_wconf 76' lang='grc' dir='ltr'>αἱ</span> 
     </span>
    </p>
   </div>
   <div class='ocr_carea' id='block_1_36' title="bbox 260 1966 1852 2034">
    <p class='ocr_par' dir='ltr' id='par_1_36' title="bbox 260 1966 1852 2034">
     <span class='ocr_line' id='line_1_36' title="bbox 260 1966 1852 2034; baseline -0.004 -13"><span class='ocrx_word' id='word_1_241' title='bbox 260 1970 598 2024; x_wconf 76' lang='lat' dir='ltr'><strong>cecinerim:</strong></span> <span class='ocrx_word' id='word_1_242' title='bbox 631 1969 814 2025; x_wconf 85' lang='lat' dir='ltr'><strong>Gloria</strong></span> <span class='ocrx_word' id='word_1_243' title='bbox 839 1970 894 2022; x_wconf 88' lang='lat' dir='ltr'><strong>in</strong></span> <span class='ocrx_word' id='word_1_244' title='bbox 915 1968 1191 2022; x_wconf 79' lang='lat' dir='ltr'><strong>altissimis</strong></span> <span class='ocrx_word' id='word_1_245' title='bbox 1212 1966 1355 2031; x_wconf 87' lang='lat' dir='ltr'><strong>Deo;</strong></span> <span class='ocrx_word' id='word_1_246' title='bbox 1380 1976 1427 2018; x_wconf 88' lang='lat' dir='ltr'><strong>et</strong></span> <span class='ocrx_word' id='word_1_247' title='bbox 1455 1967 1509 2019; x_wconf 87' lang='lat' dir='ltr'><strong>in</strong></span> <span class='ocrx_word' id='word_1_248' title='bbox 1542 1975 1686 2018; x_wconf 90' lang='lat' dir='ltr'><strong>terra</strong></span> <span class='ocrx_word' id='word_1_249' title='bbox 1715 1980 1852 2034; x_wconf 85' lang='lat' dir='ltr'><strong>pax;</strong></span> 
     </span>
    </p>
   </div>
   <div class='ocr_carea' id='block_1_37' title="bbox 260 2058 1853 2128">
    <p class='ocr_par' dir='ltr' id='par_1_37' title="bbox 260 2058 1853 2128">
     <span class='ocr_line' id='line_1_37' title="bbox 260 2058 1853 2128; baseline -0.002 -16"><span class='ocrx_word' id='word_1_250' title='bbox 260 2062 316 2113; x_wconf 85' lang='lat' dir='ltr'><strong>in</strong></span> <span class='ocrx_word' id='word_1_251' title='bbox 351 2063 645 2116; x_wconf 79' lang='lat' dir='ltr'><strong>hominibus</strong></span> <span class='ocrx_word' id='word_1_252' title='bbox 688 2061 822 2114; x_wconf 86' lang='lat' dir='ltr'><strong>bona</strong></span> <span class='ocrx_word' id='word_1_253' title='bbox 858 2059 1199 2125; x_wconf 65' lang='lat' dir='ltr'><strong>voluntas“;</strong></span> <span class='ocrx_word' id='word_1_254' title='bbox 1233 2074 1261 2112; x_wconf 84' lang='lat' dir='ltr'><strong>a</strong></span> <span class='ocrx_word' id='word_1_255' title='bbox 1296 2058 1500 2128; x_wconf 84' lang='lat' dir='ltr'><strong>quibus</strong></span> <span class='ocrx_word' id='word_1_256' title='bbox 1525 2066 1679 2111; x_wconf 89' lang='lat' dir='ltr'><strong>certe</strong></span> <span class='ocrx_word' id='word_1_257' title='bbox 1707 2071 1853 2126; x_wconf 82' lang='lat' dir='ltr'><strong>pra:-</strong></span> 
     </span>
    </p>
   </div>
   <div class='ocr_carea' id='block_1_38' title="bbox 259 2148 1850 2219">
    <p class='ocr_par' dir='ltr' id='par_1_38' title="bbox 259 2148 1850 2219">
     <span class='ocr_line' id='line_1_38' title="bbox 259 2148 1850 2219; baseline 0 -17"><span class='ocrx_word' id='word_1_258' title='bbox 259 2153 408 2206; x_wconf 71' lang='lat' dir='ltr'><strong>t-lare</strong></span> <span class='ocrx_word' id='word_1_259' title='bbox 439 2152 620 2206; x_wconf 86' lang='lat' dir='ltr'><strong>edocti</strong></span> <span class='ocrx_word' id='word_1_260' title='bbox 673 2161 803 2206; x_wconf 86' lang='lat' dir='ltr'><strong>sunt</strong></span> <span class='ocrx_word' id='word_1_261' title='bbox 853 2151 1208 2206; x_wconf 69' lang='lat' dir='ltr'><strong>llebrteorum</strong></span> <span class='ocrx_word' id='word_1_262' title='bbox 1262 2149 1502 2219; x_wconf 79' lang='lat' dir='ltr'><strong>theologi</strong></span> <span class='ocrx_word' id='word_1_263' title='bbox 1556 2148 1713 2218; x_wconf 89' lang='lat' dir='ltr'><strong>pueri</strong></span> <span class='ocrx_word' id='word_1_264' title='bbox 1763 2149 1850 2203; x_wconf 91' lang='lat' dir='ltr'><strong>di-</strong></span> 
     </span>
    </p>
   </div>
   <div class='ocr_carea' id='block_1_39' title="bbox 260 2238 1854 2310">
    <p class='ocr_par' dir='ltr' id='par_1_39' title="bbox 260 2238 1854 2310">
     <span class='ocr_line' id='line_1_39' title="bbox 260 2238 1854 2310; baseline -0.002 -18"><span class='ocrx_word' id='word_1_265' title='bbox 260 2249 491 2294; x_wconf 85' lang='lat' dir='ltr'><strong>centes:</strong></span> <span class='ocrx_word' id='word_1_266' title='bbox 526 2240 825 2294; x_wconf 83' lang='lat' dir='ltr'><strong>Ilosanna:</strong></span> <span class='ocrx_word' id='word_1_267' title='bbox 871 2239 1183 2293; x_wconf 81' lang='lat' dir='ltr'><strong>Benedictus</strong></span> <span class='ocrx_word' id='word_1_268' title='bbox 1227 2241 1317 2310; x_wconf 90' lang='lat' dir='ltr'><strong>qui</strong></span> <span class='ocrx_word' id='word_1_269' title='bbox 1360 2239 1497 2292; x_wconf 86' lang='lat' dir='ltr'><strong>venit</strong></span> <span class='ocrx_word' id='word_1_270' title='bbox 1533 2239 1588 2291; x_wconf 90' lang='lat' dir='ltr'><strong>in</strong></span> <span class='ocrx_word' id='word_1_271' title='bbox 1641 2238 1854 2291; x_wconf 83' lang='lat' dir='ltr'><strong>nomine</strong></span> 
     </span>
    </p>
   </div>
   <div class='ocr_carea' id='block_1_40' title="bbox 258 2329 1855 2402">
    <p class='ocr_par' dir='ltr' id='par_1_40' title="bbox 258 2329 1855 2402">
     <span class='ocr_line' id='line_1_40' title="bbox 258 2329 1855 2402; baseline -0.001 -18"><span class='ocrx_word' id='word_1_272' title='bbox 258 2331 480 2388; x_wconf 76' lang='lat' dir='ltr'><strong>Domini</strong></span> <span class='ocrx_word' id='word_1_273' title='bbox 500 2349 520 2385; x_wconf 18' lang='lat' dir='ltr'><strong>:v</strong></span> <span class='ocrx_word' id='word_1_274' title='bbox 547 2348 654 2402; x_wconf 79' lang='lat' dir='ltr'><strong>pax</strong></span> <span class='ocrx_word' id='word_1_275' title='bbox 684 2334 737 2385; x_wconf 89' lang='lat' dir='ltr'><strong>in</strong></span> <span class='ocrx_word' id='word_1_276' title='bbox 767 2331 916 2395; x_wconf 73' lang='lat' dir='ltr'><strong>caelo,</strong></span> <span class='ocrx_word' id='word_1_277' title='bbox 942 2340 992 2384; x_wconf 86' lang='lat' dir='ltr'><strong>et</strong></span> <span class='ocrx_word' id='word_1_278' title='bbox 1036 2331 1212 2402; x_wconf 82' lang='lat' dir='ltr'><strong>gloria</strong></span> <span class='ocrx_word' id='word_1_279' title='bbox 1258 2332 1311 2384; x_wconf 88' lang='lat' dir='ltr'><strong>in</strong></span> <span class='ocrx_word' id='word_1_280' title='bbox 1365 2329 1638 2384; x_wconf 80' lang='lat' dir='ltr'><strong>altissimis</strong></span> <span class='ocrx_word' id='word_1_281' title='bbox 1655 2329 1722 2382; x_wconf 80' lang='grc'>⁸⁸.</span> <span class='ocrx_word' id='word_1_282' title='bbox 1764 2329 1855 2384; x_wconf 91' lang='lat' dir='ltr'><strong>Sic</strong></span> 
     </span>
    </p>
   </div>
   <div class='ocr_carea' id='block_1_41' title="bbox 259 2423 1854 2496">
    <p class='ocr_par' dir='ltr' id='par_1_41' title="bbox 259 2423 1854 2496">
     <span class='ocr_line' id='line_1_41' title="bbox 259 2423 1854 2496; baseline -0.001 -17"><span class='ocrx_word' id='word_1_283' title='bbox 259 2426 407 2480; x_wconf 86' lang='lat' dir='ltr'><strong>enim</strong></span> <span class='ocrx_word' id='word_1_284' title='bbox 440 2426 616 2482; x_wconf 88' lang='lat' dir='ltr'><strong>Lucas</strong></span> <span class='ocrx_word' id='word_1_285' title='bbox 645 2426 832 2481; x_wconf 87' lang='lat' dir='ltr'><strong>habet.</strong></span> <span class='ocrx_word' id='word_1_286' title='bbox 854 2427 1095 2496; x_wconf 89' lang='lat' dir='ltr'><strong>Eratque</strong></span> <span class='ocrx_word' id='word_1_287' title='bbox 1123 2426 1314 2480; x_wconf 85' lang='lat' dir='ltr'><strong>videre</strong></span> <span class='ocrx_word' id='word_1_288' title='bbox 1337 2425 1392 2479; x_wconf 92' lang='lat' dir='ltr'><strong>in</strong></span> <span class='ocrx_word' id='word_1_289' title='bbox 1420 2424 1576 2489; x_wconf 91' lang='lat' dir='ltr'><strong>Sion,</strong></span> <span class='ocrx_word' id='word_1_290' title='bbox 1604 2423 1854 2480; x_wconf 71' lang='lat' dir='ltr'><strong>cmlestia</strong></span> 
     </span>
    </p>
   </div>
   <div class='ocr_carea' id='block_1_42' title="bbox 261 2516 1853 2588">
    <p class='ocr_par' dir='ltr' id='par_1_42' title="bbox 261 2516 1853 2588">
     <span class='ocr_line' id='line_1_42' title="bbox 261 2516 1853 2588; baseline -0.003 -14"><span class='ocrx_word' id='word_1_291' title='bbox 261 2519 472 2588; x_wconf 85' lang='lat' dir='ltr'><strong>pariter</strong></span> <span class='ocrx_word' id='word_1_292' title='bbox 497 2535 562 2574; x_wconf 92' lang='lat' dir='ltr'><strong>ac</strong></span> <span class='ocrx_word' id='word_1_293' title='bbox 588 2520 872 2574; x_wconf 87' lang='lat' dir='ltr'><strong>terrestria</strong></span> <span class='ocrx_word' id='word_1_294' title='bbox 913 2519 1142 2573; x_wconf 86' lang='lat' dir='ltr'><strong>vieariis</strong></span> <span class='ocrx_word' id='word_1_295' title='bbox 1186 2518 1291 2574; x_wconf 84' lang='lat' dir='ltr'><strong>sibi</strong></span> <span class='ocrx_word' id='word_1_296' title='bbox 1335 2516 1723 2586; x_wconf 82' lang='lat' dir='ltr'><strong>respondentia</strong></span> <span class='ocrx_word' id='word_1_297' title='bbox 1754 2532 1853 2569; x_wconf 91' lang='lat' dir='ltr'><strong>v0-</strong></span> 
     </span>
    </p>
   </div>
   <div class='ocr_carea' id='block_1_43' title="bbox 259 2607 1850 2680">
    <p class='ocr_par' dir='ltr' id='par_1_43' title="bbox 259 2607 1850 2680">
     <span class='ocr_line' id='line_1_43' title="bbox 259 2607 1850 2680; baseline -0.001 -20"><span class='ocrx_word' id='word_1_298' title='bbox 259 2611 451 2674; x_wconf 75' lang='lat' dir='ltr'><strong>uibus,</strong></span> <span class='ocrx_word' id='word_1_299' title='bbox 509 2627 680 2680; x_wconf 84' lang='lat' dir='ltr'><strong>seque</strong></span> <span class='ocrx_word' id='word_1_300' title='bbox 733 2622 930 2666; x_wconf 86' lang='lat' dir='ltr'><strong>mutuo</strong></span> <span class='ocrx_word' id='word_1_301' title='bbox 993 2610 1316 2665; x_wconf 90' lang='lat' dir='ltr'><strong>salutantia.</strong></span> <span class='ocrx_word' id='word_1_302' title='bbox 1365 2609 1568 2662; x_wconf 85' lang='lat' dir='ltr'><strong>Dicunt</strong></span> <span class='ocrx_word' id='word_1_303' title='bbox 1623 2607 1850 2677; x_wconf 90' lang='lat' dir='ltr'><strong>superi:</strong></span> 
     </span>
    </p>
   </div>
   <div class='ocr_carea' id='block_1_44' title="bbox 258 2699 1856 2772">
    <p class='ocr_par' dir='ltr' id='par_1_44' title="bbox 258 2699 1856 2772">
     <span class='ocr_line' id='line_1_44' title="bbox 258 2699 1856 2772; baseline -0.004 -11"><span class='ocrx_word' id='word_1_304' title='bbox 258 2705 443 2761; x_wconf 81' lang='lat' dir='ltr'><strong>Gloria</strong></span> <span class='ocrx_word' id='word_1_305' title='bbox 474 2707 538 2758; x_wconf 76' lang='lat' dir='ltr'><strong>in</strong></span> <span class='ocrx_word' id='word_1_306' title='bbox 563 2705 843 2759; x_wconf 87' lang='lat' dir='ltr'><strong>altissimis</strong></span> <span class='ocrx_word' id='word_1_307' title='bbox 873 2704 1000 2766; x_wconf 88' lang='lat' dir='ltr'><strong>Deo,</strong></span> <span class='ocrx_word' id='word_1_308' title='bbox 1027 2713 1074 2756; x_wconf 87' lang='lat' dir='ltr'><strong>et</strong></span> <span class='ocrx_word' id='word_1_309' title='bbox 1106 2704 1163 2757; x_wconf 89' lang='lat' dir='ltr'><strong>in</strong></span> <span class='ocrx_word' id='word_1_310' title='bbox 1191 2711 1336 2755; x_wconf 88' lang='lat' dir='ltr'><strong>terra</strong></span> <span class='ocrx_word' id='word_1_311' title='bbox 1369 2716 1512 2772; x_wconf 86' lang='lat' dir='ltr'><strong>pax;</strong></span> <span class='ocrx_word' id='word_1_312' title='bbox 1546 2699 1714 2756; x_wconf 87' lang='lat' dir='ltr'><strong>inferi</strong></span> <span class='ocrx_word' id='word_1_313' title='bbox 1766 2715 1856 2754; x_wconf 78' lang='lat' dir='ltr'><strong>re-</strong></span> 
     </span>
    </p>
   </div>
   <div class='ocr_carea' id='block_1_45' title="bbox 257 2793 1855 2868">
    <p class='ocr_par' dir='ltr' id='par_1_45' title="bbox 257 2793 1855 2868">
     <span class='ocr_line' id='line_1_45' title="bbox 257 2793 1855 2868; baseline -0.003 -17"><span class='ocrx_word' id='word_1_314' title='bbox 257 2797 530 2866; x_wconf 88' lang='lat' dir='ltr'><strong>spondent</strong></span> <span class='ocrx_word' id='word_1_315' title='bbox 551 2815 562 2850; x_wconf 90' lang='lat'><strong>:</strong></span> <span class='ocrx_word' id='word_1_316' title='bbox 580 2797 698 2851; x_wconf 89' lang='lat' dir='ltr'><strong>Pax</strong></span> <span class='ocrx_word' id='word_1_317' title='bbox 716 2798 770 2851; x_wconf 88' lang='lat' dir='ltr'><strong>in</strong></span> <span class='ocrx_word' id='word_1_318' title='bbox 787 2796 936 2859; x_wconf 70' lang='lat' dir='ltr'><strong>mlo,</strong></span> <span class='ocrx_word' id='word_1_319' title='bbox 956 2807 1004 2850; x_wconf 89' lang='lat' dir='ltr'><strong>et</strong></span> <span class='ocrx_word' id='word_1_320' title='bbox 1020 2795 1195 2868; x_wconf 85' lang='lat' dir='ltr'><strong>gloria</strong></span> <span class='ocrx_word' id='word_1_321' title='bbox 1212 2797 1266 2848; x_wconf 92' lang='lat' dir='ltr'><strong>in</strong></span> <span class='ocrx_word' id='word_1_322' title='bbox 1280 2793 1571 2849; x_wconf 82' lang='lat' dir='ltr'><strong>altissimis.</strong></span> <span class='ocrx_word' id='word_1_323' title='bbox 1586 2793 1855 2848; x_wconf 75' lang='lat' dir='ltr'><strong>Dixerunt</strong></span> 
     </span>
    </p>
   </div>
   <div class='ocr_carea' id='block_1_46' title="bbox 257 2885 1853 2958">
    <p class='ocr_par' dir='ltr' id='par_1_46' title="bbox 257 2885 1853 2958">
     <span class='ocr_line' id='line_1_46' title="bbox 257 2885 1853 2958; baseline -0.003 -16"><span class='ocrx_word' id='word_1_324' title='bbox 257 2889 471 2958; x_wconf 76' lang='lat' dir='ltr'><strong>angeli:</strong></span> <span class='ocrx_word' id='word_1_325' title='bbox 509 2887 576 2942; x_wconf 83' lang='lat' dir='ltr'><strong>In</strong></span> <span class='ocrx_word' id='word_1_326' title='bbox 611 2896 755 2942; x_wconf 85' lang='lat' dir='ltr'><strong>terra</strong></span> <span class='ocrx_word' id='word_1_327' title='bbox 793 2904 942 2958; x_wconf 86' lang='lat' dir='ltr'><strong>pax;</strong></span> <span class='ocrx_word' id='word_1_328' title='bbox 973 2886 1231 2942; x_wconf 89' lang='lat' dir='ltr'><strong>homines</strong></span> <span class='ocrx_word' id='word_1_329' title='bbox 1261 2886 1570 2940; x_wconf 85' lang='lat' dir='ltr'><strong>clamarunt</strong></span> <span class='ocrx_word' id='word_1_330' title='bbox 1594 2903 1608 2938; x_wconf 89' lang='lat'><strong>:</strong></span> <span class='ocrx_word' id='word_1_331' title='bbox 1634 2885 1753 2939; x_wconf 87' lang='lat' dir='ltr'><strong>Pax</strong></span> <span class='ocrx_word' id='word_1_332' title='bbox 1797 2885 1853 2937; x_wconf 88' lang='lat' dir='ltr'><strong>in</strong></span> 
     </span>
    </p>
   </div>
   <div class='ocr_carea' id='block_1_47' title="bbox 257 2980 1850 3050">
    <p class='ocr_par' dir='ltr' id='par_1_47' title="bbox 257 2980 1850 3050">
     <span class='ocr_line' id='line_1_47' title="bbox 257 2980 1850 3050; baseline -0.001 -16"><span class='ocrx_word' id='word_1_333' title='bbox 257 2982 407 3036; x_wconf 63' lang='lat' dir='ltr'><strong>melo.</strong></span> <span class='ocrx_word' id='word_1_334' title='bbox 435 2982 850 3049; x_wconf 81' lang='lat' dir='ltr'><strong>Quamobrem?</strong></span> <span class='ocrx_word' id='word_1_335' title='bbox 888 2981 1046 3048; x_wconf 85' lang='lat' dir='ltr'><strong>Quod</strong></span> <span class='ocrx_word' id='word_1_336' title='bbox 1095 2981 1362 3036; x_wconf 87' lang='lat' dir='ltr'><strong>nimirum</strong></span> <span class='ocrx_word' id='word_1_337' title='bbox 1419 2980 1510 3034; x_wconf 88' lang='lat' dir='ltr'><strong>ille</strong></span> <span class='ocrx_word' id='word_1_338' title='bbox 1559 2980 1722 3043; x_wconf 87' lang='lat' dir='ltr'><strong>adsit,</strong></span> <span class='ocrx_word' id='word_1_339' title='bbox 1755 2981 1850 3050; x_wconf 91' lang='lat' dir='ltr'><strong>qui</strong></span> 
     </span>
    </p>
   </div>
   <div class='ocr_carea' id='block_1_48' title="bbox 258 3058 1854 3143">
    <p class='ocr_par' dir='ltr' id='par_1_48' title="bbox 258 3058 1854 3143">
     <span class='ocr_line' id='line_1_48' title="bbox 258 3058 1854 3143; baseline 0.001 -19"><span class='ocrx_word' id='word_1_340' title='bbox 258 3075 522 3131; x_wconf 79' lang='lat' dir='ltr'><strong>omnibus</strong></span> <span class='ocrx_word' id='word_1_341' title='bbox 561 3058 792 3130; x_wconf 77' lang='lat' dir='ltr'><strong>clamat:</strong></span> <span class='ocrx_word' id='word_1_342' title='bbox 828 3073 946 3128; x_wconf 84' lang='lat' dir='ltr'><strong>Pax</strong></span> <span class='ocrx_word' id='word_1_343' title='bbox 992 3073 1135 3127; x_wconf 80' lang='lat' dir='ltr'><strong>vobis</strong></span> <span class='ocrx_word' id='word_1_344' title='bbox 1153 3072 1222 3124; x_wconf 76' lang='grc'><strong>⁸⁸.</strong></span> <span class='ocrx_word' id='word_1_345' title='bbox 1275 3071 1383 3127; x_wconf 91' lang='lat' dir='ltr'><strong>Pro</strong></span> <span class='ocrx_word' id='word_1_346' title='bbox 1432 3086 1544 3142; x_wconf 92' lang='lat' dir='ltr'><strong>quo</strong></span> <span class='ocrx_word' id='word_1_347' title='bbox 1581 3071 1854 3143; x_wconf 87' lang='lat' dir='ltr'><strong>propheta</strong></span> 
     </span>
    </p>
   </div>
   <div class='ocr_carea' id='block_1_49' title="bbox 257 3161 1853 3237">
    <p class='ocr_par' dir='ltr' id='par_1_49' title="bbox 257 3161 1853 3237">
     <span class='ocr_line' id='line_1_49' title="bbox 257 3161 1853 3237; baseline -0.002 -18"><span class='ocrx_word' id='word_1_348' title='bbox 257 3167 612 3237; x_wconf 81' lang='lat' dir='ltr'><strong>precabatur,</strong></span> <span class='ocrx_word' id='word_1_349' title='bbox 643 3165 867 3221; x_wconf 90' lang='lat' dir='ltr'><strong>dicens:</strong></span> <span class='ocrx_word' id='word_1_350' title='bbox 900 3165 1127 3218; x_wconf 82' lang='lat' dir='ltr'><strong>Domine</strong></span> <span class='ocrx_word' id='word_1_351' title='bbox 1175 3161 1310 3218; x_wconf 86' lang='lat' dir='ltr'><strong>Deus</strong></span> <span class='ocrx_word' id='word_1_352' title='bbox 1337 3171 1536 3228; x_wconf 83' lang='lat' dir='ltr'><strong>noster,</strong></span> <span class='ocrx_word' id='word_1_353' title='bbox 1569 3179 1752 3234; x_wconf 81' lang='lat' dir='ltr'><strong>pacem</strong></span> <span class='ocrx_word' id='word_1_354' title='bbox 1782 3163 1853 3216; x_wconf 90' lang='lat' dir='ltr'><strong>da</strong></span> 
     </span>
    </p>
   </div>
   <div class='ocr_carea' id='block_1_50' title="bbox 257 3255 1846 3325">
    <p class='ocr_par' dir='ltr' id='par_1_50' title="bbox 257 3255 1846 3325">
     <span class='ocr_line' id='line_1_50' title="bbox 257 3255 1846 3325; baseline -0.003 -13"><span class='ocrx_word' id='word_1_355' title='bbox 257 3260 500 3322; x_wconf 77' lang='lat' dir='ltr'><strong>nobis&quot;;</strong></span> <span class='ocrx_word' id='word_1_356' title='bbox 540 3259 644 3313; x_wconf 91' lang='lat' dir='ltr'><strong>hoc</strong></span> <span class='ocrx_word' id='word_1_357' title='bbox 687 3265 791 3323; x_wconf 89' lang='lat' dir='ltr'><strong>est,</strong></span> <span class='ocrx_word' id='word_1_358' title='bbox 829 3258 982 3312; x_wconf 88' lang='lat' dir='ltr'><strong>Mitte</strong></span> <span class='ocrx_word' id='word_1_359' title='bbox 1035 3257 1236 3311; x_wconf 84' lang='lat' dir='ltr'><strong>Filium</strong></span> <span class='ocrx_word' id='word_1_360' title='bbox 1287 3265 1440 3310; x_wconf 89' lang='lat' dir='ltr'><strong>tuum</strong></span> <span class='ocrx_word' id='word_1_361' title='bbox 1479 3255 1846 3325; x_wconf 81' lang='lat' dir='ltr'><strong>unigenitum,</strong></span> 
     </span>
    </p>
   </div>
   <div class='ocr_carea' id='block_1_51' title="bbox 257 3347 1850 3421">
    <p class='ocr_par' dir='ltr' id='par_1_51' title="bbox 257 3347 1850 3421">
     <span class='ocr_line' id='line_1_51' title="bbox 257 3347 1850 3421; baseline -0.004 -17"><span class='ocrx_word' id='word_1_362' title='bbox 257 3362 318 3406; x_wconf 87' lang='lat' dir='ltr'><strong>ut</strong></span> <span class='ocrx_word' id='word_1_363' title='bbox 347 3367 446 3421; x_wconf 90' lang='lat' dir='ltr'><strong>per</strong></span> <span class='ocrx_word' id='word_1_364' title='bbox 473 3367 599 3405; x_wconf 91' lang='lat' dir='ltr'><strong>eum</strong></span> <span class='ocrx_word' id='word_1_365' title='bbox 661 3350 823 3405; x_wconf 87' lang='lat' dir='ltr'><strong>nobis</strong></span> <span class='ocrx_word' id='word_1_366' title='bbox 871 3347 1273 3413; x_wconf 87' lang='lat' dir='ltr'><strong>reconcilieris,</strong></span> <span class='ocrx_word' id='word_1_367' title='bbox 1334 3347 1542 3403; x_wconf 87' lang='lat' dir='ltr'><strong>videns</strong></span> <span class='ocrx_word' id='word_1_368' title='bbox 1589 3355 1850 3401; x_wconf 84' lang='lat' dir='ltr'><strong>naturam</strong></span> 
     </span>
    </p>
   </div>
   <div class='ocr_carea' id='block_1_52' title="bbox 256 3439 1848 3514">
    <p class='ocr_par' dir='ltr' id='par_1_52' title="bbox 256 3439 1848 3514">
     <span class='ocr_line' id='line_1_52' title="bbox 256 3439 1848 3514; baseline -0.003 -18"><span class='ocrx_word' id='word_1_369' title='bbox 256 3453 506 3499; x_wconf 89' lang='lat' dir='ltr'><strong>nostram</strong></span> <span class='ocrx_word' id='word_1_370' title='bbox 544 3458 645 3514; x_wconf 89' lang='lat' dir='ltr'><strong>per</strong></span> <span class='ocrx_word' id='word_1_371' title='bbox 683 3459 811 3499; x_wconf 89' lang='lat' dir='ltr'><strong>eum</strong></span> <span class='ocrx_word' id='word_1_372' title='bbox 844 3443 945 3497; x_wconf 88' lang='lat' dir='ltr'><strong>tibi</strong></span> <span class='ocrx_word' id='word_1_373' title='bbox 969 3443 1204 3496; x_wconf 88' lang='lat' dir='ltr'><strong>unitam.</strong></span> <span class='ocrx_word' id='word_1_374' title='bbox 1235 3441 1408 3507; x_wconf 85' lang='lat' dir='ltr'><strong>Quam</strong></span> <span class='ocrx_word' id='word_1_375' title='bbox 1428 3456 1620 3512; x_wconf 90' lang='lat' dir='ltr'><strong>pacem</strong></span> <span class='ocrx_word' id='word_1_376' title='bbox 1651 3439 1848 3493; x_wconf 88' lang='lat' dir='ltr'><strong>viden-</strong></span> 
     </span>
    </p>
   </div>
   <div class='ocr_carea' id='block_1_53' title="bbox 258 3530 1852 3589">
    <p class='ocr_par' dir='ltr' id='par_1_53' title="bbox 258 3530 1852 3589">
     <span class='ocr_line' id='line_1_53' title="bbox 258 3530 1852 3589; baseline -0.003 -1"><span class='ocrx_word' id='word_1_377' title='bbox 258 3544 340 3588; x_wconf 77' lang='lat' dir='ltr'><strong>tes</strong></span> <span class='ocrx_word' id='word_1_378' title='bbox 364 3534 618 3589; x_wconf 81' lang='lat' dir='ltr'><strong>caelestes</strong></span> <span class='ocrx_word' id='word_1_379' title='bbox 653 3534 809 3588; x_wconf 87' lang='lat' dir='ltr'><strong>chori</strong></span> <span class='ocrx_word' id='word_1_380' title='bbox 857 3533 1206 3588; x_wconf 84' lang='lat' dir='ltr'><strong>clamabant:</strong></span> <span class='ocrx_word' id='word_1_381' title='bbox 1243 3533 1426 3588; x_wconf 84' lang='lat' dir='ltr'><strong>Gloria</strong></span> <span class='ocrx_word' id='word_1_382' title='bbox 1469 3534 1527 3586; x_wconf 80' lang='lat' dir='ltr'><strong>in</strong></span> <span class='ocrx_word' id='word_1_383' title='bbox 1577 3530 1852 3584; x_wconf 83' lang='lat' dir='ltr'><strong>altissimis</strong></span> 
     </span>
    </p>
   </div>
   <div class='ocr_carea' id='block_1_54' title="bbox 255 3617 1853 3691">
    <p class='ocr_par' dir='ltr' id='par_1_54' title="bbox 255 3617 1853 3691">
     <span class='ocr_line' id='line_1_54' title="bbox 255 3617 1853 3691; baseline -0.004 -14"><span class='ocrx_word' id='word_1_384' title='bbox 255 3624 390 3687; x_wconf 78' lang='lat' dir='ltr'><strong>Deo,</strong></span> <span class='ocrx_word' id='word_1_385' title='bbox 422 3631 470 3675; x_wconf 86' lang='lat' dir='ltr'><strong>et</strong></span> <span class='ocrx_word' id='word_1_386' title='bbox 497 3623 554 3675; x_wconf 87' lang='lat' dir='ltr'><strong>in</strong></span> <span class='ocrx_word' id='word_1_387' title='bbox 585 3631 732 3676; x_wconf 83' lang='lat' dir='ltr'><strong>terra</strong></span> <span class='ocrx_word' id='word_1_388' title='bbox 760 3637 902 3691; x_wconf 84' lang='lat' dir='ltr'><strong>pax;</strong></span> <span class='ocrx_word' id='word_1_389' title='bbox 934 3621 988 3675; x_wconf 90' lang='lat' dir='ltr'><strong>id</strong></span> <span class='ocrx_word' id='word_1_390' title='bbox 1039 3628 1145 3686; x_wconf 85' lang='lat' dir='ltr'><strong>est,</strong></span> <span class='ocrx_word' id='word_1_391' title='bbox 1180 3619 1426 3690; x_wconf 86' lang='lat' dir='ltr'><strong>perfecta</strong></span> <span class='ocrx_word' id='word_1_392' title='bbox 1453 3618 1549 3673; x_wconf 87' lang='lat' dir='ltr'><strong>Dei</strong></span> <span class='ocrx_word' id='word_1_393' title='bbox 1588 3633 1714 3672; x_wconf 86' lang='lat' dir='ltr'><strong>cum</strong></span> <span class='ocrx_word' id='word_1_394' title='bbox 1746 3617 1853 3672; x_wconf 88' lang='lat' dir='ltr'><strong>ini-</strong></span> 
     </span>
    </p>
   </div>
   <div class='ocr_carea' id='block_1_55' title="bbox 256 3711 1855 3784">
    <p class='ocr_par' dir='ltr' id='par_1_55' title="bbox 256 3711 1855 3784">
     <span class='ocr_line' id='line_1_55' title="bbox 256 3711 1855 3784; baseline -0.004 -16"><span class='ocrx_word' id='word_1_395' title='bbox 256 3717 418 3771; x_wconf 85' lang='lat' dir='ltr'><strong>micis</strong></span> <span class='ocrx_word' id='word_1_396' title='bbox 441 3715 1023 3784; x_wconf 82' lang='lat' dir='ltr'><strong>reconciliatio,quam</strong></span> <span class='ocrx_word' id='word_1_397' title='bbox 1052 3724 1109 3769; x_wconf 87' lang='lat' dir='ltr'><strong>et</strong></span> <span class='ocrx_word' id='word_1_398' title='bbox 1129 3713 1288 3784; x_wconf 91' lang='lat' dir='ltr'><strong>pueri</strong></span> <span class='ocrx_word' id='word_1_399' title='bbox 1317 3729 1443 3768; x_wconf 93' lang='lat' dir='ltr'><strong>cum</strong></span> <span class='ocrx_word' id='word_1_400' title='bbox 1464 3711 1612 3766; x_wconf 90' lang='lat' dir='ltr'><strong>docti</strong></span> <span class='ocrx_word' id='word_1_401' title='bbox 1642 3720 1855 3773; x_wconf 86' lang='lat' dir='ltr'><strong>essent,</strong></span> 
     </span>
    </p>
   </div>
   <div class='ocr_carea' id='block_1_56' title="bbox 256 3803 1853 3876">
    <p class='ocr_par' dir='ltr' id='par_1_56' title="bbox 256 3803 1853 3876">
     <span class='ocr_line' id='line_1_56' title="bbox 256 3803 1853 3876; baseline -0.001 -18"><span class='ocrx_word' id='word_1_402' title='bbox 256 3808 607 3864; x_wconf 70' lang='lat' dir='ltr'><strong>clamabant:</strong></span> <span class='ocrx_word' id='word_1_403' title='bbox 647 3806 944 3861; x_wconf 79' lang='lat' dir='ltr'><strong>&quot;osanna:</strong></span> <span class='ocrx_word' id='word_1_404' title='bbox 977 3823 1084 3876; x_wconf 86' lang='lat' dir='ltr'><strong>pax</strong></span> <span class='ocrx_word' id='word_1_405' title='bbox 1129 3809 1184 3860; x_wconf 90' lang='lat' dir='ltr'><strong>in</strong></span> <span class='ocrx_word' id='word_1_406' title='bbox 1217 3806 1369 3870; x_wconf 75' lang='lat' dir='ltr'><strong>cwlo,</strong></span> <span class='ocrx_word' id='word_1_407' title='bbox 1401 3813 1450 3857; x_wconf 90' lang='lat' dir='ltr'><strong>et</strong></span> <span class='ocrx_word' id='word_1_408' title='bbox 1476 3803 1650 3875; x_wconf 86' lang='lat' dir='ltr'><strong>gloria</strong></span> <span class='ocrx_word' id='word_1_409' title='bbox 1685 3805 1739 3857; x_wconf 90' lang='lat' dir='ltr'><strong>in</strong></span> <span class='ocrx_word' id='word_1_410' title='bbox 1770 3804 1853 3857; x_wconf 89' lang='lat' dir='ltr'><strong>al—</strong></span> 
     </span>
    </p>
   </div>
   <div class='ocr_carea' id='block_1_57' title="bbox 203 3897 1851 3970">
    <p class='ocr_par' dir='ltr' id='par_1_57' title="bbox 203 3897 1851 3970">
     <span class='ocr_line' id='line_1_57' title="bbox 203 3897 1851 3970; baseline 0 -18"><span class='ocrx_word' id='word_1_411' title='bbox 203 3913 206 3916; x_wconf 67' lang='lat'><strong><em>‘</em></strong></span> <span class='ocrx_word' id='word_1_412' title='bbox 258 3901 492 3954; x_wconf 79' lang='lat' dir='ltr'><strong>tissimis.</strong></span> <span class='ocrx_word' id='word_1_413' title='bbox 532 3900 668 3954; x_wconf 86' lang='lat' dir='ltr'><strong>Nam</strong></span> <span class='ocrx_word' id='word_1_414' title='bbox 701 3915 824 3970; x_wconf 63' lang='lat' dir='ltr'><strong>quae</strong></span> <span class='ocrx_word' id='word_1_415' title='bbox 864 3900 994 3954; x_wconf 91' lang='lat' dir='ltr'><strong>olim</strong></span> <span class='ocrx_word' id='word_1_416' title='bbox 1027 3900 1242 3955; x_wconf 81' lang='lat' dir='ltr'><strong>infense</strong></span> <span class='ocrx_word' id='word_1_417' title='bbox 1273 3899 1572 3964; x_wconf 87' lang='lat' dir='ltr'><strong>habebant,</strong></span> <span class='ocrx_word' id='word_1_418' title='bbox 1607 3897 1851 3952; x_wconf 89' lang='lat' dir='ltr'><strong>fraterna</strong></span> 
     </span>
    </p>
   </div>
   <div class='ocr_carea' id='block_1_58' title="bbox 257 3992 1854 4062">
    <p class='ocr_par' dir='ltr' id='par_1_58' title="bbox 257 3992 1854 4062">
     <span class='ocr_line' id='line_1_58' title="bbox 257 3992 1854 4062; baseline -0.001 -15"><span class='ocrx_word' id='word_1_419' title='bbox 257 4009 409 4048; x_wconf 89' lang='lat' dir='ltr'><strong>nunc</strong></span> <span class='ocrx_word' id='word_1_420' title='bbox 441 3993 710 4048; x_wconf 90' lang='lat' dir='ltr'><strong>charitate</strong></span> <span class='ocrx_word' id='word_1_421' title='bbox 734 4002 990 4048; x_wconf 88' lang='lat' dir='ltr'><strong>conserta</strong></span> <span class='ocrx_word' id='word_1_422' title='bbox 1006 4002 1139 4048; x_wconf 90' lang='lat' dir='ltr'><strong>sunt</strong></span> <span class='ocrx_word' id='word_1_423' title='bbox 1161 4010 1175 4058; x_wconf 87' lang='lat'><strong>;</strong></span> <span class='ocrx_word' id='word_1_424' title='bbox 1196 4008 1362 4048; x_wconf 89' lang='lat' dir='ltr'><strong>unam</strong></span> <span class='ocrx_word' id='word_1_425' title='bbox 1381 3992 1624 4048; x_wconf 69' lang='lat' dir='ltr'><strong>coelestia</strong></span> <span class='ocrx_word' id='word_1_426' title='bbox 1643 3992 1854 4062; x_wconf 89' lang='lat' dir='ltr'><strong>pariter</strong></span> 
     </span>
    </p>
   </div>
   <div class='ocr_carea' id='block_1_59' title="bbox 257 4083 1854 4151">
    <p class='ocr_par' dir='ltr' id='par_1_59' title="bbox 257 4083 1854 4151">
     <span class='ocr_line' id='line_1_59' title="bbox 257 4083 1854 4151; baseline -0.002 -12"><span class='ocrx_word' id='word_1_427' title='bbox 257 4102 321 4140; x_wconf 85' lang='lat' dir='ltr'><strong>ac</strong></span> <span class='ocrx_word' id='word_1_428' title='bbox 350 4093 592 4151; x_wconf 86' lang='lat' dir='ltr'><strong>terrena,</strong></span> <span class='ocrx_word' id='word_1_429' title='bbox 615 4085 840 4141; x_wconf 84' lang='lat' dir='ltr'><strong>Christo</strong></span> <span class='ocrx_word' id='word_1_430' title='bbox 873 4086 1084 4142; x_wconf 68' lang='lat' dir='ltr'><strong>caelesti</strong></span> <span class='ocrx_word' id='word_1_431' title='bbox 1128 4085 1290 4140; x_wconf 90' lang='lat' dir='ltr'><strong>simul</strong></span> <span class='ocrx_word' id='word_1_432' title='bbox 1322 4100 1386 4139; x_wconf 91' lang='lat' dir='ltr'><strong>ac</strong></span> <span class='ocrx_word' id='word_1_433' title='bbox 1415 4094 1657 4148; x_wconf 88' lang='lat' dir='ltr'><strong>terreno,</strong></span> <span class='ocrx_word' id='word_1_434' title='bbox 1709 4083 1854 4137; x_wconf 89' lang='lat' dir='ltr'><strong>divi-</strong></span> 
     </span>
    </p>
   </div>
   <div class='ocr_carea' id='block_1_60' title="bbox 257 4175 1849 4234">
    <p class='ocr_par' dir='ltr' id='par_1_60' title="bbox 257 4175 1849 4234">
     <span class='ocr_line' id='line_1_60' title="bbox 257 4175 1849 4234; baseline -0.001 -3"><span class='ocrx_word' id='word_1_435' title='bbox 257 4177 449 4233; x_wconf 87' lang='lat' dir='ltr'><strong>nitatis</strong></span> <span class='ocrx_word' id='word_1_436' title='bbox 495 4177 904 4234; x_wconf 84' lang='lat' dir='ltr'><strong>confessionem</strong></span> <span class='ocrx_word' id='word_1_437' title='bbox 966 4194 1031 4233; x_wconf 92' lang='lat' dir='ltr'><strong>ac</strong></span> <span class='ocrx_word' id='word_1_438' title='bbox 1094 4177 1484 4234; x_wconf 88' lang='lat' dir='ltr'><strong>adorationem</strong></span> <span class='ocrx_word' id='word_1_439' title='bbox 1535 4175 1849 4231; x_wconf 81' lang='lat' dir='ltr'><strong>otl&#39;erentia.</strong></span> 
     </span>
    </p>
   </div>
   <div class='ocr_carea' id='block_1_61' title="bbox 255 4265 1860 4340">
    <p class='ocr_par' dir='ltr' id='par_1_61' title="bbox 255 4265 1860 4340">
     <span class='ocr_line' id='line_1_61' title="bbox 255 4265 1860 4340; baseline -0.002 -16"><span class='ocrx_word' id='word_1_440' title='bbox 255 4270 634 4336; x_wconf 14' lang='lat' dir='ltr'><strong>Quamobrem:</strong></span> <span class='ocrx_word' id='word_1_441' title='bbox 657 4270 858 4340; x_wconf 80' lang='lat' dir='ltr'><strong>iubent</strong></span> <span class='ocrx_word' id='word_1_442' title='bbox 896 4271 1106 4340; x_wconf 82' lang='lat' dir='ltr'><strong>superi,</strong></span> <span class='ocrx_word' id='word_1_443' title='bbox 1139 4278 1199 4323; x_wconf 88' lang='lat' dir='ltr'><strong>ut</strong></span> <span class='ocrx_word' id='word_1_444' title='bbox 1239 4269 1292 4323; x_wconf 92' lang='lat' dir='ltr'><strong>ei</strong></span> <span class='ocrx_word' id='word_1_445' title='bbox 1340 4266 1499 4321; x_wconf 88' lang='lat' dir='ltr'><strong>inferi</strong></span> <span class='ocrx_word' id='word_1_446' title='bbox 1537 4265 1860 4322; x_wconf 85' lang='lat' dir='ltr'><strong>Divinitatis</strong></span> 
     </span>
    </p>
   </div>
   <div class='ocr_carea' id='block_1_62' title="bbox 255 4356 1855 4429">
    <p class='ocr_par' dir='ltr' id='par_1_62' title="bbox 255 4356 1855 4429">
     <span class='ocr_line' id='line_1_62' title="bbox 255 4356 1855 4429; baseline -0.001 -16"><span class='ocrx_word' id='word_1_447' title='bbox 255 4362 495 4417; x_wconf 70' lang='lat' dir='ltr'><strong>offerant</strong></span> <span class='ocrx_word' id='word_1_448' title='bbox 520 4363 924 4419; x_wconf 77' lang='lat' dir='ltr'><strong>confessionem</strong></span> <span class='ocrx_word' id='word_1_449' title='bbox 952 4380 964 4414; x_wconf 92' lang='lat'><strong>:</strong></span> <span class='ocrx_word' id='word_1_450' title='bbox 997 4361 1232 4416; x_wconf 78' lang='lat' dir='ltr'><strong>Adorent</strong></span> <span class='ocrx_word' id='word_1_451' title='bbox 1263 4375 1382 4413; x_wconf 83' lang='lat' dir='ltr'><strong>eum</strong></span> <span class='ocrx_word' id='word_1_452' title='bbox 1431 4375 1610 4412; x_wconf 87' lang='lat' dir='ltr'><strong>omnes</strong></span> <span class='ocrx_word' id='word_1_453' title='bbox 1635 4356 1855 4429; x_wconf 70' lang='lat' dir='ltr'><strong>familia:</strong></span> 
     </span>
    </p>
   </div>
   <div class='ocr_carea' id='block_1_63' title="bbox 256 4451 1858 4526">
    <p class='ocr_par' dir='ltr' id='par_1_63' title="bbox 256 4451 1858 4526">
     <span class='ocr_line' id='line_1_63' title="bbox 256 4451 1858 4526; baseline -0.003 -17"><span class='ocrx_word' id='word_1_454' title='bbox 256 4455 576 4524; x_wconf 73' lang='lat' dir='ltr'><strong>gentium“.</strong></span> <span class='ocrx_word' id='word_1_455' title='bbox 608 4455 774 4512; x_wconf 85' lang='lat' dir='ltr'><strong>Inferi</strong></span> <span class='ocrx_word' id='word_1_456' title='bbox 812 4455 1031 4526; x_wconf 88' lang='lat' dir='ltr'><strong>superis</strong></span> <span class='ocrx_word' id='word_1_457' title='bbox 1063 4453 1441 4523; x_wconf 89' lang='lat' dir='ltr'><strong>respondent:</strong></span> <span class='ocrx_word' id='word_1_458' title='bbox 1478 4451 1710 4505; x_wconf 82' lang='lat' dir='ltr'><strong>Adorent</strong></span> <span class='ocrx_word' id='word_1_459' title='bbox 1736 4467 1858 4504; x_wconf 83' lang='lat' dir='ltr'><strong>eum</strong></span> 
     </span>
    </p>
   </div>
   <div class='ocr_carea' id='block_1_64' title="bbox 1881 3229 1925 3288">
    <p class='ocr_par' dir='ltr' id='par_1_64' title="bbox 1881 3229 1925 3288">
     <span class='ocr_line' id='line_1_64' title="bbox 1881 3229 1925 3288; baseline 0 0"><span class='ocrx_word' id='word_1_460' title='bbox 1881 3229 1925 3288; x_wconf 88' lang='lat' dir='ltr'><strong>C</strong></span> 
     </span>
    </p>
   </div>
   <div class='ocr_carea' id='block_1_65' title="bbox 1963 1965 3549 2044">
    <p class='ocr_par' dir='ltr' id='par_1_65' title="bbox 1963 1965 3549 2044">
     <span class='ocr_line' id='line_1_65' title="bbox 1963 1965 3549 2044; baseline -0.007 -18"><span class='ocrx_word' id='word_1_461' title='bbox 1963 1973 2242 2044; x_wconf 69' lang='grc' dir='ltr'>βασιλικαὶ</span> <span class='ocrx_word' id='word_1_462' title='bbox 2275 1970 2556 2040; x_wconf 83' lang='grc' dir='ltr'>δυνάμεις,</span> <span class='ocrx_word' id='word_1_463' title='bbox 2589 1970 2645 2020; x_wconf 85' lang='grc' dir='ltr'>αἱ</span> <span class='ocrx_word' id='word_1_464' title='bbox 2683 1969 2740 2018; x_wconf 78' lang='grc' dir='ltr'>ὲν</span> <span class='ocrx_word' id='word_1_465' title='bbox 2767 1969 2832 2037; x_wconf 77' lang='grc' dir='ltr'>τῇ</span> <span class='ocrx_word' id='word_1_466' title='bbox 2886 1967 3038 2036; x_wconf 82' lang='grc' dir='ltr'>κάτῳ</span> <span class='ocrx_word' id='word_1_467' title='bbox 3065 1967 3318 2036; x_wconf 84' lang='grc' dir='ltr'>γεννήσει</span> <span class='ocrx_word' id='word_1_468' title='bbox 3358 1965 3549 2027; x_wconf 80' lang='grc' dir='ltr'>αὑτοῦ,</span> 
     </span>
    </p>
   </div>
   <div class='ocr_carea' id='block_1_66' title="bbox 1959 2059 3552 2139">
    <p class='ocr_par' dir='ltr' id='par_1_66' title="bbox 1959 2059 3552 2139">
     <span class='ocr_line' id='line_1_66' title="bbox 1959 2059 3552 2139; baseline -0.006 -19"><span class='ocrx_word' id='word_1_469' title='bbox 1959 2069 2224 2139; x_wconf 77' lang='grc' dir='ltr'>βοήσασαι</span> <span class='ocrx_word' id='word_1_470' title='bbox 2252 2065 2366 2133; x_wconf 84' lang='grc' dir='ltr'>ἄμα</span> <span class='ocrx_word' id='word_1_471' title='bbox 2405 2063 2498 2114; x_wconf 70' lang='grc' dir='ltr'><strong>καὶ</strong></span> <span class='ocrx_word' id='word_1_472' title='bbox 2533 2062 2844 2130; x_wconf 71' lang='grc' dir='ltr'>ὑμνήσασαι</span> <span class='ocrx_word' id='word_1_473' title='bbox 2871 2077 2883 2089; x_wconf 88' lang='grc'><strong>·</strong></span> <span class='ocrx_word' id='word_1_474' title='bbox 2937 2059 3092 2122; x_wconf 80' lang='grc' dir='ltr'><em>Δόξα</em></span> <span class='ocrx_word' id='word_1_475' title='bbox 3134 2059 3206 2111; x_wconf 72' lang='grc' dir='ltr'>ὲν</span> <span class='ocrx_word' id='word_1_476' title='bbox 3260 2060 3552 2126; x_wconf 74' lang='grc' dir='ltr'>ὑψίστοις</span> 
     </span>
    </p>
   </div>
   <div class='ocr_carea' id='block_1_67' title="bbox 1959 2148 3549 2224">
    <p class='ocr_par' dir='ltr' id='par_1_67' title="bbox 1959 2148 3549 2224">
     <span class='ocr_line' id='line_1_67' title="bbox 1959 2148 3549 2224; baseline -0.007 -12"><span class='ocrx_word' id='word_1_477' title='bbox 1959 2157 2102 2224; x_wconf 85' lang='grc' dir='ltr'><strong>Θεῷ,</strong></span> <span class='ocrx_word' id='word_1_478' title='bbox 2148 2155 2246 2210; x_wconf 78' lang='grc' dir='ltr'><strong>καὶ</strong></span> <span class='ocrx_word' id='word_1_479' title='bbox 2269 2155 2367 2208; x_wconf 81' lang='grc' dir='ltr'><strong>ἐπὶ</strong></span> <span class='ocrx_word' id='word_1_480' title='bbox 2391 2153 2504 2223; x_wconf 53' lang='grc' dir='ltr'><strong>τῆς</strong></span> <span class='ocrx_word' id='word_1_481' title='bbox 2533 2153 2765 2222; x_wconf 77' lang='grc' dir='ltr'>ειρήνη,</span> <span class='ocrx_word' id='word_1_482' title='bbox 2793 2152 2864 2204; x_wconf 81' lang='grc' dir='ltr'>ἐν</span> <span class='ocrx_word' id='word_1_483' title='bbox 2890 2149 3225 2216; x_wconf 80' lang='grc' dir='ltr'>ἀνθρώποις</span> <span class='ocrx_word' id='word_1_484' title='bbox 3256 2148 3504 2203; x_wconf 82' lang='grc' dir='ltr'>εὐδοκία</span> <span class='ocrx_word' id='word_1_485' title='bbox 3534 2165 3549 2178; x_wconf 89' lang='grc'><strong>·</strong></span> 
     </span>
    </p>
   </div>
   <div class='ocr_carea' id='block_1_68' title="bbox 1956 2241 3552 2318">
    <p class='ocr_par' dir='ltr' id='par_1_68' title="bbox 1956 2241 3552 2318">
     <span class='ocr_line' id='line_1_68' title="bbox 1956 2241 3552 2318; baseline -0.006 -14"><span class='ocrx_word' id='word_1_486' title='bbox 1956 2247 2036 2314; x_wconf 77' lang='grc' dir='ltr'><strong>οἷς</strong></span> <span class='ocrx_word' id='word_1_487' title='bbox 2067 2266 2148 2318; x_wconf 66' lang='grc' dir='ltr'><strong>γε,</strong></span> <span class='ocrx_word' id='word_1_488' title='bbox 2177 2248 2354 2310; x_wconf 84' lang='grc' dir='ltr'>καλῶς</span> <span class='ocrx_word' id='word_1_489' title='bbox 2388 2245 2771 2316; x_wconf 84' lang='grc' dir='ltr'>έμαθήτευσαν</span> <span class='ocrx_word' id='word_1_490' title='bbox 2810 2242 2920 2294; x_wconf 88' lang='grc' dir='ltr'><strong>τῶν</strong></span> <span class='ocrx_word' id='word_1_491' title='bbox 2968 2241 3236 2312; x_wconf 75' lang='grc' dir='ltr'>Ἐϐραίων</span> <span class='ocrx_word' id='word_1_492' title='bbox 3280 2243 3329 2294; x_wconf 79' lang='grc' dir='ltr'>οἱ</span> <span class='ocrx_word' id='word_1_493' title='bbox 3368 2241 3552 2294; x_wconf 87' lang='grc' dir='ltr'>θεολό-</span> 
     </span>
    </p>
   </div>
   <div class='ocr_carea' id='block_1_69' title="bbox 1957 2335 3550 2412">
    <p class='ocr_par' dir='ltr' id='par_1_69' title="bbox 1957 2335 3550 2412">
     <span class='ocr_line' id='line_1_69' title="bbox 1957 2335 3550 2412; baseline -0.006 -16"><span class='ocrx_word' id='word_1_494' title='bbox 1957 2361 2043 2412; x_wconf 90' lang='grc' dir='ltr'><strong>γοι</strong></span> <span class='ocrx_word' id='word_1_495' title='bbox 2069 2343 2260 2404; x_wconf 87' lang='grc' dir='ltr'>παῖδες</span> <span class='ocrx_word' id='word_1_496' title='bbox 2291 2341 2532 2410; x_wconf 88' lang='grc' dir='ltr'>σήμερον</span> <span class='ocrx_word' id='word_1_497' title='bbox 2559 2337 2811 2404; x_wconf 74' lang='grc' dir='ltr'>λέγοντες</span> <span class='ocrx_word' id='word_1_498' title='bbox 2837 2351 2850 2364; x_wconf 76' lang='grc'><strong><em>⁸</em></strong></span> <span class='ocrx_word' id='word_1_499' title='bbox 2914 2335 3178 2388; x_wconf 84' lang='grc' dir='ltr'>Ὡσαννὰ</span> <span class='ocrx_word' id='word_1_500' title='bbox 3202 2351 3217 2366; x_wconf 77' lang='grc' dir='ltr'><strong>ο</strong></span> <span class='ocrx_word' id='word_1_501' title='bbox 3273 2335 3550 2403; x_wconf 70' lang='grc' dir='ltr'><strong>Εὐλογη-</strong></span> 
     </span>
    </p>
   </div>
   <div class='ocr_carea' id='block_1_70' title="bbox 1949 2426 3550 2506">
    <p class='ocr_par' dir='ltr' id='par_1_70' title="bbox 1949 2426 3550 2506">
     <span class='ocr_line' id='line_1_70' title="bbox 1949 2426 3550 2506; baseline -0.007 -17"><span class='ocrx_word' id='word_1_502' title='bbox 1949 2437 2138 2506; x_wconf 79' lang='grc' dir='ltr'>μένος</span> <span class='ocrx_word' id='word_1_503' title='bbox 2169 2438 2202 2488; x_wconf 90' lang='grc' dir='ltr'><em>ό</em></span> <span class='ocrx_word' id='word_1_504' title='bbox 2237 2434 2566 2502; x_wconf 71' lang='grc' dir='ltr'>ἐρχόμενος</span> <span class='ocrx_word' id='word_1_505' title='bbox 2591 2431 2660 2483; x_wconf 82' lang='grc' dir='ltr'>ἐν</span> <span class='ocrx_word' id='word_1_506' title='bbox 2717 2429 2964 2498; x_wconf 81' lang='grc' dir='ltr'>ὀνόματι</span> <span class='ocrx_word' id='word_1_507' title='bbox 3019 2428 3246 2496; x_wconf 83' lang='grc' dir='ltr'><strong>Κυρίου</strong></span> <span class='ocrx_word' id='word_1_508' title='bbox 3280 2442 3293 2454; x_wconf 86' lang='grc'><em>’</em></span> <span class='ocrx_word' id='word_1_509' title='bbox 3336 2426 3550 2496; x_wconf 73' lang='grc' dir='ltr'>ειρήνη</span> 
     </span>
    </p>
   </div>
   <div class='ocr_carea' id='block_1_71' title="bbox 1956 2518 3556 2595">
    <p class='ocr_par' dir='ltr' id='par_1_71' title="bbox 1956 2518 3556 2595">
     <span class='ocr_line' id='line_1_71' title="bbox 1956 2518 3556 2595; baseline -0.005 -15"><span class='ocrx_word' id='word_1_510' title='bbox 1956 2528 2026 2580; x_wconf 85' lang='grc' dir='ltr'>ἐν</span> <span class='ocrx_word' id='word_1_511' title='bbox 2053 2525 2309 2595; x_wconf 85' lang='grc' dir='ltr'>οὐρανῷ,</span> <span class='ocrx_word' id='word_1_512' title='bbox 2353 2525 2451 2578; x_wconf 77' lang='grc' dir='ltr'><strong>καὶ</strong></span> <span class='ocrx_word' id='word_1_513' title='bbox 2477 2522 2630 2586; x_wconf 78' lang='grc' dir='ltr'>δόξα</span> <span class='ocrx_word' id='word_1_514' title='bbox 2666 2522 2736 2575; x_wconf 79' lang='grc' dir='ltr'>ἐν</span> <span class='ocrx_word' id='word_1_515' title='bbox 2791 2523 3104 2588; x_wconf 64' lang='grc' dir='ltr'>ὑψίστοις.</span> <span class='ocrx_word' id='word_1_516' title='bbox 3141 2518 3332 2581; x_wconf 79' lang='grc' dir='ltr'>Οὕτως</span> <span class='ocrx_word' id='word_1_517' title='bbox 3384 2518 3556 2590; x_wconf 70' lang='grc' dir='ltr'>γάρό</span> 
     </span>
    </p>
   </div>
   <div class='ocr_carea' id='block_1_72' title="bbox 1956 2610 3549 2687">
    <p class='ocr_par' dir='ltr' id='par_1_72' title="bbox 1956 2610 3549 2687">
     <span class='ocr_line' id='line_1_72' title="bbox 1956 2610 3549 2687; baseline -0.006 -14"><span class='ocrx_word' id='word_1_518' title='bbox 1956 2620 2170 2682; x_wconf 82' lang='grc' dir='ltr'><strong>Λουκᾶς</strong></span> <span class='ocrx_word' id='word_1_519' title='bbox 2223 2618 2435 2687; x_wconf 61' lang='grc' dir='ltr'>εἰρηκε.</span> <span class='ocrx_word' id='word_1_520' title='bbox 2482 2616 2593 2668; x_wconf 68' lang='grc' dir='ltr'>Καὶ</span> <span class='ocrx_word' id='word_1_521' title='bbox 2622 2610 2690 2684; x_wconf 80' lang='grc' dir='ltr'>ἦν</span> <span class='ocrx_word' id='word_1_522' title='bbox 2727 2616 2782 2666; x_wconf 86' lang='grc' dir='ltr'><strong>έν</strong></span> <span class='ocrx_word' id='word_1_523' title='bbox 2811 2612 2950 2665; x_wconf 86' lang='grc' dir='ltr'>Σιὼν</span> <span class='ocrx_word' id='word_1_524' title='bbox 2987 2611 3196 2664; x_wconf 82' lang='grc' dir='ltr'>ἰδέσθαι</span> <span class='ocrx_word' id='word_1_525' title='bbox 3227 2611 3418 2680; x_wconf 80' lang='grc' dir='ltr'>ὥσπερ</span> <span class='ocrx_word' id='word_1_526' title='bbox 3449 2612 3549 2663; x_wconf 83' lang='grc' dir='ltr'>ἀν-</span> 
     </span>
    </p>
   </div>
   <div class='ocr_carea' id='block_1_73' title="bbox 1956 2703 3554 2781">
    <p class='ocr_par' dir='ltr' id='par_1_73' title="bbox 1956 2703 3554 2781">
     <span class='ocr_line' id='line_1_73' title="bbox 1956 2703 3554 2781; baseline -0.006 -16"><span class='ocrx_word' id='word_1_527' title='bbox 1956 2711 2365 2781; x_wconf 74' lang='grc' dir='ltr'>τιφθεγγόμενα</span> <span class='ocrx_word' id='word_1_528' title='bbox 2409 2710 2504 2762; x_wconf 78' lang='grc' dir='ltr'><strong>καὶ</strong></span> <span class='ocrx_word' id='word_1_529' title='bbox 2537 2706 2996 2774; x_wconf 79' lang='grc' dir='ltr'>ἀντασπαζόμενα</span> <span class='ocrx_word' id='word_1_530' title='bbox 3020 2703 3303 2773; x_wconf 78' lang='grc' dir='ltr'>ἀλληλατά</span> <span class='ocrx_word' id='word_1_531' title='bbox 3321 2703 3554 2774; x_wconf 77' lang='grc' dir='ltr'>οὐράνια</span> 
     </span>
    </p>
   </div>
   <div class='ocr_carea' id='block_1_74' title="bbox 1956 2796 3552 2872">
    <p class='ocr_par' dir='ltr' id='par_1_74' title="bbox 1956 2796 3552 2872">
     <span class='ocr_line' id='line_1_74' title="bbox 1956 2796 3552 2872; baseline -0.008 -12"><span class='ocrx_word' id='word_1_532' title='bbox 1956 2811 2053 2860; x_wconf 81' lang='grc' dir='ltr'>καὶ</span> <span class='ocrx_word' id='word_1_533' title='bbox 2076 2806 2143 2859; x_wconf 73' lang='grc' dir='ltr'><strong>τὰ</strong></span> <span class='ocrx_word' id='word_1_534' title='bbox 2177 2806 2416 2872; x_wconf 73' lang='grc' dir='ltr'>ἐπίγεια.</span> <span class='ocrx_word' id='word_1_535' title='bbox 2459 2803 2522 2855; x_wconf 90' lang='grc' dir='ltr'><strong>Οἱ</strong></span> <span class='ocrx_word' id='word_1_536' title='bbox 2567 2802 2678 2853; x_wconf 83' lang='grc' dir='ltr'>ἄνω</span> <span class='ocrx_word' id='word_1_537' title='bbox 2698 2798 2938 2858; x_wconf 80' lang='grc' dir='ltr'>λέγουσι·</span> <span class='ocrx_word' id='word_1_538' title='bbox 2971 2796 3127 2860; x_wconf 80' lang='grc' dir='ltr'><strong>Δόξα</strong></span> <span class='ocrx_word' id='word_1_539' title='bbox 3154 2796 3225 2849; x_wconf 84' lang='grc' dir='ltr'>ὲν</span> <span class='ocrx_word' id='word_1_540' title='bbox 3258 2797 3552 2864; x_wconf 64' lang='grc' dir='ltr'>ὑψίστοις</span> 
     </span>
    </p>
   </div>
   <div class='ocr_carea' id='block_1_75' title="bbox 1959 2878 3547 2964">
    <p class='ocr_par' dir='ltr' id='par_1_75' title="bbox 1959 2878 3547 2964">
     <span class='ocr_line' id='line_1_75' title="bbox 1959 2878 3547 2964; baseline -0.009 -11"><span class='ocrx_word' id='word_1_541' title='bbox 1959 2899 2103 2964; x_wconf 84' lang='grc' dir='ltr'>Θεῷ,</span> <span class='ocrx_word' id='word_1_542' title='bbox 2145 2899 2244 2952; x_wconf 79' lang='grc' dir='ltr'><strong>καὶ</strong></span> <span class='ocrx_word' id='word_1_543' title='bbox 2291 2895 2389 2950; x_wconf 81' lang='grc' dir='ltr'><strong>ἐπὶ</strong></span> <span class='ocrx_word' id='word_1_544' title='bbox 2442 2893 2556 2964; x_wconf 71' lang='grc' dir='ltr'>γῆς</span> <span class='ocrx_word' id='word_1_545' title='bbox 2579 2878 2786 2958; x_wconf 61' lang='grc' dir='ltr'>ειρέὶνη</span> <span class='ocrx_word' id='word_1_546' title='bbox 2812 2909 2822 2920; x_wconf 76' lang='grc' dir='ltr'><strong><em>ο</em></strong></span> <span class='ocrx_word' id='word_1_547' title='bbox 2851 2891 2904 2942; x_wconf 82' lang='grc' dir='ltr'><strong>οἱ</strong></span> <span class='ocrx_word' id='word_1_548' title='bbox 2941 2890 3093 2942; x_wconf 80' lang='grc' dir='ltr'>κάτω</span> <span class='ocrx_word' id='word_1_549' title='bbox 3119 2889 3509 2959; x_wconf 74' lang='grc' dir='ltr'>ἀποκρίνονται</span> <span class='ocrx_word' id='word_1_550' title='bbox 3533 2907 3547 2917; x_wconf 88' lang='grc'><strong>·</strong></span> 
     </span>
    </p>
   </div>
   <div class='ocr_carea' id='block_1_76' title="bbox 1952 2982 3550 3059">
    <p class='ocr_par' dir='ltr' id='par_1_76' title="bbox 1952 2982 3550 3059">
     <span class='ocr_line' id='line_1_76' title="bbox 1952 2982 3550 3059; baseline -0.008 -14"><span class='ocrx_word' id='word_1_551' title='bbox 1952 2992 2180 3059; x_wconf 77' lang='grc' dir='ltr'>Εἰρήνη</span> <span class='ocrx_word' id='word_1_552' title='bbox 2194 2992 2263 3043; x_wconf 84' lang='grc' dir='ltr'>ἐν</span> <span class='ocrx_word' id='word_1_553' title='bbox 2278 2989 2534 3056; x_wconf 64' lang='grc' dir='ltr'>οῖ’ρρανῷ,</span> <span class='ocrx_word' id='word_1_554' title='bbox 2549 2989 2644 3040; x_wconf 73' lang='grc' dir='ltr'><strong>καὶ</strong></span> <span class='ocrx_word' id='word_1_555' title='bbox 2661 2990 2811 3054; x_wconf 79' lang='grc' dir='ltr'>δόξα</span> <span class='ocrx_word' id='word_1_556' title='bbox 2825 2989 2894 3042; x_wconf 77' lang='grc' dir='ltr'>ἐν</span> <span class='ocrx_word' id='word_1_557' title='bbox 2915 2989 3214 3057; x_wconf 67' lang='grc' dir='ltr'>ὑψίστοις.</span> <span class='ocrx_word' id='word_1_558' title='bbox 3225 2987 3286 3038; x_wconf 86' lang='grc' dir='ltr'><strong>Οἱ</strong></span> <span class='ocrx_word' id='word_1_559' title='bbox 3299 2982 3521 3052; x_wconf 71' lang='grc' dir='ltr'>ἄγγελοι</span> <span class='ocrx_word' id='word_1_560' title='bbox 3533 3022 3550 3043; x_wconf 90' lang='grc'><strong>,</strong></span> 
     </span>
    </p>
   </div>
   <div class='ocr_carea' id='block_1_77' title="bbox 1959 3075 3555 3153">
    <p class='ocr_par' dir='ltr' id='par_1_77' title="bbox 1959 3075 3555 3153">
     <span class='ocr_line' id='line_1_77' title="bbox 1959 3075 3555 3153; baseline -0.009 -14"><span class='ocrx_word' id='word_1_561' title='bbox 1959 3085 2090 3139; x_wconf 76' lang='grc' dir='ltr'><strong>Ἐπὶ</strong></span> <span class='ocrx_word' id='word_1_562' title='bbox 2109 3083 2226 3152; x_wconf 79' lang='grc' dir='ltr'>γῆς</span> <span class='ocrx_word' id='word_1_563' title='bbox 2244 3083 2475 3149; x_wconf 80' lang='grc' dir='ltr'>εἰρήνη,</span> <span class='ocrx_word' id='word_1_564' title='bbox 2497 3082 2787 3153; x_wconf 85' lang='grc' dir='ltr'>εἰρήκασιν</span> <span class='ocrx_word' id='word_1_565' title='bbox 2809 3097 2823 3112; x_wconf 72' lang='grc' dir='ltr'><strong>ο</strong></span> <span class='ocrx_word' id='word_1_566' title='bbox 2847 3082 2896 3133; x_wconf 78' lang='grc' dir='ltr'><strong>οἱ</strong></span> <span class='ocrx_word' id='word_1_567' title='bbox 2911 3079 3208 3150; x_wconf 78' lang='grc' dir='ltr'>ἄνθρωποι,</span> <span class='ocrx_word' id='word_1_568' title='bbox 3234 3075 3461 3143; x_wconf 70' lang='grc' dir='ltr'>Εἰρήνη</span> <span class='ocrx_word' id='word_1_569' title='bbox 3477 3075 3555 3126; x_wconf 80' lang='grc' dir='ltr'>ἐν</span> 
     </span>
    </p>
   </div>
   <div class='ocr_carea' id='block_1_78' title="bbox 1959 3165 3551 3244">
    <p class='ocr_par' dir='ltr' id='par_1_78' title="bbox 1959 3165 3551 3244">
     <span class='ocr_line' id='line_1_78' title="bbox 1959 3165 3551 3244; baseline -0.009 -11"><span class='ocrx_word' id='word_1_570' title='bbox 1959 3175 2216 3244; x_wconf 74' lang='grc' dir='ltr'>οὐρανῷ,</span> <span class='ocrx_word' id='word_1_571' title='bbox 2235 3172 2743 3242; x_wconf 85' lang='grc' dir='ltr'>κεκράγασι.Διατί;</span> <span class='ocrx_word' id='word_1_572' title='bbox 2765 3165 2952 3238; x_wconf 80' lang='grc' dir='ltr'>ἐπειδὴ</span> <span class='ocrx_word' id='word_1_573' title='bbox 2971 3171 3174 3240; x_wconf 77' lang='grc' dir='ltr'><strong>ἐπέστη</strong></span> <span class='ocrx_word' id='word_1_574' title='bbox 3193 3171 3219 3222; x_wconf 84' lang='grc' dir='ltr'>ὁ</span> <span class='ocrx_word' id='word_1_575' title='bbox 3233 3170 3368 3222; x_wconf 84' lang='grc' dir='ltr'>πᾶσι</span> <span class='ocrx_word' id='word_1_576' title='bbox 3383 3166 3524 3237; x_wconf 82' lang='grc' dir='ltr'>βοῶν</span> <span class='ocrx_word' id='word_1_577' title='bbox 3539 3183 3551 3197; x_wconf 88' lang='grc'><strong>·</strong></span> 
     </span>
    </p>
   </div>
   <div class='ocr_carea' id='block_1_79' title="bbox 1958 3246 3550 3337">
    <p class='ocr_par' dir='ltr' id='par_1_79' title="bbox 1958 3246 3550 3337">
     <span class='ocr_line' id='line_1_79' title="bbox 1958 3246 3550 3337; baseline -0.008 -14"><span class='ocrx_word' id='word_1_578' title='bbox 1958 3267 2186 3337; x_wconf 73' lang='grc' dir='ltr'>Εἰρήνη</span> <span class='ocrx_word' id='word_1_579' title='bbox 2234 3268 2374 3337; x_wconf 80' lang='grc' dir='ltr'>ὑμῖν</span> <span class='ocrx_word' id='word_1_580' title='bbox 2393 3283 2405 3296; x_wconf 88' lang='grc'><strong>·</strong></span> <span class='ocrx_word' id='word_1_581' title='bbox 2445 3265 2572 3335; x_wconf 82' lang='grc' dir='ltr'><strong>περὶ</strong></span> <span class='ocrx_word' id='word_1_582' title='bbox 2618 3257 2678 3317; x_wconf 70' lang='grc' dir='ltr'>οὗ</span> <span class='ocrx_word' id='word_1_583' title='bbox 2705 3266 2733 3316; x_wconf 91' lang='lat'><strong>6</strong></span> <span class='ocrx_word' id='word_1_584' title='bbox 2763 3246 3051 3335; x_wconf 63' lang='grc' dir='ltr'>προφήτης</span> <span class='ocrx_word' id='word_1_585' title='bbox 3085 3261 3304 3332; x_wconf 75' lang='grc' dir='ltr'>ηὔχετο,</span> <span class='ocrx_word' id='word_1_586' title='bbox 3335 3259 3511 3326; x_wconf 87' lang='grc' dir='ltr'>λέγων</span> <span class='ocrx_word' id='word_1_587' title='bbox 3534 3275 3550 3287; x_wconf 88' lang='grc'><strong>·</strong></span> 
     </span>
    </p>
   </div>
   <div class='ocr_carea' id='block_1_80' title="bbox 1953 3350 3552 3427">
    <p class='ocr_par' dir='ltr' id='par_1_80' title="bbox 1953 3350 3552 3427">
     <span class='ocr_line' id='line_1_80' title="bbox 1953 3350 3552 3427; baseline -0.008 -13"><span class='ocrx_word' id='word_1_588' title='bbox 1953 3364 2129 3427; x_wconf 79' lang='grc' dir='ltr'>Κύριε</span> <span class='ocrx_word' id='word_1_589' title='bbox 2166 3363 2198 3415; x_wconf 90' lang='grc' dir='ltr'><em>ό</em></span> <span class='ocrx_word' id='word_1_590' title='bbox 2223 3359 2367 3424; x_wconf 79' lang='grc' dir='ltr'>Θεὸς</span> <span class='ocrx_word' id='word_1_591' title='bbox 2388 3356 2574 3426; x_wconf 72' lang='grc' dir='ltr'>ἡμῶν,</span> <span class='ocrx_word' id='word_1_592' title='bbox 2596 3356 2846 3426; x_wconf 74' lang='grc' dir='ltr'>εἰρήνην</span> <span class='ocrx_word' id='word_1_593' title='bbox 2869 3356 2978 3418; x_wconf 84' lang='grc' dir='ltr'>δὸς</span> <span class='ocrx_word' id='word_1_594' title='bbox 3017 3353 3180 3423; x_wconf 81' lang='grc' dir='ltr'>ἡμῖν·</span> <span class='ocrx_word' id='word_1_595' title='bbox 3219 3351 3364 3406; x_wconf 82' lang='grc' dir='ltr'>τοῦτ’</span> <span class='ocrx_word' id='word_1_596' title='bbox 3403 3350 3552 3415; x_wconf 77' lang='grc' dir='ltr'>ἐστι,</span> 
     </span>
    </p>
   </div>
   <div class='ocr_carea' id='block_1_81' title="bbox 1953 3442 3555 3519">
    <p class='ocr_par' dir='ltr' id='par_1_81' title="bbox 1953 3442 3555 3519">
     <span class='ocr_line' id='line_1_81' title="bbox 1953 3442 3555 3519; baseline -0.006 -15"><span class='ocrx_word' id='word_1_597' title='bbox 1953 3453 2059 3506; x_wconf 74' lang='grc' dir='ltr'><strong>Τὸν</strong></span> <span class='ocrx_word' id='word_1_598' title='bbox 2095 3452 2221 3504; x_wconf 77' lang='grc' dir='ltr'>Υἱόν</span> <span class='ocrx_word' id='word_1_599' title='bbox 2250 3468 2342 3503; x_wconf 91' lang='grc' dir='ltr'><strong>σου</strong></span> <span class='ocrx_word' id='word_1_600' title='bbox 2378 3451 2470 3502; x_wconf 74' lang='grc' dir='ltr'>τὸν</span> <span class='ocrx_word' id='word_1_601' title='bbox 2503 3449 2768 3519; x_wconf 84' lang='grc' dir='ltr'>μονογενῆ</span> <span class='ocrx_word' id='word_1_602' title='bbox 2795 3446 3140 3509; x_wconf 78' lang='grc' dir='ltr'>ἀπόστειλον,</span> <span class='ocrx_word' id='word_1_603' title='bbox 3169 3446 3257 3498; x_wconf 84' lang='grc' dir='ltr'><strong>ἶνα</strong></span> <span class='ocrx_word' id='word_1_604' title='bbox 3286 3444 3353 3498; x_wconf 75' lang='grc' dir='ltr'>δι’</span> <span class='ocrx_word' id='word_1_605' title='bbox 3378 3442 3555 3496; x_wconf 71' lang='grc' dir='ltr'>αὑτοῦ</span> 
     </span>
    </p>
   </div>
   <div class='ocr_carea' id='block_1_82' title="bbox 1956 3532 3556 3612">
    <p class='ocr_par' dir='ltr' id='par_1_82' title="bbox 1956 3532 3556 3612">
     <span class='ocr_line' id='line_1_82' title="bbox 1956 3532 3556 3612; baseline -0.006 -18"><span class='ocrx_word' id='word_1_606' title='bbox 1956 3541 2302 3612; x_wconf 77' lang='grc' dir='ltr'>καταλλαγῇς</span> <span class='ocrx_word' id='word_1_607' title='bbox 2352 3540 2486 3609; x_wconf 63' lang='grc' dir='ltr'>πρός</span> <span class='ocrx_word' id='word_1_608' title='bbox 2529 3541 2702 3610; x_wconf 81' lang='grc' dir='ltr'>ἡμᾶς,</span> <span class='ocrx_word' id='word_1_609' title='bbox 2755 3538 2897 3608; x_wconf 83' lang='grc' dir='ltr'>ὁρῶν</span> <span class='ocrx_word' id='word_1_610' title='bbox 2929 3537 3028 3606; x_wconf 79' lang='grc' dir='ltr'><strong>τὴν</strong></span> <span class='ocrx_word' id='word_1_611' title='bbox 3055 3536 3336 3606; x_wconf 82' lang='grc' dir='ltr'>ἡμετέραν</span> <span class='ocrx_word' id='word_1_612' title='bbox 3381 3532 3556 3602; x_wconf 77' lang='grc' dir='ltr'>φύσιν</span> 
     </span>
    </p>
   </div>
   <div class='ocr_carea' id='block_1_83' title="bbox 1956 3625 3556 3698">
    <p class='ocr_par' dir='ltr' id='par_1_83' title="bbox 1956 3625 3556 3698">
     <span class='ocr_line' id='line_1_83' title="bbox 1956 3625 3556 3698; baseline -0.006 -13"><span class='ocrx_word' id='word_1_613' title='bbox 1956 3633 2248 3686; x_wconf 81' lang='grc' dir='ltr'>ἐνωθεῐσάν</span> <span class='ocrx_word' id='word_1_614' title='bbox 2280 3648 2363 3683; x_wconf 87' lang='grc' dir='ltr'><strong>σοι</strong></span> <span class='ocrx_word' id='word_1_615' title='bbox 2387 3630 2455 3683; x_wconf 75' lang='grc' dir='ltr'>δι’</span> <span class='ocrx_word' id='word_1_616' title='bbox 2506 3630 2670 3683; x_wconf 75' lang='grc' dir='ltr'>αὑτοῦ</span> <span class='ocrx_word' id='word_1_617' title='bbox 2703 3648 2716 3660; x_wconf 92' lang='grc'><strong>·</strong></span> <span class='ocrx_word' id='word_1_618' title='bbox 2749 3631 2926 3698; x_wconf 71' lang='grc' dir='ltr'>ἥνπερ</span> <span class='ocrx_word' id='word_1_619' title='bbox 2973 3629 3200 3698; x_wconf 80' lang='grc' dir='ltr'>εἰρήνην</span> <span class='ocrx_word' id='word_1_620' title='bbox 3229 3625 3465 3696; x_wconf 82' lang='grc' dir='ltr'>ὁρῶντες</span> <span class='ocrx_word' id='word_1_621' title='bbox 3497 3625 3556 3676; x_wconf 77' lang='grc' dir='ltr'>οἱ</span> 
     </span>
    </p>
   </div>
   <div class='ocr_carea' id='block_1_84' title="bbox 1953 3715 3552 3795">
    <p class='ocr_par' dir='ltr' id='par_1_84' title="bbox 1953 3715 3552 3795">
     <span class='ocr_line' id='line_1_84' title="bbox 1953 3715 3552 3795; baseline -0.008 -17"><span class='ocrx_word' id='word_1_622' title='bbox 1953 3727 2062 3778; x_wconf 82' lang='grc' dir='ltr'>τῶν</span> <span class='ocrx_word' id='word_1_623' title='bbox 2094 3727 2205 3780; x_wconf 82' lang='grc' dir='ltr'><strong>ἅνω</strong></span> <span class='ocrx_word' id='word_1_624' title='bbox 2237 3725 2410 3795; x_wconf 70' lang='grc' dir='ltr'>χοροὶ,</span> <span class='ocrx_word' id='word_1_625' title='bbox 2445 3723 2614 3776; x_wconf 80' lang='grc' dir='ltr'>ἐϐόων</span> <span class='ocrx_word' id='word_1_626' title='bbox 2641 3739 2654 3752; x_wconf 86' lang='grc'><strong>·</strong></span> <span class='ocrx_word' id='word_1_627' title='bbox 2683 3721 2925 3784; x_wconf 79' lang='grc' dir='ltr'>Δόξαέν</span> <span class='ocrx_word' id='word_1_628' title='bbox 2945 3719 3234 3788; x_wconf 72' lang='grc' dir='ltr'>ὑψίστοις</span> <span class='ocrx_word' id='word_1_629' title='bbox 3263 3715 3406 3782; x_wconf 85' lang='grc' dir='ltr'>Θεῷ,</span> <span class='ocrx_word' id='word_1_630' title='bbox 3442 3717 3552 3768; x_wconf 81' lang='grc' dir='ltr'><strong>καὶ</strong></span> 
     </span>
    </p>
   </div>
   <div class='ocr_carea' id='block_1_85' title="bbox 1953 3807 3552 3886">
    <p class='ocr_par' dir='ltr' id='par_1_85' title="bbox 1953 3807 3552 3886">
     <span class='ocr_line' id='line_1_85' title="bbox 1953 3807 3552 3886; baseline -0.007 -15"><span class='ocrx_word' id='word_1_631' title='bbox 1953 3818 2050 3871; x_wconf 72' lang='grc' dir='ltr'><strong>ἐπὶ</strong></span> <span class='ocrx_word' id='word_1_632' title='bbox 2083 3816 2194 3886; x_wconf 80' lang='grc' dir='ltr'>γῆς</span> <span class='ocrx_word' id='word_1_633' title='bbox 2215 3817 2458 3884; x_wconf 71' lang='grc' dir='ltr'>εῖρήνη·</span> <span class='ocrx_word' id='word_1_634' title='bbox 2498 3816 2666 3884; x_wconf 66' lang='grc' dir='ltr'>ἤγουν</span> <span class='ocrx_word' id='word_1_635' title='bbox 2701 3813 2836 3866; x_wconf 75' lang='grc' dir='ltr'>Θεοῦ</span> <span class='ocrx_word' id='word_1_636' title='bbox 2886 3813 3022 3884; x_wconf 79' lang='grc' dir='ltr'>πρὸς</span> <span class='ocrx_word' id='word_1_637' title='bbox 3069 3810 3300 3881; x_wconf 76' lang='grc' dir='ltr'>ἐχθροὺς</span> <span class='ocrx_word' id='word_1_638' title='bbox 3357 3807 3552 3861; x_wconf 82' lang='grc' dir='ltr'>τελεία</span> 
     </span>
    </p>
   </div>
   <div class='ocr_carea' id='block_1_86' title="bbox 1956 3901 3545 3978">
    <p class='ocr_par' dir='ltr' id='par_1_86' title="bbox 1956 3901 3545 3978">
     <span class='ocr_line' id='line_1_86' title="bbox 1956 3901 3545 3978; baseline -0.006 -16"><span class='ocrx_word' id='word_1_639' title='bbox 1956 3909 2295 3978; x_wconf 75' lang='grc' dir='ltr'>καταλλαγὴ,</span> <span class='ocrx_word' id='word_1_640' title='bbox 2348 3908 2416 3978; x_wconf 79' lang='grc' dir='ltr'>ἣν</span> <span class='ocrx_word' id='word_1_641' title='bbox 2463 3908 2557 3960; x_wconf 71' lang='grc' dir='ltr'><strong>καὶ</strong></span> <span class='ocrx_word' id='word_1_642' title='bbox 2600 3908 2649 3958; x_wconf 86' lang='grc' dir='ltr'><strong>οἱ</strong></span> <span class='ocrx_word' id='word_1_643' title='bbox 2689 3906 2879 3968; x_wconf 82' lang='grc' dir='ltr'>παῖδες</span> <span class='ocrx_word' id='word_1_644' title='bbox 2935 3902 3201 3973; x_wconf 81' lang='grc' dir='ltr'>μαθόντες</span> <span class='ocrx_word' id='word_1_645' title='bbox 3261 3901 3500 3972; x_wconf 68' lang='grc' dir='ltr'>ἔκραζον</span> <span class='ocrx_word' id='word_1_646' title='bbox 3529 3919 3545 3930; x_wconf 71' lang='grc' dir='ltr'><em>ο</em></span> 
     </span>
    </p>
   </div>
   <div class='ocr_carea' id='block_1_87' title="bbox 1965 3991 3550 4064">
    <p class='ocr_par' dir='ltr' id='par_1_87' title="bbox 1965 3991 3550 4064">
     <span class='ocr_line' id='line_1_87' title="bbox 1965 3991 3550 4064; baseline -0.006 -11"><span class='ocrx_word' id='word_1_647' title='bbox 1965 3997 2247 4053; x_wconf 83' lang='grc' dir='ltr'>Ὡσαννά·</span> <span class='ocrx_word' id='word_1_648' title='bbox 2265 3995 2488 4064; x_wconf 73' lang='grc' dir='ltr'>Εἰρήνη</span> <span class='ocrx_word' id='word_1_649' title='bbox 2507 3996 2576 4049; x_wconf 87' lang='grc' dir='ltr'>ἐν</span> <span class='ocrx_word' id='word_1_650' title='bbox 2593 3991 2850 4062; x_wconf 80' lang='grc' dir='ltr'>οὐρανῷ,</span> <span class='ocrx_word' id='word_1_651' title='bbox 2864 3993 2962 4046; x_wconf 80' lang='grc' dir='ltr'><strong>καὶ</strong></span> <span class='ocrx_word' id='word_1_652' title='bbox 2978 3992 3132 4056; x_wconf 78' lang='grc' dir='ltr'>δόξα</span> <span class='ocrx_word' id='word_1_653' title='bbox 3152 3991 3550 4060; x_wconf 75' lang='grc' dir='ltr'>ὲνῠψίστοις.</span> 
     </span>
    </p>
   </div>
   <div class='ocr_carea' id='block_1_88' title="bbox 1955 4081 3555 4157">
    <p class='ocr_par' dir='ltr' id='par_1_88' title="bbox 1955 4081 3555 4157">
     <span class='ocr_line' id='line_1_88' title="bbox 1955 4081 3555 4157; baseline -0.004 -17"><span class='ocrx_word' id='word_1_654' title='bbox 1955 4087 2221 4156; x_wconf 82' lang='grc' dir='ltr'>Γεγόνασι</span> <span class='ocrx_word' id='word_1_655' title='bbox 2254 4088 2363 4157; x_wconf 86' lang='grc' dir='ltr'><strong>γάρ</strong></span> <span class='ocrx_word' id='word_1_656' title='bbox 2399 4086 2469 4139; x_wconf 87' lang='grc' dir='ltr'>τά</span> <span class='ocrx_word' id='word_1_657' title='bbox 2502 4103 2632 4138; x_wconf 89' lang='grc' dir='ltr'>ποτε</span> <span class='ocrx_word' id='word_1_658' title='bbox 2671 4085 2866 4155; x_wconf 82' lang='grc' dir='ltr'>ἐχθρὰ,</span> <span class='ocrx_word' id='word_1_659' title='bbox 2893 4084 2989 4137; x_wconf 76' lang='grc' dir='ltr'>νῦν</span> <span class='ocrx_word' id='word_1_660' title='bbox 3015 4083 3220 4152; x_wconf 82' lang='grc' dir='ltr'>ἀδελφά</span> <span class='ocrx_word' id='word_1_661' title='bbox 3244 4100 3258 4114; x_wconf 88' lang='grc'><strong>·</strong></span> <span class='ocrx_word' id='word_1_662' title='bbox 3320 4081 3450 4152; x_wconf 80' lang='grc' dir='ltr'>μίαν</span> <span class='ocrx_word' id='word_1_663' title='bbox 3481 4083 3555 4134; x_wconf 71' lang='grc' dir='ltr'>τὲι</span> 
     </span>
    </p>
   </div>
   <div class='ocr_carea' id='block_1_89' title="bbox 1955 4173 3551 4253">
    <p class='ocr_par' dir='ltr' id='par_1_89' title="bbox 1955 4173 3551 4253">
     <span class='ocr_line' id='line_1_89' title="bbox 1955 4173 3551 4253; baseline -0.006 -19"><span class='ocrx_word' id='word_1_664' title='bbox 1955 4181 2203 4253; x_wconf 79' lang='grc' dir='ltr'>οὐράνια,</span> <span class='ocrx_word' id='word_1_665' title='bbox 2235 4179 2331 4232; x_wconf 72' lang='grc' dir='ltr'>καὶ</span> <span class='ocrx_word' id='word_1_666' title='bbox 2361 4180 2428 4230; x_wconf 79' lang='grc' dir='ltr'>τὰ</span> <span class='ocrx_word' id='word_1_667' title='bbox 2481 4177 2701 4246; x_wconf 69' lang='grc' dir='ltr'>ἐπίγεια</span> <span class='ocrx_word' id='word_1_668' title='bbox 2751 4176 2980 4247; x_wconf 84' lang='grc' dir='ltr'>Χριστῷ</span> <span class='ocrx_word' id='word_1_669' title='bbox 3031 4175 3107 4244; x_wconf 83' lang='grc' dir='ltr'><strong>τῷ</strong></span> <span class='ocrx_word' id='word_1_670' title='bbox 3163 4173 3405 4245; x_wconf 78' lang='grc' dir='ltr'>οὐρανίῳ</span> <span class='ocrx_word' id='word_1_671' title='bbox 3447 4173 3551 4226; x_wconf 67' lang='grc' dir='ltr'><strong>καὶ</strong></span> 
     </span>
    </p>
   </div>
   <div class='ocr_carea' id='block_1_90' title="bbox 1956 4265 3543 4342">
    <p class='ocr_par' dir='ltr' id='par_1_90' title="bbox 1956 4265 3543 4342">
     <span class='ocr_line' id='line_1_90' title="bbox 1956 4265 3543 4342; baseline -0.006 -16"><span class='ocrx_word' id='word_1_672' title='bbox 1956 4273 2183 4342; x_wconf 79' lang='grc' dir='ltr'>ὲπιγείῳ</span> <span class='ocrx_word' id='word_1_673' title='bbox 2232 4269 2513 4338; x_wconf 79' lang='grc' dir='ltr'>θεολογίαν</span> <span class='ocrx_word' id='word_1_674' title='bbox 2565 4269 2938 4339; x_wconf 82' lang='grc' dir='ltr'>προσάγοντα,</span> <span class='ocrx_word' id='word_1_675' title='bbox 2995 4268 3089 4319; x_wconf 78' lang='grc' dir='ltr'><strong>καὶ</strong></span> <span class='ocrx_word' id='word_1_676' title='bbox 3144 4265 3543 4337; x_wconf 83' lang='grc' dir='ltr'>προσκύνησιν.</span> 
     </span>
    </p>
   </div>
   <div class='ocr_carea' id='block_1_91' title="bbox 1960 4355 3550 4432">
    <p class='ocr_par' dir='ltr' id='par_1_91' title="bbox 1960 4355 3550 4432">
     <span class='ocr_line' id='line_1_91' title="bbox 1960 4355 3550 4432; baseline -0.007 -14"><span class='ocrx_word' id='word_1_677' title='bbox 1960 4365 2122 4418; x_wconf 83' lang='grc' dir='ltr'>Ὅθεν</span> <span class='ocrx_word' id='word_1_678' title='bbox 2144 4363 2425 4430; x_wconf 74' lang='grc' dir='ltr'>θεολογίαν</span> <span class='ocrx_word' id='word_1_679' title='bbox 2451 4361 2752 4432; x_wconf 83' lang='grc' dir='ltr'>προσάγειν</span> <span class='ocrx_word' id='word_1_680' title='bbox 2803 4361 2852 4413; x_wconf 91' lang='grc' dir='ltr'>οἱ</span> <span class='ocrx_word' id='word_1_681' title='bbox 2887 4359 2999 4414; x_wconf 81' lang='grc' dir='ltr'>ἄνω</span> <span class='ocrx_word' id='word_1_682' title='bbox 3030 4360 3144 4421; x_wconf 79' lang='grc' dir='ltr'>τοῖς</span> <span class='ocrx_word' id='word_1_683' title='bbox 3178 4358 3330 4411; x_wconf 82' lang='grc' dir='ltr'>κάτω</span> <span class='ocrx_word' id='word_1_684' title='bbox 3355 4355 3550 4409; x_wconf 87' lang='grc' dir='ltr'>διακε-</span> 
     </span>
    </p>
   </div>
   <div class='ocr_carea' id='block_1_92' title="bbox 1958 4450 3554 4524">
    <p class='ocr_par' dir='ltr' id='par_1_92' title="bbox 1958 4450 3554 4524">
     <span class='ocr_line' id='line_1_92' title="bbox 1958 4450 3554 4524; baseline -0.006 -14"><span class='ocrx_word' id='word_1_685' title='bbox 1958 4457 2207 4512; x_wconf 83' lang='grc' dir='ltr'>λεύονται</span> <span class='ocrx_word' id='word_1_686' title='bbox 2237 4473 2250 4485; x_wconf 88' lang='grc'><strong>·</strong></span> <span class='ocrx_word' id='word_1_687' title='bbox 2281 4453 2898 4524; x_wconf 80' lang='grc' dir='ltr'>Προσκυνησὰτωσαν</span> <span class='ocrx_word' id='word_1_688' title='bbox 2930 4453 3088 4517; x_wconf 84' lang='grc' dir='ltr'>αὐτῷ</span> <span class='ocrx_word' id='word_1_689' title='bbox 3128 4450 3318 4508; x_wconf 77' lang='grc' dir='ltr'>πᾶσαι</span> <span class='ocrx_word' id='word_1_690' title='bbox 3350 4451 3409 4502; x_wconf 80' lang='grc' dir='ltr'><strong>αὶ</strong></span> <span class='ocrx_word' id='word_1_691' title='bbox 3432 4462 3554 4501; x_wconf 83' lang='grc' dir='ltr'><strong>πα-</strong></span> 
     </span>
    </p>
   </div>
   <div class='ocr_carea' id='block_1_93' title="bbox 257 4542 1854 4623">
    <p class='ocr_par' dir='ltr' id='par_1_93' title="bbox 257 4543 1854 4620">
     <span class='ocr_line' id='line_1_93' title="bbox 257 4543 1854 4620; baseline -0.004 -18"><span class='ocrx_word' id='word_1_692' title='bbox 257 4565 435 4604; x_wconf 86' lang='lat' dir='ltr'><strong>omnes</strong></span> <span class='ocrx_word' id='word_1_693' title='bbox 467 4549 644 4620; x_wconf 85' lang='lat' dir='ltr'><strong>angeli</strong></span> <span class='ocrx_word' id='word_1_694' title='bbox 671 4550 850 4603; x_wconf 75' lang='lat' dir='ltr'><strong>Dei”.</strong></span> <span class='ocrx_word' id='word_1_695' title='bbox 877 4546 1049 4602; x_wconf 88' lang='lat' dir='ltr'><strong>David</strong></span> <span class='ocrx_word' id='word_1_696' title='bbox 1094 4547 1348 4616; x_wconf 90' lang='lat' dir='ltr'><strong>utrisque</strong></span> <span class='ocrx_word' id='word_1_697' title='bbox 1381 4544 1614 4600; x_wconf 88' lang='lat' dir='ltr'><strong>clamat:</strong></span> <span class='ocrx_word' id='word_1_698' title='bbox 1647 4543 1854 4599; x_wconf 71' lang='lat' dir='ltr'><strong>Lteten-</strong></span> 
     </span>
    </p>
   </div>
   <div class='ocr_carea' id='block_1_94' title="bbox 1964 4542 3552 4623">
    <p class='ocr_par' dir='ltr' id='par_1_94' title="bbox 1964 4542 3552 4619">
     <span class='ocr_line' id='line_1_94' title="bbox 1964 4542 3552 4619; baseline -0.009 -13"><span class='ocrx_word' id='word_1_699' title='bbox 1964 4550 2113 4619; x_wconf 79' lang='lat' dir='ltr'><strong>rptal</strong></span> <span class='ocrx_word' id='word_1_700' title='bbox 2137 4549 2257 4602; x_wconf 85' lang='grc' dir='ltr'>τῶν</span> <span class='ocrx_word' id='word_1_701' title='bbox 2283 4544 2494 4612; x_wconf 71' lang='grc' dir='ltr'>ἐθνῶν-ο</span> <span class='ocrx_word' id='word_1_702' title='bbox 2517 4547 2568 4598; x_wconf 89' lang='grc' dir='ltr'>οἱ</span> <span class='ocrx_word' id='word_1_703' title='bbox 2597 4544 2748 4597; x_wconf 89' lang='grc' dir='ltr'><strong>κάτω</strong></span> <span class='ocrx_word' id='word_1_704' title='bbox 2772 4547 2885 4607; x_wconf 86' lang='grc' dir='ltr'>τοῖς</span> <span class='ocrx_word' id='word_1_705' title='bbox 2919 4545 3032 4598; x_wconf 80' lang='grc' dir='ltr'>ἄνω</span> <span class='ocrx_word' id='word_1_706' title='bbox 3059 4542 3514 4610; x_wconf 83' lang='grc' dir='ltr'>ἁντιφθέγγονται</span> <span class='ocrx_word' id='word_1_707' title='bbox 3534 4556 3552 4570; x_wconf 72' lang='grc' dir='ltr'><strong><em>ο</em></strong></span> 
     </span>
    </p>
   </div>
   <div class='ocr_carea' id='block_1_95' title="bbox 259 4639 1851 4709">
    <p class='ocr_par' dir='ltr' id='par_1_95' title="bbox 259 4639 1851 4709">
     <span class='ocr_line' id='line_1_95' title="bbox 259 4639 1851 4709; baseline -0.002 -15"><span class='ocrx_word' id='word_1_708' title='bbox 259 4654 346 4696; x_wconf 84' lang='lat' dir='ltr'><strong>mr</strong></span> <span class='ocrx_word' id='word_1_709' title='bbox 396 4645 533 4708; x_wconf 72' lang='lat' dir='ltr'><strong>caeli,</strong></span> <span class='ocrx_word' id='word_1_710' title='bbox 580 4652 629 4698; x_wconf 86' lang='lat' dir='ltr'><strong>et</strong></span> <span class='ocrx_word' id='word_1_711' title='bbox 685 4643 912 4698; x_wconf 74' lang='lat' dir='ltr'><strong>exsultet</strong></span> <span class='ocrx_word' id='word_1_712' title='bbox 960 4641 1190 4694; x_wconf 80' lang='lat' dir='ltr'><strong>terra“.</strong></span> <span class='ocrx_word' id='word_1_713' title='bbox 1239 4639 1599 4709; x_wconf 82' lang='lat' dir='ltr'><strong>Respondent</strong></span> <span class='ocrx_word' id='word_1_714' title='bbox 1654 4639 1851 4708; x_wconf 89' lang='lat' dir='ltr'><strong>pueri:</strong></span> 
     </span>
    </p>
   </div>
   <div class='ocr_carea' id='block_1_96' title="bbox 257 4730 1782 4801">
    <p class='ocr_par' dir='ltr' id='par_1_96' title="bbox 257 4730 1782 4801">
     <span class='ocr_line' id='line_1_96' title="bbox 257 4730 1782 4801; baseline -0.005 -10"><span class='ocrx_word' id='word_1_715' title='bbox 257 4735 518 4791; x_wconf 72' lang='lat' dir='ltr'><strong>&quot;osanna</strong></span> <span class='ocrx_word' id='word_1_716' title='bbox 549 4755 566 4791; x_wconf 91' lang='lat'><strong>:</strong></span> <span class='ocrx_word' id='word_1_717' title='bbox 589 4736 904 4790; x_wconf 82' lang='lat' dir='ltr'><strong>Benedictus</strong></span> <span class='ocrx_word' id='word_1_718' title='bbox 927 4733 1018 4801; x_wconf 83' lang='lat' dir='ltr'><strong>qui</strong></span> <span class='ocrx_word' id='word_1_719' title='bbox 1046 4732 1188 4785; x_wconf 77' lang='lat' dir='ltr'><strong>venit</strong></span> <span class='ocrx_word' id='word_1_720' title='bbox 1215 4732 1272 4785; x_wconf 88' lang='lat' dir='ltr'><strong>in</strong></span> <span class='ocrx_word' id='word_1_721' title='bbox 1306 4732 1518 4786; x_wconf 87' lang='lat' dir='ltr'><strong>nomine</strong></span> <span class='ocrx_word' id='word_1_722' title='bbox 1544 4730 1782 4788; x_wconf 88' lang='lat' dir='ltr'><strong>Domini.</strong></span> 
     </span>
    </p>
   </div>
   <div class='ocr_carea' id='block_1_97' title="bbox 1963 4630 3550 4710">
    <p class='ocr_par' dir='ltr' id='par_1_97' title="bbox 1963 4630 3550 4710">
     <span class='ocr_line' id='line_1_97' title="bbox 1963 4630 3550 4710; baseline -0.006 -16"><span class='ocrx_word' id='word_1_723' title='bbox 1963 4635 2583 4710; x_wconf 83' lang='grc' dir='ltr'>Προσκυνησάτωσαν</span> <span class='ocrx_word' id='word_1_724' title='bbox 2615 4634 2778 4700; x_wconf 83' lang='grc' dir='ltr'>αὐτῷ</span> <span class='ocrx_word' id='word_1_725' title='bbox 2810 4633 3034 4700; x_wconf 81' lang='grc' dir='ltr'>πάντες</span> <span class='ocrx_word' id='word_1_726' title='bbox 3071 4634 3316 4704; x_wconf 70' lang='grc' dir='ltr'>ἄγγελοι</span> <span class='ocrx_word' id='word_1_727' title='bbox 3372 4630 3550 4685; x_wconf 78' lang='grc' dir='ltr'>Θεοῦ.</span> 
     </span>
    </p>
   </div>
   <div class='ocr_carea' id='block_1_98' title="bbox 1972 4726 3552 4798">
    <p class='ocr_par' dir='ltr' id='par_1_98' title="bbox 1972 4726 3552 4798">
     <span class='ocr_line' id='line_1_98' title="bbox 1972 4726 3552 4798; baseline -0.007 -12"><span class='ocrx_word' id='word_1_728' title='bbox 1972 4732 2033 4786; x_wconf 86' lang='lat'><strong>&#39;0</strong></span> <span class='ocrx_word' id='word_1_729' title='bbox 2068 4729 2231 4784; x_wconf 73' lang='grc' dir='ltr'>Δαϐὶδ</span> <span class='ocrx_word' id='word_1_730' title='bbox 2261 4731 2368 4790; x_wconf 81' lang='grc' dir='ltr'>τοῖς</span> <span class='ocrx_word' id='word_1_731' title='bbox 2397 4726 2733 4797; x_wconf 79' lang='grc' dir='ltr'>ἀμφοτέροις</span> <span class='ocrx_word' id='word_1_732' title='bbox 2762 4727 2881 4798; x_wconf 84' lang='grc' dir='ltr'><strong>βοᾷ·</strong></span> <span class='ocrx_word' id='word_1_733' title='bbox 2911 4726 3468 4796; x_wconf 73' lang='grc' dir='ltr'>Εὐφραινέσθωσαν</span> <span class='ocrx_word' id='word_1_734' title='bbox 3495 4728 3552 4778; x_wconf 76' lang='lat' dir='ltr'><strong>ot</strong></span> 
     </span>
    </p>
   </div>
   <div class='ocr_carea' id='block_1_99' title="bbox 255 4815 3553 4900">
    <p class='ocr_par' dir='ltr' id='par_1_99' title="bbox 255 4815 3553 4900">
     <span class='ocr_line' id='line_1_99' title="bbox 255 4815 3553 4900; baseline -0.005 -16"><span class='ocrx_word' id='word_1_735' title='bbox 255 4830 524 4899; x_wconf 66' lang='grc' dir='ltr'>οὐρανοὶ,</span> <span class='ocrx_word' id='word_1_736' title='bbox 581 4830 679 4884; x_wconf 76' lang='grc' dir='ltr'><strong>καὶ</strong></span> <span class='ocrx_word' id='word_1_737' title='bbox 719 4825 1115 4896; x_wconf 73' lang='grc' dir='ltr'>ἀγαλλιάσθω</span> <span class='ocrx_word' id='word_1_738' title='bbox 1172 4826 1214 4894; x_wconf 76' lang='grc' dir='ltr'><em>ὴ</em></span> <span class='ocrx_word' id='word_1_739' title='bbox 1262 4821 1360 4894; x_wconf 79' lang='grc' dir='ltr'>γῆ.</span> <span class='ocrx_word' id='word_1_740' title='bbox 1397 4823 1461 4876; x_wconf 82' lang='lat' dir='ltr'><strong>Oi</strong></span> <span class='ocrx_word' id='word_1_741' title='bbox 1516 4823 1703 4887; x_wconf 79' lang='grc' dir='ltr'>παῖδες</span> <span class='ocrx_word' id='word_1_742' title='bbox 1749 4825 2145 4900; x_wconf 83' lang='grc' dir='ltr'>ἀπεκρίνοντο·</span> <span class='ocrx_word' id='word_1_743' title='bbox 2207 4818 2508 4876; x_wconf 81' lang='grc' dir='ltr'><strong>Ὡσαννοὶ⁹</strong></span> <span class='ocrx_word' id='word_1_744' title='bbox 2569 4818 2996 4889; x_wconf 74' lang='grc' dir='ltr'>Εὐλογημένος</span> <span class='ocrx_word' id='word_1_745' title='bbox 3039 4821 3072 4874; x_wconf 85' lang='grc' dir='ltr'>ό</span> <span class='ocrx_word' id='word_1_746' title='bbox 3121 4819 3449 4888; x_wconf 77' lang='grc' dir='ltr'>ἐρχόμενος</span> <span class='ocrx_word' id='word_1_747' title='bbox 3480 4815 3553 4868; x_wconf 85' lang='grc' dir='ltr'>ἐν</span> 
     </span>
    </p>
   </div>
   <div class='ocr_carea' id='block_1_100' title="bbox 263 4923 786 4994">
    <p class='ocr_par' dir='ltr' id='par_1_100' title="bbox 263 4923 786 4994">
     <span class='ocr_line' id='line_1_100' title="bbox 263 4923 786 4994; baseline -0.004 -18"><span class='ocrx_word' id='word_1_748' title='bbox 263 4926 512 4994; x_wconf 68' lang='grc' dir='ltr'>ὀνόματι</span> <span class='ocrx_word' id='word_1_749' title='bbox 541 4923 786 4990; x_wconf 84' lang='grc' dir='ltr'>Κυρίου.</span> 
     </span>
    </p>
   </div>
   <div class='ocr_carea' id='block_1_101' title="bbox 329 5012 1850 5087">
    <p class='ocr_par' dir='ltr' id='par_1_101' title="bbox 329 5012 1850 5087">
     <span class='ocr_line' id='line_1_101' title="bbox 329 5012 1850 5087; baseline -0.007 -11"><span class='ocrx_word' id='word_1_750' title='bbox 329 5019 468 5076; x_wconf 65' lang='grc'><strong>3111.</strong></span> <span class='ocrx_word' id='word_1_751' title='bbox 506 5018 645 5075; x_wconf 83' lang='lat' dir='ltr'><strong>Cum</strong></span> <span class='ocrx_word' id='word_1_752' title='bbox 699 5016 905 5087; x_wconf 86' lang='lat' dir='ltr'><strong>quibus</strong></span> <span class='ocrx_word' id='word_1_753' title='bbox 939 5030 1042 5069; x_wconf 86' lang='lat' dir='ltr'><strong>nos</strong></span> <span class='ocrx_word' id='word_1_754' title='bbox 1090 5028 1310 5084; x_wconf 87' lang='lat' dir='ltr'><strong>quoque</strong></span> <span class='ocrx_word' id='word_1_755' title='bbox 1341 5012 1650 5078; x_wconf 89' lang='lat' dir='ltr'><strong>laudemus,</strong></span> <span class='ocrx_word' id='word_1_756' title='bbox 1683 5025 1747 5067; x_wconf 88' lang='lat' dir='ltr'><strong>ac</strong></span> <span class='ocrx_word' id='word_1_757' title='bbox 1771 5012 1850 5067; x_wconf 87' lang='lat' dir='ltr'><strong>fe-</strong></span> 
     </span>
    </p>
   </div>
   <div class='ocr_carea' id='block_1_102' title="bbox 260 5106 1854 5181">
    <p class='ocr_par' dir='ltr' id='par_1_102' title="bbox 260 5106 1854 5181">
     <span class='ocr_line' id='line_1_102' title="bbox 260 5106 1854 5181; baseline -0.004 -16"><span class='ocrx_word' id='word_1_758' title='bbox 260 5124 399 5168; x_wconf 75' lang='lat' dir='ltr'><strong>stam</strong></span> <span class='ocrx_word' id='word_1_759' title='bbox 435 5127 589 5167; x_wconf 92' lang='lat' dir='ltr'><strong>nunc</strong></span> <span class='ocrx_word' id='word_1_760' title='bbox 619 5123 847 5181; x_wconf 80' lang='lat' dir='ltr'><strong>agamus</strong></span> <span class='ocrx_word' id='word_1_761' title='bbox 871 5108 1077 5173; x_wconf 87' lang='lat' dir='ltr'><strong>lucem,</strong></span> <span class='ocrx_word' id='word_1_762' title='bbox 1118 5122 1228 5161; x_wconf 92' lang='lat' dir='ltr'><strong>non</strong></span> <span class='ocrx_word' id='word_1_763' title='bbox 1273 5107 1606 5177; x_wconf 83' lang='lat' dir='ltr'><strong>pompatice,</strong></span> <span class='ocrx_word' id='word_1_764' title='bbox 1639 5107 1733 5162; x_wconf 91' lang='lat' dir='ltr'><strong>sed</strong></span> <span class='ocrx_word' id='word_1_765' title='bbox 1768 5106 1854 5159; x_wconf 82' lang='lat' dir='ltr'><strong>di-</strong></span> 
     </span>
    </p>
   </div>
   <div class='ocr_carea' id='block_1_103' title="bbox 261 5193 1854 5262">
    <p class='ocr_par' dir='ltr' id='par_1_103' title="bbox 261 5193 1854 5262">
     <span class='ocr_line' id='line_1_103' title="bbox 261 5193 1854 5262; baseline -0.001 -13"><span class='ocrx_word' id='word_1_766' title='bbox 261 5202 388 5254; x_wconf 69' lang='lat' dir='ltr'><strong>vine</strong></span> <span class='ocrx_word' id='word_1_767' title='bbox 413 5219 426 5253; x_wconf 89' lang='lat'><strong>:</strong></span> <span class='ocrx_word' id='word_1_768' title='bbox 454 5198 663 5254; x_wconf 88' lang='lat' dir='ltr'><strong>nedum</strong></span> <span class='ocrx_word' id='word_1_769' title='bbox 695 5211 886 5260; x_wconf 88' lang='lat' dir='ltr'><strong>manu,</strong></span> <span class='ocrx_word' id='word_1_770' title='bbox 915 5195 1013 5251; x_wconf 87' lang='lat' dir='ltr'><strong>sed</strong></span> <span class='ocrx_word' id='word_1_771' title='bbox 1059 5203 1116 5249; x_wconf 93' lang='lat' dir='ltr'><strong>et</strong></span> <span class='ocrx_word' id='word_1_772' title='bbox 1149 5194 1355 5258; x_wconf 88' lang='lat' dir='ltr'><strong>animo,</strong></span> <span class='ocrx_word' id='word_1_773' title='bbox 1409 5193 1717 5262; x_wconf 83' lang='lat' dir='ltr'><strong>palmarum</strong></span> <span class='ocrx_word' id='word_1_774' title='bbox 1767 5210 1854 5248; x_wconf 88' lang='lat' dir='ltr'><strong>ra-</strong></span> 
     </span>
    </p>
   </div>
   <div class='ocr_carea' id='block_1_104' title="bbox 263 5279 1849 5354">
    <p class='ocr_par' dir='ltr' id='par_1_104' title="bbox 263 5279 1849 5354">
     <span class='ocr_line' id='line_1_104' title="bbox 263 5279 1849 5354; baseline -0.003 -15"><span class='ocrx_word' id='word_1_775' title='bbox 263 5301 385 5342; x_wconf 89' lang='lat' dir='ltr'><strong>mos</strong></span> <span class='ocrx_word' id='word_1_776' title='bbox 434 5293 725 5347; x_wconf 89' lang='lat' dir='ltr'><strong>tenentes,</strong></span> <span class='ocrx_word' id='word_1_777' title='bbox 757 5298 996 5354; x_wconf 89' lang='lat' dir='ltr'><strong>eumque</strong></span> <span class='ocrx_word' id='word_1_778' title='bbox 1042 5297 1209 5353; x_wconf 86' lang='lat' dir='ltr'><strong>supra</strong></span> <span class='ocrx_word' id='word_1_779' title='bbox 1259 5281 1443 5337; x_wconf 86' lang='lat' dir='ltr'><strong>nivem</strong></span> <span class='ocrx_word' id='word_1_780' title='bbox 1491 5279 1849 5345; x_wconf 87' lang='lat' dir='ltr'><strong>dealbantes,</strong></span> 
     </span>
    </p>
   </div>
   <div class='ocr_carea' id='block_1_105' title="bbox 262 5373 1852 5445">
    <p class='ocr_par' dir='ltr' id='par_1_105' title="bbox 262 5373 1852 5445">
     <span class='ocr_line' id='line_1_105' title="bbox 262 5373 1852 5445; baseline -0.005 -11"><span class='ocrx_word' id='word_1_781' title='bbox 262 5393 483 5434; x_wconf 89' lang='lat' dir='ltr'><strong>omnem</strong></span> <span class='ocrx_word' id='word_1_782' title='bbox 522 5377 702 5445; x_wconf 90' lang='lat' dir='ltr'><strong>ipsum</strong></span> <span class='ocrx_word' id='word_1_783' title='bbox 731 5376 945 5431; x_wconf 88' lang='lat' dir='ltr'><strong>veteris</strong></span> <span class='ocrx_word' id='word_1_784' title='bbox 987 5390 1052 5430; x_wconf 90' lang='lat' dir='ltr'><strong>ac</strong></span> <span class='ocrx_word' id='word_1_785' title='bbox 1090 5373 1336 5444; x_wconf 62' lang='lat' dir='ltr'><strong>pellicem</strong></span> <span class='ocrx_word' id='word_1_786' title='bbox 1362 5373 1564 5428; x_wconf 63' lang='lat' dir='ltr'><strong>tunicae</strong></span> <span class='ocrx_word' id='word_1_787' title='bbox 1599 5373 1852 5427; x_wconf 88' lang='lat' dir='ltr'><strong>mortali-</strong></span> 
     </span>
    </p>
   </div>
   <div class='ocr_carea' id='block_1_106' title="bbox 261 5466 1855 5536">
    <p class='ocr_par' dir='ltr' id='par_1_106' title="bbox 261 5466 1855 5536">
     <span class='ocr_line' id='line_1_106' title="bbox 261 5466 1855 5536; baseline -0.006 -9"><span class='ocrx_word' id='word_1_788' title='bbox 261 5479 454 5536; x_wconf 82' lang='lat' dir='ltr'><strong>tatem,</strong></span> <span class='ocrx_word' id='word_1_789' title='bbox 481 5469 634 5524; x_wconf 89' lang='lat' dir='ltr'><strong>omni</strong></span> <span class='ocrx_word' id='word_1_790' title='bbox 666 5467 809 5524; x_wconf 87' lang='lat' dir='ltr'><strong>fastu</strong></span> <span class='ocrx_word' id='word_1_791' title='bbox 855 5483 917 5523; x_wconf 90' lang='lat' dir='ltr'><strong>ac</strong></span> <span class='ocrx_word' id='word_1_792' title='bbox 966 5468 1204 5524; x_wconf 90' lang='lat' dir='ltr'><strong>elatione</strong></span> <span class='ocrx_word' id='word_1_793' title='bbox 1253 5466 1525 5536; x_wconf 86' lang='lat' dir='ltr'><strong>deposita,</strong></span> <span class='ocrx_word' id='word_1_794' title='bbox 1563 5480 1855 5519; x_wconf 86' lang='lat' dir='ltr'><strong>exuamus.</strong></span> 
     </span>
    </p>
   </div>
   <div class='ocr_carea' id='block_1_107' title="bbox 260 5558 1859 5633">
    <p class='ocr_par' dir='ltr' id='par_1_107' title="bbox 260 5558 1859 5633">
     <span class='ocr_line' id='line_1_107' title="bbox 260 5558 1859 5633; baseline -0.004 -16"><span class='ocrx_word' id='word_1_795' title='bbox 260 5561 478 5618; x_wconf 82' lang='lat' dir='ltr'><strong>Idcirco</strong></span> <span class='ocrx_word' id='word_1_796' title='bbox 526 5563 674 5618; x_wconf 89' lang='lat' dir='ltr'><strong>enim</strong></span> <span class='ocrx_word' id='word_1_797' title='bbox 721 5562 1014 5633; x_wconf 89' lang='lat' dir='ltr'><strong>spirituum</strong></span> <span class='ocrx_word' id='word_1_798' title='bbox 1065 5577 1181 5626; x_wconf 77' lang='lat' dir='ltr'><strong>rex,</strong></span> <span class='ocrx_word' id='word_1_799' title='bbox 1232 5575 1342 5614; x_wconf 92' lang='lat' dir='ltr'><strong>non</strong></span> <span class='ocrx_word' id='word_1_800' title='bbox 1395 5560 1451 5612; x_wconf 92' lang='lat' dir='ltr'><strong>in</strong></span> <span class='ocrx_word' id='word_1_801' title='bbox 1502 5558 1760 5612; x_wconf 90' lang='lat' dir='ltr'><strong>curribus</strong></span> <span class='ocrx_word' id='word_1_802' title='bbox 1803 5565 1859 5611; x_wconf 92' lang='lat' dir='ltr'><strong>et</strong></span> 
     </span>
    </p>
   </div>
   <div class='ocr_carea' id='block_1_108' title="bbox 267 5651 1855 5724">
    <p class='ocr_par' dir='ltr' id='par_1_108' title="bbox 267 5651 1855 5724">
     <span class='ocr_line' id='line_1_108' title="bbox 267 5651 1855 5724; baseline -0.002 -16"><span class='ocrx_word' id='word_1_803' title='bbox 267 5654 606 5710; x_wconf 83' lang='lat' dir='ltr'><strong>exercitibus</strong></span> <span class='ocrx_word' id='word_1_804' title='bbox 631 5655 804 5719; x_wconf 87' lang='lat' dir='ltr'><strong>venit,</strong></span> <span class='ocrx_word' id='word_1_805' title='bbox 831 5655 930 5710; x_wconf 91' lang='lat' dir='ltr'><strong>sed</strong></span> <span class='ocrx_word' id='word_1_806' title='bbox 957 5655 1242 5724; x_wconf 71' lang='lat' dir='ltr'><strong>miseroac</strong></span> <span class='ocrx_word' id='word_1_807' title='bbox 1267 5653 1363 5706; x_wconf 89' lang='lat' dir='ltr'><strong>vili</strong></span> <span class='ocrx_word' id='word_1_808' title='bbox 1398 5651 1550 5722; x_wconf 91' lang='lat' dir='ltr'><strong>pullo</strong></span> <span class='ocrx_word' id='word_1_809' title='bbox 1584 5652 1855 5716; x_wconf 87' lang='lat' dir='ltr'><strong>insidens,</strong></span> 
     </span>
    </p>
   </div>
   <div class='ocr_carea' id='block_1_109' title="bbox 2021 5000 3555 5077">
    <p class='ocr_par' dir='ltr' id='par_1_109' title="bbox 2021 5000 3555 5077">
     <span class='ocr_line' id='line_1_109' title="bbox 2021 5000 3555 5077; baseline -0.007 -14"><span class='ocrx_word' id='word_1_810' title='bbox 2021 5007 2264 5063; x_wconf 80' lang='grc' dir='ltr'><strong>1Γ’.Μεθ’</strong></span> <span class='ocrx_word' id='word_1_811' title='bbox 2281 5000 2354 5061; x_wconf 82' lang='grc' dir='ltr'>ὧν</span> <span class='ocrx_word' id='word_1_812' title='bbox 2368 5005 2461 5059; x_wconf 80' lang='grc' dir='ltr'><strong>καὶ</strong></span> <span class='ocrx_word' id='word_1_813' title='bbox 2473 5006 2506 5077; x_wconf 90' lang='grc' dir='ltr'><strong>ή</strong></span> <span class='ocrx_word' id='word_1_814' title='bbox 2515 5005 2634 5075; x_wconf 89' lang='grc' dir='ltr'>μεῖς</span> <span class='ocrx_word' id='word_1_815' title='bbox 2649 5005 2747 5058; x_wconf 87' lang='grc' dir='ltr'><strong>ἀνυ</strong></span> <span class='ocrx_word' id='word_1_816' title='bbox 2755 5004 2945 5075; x_wconf 86' lang='grc' dir='ltr'>μνήσω</span> <span class='ocrx_word' id='word_1_817' title='bbox 2951 5020 3070 5074; x_wconf 82' lang='grc' dir='ltr'>μεν,</span> <span class='ocrx_word' id='word_1_818' title='bbox 3086 5004 3182 5056; x_wconf 78' lang='grc' dir='ltr'>καὶ</span> <span class='ocrx_word' id='word_1_819' title='bbox 3199 5003 3555 5074; x_wconf 76' lang='grc' dir='ltr'>έορτάσωμεν</span> 
     </span>
    </p>
   </div>
   <div class='ocr_carea' id='block_1_110' title="bbox 1964 5095 3555 5174">
    <p class='ocr_par' dir='ltr' id='par_1_110' title="bbox 1964 5095 3555 5174">
     <span class='ocr_line' id='line_1_110' title="bbox 1964 5095 3555 5174; baseline -0.006 -17"><span class='ocrx_word' id='word_1_820' title='bbox 1964 5105 2203 5174; x_wconf 83' lang='grc' dir='ltr'>σήμερον</span> <span class='ocrx_word' id='word_1_821' title='bbox 2224 5117 2236 5129; x_wconf 91' lang='grc'><strong>·</strong></span> <span class='ocrx_word' id='word_1_822' title='bbox 2273 5099 2347 5172; x_wconf 78' lang='grc' dir='ltr'>μὴ</span> <span class='ocrx_word' id='word_1_823' title='bbox 2384 5098 2795 5169; x_wconf 85' lang='grc' dir='ltr'>πανηγυρικῶς,</span> <span class='ocrx_word' id='word_1_824' title='bbox 2833 5096 2971 5150; x_wconf 84' lang='grc' dir='ltr'>ἀλλὰ</span> <span class='ocrx_word' id='word_1_825' title='bbox 3011 5096 3213 5158; x_wconf 86' lang='grc' dir='ltr'>θεῖκῶς</span> <span class='ocrx_word' id='word_1_826' title='bbox 3239 5111 3252 5127; x_wconf 86' lang='grc'><strong>·</strong></span> <span class='ocrx_word' id='word_1_827' title='bbox 3282 5095 3357 5165; x_wconf 84' lang='grc' dir='ltr'><strong>μὴ</strong></span> <span class='ocrx_word' id='word_1_828' title='bbox 3387 5096 3555 5165; x_wconf 81' lang='grc' dir='ltr'>μόνον</span> 
     </span>
    </p>
   </div>
   <div class='ocr_carea' id='block_1_111' title="bbox 1961 5187 3555 5267">
    <p class='ocr_par' dir='ltr' id='par_1_111' title="bbox 1961 5187 3555 5267">
     <span class='ocr_line' id='line_1_111' title="bbox 1961 5187 3555 5267; baseline -0.005 -19"><span class='ocrx_word' id='word_1_829' title='bbox 1961 5198 2027 5267; x_wconf 82' lang='grc' dir='ltr'>τῇ</span> <span class='ocrx_word' id='word_1_830' title='bbox 2058 5195 2228 5267; x_wconf 75' lang='grc' dir='ltr'>χειρὶ,</span> <span class='ocrx_word' id='word_1_831' title='bbox 2249 5193 2387 5248; x_wconf 84' lang='grc' dir='ltr'>ἀλλὰ</span> <span class='ocrx_word' id='word_1_832' title='bbox 2418 5193 2514 5246; x_wconf 74' lang='grc' dir='ltr'><strong>καὶ</strong></span> <span class='ocrx_word' id='word_1_833' title='bbox 2551 5193 2619 5263; x_wconf 82' lang='grc' dir='ltr'>τῇ</span> <span class='ocrx_word' id='word_1_834' title='bbox 2651 5191 2822 5262; x_wconf 80' lang='grc' dir='ltr'>ψυχῇ,</span> <span class='ocrx_word' id='word_1_835' title='bbox 2867 5189 2996 5259; x_wconf 76' lang='grc' dir='ltr'>βαΐα</span> <span class='ocrx_word' id='word_1_836' title='bbox 3025 5187 3352 5259; x_wconf 82' lang='grc' dir='ltr'>κατέχοντες</span> <span class='ocrx_word' id='word_1_837' title='bbox 3372 5203 3387 5219; x_wconf 86' lang='grc'>·</span> <span class='ocrx_word' id='word_1_838' title='bbox 3451 5189 3555 5242; x_wconf 74' lang='grc' dir='ltr'><strong>καὶ</strong></span> 
     </span>
    </p>
   </div>
   <div class='ocr_carea' id='block_1_112' title="bbox 1963 5278 3555 5358">
    <p class='ocr_par' dir='ltr' id='par_1_112' title="bbox 1963 5278 3555 5358">
     <span class='ocr_line' id='line_1_112' title="bbox 1963 5278 3555 5358; baseline -0.005 -18"><span class='ocrx_word' id='word_1_839' title='bbox 1963 5287 2173 5358; x_wconf 83' lang='grc' dir='ltr'>ταύτην</span> <span class='ocrx_word' id='word_1_840' title='bbox 2211 5286 2352 5356; x_wconf 84' lang='grc' dir='ltr'>ὑπὲρ</span> <span class='ocrx_word' id='word_1_841' title='bbox 2406 5285 2559 5355; x_wconf 89' lang='grc' dir='ltr'>χιόνα</span> <span class='ocrx_word' id='word_1_842' title='bbox 2610 5283 2998 5346; x_wconf 86' lang='grc' dir='ltr'>λευκάναντες,</span> <span class='ocrx_word' id='word_1_843' title='bbox 3048 5281 3232 5334; x_wconf 77' lang='grc' dir='ltr'>πᾶσαν</span> <span class='ocrx_word' id='word_1_844' title='bbox 3267 5278 3326 5346; x_wconf 73' lang='grc' dir='ltr'><strong>ἐξ</strong></span> <span class='ocrx_word' id='word_1_845' title='bbox 3376 5278 3555 5349; x_wconf 80' lang='grc' dir='ltr'>αὐτῆς</span> 
     </span>
    </p>
   </div>
   <div class='ocr_carea' id='block_1_113' title="bbox 1965 5369 3556 5443">
    <p class='ocr_par' dir='ltr' id='par_1_113' title="bbox 1965 5369 3556 5443">
     <span class='ocr_line' id='line_1_113' title="bbox 1965 5369 3556 5443; baseline -0.003 -15"><span class='ocrx_word' id='word_1_846' title='bbox 1965 5376 2058 5430; x_wconf 79' lang='grc' dir='ltr'><strong>τοῦ</strong></span> <span class='ocrx_word' id='word_1_847' title='bbox 2088 5374 2322 5429; x_wconf 84' lang='grc' dir='ltr'>παλαιοῦ</span> <span class='ocrx_word' id='word_1_848' title='bbox 2370 5373 2468 5427; x_wconf 78' lang='grc' dir='ltr'>καὶ</span> <span class='ocrx_word' id='word_1_849' title='bbox 2500 5371 2826 5443; x_wconf 80' lang='grc' dir='ltr'>δερματίνου</span> <span class='ocrx_word' id='word_1_850' title='bbox 2865 5369 3092 5441; x_wconf 85' lang='grc' dir='ltr'>χιτῶνος</span> <span class='ocrx_word' id='word_1_851' title='bbox 3147 5370 3248 5440; x_wconf 78' lang='grc' dir='ltr'>τὴν</span> <span class='ocrx_word' id='word_1_852' title='bbox 3279 5369 3556 5438; x_wconf 85' lang='grc' dir='ltr'>νέκρωσιν</span> 
     </span>
    </p>
   </div>
   <div class='ocr_carea' id='block_1_114' title="bbox 1966 5458 3557 5534">
    <p class='ocr_par' dir='ltr' id='par_1_114' title="bbox 1966 5458 3557 5534">
     <span class='ocr_line' id='line_1_114' title="bbox 1966 5458 3557 5534; baseline -0.004 -16"><span class='ocrx_word' id='word_1_853' title='bbox 1966 5462 2392 5534; x_wconf 83' lang='grc' dir='ltr'>ἀποδυσώμεθα,</span> <span class='ocrx_word' id='word_1_854' title='bbox 2424 5461 2603 5516; x_wconf 81' lang='grc' dir='ltr'>πάντα</span> <span class='ocrx_word' id='word_1_855' title='bbox 2631 5459 2800 5530; x_wconf 80' lang='grc' dir='ltr'>τύφον</span> <span class='ocrx_word' id='word_1_856' title='bbox 2830 5459 2928 5514; x_wconf 76' lang='grc' dir='ltr'>καὶ</span> <span class='ocrx_word' id='word_1_857' title='bbox 2947 5460 3180 5533; x_wconf 75' lang='grc' dir='ltr'>ἔπαρσιν</span> <span class='ocrx_word' id='word_1_858' title='bbox 3209 5458 3557 5530; x_wconf 77' lang='grc' dir='ltr'>ἀπορρίψαν-</span> 
     </span>
    </p>
   </div>
   <div class='ocr_carea' id='block_1_115' title="bbox 1966 5547 3556 5624">
    <p class='ocr_par' dir='ltr' id='par_1_115' title="bbox 1966 5547 3556 5624">
     <span class='ocr_line' id='line_1_115' title="bbox 1966 5547 3556 5624; baseline -0.005 -15"><span class='ocrx_word' id='word_1_859' title='bbox 1966 5571 2076 5619; x_wconf 85' lang='grc' dir='ltr'>τες.</span> <span class='ocrx_word' id='word_1_860' title='bbox 2112 5554 2212 5608; x_wconf 68' lang='lat' dir='ltr'><strong>Atii</strong></span> <span class='ocrx_word' id='word_1_861' title='bbox 2243 5552 2404 5607; x_wconf 84' lang='grc' dir='ltr'>τοῦτο</span> <span class='ocrx_word' id='word_1_862' title='bbox 2433 5553 2542 5624; x_wconf 80' lang='grc' dir='ltr'>γὰρ</span> <span class='ocrx_word' id='word_1_863' title='bbox 2563 5554 2591 5605; x_wconf 93' lang='lat'><strong>6</strong></span> <span class='ocrx_word' id='word_1_864' title='bbox 2637 5551 2892 5622; x_wconf 84' lang='grc' dir='ltr'>βασιλεὺς</span> <span class='ocrx_word' id='word_1_865' title='bbox 2933 5551 3044 5604; x_wconf 85' lang='grc' dir='ltr'><strong>τῶν</strong></span> <span class='ocrx_word' id='word_1_866' title='bbox 3087 5549 3421 5620; x_wconf 81' lang='grc' dir='ltr'>ἀσωμάτων,</span> <span class='ocrx_word' id='word_1_867' title='bbox 3447 5547 3556 5602; x_wconf 82' lang='grc' dir='ltr'>οὐκ</span> 
     </span>
    </p>
   </div>
   <div class='ocr_carea' id='block_1_116' title="bbox 1969 5637 3556 5718">
    <p class='ocr_par' dir='ltr' id='par_1_116' title="bbox 1969 5637 3556 5718">
     <span class='ocr_line' id='line_1_116' title="bbox 1969 5637 3556 5718; baseline -0.008 -17"><span class='ocrx_word' id='word_1_868' title='bbox 1969 5648 2054 5717; x_wconf 80' lang='grc' dir='ltr'><strong>ἐφ’</strong></span> <span class='ocrx_word' id='word_1_869' title='bbox 2083 5646 2347 5718; x_wconf 82' lang='grc' dir='ltr'>ἁρμάτων</span> <span class='ocrx_word' id='word_1_870' title='bbox 2398 5644 2494 5699; x_wconf 78' lang='grc' dir='ltr'><strong>καὶ</strong></span> <span class='ocrx_word' id='word_1_871' title='bbox 2550 5642 2975 5715; x_wconf 86' lang='grc' dir='ltr'>στρατευμάτων</span> <span class='ocrx_word' id='word_1_872' title='bbox 3002 5639 3401 5710; x_wconf 77' lang='grc' dir='ltr'>παραγίνεταιο</span> <span class='ocrx_word' id='word_1_873' title='bbox 3432 5637 3556 5690; x_wconf 79' lang='grc' dir='ltr'>ἀλλ’</span> 
     </span>
    </p>
   </div>
   <div class='ocr_carea' id='block_1_117' title="bbox 336 5749 1854 5835">
    <p class='ocr_par' dir='ltr' id='par_1_117' title="bbox 336 5766 1826 5835">
     <span class='ocr_line' id='line_1_117' title="bbox 336 5766 1826 5835; baseline -0.006 -9"><span class='ocrx_word' id='word_1_874' title='bbox 336 5771 378 5802; x_wconf 77' lang='grc'><strong>⁸⁸</strong></span> <span class='ocrx_word' id='word_1_875' title='bbox 414 5771 554 5826; x_wconf 88' lang='lat' dir='ltr'><strong>Psal.</strong></span> <span class='ocrx_word' id='word_1_876' title='bbox 587 5789 735 5830; x_wconf 76' lang='lat' dir='ltr'><strong>xxm.</strong></span> <span class='ocrx_word' id='word_1_877' title='bbox 769 5771 819 5823; x_wconf 88' lang='lat'><strong>7.</strong></span> <span class='ocrx_word' id='word_1_878' title='bbox 898 5771 942 5802; x_wconf 77' lang='grc'>⁸³</span> <span class='ocrx_word' id='word_1_879' title='bbox 982 5770 1140 5825; x_wconf 85' lang='lat' dir='ltr'><strong>Joan.</strong></span> <span class='ocrx_word' id='word_1_880' title='bbox 1173 5771 1305 5835; x_wconf 75' lang='lat' dir='ltr'><strong>x.,9.</strong></span> <span class='ocrx_word' id='word_1_881' title='bbox 1380 5766 1425 5798; x_wconf 85' lang='grc'><em>³³</em></span> <span class='ocrx_word' id='word_1_882' title='bbox 1459 5769 1562 5822; x_wconf 86' lang='lat' dir='ltr'><strong>lsa.</strong></span> <span class='ocrx_word' id='word_1_883' title='bbox 1599 5781 1744 5830; x_wconf 78' lang='lat' dir='ltr'><strong>mu,</strong></span> <span class='ocrx_word' id='word_1_884' title='bbox 1782 5768 1826 5818; x_wconf 91' lang='lat' dir='ltr'><strong>I.</strong></span> 
     </span>
    </p>
   </div>
   <div class='ocr_carea' id='block_1_118' title="bbox 1964 5749 3549 5835">
    <p class='ocr_par' dir='ltr' id='par_1_118' title="bbox 1964 5749 3549 5835">
     <span class='ocr_line' id='line_1_118' title="bbox 1964 5749 3549 5835; baseline -0.006 -17"><span class='ocrx_word' id='word_1_885' title='bbox 1964 5765 2093 5818; x_wconf 82' lang='lat' dir='ltr'><strong>Luc.</strong></span> <span class='ocrx_word' id='word_1_886' title='bbox 2142 5778 2199 5825; x_wconf 90' lang='lat' dir='ltr'><strong>ll,</strong></span> <span class='ocrx_word' id='word_1_887' title='bbox 2253 5762 2352 5835; x_wconf 48' lang='lat' dir='ltr'><strong>lt.</strong></span> <span class='ocrx_word' id='word_1_888' title='bbox 2417 5760 2460 5792; x_wconf 81' lang='lat'>&quot;</span> <span class='ocrx_word' id='word_1_889' title='bbox 2491 5759 2626 5815; x_wconf 90' lang='lat' dir='ltr'><strong>Luc.</strong></span> <span class='ocrx_word' id='word_1_890' title='bbox 2678 5775 2786 5824; x_wconf 77' lang='lat' dir='ltr'><strong>nx,</strong></span> <span class='ocrx_word' id='word_1_891' title='bbox 2827 5757 2920 5814; x_wconf 64' lang='lat'><strong>58.</strong></span> <span class='ocrx_word' id='word_1_892' title='bbox 2994 5756 3039 5787; x_wconf 79' lang='lat'><strong>“</strong></span> <span class='ocrx_word' id='word_1_893' title='bbox 3077 5755 3211 5810; x_wconf 89' lang='lat' dir='ltr'><strong>Luc.</strong></span> <span class='ocrx_word' id='word_1_894' title='bbox 3267 5768 3412 5817; x_wconf 66' lang='lat' dir='ltr'><strong>xstv,</strong></span> <span class='ocrx_word' id='word_1_895' title='bbox 3454 5749 3549 5808; x_wconf 55' lang='lat'><strong>3&quot;.</strong></span> 
     </span>
    </p>
   </div>
   <div class='ocr_carea' id='block_1_119' title="bbox 265 5830 2384 5909">
    <p class='ocr_par' dir='ltr' id='par_1_119' title="bbox 265 5830 2384 5909">
     <span class='ocr_line' id='line_1_119' title="bbox 265 5830 2384 5909; baseline -0.007 -11"><span class='ocrx_word' id='word_1_896' title='bbox 265 5840 308 5873; x_wconf 82' lang='grc'><strong>⁸⁷</strong></span> <span class='ocrx_word' id='word_1_897' title='bbox 345 5841 446 5898; x_wconf 89' lang='lat' dir='ltr'><strong>lsa.</strong></span> <span class='ocrx_word' id='word_1_898' title='bbox 481 5859 620 5909; x_wconf 77' lang='lat' dir='ltr'><strong>xxvi,</strong></span> <span class='ocrx_word' id='word_1_899' title='bbox 661 5845 742 5897; x_wconf 68' lang='lat'><strong>1‘2-</strong></span> <span class='ocrx_word' id='word_1_900' title='bbox 821 5843 863 5875; x_wconf 78' lang='grc'><strong>⁸⁸</strong></span> <span class='ocrx_word' id='word_1_901' title='bbox 897 5830 1273 5908; x_wconf 65' lang='grc' dir='ltr'>ΡεεΙ.χςι,2έ.</span> <span class='ocrx_word' id='word_1_902' title='bbox 1343 5839 1387 5871; x_wconf 75' lang='grc'><strong>⁸⁸</strong></span> <span class='ocrx_word' id='word_1_903' title='bbox 1425 5839 1567 5893; x_wconf 85' lang='lat' dir='ltr'><strong>Psal.</strong></span> <span class='ocrx_word' id='word_1_904' title='bbox 1601 5855 1737 5902; x_wconf 74' lang='lat' dir='ltr'><strong>xcvi,</strong></span> <span class='ocrx_word' id='word_1_905' title='bbox 1767 5837 1817 5892; x_wconf 88' lang='grc'>8.</span> <span class='ocrx_word' id='word_1_906' title='bbox 1894 5837 1940 5870; x_wconf 73' lang='grc' dir='ltr'><strong>⁸ο</strong></span> <span class='ocrx_word' id='word_1_907' title='bbox 1973 5835 2116 5891; x_wconf 84' lang='lat' dir='ltr'><strong>Psal.</strong></span> <span class='ocrx_word' id='word_1_908' title='bbox 2145 5850 2266 5899; x_wconf 79' lang='lat' dir='ltr'><strong>xcv,</strong></span> <span class='ocrx_word' id='word_1_909' title='bbox 2301 5830 2384 5884; x_wconf 85' lang='grc'><strong>11.</strong></span> 
     </span>
    </p>
   </div>
  </div>
