3898 6382
198 388 321 456 99.37

1054 382 1060 389 ’
1177 385 1444 443 (ΖΑΡΙΤΑ
1486 385 1592 444 VII
1633 386 1729 444 DE
1766 386 2070 447 DUABUS
2110 388 2469 449 NATURIS.

3300 380 3440 448 2938

197 506 284 563 ιπὶ
303 501 487 557 πώλου
514 498 729 567 οἰκτροῦ
791 499 885 551 καὶ
932 499 1128 568 μικρυῦ
1179 498 1488 566 καθήμενος
1520 497 1759 566 ἔρχεται,

1872 514 1975 568 quo
2003 499 2216 564 doceat,
2247 510 2308 555 ut
2354 515 2426 555 ne
2477 500 2535 553 in
2581 498 2742 568 equis
2791 505 2849 553 et
2900 495 3086 563 mulis,
3123 497 3308 567 quibus
3336 514 3441 552 non

198 600 252 652 σὲ
286 592 558 649 παιδεύων
589 591 665 662 μὴ
710 590 795 659 ἐφ’
843 590 1024 642 ἵππων
1065 589 1159 641 καὶ
1200 590 1459 657 ἡμιόνων,
1502 586 1590 653 οἷς
1646 590 1758 641 οὐκ

194 693 314 745 ἔστι
330 686 609 749 σύνεσις,
627 680 976 752 ἐπαίρεσθαι.
996 680 1088 732 Διὸ
1118 681 1211 732 καὶ
1238 683 1398 751 ἡμεῖς
1424 680 1764 748 συμμετριάη

196 794 368 848 σωμεν
397 774 643 846 Χριστῷ,
680 774 771 826 ἵνα
801 772 896 824 καὶ
930 770 1278 840 συνέλθωμεν
1301 786 1315 799 ·
1353 770 1493 840 μετὰ
1514 769 1762 837 ἀγγέλων

194 870 556 938 ὑμνήσωμεν·
604 865 743 935 μετά
798 863 908 917 τῶν
960 862 1166 916 παίδων
1209 861 1526 929 δοξάσωμεν
1555 877 1568 891 ·
1623 859 1764 929 μετὰ

194 956 278 1010 τοῦ
304 956 465 1025 ὄχλου
501 954 568 1008 τὰ
601 952 697 1007 τοῦ
731 952 892 1022 ὄχλου
933 952 1220 1023 βοήσωμεν
1247 965 1261 980 '
1322 948 1463 1019 μετὰ
1497 947 1767 1018 Βηθανίας

202 1048 606 1117 σκιρτήσωμεν·
653 1044 793 1115 μετὰ
844 1041 1096 1115 Λαζάρου
1134 1042 1244 1096 τῶν
1311 1041 1525 1112 νεκρῶν
1586 1041 1765 1112 ἔργων

195 1135 540 1203 ἀναστῶμεν·
591 1134 732 1203 μετὰ
775 1131 886 1186 τῶν
937 1133 996 1184 ὲν
1034 1130 1173 1185 Σιὼν
1218 1131 1586 1201 χορεύσωμενσ
1628 1130 1766 1200 μετὰ

195 1228 293 1282 τῶν
317 1225 739 1295 ἀναϐλεψάντων
757 1224 972 1293 τυφλῶν
1003 1220 1293 1295 κράξωμεν
1317 1240 1331 1254 ·
1365 1222 1507 1292 μετὰ
1553 1223 1763 1292 νηπίων

197 1321 281 1375 καὶ
307 1319 585 1391 γερόντων
607 1317 913 1385 αἱνέσωμεν
931 1332 946 1348 ο
975 1316 1115 1385 μετὰ
1136 1315 1392 1386 μαθητῶν
1418 1314 1764 1386 κηρύξωμενο

196 1409 383 1462 ἐλαιῶν
414 1408 648 1470 κλάδους
686 1407 755 1459 δι’
806 1405 1182 1476 ἐλεημοσύνης
1211 1408 1269 1457 ὲν
1300 1408 1364 1475 τῇ
1394 1404 1489 1458 τοῦ
1523 1405 1640 1475 βίου

197 1501 366 1564 καλῶς
426 1498 871 1570 ὑποστρώσωμεν
895 1513 912 1530 ⁸
968 1498 1112 1551 κατὰ
1142 1499 1270 1561 τοὺς
1309 1498 1507 1561 παῖδας
1544 1496 1771 1568 περικό-

196 1592 376 1662 ψωμεν
420 1590 526 1660 τῆς
582 1589 854 1643 πολυΰλου
913 1589 1067 1659 ἡμῶν
1122 1588 1410 1659 ὑπάρξεως
1442 1586 1533 1639 τὸν
1565 1586 1729 1655 ὄγκον
1755 1601 1770 1616 ·

200 1684 284 1737 καὶ
330 1683 679 1754 ἐλεημοσύνῃ
712 1683 940 1745 ἑαυτοὺς
978 1682 1419 1751 ὑποστρώσωμεν
1474 1680 1533 1733 ὲν
1565 1682 1632 1750 τῇ
1668 1678 1774 1750 ὀδῷ

200 1778 258 1845 τῇ
290 1774 529 1845 λεγούσῃ
557 1791 570 1803 ·
616 1774 760 1843 Ἐγώ
793 1776 912 1843 εἰμι
943 1774 982 1841 ἡ
1020 1773 1181 1839 ὁδός·
1212 1774 1361 1835 ὅπως
1390 1772 1487 1825 κα)⁸
1514 1773 1680 1843 ἡμεῖς
1706 1772 1773 1826 δι’

1860 597 1935 643 εει
1985 589 2281 644 intellectus
2302 592 2371 656 ",
2402 590 2672 645 eﬂ'eraris.
2707 587 2946 643 Proinde
2979 602 3081 642 nos
3114 587 3282 642 etiam
3334 602 3443 642 una

1861 695 1985 736 cum
2010 681 2233 737 Christo
2255 680 2576 736 modestiam
2599 680 2865 744 colamus,
2891 686 2955 733 ut
2983 685 3040 733 ct
3061 678 3235 732 simul
3251 693 3443 734 ascen-

1860 771 2055 827 damus
2103 789 2118 827 :
2168 787 2295 826 cum
2343 772 2553 842 angelis
2593 785 2953 839 personemus
2999 769 3235 839 hymnos
3276 784 3440 823 :cnm

1865 864 2054 933 pueris
2090 863 2497 934 gloriﬁcemus:
2529 878 2654 918 cum
2710 863 2892 926 turba,
2947 860 3139 916 eadem
3198 875 3265 915 ac
3330 860 3445 929 ipsa

1865 955 2166 1010 clamemus
2190 973 2202 1007 :
2227 969 2352 1010 cum
2376 954 2641 1009 Bethania
2669 953 3008 1009 exsultemus
3031 969 3045 1006 :
3071 968 3196 1008 cum
3214 952 3444 1017 Lazaro,

1866 1046 1938 1101 ab
1967 1048 2232 1117 operibus
2270 1047 2504 1103 mortuis
2557 1061 2941 1117 resurgamus:
2975 1062 3099 1102 cum
3132 1045 3327 1101 Sionisi
3358 1045 3448 1099 in-

1867 1139 2007 1194 colis
2065 1139 2266 1194 choros
2312 1138 2616 1209 agitemus:
2652 1153 2778 1194 cum
2837 1136 2996 1193 caecis
3042 1137 3246 1206 quibus
3294 1136 3447 1190 visus

1867 1232 2156 1287 restitutus
2206 1230 2332 1294 fuit,
2379 1231 2714 1285 clamemus:
2745 1246 2871 1285 cum
2918 1228 3108 1300 pueris
3134 1236 3192 1282 et
3224 1227 3449 1282 senibus

1869 1321 2196 1377 laudemus:
2229 1338 2355 1377 cum
2388 1322 2677 1392 discipulis
2705 1322 3067 1392 praedicamus
3100 1340 3113 1374 :
3140 1335 3324 1375 ramos
3347 1318 3451 1374 oli-

1870 1425 2059 1464 varum
2092 1426 2191 1479 per
2222 1411 2659 1465 misericordiam
2688 1412 2743 1465 in
2774 1411 2902 1466 vitae
2932 1411 3126 1465 itinere
3150 1423 3446 1480 puerorum

1872 1515 2028 1554 more
2059 1501 2162 1555 rite
2203 1510 2516 1557 sternamus
2544 1521 2556 1556 :
2590 1503 3050 1559 circumcidamus
3082 1503 3241 1573 longe
3281 1509 3452 1556 mate-

1874 1591 2027 1645 rialis
2081 1602 2280 1647 nostr:e
2330 1592 2652 1648 substantiae
2702 1596 2923 1657 molem,
2978 1609 3189 1663 nosque
3237 1592 3452 1647 miseri-

1875 1684 2078 1740 cordia:
2128 1684 2184 1739 in
2222 1685 2310 1739 via
2344 1685 2782 1751 substernamus,
2833 1703 2956 1757 qum
2984 1686 3155 1741 dicit:
3198 1687 3312 1756 Ego
3333 1701 3451 1738 sum

1876 1778 2016 1830 via"
2042 1793 2056 1830 :
2090 1786 2151 1831 ut
2181 1787 2238 1832 et
2278 1792 2378 1832 nos
2406 1793 2505 1847 per
2533 1794 2652 1833 eam
2679 1787 2736 1832 et
2764 1794 2887 1833 cum
2925 1794 2989 1833 ea
3014 1775 3451 1832 misericordiam

203 1868 363 1937 αὐτῆς
392 1864 651 1939 εὕρωμεν
680 1866 833 1930 ἔλεος
867 1867 998 1937 παρ’
1027 1866 1216 1936 αὐτῆς,
1241 1866 1335 1918 καὶ
1370 1865 1467 1918 σὺν
1508 1865 1645 1935 αὑτῇ
1681 1867 1769 1923 εἰς,

1876 1866 2227 1922 inveniamus
2254 1868 2311 1922 in
2336 1882 2572 1938 superna
2601 1868 2924 1923 Jerusalem.
2952 1868 3008 1923 ln
3030 1883 3287 1939 magnum
3315 1866 3454 1920 illud

201 1958 289 2028 τὴν
320 1958 434 2011 ἄνω
467 1958 847 2029 Ἰερουσαλήμ.
885 1958 980 2020 Εἰς
1007 1957 1067 2010 τὸ
1095 1957 1238 2027 ἱερὸν
1273 1956 1335 2009 τὸ
1361 1955 1507 2025 μέγα
1546 1973 1764 2010 συνεισ-

202 2049 460 2119 έλθωμεν,
492 2051 591 2103 καὶ
619 2051 669 2102 οἱ
696 2050 1049 2121 προάγοντες,
1091 2048 1187 2101 καὶ
1240 2047 1293 2100 οι
1325 2047 1767 2111 ἀκολουθοῦντες·

204 2141 249 2193 οἱ
278 2144 614 2212 προάγοντες
641 2140 764 2213 μὲν,
790 2143 839 2193 οἱ
874 2142 931 2193 ὲν
958 2142 1027 2210 τῇ
1057 2139 1216 2211 τρίτῃ
1253 2137 1395 2211 ὥρᾳ,
1426 2138 1522 2193 καὶ
1555 2140 1604 2192 oi
1639 2140 1772 2192 ἀκο-

206 2232 542 2297 λουθοῦντες,
572 2234 786 2304 οἱπερὶ
845 2231 945 2303 τὴν
994 2231 1326 2301 ἑνδεκάτην
1387 2231 1482 2284 καὶ
1542 2230 1592 2284 οἱ
1641 2247 1778 2302 προ-

208 2326 423 2391 άγοντες
450 2326 543 2380 διὰ
571 2325 845 2396 πράξεων,
884 2325 976 2377 καὶ
997 2325 1046 2377 oi
1080 2322 1497 2385 ἀκολουθοῦντες
1515 2322 1611 2400 ῥιὰ
1646 2339 1779 2393 προ-

209 2417 422 2483 θέσεως,
456 2418 699 2481 ἆπαντες
747 2414 894 2489 [σὺνῙ
925 2414 1148 2486 Χριστῷ
1168 2412 1220 2481 ἀ,
1253 2414 1303 2467 oi
1350 2414 1505 2467 αὐτοὶ
1546 2429 1777 2467 συνακο-

210 2510 548 2573 λουθοῦντες,
606 2510 702 2563 καὶ
756 2506 1225 2578 ἀκολουθήσαντες
1280 2503 1777 2575 ωμόασιλεὺοντες

211 2598 371 2669 αὐτῷ,
401 2599 501 2653 καὶ
530 2597 640 2651 τῶν
675 2598 910 2653 αἰωνίων
944 2595 1166 2664 ἀγαθῶν
1196 2593 1587 2656 ἀπολαύοντες,
1616 2593 1777 2659 δόξαν

213 2689 300 2742 καὶ
356 2690 734 2761 μεγαλοσύνην
788 2688 1223 2759 ἀναπέμψωμεν,
1286 2685 1402 2756 ἅμα
1459 2685 1540 2756 τῷ
1577 2685 1774 2757 Πατρὶ,

214 2783 299 2833 καὶ
342 2780 422 2850 τῷ
469 2781 722 2851 παναγῑῳ
764 2782 860 2834 κα)⁸
905 2778 1156 2848 ζωοποιῷ
1198 2778 1514 2848 Πνεύματι,
1557 2776 1655 2830 νῦν
1685 2778 1777 2830 καὶ

214 2868 314 2935 ἀεὶ,
342 2871 440 2925 καὶ
476 2872 561 2934 εἰς
590 2871 715 2935 τοὺς
737 2872 938 2933 αἰῶνας
962 2869 1070 2923 τῶν
1096 2868 1329 2923 αἰώνων.
1407 2868 1600 2939 Ἀμήν.

278 3008 318 3038 ⁹¹
358 3008 512 3064 Psal.
546 3025 694 3075 xui,
720 3009 774 3065 9.
837 3010 884 3042 "
911 3009 1069 3066 Joan.
1096 3024 1209 3075 XIV,
1239 3008 1295 3063 6.

1874 1958 2138 2027 templum
2175 1959 2382 2028 pariter
2422 1958 2815 2030 ingrediamur,
2865 1971 2983 2015 tum
3040 1961 3136 2030 qui
3191 1958 3454 2029 pra-cedi-

1878 2062 2024 2114 mus,
2056 2056 2175 2102 tum
2207 2049 2301 2118 qui
2329 2050 2651 2119 sequimur:
2682 2052 2777 2121 qui
2820 2052 3213 2121 przeeedimus,
3246 2052 3340 2121 qui
3366 2051 3455 2105 ni-

1878 2138 2079 2193 mirum
2104 2139 2240 2194 bora
2284 2144 2473 2196 tertia:
2500 2152 2557 2197 et
2581 2143 2677 2212 qui
2704 2143 2991 2213 sequimur
3012 2185 3028 2210 ,
3057 2143 3153 2213 qui
3178 2144 3322 2198 circa
3356 2159 3457 2197 un-

1881 2228 2197 2284 decimam:
2256 2232 2373 2300 qui,
2423 2232 2670 2303 inquam,
2729 2249 2828 2304 per
2883 2241 3003 2290 acta
3057 2233 3457 2304 praecedimus;

1883 2320 2089 2390 quique
2140 2324 2428 2392 sequimur
2477 2340 2576 2394 per
2617 2327 2959 2395 propositum
3018 2326 3225 2393 animi;
3268 2341 3461 2382 omnes

1881 2409 2122 2479 Christo,
2147 2414 2197 2469 ei
2229 2430 2377 2472 nunc
2397 2432 2460 2472 ac
2477 2418 2609 2472 olim
2650 2419 2901 2484 comites,
2926 2436 3050 2477 cum
3078 2420 3198 2490 ipso
3228 2434 3462 2489 regnau-

1884 2514 2004 2571 tes,
2054 2521 2118 2561 ac
2173 2508 2526 2577 sempiternis
2572 2509 2735 2564 bonis
2796 2509 3065 2575 fruentes,
3114 2509 3345 2579 gloriam
3395 2523 3459 2561 ac

1882 2596 2345 2666 magniﬁcentiam
2399 2600 2831 2665 submittamus,
2894 2617 3004 2655 una
3070 2615 3195 2655 cum
3272 2599 3458 2661 Patre,

1883 2687 2342 2759 sanctissimoque
2370 2705 2436 2744 ac
2458 2690 2678 2746 viviﬁco
2704 2689 2942 2760 Spiritu,
2965 2706 3115 2746 nunc
3141 2697 3198 2746 et
3219 2702 3458 2760 semper,

1883 2786 1941 2833 et
1968 2778 2022 2833 in
2049 2781 2245 2836 saecula
2270 2783 2617 2838 saeculorum.
2650 2784 2846 2839 Amen.

1486 3103 1722 3159 VABUE
1762 3102 2174 3161 LECTIONES.

279 3169 305 3212 ⁸
335 3173 583 3246 Χριστῷ.
614 3174 744 3246 Leg.
776 3175 855 3247 τῷ
883 3174 1127 3248 Χριστῷ.

462 3392 567 3402 ~—

226 3365 3447 3404 mw

607 3540 907 3657 ΤΟΥ
1017 3533 2221 3659 ΜΑΚΑΡΙΩΤΑΤΟΥ
2325 3504 3094 3649 ΕΥΑΟΓΙΟΥ

1447 3756 1650 3809 ΠΑΠΑ
1689 3749 2024 3809 ΔΛΕΞΑΝΔ
2034 3748 2259 3806 ΡΕΙΑΣ

1372 3911 1943 4001 ΚΕΦΑΛΑΙΑ
2015 3912 2317 3999 ΕΠΤΑ

359 4098 520 4156 ΠΕΡΙ
550 4101 688 4155 ΤΩΝ
715 4100 848 4157 ΔΥΟ
878 4099 1147 4157 ΦΥΣΕΩΝ
1176 4101 1313 4156 ΤΟΥ
1355 4098 1619 4156 ΚΥΡΙοΥ
1653 4100 1777 4154 ΚΑΙ
1813 4095 1997 4153 ΘΕΟΥ
2042 4096 2165 4151 ΚΑΙ
2200 4091 2515 4148 ΣΩΤΗΡΟΣ
2547 4090 2747 4148 ΗΜΩΝ
2778 4087 2984 4144 ΙΗΣΟΥ
3007 4081 3326 4141 ΧΡΙΣΤΟΥ.

1105 4438 1909 4555 BEATISSIMI
2024 4435 2611 4552 EULOGII

1493 4658 1705 4716 ΡΑΡίΕ
1735 4656 2223 4714 ΑιΕΧΑΝυηιΝι

1268 4855 1686 4949 CAPITA
1719 4833 1841 4917 (1⁵)
1909 4842 2368 4942 SEPTEM

340 5053 431 5115 DE
476 5049 778 5113 DUABUS
825 5046 1159 5112 NATURIS
1200 5047 1466 5110 DOMINI
1505 5044 1785 5121 DEIQUE
1838 5046 1927 5108 AC
1969 5041 2443 5107 SALVATORIS
2496 5037 2775 5102 NOSTRI
2826 5037 3006 5101 JESU
3055 5036 3378 5101 CHRISTI.
3458 5116 3467 5125 '

1415 5210 1689 5273 Interprete
1711 5208 1981 5259 Funcisco
2014 5208 2314 5259 Counsrisio.

308 5485 384 5543 A’.
402 5490 463 5543 Ei
486 5492 617 5561 μιᾶς
633 5489 847 5561 φύσεως
866 5488 1007 5559 μετὰ
1033 5486 1135 5559 τὴν
1153 5486 1345 5543 ἕνωσιν
1369 5487 1617 5558 “Cupio;
1646 5485 1800 5558 ἡμῶν
1828 5490 1876 5553 c
1973 5484 2015 5540 Ι.
2061 5483 2118 5540 Si
2144 5482 2309 5539 unius
2338 5491 2553 5538 naturae
2585 5489 2711 5554 post
2772 5480 3035 5537 unionem
3084 5485 3171 5533 est
3222 5473 3488 5531 Dominus

260 5573 452 5645 Ἰησοῦς
476 5581 715 5653 Χριστός
750 5584 918 5647 ἐστιν,
950 5581 1093 5647 εἰπὲ,
1131 5580 1327 5647 ποίας;
1373 5580 1473 5649 τῆς
1502 5579 1799 5650 λαϐούσης,

1907 5586 2098 5635 noster
2128 5577 2289 5634 Jesus
2315 5575 2572 5633 Christus
2592 5616 2608 5642 ,
2666 5590 2821 5646 rogo,
2854 5568 3180 5644 cuiusnam?
3218 5566 3339 5639 ejus
3365 5582 3489 5636 qua:

316 5718 420 5791 (15)
453 5723 685 5797 Exstant
730 5724 869 5797 haec,
895 5729 1103 5797 septem
1158 5722 1349 5797 Capita
1384 5724 1560 5797 sancti
1593 5723 1806 5797 Eulogii
1845 5725 1990 5782 inter
2008 5723 2271 5795 opuscula
2316 5722 2619 5793 theologica
2659 5719 2834 5777 sancti
2872 5714 3089 5773 Maximi
3129 5708 3487 5777 confessoris,

253 5783 376 5859 Opp.
401 5783 534 5850 tom.
564 5794 628 5861 II,
664 5810 822 5866 pagg.
853 5783 1084 5865 l-lS'seq.
1105 5783 1697 5851 edit.'Combelisiana:.
