3898 6390
341 346 483 414 2943
1335 359 1394 420 S.
1432 358 1747 422 EULOGII
1790 362 1880 420 Ali

2058 360 2145 418 ΞΡ.
2189 360 2565 421 ALEXAND.
3460 359 3597 426 2944

408 468 794 540 Pratterlapsis
851 470 1057 524 iterum
1097 468 1262 524 annis
1320 471 1739 543 quinquaginta
1781 488 1920 535 uno,

2100 470 2323 540 Χρόνων
2350 472 2406 524 δέ
2434 489 2539 525 που
2569 472 2729 537 πάλιν
2756 473 2835 526 να⁹
2855 474 3288 545 διαδραμόντων,
3318 476 3595 548 προέκυψε

339 563 571 619 emersit
620 559 929 627 Nestorius,
982 561 1255 617 nefandus
1308 563 1670 635 impurusque
1720 581 1878 636 praem

2065 562 2120 613 αἰ
2168 563 2465 634 Νεστόριος
2519 566 2547 617 ὁ
2595 566 2784 637 μιαρὸς
2843 568 2938 621 καλ⁵
2980 568 3287 639 ἀκάθαρτος
3337 570 3600 640 πρόεδρος

338 654 1016 723 Constantinopolitanus,
1047 651 1601 725 qui'hominiparam,
1643 672 1753 711 non
1793 658 1877 712 Dei

2060 656 2673 720 ζωνσταντινουπόλεως,
2694 658 3109 728 ἁνθρωποτόκον
3128 661 3302 727 λέγων
3323 663 3388 731 τὴ
3402 678 3420 713 ι
3439 661 3599 729 ἁγίαν

338 762 525 816 param
580 760 702 800 esse
757 753 998 799 sanctam
1052 747 1333 817 Virginem
1381 749 1638 803 asseruit.
1691 749 1877 819 Proptt

2063 745 2322 816 [apOévov’,
2354 748 2451 801 καὶ
2477 749 2537 801 οὑ
2563 748 2845 803 Θεοτόκον·
2864 751 2933 804 δι’
2962 752 3021 805 ὃν
3051 755 3271 821 γέγονεν
3300 754 3333 823 ἡ
3361 755 3419 807 ὲν
3443 754 3602 822 Ἑφέ-

338 839 490 893 hunc
525 838 709 891 habita
757 845 842 891 est
873 838 1026 907 prior
1059 839 1332 908 Ephesina
1383 840 1744 895 ducentorum
1795 856 1877 895 sar

2062 856 2100 909 ῳ
2127 839 2189 891 τὸ
2212 840 2478 911 πρότερον
2511 848 2556 894 σ¹
2581 842 2753 909 ἁγίων
2779 844 3038 915 Πατὲρων
3067 845 3308 909 σύνοδος,
3337 846 3601 899 Θεοτόκον

336 938 551 984 ctorum
602 930 827 984 Patrum
862 930 1124 1000 synodus,
1180 947 1303 1001 qua:
1355 931 1578 1001 proprie
1623 941 1680 986 et
1726 948 1875 985 rever

2060 930 2226 1001 υρίως
2256 933 2352 985 καὶ
2378 931 2591 1004 ἀληθῶς
2622 934 2967 1004 κηρύττουσα
2994 936 3093 1006 τὴν
3117 936 3276 1004 ἁγίαν
3301 936 3599 1007 Παρθένον,

335 1019 622 1092 Deiparam
674 1039 794 1078 esse
836 1036 1082 1079 sanctam
1119 1024 1400 1095 Virginem
1438 1025 1823 1095 promulgavit,
1863 1043 1874 1079 ε

2063 1022 2114 1073 αἱ
2147 1022 2440 1092 Νεστόριον
2473 1024 2680 1094 αἰωνίῳ
2711 1024 3014 1095 ἀναθέματι
3044 1024 3486 1078 ὑποϐαλοῦσα.ὐ
3512 1022 3602 1077 διὰ.

335 1111 654 1169 Nestorium
713 1123 921 1169 aeterno
967 1116 1315 1171 anathemate
1365 1118 1656 1186 percussit.
1709 1116 1874 1170 Deiml

2062 1112 2236 1166 άντων
2279 1114 2336 1166 δὲ
2380 1116 2509 1185 περί
2537 1133 2638 1168 που
2671 1114 2750 1168 κε’
2772 1116 2981 1185 χρόνων
3012 1116 3258 1185 Εὐτυχὴς
3283 1116 3310 1168 ὁ
3332 1114 3601 1185 δυστυχὴς

334 1214 458 1274 post
491 1202 675 1276 viginti
714 1208 960 1277 quinque
1004 1208 1228 1262 circiter
1270 1224 1462 1272 annos,
1494 1208 1720 1265 emersit
1749 1209 1873 1280 Eutg

2058 1207 2448 1277 ρχιμανδρίτης
2509 1209 2894 1279 μοναστηρίων
2945 1207 3597 1273 Κωνσταντινουπόλεως,

336 1293 470 1365 οιιρε
517 1293 805 1350 nefaustus
854 1296 1317 1351 monasteriorum
1351 1296 1875 1366 Constantinopolim

2061 1297 2253 1367 νέκυψε
2328 1299 2402 1368 μὴ
2440 1299 2616 1367 λέγων
2660 1298 2948 1369 ὁμοούσιον
2979 1298 3136 1368 ἡμῶν
3169 1293 3309 1351 εἶναι
3341 1299 3404 1352 τὸ
3436 1299 3600 1367 σῶμα

333 1398 533 1439 norum
582 1387 1034 1450 archimandrita,
1078 1388 1269 1443 dicens
1304 1404 1415 1443 non
1446 1388 1872 1443 eonsubstantial

2057 1388 2110 1441 οὗ
2136 1389 2395 1459 Χριστοῦ.
2428 1389 2630 1442 Λοιπὸν
2656 1389 2715 1441 δὲ
2744 1389 2841 1442 καὶ
2866 1388 3158 1459 Διόσκορος
3184 1387 3423 1458 προῆλθε
3473 1388 3596 1440 τότε

333 1476 496 1530 nobis
524 1492 644 1531 esse
679 1493 882 1546 corpus
912 1475 1152 1545 Christi;
1184 1478 1487 1548 eodemque
1520 1478 1633 1533 fere
1665 1487 1872 1549 tempor

2054 1481 2204 1543 dna;
2220 1481 2650 1551 Ἀλεξανδρείας,
2671 1480 2801 1548 μίαν
2820 1480 2981 1551 φύσιν
2996 1480 3170 1548 λέγων
3189 1483 3247 1533 ὲν
3259 1479 3336 1549 τῷ
3352 1479 3593 1550 Χριστῷ·

335 1565 551 1619 exstitit
576 1566 874 1621 Dioscorus
903 1583 1043 1636 papa
1080 1567 1481 1621 Alexandrinus
1530 1568 1624 1637 qui
1656 1583 1818 1622 unam
1855 1569 1869 1622 i

2055 1573 2078 1624 ι’
2114 1571 2206 1636 οἷς
2241 1589 2392 1635 τινας
2435 1572 2528 1625 δύο
2572 1572 2798 1643 μιαροὺς
2831 1571 3187 1642 αίρεσιάρχας
3230 1570 3594 1642 συνηθροίσθη

332 1654 553 1711 Christo
589 1666 838 1710 naturam
876 1656 1035 1712 dixit.
1076 1657 1303 1728 Propter
1330 1657 1431 1712 hos
1460 1656 1598 1711 duos
1630 1657 1871 1713 detestan

2089 1665 2221 1732 ἁγία
2252 1665 2468 1727 σύνοδος
2508 1666 2540 1734 ἡ
2574 1664 2918 1735 Χαλκηδόνος
2954 1663 3065 1716 τῶν
3093 1646 3389 1733 όρθοδόξων
3418 1662 3593 1729 ἁγίων

334 1745 434 1800 dos
484 1746 883 1803 haeresiarchas
932 1748 1161 1802 collecta
1202 1756 1285 1803 cst
1326 1756 1640 1803 sanctorum
1683 1750 1873 1804 Patrur

2055 1757 2276 1826 ζατὲρων
2311 1755 2765 1826 ἀναθεματίσασα
2797 1754 2924 1827 τους
2956 1754 3278 1824 εἰρημένους
3307 1752 3594 1823 αίρεσιάρυ

330 1838 573 1909 synodus
601 1838 1083 1904 Chalcedonensis,
1121 1855 1243 1909 qua:
1270 1848 1469 1910 prmter
1508 1840 1672 1894 modo
1712 1842 1869 1896 citato

2052 1865 2112 1911 ας
2138 1814 2176 1910 ,¹
2213 1847 2350 1918 ὁμοῦ
2398 1864 2459 1900 τε
2486 1814 2604 1901 ’καὶ
2644 1814 2972 1916 Νεστόριον,
3011 1814 3309 1914 ,ὁμοούσιον
3336 1814 3467 1916 ἡμῖν
3500 1814 3591 1896 τὺν

330 1928 722 1985 haeresiarchas
772 1931 1083 1985 Nestorium
1133 1948 1353 2001 quoque
1393 1932 1869 1988 anathematizavil

2063 1939 2243 2009 ριστὸν
2274 1940 2412 1993 κατὰ
2440 1938 2537 2007 τὴν
2565 1937 2964 2010 ἀνθρωπότητα
3005 1936 3318 2005 κηρύξασα,
3370 1937 3463 1988 καὶ
3495 1935 3594 1989 δύο

326 2008 610 2074 Christum
677 2032 859 2076 autem
924 2022 1227 2078 secundum
1290 2023 1684 2078 humanitatem
1746 2025 1865 2078 nohi

2051 2030 2345 2101 διαῳέτους
2370 2032 2598 2101 ὁρίσασα
2635 2030 2731 2083 σὺν
2766 2031 2847 2082 ἐνὶ
2878 2029 3152 2100 προσώπῳ
3184 2028 3590 2099 γνωριζομένοις

328 2111 859 2167 consubstantialem
895 2114 1089 2178 edixit,
1130 2125 1187 2171 et
1229 2115 1368 2170 duas
1397 2116 1763 2171 indivisibiles
1810 2133 1867 2171 na

2052 2116 2200 2186 ύσεις
2226 2140 2241 2155 ο
2301 2117 2382 2187 εἷς
2431 2124 2540 2192 γὰρ
2594 2124 2742 2174 ἐστιν
2785 2123 2812 2174 ὁ
2841 2120 3079 2190 Χριστὸς
3117 2121 3213 2174 καὶ
3241 2122 3300 2173 οὑ
3327 2118 3455 2186 δύο,
3494 2123 3591 2173 καὶ

324 2211 483 2256 turas
531 2219 653 2257 cum
715 2220 821 2258 una
864 2222 1098 2275 persona
1141 2207 1447 2262 credendas
1498 2208 1707 2264 statuit.
1750 2206 1863 2265 Unu

1348 2207 1447 2261 das
1498 2208 1707 2264 statuit.
1750 2206 1905 2265 Unus
2009 2215 2267 2281 σύνθετος
2296 2214 2462 2270 αὑτοῦ
2495 2216 2529 2286 ἡ
2558 2214 2882 2277 ὑπόστασις.

325 2294 473 2347 enim
519 2306 603 2350 est
651 2294 928 2361 Christus,
965 2306 1021 2352 et
1049 2312 1156 2352 non
1186 2299 1318 2363 duo,
1358 2310 1413 2355 ct
1444 2300 1747 2369 composita
1785 2302 1912 2371 ejus‘

326 2383 660 2439 substantia.

397 2474 695 2531 Exstinctis
718 2477 904 2549 igitur,
938 2478 989 2533 id
1008 2488 1091 2534 est
1117 2479 1610 2545 anathematizatis,
1639 2480 1745 2535 illis
1766 2481 1903 2535 duo-

2075 2478 2403 2548 Σϐεσθείσης
2431 2478 2610 2532 τοίνυν
2635 2476 2919 2547 κάκείνης,
2941 2476 3111 2547 ἤγουν
3136 2472 3584 2546 (Ξιναθεματισθεί⁴

326 2565 430 2622 bus
476 2567 879 2638 hmresiarchis,
915 2572 1075 2626 annis
1119 2572 1233 2627 fere
1278 2583 1501 2627 centum
1539 2582 1666 2643 post
1715 2573 1865 2628 habit

2046 2591 2103 2644 ης
2135 2572 2236 2641 τῆς
2268 2571 2563 2643 ξυνωρίδος
2593 2571 2703 2625 τῶν
2748 2568 3146 2641 αίρεσιαρχῶν,
3180 2567 3437 2621 διίππασὲ
3481 2583 3585 2619 που

321 2669 408 2715 est
449 2660 627 2717 fausta
679 2663 870 2733 quinta
901 2664 1162 2735 synodus,
1195 2665 1297 2720 sub
1322 2666 1632 2721 Jttstiniano
1668 2666 1860 2735 imper:

2064 2663 2272 2727 τούτοις
2294 2665 2508 2735 χρόνοις
2523 2664 2619 2716 καὶ
2641 2662 2912 2732 γέγονενὴ
2943 2659 3188 2730 μακαρία
3213 2659 3439 2729 πέμπτη
3466 2657 3596 2711 σύνον

323 2761 464 2817 ture,
504 2754 766 2810 adversus
803 2754 1116 2827 Origenem,
1168 2758 1459 2830 Didymum
1489 2768 1544 2812 et
1582 2758 1862 2829 Evagriurr

2057 2763 2122 2819 ος
2152 2755 2246 2810 ἐπὶ
2273 2753 2654 2809 Ἰουστινιανοῦ
2678 2751 2772 2806 τοῦ
2797 2751 3061 2824 βασιλέως
3088 2749 3230 2803 κατὰ
3253 2748 3596 2819 Ὠριγένους,.

322 2844 438 2915 qui,
467 2862 610 2901 vano
649 2862 813 2903 sensu
840 2849 1074 2920 abrepti,
1110 2851 1320 2905 animas
1352 2860 1568 2906 nostras
1609 2858 1736 2905 ante
1778 2867 1861 2906 eo:

2047 2850 2270 2920 ιδύμου,
2319 2850 2413 2903 καὶ⁹
2456 2846 2758 2917 Εὑαγρίου,
2804 2843 2912 2898 τῶν
2955 2842 3369 2913 ματαιοφρόνων
3403 2841 3586 2912 ληρῳ-

320 2951 458 3006 pora
484 2938 538 2992 in
561 2941 717 2995 caelis
741 2941 943 3011 degere
968 2949 1025 2996 et
1053 2956 1241 3012 poenas
1271 2950 1505 2998 aeternas
1543 2944 1704 2997 tinem
1744 2943 1859 2997 hahi

2044 2941 2231 2996 >ύντων
2260 2941 2642 3011 προϋπάρχειν
2672 2938 2782 2992 τῶν
2812 2936 3081 3008 σωμάτων
3103 2934 3263 3006 ἡμῶν
3285 2933 3383 2997 τὰς
3404 2934 3583 3005 ψυχὰς

322 3042 477 3088 turas
523 3049 677 3100 esse,
727 3035 1119 3105 nugabantur:
1164 3037 1364 3105 quibus
1408 3036 1621 3089 cunctis
1654 3035 1861 3105 rejectis

2041 3052 2058 3085 ν
2101 3034 2351 3103 οὐρανοῖς
2396 3032 2492 3085 καὶ
2533 3030 2685 3093 τέλος
2730 3029 2876 3100 ἔχειν
2926 3027 3025 3099 τὴν
3069 3026 3293 3080 κόλασιν
3329 3023 3580 3078 αίὼνιονο

320 3122 562 3193 synodus
590 3123 859 3179 divinitus
894 3124 1160 3195 inspirata
1186 3124 1310 3180 illos
1350 3125 1697 3179 anathemate
1720 3124 1859 3179 feriit

2043 3141 2143 3195 περ
2194 3124 2412 3177 ἅπαντα
2458 3121 2765 3174 ἀπεϐάλετο
2821 3120 2918 3173 καὶ
2971 3117 3363 3187 ἀνεθεμάτισεν
3397 3116 3582 3177 αὐτοῖς

320 3214 569 3285 Longum
604 3223 688 3271 est
718 3220 782 3271 de
815 3217 1046 3287 reliquis
1075 3219 1128 3272 in
1163 3217 1400 3272 diversis
1433 3217 1567 3272 locis
1592 3216 1735 3271 haud
1774 3231 1859 3270 rar

2074 3216 2433 3277 θεόπνευστος
2464 3214 2704 3277 σύνοδος.
2742 3212 2971 3282 Μακρὸς
3006 3210 3049 3265 δ’
3079 3209 3143 3263 ἂν
3177 3209 3264 3277 εἴη
3291 3207 3449 3275 λόγος
3485 3206 3583 3259 καὶ

320 3304 524 3361 habitis
544 3309 748 3363 sanctis
768 3310 990 3381 synodis
1011 3312 1314 3365 orationem
1335 3320 1539 3375 texere,
1561 3317 1615 3365 et
1637 3309 1705 3363 de
1729 3309 1859 3363 varii

2042 3308 2134 3377 :sp‘.
2160 3308 2269 3359 τῶν
2293 3305 2499 3359 λοιπῶν
2525 3303 2768 3358 τοπικῶν
2796 3303 3057 3365 πολλάκις
3083 3300 3390 3371 γενομένων
3407 3298 3581 3366 ἁγίων

321 3398 628 3454 hmresihus
677 3407 892 3470 tempus
934 3410 990 3456 et
1042 3402 1217 3457 loetm
1271 3402 1474 3471 quibus
1532 3401 1860 3457 emerserint

2044 3397 2236 3450 υνόῗων
2265 3395 2658 3467 διηγήσασθαι,
2716 3395 2812 3448 καὶ
2843 3394 2953 3447 τῶν
2981 3391 3104 3445 καθ’
3130 3392 3358 3445 ἕκαστον
3387 3387 3583 3458 καιρὸν

319 3506 606 3547 enarrare.
641 3493 872 3560 Quidam
924 3496 1072 3550 enim
1123 3512 1293 3551 unum
1331 3493 1551 3569 [Deum]
1581 3511 1701 3551 esse
1731 3510 1858 3566 nega

2073 3490 2096 3541 λ.
2121 3488 2308 3551 τόπον,
2339 3486 2723 3556 ἀναφανέντων
2752 3486 3014 3539 ποικίλων
3040 3484 3327 3555 αἱρέσεων,
3344 3481 3455 3535 τῶν
3481 3481 3582 3550 μὲν
3608 3494 3612 3497 ‘

319 3591 474 3648 runt,
519 3591 577 3643 ut
606 3587 866 3656 gentiles;
902 3587 993 3641 alii
1022 3588 1181 3653 duos,
1213 3590 1323 3643 imo
1348 3598 1586 3659 quatuor
1612 3587 1858 3642 dicebant

2043 3579 2346 3651 ρνουμὲνων
2377 3579 2471 3632 τοῦ
2503 3575 2640 3632 εἶναι
2665 3578 3028 3647 ἓν,ῗἘ).ληνες’
3064 3575 3173 3627 τῶν
3196 3574 3251 3628 δὲ
3281 3573 3374 3627 δύο
3394 3573 3582 3640 λεγόνι-

321 3684 383 3729 ut
427 3675 616 3739 Ariani
655 3686 711 3733 et
744 3665 1058 3755 Manichaei';
1107 3680 1197 3735 alii
1246 3690 1356 3736 tres
1384 3680 1654 3735 essentias
1681 3680 1735 3732 in
1766 3694 1860 3733 san

2065 3690 2104 3725 IV
2139 3672 2234 3725 καὶ
2265 3672 2325 3725 τὸ
2353 3672 2613 3742 τέταρτον
2638 3671 2717 3737 δὲ,
2755 3667 3047 3740 Ἀρειανοὶ,
3080 3667 3392 3736 Μανιχαῖοι,
3427 3666 3604 3734 τρεῖς·

319 3776 405 3821 cta
436 3768 706 3824 Trinitate
742 3770 988 3839 improbe
1023 3772 1564 3842 blasphemaverunt,
1614 3781 1674 3826 ut
1707 3771 1858 3827 Sabe]

2044 3766 2189 3825 ista;
2237 3764 2332 3816 ἐπὶ
2374 3763 2471 3831 τῆς
2511 3762 2671 3830 ἁγίας
2727 3758 3198 3830 βλασφημούντων
3222 3756 3453 3828 Τριάδος
3481 3758 3583 3810 καὶ

318 3855 470 3919 liani,
519 3868 684 3929 atque
730 3876 894 3915 unam
927 3861 981 3915 in
1008 3876 1071 3916 ea
1104 3864 1466 3918 substantiam
1501 3869 1857 3918 asseruerunt

2045 3859 2176 3913 Βτῶν
2205 3859 2262 3912 δὲ
2293 3857 2664 3921 Σαϐελλιανοὶ,
2703 3855 2834 3926 μίαν
2863 3854 3143 3921 λεγόντων
3163 3851 3252 3904 ἐπ’
3278 3848 3449 3917 αὐτῆς
3474 3848 3584 3918 τὴν

316 3947 411 4003 alii
441 3965 635 4008 rursus
659 3951 1069 4022 dispensatione
1094 3953 1363 4011 Christi...

1995 3952 2319 4006 ὑπόστασιν⁶
2350 3951 2524 4006 ἄλλων
2553 3949 2610 4003 δὲ
2634 3951 2701 4019 τῇ
2727 3945 3010 4016 οἰκονομίᾳ
3032 3942 3359 4015 Χριστοῦῤ...

340 4143 757 4163 ’ν--υ--ι

911 4313 1893 4447 FRAGMENTA
2011 4313 3024 4479 DOGMATICA.

312 4689 394 4742 Ex
427 4688 645 4760 Eulogio
678 4688 1037 4760 Alexandrino
1067 4685 1262 4760 Contra
1290 4702 1372 4760 eos
1398 4688 1488 4760 qui
1515 4687 1716 4751 dicunt,
1766 4707 1784 4738 α
1823 4685 1851 4742 6

2035 4691 2101 4741 ἳκ
2157 4686 2285 4760 Δτῶν
2334 4682 2714 4760 συνηγοριῶν
2763 4681 3062 4760 Εὐλογίου
3112 4678 3574 4760 Ἀλεξὶετδρείᾳς

384 4761 552 4813 dicitis
563 4753 767 4815 habere
787 4758 1050 4812 Christum
1076 4758 1208 4810 duas
1230 4753 1572 4821 substantias,
1590 4760 1882 4812 necessario

2060 4757 2230 4829 ατρὸςχ
2258 4757 2401 4821 τοὺς
2441 4755 2772 4829 λέγονταςς
2831 4772 2852 4802 ι
2888 4754 3146 4829 [ὅτ-φατε
3178 4756 3285 4829 τόν
3307 4753 3575 4829 Χριστὸν

376 4839 563 4884 sancta
592 4828 821 4883 Trinitas
854 4830 1137 4881 incantata
1163 4834 1260 4886 est.
1291 4845 1310 4877 ι

2058 4827 2169 4880 δύο
2198 4827 2365 4911 ξχειν
2390 4822 2607 4892 οὐσίας
2628 4865 2642 4889 ,
2684 4823 2920 4890 πάντως
2951 4823 2988 4889 ἠ
3023 4822 3367 4892 ἁγιαρτριὰς
3396 4822 3572 4876 πᾶσα

2058 4914 2450 4964 σεσαρκωται.
2489 4916 2506 4945 ι

1368 5012 1525 5084 (Aug.
1558 5014 1658 5069 ΜΑι
1686 5014 1881 5086 Script.
1912 5026 2007 5069 ret.
2058 5025 2096 5069 t.
2126 5016 2239 5081 VII,
2277 5015 2363 5079 18,
2396 5012 2506 5085 19.)

376 5132 504 5187 llaec
527 5140 656 5186 sunt
684 5146 808 5199 quae
837 5131 906 5185 ab
926 5130 1259 5187 adversariis
1281 5132 1653 5203 obiectantur.
1673 5135 1878 5190 Forsan

2059 5134 2247 5189 Ταῦτα
2290 5134 2686 5189 τῶν-ἐναντίων
2720 5133 2956 5206 ὑπάρχει
2989 5134 3369 5206 προὸλήματα.
3405 5135 3564 5190 Οτον-

304 5223 450 5278 enim
479 5231 680 5292 putant
710 5221 1019 5277 divinitatis
1042 5223 1336 5278 essentiam
1368 5224 1707 5281 divisibilem
1734 5242 1843 5282 esse

2024 5248 2073 5283 αι
2096 5230 2206 5297 γὰρ
2231 5228 2361 5290 ἴσως
2387 5227 2648 5298 μεριστὴν
2668 5222 2808 5280 εἶναι
2833 5225 2933 5296 τὴν
2956 5228 3055 5296 τῆς
3078 5225 3328 5297 θεότητος
3352 5227 3563 5293 οὐσίαν,

305 5317 463 5387 cujus
503 5331 611 5369 una
646 5329 775 5385 pars
824 5315 881 5370 in
914 5317 1074 5371 Patre
1098 5325 1390 5385 cernatur,
1426 5320 1601 5374 altera
1627 5319 1684 5373 in
1714 5320 1844 5374 Filio

2031 5321 2077 5373 πὶ
2125 5321 2187 5372 τὸ
2230 5320 2395 5390 μέρος
2443 5319 2613 5387 αὐτῆς
2662 5318 2721 5370 ὲν
2759 5317 2940 5388 Πατρὶ
2982 5315 3344 5384 θεωρεῖσθαι,
3401 5317 3461 5371 τὺ
3509 5318 3567 5371 δὲ

304 5416 360 5461 et
394 5407 566 5460 altera
601 5404 656 5458 in
687 5403 895 5474 Spiritu
925 5414 1115 5463 sancto
1138 5445 1154 5472 ,
1204 5421 1306 5462 ceu
1351 5408 1612 5477 quaelibet
1641 5423 1841 5478 person

2036 5431 2040 5453 ι
2064 5412 2199 5482 Υίῷ,
2229 5411 2290 5464 τὸ
2314 5411 2371 5465 δὲ
2402 5413 2460 5463 ὲν
2487 5409 2956 5481 ἁγίῳιΠνεύματι,
2987 5410 3065 5472 ὡς
3091 5410 3305 5480 ἐκείνης
3330 5411 3575 5464 omam--

304 5512 369 5551 ex
397 5504 553 5567 parte
577 5496 779 5561 solum,
805 5502 994 5553 etnon
1020 5513 1085 5553 ex
1117 5505 1233 5552 toto
1262 5498 1487 5553 deitatis
1509 5499 1843 5568 praprietate

2047 5521 2121 5566 ως
2153 5505 2218 5555 ἐκ
2249 5503 2449 5575 μέρους
2469 5541 2485 5567 ,
2520 5502 2637 5555 ἀλλ’
2668 5502 2770 5556 οὐκ
2799 5503 2858 5556 ὲν
2879 5503 3018 5555 πᾶσι
3045 5503 3160 5565 τοῖς
3184 5503 3283 5571 τῆς
3309 5502 3565 5573 θεότητος

307 5587 527 5643 referat.
550 5587 661 5643 Nos
678 5602 808 5642 vero
831 5604 1177 5660 nequaquam
1200 5605 1267 5644 eo
1286 5590 1588 5663 impietatis
1603 5590 1846 5645 venimus

2045 5594 2241 5665 ιὼμασι
2273 5592 2706 5665 γνωριζομένης.
2763 5594 2954 5664 Ἡμεῖς
2982 5593 3040 5647 δὲ
3072 5594 3172 5647 οὐκ
3202 5595 3283 5658 εἰς
3306 5593 3584 5649 τοσοῦτον

308 5692 368 5735 ιιι
396 5681 450 5736 in
482 5679 668 5737 divina
692 5684 929 5740 essentia
957 5684 1283 5740 divisionem
1307 5693 1404 5740 aut
1424 5685 1721 5744 sectionem
1743 5686 1847 5740 ima

2026 5687 2234 5749 σεϐείας
2260 5686 2564 5757 ἠλάσαμεν,
2595 5687 2670 5750 ὡς
2699 5686 2967 5757 μερισμὸν
2991 5687 3243 5757 ἡγεῖσθαι
3284 5686 3379 5741 καὶ
3401 5704 3565 5740 καταο

306 5773 577 5842 κίιιρῐηυνς
628 5774 769 5844 Quin
800 5777 1065 5847 dicimus,
1102 5780 1357 5849 quamvis
1386 5794 1679 5849 personam
1710 5778 1845 5834 certi

2039 5779 2155 5849 ιμὴν
2192 5780 2320 5850 περὶ
2352 5778 2450 5850 τὴν
2477 5778 2629 5833 θείαν
2661 5780 2926 5851 ὑπάρχειν
2953 5779 3141 5834 οὐσίαν
3162 5796 3175 5811 ’
3213 5779 3350 5834 ἀλλά
3378 5796 3578 5849 φαμεν
