3898 6382
253 320 406 418 2345

1421 362 1883 425 FRAGMENTA
1926 366 2379 430 DOGMATICA.

3400 384 3541 448 2946

258 469 506 538 ἑκάστην
553 471 1065 544 χαρακτηριστικὴν
1111 472 1409 527 ὑπόστασιν
1440 475 1744 541 ἁνελλιπῶς
1786 478 1849 532 τὰ

1957 483 2105 538 notis
2128 484 2469 555 obsignatam
2498 486 2721 544 deitatis
2742 490 2981 562 insignia
3000 493 3310 563 possidere,
3333 508 3391 551 ut
3412 499 3536 553 nul-

254 558 360 627 τῆς
399 556 662 628 θεότητος
709 557 856 629 ἔχειν
894 561 1289 633 γνωρίσματα,
1335 562 1396 616 τδ
1433 564 1847 638 δημιουργικὸν,

256 649 355 702 καὶ
385 650 487 703 ὅσα
515 650 644 721 περὶ
670 651 769 722 τὴν
794 653 1050 707 ἄκτιστον
1074 654 1519 727 φύσινῆὺπάρχει.
1539 657 1697 712 Οῦτω
1719 660 1847 731 γὰρ,

255 742 357 794 καὶ
414 741 703 812 όμοούσιον
756 744 857 815 τὴν
908 746 1115 816 Τριάδα
1163 748 1382 819 φαμὲν,
1430 748 1507 813 ὠς
1547 754 1648 823 τῆς
1678 753 1851 823 αὑτῆς

253 833 453 898 οὑσίας
490 835 754 899 όλοτελῶς
797 838 855 890 ὲν
884 839 1385 911 τρισὶπροσῶποις
1413 844 1846 915 γνωριζομένης.

254 927 376 978 Καὶ
425 926 535 999 γὰρ
583 928 612 979 ό
652 928 844 999 Πατὴρ
889 930 1114 994 τελείως
1160 931 1274 1002 ἔχει
1321 934 1419 1003 τὴν
1460 935 1560 1004 τῆς
1599 935 1851 1005 θεότητος

250 1014 453 1067 οὑσίαν
479 1032 491 1043 ·
540 1016 743 1085 ὁμοίως
775 1018 803 1069 6
835 1017 983 1081 Υἱὸς,
1016 1019 1220 1089 ὁμοίως
1246 1019 1307 1073 τδ
1333 1021 1557 1093 Πνεῦμα
1583 1025 1645 1076 τὸ
1673 1024 1848 1093 ἅγιον.

250 1107 511 1171 Τούτοις,
542 1108 636 1161 καὶ
661 1111 690 1161 6
714 1112 814 1180 τῆς
839 1109 1099 1179 ἀληθείας
1124 1113 1195 1183 xi;
1207 1112 1303 1182 ρυξ
1327 1112 1538 1176 Παῦλος
1559 1115 1854 1187 συνηγορεῖ

250 1200 509 1267 φάσκων·
553 1201 656 1255 Ἕν
687 1201 850 1267 αὐτῷ
878 1202 990 1271 γὰρ
1024 1205 1297 1258 κατοικεῖ
1317 1204 1444 1259 πᾶν
1472 1205 1538 1259 τὸ
1558 1206 1852 1277 πλήρωμα

250 1290 370 1358 τῆς
396 1294 677 1361 θεότητος
707 1294 1080 1362 σωματικῶς.
1111 1296 1185 1349 Οὑ
1215 1297 1323 1366 γὰρ
1353 1296 1444 1351 τὸν
1469 1299 1690 1370 Πατέρα
1718 1302 1850 1371 φησὶ

250 1382 688 1452 σεσαρκῶσθαι,
740 1385 862 1438 ἀλλ’
895 1388 981 1440 ὅτι
1014 1387 1164 1441 πᾶσα
1194 1388 1226 1458 ἡ
1257 1387 1447 1458 θεότης
1477 1390 1535 1441 ὲν
1563 1391 1685 1453 ταῖς
1716 1391 1851 1444 ὑπο-

251 1475 520 1528 στάσεσιν
554 1476 846 1549 ἀνελλιπὴς
877 1478 1153 1549 ὑπάρχει,
1204 1479 1261 1531 ὲν
1292 1480 1500 1551 Πατρὶ,
1536 1482 1595 1533 ὲν
1624 1482 1755 1551 Υίῷ,
1793 1484 1851 1536 ὲν

250 1569 405 1638 ἁγίῳ
447 1569 766 1642 Πνεύματι,
820 1574 879 1625 ὲν
927 1574 1137 1645 ἑκάστῃ
1182 1574 1483 1628 ὑποστάσει
1513 1575 1734 1638 τελείως
1761 1579 1852 1631 ὲν-

252 1662 608 1732 υπὰρχουσα,
641 1665 782 1719 κατὰ
809 1665 910 1735 τὴν
935 1666 1124 1734 φωνὴν
1150 1666 1244 1719 τοῦ
1272 1666 1525 1737 Σωτῆρος
1551 1667 1814 1737 λέγουσαν
1833 1684 1849 1700 ⁶

252 1754 469 1810 Πάντα
512 1756 582 1809 τὰ
623 1757 732 1811 τοῦ
760 1758 992 1825 Πατρύς
1026 1757 1139 1827 ἐμά
1166 1760 1284 1812 εισι
1348 1776 1363 1791 ·
1414 1761 1715 1825 τουτέστιν,
1751 1760 1853 1815 ὅσα

1957 573 2073 627 lum
2123 575 2176 629 ei
2224 574 2404 642 desit;
2462 588 2593 647 puta
2641 579 2981 647 bonitatem,
3029 586 3253 642 creandi
3296 587 3442 651 vim,
3481 596 3539 642 et

1957 683 2299 739 quaecunque
2322 669 2576 726 increatae
2604 681 2816 728 natura:
2849 676 3208 732 conveniunt.
3235 678 3363 733 ideo
3391 680 3540 733 enim

1960 756 2288 814 Trinitatem
2318 758 2443 816 esse
2465 763 2990 820 consubstantialem
3021 760 3384 835 proﬁtemur;
3411 769 3542 839 quia

1958 848 2272 904 substantia
2315 852 2511 907 eadem
2571 855 2628 908 in
2672 855 2851 910 tribus
2886 859 3140 927 personis
3181 858 3542 930 integerrime

1958 943 2329 1011 cognoscitur.
2388 944 2550 999 Pater
2584 948 2734 1002 enim
2782 949 3051 1018 integram
3090 949 3316 1006 deitatis
3349 967 3542 1007 essen-

1960 1032 2090 1087 tiam
2119 1033 2310 1101 habet,
2342 1035 2514 1090 veluti
2544 1037 2737 1102 Filius,
2772 1048 2829 1092 et
2858 1038 3099 1108 Spiritus
3127 1048 3371 1095 sanctus.
3408 1040 3541 1107 Qua:

1958 1126 2162 1181 Paulus
2196 1129 2452 1184 veritatis
2478 1144 2660 1198 praeco
2689 1130 2999 1195 conﬁrmat,
3027 1132 3123 1186 ubi
3164 1133 3241 1186 ait
3271 1150 3284 1186 :
3320 1132 3384 1188 In
3424 1135 3539 1204 ipso

1957 1220 2221 1273 inhabitat
2270 1222 2440 1274 omnis
2484 1221 2754 1291 plenitudo
2802 1221 3094 1276 divinitatis
3160 1226 3534 1293 corporaliter.

1957 1311 2077 1365 Non
2105 1311 2252 1366 enim
2286 1312 2633 1367 incarnatum
2663 1313 2879 1366 Patrem
2907 1328 3026 1368 esse
3045 1314 3286 1381 .annuit,
3323 1315 3418 1370 sed
3454 1324 3540 1369 toa

1952 1412 2068 1457 tam
2119 1402 2467 1459 divinitatem
2521 1404 2675 1459 nullo
2716 1403 2934 1459 defectu
2976 1405 3033 1460 in
3073 1405 3251 1460 tribus
3288 1407 3541 1476 personis

1957 1504 2177 1551 exstare
2204 1512 2223 1549 ι
2257 1496 2463 1565 quippe
2497 1511 2619 1565 qua:
2648 1494 2704 1549 in
2730 1495 2920 1560 Patre,
2959 1505 3015 1550 et
3043 1496 3213 1562 Filio,
3245 1509 3301 1551 et
3328 1497 3538 1567 Spiritu

1958 1596 2183 1651 sancto,
2222 1596 2279 1642 et
2311 1587 2367 1641 in
2396 1601 2726 1656 unaquaque
2750 1601 2986 1656 persona
3017 1587 3264 1656 perfecte
3287 1590 3537 1653 exsistat,

1958 1673 2263 1727 secundum
2309 1672 2610 1728 Salvatoris
2664 1687 2854 1728 vocem
2898 1690 2913 1726 :
2954 1673 3147 1729 Omnia
3195 1692 3313 1746 qua?
3357 1676 3537 1730 Patris

1960 1766 2062 1818 mei
2104 1773 2247 1831 sunt,
2281 1780 2399 1819 mea
2442 1772 2602 1829 sunt;
2634 1764 2742 1819 hoc
2787 1773 2891 1829 est,
2920 1780 3264 1836 quaecunque
3287 1768 3540 1824 essentia:

250 1848 358 1917 τῆς
391 1847 488 1901 τοῦ
519 1849 733 1918 Πατρδς
765 1849 954 1913 οὐσίας
988 1850 1226 1921 ὑπάρχει
1252 1852 1609 1927 γνωρίσματα
1628 1893 1643 1918 ,
1677 1851 1849 1908 ταῦτα

1957 1853 2138 1911 Patris
2166 1854 2424 1925 insignia,
2456 1854 2649 1908 eadem
2683 1863 2739 1908 et
2760 1853 2923 1910 Verbi
2950 1853 3045 1909 Dei
3077 1866 3227 1923 sunt,
3257 1858 3424 1913 etiam
3455 1859 3540 1914 in-

240 1938 354 1995 ,10'3
400 1939 537 1992 Θεοῦ
567 1940 780 2007 Λόγου,
834 1940 928 1995 καὶ
972 1941 1347 2011 σαρκωθέντος
1386 1943 1572 1997 ἐστίν·
1630 1944 1730 2015 οὑχ
1779 1945 1855 2008 ὡς

251 2029 353 2083 τοῦ
404 2030 618 2102 Πατρδς
667 2031 821 2095 ὄντος
863 2033 1022 2097 Υἱοῦ,
1073 2033 1105 2103 ἢ
1144 2032 1240 2087 τοῦ
1278 2033 1589 2098 Υἱοῦνὸντος
1618 2033 1851 2105 Πατρός.

252 2118 453 2173 Ταῦτα
498 2122 607 2192 γάρ
658 2121 899 2191 ὀνόματα
931 2123 1245 2192 σημαντικὰ
1288 2123 1387 2194 τῆς
1423 2124 1561 2195 πρὸς
1593 2121 1856 2197 animos;

255 2209 506 2279 σχέσεως
538 2209 795 2281 ὑπάρχει.
857 2211 983 2276 Πῶς
1013 2211 1107 2265 οὖν
1154 2214 1229 2285 μὴ
1263 2214 1510 2282 εἴπωμεν
1539 2215 1639 2287 τὴν
1665 2217 1855 2272 οὑσίαν

252 2300 362 2370 τῆς
398 2298 652 2370 θεότητος
687 2301 991 2366 ἀνελλιπῶς
1023 2304 1082 2355 ὲν
1112 2302 1191 2373 τῷ
1233 2304 1455 2374 Χριστῷ
1483 2300 1655 2371 εἶναι,
1692 2307 1854 2359 ὁπότε

255 2389 470 2444 τέλειον
498 2391 631 2444 Θεὸν
658 2392 820 2445 αὑτὸν
844 2390 983 2445 εἷναί
1011 2410 1227 2463 φαμενς
1261 2393 1384 2457 Πῶς
1412 2395 1487 2460 δὲ,
1521 2396 1614 2450 καὶ
1640 2400 1751 2459 τοῖς
1768 2397 1857 2450 τὲ-

257 2481 410 2535 λειον
426 2482 589 2535 αὑτὸν
607 2482 703 2535 ἄνθ
714 2501 893 2554 ρωπον
904 2484 1279 2555 ὁμολογοῦσιν,
1297 2487 1356 2539 οὑ
1377 2488 1557 2540 πᾶσαν
1572 2486 1669 2541 ἀνθ
1678 2489 1855 2559 ρωπό-

258 2586 432 2639 τῃτος
464 2570 656 2626 οὐσίαν
696 2572 1026 2644 ἐνυπάρχειν
1058 2574 1209 2645 αὑτῷ
1267 2578 1851 2649 προσομολογήσομενς

260 2663 342 2715 Οὑ
377 2662 487 2733 γὰρ
519 2663 688 2735 μέρος
719 2665 888 2735 αὐτῆς
928 2667 1329 2739 προσείληφεν,
1381 2668 1455 2732 ὼς
1477 2669 1852 2740 ’Λπολινάριός

262 2769 439 2821 φησι,
492 2756 670 2824 σάρκα
714 2754 835 2826 δίχα
865 2755 1090 2827 λογικῆς
1119 2757 1299 2828 ψυχῆς
1322 2797 1337 2821 ,
1373 2759 1510 2812 ἀλλὰ
1543 2760 1725 2814 πᾶσαν
1754 2759 1854 2829 τὴν

258 2844 479 2908 οὐσίαν,
506 2846 535 2897 ὅ
564 2849 681 2898 ἐστι
713 2846 851 2926 σὰρξ
874 2846 1246 2920 ὲμψυχωμένη
1278 2848 1423 2920 ψυχῇ
1451 2850 1641 2921 λογικῇ
1669 2866 1727 2904 τε
1759 2851 1853 2904 καὶ

261 2953 352 2989 vo:
364 2938 454 3008 ρᾷ.

338 3030 488 3101 Αὕτη
522 3030 631 3103 γὰρ
666 3031 858 3095 κοινῶς
896 3033 954 3088 ὲν
981 3035 1094 3098 τοῖς
1125 3033 1251 3087 καθ’
1283 3033 1512 3087 ἕκαστον
1543 3033 1854 3104 ἀνθρώποις

242 3121 487 3185 τελείως
540 3123 924 3194 ἐνυπάρχουσα
944 3164 959 3188 ,
1014 3125 1196 3178 οὐσία
1231 3126 1473 3191 εἰκότως
1504 3124 1582 3179 ἂν
1602 3125 1815 3193 ῥηθείη
1836 3142 1849 3155 ο
1881 3170 1924 3230 C

258 3211 596 3282 χωρίζονται
622 3214 732 3286 γὰρ
758 3213 1002 3285 ἀλλήλων
1030 3216 1081 3267 οί
1108 3216 1250 3269 κατὰ
1275 3215 1463 3287 μέρος,
1490 3218 1551 3271 οὑ
1578 3222 1644 3288 τῇ
1669 3220 1849 3290 οὐσίᾳ,

264 3308 380 3368 τοῖς
408 3305 464 3359 δὲ
494 3307 901 3376 παρεπομένοις
935 3306 1228 3377 ίδιὼμασι,
1282 3307 1532 3377 μεγέθει,
1580 3308 1677 3361 καὶ
1706 3307 1852 3379 χρώ-

268 3414 400 3469 ματι
418 3439 432 3459 ,
464 3398 573 3451 ,καὶ
605 3398 791 3461 ἁπλῶς
819 3399 1017 3461 εἰπεῖν,
1049 3404 1168 3462 ταῖς
1196 3402 1717 3469 χαρακτηριστικοῖς
1746 3400 1853 3452 τῶν

268 3490 584 3562 προσώπων
612 3489 883 3560 ποιότησι.
925 3490 1050 3554 Πῶς
1079 3490 1137 3544 δὲ
1166 3492 1259 3547 καὶ
1288 3492 1353 3543 ἐκ
1380 3491 1473 3545 δύο
1500 3491 1714 3561 φύσεων
1743 3492 1852 3562 φή-

273 3599 427 3635 σουσι
456 3582 547 3635 τὸν
567 3582 835 3652 Χριστὸν,
864 3582 914 3635 εἰ
944 3582 1020 3653 μὴ
1048 3582 1169 3635 ἀντὶ
1194 3582 1393 3637 οὐσιῶν
1424 3584 1608 3647 αὐτοῖς
1634 3584 1850 3655 νοηθείη

266 3674 327 3726 τὸ
376 3674 474 3744 τῆς
521 3673 738 3742 φύσεως
790 3672 1004 3742 blatta;
1061 3672 1122 3724 οὑ
1171 3672 1280 3744 γὰρ
1332 3672 1455 3726 ἀντὶ
1498 3673 1852 3726 ὑποστάσεων

264 3766 807 3841 χαρακτηριστικῶν,
832 3766 1170 3837 τολμήσουσι
1191 3767 1392 3834 λέγειν’
1418 3766 1542 3818 ἐπεὶ
1562 3767 1655 3819 καὶ
1677 3768 1740 3818 ἐκ
1759 3764 1852 3818 δύο

269 3860 582 3933 προσώπων
605 3859 1333 3931 ἀναγκασθήσονταιείπεῖν·
1366 3861 1398 3929 ή
1423 3860 1531 3929 γὰρ
1555 3858 1851 3920 ὑπόστασις

268 3958 304 4025 ἡ
331 3955 833 4025 χαρακτηριστικὴ,
861 3954 1154 4024 πρόσωπον
1184 3952 1399 4006 δίδωσιν
1427 3953 1649 4004 ἐννοεῖνο
1680 3953 1737 4003 ὲν
1760 3968 1851 4020 χα-

274 4048 507 4118 ρακτῆρι
536 4046 595 4098 δέ
629 4063 771 4116 φημι
795 4086 810 4110 ,
846 4047 1056 4115 μήπως·
1077 4048 1141 4116 τῇ
1176 4044 1394 4114 συνήθει
1426 4043 1533 4096 τῶν
1560 4043 1849 4114 αίρετικῶν

270 4138 451 4210 ἀπάτῃ
496 4138 623 4207 δίχα
663 4137 1012 4207 χαρακτῆρος
1044 4135 1355 4188 ὑποθῶνται
1388 4137 1486 4206 τὴν
1515 4134 1846 4187 ὑπόστασιν·

267 4230 385 4283 τότε
410 4230 520 4299 γὰρ
550 4229 649 4298 τὴν
678 4228 779 4297 τῆς
800 4229 990 4291 οὑσίας
1020 4226 1297 4298 σημασίαν
1332 4225 1689 4296 ἀποφέρεται.
1724 4224 1850 4285 Πῶς

268 4322 324 4375 δὲ
373 4320 466 4375 καὶ
517 4320 805 4391 όμοούσιον
841 4319 916 4390 τῷ
950 4320 1125 4388 Πατρὶ
1157 4318 1251 4371 καὶ
1280 4319 1411 4388 ἡμῖν
1439 4316 1727 4386 όμοοὺσιον
1757 4317 1848 4370 τὸν

270 4413 502 4485 Χριστὸν
528 4414 669 4484 μετὰ
687 4414 785 4484 τὴν
808 4413 1004 4465 ἕνωσιν
1026 4410 1404 4475 ὑποτίθενταις
1433 4410 1530 4462 καὶ
1549 4410 1610 4461 οὑ
1633 4408 1848 4481 ναρκῶ-

1958 1945 2209 2011 carnali;
2254 1960 2365 1999 non
2401 1955 2463 2000 ut
2488 1946 2652 2000 Pater
2680 1945 2853 2000 Filius
2881 1944 2981 2011 sit,
3020 1956 3114 2001 aut
3141 1947 3319 2003 Filius
3350 1949 3536 2004 Pater.
3610 2022 3613 2027 Α

1957 2034 2085 2090 Haec
2112 2049 2350 2104 namque
2378 2033 2603 2087 nomina
2632 2032 2957 2087 relationem
2994 2033 3341 2088 solummodo
3369 2034 3539 2105 signi-

1957 2125 2147 2180 ﬁcant.
2198 2126 2379 2180 Eccur
2409 2140 2540 2194 ergo
2584 2140 2698 2179 non
2730 2124 2981 2179 dicamus
3010 2124 3319 2180 divinitatis
3346 2139 3537 2180 essen-

1959 2222 2114 2286 tiam,
2156 2222 2368 2291 absque
2407 2220 2521 2275 ullo
2554 2219 2795 2285 defectu,
2831 2218 3097 2289 integram
3126 2232 3245 2273 esse
3278 2217 3335 2272 in
3361 2218 3535 2285 Filio;

1956 2311 2406 2382 quandoquidem
2460 2310 2643 2380 ipsum
2688 2325 2810 2364 esse
2843 2307 3149 2378 perfectum
3185 2309 3357 2363 Deum
3403 2323 3536 2378 pro-

1957 2402 2322 2456 nuntiamus?
2374 2400 2476 2468 Qui
2526 2417 2662 2455 vero
2701 2415 2824 2455 cum
2858 2398 2942 2453 his
2979 2400 3072 2468 qui
3104 2399 3404 2469 perfectum
3436 2399 3540 2454 ho-

1954 2495 2164 2549 minem
2215 2494 2369 2548 illum
2401 2508 2524 2547 esse
2560 2494 2837 2556 fatentur,
2873 2498 3045 2545 totam
3080 2505 3300 2559 quoque
3337 2491 3538 2545 huma-

1956 2585 2151 2639 nitatis
2196 2584 2563 2639 substantiam
2615 2583 2782 2645 ineo
2820 2596 2942 2636 esse
2988 2596 3100 2634 non
3128 2580 3539 2637 contiteamur?

1955 2678 2076 2733 Non
2117 2677 2263 2733 enim
2311 2684 2524 2746 partem
2547 2674 2831 2728 duntaxat
2861 2672 2984 2741 ejus
3013 2670 3249 2739 accepit,
3287 2678 3347 2723 ut
3375 2669 3539 2724 docet

1955 2769 2352 2841 Apollinarius,
2372 2767 2466 2821 sed
2493 2765 2855 2820 substantiam
2880 2762 3147 2831 integram
3175 2760 3290 2815 sive
3312 2775 3537 2816 carnem

1955 2863 2140 2918 anima
2170 2859 2426 2915 rationali
2456 2866 2515 2912 et
2540 2856 2884 2925 intelligente
2912 2854 3231 2908 animatam.

2029 3036 2153 3092 Haec
2202 3034 2348 3090 enim
2401 3029 2771 3088 communiter
2823 3028 2878 3083 in
2931 3026 3163 3097 singulis
3213 3025 3537 3081 hominibus

1957 3125 2198 3197 perfecte
2227 3120 2519 3185 exsistens,
2552 3118 2708 3170 οὐσία.
2738 3115 2960 3179 εἰκότως
2991 3115 3057 3169 ἂν
3086 3115 3298 3186 ῥηθείη,
3340 3113 3395 3169 id
3426 3124 3533 3179 est,

1958 3221 2107 3266 recte
2152 3217 2236 3264 est
2279 3207 2607 3263 substantia.
2655 3203 2868 3274 Singuli
2902 3202 3053 3258 enim
3096 3202 3533 3274 distinguuntur,

1954 3305 2072 3360 sive
2111 3308 2438 3372 separantur
2478 3300 2623 3353 inter
2665 3312 2723 3352 se
2755 3310 2869 3351 non
2898 3295 3205 3351 substantia
3240 3337 3253 3361 ,
3281 3296 3375 3351 sed
3410 3311 3539 3367 pro-

1955 3392 2290 3465 prietatibus
2317 3388 2811 3459 consequentibus,
2847 3387 2963 3443 sive
2994 3387 3391 3444 comitantibus
3418 3403 3537 3444 ma-

1954 3485 2269 3558 gnitudine,
2304 3483 2510 3547 colore,
2544 3488 2625 3546 et,
2662 3488 2723 3534 ut
2757 3494 2869 3535 uno
2895 3479 3066 3535 verbo
3100 3479 3306 3547 dicam,
3338 3480 3536 3535 chara-

1954 3578 2250 3633 cteristicis
2276 3589 2650 3652 personarum
2670 3573 3047 3643 qualitatibus.
3074 3572 3361 3639 Quomodo
3386 3574 3534 3628 enim

1952 3687 2020 3726 ex
2067 3669 2283 3724 duabus
2328 3665 2542 3721 naturis
2583 3663 2863 3720 Christum
2894 3680 3016 3720 esse
3042 3665 3252 3731 dicent,
3293 3665 3397 3721 nisi
3438 3681 3539 3721 no-

1954 3758 2079 3817 men
2111 3769 2322 3815 naturae
2350 3774 2451 3829 pro
2478 3756 2803 3813 substantiis
2832 3756 3182 3828 intelligant?
3222 3758 3341 3813 Non
3384 3758 3535 3813 enim

1954 3852 2240 3907 audebunt
2276 3849 2463 3904 dicere
2506 3863 2606 3918 pro
2649 3848 3042 3919 hypostasibus
3070 3849 3535 3907 cbaracteristicis

1952 3943 2062 3998 dici
2118 3959 2187 3997 ex
2238 3941 2454 3996 duabus
2495 3941 2731 4005 naturis,
2784 3955 2854 3995 ne
2908 3951 3176 4011 cogantur
3225 3941 3415 3997 dicere
3465 3959 3535 3999 ex

1952 4036 2165 4091 duabus
2199 4032 2470 4104 personis.
2511 4031 2830 4103 Hypostasis
2882 4032 3029 4087 enim
3083 4032 3534 4090 characteristic:

1951 4142 2189 4200 persona
2223 4124 2588 4193 intelligitur:
2637 4122 2763 4177 dico
2799 4130 2983 4178 autem
3017 4124 3353 4195 hypostasim
3398 4126 3533 4181 cha-

1951 4218 2370 4279 raeteristicam,
2405 4217 2520 4271 siie
2555 4215 2610 4270 in
2642 4215 2994 4282 charactere,
3042 4230 3131 4281 ne,
3183 4215 3376 4271 fraude
3427 4218 3534 4272 Ine-

1951 4311 2140 4366 reticis
2175 4317 2459 4374 consueta,
2507 4307 2845 4378 hypostasim
2894 4308 3016 4363 sine
3052 4308 3374 4363 charactere
3404 4324 3535 4379 sup-

1949 4411 2178 4473 ponant.
2213 4401 2370 4455 Tunc
2402 4401 2548 4455 enim
2581 4400 3043 4471 signiﬁcationem
3076 4402 3396 4457 substantiae
3426 4402 3534 4457 fert

272 4520 357 4569 σι,
400 4503 494 4557 δύο
537 4505 639 4574 μὲν
679 4502 940 4573 όμοούσια
973 4500 1389 4573 ὁμολογοῦντες,
1430 4503 1757 4571 ἀρνούμενοι
1788 4499 1845 4553 δὲ

1957 4495 2279 4567 hypostasis.
2333 4492 2621 4561 Quomodo
2652 4504 2834 4547 autem
2865 4494 3394 4549 consubStantialem
3428 4495 3531 4550 Pa-

268 4597 362 4661 τΞις
392 4597 486 4653 δύο
514 4597 705 4656 οὐσίας
728 4612 744 4662 ;

281 4900 606 4967 Ἀντίθεσις
654 4902 804 4967 πρὸς
849 4901 991 4966 τοὺς
1032 4900 1342 4967 λέγοντας,
1376 4899 1579 4963 ίδικὴν
1627 4896 1848 4967 οὐσίαν

333 4969 485 5026 εἶναι
515 4966 625 5026 τοῦ
658 4966 922 5039 Πατρός,
978 4975 1074 5024 καὶ
1116 4966 1324 5036 ίίδικὴν
1370 4968 1478 5023 τοῦ
1526 4969 1689 5034 Υἱοῦ,
1745 4966 1845 5020 καὶ

336 5045 554 5112 ὁμοίως
584 5040 691 5095 τοῦ
721 5040 894 5111 ἁγίου
923 5040 1289 5108 Πνεύματος.

336 5153 398 5208 El
448 5155 476 5206 6
500 5155 693 5220 Λόγος,
745 5150 867 5205 καθ’
903 5151 932 5203 6
976 5151 1150 5219 Λόγος
1178 5151 1348 5215 ἐστὶν,
1386 5151 1546 5219 φύσις
1580 5152 1746 5215 ἐστὶν,
1780 5154 1843 5206 οὑ

270 5244 389 5297 καθ’
414 5244 445 5297 6
470 5244 625 5306 Θῑός·
660 5243 753 5311 καὶ
780 5242 809 5294 ό
835 5240 1045 5311 Πατὴρ,
1067 5242 1189 5295 καθ’
1215 5240 1245 5293 6
1276 5242 1488 5313 Πατὴρ,
1513 5241 1673 5310 φύσις
1702 5242 1843 5304 ἐστὶ,

268 5336 357 5387 καὶ
388 5336 451 5387 οὑ
483 5334 606 5388 καθ’
636 5334 665 5387 6
694 5333 827 5396 Θεός
853 5349 866 5364 ·
902 5333 997 5385 καὶ
1029 5332 1090 5385 τὸ
1122 5332 1348 5403 Πνεῦμα
1378 5334 1437 5386 τὸ
1462 5334 1638 5402 ἅγιον,
1669 5333 1792 5386 καθ’
1817 5334 1846 5387 6

264 5426 594 5497 ἔκπορευτὴ,
629 5426 791 5493 φύσις
816 5426 956 5489 ἐστὶ,
978 5426 1073 5477 καὶ
1102 5426 1163 5478 οὑ
1192 5424 1317 5478 καθ’
1340 5423 1370 5478 6
1398 5425 1550 5487 Θεὸς,
1576 5424 1685 5478 οὐδ’
1712 5423 1845 5478 ὁπό-

262 5534 415 5587 τερος
437 5518 621 5571 αὑτῶν
645 5514 799 5570 ἔσται
826 5517 984 5584 φύσει
1006 5517 1139 5579 Θεός
1162 5533 1177 5549 ⁶
1209 5517 1366 5586 εἰπερ
1388 5517 1449 5570 τὸ
1470 5517 1633 5583 Θεὸς,
1655 5518 1844 5571 οὐκέτι

266 5608 358 5661 καὶ
396 5608 679 5679 πατρότης
709 5609 804 5662 καὶ
832 5610 1020 5679 υίὸτης
1052 5610 1144 5663 καὶ
1170 5609 1500 5680 ὲκπόρευσις
1526 5626 1542 5642 ο
1593 5610 1643 5662 εί
1672 5609 1730 5663 δὲ
1769 5609 1844 5681 μὴ

266 5695 414 5763 Θεὸς,
449 5698 659 5767 κτίσμα
685 5697 925 5761 πάντως.
976 5700 1083 5752 Καὶ
1118 5698 1305 5753 πάλιν
1329 5716 1341 5730 ·
1394 5700 1484 5752 Ἐν
1514 5694 1596 5762 οἷς
1626 5699 1841 5770 διακρί-

273 5805 408 5841 astat
458 5788 554 5841 τοῦ
600 5789 814 5858 Πατρός
861 5791 888 5842 6
927 5789 1118 5858 Λόγος,
1159 5789 1365 5852 τούτοις
1394 5791 1485 5842 καὶ
1514 5789 1675 5858 φύσις
1702 5790 1840 5855 ἐστὶ,

1952 4586 2021 4637 tri
2080 4593 2135 4638 ct
2185 4582 2346 4637 nobis
2402 4582 2684 4636 Christum
2731 4590 2858 4652 post
2895 4584 3156 4638 unionem
3206 4592 3439 4653 ponunt,
3477 4578 3534 4638 et

1950 4691 2060 4728 non
2108 4683 2237 4728 sunt
2284 4674 2489 4744 stupidi
2534 4672 2863 4729 conﬁtentes
2901 4674 3125 4743 quidem
3154 4674 3266 4729 duo
3294 4675 3532 4730 consub-

1858 4834 1861 4837 _
1950 4766 2247 4832 stantialia,
2281 4774 2546 4837 negantes
2575 4780 2709 4820 vero
2734 4765 2873 4820 duas
2899 4766 3279 4821 substantias?

1949 4899 2216 4971 Oppositio
2254 4902 2309 4954 in
2333 4899 2481 4971 illos,
2519 4900 2608 4969 qui
2644 4898 2825 4971 dicunt
2855 4898 3234 4971 porticulqrem
3281 4899 3531 4954 substan-

2019 4968 2288 5039 tiamgesse
2324 4969 2518 5033 Patris,
2575 4978 2626 5022 et
2672 4968 3051 5039 particularem
3084 4968 3225 5034 Filii,
3260 4971 3531 5024 similiter-

2019 5057 2118 5111 que
2148 5038 2375 5110 Spiritus
2415 5040 2604 5093 sancti.

2019 5153 2076 5208 Si
2103 5151 2366 5215 Verbum,
2395 5149 2701 5205 secundum
2732 5149 2882 5220 quod
2914 5159 3000 5205 est
3033 5149 3300 5212 Verbum,
3333 5158 3529 5208 natura

1947 5252 2053 5308 est,
2082 5259 2191 5297 non
2218 5241 2522 5297 secundum
2548 5241 2695 5311 quod
2725 5243 2871 5298 Deus
2894 5252 3012 5308 est;
3043 5251 3098 5297 et
3119 5242 3303 5307 Pater,
3333 5248 3531 5297 secun-‘

1947 5337 2077 5391 dum
2102 5335 2249 5405 quod
2277 5335 2458 5399 Pater,
2491 5342 2682 5389 natura
2708 5344 2813 5399 est,
2842 5344 2896 5389 et
2920 5350 3028 5388 non
3051 5334 3353 5388 secundum
3381 5333 3528 5403 quod

1948 5428 2096 5482 Deus
2146 5434 2269 5491 est;
2322 5436 2379 5481 et
2427 5425 2669 5496 Spiritus
2728 5435 2972 5492 sanctus,
3009 5425 3312 5480 secundum
3378 5426 3527 5495 quod

1946 5518 2257 5588 procedens
2286 5526 2485 5572 natura
2515 5527 2620 5584 est,
2653 5526 2712 5573 et
2744 5533 2854 5572 non
2880 5516 3184 5572 secundum
3210 5515 3355 5586 quod
3382 5516 3531 5571 Dens

1945 5618 2063 5674 est;
2114 5609 2311 5663 horum
2372 5619 2569 5665 neuter
2622 5618 2819 5664 natura
2874 5611 3019 5663 Deus
3069 5609 3204 5674 erit;
3254 5606 3527 5674 siquidem

1946 5699 2119 5765 Deus,
2170 5701 2397 5756 minime
2475 5701 2804 5771 paternitas,
2874 5701 3065 5755 ﬁliatio
3129 5711 3185 5755 et
3246 5700 3541 5789 processio‘

1945 5801 2058 5856 est;
2109 5791 2256 5861 quod
2309 5792 2354 5846 si
2405 5807 2512 5846 non
2553 5792 2699 5846 Deus
2738 5799 2844 5859 est,
2877 5800 3126 5846 Creatura
3173 5790 3418 5846 omnino.
3462 5788 3531 5842 Et
