3898 6412
197 343 342 408 2949

1383 315 1847 401 FRAGMENTA
1891 335 2344 398 DOGMATICA.

3345 340 3492 404 2950

193 459 386 532 λεμεῖν
412 499 428 524 ,
488 460 601 514 τοῖς
649 457 815 510 αὑτοῦ
845 456 1196 526 προϐλήμασι
1225 455 1548 524 κέχρηνται,
1584 451 1678 504 κοιλ⁵
1707 448 1806 519 τὴν

1923 451 2234 521 ζηιρυςιιατθ
2269 451 2616 514 simulantes,
2656 449 2827 520 hujus
2859 451 3200 520 argumentis
3239 459 3490 518 utuntur,

194 551 410 605 ἐκείνου
455 549 608 603 νόσον
653 549 714 602 τό
755 565 818 617 γε
857 548 944 600 ἐπ’
986 548 1168 610 αὐτοῖς
1211 542 1579 610 ἁσπάζονται;
1611 544 1674 598 Ei
1698 541 1806 612 γὰρ

193 643 292 695 οὑκ
314 642 435 696 ἔστι
454 641 617 712 φύσις
639 643 986 712 ἀπρόσωπος,
1005 639 1140 695 ἀλλὰ
1163 641 1253 692 καὶ
1276 639 1584 710 παρέπεται
1613 638 1678 705 τῇ
1708 634 1809 702 φύ-

195 749 280 785 σει
315 734 418 786 καὶ
451 731 768 802 πρόσωπον,
803 729 935 800 φασὶ
963 730 1018 784 δὲ
1049 731 1114 782 ἐκ
1143 728 1236 782 δύο
1265 729 1481 798 φύσεων
1505 725 1604 796 τὴν
1631 723 1804 794 ἀπόρ-

198 829 374 898 ρητον
397 825 592 878 ἕνωσιν
617 825 675 877 ὲν
698 823 922 894 Χριστῷ
944 821 1249 891 γεγονέναι,
1285 820 1394 893 ἄρα
1426 820 1491 872 ὲκ
1516 817 1610 871 δύο
1635 833 1804 887 προσ-

196 920 378 974 ὠπων
431 919 555 972 κατ’
596 917 798 978 αὐτοὺς
845 916 874 968 ὁ
912 911 1306 984 Ἐμμανυυὴλ,
1372 910 1468 963 καὶ
1525 909 1802 979 ἀνέῳκται

181 1011 394 1066 λοιπὸν
421 1013 534 1074 τοῖς
565 1005 953 1078 βλασφημοῦσι
981 1002 1264 1076 παρρησία
1292 1001 1386 1056 δύο
1415 1001 1686 1073 πρόσωπα
1707 999 1800 1052 λέ-

171 1120 322 1170 -γειν
359 1104 420 1154 ὲν
453 1098 676 1170 Χριστῷ
702 1139 715 1162 ,
775 1099 914 1167 ὅπερ
969 1095 1167 1166 μανίας
1200 1093 1530 1166 ἀνάμεστον.
1581 1093 1658 1146 Ού
1694 1090 1803 1163 γὰρ

176 1196 264 1248 ,ἂν
297 1193 514 1263 Πέτρον
543 1191 576 1262 ἢ
607 1189 820 1245 Παῦλον
851 1190 1013 1252 εἴτις
1041 1188 1262 1241 ἑνώσειε
1301 1227 1316 1252 ,
1343 1185 1474 1257 μίαν
1499 1185 1801 1239 ὑπόστασιν

193 1287 299 1341 καὶ
333 1286 398 1338 ἓν
427 1285 726 1354 πρόσωπον
759 1283 906 1336 εἴποι
929 1298 944 1312 °
993 1283 1048 1336 αί
1078 1281 1188 1352 γὰρ
1218 1279 1572 1344 ὑποστάσεις,
1599 1277 1636 1332 ἃ
1663 1274 1802 1330 εἶναι

192 1381 482 1452 πρόσωπα
522 1377 622 1450 τὴν
655 1377 779 1431 κατ’
809 1376 998 1430 οὐσίαν
1052 1375 1148 1428 καὶ
1179 1376 1365 1445 σχέσιν
1393 1374 1588 1428 ἕνωσιν
1619 1371 1802 1426 ὲπιδέ-

189 1488 435 1543 χονται,
491 1470 552 1522 οὐ
598 1468 700 1540 τὴν
729 1467 1096 1521 ὲνυπόστατον
1127 1465 1222 1520 καὶ
1251 1465 1310 1518 ἓν
1341 1465 1634 1536 πρόσωπον
1662 1464 1801 1518 ἁπο-

189 1563 482 1618 τελοῦσιν.
527 1562 665 1617 Κατ’
695 1560 888 1615 οὐσίαν
919 1560 1019 1630 μὲν
1047 1558 1142 1612 οὖν
1174 1559 1228 1612 al
1258 1557 1585 1622 ὑποστάσεις
1617 1557 1802 1610 ἑνοῦν-

190 1674 316 1722 ται,
351 1655 432 1720 ὡς
467 1656 560 1707 ἐπὶ
588 1654 691 1722 τῆς
719 1655 885 1721 ἁγίας
912 1654 1142 1724 Τριάδος
1163 1669 1176 1683 ·
1233 1655 1386 1724 τρεῖς
1417 1653 1526 1721 γὰρ
1559 1649 1798 1704 ὑποστά-

188 1766 318 1812 σεις
355 1749 490 1820 μιᾶς
517 1746 707 1810 οὐσίας
741 1745 1104 1817 ὑπάρχουσιν.

289 1929 360 1982 'II
410 1928 466 1982 δὲ
519 1926 664 1980 κατά
710 1925 894 1997 σχέσιν
940 1924 1136 1988 ἕνωσις
1172 1923 1312 1978 κατὰ
1345 1921 1577 1983 πολλοὺς
1607 1923 1808 1972 νοεῖται

190 2021 472 2093 τρόπους,
511 2021 569 2070 ὲν
608 2016 920 2086 ὁμωνυμίᾳ,
952 2018 1010 2069 ὲν
1042 2013 1302 2086 ἰσοτιμίᾳ,
1330 2015 1387 2066 ὲν
1427 2011 1808 2082 ταυτοϐουλίᾳ,

195 2110 301 2162 καὶ
333 2109 440 2160 ὅσα
469 2105 682 2168 τούτοις
714 2103 1078 2174 παραπλήσια
1099 2121 1110 2134 ·
1159 2106 1216 2155 ἐν
1244 2102 1536 2174 ὁμωνυμίᾳ
1565 2101 1664 2170 μὲν
1684 2142 1699 2164 ,
1737 2102 1812 2165 ὡς

208 2199 428 2262 Ἰούδας
457 2200 486 2252 ὁ
520 2196 800 2262 Ἰακώϐου,
831 2197 924 2249 καὶ
939 2197 1138 2259 Ἰούδας
1164 2195 1536 2267 Ἰσκαριώτης·
1573 2193 1813 2264 ἰσοτιμία

191 2293 258 2345 δὲ
314 2291 412 2344 καὶ
447 2287 834 2360 ταυτοεουλία,
873 2287 949 2352 ὡς
981 2290 1184 2359 Πέτρος
1217 2290 1311 2341 καὶ
1345 2289 1595 2357 Ἰωάννης
1619 2302 1630 2315 ’
1681 2287 1811 2340 ἐκά-

196 2403 257 2437 τε
273 2401 368 2454 ρος
389 2384 496 2454 γὰρ
513 2381 810 2446 ἀπόστολος
833 2381 924 2434 καὶ
949 2379 1131 2446 αὑξειν
1167 2379 1458 2450 ἠϐούλοντο
1475 2378 1534 2430 τὸ
1552 2379 1814 2450 κήρυγμα

195 2479 303 2532 τοῦ
336 2475 598 2549 Χριστοῦ.
636 2477 700 2528 Ὃ
733 2473 824 2528 οὖν
857 2473 1025 2546 ἔφθην
1067 2473 1237 2526 εἰπὼν
1279 2475 1337 2525 αἱ
1369 2472 1462 2525 δύο
1486 2472 1814 2532 ὑποστάσεις

193 2578 266 2645 ἦα,
284 2590 383 2626 ουν
411 2571 678 2641 πρόσωπα
705 2569 990 2640 ἑνούμενα,
1015 2567 1271 2622 οὐδέποτε
1306 2566 1432 2636 μίαν
1461 2565 1813 2619 ἀποτελοῦσιν

199 2668 518 2720 ὑπόστασιν
548 2662 642 2716 καὶ
674 2662 732 2714 ἓν
772 2662 1082 2730 πρῆσωπον.
1136 2661 1197 2713 Εἰ
1225 2655 1316 2712 οὖν
1361 2660 1425 2711 ἐκ
1467 2657 1558 2710 δύο
1598 2657 1814 2726 φύσεων

196 2763 229 2813 ὀ
263 2755 640 2828 Ἐμμανουὴλ,
664 2757 697 2826 ἡ
722 2755 778 2808 δὲ
809 2753 968 2824 φύσις
1002 2753 1292 2824 πρόσωπόν
1315 2756 1433 2806 ἐστι
1456 2753 1574 2806 κατ’
1596 2752 1816 2814 αὑτοὺς,

203 2855 371 2904 ἔσται
417 2851 526 2920 ἄρα
576 2849 670 2902 καὶ
715 2850 780 2900 ὲκ
819 2845 913 2899 δύο
958 2845 1268 2916 προσώπων
1295 2885 1308 2909 ,
1343 2843 1486 2916 άπερ
1517 2844 1618 2898 οὐκ
1642 2842 1818 2897 ἐπιδὲ-

201 2955 405 3008 xeunt
433 2939 531 3008 τὴν
561 2935 924 2990 ὲνυπόστατον
955 2935 1152 2989 ἕνωσιν
1178 2952 1191 2966 ο
1243 2935 1337 2988 καὶ
1369 2934 1428 2987 οὗ
1441 2953 1510 2987 τω
1539 2934 1680 2988 κατὰ
1708 2933 1817 2986 τῶν

182 3033 232 3082 .8
260 3029 632 3099 εφθαρμένων
679 3029 838 3098 λόγον
879 3029 940 3082 τὸ
980 3030 1080 3098 τῆς
1105 3029 1264 3082 ἀθέου
1294 3028 1614 3098 διαιρέσεως
1641 3027 1818 3096 δόγμα

1911 551 1967 597 et
1998 543 2148 598 illius
2178 544 2435 598 morbum
2468 543 2542 598 ita
2573 543 2681 598 sibi
2729 543 3090 614 adjudieant?
3119 543 3174 598 Si
3205 545 3355 600 enim
3384 561 3493 600 non

1909 643 1995 688 est
2041 645 2239 690 natura
2274 635 2684 704 impersonalis,
2737 634 2832 691 sed
2878 644 3134 689 naturam
3186 635 3496 705 insequitur

1911 740 2176 794 persona,
2229 727 2423 782 dicunt
2465 743 2496 782 e
2548 727 2765 782 duabus
2821 727 3039 782 naturis
3097 727 3498 796 impossibilem

1909 816 1968 872 in
2013 817 2238 872 Christo
2291 819 2553 874 unionem
2587 817 2786 872 factam
2833 834 2976 884 esse,
3009 833 3140 890 ergo
3178 834 3248 874 ex
3281 820 3500 876 duabus

1907 909 2163 980 personis
2217 911 2526 966 secundum
2581 912 2716 968 istos
2769 923 2984 970 constat
3029 916 3389 982 Emmanuel,
3442 925 3501 972 et

1907 1011 2320 1072 consequenter
2389 1003 2638 1074 aperitur
2697 1004 3214 1075 blasphemantibus
3267 1006 3500 1062 libertas

1908 1093 2046 1149 duas
2082 1110 2356 1164 personas
2382 1095 2603 1150 dicendi
2634 1095 2689 1150 in
2713 1095 2958 1162 Christo,
2989 1097 3134 1168 quod
3163 1105 3249 1152 est
3274 1097 3502 1152 demeti-

1911 1185 1984 1240 tia
2045 1186 2334 1242 refertum.
2402 1187 2526 1241 Non
2573 1188 2744 1253 enim,
2801 1188 2850 1242 si
2898 1186 3121 1243 Petrum
3165 1197 3222 1244 et
3267 1188 3495 1244 Paulum

1908 1279 2180 1344 univeris,
2220 1295 2387 1334 unam
2439 1279 2857 1344 subsistentiam
2905 1289 2962 1334 et
2993 1296 3158 1334 unam
3205 1295 3497 1351 personam

1907 1374 2150 1440 dixeris;
2216 1391 2339 1444 qua:
2399 1374 2549 1429 enim
2603 1374 3008 1438 subsistentiae,
3070 1390 3195 1444 quae
3253 1388 3500 1444 persona:

1909 1469 2169 1524 unionem
2217 1467 2272 1520 in
2307 1467 2621 1532 substantia
2649 1477 2707 1523 et
2731 1469 3002 1523 relatione
3049 1469 3346 1536 recipiunt,
3386 1485 3499 1523 non

1909 1575 2072 1614 unam
2110 1560 2529 1615 subsistentiam
2577 1575 2759 1630 neque
2805 1576 2972 1615 unam
3003 1575 3296 1630 personam
3332 1560 3500 1629 perti-

1907 1652 2083 1705 ciunt.
2133 1651 2450 1706 Secundum
2495 1651 2865 1706 substantiam
2907 1651 3081 1720 igitur
3127 1650 3502 1706 subsistentite

1909 1742 2200 1807 uniuntur,
2233 1749 2294 1795 ut
2325 1742 2379 1796 in
2411 1751 2600 1796 sancta
2628 1740 2864 1806 Triade;
2900 1747 3012 1795 tres
3047 1739 3196 1794 enim
3250 1737 3328 1794 ibi
3363 1739 3498 1794 sub-

1913 1833 2180 1888 sistentia:
2225 1833 2392 1888 unius
2425 1847 2555 1888 sunt
2585 1833 2927 1888 substantiae.

2015 1922 2158 1978 Unio
2224 1933 2411 1978 autem
2477 1923 2784 1978 secundum
2851 1923 3180 1980 relationem
3246 1923 3502 1996 plurimis

1914 2011 2229 2081 concipitur
2264 2011 2476 2076 modis,
2509 2012 2566 2065 in
2602 2011 2952 2083 homonymia
2977 2053 2992 2079 ,
3041 2015 3098 2068 in
3132 2014 3417 2084 dignitatis
3446 2021 3505 2068 et

1913 2103 2220 2160 voluntatis
2249 2105 2660 2170 conformitate,
2693 2114 2750 2161 et
2775 2107 2902 2161 aliis
2923 2123 3046 2178 quae
3072 2109 3224 2164 hisce
3253 2107 3505 2164 referun-

1915 2204 2044 2252 tur:
2080 2197 2138 2252 in
2167 2198 2523 2271 homonymia
2547 2198 2796 2269 quidem,
2835 2209 2896 2254 ut
2928 2199 3100 2256 ludas
3129 2201 3302 2256 Jacob
3335 2201 3502 2263 ﬁlius.

1913 2295 1971 2344 et
1997 2289 2170 2352 Judas
2203 2289 2533 2356 lscariotes;
2573 2290 2629 2344 in
2663 2289 2950 2360 dignitatis
2981 2301 3164 2346 autem
3212 2300 3269 2346 et
3311 2291 3508 2345 volun-

1919 2381 2069 2462 tatis.
2101 2381 2514 2444 conformitate,
2553 2391 2615 2438 ut
2643 2383 2842 2439 Petrus
2872 2391 2930 2437 et
2961 2383 3226 2447 Joannes,
3271 2393 3504 2454 uterque

1915 2479 2063 2534 enim
2095 2479 2380 2549 apostolus
2405 2487 2462 2534 et
2486 2479 2798 2535 extendere
2831 2479 3090 2535 volebant
3113 2480 3322 2535 Christi
3369 2495 3507 2550 pra:-

1916 2568 2276 2626 dicationem.
2308 2569 2468 2636 Quod
2505 2569 2676 2640 igitur
2703 2571 2816 2642 jam
2847 2571 3061 2626 asserui
3093 2571 3328 2626 dicens:
3382 2571 3505 2626 dua:

1915 2661 2321 2726 subsistentiis,
2372 2661 2621 2731 personae
2671 2663 2915 2728 scilicet,
2979 2665 3170 2726 unitw,
3222 2679 3504 2734 nunquam

1918 2768 2086 2807 unam
2132 2754 2548 2810 subsistentiam
2582 2771 2765 2825 neque
2811 2771 2974 2810 unam
3012 2771 3303 2824 personam
3343 2755 3509 2824 perti-

1919 2845 2092 2900 ciunt.
2142 2845 2198 2901 Si
2249 2846 2420 2916 igitur
2457 2863 2524 2902 ex
2561 2847 2782 2904 duabus
2830 2847 3048 2903 naturis
3100 2855 3317 2902 constat
3374 2847 3506 2902 Em—

1920 2937 2160 3002 manuel,
2191 2946 2247 2992 et
2275 2953 2504 3008 quaeque
2535 2949 2735 2993 natura
2779 2940 2852 2994 sit
2896 2955 3135 3010 persona
3190 2939 3500 2994 secundum

1921 3025 2076 3092 istos,
2107 3028 2381 3082 constabit
2420 3044 2553 3099 ergo
2593 3045 2660 3085 ex
2696 3031 2912 3086 duabus
2935 3033 3212 3100 personis,
3242 3046 3366 3100 quae
3393 3046 3504 3085 non

205 3124 405 3196 χώραν
435 3122 695 3193 εὑρήσει·
752 3121 846 3174 καὶ
893 3119 1160 3192 Κύριλλος
1210 3118 1607 3200 ἐκϐληθῂσεται
1649 3116 1815 3170 πάλαι

1923 3114 2221 3170 admittunt
2273 3117 2538 3172 unionem
2595 3119 2650 3172 in
2700 3135 2812 3175 una
2861 3121 3239 3176 subsistentia.
3278 3121 3357 3176 lla
3407 3136 3509 3190 per

208 3218 358 3270 κατὰ
389 3213 688 3284 Νεστορίου
719 3211 944 3266 τοιαῦτα
973 3213 1145 3282 βοῶν,
1177 3211 1360 3280 ὀνήσει
1387 3210 1444 3262 δὲ
1474 3209 1591 3262 κατ’
1621 3205 1815 3262 ούδὲνα

207 3311 418 3380 τρόπον
441 3307 529 3361 τὸν
549 3307 708 3378 ὀρθὸν
726 3307 969 3376 περὶτῆς
999 3304 1233 3366 πίστεως
1262 3303 1416 3372 λόγον
1447 3303 1526 3365 εἰς
1555 3300 1616 3354 τὸ
1642 3299 1814 3363 οὕτως

213 3403 392 3472 ἔχειν.
445 3399 565 3453 Κᾶν
597 3400 646 3452 εί
678 3395 990 3468 προσώπων
1015 3396 1209 3448 ἕνωσιν
1240 3391 1618 3464 ἐπιφημίζωσί
1646 3408 1812 3456 τινες,

213 3495 340 3549 ἀλλ’
395 3493 495 3564 οὑχ
537 3491 711 3554 οὑτως
743 3490 869 3544 οὔτε
899 3491 932 3560 ἡ
964 3488 1193 3556 ἀλήθεια
1223 3489 1470 3550 ἀπαιτεῖ,
1507 3483 1620 3537 οὗθ’
1652 3485 1816 3554 ἡμεῖς

215 3583 530 3654 ἀνεξόμεθα
550 3619 566 3644 ,
613 3579 750 3634 ἀλλὰ
779 3579 876 3648 τὴν
903 3577 1096 3648 ἀκλινῆ
1129 3577 1220 3630 καὶ
1253 3575 1426 3648 μέσην
1451 3575 1569 3629 ὁδὸν
1598 3573 1816 3644 βαδιού-

224 3677 398 3749 paea,
429 3677 558 3740 τοὺς
592 3675 692 3746 μὲν
719 3673 888 3728 δυάδα
917 3673 1228 3742 προσώπων
1254 3669 1652 3738 εἰσαγαγόντας
1684 3667 1816 3718 ἁνα-

216 3771 610 3844 θεματίςοντες
633 3809 648 3834 ,
705 3767 806 3838 τὴν
849 3764 904 3817 δὲ
949 3763 1210 3835 ἀλήθειαν
1238 3761 1348 3815 τῶν
1375 3764 1432 3814 ὲν
1459 3757 1683 3831 Χριστῷ
1717 3757 1813 3810 δύο

218 3863 424 3920 οὐσιῶν
455 3858 871 3933 ὁμολογοῦντες.

306 4113 447 4168 Ἀλλ’
483 4111 617 4175 ἴσως
647 4109 707 4174 ἐξ
727 4107 956 4179 ἀπορίας
987 4104 1331 4175 διαστρέφειν
1361 4104 1690 4176 πειρώμενοι
1720 4106 1816 4176 τὴν

223 4207 488 4276 τοιαύτην
519 4202 851 4272 πεποίηνται
886 4198 1172 4269 πρότασιν·
1208 4196 1366 4267 ἡμῶν
1391 4197 1500 4269 γὰρ
1527 4199 1816 4251 ὲνυποστά-

224 4317 334 4362 τως
366 4295 657 4369 ἡνωμένας
687 4291 782 4346 δύο
809 4290 1002 4361 φύσεις
1031 4289 1337 4356 λεγόντων,
1377 4289 1816 4360 ἑθελοκωερῶσιν,

227 4395 326 4448 καὶ
365 4389 717 4462 περιξύοντες
747 4385 846 4456 τῆς
872 4384 1166 4455 ὁμολογίας
1197 4385 1227 4453 ἡ
1239 4382 1380 4452 μῶν,
1413 4377 1490 4452 τῷ
1517 4380 1818 4435 ἐνυποστά-

1920 3206 2152 3261 istorum
2185 3207 2530 3277 perditorum
2565 3211 2835 3267 rationem
2863 3213 2972 3267 hoc
2998 3213 3180 3282 impia
3199 3212 3509 3267 distinctio-

1917 3301 2005 3353 nis
2037 3299 2233 3370 dogma
2265 3302 2450 3364 locum
2483 3303 2769 3369 inveniet;
2800 3313 2856 3360 et
2889 3305 3130 3377 Cyrillus
3159 3305 3508 3360 deridebitur

1917 3404 2042 3444 cum
2091 3391 2221 3449 talia
2253 3391 2390 3447 dicit
2421 3393 2476 3447 in
2521 3393 2863 3458 Nestorium,
2897 3403 2953 3449 et
2984 3396 3137 3449 nullo
3168 3393 3334 3448 modo
3383 3408 3510 3462 pro-

1917 3482 2063 3536 derit
2096 3491 2158 3536 ut
2185 3495 2398 3540 rectum
2428 3486 2575 3540 circa
2605 3487 2732 3542 ﬁdei
2755 3489 3046 3554 rationem,
3076 3499 3136 3543 ut
3163 3489 3268 3543 tale
3289 3486 3506 3542 evadat.

1917 3573 2180 3640 Quamvis
2227 3591 2590 3644 personarum
2645 3579 2908 3633 unionem
2939 3578 3510 3648 patrocinenturqui-

1918 3667 2066 3731 dam,
2113 3682 2224 3720 non
2281 3666 2334 3720 id
2382 3677 2566 3721 tamen
2600 3668 2810 3722 veritas
2859 3669 3124 3736 postulat,
3175 3683 3354 3738 neque
3407 3683 3513 3722 nus

1917 3759 2182 3824 feremus,
2235 3759 2333 3814 sed
2365 3759 2622 3814 inﬂexam
2652 3767 2709 3812 et
2735 3760 2972 3814 mediam
3004 3761 3149 3814 viam
3190 3775 3508 3830 sequemur,

1920 3851 2022 3905 bos
2065 3849 2160 3920 qui
2194 3849 2432 3904 duadem
2463 3864 2825 3918 personarum
2871 3851 3144 3904 inducunt
3191 3852 3512 3905 anathema-

1921 3941 2162 4006 tizando,
2201 3941 2494 3996 veritatem
2539 3948 2726 3995 autem
2770 3939 3008 3994 duarum
3041 3941 3096 3994 in
3125 3939 3350 3996 Christo
3377 3941 3512 3996 sub-

1919 4035 2247 4090 stantiarum
2275 4031 2610 4103 proﬁtendo.

2024 4127 2132 4182 Sed
2201 4125 2345 4181 forte
2409 4127 2478 4180 ad
2543 4123 2922 4180 ditIicultatem
2971 4122 3289 4178 solvendam
3342 4122 3508 4177 talem

1922 4219 2247 4274 statuissent
2296 4216 2758 4287 propositionem.
2807 4214 2978 4270 Nobis
3029 4214 3178 4270 enim
3226 4215 3281 4269 in
3321 4213 3506 4270 subsi-

1921 4309 2127 4364 stentia
2176 4307 2363 4370 unitas
2415 4307 2553 4363 duas
2613 4316 2845 4362 naturas
2907 4304 3245 4369 dicentibus,
3311 4303 3511 4358 surdos

1921 4414 1982 4456 se
2043 4385 2330 4470 praebent,
2383 4407 2440 4453 et
2497 4396 2658 4468 quasi
2703 4403 2953 4452 nostram
2995 4393 3356 4450 assertionem
3420 4410 3511 4448 ra-

228 4503 336 4550 τως
367 4482 654 4556 ἡνωμένας
685 4476 1028 4550 προϐλήματι
1057 4475 1352 4546 κέχρηνται
1383 4473 1504 4526 καθ’
1535 4473 1692 4544 ἡμῶν
1722 4473 1816 4542 τῆς

1925 4489 2162 4554 dentes,
2219 4495 2472 4542 statuunt
2515 4486 2742 4558 quidem
2809 4486 2997 4541 unitas
3047 4486 3102 4540 in
3154 4485 3513 4540 subsistentia

231 4577 514 4649 ἡμετέρας
547 4570 846 4644 ὁμολογίας
875 4569 1136 4641 ἀπᾴδοντι
1159 4608 1175 4633 ,
1211 4568 1306 4620 καί
1341 4583 1527 4636 φασιν,
1561 4567 1675 4620 Ούκ
1703 4565 1820 4618 ἔστι

236 4672 394 4741 φύσις
430 4667 765 4738 διπρόσωπος
788 4678 804 4693 ο
858 4662 910 4714 τί
945 4661 1125 4713 τοίνυν
1155 4659 1340 4720 αὐτοῖς
1373 4655 1434 4710 τὸ
1472 4657 1636 4726 σοφὸν
1664 4656 1823 4709 τοῦτο

237 4762 484 4834 βούλεται
515 4757 814 4830 πρόϐλημα
841 4771 856 4820 ;
895 4755 959 4806 Et
993 4753 1095 4824 μὲν
1136 4753 1218 4804 ὅτι
1246 4751 1306 4804 εὑ
1337 4751 1561 4804 δυνατὸν
1591 4749 1689 4812 τὰς
1719 4748 1824 4816 φύ-

237 4877 347 4922 σεις
380 4857 561 4920 ἄλλως
593 4855 628 4927 ἦ
660 4854 720 4906 ἐν
748 4849 1064 4922 προσώποις
1093 4847 1440 4918 θεωρεῖσθαι,
1475 4847 1684 4908 τεύτοις
1717 4847 1826 4908 πᾶς

237 4971 315 5018 τις
341 4954 437 5008 καὶ
462 4949 574 5002 τῶν
607 4947 782 5019 μικρὰ
807 4945 1025 4998 εἰδότων
1057 4934 1568 5011 συνομολογήσειενο
1605 4939 1687 5002 τίς
1715 4938 1826 5010 γὰρ

241 5047 421 5113 ἀγνοεῖ
465 5044 549 5096 ὅτι
597 5038 830 5094 καθόλου
875 5039 936 5090 ἐν
967 5037 1080 5097 τοῖς
1114 5034 1258 5088 κατὰ
1289 5033 1458 5104 μέρος
1486 5032 1824 5104 προσώποις,

241 5141 374 5210 ὅπερ
421 5139 547 5198 ταῖς
589 5129 1122 5204 χαρακτηριστικαῖς
1151 5127 1485 5180 ὑποστάσεσι
1513 5125 1826 5198 θεωρεῖται,

245 5236 324 5302 εἰη
370 5233 469 5301 τῆς
515 5228 773 5296 Θεότητος
805 5223 968 5293 φύσις
999 5223 1058 5275 ὲν
1086 5219 1294 5287 Πατρὶ,
1338 5221 1396 5274 ἐν
1429 5220 1566 5290 Υίῷ,
1603 5222 1658 5272 ὲν
1688 5219 1828 5291 ἁγίῳ

246 5324 518 5394 Πνεύματι
547 5339 561 5387 ;
601 5319 806 5390 ὁμοίως
840 5319 874 5388 ἡ
903 5315 1173 5387 ἁγγελικὴ
1204 5315 1367 5384 φύσις
1399 5315 1457 5367 ἐν
1487 5313 1732 5384 Μιχαὴλ,
1773 5316 1830 5364 ὲν

247 5416 484 5490 Γαϐριὴλ
524 5413 623 5469 καὶ
664 5414 778 5476 τοῖς
810 5411 1054 5474 λοιποῖςς
1097 5409 1192 5462 καὶ
1220 5410 1254 5479 ἡ
1283 5407 1384 5476 τῆς
1411 5407 1831 5480 ἀνορωπ-άτητος

249 5507 407 5576 φύσις
455 5510 514 5561 ἐν
557 5508 670 5568 τοῖς
713 5503 834 5558 καθ’
864 5501 1098 5556 ἕκαστον
1123 5499 1452 5571 γνωρίζεται
1481 5500 1828 5571 προσώποις;

253 5603 313 5658 ιιι
339 5601 396 5656 δὲ
424 5599 585 5654 τοῦτο
611 5597 894 5669 βούλονται
920 5593 1357 5658 κατασκευάζειν
1387 5593 1469 5644 ὅτι
1499 5593 1646 5664 πάσῃ
1673 5591 1832 5662 φύσει

254 5694 451 5758 ωιὰζον
478 5691 806 5761 περιέπεται
833 5687 1148 5758 πρόσωπον,
1174 5686 1266 5738 ἐπὶ
1307 5685 1418 5738 τῶν
1451 5685 1523 5755 μὴ
1552 5684 1674 5737 καθ’
1699 5684 1832 5736 ὑπό-

255 5801 440 5840 στασιν
463 5765 764 5854 ὴνωμένων
789 5779 1028 5852 φύσεων,
1053 5779 1081 5833 ὅ
1109 5782 1254 5832 ἐστιν
1279 5777 1502 5842 οὐσιῶν,
1529 5777 1622 5830 καὶ
1645 5777 1833 5830 τοῦτον

1925 4589 2190 4647 naturas,
2241 4580 2336 4636 sed
2393 4590 2587 4635 contra
2633 4594 2738 4635 nos
2793 4577 3000 4634 utendo
3058 4579 3439 4648 prepositione
3483 4593 3516 4634 a

1926 4687 2116 4736 nostra
2163 4674 2473 4731 assertione
2519 4672 2882 4743 discrepanti,
2929 4682 2987 4726 et
3029 4671 3226 4726 dicunt
3253 4685 3364 4725 non
3393 4684 3516 4725 esse

1926 4775 2180 4825 naturam
2233 4765 2682 4838 impersonalem.
2733 4763 2875 4830 Quid
2923 4761 3094 4832 igitur
3144 4761 3368 4830 sapiens
3411 4760 3516 4815 ista

1927 4861 2046 4916 vult
2087 4859 2448 4930 propositio?
2497 4854 2784 4926 Siquidem
2818 4869 2932 4908 non
2970 4867 3132 4922 posse
3170 4851 3290 4905 fieri
3331 4851 3518 4906 dicant

1930 4962 1993 5006 ut
2031 4961 2246 5006 naturae
2269 4955 2697 5020 cognoscantur,
2724 4944 2833 5000 nisi
2871 4944 2929 4997 in
2963 4941 3222 5013 personis
3245 4942 3351 4997 hoc
3381 4955 3518 5012 pro-

1931 5041 2078 5098 fecto
2131 5041 2240 5096 illis
2289 5039 2627 5096 concesserit
2657 5034 2913 5106 quisquis
2941 5033 3028 5089 vel
3064 5032 3344 5088 modicum
3373 5031 3522 5102 peri-

1933 5144 2022 5190 tus
2071 5132 2162 5187 sit.
2199 5130 2334 5198 Quis
2363 5130 2510 5186 enim
2547 5129 2766 5201 ignorat
2809 5127 2863 5182 id
2895 5125 3047 5196 quod
3082 5123 3402 5180 universale
3433 5132 3522 5178 est

1933 5227 1988 5282 in
2041 5225 2276 5296 singulis
2322 5222 2600 5293 personis,
2633 5221 2688 5276 id
2714 5228 2801 5276 est
2832 5215 3210 5274 subsistentiis
3238 5218 3525 5272 characte-

1934 5317 2140 5374 risticis
2194 5315 2508 5384 inspicitur,
2559 5322 2714 5384 puta.
2761 5310 3079 5368 Divinitatis
3110 5315 3306 5362 natura
3335 5307 3391 5361 in
3417 5305 3524 5360 Pa-

1937 5421 2038 5474 tre,
2079 5408 2218 5463 Filio
2245 5415 2302 5461 et
2335 5413 2531 5461 sancto
2570 5403 2833 5474 Spiritu?
2873 5401 3123 5473 angelica
3169 5399 3228 5454 in
3267 5396 3523 5462 Michael,

1935 5500 2157 5558 Gabriel
2211 5507 2269 5553 et
2313 5497 2573 5554 caeteris?
2603 5505 2660 5552 et
2693 5495 3056 5550 humanitatis
3083 5501 3284 5578 natura
3313 5491 3370 5546 in
3407 5489 3524 5544 sin-

1936 5593 2079 5664 gulis
2103 5591 2456 5664 cognoscitur
2485 5589 2782 5660 personis?
2833 5587 2930 5644 Sin
2964 5595 3148 5642 autem
3181 5581 3527 5642 contendunt

1941 5698 2386 5755 unamquamque
2421 5689 2676 5738 naturam
2716 5695 3012 5751 personam
3045 5679 3326 5750 propriam
3358 5677 3530 5733 comi-

1941 5775 2073 5844 tari;
2104 5776 2209 5831 hoc
2231 5774 2458 5845 quidem
2485 5789 2608 5830 esse
2639 5789 2833 5828 verum
2863 5769 3180 5828 censuerim
3209 5770 3268 5825 in
3291 5767 3530 5831 naturis,
