3898 6380
205 340 358 403 2953

1315 354 1355 364 -ο
1389 329 1875 390 -Ηιλολιεχειῑι
1901 325 2358 387 nummum.
2442 386 2450 393 .

3353 315 3494 404 ρςδι

208 454 584 526 σκινδάλμοις.
648 453 714 507 El.
764 451 821 506 δὲ
874 450 985 520 ἐγὼ
1042 451 1104 504 ἐκ
1143 450 1413 520 διαςιόρων
1464 449 1665 503 οὐσιῶν
1720 448 1813 502 δύο

1944 447 2303 505 liﬂ'erentibus
2332 447 2657 502 substantiis
2679 446 2896 502 duabus
2918 456 3196 510 constans,
3237 462 3343 501 non
3375 460 3497 501 sum

208 546 604 617 συγκείμενος,
628 544 730 598 οὐκ
752 543 873 615 είμὶ
907 543 1001 597 δύο
1019 541 1114 599 ἄνθ
1124 558 1316 614 ρωποι,
1341 540 1478 596 ἀλλὰ
1496 542 1590 595 καὶ
1604 542 1701 606 τὰς
1716 540 1809 593 δύο

210 640 328 710 ἔχω
355 637 548 700 οὐσίας
578 636 680 705 τῆς
703 635 887 707 ψυχῆς
917 634 1012 699 καὶ
1039 634 1134 688 τοῦ
1167 635 1439 705 σώματος,
1473 634 1569 687 καὶ
1598 634 1655 685 ἐν
1680 633 1811 685 ὑπε-

216 730 416 783 στάσει
449 729 547 799 μιᾷ
580 726 896 798 θεωροῢμαι
921 767 936 792 ,
969 725 1052 791 τίς
1081 725 1296 796 ἀνάγκη
1328 724 1424 780 καὶ
1454 726 1547 779 ἐπὶ
1574 724 1810 792 Χριστοῦ

213 822 320 886 τὰς
371 815 463 874 δύο
507 820 696 883 οὐσίας
735 818 1138 892 ὁμολογοῦντα,
1188 818 1282 872 δύο
1315 817 1480 889 φάναι
1512 818 1606 872 καὶ
1638 818 1811 882 ίδικάς

216 914 324 978 τὰς
358 911 728 978 ὑποστάσειςς
782 908 959 964 Αὑτοῦ
997 909 1095 982 μὲν
1125 909 1236 980 γὰρ
1265 912 1332 981 τῇ
1362 908 1526 979 φύσει
1569 908 1637 963 τὰ
1670 908 1811 975 θεῖσι,

219 1002 399 1058 αὐτοῦ
432 1002 489 1057 δὲ
518 1002 607 1057 διὰ
629 1002 730 1072 τὴν
760 1001 1127 1055 ἑνυπόστατον
1155 999 1353 1054 ἕνωσιν
1379 1000 1447 1053 τὰ
1472 997 1812 1069 ἀνθρώπινα⁹

217 1096 286 1148 οὐ
323 1095 438 1165 γάρ
485 1094 543 1147 ἐν
574 1092 751 1164 ἑτέρῳ
773 1131 790 1158 ,
846 1091 963 1147 ἀλλ’
998 1092 1056 1145 ὲν
1087 1089 1238 1161 αὑτῷ
1271 1092 1304 1161 ἠ
1343 1089 1486 1161 ίδικὴ
1516 1089 1680 1143 αὑτοῦ
1714 1089 1817 1142 ὑπ-

218 1186 366 1256 έστη
420 1183 595 1254 σὰρξ,
650 1182 727 1247 ὡς
774 1181 1140 1255 προείρηται’
1185 1180 1246 1234 τὸ
1276 1180 1455 1234 κεινὸν
1484 1180 1592 1251 γὰρ
1618 1179 1819 1250 ἔχουσα.

216 1277 332 1348 τῆς
385 1274 738 1346 ἀνθρωπίνης
781 1273 972 1337 οὐσίας
1009 1271 1170 1327 τοῦτο
1193 1312 1208 1338 ,
1259 1273 1318 1326 τὸ
1350 1268 1489 1326 εἶναι
1522 1268 1659 1343 σάρξ
1684 1271 1817 1341 triu-

221 1369 458 1442 χωμὲνη
492 1366 639 1438 ψυχῇ
668 1366 898 1437 λογικῇ,
938 1366 996 1419 ὲν
1030 1365 1178 1435 μόνῳ
1212 1362 1290 1435 τῷ
1323 1362 1443 1435 Θεῷ
1471 1363 1631 1434 Λόγῳ
1662 1362 1820 1434 ἔσχεν

220 1462 299 1516 τά
359 1461 505 1515 ιδικά
532 1499 547 1525 ,
598 1459 759 1513 τοῦτό
810 1460 929 1513 ἐστι
961 1458 1022 1513 τὸ
1052 1445 1194 1513 εἶναι
1223 1455 1316 1510 τοῦ
1347 1455 1482 1510 Θεοῦ
1514 1456 1688 1525 Λόγου
1723 1456 1822 1509 καὶ

222 1555 331 1623 οὐχ
362 1551 555 1623 ἑτέρου
588 1549 746 1624 σάρξ.
785 1551 910 1614 Πῶς
938 1544 1032 1604 οὖν
1063 1548 1230 1621 ἑτέρα
1282 1547 1603 1614 ὑπόστασις,
1630 1548 1664 1619 ἡ
1691 1546 1824 1620 μηδ-

224 1647 375 1709 όλως
396 1645 516 1701 καθ’
538 1644 736 1717 ἑαυτὴν
767 1644 1082 1709 ὑποστὶσα;

307 1736 522 1800 Ἀλλως
548 1753 607 1789 τε
638 1735 774 1807 μηδὲ
799 1733 957 1788 τοῦτο
977 1732 1364 1801 ἀγνοείτωσαν,
1390 1732 1473 1786 ὅτι
1498 1731 1617 1785 ἀντὶ
1638 1730 1826 1794 οὐσίας

1920 542 2031 598 duo
2067 543 2340 604 homines,
2367 540 2462 593 sed
2513 539 2651 594 duas
2699 539 2876 594 habeo
2910 539 3271 603 substantias,
3302 541 3501 595 animae

1920 645 1977 690 et
2003 634 2274 704 corporis,
2318 642 2373 687 et
2401 632 2455 686 in
2483 648 2589 686 una
2614 631 2972 686 subsistentia
2997 630 3348 697 consideror,
3381 646 3506 701 quae

1921 726 2222 782 necessitas
2274 735 2358 779 est
2396 724 2536 779 duas
2577 724 2632 779 in
2675 724 2898 779 Christo
2938 724 3284 781 substantias
3340 722 3507 795 protl—

1925 825 2159 882 tentem,
2185 815 2325 871 duas
2345 831 2565 886 quoque
2592 815 2779 871 dicere
2823 824 2879 870 et
2913 816 3278 886 particulares
3330 818 3508 873 subsi-

1924 910 2197 966 stentias?
2220 909 2289 963 ad
2324 910 2480 963 illum
2506 910 2654 962 enim
2675 909 2958 977 pertinent
2982 918 3180 964 natura
3206 907 3416 975 divina,
3451 917 3510 963 et

1925 1000 1994 1056 ad
2022 1001 2177 1056 illum
2200 1016 2296 1070 per
2313 999 2783 1054 subsistentialem
2812 999 3071 1053 unionem
3089 999 3330 1054 humana
3359 1016 3372 1064 ;
3396 1015 3509 1054 non

1930 1091 1983 1146 in
2006 1092 2360 1160 alio-nempe,
2391 1089 2558 1145 sedin
2586 1090 2678 1144 illo
2710 1090 2932 1160 propria
2961 1091 3081 1162 ejus
3111 1091 3327 1146 exsistit
3354 1106 3506 1156 caro,

1928 1194 1989 1240 ut
2021 1200 2187 1255 supra
2233 1182 2476 1248 dicitur;
2522 1196 2871 1236 communem
2920 1197 3049 1237 caro
3118 1182 3260 1237 hanc
3298 1182 3510 1236 habens

1928 1280 2185 1334 humana:
2220 1274 2544 1331 snbstantia:
2587 1275 3002 1345 proprietatem,
3039 1274 3270 1328 animari
3299 1274 3513 1329 scilicet

1929 1371 1999 1427 ab
2028 1371 2215 1425 animo
2241 1368 2519 1432 rationali,
2564 1367 2618 1421 in
2660 1367 2779 1421 solo
2810 1368 2922 1422 Deo
2947 1367 3129 1423 Verbo
3160 1367 3357 1423 habuit
3388 1382 3514 1436 par-

1933 1464 2244 1530 ticularem,
2287 1478 2411 1519 esse
2460 1461 2673 1518 scilicet
2706 1460 2802 1517 Dei
2830 1460 2998 1517 Verbi
3057 1469 3114 1519 et
3145 1476 3255 1518 non
3283 1444 3514 1516 alterius

1930 1573 2176 1613 carnem.
2226 1555 2515 1623 Quomodo
2564 1571 2697 1625 ergo
2732 1554 2837 1609 alia
2879 1552 3259 1619 subsistentia,
3289 1552 3515 1609 minime

1928 1651 2081 1722 juxta
2104 1648 2342 1718 seipsam
2371 1644 2718 1702 subsistens?

2003 1742 2179 1797 Aliter
2205 1756 2274 1795 ne
2297 1740 2413 1794 haec
2439 1738 2717 1810 ignorent,
2742 1753 2842 1807 pro
2860 1736 3168 1793 substantia
3208 1735 3518 1797 subsisten-

228 1833 269 1902 ἡ
291 1832 592 1893 ὑπόστασις
615 1832 727 1892 τοῖς
756 1828 931 1897 ἁγίοις
958 1826 1208 1897 Πατράσι
1244 1825 1503 1889 πολλάκις
1532 1821 1829 1901 ὲνῘνεν]όη-

1944 1830 2063 1888 tiatn
2091 1846 2123 1886 a
2151 1829 2357 1886 sanctis
2387 1827 2644 1884 Patribus
2677 1827 2877 1898 sa'pius
2911 1825 3179 1896 reputari,
3210 1836 3271 1882 ut
3292 1834 3519 1883 sanctus

226 1939 348 1991 ται,
364 1922 443 1986 ὡς
461 1922 553 1976 και
574 1919 826 1990 Κυρίλλῳ
840 1919 1013 1973 δοκεῖ·
1036 1921 1093 1972 ὲν
1113 1917 1223 1989 γὰρ
1236 1917 1314 1988 τῷ
1336 1915 1382 1987 γ’
1399 1914 1828 1988 ἀναθεματισμῷ

230 2030 416 2084 φησιν
443 2026 457 2039 ⁶
517 2011 592 2065 El
637 2027 728 2076 τις
770 2008 870 2063 ἐπὶ
901 2008 1006 2064 τοῦ
1034 2009 1174 2074 ἑνὸς
1201 2008 1457 2077 Χριστοῦ
1486 2007 1702 2076 διαιρεῖ
1723 2008 1829 2074 τὰς

228 2100 618 2168 ὑποστάσεις
645 2100 797 2171 μετὰ
828 2098 941 2168 τὴν
964 2098 1206 2154 ἕνωσιν.
1251 2099 1320 2154 Τὸ
1350 2098 1461 2169 γὰρ
1491 2098 1830 2168 ὑφεστηκὸς

230 2197 504 2253 ἐνταῦθα
532 2194 716 2265 δηλοῖ
740 2195 779 2263 ἠ
808 2195 1174 2260 ὑπόστασις·
1210 2196 1283 2247 οὐ
1313 2192 1423 2262 γὰρ
1452 2191 1529 2247 ἂν
1558 2196 1591 2248 ὀ
1615 2193 1829 2263 θεοφό-

223 2307 348 2359 ρος
399 2288 499 2343 ἐπὶ
541 2287 646 2342 τοῦ
676 2287 816 2352 ἐνὸς
844 2284 1104 2355 Χριστοῦ
1130 2282 1503 2350 ὑποστάσεις
1531 2282 1832 2354 ὠνόμαζεν

236 2386 274 2438 ὁ
309 2381 442 2448 ταῖς
471 2380 804 2451 Νεστορίου
825 2377 1249 2447 βλασφημίαις
1280 2377 1373 2434 ἀεὶ
1407 2376 1721 2446 πολεμῶν,
1777 2380 1831 2433 ει

230 2471 326 2543 μὴ
357 2470 493 2526 ἀντὶ
520 2468 748 2525 οὐσιῶν
774 2469 963 2537 αὐτὰς
990 2467 1253 2539 ἐδέχετο.
1271 2466 1504 2539 Ὁμοίως
1529 2465 1833 2535 καὶὸἆγιος

242 2560 569 2625 ’Δθανάσιος
597 2562 656 2614 ἐν
682 2563 748 2631 τῇ
781 2559 916 2628 πρὸς
933 2561 1174 2632 ’Λφρους
1200 2558 1458 2629 ἐπιστολῇ
1483 2575 1667 2629 φησιν·
1684 2558 1747 2614 Ἠ
1764 2557 1834 2612 δὲ

237 2653 591 2717 ὑπόστασις
626 2649 811 2704 οὐσία
834 2647 969 2702 ἐστὶ
987 2689 1000 2711 ,
1020 2647 1128 2704 Kai
1156 2646 1339 2703 οὐδὲν
1361 2645 1515 2709 ἄλλο
1541 2648 1835 2716 σημαινό-

232 2757 436 2813 μενον
457 2739 604 2810 ἔχει,
637 2738 674 2807 ἢ
700 2740 848 2793 αὐτὸ
874 2738 941 2792 τὸ
966 2738 1057 2791 ὅντ
1088 2738 1225 2810 ὅπερ
1252 2737 1281 2790 ὁ
1312 2736 1582 2809 Ἱερεμίας
1604 2735 1835 2808 ὓπαρξιν

242 2831 508 2904 ὀνομάζει
550 2830 726 2900 λέγων
748 2845 761 2860 ·
797 2828 907 2885 Καὶ
948 2830 1059 2883 οὐκ
1095 2827 1374 2897 ἤκουσαν
1408 2826 1623 2898 φωνὴν
1654 2826 1839 2897 ὑπάρ-

244 2923 403 2990 ξεως
423 2938 438 2953 ο
485 2922 520 2993 ἡ
550 2922 659 2991 γὰρ
687 2919 986 2985 ὑπόστασις
1013 2921 1109 2974 καὶ
1134 2920 1168 2990 ή
1194 2919 1354 2974 οὐσία
1395 2917 1635 2990 ὕπαρξίς
1666 2919 1833 2973 ἐστιν’

243 3013 369 3068 εστι
423 3012 530 3084 γὰρ
596 3011 691 3066 καὶ
746 3010 1001 3082 ὑπάρχει.
1060 3010 1124 3064 Et
1166 3004 1258 3063 οὖν
1306 3026 1390 3074 τις
1445 3009 1842 3074 ἐνυποστάτους

247 3104 400 3160 κατά
428 3104 617 3158 τοῦτον
646 3102 737 3156 τὸν
764 3100 922 3168 λόγον
953 3101 1102 3155 εἴποι
1130 3102 1230 3166 τὰς
1253 3101 1463 3168 οὐσίας,
1502 3102 1531 3156 ὅ
1561 3103 1710 3157 ὲστιν
1734 3102 1840 3157 ὑπ-

247 3194 554 3267 αρχούσας,
582 3193 704 3247 οὐδὲ
729 3159 893 3265 qusi;
917 3159 1290 3266 ἀρνηθείημεν
1307 3210 1319 3225 ·
1353 3196 1387 3262 ἠ
1544 3194 1843 3258 ὑπόστασις
1866 3159 1911 3223 C

250 3290 397 3360 πρὸς
426 3288 524 3358 τὴν
552 3287 744 3341 οὐσίαν
778 3285 857 3358 τῷ
882 3281 1025 3339 εῖναι
1056 3286 1157 3356 μέν
1181 3303 1237 3340 τι
1270 3286 1332 3340 οὐ
1361 3286 1612 3358 διαφέρει
1636 3326 1653 3353 ,
1676 3343 1680 3346 ,
1706 3286 1844 3341 ἀλλά

250 3383 338 3453 τῷ
367 3382 471 3449 τὴν
503 3380 601 3451 μὲν
636 3379 829 3444 κοινῶς
861 3374 1001 3433 εἶναι
1020 3418 1037 3445 ,
1076 3377 1222 3449 φημὶ
1249 3377 1307 3432 δὲ
1334 3378 1436 3448 τὴν
1463 3378 1654 3433 οὐσίαν
1675 3393 1691 3407 ⁶
1743 3378 1843 3451 τὴν

252 3477 314 3532 δ’
350 3475 651 3530 ὑπόστασιν
705 3472 913 3537 ίδικῶς,
947 3471 1078 3525 ὅταν
1127 3470 1266 3541 μετά
1310 3469 1420 3523 τῶν
1464 3469 1697 3524 καθόλου
1752 3471 1846 3524 καὶ

258 3568 432 3624 tam
467 3584 521 3620 τι
545 3564 677 3636 ἔχοι.
711 3564 786 3617 Οὐ
816 3561 959 3617 κατὰ
980 3568 1139 3616 τοῦτο
1160 3557 1256 3615 οὖν
1280 3577 1467 3632 φαμεν
1518 3559 1620 3633 τὴν
1651 3560 1846 3631 ἡμετέ-

259 3677 365 3732 ραν
397 3660 456 3713 ἐν
483 3656 705 3730 Χριστῷ
735 3653 928 3708 οὐσίαν
960 3650 1322 3707 ἑνυπόστατον
1345 3646 1485 3704 εἶναι
1509 3692 1524 3717 ,
1560 3646 1673 3704 οἷον
1707 3649 1843 3704 ὑπό-

260 3766 456 3806 στασιν
500 3746 622 3802 καθ’
657 3745 860 3816 ἑαυτὴν
892 3742 1398 3816 χαρακτηριστικὴν
1429 3743 1524 3795 καὶ
1550 3742 1844 3813 πρόσωπον

257 3838 432 3897 οὖσαν
456 3883 469 3906 ,
526 3840 664 3894 ἀλλά
713 3838 837 3893 καθ’
862 3838 891 3891 ὃ
926 3836 1233 3907 ὑφέστηκέν
1259 3851 1319 3888 τε
1350 3835 1444 3888 καὶ
1468 3834 1583 3887 ἐστι
1604 3849 1621 3866 ο
1674 3834 1846 3888 ἐνίοτε

262 3936 373 4006 γὰρ
389 3934 451 3987 τὸ
477 3931 848 4003 ὑφεστηκέναι
871 3929 1069 4002 δηλοϊή
1098 3929 1421 3993 ὑπόστασις,
1443 3929 1471 3981 ὃ
1494 3929 1644 3982 ὲστιν
1670 3927 1850 3992 οὐσία,

259 4027 337 4090 ὡς
378 4024 790 4087 ἀποδέδεικται,
841 4022 967 4076 ὅταν
1008 4020 1120 4074 τῶν
1158 4019 1675 4092 χαρακτηριστικῶν
1711 4020 1852 4073 ἰδιω-

266 4119 455 4188 μάτων
491 4117 584 4170 καὶ
609 4116 741 4185 περὶ
766 4114 1059 4186 πρόσωπον
1090 4112 1488 4185 θεωρουμένων
1527 4111 1846 4184 ἐστέρηται.

277 4232 376 4288 Ἕκ
411 4229 530 4287 τῶν
572 4228 869 4301 Εὐλογιου
926 4227 1272 4301 Συνηγοριῶν
1330 4228 1462 4298 περὶ
1508 4227 1616 4284 τοῦ
1662 4226 1849 4283 αὐτοῦ

879 4299 1233 4368 κεφαλαίου.

1932 1923 2171 1995 Cyrillus
2198 1924 2390 1988 docet;
2432 1920 2488 1975 in
2530 1920 2640 1976 isto
2666 1919 2816 1975 enim
2842 1919 3302 1974 anathematismo
3332 1917 3504 1972 dicit:

1934 2014 1993 2069 Si
2023 2015 2138 2085 quis
2185 2015 2240 2068 in
2291 2028 2396 2067 uno
2428 2009 2635 2068 Christo
2690 2010 2966 2082 distinguit
3009 2009 3373 2072 subsistentia;
3399 2012 3516 2078 post

1937 2106 2207 2159 unionem.
2242 2102 2452 2157 Etenim
2487 2101 2850 2156 exsistentiam
2887 2099 3086 2171 indicat
3125 2099 3195 2155 ibi
3234 2097 3522 2153 subsisten-

1936 2202 2049 2264 tia;
2081 2215 2185 2254 non
2230 2199 2371 2253 enim
2399 2198 2481 2252 hic
2506 2196 2548 2251 Τ
2546 2197 2838 2268 heophorus
2872 2196 2928 2250 in
2970 2211 3075 2249 uno
3109 2194 3316 2250 Christo
3348 2194 3522 2250 subde

1936 2292 2159 2347 stentias
2180 2298 2412 2345 vocasset
2446 2288 2676 2345 Nestorii
2704 2287 3058 2359 blasphemias
3112 2303 3319 2358 semper
3346 2287 3524 2357 impu‘

1936 2400 2128 2455 gnuns,
2153 2383 2255 2436 nisi
2280 2398 2377 2452 pro
2413 2381 2723 2435 substantiis
2752 2378 2878 2434 illas
2911 2380 3211 2450 accepisset.
3253 2376 3526 2433 Similiter

1935 2483 2233 2530 ctsanctus
2245 2472 2581 2528 Athanasius
2609 2471 2663 2526 in
2686 2487 2783 2526 sua
2811 2470 2878 2525 ad
2911 2470 3070 2526 Afros
3096 2469 3327 2540 epistola
3344 2468 3482 2524 dicit
3506 2485 3522 2522 :

1939 2564 2292 2619 Subsistentia
2340 2563 2637 2616 substantia
2685 2570 2783 2626 est,
2834 2578 2998 2632 neque
3032 2560 3201 2617 aliam
3252 2559 3528 2632 signiﬁca-

1938 2657 2132 2711 tionem
2178 2655 2351 2719 habet,
2406 2671 2468 2708 ac
2519 2656 2693 2724 ipsum
2743 2670 2865 2718 ens;
2896 2653 3046 2722 quod
3078 2651 3348 2709 Jeremias
3377 2651 3526 2708 exsi-

1940 2748 2199 2805 stentiam
2217 2756 2372 2803 vocat
2391 2746 2612 2801 dicens:
2630 2744 2745 2799 Non
2768 2745 3053 2799 audierunt
3070 2759 3246 2811 vocem
3275 2743 3530 2797 exsistet:-

1942 2842 2070 2896 tiw’
2114 2855 2287 2895 :nam
2338 2838 2697 2895 subsistentia
2742 2846 2798 2892 et
2846 2836 3151 2893 substantia
3203 2835 3527 2892 exsistentia

1943 2940 2111 2997 sunt;
2141 2940 2272 2987 sunt
2303 2929 2509 2986 etenim
2565 2938 2623 2985 et
2651 2929 2947 2984 exsistunt.
2988 2927 3043 2983 Si
3073 2928 3200 2998 quis
3232 2942 3364 2999 ergo
3400 2926 3531 2982 sub-

1944 3024 2204 3079 sistentes
2233 3020 2537 3077 secundum
2574 3021 2718 3077 hanc
2750 3020 3020 3077 rationem
3073 3030 3233 3077 vocat
3275 3022 3532 3076 substan-

1948 3114 2073 3175 tias,
2116 3112 2170 3167 id
2201 3120 2286 3166 est
2310 3111 2663 3177 exsistentes,
2689 3126 2793 3165 nos
2815 3109 3039 3166 minime
3057 3110 3530 3166 contradicemus.

1950 3202 2325 3259 Subsistentia
2346 3202 2497 3258 enim
2523 3201 2579 3256 in
2604 3201 2681 3271 τῷ
2709 3216 2816 3255 esse
2840 3200 3002 3266 nihil,
3033 3216 3063 3255 a
3090 3200 3399 3256 substantia
3423 3197 3535 3254 dif-

1948 3294 2079 3361 fert,
2122 3294 2219 3350 sed
2250 3295 2304 3349 in
2334 3292 2415 3359 τῷ
2438 3294 2792 3349 communem
2838 3309 2968 3358 esse,
2998 3292 3067 3348 de
3096 3292 3408 3348 substantia
3451 3291 3537 3346 lo-

1949 3401 2124 3457 quor;
2161 3386 2520 3442 subsistentia
2576 3394 2761 3441 autem
2799 3384 3148 3455 particularis
3177 3391 3262 3439 est
3296 3398 3421 3440 eum
3450 3397 3541 3453 ge-

1950 3478 2216 3534 neraliter
2251 3486 2469 3547 sumpta
2515 3477 2853 3546 particulare
2898 3476 3108 3546 aliquid
3154 3476 3375 3531 habeat.
3416 3473 3539 3530 Non

1950 3583 2082 3639 ergo
2120 3568 2245 3623 ideo
2278 3568 2516 3623 dicimus
2544 3578 2791 3624 nostram
2824 3567 2879 3621 in
2905 3567 3128 3623 Christo
3166 3568 3539 3623 substantiam

1951 3660 2346 3716 subsistentem
2378 3674 2521 3727 esse,
2576 3668 2639 3714 ut
2687 3659 3109 3715 subsistentiam
3165 3676 3288 3729 qua:
3332 3676 3432 3729 per
3478 3676 3541 3717 se

1956 3750 2407 3806 eharacteristica
2434 3759 2489 3805 et
2537 3750 2845 3819 personalis
2896 3751 2987 3814 sit,
3030 3751 3127 3806 sed
3176 3752 3231 3805 in
3269 3760 3541 3821 quantum

1954 3842 2169 3898 exsistit
2200 3850 2259 3897 et
2294 3852 2399 3898 est.
2461 3840 2768 3911 Aliquoties
2814 3841 2962 3895 enim
3015 3841 3281 3896 exsistere
3329 3840 3542 3896 indicat

1954 3932 2336 3996 subsistentia,
2390 3931 2443 3986 id
2472 3938 2558 3987 est
2604 3931 2939 3996 substantia,
2990 3939 3047 3986 ut
3095 3930 3538 3986 demonstratum

1954 4034 2060 4090 est,
2078 4025 2300 4095 quando
2321 4023 2789 4079 characteristicis
2805 4023 3240 4093 proprietatibus
3259 4031 3314 4078 et
3341 4022 3396 4077 in
3422 4039 3541 4097 pcr-

1955 4129 2091 4169 sona
2116 4112 2485 4168 consideratis
2512 4111 2779 4181 privatur.

2028 4228 2113 4287 Ea:
2143 4226 2358 4301 Eulogii
2379 4226 2805 4283 Defensionibus
2830 4223 2908 4280 De
2925 4225 3104 4281 eodem
3130 4236 3463 4297 argumento.

1497 4400 1637 4470 Aug.
1680 4396 1809 4465 Mat,
1850 4399 1887 4453 1.
1924 4417 1974 4454 c.
2012 4413 2065 4469 p.
2106 4396 2196 4463 59,
2224 4395 2312 4452 60.

350 4519 406 4574 Ὀ
442 4516 641 4582 κοινῶς
671 4518 766 4572 καὶ
795 4520 852 4571 ἐν
907 4513 1126 4580 πολλοῖς
1178 4516 1487 4588 θεωρεῖται,
1518 4518 1583 4571 οὐ
1611 4517 1721 4571 τινὶ
1756 4518 1837 4589 μὲι

2030 4517 2205 4573 Omne
2238 4515 2389 4587 quod
2435 4513 2739 4573 universim
2795 4513 2941 4568 etin
2976 4512 3232 4583 pluribus
3286 4510 3544 4566 conside-

268 4612 452 4677 πλέον,
485 4610 594 4664 τινὶ
620 4609 678 4665 δὲ
704 4608 955 4677 ἔλαττον,
1020 4609 1288 4679 ὑπάρχον,
1316 4611 1474 4664 οὐσία
1506 4609 1854 4681 ὀνομάζεται.

279 4704 431 4757 Ἐπεὶ
455 4701 549 4756 οὖν
576 4701 653 4772 τῷ
677 4700 1019 4756 καθὲκαστον
1052 4701 1327 4773 ἀνθρώπῳ
1353 4704 1411 4768 ἐξ
1441 4703 1568 4756 ἴσου
1593 4702 1855 4774 πρόσεστι

268 4794 327 4846 τὸ
354 4792 498 4848 εἶναι
550 4792 731 4863 σάρκα
779 4791 1184 4862 ὲμψυχωμένην
1227 4792 1372 4863 ψυχῇ
1404 4792 1621 4863 λογικῇ,
1649 4793 1678 4845 ὃ
1705 4794 1855 4846 ὲστιν

269 4881 652 4954 ἀνθρωπότης,
686 4882 828 4934 κατά
852 4881 1010 4934 τοῦτο
1038 4882 1136 4952 τὴν
1183 4882 1606 4954 ἀνθρωπότητα,
1638 4884 1733 4937 καὶ
1760 4882 1855 4936 δύο

269 4975 464 5030 οὐσιῶν
497 4973 855 5044 ὑπάρχουσαν
885 4972 1198 5045 γνώρισμα,
1248 4976 1379 5046 μίαν
1406 4977 1592 5047 φαμὲν
1640 4975 1856 5045 οὐσίαν,

271 5067 345 5131 ὡς
371 5066 572 5129 κοινῶς
603 5067 661 5118 ὲν
705 5066 872 5118 πᾶσιν
896 5064 1225 5134 ἀνθρώποις,
1256 5070 1350 5121 καὶ
1378 5067 1439 5133 ἐξ
1472 5067 1589 5122 ῐσου
1616 5068 1856 5141 Θεωρου-

274 5156 465 5228 μένην.
504 5155 627 5208 Ἐπὶ
648 5153 709 5208 δὲ
742 5153 839 5224 τῆς
872 5155 1227 5222 ὑποστάσεως
1254 5158 1352 5213 τοῦ
1389 5159 1763 5233 Ἐμμανουὴλ,
1795 5160 1857 5215 ob

272 5265 451 5320 φαμεν
485 5246 711 5317 ποιῆσαι
741 5246 870 5316 μίαν
896 5246 1080 5301 οὐσίαν
1102 5248 1202 5319 τὴν
1226 5248 1421 5304 ἕνωσιν
1478 5251 1579 5321 τῆς
1606 5251 1863 5325 θεότητυς

1962 4619 2139 4673 ratur,
2173 4619 2237 4663 ut
2277 4624 2381 4663 nec
2426 4607 2522 4663 alii
2570 4606 2828 4677 amplius,
2854 4605 2952 4661 alii
2999 4605 3183 4660 minus
3230 4604 3544 4666 conveniat,

1960 4702 2120 4755 οὐσία.
2169 4699 2410 4756 essentia
2472 4699 2814 4754 nominatur.
2841 4693 3302 4764 Quandoquidem
3335 4692 3549 4748 homini

1960 4793 2193 4848 cuilibet
2218 4807 2474 4862 peraeque
2499 4789 2779 4851 convenit,
2806 4794 2868 4841 ut
2886 4786 2960 4841 sit
2992 4800 3123 4841 caro
3157 4784 3397 4839 anllnata
3424 4783 3543 4838 ani-

1963 4902 2067 4940 ma:
2099 4884 2354 4940 rationali
2390 4886 2538 4954 (nam
2573 4882 2630 4936 in
2655 4882 2762 4935 hoc
2786 4877 3044 4934 consistit
3083 4876 3421 4945 humanitas)
3452 4891 3546 4929 se-

1958 4978 2200 5033 cundum
2225 4976 2373 5030 hunc
2394 4988 2615 5030 sensum
2643 4970 3176 5039 humanitatem,qua
3201 4976 3412 5022 natura:
3428 4966 3552 5023 dum
3588 5036 3604 5053 .

1952 5074 2436 5141 repraesentantur,
2483 5079 2647 5119 unam
2694 5061 2993 5118 essentiam
3040 5061 3298 5122 dicimus,
3345 5060 3554 5130 quippe

1956 5176 2080 5232 qua:
2129 5157 2409 5215 communi
2464 5166 2522 5212 et
2575 5155 2772 5227 aequali
2823 5154 3038 5209 ratione
3072 5155 3128 5209 in
3155 5153 3415 5208 omnibus
3450 5153 3553 5205 ho-

1958 5250 2206 5306 minibus
2226 5247 2634 5304 consideratur.
2670 5247 2739 5300 At
2768 5245 2825 5300 in
2860 5245 3145 5317 hypostasi
3171 5245 3554 5300 Emmanuelis

272 5341 362 5394 καὶ
394 5339 498 5409 τῆς
528 5336 980 5409 ἀνθρωπότητος’
1036 5341 1159 5395 ἐπεὶ
1188 5340 1404 5410 ἀνάγκη
1437 5345 1533 5396 καὶ
1556 5344 1615 5398 ὲν
1641 5343 1837 5403 πολλοτ

1964 5342 2224 5399 unionem
2290 5338 2600 5394 divinitatis
2651 5353 2777 5393 cum
2851 5337 3197 5392 humanitate
3251 5335 3555 5392 essentiam

275 5429 623 5504 θεωρεῖσθαι,
656 5428 732 5492 ὠς
780 5428 1185 5485 ἀποδέδεικται.
1231 5433 1295 5486 Ei
1334 5432 1430 5487 οὖν
1484 5435 1859 5506 μίαν.οὐσῐαν

275 5524 406 5592 φασὶ
438 5516 692 5589 γενέσθαι
716 5518 785 5572 τά
821 5518 935 5584 δύο,
964 5521 1185 5586 πάντως
1211 5540 1314 5577 που
1341 5526 1442 5597 τῆς
1483 5526 1743 5598 τοιαύτης
1772 5526 1864 5580 0'3-

281 5617 397 5681 σίας
432 5613 790 5686 μετειλήφασι
814 5618 908 5667 καὶ
938 5614 1138 5684 ἕτεροι,
1167 5618 1259 5670 καὶ
1292 5619 1349 5684 ἐξ
1380 5620 1495 5672 τσου
1530 5619 1608 5691 τῷ
1657 5623 1868 5690 Ἐμμα-

346 5732 366 5764 ³
398 5729 601 5787 .lerem.
636 5744 699 5791 x,
728 5726 815 5784 l0.

682 5820 953 5881 PATROL.
1000 5821 1121 5885 Gn.
1166 5824 1514 5891 LXXXl'l.

1966 5450 2132 5490 unam
2163 5446 2427 5503 negamus
2460 5430 2854 5497 constituisse;
2881 5428 3090 5498 alioqui
3120 5428 3416 5483 essentiam
3448 5427 3556 5482 hn-

1956 5528 2201 5601 jusmodi
2251 5527 2307 5582 in
2357 5525 2546 5581 multis
2571 5524 2810 5596 perspici
2843 5523 3221 5579 necessarium
3250 5521 3411 5577 foret.
3449 5522 3560 5577 Na-

1968 5634 2090 5678 tura
2136 5623 2309 5689 enim,
2361 5622 2469 5678 hoc
2516 5630 2601 5677 est
2641 5619 2904 5685 essentia,
2943 5618 2999 5673 in
3048 5617 3241 5673 multis
3296 5632 3558 5688 permqus

3116 5826 3190 5890 93
