3898 6388
441 342 579 401 2ῧῖ

1477 332 1536 395 S.
1572 335 1851 398 EULOGI
1859 339 1883 398 Ι
1919 340 2274 403 ARCHI‘EP.
2314 343 2692 404 ALEXAND.

3543 352 3676 414 9956

439 463 747 524 spectatur,
782 461 841 507 ut
866 461 1144 507 ostensum
1168 459 1271 504 est.
1302 450 1359 505 Si
1385 451 1552 521 igitur
1572 459 1822 506 naturam
1850 467 2008 507 unam

2116 455 2301 525 νουὴλ,
2327 455 2462 524 ὅπερ
2483 455 2582 507 οὐκ
2608 455 2744 508 ἐστι.
2766 455 2915 526 Μηδὲ
2936 455 3188 509 τοσοῦτον
3207 463 3680 533 παραφρονήσειςιν

438 546 709 600 ambabus
758 543 1016 599 constitui
1071 541 1361 607 a-IIirment,
1391 542 1644 597 essentiae
1675 543 1920 614 ejusdem
1949 559 2013 600 ac

441 637 762 697 Emmanuel
804 636 898 689 alii
947 644 1230 689 consortes
1279 643 1465 700 erunt,
1492 635 1639 704 quod
1676 651 1866 690 verum
1900 651 2012 690 non

2121 546 2171 596 οἱ
2203 545 2297 596 νῦν
2348 543 2703 612 συκοφάνται,
2732 547 2780 597 εί
2813 547 2906 598 καὶ
2959 545 3079 598 λίαν
3131 545 3388 620 θεομάχοι
3447 552 3541 604 καὶ
3584 553 3680 622 τῆς

2118 634 2379 704 ἀληθείας
2404 635 2591 706 ἐχθροὶ
2616 634 3012 705 καθεστήκασι.

439 741 543 786 est.
577 731 685 784 Nec
717 729 805 783 isti
845 727 1218 798 sycophantae,
1267 728 1572 797 quamlibet
1637 728 1750 784 Deo
1805 731 2012 786 bellum
2051 730 2312 796 inferant,
2343 745 2410 784 eo
2445 729 2700 784 amentiae
2726 731 2999 794 venerint,
3032 740 3094 785 ut
3123 740 3177 786 et
3205 731 3311 786 hoc
3345 741 3608 790 astruant.

826 841 894 894 Et
939 841 1253 911 quibusdam
1284 843 1570 912 interjectis
1605 861 1623 897 :

511 933 940 995 Humanitatem,
977 933 1104 1001 quia
1129 947 1194 985 ex
1233 932 1466 986 diversis
1516 934 1681 988 rebus
1709 935 2010 1004 composita

437 1037 542 1089 est,
577 1025 742 1079 unius
770 1025 1025 1078 essentia:
1082 1024 1350 1087 dicimus,
1412 1041 1520 1077 non
1573 1026 1793 1094 quidem
1826 1027 2011 1079 habita

435 1119 651 1172 ratione
694 1116 890 1169 anima:
923 1123 980 1169 et
1026 1116 1292 1184 corporis,
1329 1115 1420 1169 sed
1479 1117 1651 1186 magis
1698 1117 1818 1186 ejus
1865 1117 2012 1186 quod

437 1223 727 1264 commune
750 1215 866 1272 est;
892 1208 1094 1276 quippe
1113 1222 1236 1260 cum
1266 1207 1319 1260 in
1345 1207 1602 1261 omnibus
1623 1224 1744 1276 qua:
1763 1209 2010 1277 ejusdem

438 1299 641 1369 Speciei
686 1306 850 1362 sunt,
894 1297 1264 1351 communiter
1309 1296 1711 1350 consideretur.
1747 1297 1881 1351 Nam
1921 1313 2010 1352 es-

439 1394 632 1447 sentia:
658 1389 910 1443 deﬁnitio
939 1388 1057 1442 haec
1109 1397 1213 1451 est,
1275 1401 1439 1455 quam
1496 1386 1732 1441 Basilius
1785 1387 2012 1442 tradidit

437 1481 675 1537 dicendo
729 1478 1241 1545 :Quemadmodum
1297 1492 1590 1532 commune
1643 1492 1700 1530 se
1734 1476 1902 1531 habet
1942 1477 2009 1530 ad

435 1572 791 1644 particulare,
814 1571 892 1624 sic
926 1569 1162 1624 essentia
1205 1567 1273 1622 ad
1298 1568 1651 1638 hypostasim.
1677 1567 1850 1636 Igitur
1871 1569 2011 1622 ratio

437 1662 850 1718 communitatis
911 1659 1330 1724 humanitatem,
1399 1673 1522 1728 quae
1577 1658 1635 1712 in
1692 1658 2012 1713 hominibus

437 1755 728 1825 inspicitur
745 1796 758 1820 ,
786 1750 947 1806 unius
975 1766 1095 1806 esse
1117 1749 1373 1805 essentia
1397 1749 1636 1804 dicimus
1661 1768 1674 1803 :
1705 1751 1834 1818 quia
1857 1765 2010 1804 com-

2658 843 2763 897 Kal
2799 843 2927 912 ,uw’
2952 843 3121 912 ἔτερα
3139 859 3153 873 ο

2189 936 2302 1003 Τὴν
2352 934 2748 1005 ἀνθρωπότητα
2802 934 3052 987 σύνθετον
3109 931 3272 989 οὖσαν
3318 935 3376 1000 ἐξ
3423 936 3682 1006 ἀνομοίων

2117 1029 2458 1096 πραγμάτων
2494 1029 2624 1096 μιᾶς
2650 1027 2837 1088 οὐσίας
2871 1027 3070 1095 φαμὲν,
3103 1028 3164 1080 οὐ
3195 1028 3332 1098 πρὶς
3380 1030 3477 1097 τὴν
3505 1029 3684 1094 διαροο

2117 1121 2218 1189 ρὰν
2257 1119 2354 1187 τῆς
2393 1119 2571 1188 ψυχῆς
2625 1117 2718 1170 καὶ
2747 1117 3024 1186 σώματος,
3075 1115 3210 1171 ἀλλὰ
3240 1117 3376 1188 πρὸς
3422 1119 3481 1170 τὸ
3512 1119 3685 1171 κοινὸν

2114 1211 2429 1281 ἀφορῶντες
2449 1227 2463 1242 ο
2506 1209 2587 1262 ὅτι
2648 1208 2843 1270 κοινῶς
2865 1210 2921 1260 ἐν
2946 1209 3081 1262 πᾶσι
3123 1211 3234 1270 τοῖς
3265 1209 3355 1260 ὑπ’
3383 1209 3516 1262 αὐτὸ
3556 1210 3684 1262 ἀνα-

2114 1303 2368 1369 γομένοις
2433 1299 2742 1370 θεωρεῖται.
2807 1294 2975 1363 Οὗτος
3019 1300 3127 1368 γάρ
3184 1301 3302 1352 ἐστι
3349 1301 3446 1366 τῆς
3502 1300 3684 1363 οὐσίας

2115 1391 2262 1459 ὅρος,
2300 1389 2374 1452 ὡς
2431 1390 2714 1452 Βασίλειος
2764 1391 3051 1443 ἐπαίδευσε
3079 1389 3274 1458 λέγων,
3331 1391 3414 1443 ὅτι
3453 1392 3546 1443 “Ov
3577 1391 3687 1460 ἔχει

2115 1486 2274 1552 λόγον
2310 1487 2371 1538 τὸ
2421 1484 2598 1539 κοινὸν
2626 1485 2760 1556 πρὸς
2791 1486 2850 1538 τὸ
2897 1485 3050 1547 ἴδιον,
3080 1485 3268 1538 τοῦτον
3327 1485 3440 1554 ἔχει
3475 1485 3682 1554 ἡούσία

2117 1578 2251 1648 πρὸς
2293 1577 2390 1646 τὴν
2433 1577 2752 1629 ὑπόστασιν.
2787 1575 2944 1629 Κατὰ
2975 1574 3164 1627 τοῦτον
3194 1573 3288 1627 οὖν
3317 1573 3409 1626 τὸν
3457 1577 3554 1640 τῆς
3581 1590 3690 1626 κοι-

2114 1668 2336 1737 νότητος
2365 1667 2542 1734 λόγον,
2582 1668 2713 1734 μιᾶς
2742 1667 2932 1726 οὐσίας
2955 1665 3132 1734 φαμὲν
3155 1665 3253 1736 τὴν
3282 1667 3341 1716 ἐν
3387 1663 3690 1732 ἀνθρώποις

2115 1757 2510 1829 ἁνθρωπὸτητα
2533 1773 2550 1789 ο
2581 1759 2662 1810 ὅτι
2700 1756 2894 1819 κοινῶς
2921 1758 2977 1808 ἐν
3029 1757 3196 1809 πᾶσιν
3247 1755 3556 1825 ἀνθρώποις
3581 1757 3692 1817 τοῖς

437 1845 590 1901 muni
613 1845 829 1898 ratione
851 1842 1105 1898 omnibus
1126 1850 1182 1897 et
1203 1841 1503 1910 unicuique
1532 1841 1743 1894 homini
1768 1857 1832 1894 ex
1855 1856 2008 1911 atque

2120 1847 2240 1900 καθ’
2266 1847 2496 1899 ἕκαστον
2525 1847 2617 1898 καὶ
2649 1846 2706 1911 ἐξ
2737 1845 2850 1897 ἴσου
2898 1844 3133 1914 ὑπάρχει
3166 1844 3227 1896 τὸ
3253 1839 3397 1897 εἶναι
3429 1842 3568 1907 ζῶον
3608 1843 3691 1895 λο-

438 1936 697 1993 convenit
739 1944 800 1988 ut
844 1934 917 1988 sit
951 1932 1154 1987 animal
1201 1931 1493 1996 rationale,
1536 1931 1914 1999 intelligentia:
1957 1940 2016 1985 et

438 2027 744 2096 disciplina:
769 2041 957 2096 capax.
987 2025 1141 2079 Istaec
1165 2025 1314 2078 enim
1361 2023 1722 2077 humanitatis
1761 2023 2012 2077 deﬁnitio

437 2127 541 2173 est.
565 2117 669 2173 Ubi
698 2131 831 2170 vero
853 2128 1149 2184 pensamus
1178 2128 1241 2166 ea
1264 2127 1330 2167 ex
1354 2112 1556 2181 quibus
1581 2122 1818 2178 constat,
1847 2123 2012 2182 atque

439 2208 676 2261 animam
719 2204 1088 2268 nominamus,
1122 2210 1175 2256 et
1214 2216 1416 2270 corpus
1448 2201 1883 2264 consideramus,
1912 2215 2013 2256 ne-

439 2311 716 2368 quaquam
740 2295 1050 2350 inficiamur
1071 2303 1366 2361 utrumque
1389 2291 1619 2346 diversae
1635 2302 1842 2346 natura:
1867 2308 2010 2357 csse,

435 2400 496 2445 et
521 2405 642 2459 quae
671 2387 1033 2442 essentiarum
1060 2386 1252 2439 harum
1279 2383 1500 2454 propria
1522 2393 1671 2448 sunt,
1693 2385 1859 2437 etiam
1886 2393 2010 2453 post

441 2481 745 2535 unitionem
777 2493 1017 2532 manere.
1047 2476 1182 2531 Nam
1219 2475 1264 2529 si
1296 2489 1498 2544 corpus
1541 2483 1598 2529 et
1650 2475 1832 2528 anima
1883 2485 2011 2529 sunt

437 2571 684 2642 ejusdem
713 2580 984 2633 essentne,
1017 2565 1464 2636 quandoquidem
1498 2564 1689 2618 eadem
1741 2565 1880 2618 ratio
1928 2573 2014 2620 est

346 2687 352 2690 -
439 2677 631 2716 eorum
666 2675 787 2729 qua:
818 2656 1196 2713 coessentialia
1227 2664 1356 2709 sunt
1391 2654 1621 2724 (alioqui
1653 2670 1785 2709 vero
1811 2671 2014 2724 corpus

439 2751 768 2820 corruptelae
792 2748 1090 2804 obnoxium
1103 2746 1232 2816 est),
1253 2747 1485 2800 omnino
1502 2745 1754 2814 sequitur
1774 2747 2011 2800 animam

2121 1932 2278 2000 γικὺν
2310 1931 2523 2002 θνητὸν,
2561 1933 2652 1984 νοῦ
2711 1933 2806 1984 καὶ
2845 1933 3157 2002 ἐπιστήμης
3211 1931 3500 1986 δεκτικόν
3539 1924 3690 1993 οὗτος

2119 2024 2226 2094 γὰρ
2279 2026 2306 2076 ὑ
2344 2024 2468 2092 ὅρος
2500 2025 2599 2090 τῆς
2631 2023 3069 2093 ἁνθρωπότητος.
3119 2023 3296 2076 Ἐπὰν
3325 2022 3382 2075 δέ
3411 2023 3482 2074 τὰ
3526 2023 3583 2086 ἐξ
3620 2018 3690 2074 ὧν

2117 2115 2233 2166 ἐστι
2263 2113 2632 2183 λογισώμεθα,
2662 2115 2753 2166 καὶ
2776 2114 2952 2184 ψυχὴν
2989 2113 3374 2183 ὀνομάσωμεν,
3407 2113 3502 2167 καὶ
3535 2113 3689 2182 σῶμα

2119 2203 2505 2274 σκοπήσωμεν,
2542 2205 2602 2256 τὺ
2635 2206 2927 2274 ἐτεροφυὲς
2958 2207 3052 2259 καὶ
3081 2206 3149 2256 τὰ
3175 2205 3286 2258 ἴδια
3331 2203 3442 2256 τῶν
3498 2205 3691 2256 οὐσιῶν

2119 2295 2212 2346 καὶ
2244 2295 2382 2363 μετᾶ
2408 2293 2504 2362 τὴν
2545 2294 2740 2347 ἕνωσιν
2781 2295 2879 2348 οὐκ
2908 2294 3306 2366 ἀρνηθείημεν.
3344 2295 3407 2347 Εἰ
3441 2295 3548 2365 γὰρ
3593 2292 3689 2360 τῆς

2114 2387 2284 2457 αὐτῆς
2312 2387 2501 2448 οὐσίας
2531 2385 2591 2438 τὸ
2620 2386 2776 2456 σῶμα
2811 2389 2903 2438 καὶ
2925 2389 2958 2456 ἡ
2981 2387 3147 2455 ψυχὴ,
3171 2388 3282 2438 τῶν
3305 2386 3364 2438 δὲ
3396 2383 3689 2454 ὀμοουσίων

2113 2476 2141 2528 ὁ
2165 2477 2326 2537 αὐτὸς
2354 2477 2532 2545 λόγος,
2569 2477 2806 2548 φθαρτὸν
2838 2477 2893 2530 δὲ
2921 2477 2983 2529 τὸ
3019 2476 3200 2546 σῶμα,
3237 2475 3437 2528 οὐκοῦν
3466 2476 3572 2546 ἄρα
3601 2476 3689 2526 καὶ

2115 2569 2148 2637 ὴ
2182 2567 2327 2639 ψυχὴ
2347 2567 2739 2636 διαφθείρεται,
2772 2569 2866 2620 καὶ
2905 2567 2964 2619 τὸ
2990 2567 3167 2634 λέγειν
3221 2566 3495 2620 ἀθάνατον
3555 2561 3687 2616 εἶναι

2116 2660 2215 2731 τὴν
2252 2658 2448 2728 ψυχὴν,
2495 2658 2690 2728 ψευδὲς
2737 2656 3183 2728 ἁναδειχθήσεται
3237 2659 3330 2711 διὰ
3377 2658 3478 2722 τὰς
3543 2655 3689 2725 ὑμῶν

2117 2749 2376 2818 ἀνοήτους
2399 2749 2750 2816 κενοφωνίας.

439 2843 857 2912 corruptibilem
889 2855 1030 2905 esse,
1097 2849 1154 2895 et
1222 2848 1448 2909 propter
1483 2840 1706 2894 insanas
1743 2840 2082 2911 nugacitates
2120 2851 2331 2897 vestras
2371 2841 2491 2897 falsi
2529 2853 2792 2913 arguetur
2842 2841 2896 2895 id
2941 2841 3089 2912 quod
3124 2842 3427 2908 asseritur,
3461 2840 3688 2894 animam

439 2954 562 2994 esse
597 2938 980 2994 immortalem.

828 3051 913 3107 Ex
936 3050 1150 3122 Eulogii
1180 3049 1623 3106 Defensionibus.

2409 3045 2504 3099 Ἐκ
2549 3045 2668 3100 τῶν
2705 3047 3003 3117 Εὐλογίου
3040 3047 3413 3119 Συνηγοριῶν.

1673 3158 1808 3228 Aug.
1847 3159 1970 3222 MM,
2003 3158 2041 3210 l.
2072 3172 2120 3210 c.
2151 3172 2203 3225 p.
2237 3155 2325 3215 6|,
2358 3156 2444 3208 6:2.

513 3275 809 3334 Sciendum
836 3273 981 3328 enim
1007 3280 1092 3327 est
1139 3285 1258 3335 nos,
1285 3270 1506 3341 quando
1541 3272 1904 3341 compositum
1933 3272 2008 3324 di-

443 3369 624 3422 cimus
654 3378 817 3418 unam
849 3360 1098 3416 absolute
1127 3369 1402 3425 naturam,
1434 3360 1659 3414 minime
1684 3375 1845 3428 posse
1881 3375 2010 3429 pro-

445 3457 566 3529 prie
591 3457 644 3509 in
671 3455 775 3508 hoc
812 3448 1432 3522 simpliciumadhibere
1467 3452 1727 3504 nomina:
1775 3450 2010 3518 exempli

445 3547 641 3617 gratia,
691 3557 891 3612 corpus
921 3557 951 3596 e
987 3548 1224 3610 quatuor
1268 3539 1556 3594 elementis
1606 3548 1886 3600 constans,
1946 3553 2012 3590 ex

447 3653 586 3707 aqua
601 3635 853 3698 dicimus,
879 3643 1046 3693 terra,
1068 3646 1196 3685 aere
1223 3637 1278 3686 et
1299 3631 1454 3700 igne;
1478 3645 1672 3698 aquam
1703 3640 1758 3683 et
1787 3637 2008 3692 terram,
2035 3697 2044 3702 _

448 3742 632 3781 aerem
678 3733 735 3779 et
784 3724 964 3794 ignem
1010 3721 1229 3792 proprie
1278 3735 1392 3774 non
1435 3735 1729 3788 possumus
1778 3717 1962 3771 dicere
1995 3756 2010 3779 ,

449 3828 503 3872 et
560 3817 683 3872 ideo
733 3823 894 3868 unam
933 3811 1219 3881 corporis,
1281 3821 1534 3864 naturam
1596 3823 1892 3871 vocamus,
1947 3823 2014 3860 eo

445 3905 591 3974 quod
620 3903 767 3958 istud
790 3902 1010 3972 proprie
1030 3900 1363 3970 simplicium
1394 3900 1711 3954 nominibus
1727 3899 2013 3968 designare

446 4014 554 4052 non
607 3997 870 4051 valemus.
924 3994 1085 4056 item,
1110 4009 1141 4048 e
1182 3993 1457 4064 lapidibus
1498 4002 1554 4047 et
1592 3992 1755 4060 lignis
1789 3991 2010 4045 domum

445 4085 700 4149 dicimus,
730 4083 878 4136 illam
922 4091 1104 4136 autem
1139 4096 1241 4135 nec
1279 4081 1426 4150 ligna
1463 4095 1566 4133 nec
1590 4079 1800 4148 lapides
1827 4079 2013 4132 nullus

446 4177 633 4240 posset
694 4167 1002 4229 nominare,
1054 4165 1101 4219 si
1156 4166 1396 4234 propriis
1434 4165 1663 4219 vocibus
1697 4165 1776 4218 uti
1825 4164 2008 4218 vellet.

447 4261 578 4313 Item
603 4257 882 4312 hominem
907 4255 1089 4309 anima
1111 4263 1168 4309 et
1207 4269 1440 4323 corpore
1466 4262 1722 4307 constare
1750 4253 2008 4318 dicimus,

445 4358 556 4396 non
589 4350 772 4396 autem
807 4340 1028 4410 proprie
1053 4355 1174 4394 esse
1197 4341 1436 4393 animam
1461 4348 1518 4393 et
1547 4354 1782 4407 corpus;
1819 4349 1874 4393 et
1906 4339 2010 4394 hoc

445 4432 673 4487 evidens
703 4439 788 4485 est
826 4445 894 4484 ex
921 4444 988 4485 eo
1016 4429 1162 4498 quod
1207 4428 1500 4497 nequimus
1534 4428 1729 4482 animae
1760 4436 1854 4481 aut
1883 4445 2008 4483 cor-

2199 3265 2395 3331 ’,Ιστέον
2439 3265 2545 3335 γὰρ
2583 3265 2664 3317 ὅτι
2705 3265 2824 3318 τότε
2859 3266 2918 3319 τὸ
2958 3267 3213 3320 σύνθετον
3250 3267 3388 3338 μίαν
3415 3269 3692 3331 ἀπολύτως

2109 3356 2340 3425 λέγομεν
2394 3357 2585 3424 φύσιν,
2635 3358 2724 3410 ὅτε
2775 3359 2974 3427 μηκέτι
3023 3359 3308 3429 δυνάμεθα
3355 3363 3561 3434 κυρίως
3607 3359 3692 3415 ἐπ’

2111 3447 2275 3502 αὐτοῦ
2316 3447 2387 3500 τὰ
2427 3447 2534 3498 τῶν
2569 3447 2753 3501 ἁπλῶν
2783 3449 2965 3517 λέγειν
3003 3449 3268 3520 ὀνόματα·
3308 3448 3422 3506 οἷόν
3449 3471 3503 3506 τι
3533 3453 3690 3523 λέγω·

2113 3539 2184 3590 Τὺ
2234 3538 2299 3590 ἐκ
2348 3538 2630 3607 τεσσάρων
2677 3539 2955 3608 στοιχείων
3007 3539 3166 3609 σῶμα
3220 3543 3609 3613 συγκείμενον,
3638 3543 3693 3610 ἐξ

2113 3627 2324 3692 ὕδατος,
2347 3627 2578 3696 ἔφαμεν,
2607 3629 2700 3682 καὶ
2739 3629 2843 3697 γῆς
2882 3630 3043 3698 ἀέρος
3069 3646 3127 3682 τε
3175 3633 3275 3684 καὶ
3307 3635 3504 3704 πυρὸς,
3556 3633 3694 3704 ὕδωρ

2113 3719 2203 3771 καὶ
2235 3718 2339 3786 γῆν
2377 3719 2513 3788 ἀέρα
2549 3735 2611 3770 τε
2652 3720 2746 3770 καὶ
2782 3719 2895 3789 πῦρ
2925 3720 3027 3773 οὐκ
3073 3720 3138 3774 ἂν
3175 3721 3434 3794 εἴποιμεν
3472 3725 3693 3795 κυρίως,

2113 3808 2206 3862 καὶ
2230 3808 2317 3860 διὰ
2343 3808 2498 3860 τοῦτο
2529 3809 2658 3878 μίαν
2685 3809 2940 3879 σώματος
2965 3811 3125 3878 φύσιν
3156 3815 3599 3886 ἐπονομάζομεν,
3623 3814 3696 3878 ὡς

2115 3899 2312 3967 μηκέτι
2343 3899 2474 3951 αὐτὸ
2499 3900 2700 3969 κυρίως
2736 3903 2851 3964 τοῖς
2875 3902 3100 3971 ὀνόμασι
3131 3903 3241 3956 τῶν
3280 3907 3474 3960 ἁπλῶν
3509 3911 3695 3960 ἐπονο-

2116 3989 2307 4060 μάζειν
2341 3989 2632 4058 ίσχύοντες·
2667 3991 2763 4044 καὶ
2793 3993 2955 4046 πάλιν
2981 3996 3046 4047 ἐκ
3075 3994 3236 4048 λίθων
3275 3998 3372 4050 καὶ
3403 3997 3578 4063 ξύλων
3604 3996 3696 4068 τὴν

2112 4080 2288 4132 οἰκίαν
2320 4081 2520 4150 φαμὲν,
2565 4082 2696 4146 ξύλα
2733 4083 2791 4134 δὲ
2828 4084 2998 4152 αὐτὴν
3031 4088 3122 4138 καὶ
3154 4085 3343 4150 λίθους
3381 4089 3484 4142 οὐκ
3516 4090 3582 4143 ἄν
3615 4106 3696 4150 τις

2113 4171 2363 4236 καλέσοι,
2399 4172 2614 4241 κυρίαις
2643 4172 2822 4238 λέξεσι
2860 4174 3096 4243 χρῆσθαι
3136 4175 3468 4247 βουλόμενος
3490 4197 3502 4209 ·
3539 4179 3696 4232 πάλιν

2112 4262 2201 4314 τὸν
2229 4263 2513 4331 ἄνθρωπον
2553 4265 2616 4316 ἐκ
2662 4262 2838 4333 ψυχῆς
2888 4265 2980 4317 καὶ
3029 4264 3284 4334 σώματος
3320 4264 3467 4322 εἷναί
3497 4286 3693 4338 φαμεν,

2114 4351 2272 4421 σῶμα
2324 4351 2381 4404 δὲ
2427 4353 2522 4405 καὶ
2567 4353 2746 4422 ψυχὴν
2786 4355 2969 4407 οὐκέτι
3011 4354 3238 4424 κυρίως⁶
3292 4359 3392 4411 καὶ
3439 4359 3599 4429 δῆλον
3636 4359 3696 4410 ἐκ

2111 4440 2204 4493 τοῦ
2239 4442 2312 4511 μὴ
2341 4441 2599 4495 δύνασθαι
2627 4444 2716 4496 τὸν
2748 4447 2844 4514 τῆς
2874 4444 3054 4514 ψυχῆς
3085 4445 3115 4515 ἢ
3158 4445 3251 4499 τοῦ
3285 4449 3544 4519 σώματος
3574 4451 3695 4517 ὅρον

446 4522 595 4592 Poris
633 4518 1008 4574 άθθηίιίοηθπη
1041 4519 1097 4572 in
1131 4526 1427 4609 ιιιτιιηιίιυθ
1455 4514 1719 4609 {qh-lbere
1741 4523 1849 4609 te“
1875 4531 2004 4584 Pro“
2038 4515 2083 4570 D
2110 4530 2205 4583 ἐπὶ
2244 4530 2338 4584 τοῦ
2391 4532 2804 4603 συναμφοτέρου
2852 4514 3181 4602 ἀποδιδόναι,
3203 4537 3300 4590 καὶ
3323 4514 3517 4592 τούτου
3536 4514 3695 4609 χάριν

444 4624 630 4683 pterea
657 4627 725 4666 ex
771 4609 988 4664 duobus
1035 4607 1249 4662 naturis
1291 4621 1412 4660 esse
1467 4605 1723 4660 dicimus.
1769 4606 2007 4661 Diversa:

441 4707 587 4760 enim
614 4714 824 4759 natura:
849 4701 1236 4773 componentia
1273 4709 1331 4754 et
1369 4700 1599 4754 diversa:
1623 4701 1855 4755 invicem
1879 4701 2009 4756 sub-

441 4796 676 4857 stantiaa,
737 4809 902 4848 unam
947 4793 1003 4846 in
1037 4792 1346 4860 composito
1377 4799 1630 4846 naturam
1661 4801 2001 4861 reputamus.

439 4888 559 4942 Non
581 4887 729 4940 enim
776 4898 979 4954 corpus
1004 4891 1060 4936 et
1081 4883 1320 4936 animam
1347 4883 1568 4952 pr0prie
1590 4884 1877 4954 loquentes
1905 4899 2005 4938 vo-

439 4992 628 5031 camus
665 4977 965 5038 hominem,
1025 4975 1127 5028 etsi
1157 4982 1435 5027 assuctum
1467 4975 1538 5028 sit
1569 4975 1868 5045 Scriptum
1898 4993 2000 5031 5:9-

436 5065 562 5136 pius
579 5064 834 5119 libertate
854 5062 1030 5116 tttvnti
1055 5062 1284 5129 spiritus
1311 5072 1464 5130 parte
1488 5073 1660 5118 totum
1684 5065 1998 5136 designare,

439 5165 695 5225 tanquam
741 5171 849 5208 non
889 5153 1173 5206 submissae
1212 5153 1342 5223 jugo
1381 5156 1663 5210 servitutis
1702 5157 2002 5213 dialectica:

435 5227 714 5302 vanitatis:
742 5246 802 5300 lu
857 5245 1080 5298 Christo
1113 5254 1296 5298 autem
1334 5246 1630 5303 iuell‘abilis
1671 5258 1727 5304 et
1754 5266 1864 5304 non
1897 5252 1997 5304 hu-

433 5351 594 5389 mana
636 5333 1005 5402 intelligentia
1059 5335 1185 5389 huic
1218 5336 1410 5390 animae
1435 5339 1624 5407 juncta
1651 5349 1736 5393 est
1774 5357 1877 5394 nec
1917 5342 1992 5410 ju-

397 5457 403 5462 -
431 5437 576 5480 stum
607 5426 918 5494 etemplum
955 5425 1005 5478 in
1040 5428 1296 5482 omnibus
1349 5429 1601 5485 invenire
1635 5432 1848 5485 ratione
1875 5448 2000 5501 pos-

430 5528 640 5574 sumus,
679 5528 803 5566 cmn
850 5513 1001 5566 illum
1047 5531 1154 5569 non
1187 5518 1364 5571 solum
1407 5534 1471 5571 ex
1505 5519 1794 5575 divinitate
1815 5533 1872 5576 et
1903 5523 2000 5576 hu-

431 5602 690 5656 manitate
717 5615 968 5660 constate
1009 5607 1262 5668 dicimus,
1323 5608 1415 5661 sed
1444 5609 1499 5661 in
1543 5611 1637 5663 illo
1674 5611 1752 5664 uti
1783 5613 1996 5682 simpli-

430 5692 573 5749 cium
609 5693 943 5750 nominibus.
991 5697 1160 5754 Deum
1191 5698 1336 5755 enim
1361 5699 1596 5753 dicimus
1626 5700 1908 5758 Christum
1938 5717 1994 5760 et

2109 4622 2172 4675 ἐκ
2203 4621 2296 4675 δύο
2346 4622 2562 4691 φύσεων
2606 4623 2854 4692 λέγοντες
2903 4626 3193 4696 (ἑτεροφυῆ
3239 4628 3356 4699 γὰρ
3387 4631 3459 4686 τὰ
3505 4629 3692 4682 συνελ-

2109 4711 2270 4765 θόντα
2321 4713 2416 4766 καὶ
2471 4713 2718 4783 ἀλλήλοις
2769 4715 2867 4785 οὐχ
2923 4705 3228 4788 ὁμῖοούσιο),
3277 4717 3412 4786 μίαν
3461 4719 3555 4772 ἐπὶ
3603 4717 3694 4770 τοῦ

2109 4802 2363 4855 συνθέτου
2402 4803 2562 4871 φύσιν
2590 4802 2912 4874 δοξάζομεν
2945 4806 3064 4858 οὐδὲ
3110 4809 3218 4877 γὰρ
3249 4807 3416 4876 σῶμα
3449 4807 3484 4878 ἢ
3519 4809 3694 4877 ψυχὴν

2109 4896 2583 4965 κυριολεκτοῦντες
2623 4900 2897 4953 ἀποκαλοῦ
2908 4919 3005 4970 μεν
3044 4903 3135 4955 τὸν
3165 4903 3492 4973 ἄνθρωπον,
3521 4907 3572 4959 εί
3605 4907 3695 4958 καὶ

2109 4987 2334 5054 σύνηθες
2360 4991 2425 5058 τῇ
2457 4990 2644 5060 Γραφῇ
2677 4992 2933 5054 πολλάκις
2973 4995 3034 5063 τῇ
3061 4993 3346 5066 ἐλευθερίᾳ
3373 4997 3692 5068 κεχρημένη

2107 5077 2206 5129 τοῦ
2243 5079 2555 5149 Πνεύματος
2576 5083 2638 5132 ἐκ
2657 5081 2749 5134 τοῦ
2775 5083 2971 5152 μέρους
2989 5084 3047 5136 τὸ
3066 5085 3184 5137 ὅλον
3208 5087 3596 5156 ἐπονομάζειν,
3617 5087 3691 5149 ὡς

2109 5167 2256 5234 ζυγῷ
2281 5167 2524 5232 δουλείας
2542 5171 2641 5221 οὐκ
2664 5172 2954 5244 ἐνεχομένῃ
2973 5174 3071 5237 τῆς
3086 5175 3437 5245 διαλεκτικῆς
3464 5179 3690 5247 ματαιό-

2104 5275 2282 5327 τητος⁶
2303 5261 2393 5312 ἐπὶ
2422 5260 2476 5314 δὲ
2497 5263 2590 5313 τοῦ
2607 5263 2838 5332 Χριστοῦ
2856 5265 3129 5335 ἄφραστος
3154 5266 3249 5336 μὲν
3282 5270 3379 5320 καὶ
3423 5268 3691 5339 ἀλάλητός

2107 5354 2221 5403 ἐστι
2252 5354 2284 5421 ἡ
2313 5355 2504 5416 ’ἐνωσις
2532 5357 2630 5408 οὐκ
2653 5355 2988 5426 ἀνθρώπινος
3019 5360 3140 5422 νοῦς
3173 5360 3382 5430 ταύτης
3428 5364 3688 5432 ἐφίκοιτο,

2100 5443 2220 5493 οὐδὲ
2269 5445 2614 5514 παράδειγμα
2648 5447 2824 5517 εὑρεῖν
2853 5449 2963 5502 ἴσον
2998 5452 3138 5504 κατά
3176 5468 3237 5519 γε
3266 5453 3473 5519 πάντα,
3501 5443 3648 5521 λέγω
3673 5493 3687 5517 ,

2103 5533 2607 5607 δυνήσεται,ἐπειδὴ
2634 5539 2688 5590 δὲ
2711 5539 2871 5592 αὐτὸν
2897 5540 2956 5593 οὐ
2987 5542 3144 5611 μόνον
3171 5545 3233 5595 ἐκ
3269 5542 3530 5614 θεότητος
3552 5543 3686 5598 εἶναι

2107 5626 2198 5675 καὶ
2251 5625 2347 5677 ἀνθ
2356 5628 2665 5697 ρωπότητός
2689 5647 2885 5698 φαμεν,
2915 5631 3048 5685 ἀλλὰ
3073 5636 3167 5686 καὶ
3189 5635 3301 5695 τοῖς
3319 5636 3580 5704 ὀνόμασιν
3600 5634 3685 5687 ἐπ’

2097 5713 2260 5765 αὐτοῦ
2320 5716 2634 5786 κεχρήμεθα
2664 5718 2770 5770 τῶν
2802 5719 3154 5776 ἁπλῶνοθεὸν
3190 5722 3298 5795 γὰρ
3333 5723 3569 5796 λέγομεν
3598 5727 3685 5778 τὸν
