3898 6388
175 354 290 421 295'!

1327 351 1797 413 FRAGMENTA
1830 354 2289 421 DOGMATICA.

3284 373 3424 437 2358

173 464 385 538 Χριστὸν
418 463 517 518 καὶ
556 461 844 533 ἄνθρωπον
873 459 966 513 τὸν
1004 458 1192 525 αὐτὸν,
1227 460 1366 527 ὅπερ
1397 462 1484 514 ἐπ’
1515 462 1730 515 ἐκείνων

1843 466 2101 523 eumdem
2121 469 2406 526 hominem
2438 474 2587 542 quod
2619 474 2674 530 in
2702 475 2827 533 istis
2853 481 3081 552 proprie
3103 480 3292 539 dicere
3317 501 3426 541 non

170 560 325 628 λέγειν
369 554 577 627 κυρίως
623 555 726 608 οὐκ
773 551 988 624 ἔχομεν·
1040 551 1248 623 κυρίως
1292 552 1400 625 γὰρ
1449 552 1546 606 καὶ
1598 553 1740 606 κατὰ

167 651 403 723 ἀλήθειαν
459 648 595 711 Θεὶς
647 649 677 701 ό
726 647 1003 718 Χριστός·
1053 645 1135 701 διὸ
1190 645 1398 716 κυρίως
1453 645 1548 698 καὶ
1598 646 1741 700 κατὰ

167 744 399 816 ἀλήθειαν
435 742 704 797 Θεοτόκον
744 741 844 812 τῆν
887 741 1053 810 ἁγίαν
1092 737 1369 811 Παρθένον
1404 737 1610 809 φαμένο
1645 739 1740 793 καὶ

166 841 349 912 κυρίως
401 837 530 892 κατ’
578 836 840 908 ἀλήθειαν
889 836 1180 907 ἄνθρωπος
1219 837 1247 888 ὁ
1289 834 1473 897 αὐτὸς,
1521 833 1738 903 ἀληθῶς

164 930 454 994 ἀποθανὼν,
514 929 735 1001 ἀληθῶς
785 929 1058 990 ἀναστάς·
1112 927 1304 981 τούτου
1358 927 1521 996 χάριν
1575 926 1739 979 αὐτὸν

166 1024 280 1094 μίαν
306 1022 472 1092 φύσιν
505 1022 695 1086 ἁπλῶς
730 1024 902 1077 εἰπεῖν
929 1021 1215 1077 ἁδύνατον’
1253 1020 1342 1074 διὰ
1371 1018 1533 1074 τοῦτο
1559 1019 1738 1073 τοίνυν

162 1116 304 1185 ἡμεῖς
329 1115 422 1167 καὶ
445 1114 512 1167 ὲκ
535 1112 632 1167 δύο
658 1112 893 1183 λέγομεν
913 1112 1153 1182 φύσεων,
1178 1111 1370 1181 ἰπειδὴ
1396 1112 1461 1164 ὲκ
1482 1110 1739 1181 θεότητος

160 1205 304 1257 αὑτὸν
352 1204 520 1274 ἴσμεν
574 1202 671 1256 καὶ⁵
722 1200 1143 1273 ἀνθρωπότητος
1197 1201 1589 1271 συγκείμενον,
1644 1202 1739 1254 καὶ

160 1296 405 1367 ἑτεφφυῆ
442 1295 515 1349 τὰ
540 1295 869 1372 συνελθόντα
895 1293 1257 1365 γνωρίζομεν·
1297 1292 1391 1347 καὶ
1420 1291 1516 1345 δύο
1546 1291 1738 1362 φύσεις

160 1387 449 1458 διαιρετοὺς
511 1384 774 1439 ὲπ⁹αὑτοῦ
833 1383 1107 1454 λέγομεν,
1180 1381 1369 1452 ἐπειδὴ
1438 1381 1572 1436 Θεὸν
1643 1381 1739 1435 καὶ

160 1477 427 1549 ἄνθρωπον
449 1477 663 1549 κυρίως
682 1475 773 1530 τὸν
795 1475 960 1531 αὑτὸν
980 1471 1121 1529 εῖναι
1143 1474 1463 1545 δοξάζομεψ
1485 1471 1738 1544 καθάπερ

158 1567 182 1620 ό
228 1568 281 1619 ὲν
326 1564 511 1635 ἁγίοις
561 1568 700 1634 φησὶ
755 1563 1027 1635 Κύριλλος
1072 1564 1131 1617 ὲν
1183 1567 1249 1636 τῇ
1317 1563 1544 1635 δευτέρᾳ
1602 1562 1738 1633 πρὸς

158 1658 439 1713 Σούκενσον
495 1657 782 1730 ἐπιστολῇ,
837 1658 991 1713 Ἕνα
1039 1657 1278 1711 καὶτὸν
1325 1655 1516 1711 αὑτὸν
1557 1655 1737 1711 τοῦτο

157 1750 379 1806 κάκεῖνο
424 1748 802 1818 ὐπὰρχοντω
857 1748 953 1803 καὶ
995 1748 1271 1820 σκόπησον
1317 1746 1394 1811 ὼς
1436 1747 1539 1800 οὐκ
1559 1740 1732 1813 εἶπεν,

155 1844 212 1897 ἐκ
246 1845 461 1898 τούτου
489 1843 776 1898 κάκείνου
804 1840 1157 1912 ὑπάρχοντα
1193 1840 1310 1911 (καὶ
1341 1840 1502 1894 τοῦτο
1536 1839 1642 1910 γὰρ
1670 1834 1737 1912 ἦν

155 1934 377 2005 ἀληθὲς),
413 1933 559 1987 ἀλλὰ
616 1932 793 1989 τοῦτο
838 1931 1085 1988 κάκεῖνο
1119 1930 1500 2001 ὑπάρχονταο
1532 1930 1595 1984 τὸ
1629 1931 1738 2002 γὰρ

154 2028 294 2081 τοῦτο
323 2029 573 2093 κάκεῖ-ιο,
608 2025 704 2079 δύο
745 2025 962 2091 πάντως
989 2025 1132 2091 ἐστὶ,
1170 2025 1275 2078 κᾶν
1312 2022 1474 2086 αὐτὸς
1507 2023 1583 2095 μὴ
1615 2023 1740 2095 βου-

151 2123 375 2192 ληθείηςο
410 2121 580 2176 πάλιν
612 2119 670 2174 δὲ
698 2120 726 2172 ό
758 2118 922 2183 αὐτὸς
946 2119 1084 2190 πρὸς
1111 2115 1478 2187 οὐαλεριανδν
1506 2115 1600 2169 τὸν
1637 2113 1733 2169 τοῦ

153 2213 379 2267 Εἰκονίου
436 2211 742 2265 ἐπίσκοπον
795 2207 937 2263 οὕτω
992 2208 1227 2280 γράφει·
1280 2204 1489 2260 Οὐκοῦν
1540 2203 1737 2275 ὁμολο-

153 2302 337 2372 γῦμεν
364 2300 443 2366 ὡς
479 2300 582 2373 μὲν
615 2299 679 2353 τὸ
721 2296 831 2352 ἀπὸ
867 2296 1074 2370 σαρκδς
1106 2295 1244 2368 σάρξ
1280 2296 1421 2358 ἐστι,
1466 2294 1527 2348 τὸ
1563 2294 1621 2347 δὲ
1667 2295 1733 2348 ὲκ

152 2398 268 2451 Θεοῦ
309 2396 468 2460 Θεόςο
506 2395 625 2450 ἔστι
660 2395 720 2450 δὲ
762 2394 903 2448 κατὰ
931 2392 1132 2447 ταυτὸν
1175 2392 1464 2462 ἀμφότερα
1496 2388 1732 2462 Χριστὸς

153 2484 217 2553 εἷς
260 2488 331 2543 ὼν
360 2489 495 2555 Υίδς
535 2491 636 2544 καὶ
675 2484 757 2552 εἷς
789 2487 995 2560 Κύριος
1040 2488 1180 2557 μετὰ
1225 2487 1325 2557 τῆς
1376 2485 1513 2549 ιδίας
1561 2481 1729 2537 αὐτοῦ

154 2585 370 2652 σαρκὸς’
423 2583 489 2638 τὸ
545 2580 605 2636 δὲ
660 2580 754 2634 τὸν
808 2578 1046 2650 Χριστὸν
1103 2575 1244 2632 εἶναι
1294 2575 1628 2648 ἀμφότερα,
1676 2573 1730 2626 τι

152 2672 318 2745 ἕτερόν
357 2675 533 2739 ἐστιν,
583 2672 617 2744 ἢ
651 2671 745 2727 δύο
787 2668 927 2726 εἶναι
972 2668 1164 2741 φύσεις
1209 2669 1302 2723 τὸν
1340 2666 1623 2740 Χριστὸν;
1667 2665 1730 2719 οὐ

152 2762 245 2835 γὰρ
280 2759 434 2818 εἶπεν
467 2764 711 2819 ἐνταῦθα
737 2763 797 2829 ἐξ
823 2763 1151 2836 ἀμφοτέρων
1179 2758 1321 2817 εἶναι
1350 2762 1441 2814 τὸν
1470 2759 1728 2831 Χριστὸν,

153 2856 252 2909 ἀλλ’
273 2858 353 2911 ὃτι
380 2857 679 2930 ἀμφότερά
705 2859 853 2913 ἐστιν
878 2859 907 2913 ὁ
931 2856 1167 2930 Χριστὸς
1198 2850 1278 2920 εἷς
1311 2854 1406 2909 ὢν.

162 2969 251 3023 Ἐκ
288 2969 409 3026 τῶν
430 2972 733 3042 Εὑλογίου
772 2969 1118 3042 Συνηγοριῶν
1157 2968 1308 3042 πρός
1339 2967 1482 3042 τοὺς
1514 2965 1729 3042 λόγον·

211 3057 330 3107 τας,
357 3042 449 3096 ὅτι
486 3061 503 3092 ι
532 3037 743 3096 Εϊδύο
785 3037 936 3108 φατὲ
977 3037 1217 3106 οὐσίας,
1244 3038 1279 3093 ὅ
1330 3038 1465 3093 ἐστι
1510 3037 1731 3108 φύσεί-ις

211 3105 541 3181 areae-ac,
593 3105 975 3181 mir-taenia
1012 3105 1224 3180 γέγονε
1256 3110 1475 3179 φύσις·
1510 3105 1585 3161 τὰ
1616 3105 1729 3175 γὰρ

210 3179 524 3252 inﬁma,
557 3183 797 3248 πάντως
829 3179 901 3235 ἐν
936 3197 991 3235 τι
1021 3179 1269 3245 γίνεται.
1313 3198 1332 3231 ι

1844 575 2171 629 possumus;
2229 566 2454 634 proprie
2501 566 2651 622 enim
2680 576 2738 623 et
2775 572 3086 628 secundum
3134 575 3429 631 veritatem

1841 653 2097 710 Christus
2140 666 2227 712 est
2251 657 2433 725 Deus;
2462 660 2589 716 ideo
2617 664 2843 734 proprie
2865 674 2922 720 et
2944 666 3255 724 secundum
3283 673 3432 727 veri-

1844 758 2012 804 tatem
2055 750 2151 805 Dei
2201 751 2430 808 Matrem
2473 755 2757 827 Virginem
2803 767 3049 815 sanctam
3077 761 3346 831 dicimus;
3376 773 3431 819 et

1842 842 2068 911 proprie
2096 843 2404 900 secundum
2440 847 2730 904 veritatem
2784 850 2952 907 homo
2975 860 3062 908 est
3098 853 3269 920 idem,
3296 871 3429 911 vere

1842 943 2118 1001 mortuus,
2163 950 2295 992 vere
2326 952 2644 1009 resurgens.
2664 940 3037 1008 Quamobrem
3071 944 3229 1000 illum
3264 962 3428 1001 unam

1842 1022 2174 1093 simpliciter
2198 1034 2455 1083 naturam
2478 1029 2670 1086 dicere
2696 1032 3043 1102 impossibile
3073 1043 3179 1102 est,
3207 1046 3429 1107 propte-

1844 1130 1937 1170 rea
1963 1116 2134 1186 igitur
2154 1133 2256 1175 nos
2289 1128 2348 1176 et
2376 1137 2445 1177 ex
2477 1122 2694 1180 duabus
2720 1126 2941 1182 naturis
2971 1136 3230 1184 constare
3283 1128 3428 1184 dici-

1842 1222 1986 1274 mus,
2028 1226 2155 1266 cum
2198 1213 2491 1270 divinitate
2544 1216 2700 1271 illum
2743 1219 2951 1274 scimus
2994 1228 3051 1276 et
3081 1221 3429 1277 humanitate

1842 1308 2121 1367 constare,
2155 1311 2213 1358 et
2258 1303 2494 1362 diversa
2527 1323 2650 1365 esse
2679 1320 2892 1366 natura
2921 1314 3312 1383 componentia
3335 1330 3429 1370 co-

1840 1393 2182 1464 gnoscimus.
2216 1396 2377 1454 Dicas
2410 1414 2635 1470 quoque
2664 1410 2895 1458 naturas
2924 1402 3217 1461 distinctas
3251 1406 3307 1462 in
3335 1408 3429 1462 illo

1841 1486 2106 1553 dicimus,
2136 1504 2262 1544 eum
2293 1491 2467 1545 Deum
2500 1500 2563 1548 et
2605 1493 2889 1549 hominem
2918 1497 3144 1566 proprie
3170 1499 3427 1555 eumdem

1840 1590 1963 1631 esse
1993 1586 2333 1647 reputamus.
2366 1580 2522 1636 Sicut
2553 1593 2781 1639 sanctus
2807 1584 3047 1657 Cyrillus
3084 1587 3221 1643 dicit
3254 1590 3310 1643 in
3342 1605 3430 1645 se-

1840 1669 2022 1725 cunda
2074 1670 2142 1725 ad
2187 1671 2528 1730 Succensum
2564 1677 2824 1746 epistola,
2869 1678 3044 1734 Unum
3097 1688 3145 1734 et
3187 1668 3428 1736 eamdem

1838 1764 1934 1818 hoc
1957 1774 2006 1818 et
2032 1764 2168 1819 illud
2196 1782 2337 1834 esse;
2370 1777 2427 1822 et
2470 1770 2775 1827 notandum
2822 1772 2966 1827 hanc
3009 1789 3119 1829 non
3148 1774 3334 1831 dicere
3363 1793 3429 1831 ea.

1841 1856 1937 1911 hoc
1966 1866 2015 1911 et
2047 1859 2139 1913 illo
2174 1876 2301 1926 esse,
2334 1861 2485 1917 istud
2512 1863 2660 1918 enim
2694 1863 2833 1920 foret
2871 1882 3092 1932 verum,
3124 1869 3219 1924 sed
3251 1869 3348 1923 hoc
3375 1876 3426 1923 ct
3488 1868 3511 1893 κ

1839 1948 1977 2003 illud
2034 1968 2163 2006 esse.
2201 1953 2319 2011 Hoc
2368 1970 2567 2028 nempe
2601 1965 2659 2013 et
2704 1957 2980 2015 illudduo
3006 1961 3236 2016 omnino
3270 1971 3423 2027 sunt,

1839 2041 1946 2097 etsi
1993 2044 2268 2100 nolueris.
2313 2046 2521 2103 lterum
2569 2048 2717 2106 idem
2766 2051 2835 2108 ad
2871 2053 3224 2109 Valerianum
3252 2053 3425 2108 Iconii

1836 2134 2165 2205 episcopum
2216 2136 2299 2192 sic
2356 2139 2590 2195 scribit:
2625 2142 2771 2213 Ergo
2823 2142 3149 2214 proﬁtemur
3200 2159 3428 2200 carnem

1837 2226 2065 2296 quidem
2094 2242 2124 2282 e
2152 2244 2319 2285 carne
2344 2246 2490 2297 esse,
2518 2233 2694 2289 Deum
2756 2251 2889 2290 vero
2925 2252 2992 2293 ex
3027 2238 3178 2303 Deo;
3210 2245 3295 2292 est
3326 2252 3427 2291 au-

1844 2324 1954 2372 tem
1983 2329 2213 2389 propter
2255 2321 2401 2378 idem
2426 2322 2685 2380 Christus
2718 2334 2975 2397 utraque,
3015 2344 3143 2384 cum
3174 2327 3248 2382 sit
3281 2344 3427 2384 unus

1839 2409 2014 2465 Filius
2060 2421 2117 2467 et
2163 2429 2309 2469 unus
2350 2415 2618 2473 Dominus
2658 2432 2783 2472 cum
2826 2420 3053 2489 propria
3101 2435 3198 2475 sua
3235 2436 3424 2476 carne.

1838 2501 2120 2558 Christum
2151 2512 2337 2561 autem
2375 2522 2496 2562 esse
2538 2515 2796 2580 utraque,
2821 2511 2954 2581 quid
2991 2511 3142 2567 aliud
3177 2521 3283 2575 est,
3317 2513 3424 2568 nisi

1838 2594 1978 2650 duas
2010 2610 2131 2651 esse
2162 2604 2390 2653 naturas
2420 2599 2474 2653 in
2501 2598 2767 2656 Christo?
2797 2618 2908 2657 non
2939 2604 3089 2658 enim
3135 2604 3249 2659 illic
3282 2602 3425 2659 dixit

1835 2701 1903 2741 ex
1941 2686 2189 2758 utrisque
2217 2704 2339 2745 esse
2367 2688 2675 2759 Christum,
2724 2694 2821 2749 sed
2859 2705 3097 2767 utraque
3138 2696 3422 2753 Christum

1833 2794 1953 2837 esse
1984 2797 2110 2836 cum
2160 2798 2305 2838 unus
2332 2781 2423 2839 sit.

1839 2960 1926 3016 Ex
1973 2960 2187 3036 Eulogii
2222 2961 2671 3036 Defensionihus
2739 2966 2809 3020 ad
2865 2983 2950 3021 eos
2998 2967 3090 3036 qui
3158 2967 3342 3022 dicunt
3397 2987 3415 3023 :

1914 3049 1932 3082 ι
1977 3030 2233 3093 Unam,si
2267 3031 2401 3086 duas
2423 3034 2595 3089 dicitis
2613 3036 2958 3103 substantias,
2977 3030 3033 3090 id
3061 3046 3138 3092 est
3165 3049 3416 3098 naturas.

1910 3103 2091 3175 unitas
2124 3116 2254 3167 esse,
2292 3105 2506 3158 omnino
2541 3105 2740 3175 factam
2770 3124 2881 3162 esse
2917 3118 3214 3174 naturam;
3240 3108 3419 3164 unitas

1906 3173 2070 3238 enim,
2104 3175 2321 3228 omnino
2369 3173 2548 3228 nnum'
2576 3178 2703 3246 quid
2743 3177 2883 3246 ﬁeri.
2926 3197 2944 3230 ι

1466 3298 1608 3369 Ang.
1633 3293 1740 3349 MAI
1767 3293 1809 3348 l.
1840 3307 1888 3348 c.
1922 3306 1979 3362 p.
2013 3291 2102 3347 65.

212 3422 273 3481 Ei
295 3424 390 3497 μὲν
414 3424 479 3479 τὸ
516 3422 589 3479 ἓν
622 3440 674 3477 τι
714 3421 968 3492 γενέσθαι
998 3420 1142 3478 κατὰ
1166 3420 1267 3491 τὴν
1300 3431 1728 3491 χαρακτηριστι-

1903 3411 1961 3467 Si
1991 3410 2215 3482 quidem
2249 3427 2413 3466 unum
2435 3410 2568 3482 quid
2597 3410 2717 3467 ﬁeri
2748 3414 3054 3471 secundum
3078 3417 3419 3474 characteri-

156 3515 242 3586 κὴν
284 3519 588 3574 ὑπόστασιν
622 3515 904 3587 βούλονται
933 3513 1389 3578 κατασκευάζειν,
1423 3509 1601 3582 ὀρθῶς
1630 3507 1727 3563 καὶ

156 3607 258 3663 λίαν
287 3609 530 3674 εὐσεϐῶς
558 3609 654 3664 καὶ
691 3606 903 3679 συνῳδὰ
938 3609 1053 3671 τοῖς
1093 3606 1152 3659 ἐν
1186 3604 1491 3676 Χαλκηδόνι
1521 3603 1728 3673 δογμα-

153 3707 389 3771 τίζουσιν*
417 3708 671 3762 κάκεῖνοι
693 3704 803 3776 γὰρ
831 3702 959 3774 μίαν
986 3702 1287 3755 ὑπόστασιν
1305 3696 1723 3768 ἀποφαίνονται,

153 3796 229 3850 δύο
263 3800 435 3864 δὲτὰς
486 3797 674 3860 οὐσίας
697 3810 714 3826 ·
740 3797 779 3868 ἡ
801 3795 912 3867 γὰρ
957 3793 1093 3864 σὰρξ
1118 3791 1305 3863 ἔμεινε
1338 3789 1499 3862 σὰρξ,
1538 3789 1588 3842 εί
1631 3787 1727 3841 καὶ

152 3890 231 3943 τοῦ
270 3891 429 3949 Θεοῦ,
460 3890 636 3960 Λόγου
685 3887 825 3962 σὰρξ
865 3886 1107 3954 ἐγένετο,
1151 3885 1181 3939 δ
1224 3885 1344 3937 ἐστι
1387 3878 1724 3952 προσείληφε

154 3980 310 4052 σάρκα
333 3984 431 4038 καὶ
461 3981 673 4055 ἥνωσεν
696 3976 878 4049 ἑαυτῷ
906 3974 1248 4047 ἀδιαιρέτως.
1280 3971 1357 4027 Οὐ
1380 3971 1492 4041 γὰρ
1512 3970 1725 4042 τροπὴν

154 4072 339 4143 ὑπέστη
357 4075 467 4145 τὴν
491 4075 571 4137 είς
596 4071 797 4143 σάρκα·
823 4069 956 4133 Θεὸς
977 4068 1088 4139 γὰρ
1107 4064 1467 4128 ἀναλλοίωτος
1488 4062 1725 4133 ὑπάρχει

152 4160 236 4230 τῆς
260 4163 493 4234 Τριάδος
516 4163 551 4232 ἡ
581 4159 763 4230 φύσιςο
796 4158 872 4221 ὡς
909 4156 1046 4228 ἔφην
1078 4152 1173 4210 οὖν
1213 4154 1511 4225 ἀσύγχυτοι
1555 4169 1727 4223 μεμε-

154 4252 358 4322 νὴκασιν
392 4256 460 4307 ὲν
500 4251 579 4321 τῷ
626 4247 974 4320 Ἐμμανουὴλ
1018 4245 1098 4317 τῷ
1136 4246 1219 4299 ἑνὶ
1250 4244 1472 4316 Χριστῷ
1501 4242 1579 4312 τῷ
1610 4240 1726 4311 Υίῷ

153 4342 232 4396 τοῦ
259 4343 391 4398 Θεοῦ
447 4342 588 4414 μετὰ
627 4341 727 4412 τὴν
767 4336 1184 4410 ὲνανθρώπησιν
1220 4336 1277 4390 αἱ
1317 4334 1411 4388 δὺο
1448 4333 1647 4388 οὐσίαν
1675 4332 1726 4385 εί

155 4430 204 4487 δὲ
228 4427 348 4505 μίαν
379 4436 576 4491 οὐσίαν
604 4434 736 4503 φασὶ
760 4430 1048 4501 γεγονέναι
1080 4430 1176 4492 τὰς
1204 4426 1297 4481 δύο
1322 4424 1532 4496 φύσεις,
1570 4423 1728 4494 λελὴ-

156 4520 290 4579 θασιν
305 4527 536 4589 ἑαυτοὺς
557 4524 900 4588 ἀπατῶντες,
922 4521 1017 4574 καὶ
1041 4520 1304 4591 σύγχυσιν
1324 4517 1358 4586 ἢ
1374 4516 1581 4588 τροπὴν
1596 4514 1728 4568 ὑπο-

156 4614 435 4688 τιθέμενοι,
470 4618 546 4682 ὡς
573 4617 672 4686 τῆς
702 4616 829 4687 μιᾶς
860 4612 1165 4685 τραπείσης
1209 4613 1289 4674 είς
1327 4610 1427 4681 τὴν
1470 4609 1663 4679 ἑτέραν
1689 4606 1723 4678 ἦ

157 4714 538 4785 συγχυθείσης
582 4711 667 4765 ὅτι
705 4710 815 4781 γὰρ
863 4708 932 4763 τὰ
976 4705 1238 4777 ἐνούμενα
1294 4704 1579 4775 ἀτρέπτως
1630 4701 1726 4754 καὶ

1829 3505 2024 3561 sticam
2042 3505 2457 3561 subsistentiam
2471 3506 2667 3560 volunt
2682 3514 2949 3573 statuere,
2972 3520 3121 3564 recte
3138 3521 3194 3566 et
3208 3509 3298 3581 pie
3317 3511 3418 3566 ad-

1830 3599 2055 3655 modum
2092 3608 2149 3656 et
2187 3601 2550 3657 conformiter
2573 3617 2699 3658 cum
2730 3602 3116 3663 Chalcedonia
3155 3607 3417 3664 Patribus

1828 3693 2221 3765 dogmatizant.
2247 3692 2311 3748 lli
2332 3693 2480 3749 enim
2499 3710 2663 3750 unam
2677 3695 3092 3753 subsistentiam
3106 3699 3415 3763 declarant.

1828 3786 1966 3841 duas
2003 3793 2192 3840 autem
2221 3785 2633 3842 subsistentias.
2668 3785 2814 3843 Caro
2842 3789 2993 3844 enim
3019 3791 3226 3847 mansit
3258 3806 3411 3855 caro,

1827 3878 1931 3935 etsi
1956 3878 2051 3933 Dei
2074 3877 2230 3934 verbi
2260 3894 2392 3935 caro
2414 3880 2563 3939 facta
2579 3884 2674 3952 sit,
2698 3884 2751 3942 id
2764 3894 2850 3942 est
2866 3900 3091 3941 carnem
3110 3885 3415 3955 sumpserit

1828 3979 1885 4026 et
1899 3970 2009 4027 sibi
2032 3972 2481 4043 inseparabiliter
2506 3976 2752 4032 univerit
2772 3993 2786 4043 ;
2803 3992 2917 4032 non
2937 3976 3085 4031 enim
3105 3976 3159 4030 in
3182 3990 3413 4032 carnem
3465 4024 3471 4031 .

1827 4078 2134 4120 conversus
2158 4071 2276 4131 est;
2320 4080 2450 4121 nam
2476 4067 2624 4123 Deus
2655 4066 3023 4124 immutabilis
3059 4074 3146 4123 est
3187 4066 3413 4122 Triadis

1827 4165 2050 4211 natura.
2093 4156 2165 4214 Ut
2208 4157 2323 4213 dixi
2366 4158 2557 4230 igitur,
2616 4159 2922 4216 inconlusa
2969 4170 3296 4216 manserunt
3352 4160 3411 4216 in

1827 4248 2157 4304 Emmanuel
2185 4264 2298 4304 uno
2330 4248 2559 4306 Christo
2589 4250 2728 4307 Filio
2756 4250 2857 4306 Dei
2883 4259 3007 4322 post
3067 4250 3414 4307 incarnatio-

1828 4355 1956 4396 nem
1981 4339 2106 4395 dua
2130 4340 2497 4409 substantia;
2526 4341 2614 4397 sin
2642 4349 2833 4398 autem
2852 4355 3018 4397 unam
3043 4341 3412 4398 substantiam

1828 4429 2024 4486 dicunt
2046 4430 2219 4486 factas
2251 4446 2374 4487 esse
2403 4431 2544 4487 duas
2571 4440 2823 4501 naturas,
2857 4432 3078 4504 seipsos
3125 4432 3417 4504 decipien-

1830 4530 1913 4577 tes
1934 4521 2152 4588 fallunt,
2193 4537 2321 4577 eum
2373 4523 2760 4579 confusionem
2823 4538 2922 4579 seu
2988 4523 3415 4580 conversionem

1827 4623 2096 4680 statuant,
2117 4622 2379 4685 tanquam
2406 4632 2535 4681 .una—
2575 4631 2843 4672 conversa
2882 4616 3055 4672 fuerit
3080 4616 3136 4671 in
3183 4617 3415 4672 alterum

1830 4717 1928 4764 aut
1959 4725 2085 4765 cum
2111 4709 2284 4765 altera
2313 4709 2567 4766 confusa.
2597 4707 2757 4775 Quod
2786 4709 2936 4763 enim
2961 4708 3131 4763 unita
3158 4708 3417 4763 substan-

154 4773 817 4876 ésuhtitw;'tpul&n¢-tat
843 4803 901 4856 ἰν
927 4803 994 4872 τῇ
1024 4773 1201 4869 οἰκείᾳ
1247 4773 1527 4866 ποσότητι,
1566 4792 1727 4847 τοῦτο

1837 4802 1922 4858 tia
1959 4802 2169 4873 absque
2195 4801 2566 4858 conversione
2596 4806 2653 4853 et
2692 4800 3025 4856 confusione
3067 4814 3412 4854 conserven-

156 4898 318 4967 σαφῶς
338 4900 471 4970 ὑμῖν
495 4896 835 4968 παραστήσω
855 4894 946 4947 διὰ
959 4891 1404 4964 παραδείγματος
1425 4889 1535 4940 τῶν
1554 4886 1724 4958 τριῶν

155 4987 485 5045 ὑποστάσεων
524 4988 849 5059 ἀδιαιρέτως
900 4988 995 5041 καὶ
1048 4983 1375 5054 ἀσυγχύτως
1423 4981 1723 5052 ἡνωμένων

153 5081 277 5135 κατὰ
304 5082 400 5155 τὴν
425 5081 638 5145 οὐσίαν,
671 5080 819 5151 φημὶ
838 5078 894 5132 δὲ
926 5078 1059 5149 πρὸς
1092 5075 1308 5147 Πατρὸς
1337 5073 1434 5128 καὶ
1466 5071 1596 5133 Υίοῦ
1629 5070 1724 5126 καὶ

155 5172 290 5238 ἁγίου
327 5176 679 5245 Πνεύματος·
723 5173 784 5226 οὐ
832 5171 942 5243 γὰρ
987 5170 1074 5224 διὰ
1124 5168 1186 5222 τὸ
1234 5166 1485 5239 ἡνῶσθαι
1527 5164 1719 5231 αὐτὰς,

159 5263 241 5330 μία
282 5268 573 5331 ὑπόστασις
610 5266 899 5336 γεγόνασιν
923 5303 937 5328 ,
981 5261 1095 5317 ἀλλ’
1123 5259 1401 5333 ἡνωμέναι
1446 5258 1546 5331 μέν
1580 5259 1722 5312 εἰσιν

159 5360 281 5411 κατὰ
313 5360 410 5429 τὴν
446 5359 657 5427 οὐσίαν,
693 5359 750 5412 ὲν
782 5356 935 5427 τρισὶ
966 5355 1023 5409 δὲ
1061 5354 1154 5407 καὶ
1183 5352 1490 5425 ἡνωμέναις
1520 5348 1720 5424 γνωρί-

158 5432 321 5510 ζονται
358 5453 752 5507 ὑποστάσεσινο
789 5448 961 5511 οὕτως
992 5446 1087 5500 καὶ
1131 5445 1224 5499 ἐπὶ
1262 5444 1361 5515 τῆς
1406 5442 1720 5512 οἰκονομίας

158 5540 238 5594 τοῦ
278 5545 506 5615 Χριστοῦ
563 5543 658 5597 δύο
706 5541 888 5596 οὐσίαι
939 5539 1217 5612 ἡνωμέναι
1260 5535 1585 5607 ἀδιαιρέτως
1627 5536 1722 5590 καὶ

159 5633 450 5708 ἀσυγχύτως
481 5636 850 5709 ὑπάρχουσιν·
881 5634 1084 5689 κείσθω
1103 5633 1161 5686 δὲ
1184 5632 1245 5685 τὸ
1268 5631 1618 5702 παράδειγμα
1646 5631 1724 5693 είς

164 5725 303 5790 μόνον
338 5732 396 5784 τδ
425 5728 781 5801 παραστῆσαι
813 5725 873 5779 τὸ
914 5723 1209 5795 πρόϐλημα
1236 5721 1298 5775 τὸ
1330 5720 1529 5792 σαθρόν
1551 5737 1565 5751 ·
1602 5720 1726 5773 ἐπεὶ

161 5816 211 5871 τὸ
249 5821 341 5893 τῆς
387 5826 441 5881 ἐν
497 5819 720 5895 Χριστῷ
779 5817 1045 5883 ὲνώσεως,
1102 5815 1339 5886 ἔμπαλιν
1402 5810 1434 5883 ἢ
1487 5814 1578 5867 ἐπὶ
1628 5812 1726 5883 τῆς

1835 4902 1925 4948 tur
1955 4893 2010 4948 in
2042 4894 2266 4965 pr0pria
2298 4892 2630 4963 quantitate,
2669 4890 2778 4946 hoc
2834 4892 2981 4946 clare
3010 4891 3167 4945 vobis
3225 4898 3417 4946 oslen-

1832 4984 1959 5039 dam
1981 5000 2081 5054 per
2109 4983 2424 5052 exemplum
2459 4982 2626 5037 trium
2677 4979 3166 5035 subsistentiarum
3204 4979 3415 5033 indivi-

1831 5076 2069 5133 sibiliter
2097 5083 2154 5131 et
2183 5073 2474 5129 inconfuse
2509 5073 2791 5127 unitarum
2812 5070 3124 5127 secundum
3153 5071 3418 5126 substan-

1833 5168 1994 5233 tiam;
2018 5166 2088 5222 de
2109 5166 2270 5221 Patre
2304 5163 2448 5228 dico,
2480 5163 2621 5218 Filio
2649 5173 2708 5218 et
2767 5160 2981 5232 Spiritu
3033 5168 3251 5218 sancto.
3292 5160 3416 5216 Non

1829 5260 1977 5317 enim
2007 5258 2114 5315 illa
2140 5257 2519 5329 perunionem
2574 5270 2683 5310 una
2730 5253 3039 5310 substantia
3102 5253 3258 5320 ﬁunt,
3315 5252 3417 5309 sed

1831 5354 2000 5411 unita
2027 5351 2253 5424 quidem
2278 5358 2411 5406 sunt
2444 5348 2754 5405 secundum
2800 5346 3193 5413 substantiam,
3226 5347 3284 5402 in
3313 5347 3416 5400 tri-

1830 5447 1936 5503 bus
1961 5454 2147 5502 autem
2163 5454 2220 5500 et
2237 5441 2410 5499 unitis
2427 5440 2810 5498 subsistentiis
2829 5456 2952 5496 esse
2975 5446 3411 5510 cognoscuntur;

1826 5540 1903 5609 ita
1932 5538 1990 5594 in
2021 5535 2615 5606 Christidispositione
2638 5533 2761 5588 dua
2796 5531 3121 5588 substantia
3160 5537 3293 5585 sunt
3330 5530 3417 5584 in-

1826 5631 2189 5688 divisibiliter
2240 5637 2299 5684 et
2362 5627 2652 5684 incoufuse
2716 5625 2909 5680 unita.
2962 5624 3281 5683 Proferatur
3309 5622 3416 5678 hoc

1828 5724 2143 5793 exemplum
2163 5721 2514 5778 solummodo
2544 5719 2609 5775 ad
2642 5718 3045 5776 ostendendam
3084 5724 3419 5773 controver-

1830 5812 1967 5869 siam
1994 5812 2214 5867 inanem
2249 5827 2411 5879 esse;
2442 5825 2567 5867 cum
2595 5811 2725 5866 unio
2755 5811 2809 5865 in
2831 5808 3057 5866 Christo
3084 5823 3195 5863 non
3219 5802 3416 5861 eadem
