3898 6388
496 348 644 414 2950

1505 354 1566 418 S.
1609 354 1920 413 EULOGI!
1963 356 2318 416 AliClllEP.
2360 354 2736 416 ALEXAND.

3605 359 3737 424 2960

502 466 574 519 sit
607 480 670 518 ac
702 465 755 519 in
781 465 1000 520 Triade.
1037 464 1137 519 llic
1186 467 1334 520 enim
1368 466 1510 520 alius
1564 476 1620 522 et
1650 468 1813 532 alius,
1848 484 1915 524 ne
1943 468 2073 523 sub-

2183 469 2410 541 Τριάδος
2438 470 2573 542 ἔχει·
2613 472 2730 525 ἐκεῖ
2763 472 2861 542 μὲν
2887 462 2997 542 γὰρ
3031 469 3188 526 ἄλλος
3218 473 3309 523 καὶ
3342 471 3515 536 ἄλλος,
3556 474 3637 527 ἵνα
3668 476 3741 547 μὴ

503 555 784 611 sisteutias
806 556 1228 621 eonfundamus,
1271 573 1385 612 non
1415 558 1561 613 aliud
1596 569 1652 613 ct
1697 560 1878 623 aliud;
1905 577 2074 616 unum

502 648 647 702 enim
699 657 755 702 et
815 650 956 701 idem
1011 648 1113 703 tria
1149 656 1278 703 sunt
1329 650 1386 704 in
1422 649 1734 705 divinitate.
1770 651 1828 704 in
1862 652 2079 706 Emma-

506 741 633 793 nuel
677 748 860 794 autem
917 741 1065 794 aliud
1122 750 1208 797 est
1260 741 1546 805 divinitas,
1579 743 1730 797 aliud
1761 744 2078 801 humanitas

504 848 573 886 ue
592 833 930 887 substantias
957 834 1385 890 coulundamus.
1429 834 1550 889 Non
1588 834 1736 891 enim
1771 836 1916 891 idem
1946 846 2078 892 sunt

502 932 771 975 aeternum
798 932 854 976 et
877 925 1201 994 temporale,
1229 925 1448 981 visibile
1480 935 1538 982 et
1586 926 1905 994 invisibile;
1963 942 2076 983 non

501 1021 684 1065 autem
706 1012 915 1068 dicitur
941 1015 1088 1070 alius
1108 1022 1166 1069 et
1193 1014 1358 1077 alius,
1390 1032 1462 1071 ne
1483 1016 1590 1072 hoc
1623 1017 1734 1072 liat.
1767 1018 1889 1073 Duo
1925 1021 2074 1074 enim

503 1102 708 1159 unione
732 1120 896 1159 unam
916 1121 1208 1175 personam
1232 1106 1480 1162 clliciunt
1508 1116 1567 1162 et
1596 1124 1761 1163 unam
1785 1109 2075 1166 characte-

502 1196 742 1252 risticam
775 1198 1217 1254 subsistentiam.

875 1309 957 1363 Ea:
1001 1309 1213 1381 Eulogii
1254 1292 1730 1366 DefensiouibusQ

572 1425 645 1479 Nc
678 1440 809 1495 ergo
840 1424 1059 1494 negotia
1091 1425 1253 1480 nobis
1284 1416 1672 1496 prmstcnt,qui
1705 1424 1847 1479 nihil
1878 1439 2076 1479 sanum

498 1518 742 1587 rogitare
774 1516 986 1580 volunt,
1013 1515 1109 1571 sed
1143 1516 1552 1571 inconsiderate
1574 1516 1847 1587 garriunt,
1874 1524 1929 1570 et
1953 1532 2076 1571 rec-

500 1618 608 1661 tam
632 1615 686 1661 et
722 1605 1264 1676 irreprehensibilem
1297 1605 1459 1660 iidem
1496 1615 1757 1661 excutere
1798 1608 2074 1663 nituntur.

498 1700 608 1753 Nos
636 1699 782 1753 enim
809 1713 979 1752 unum
1010 1696 1295 1753 Christum
1348 1698 1446 1753 Dei
1496 1698 1699 1753 Filium
1756 1697 2075 1765 adoramus,

498 1792 553 1843 in
595 1805 760 1845 carne
818 1789 995 1844 visum
1027 1788 1114 1844 his
1138 1790 1232 1860 qui
1275 1790 1330 1845 in
1380 1799 1532 1845 terra
1584 1791 1832 1862 degunt;
1872 1791 2076 1845 distin-
2107 1827 2150 1882 Β

496 1882 737 1936 ctionem
791 1891 973 1936 tamen
1030 1880 1379 1935 divinitatem
1436 1881 1584 1936 inter
1610 1890 1666 1937 et
1714 1898 1937 1936 carnem
1974 1884 2074 1936 ad-

498 1973 788 2027 mittimus.
822 1972 972 2026 Deus
997 1971 1145 2027 enim
1174 1969 1417 2026 Verbum
1447 1980 1711 2028 aeternus.
1740 1980 1826 2026 est
1854 1972 2073 2026 increa-

498 2076 609 2129 tus,
656 2062 1035 2132 impassibilis,
1084 2071 1140 2117 ct
1185 2078 1309 2132 qua:
1350 2061 1552 2117 decent
1598 2062 1843 2117 divinam
1892 2063 2076 2133 perfe-

497 2156 762 2209 ctionem.
790 2153 931 2209 Caro
952 2162 1142 2208 autem
1173 2151 1321 2208 illius
1351 2169 1521 2207 unum
1557 2153 1767 2223 aliquid
1799 2168 1925 2207 cum
1980 2152 2076 2207 illo

497 2245 739 2299 cllieicns
769 2260 868 2315 per
914 2254 1122 2299 arctam
1158 2253 1215 2299 et
1267 2244 1745 2300 subsistentialem
1788 2245 2074 2307 unionem,

497 2337 566 2390 de
596 2352 702 2406 qua
738 2336 1098 2406 propheticus
1134 2334 1372 2391 Joannes
1408 2337 1629 2401 clamat,
1684 2335 1908 2390 Verbum
1951 2352 2077 2389 caro

496 2432 695 2500 factum
718 2437 791 2483 est
821 2437 872 2482 et
896 2428 1150 2482 [invitavit
1174 2429 1227 2482 in
1262 2427 1406 2482 nobis
1427 2428 1468 2493 ³,
1500 2428 1840 2499 temporalis,
1866 2436 2073 2493 creata,

496 2519 771 2592 passibilis
831 2528 933 2576 est.
997 2519 1204 2576 Omnes
1268 2530 1449 2576 autem
1514 2521 1633 2576 illas
1696 2521 1881 2577 carnis
1944 2537 2073 2591 pro-

497 2612 762 2681 prietates
791 2610 1118 2681 prolitemur
1150 2610 1321 2665 factas
1342 2626 1465 2665 esse
1486 2626 1710 2681 quoque
1747 2612 1843 2666 Dei
1867 2611 2032 2666 Verbi
2058 2627 2071 2676 ;

499 2718 621 2754 nam
650 2702 693 2755 si
724 2701 947 2771 propria
980 2702 1099 2772 eius
1125 2716 1259 2756 caro
1289 2701 1479 2765 fuerit,
1520 2701 1751 2756 evidens
1781 2711 1864 2757 est
1889 2702 2074 2757 carnis

498 2791 864 2860 proprietates
907 2791 1029 2861 ejus
1078 2806 1301 2861 quoque
1348 2790 1563 2846 futuras
1619 2806 1762 2846 esse.
1812 2792 2074 2862 Proprias

495 2882 641 2935 enim
667 2882 772 2937 sibi
802 2883 924 2938 illas
954 2882 1106 2948 facit,
1144 2884 1249 2939 etsi
1300 2899 1410 2939 non
1458 2883 1787 2953 subjiciatur
1836 2882 1945 2940 illis
1989 2883 2076 2939 di-

495 2973 623 3028 vina
653 2974 774 3045 ejus
805 2984 1021 3030 natura.
1067 2974 1290 3031 Etenim
1346 2990 1541 3030 omnes
1590 2972 1760 3030 Verbi
1800 2976 1901 3031 Dei
1947 2989 2071 3031 esse

480 3068 620 3132 post
645 3063 1081 3121 incarnationem
1132 3066 1320 3120 carnis
1362 3066 1485 3136 ejus
1541 3065 1936 3136 proprietates,
1985 3065 2071 3120 di-

2179 566 2274 628 τάς
2305 566 2629 628 ὑποστάσεις
2674 567 3023 638 πγχέωμεν,
3056 568 3156 619 οὐκ
3191 568 3314 620 ἄλλο
3358 568 3413 621 δὲ
3460 572 3550 623 καὶ
3582 571 3705 624 ἀλλο
3725 584 3755 601 ·’

2179 655 2237 708 ἓν
2276 657 2384 729 γὰρ
2427 658 2497 710 τὰ
2538 658 2665 725 τρία
2710 662 2804 711 καὶ
2844 658 3041 713 ταυτὸν
3086 661 3153 728 τῇ
3200 659 3432 728 θεότητι·
3478 661 3537 711 ἐν
3580 662 3634 714 δὲ
3667 663 3742 733 τῷ

2193 748 2539 820 Ἑμμανουὴλ
2571 751 2699 804 ἀλλο
2734 751 2832 820 μὲν
2864 750 3076 819 θεότης,
3106 750 3235 804 ἄλλο
3276 750 3330 803 δὲ
3376 750 3743 824 ἀνθρωπότης,

2179 841 2269 894 ἵνα
2326 841 2400 911 μὴ
2455 842 2555 906 τὰς
2606 843 2795 907 obuia;
2846 843 3165 914 συγχὲωμεν
3194 843 3297 896 ⁸οὗ
3328 843 3438 914 γὰρ
3481 846 3639 899 ταυτδ
3687 848 3746 901 τὸ

2179 931 2406 1003 ἄχρονον
2425 933 2505 1005 τῷ
2537 934 2596 986 ὲν
2624 934 2831 1004 χρόνῳ,
2855 936 2949 988 καὶ
2974 935 3035 988 τὸ
3061 934 3255 1005 ὁρατὸν
3287 932 3364 1004 τῷ
3393 936 3623 1006 ἀοράτῳ·
3649 938 3745 991 οὐκ

2178 1023 2337 1088 ἄλλος
2364 1024 2420 1078 δὲ
2448 1025 2544 1078 καὶ
2568 1025 2745 1091 ἄλλος,
2785 1026 2859 1097 μὴ
2885 1026 3115 1093 γένοιτο·
3145 1027 3215 1079 τά
3244 1025 3353 1097 γάρ
3379 1027 3657 1097 ἀμφότερα
3683 1032 3744 1098 τῇ

2178 1111 2370 1166 ἑνὼσει
2404 1112 2464 1165 ἓν
2498 1114 2793 1185 πρόσωπον
2822 1114 3157 1185 ἀπετελέσθη
3177 1153 3194 1180 ,
3228 1114 3324 1168 καὶ
3359 1115 3487 1185 μίαν
3523 1116 3744 1169 uariata-

2181 1216 2266 1253 σιν
2293 1204 2820 1275 χαρακτηριστικήν.

2473 1314 2575 1367 Ἐκ
2613 1311 2732 1367 τῶν
2766 1314 3067 1385 Εὐλοτίου
3106 1314 3476 1387 Συνηγοριῶν.

2249 1428 2341 1499 Μὴ
2368 1428 2548 1481 τοίνυν
2585 1427 2888 1499 πράγματα
2917 1428 3051 1499 ἡμῖν
3082 1428 3474 1499 παρεχέτωσαν
3504 1428 3554 1482 οἱ
3593 1429 3752 1500 μηδὲν

2179 1518 2329 1585 ὑγιὲς
2363 1520 2503 1572 νοεῖν
2543 1518 2878 1590 βουλόμενοι,
2913 1518 3046 1572 ἀλλὰ
3088 1519 3264 1589 μάτην
3305 1518 3750 1587 εἰκαιολογοῦντες

2178 1608 2273 1661 καὶ
2310 1608 2407 1680 τὴν
2444 1608 2609 1681 ὀρθὴν
2650 1610 2742 1663 καὶ
2785 1609 3084 1681 ἀμώμητον
3115 1608 3348 1681 [πίστιν]
3383 1609 3751 1682 διαταράττειν

2177 1693 2611 1766 ἐπιχειροῦντες·
2654 1699 2815 1768 ἡμεῖς
2866 1696 2991 1770 γὰρ,
3026 1697 3123 1751 ἕνα
3179 1699 3415 1769 Χριστὸν
3459 1699 3584 1753 Υεὸν
3622 1697 3752 1753 Θεοῦ

2178 1786 2592 1857 προσκυνοῦμεν
2622 1790 2788 1861 σαρκὶ
2814 1789 3048 1858 ὀφθέντα
3075 1793 3187 1855 τοῖς
3220 1791 3315 1844 ἐπὶ
3347 1791 3473 1861 γῆς·
3500 1790 3756 1863 διαφορὰν

2181 1874 2364 1944 μέντοι
2412 1877 2508 1948 τῆς
2554 1877 2807 1948 θεότητος
2852 1880 2989 1950 πρὸς
3027 1882 3126 1950 τὴν
3174 1882 3355 1953 σάρκα
3393 1882 3750 1950 γινώσκομεν·

2177 1967 2272 2020 καὶ
2307 1966 2417 2038 γὰρ
2450 1970 2477 2021 ό
2510 1967 2644 2032 Θεὸς
2674 1970 2869 2038 Λόγος
2910 1970 3154 2043 ἄχρονος,
3205 1973 3480 2038 ἄκτιστος,
3526 1973 3751 2044 ἀπαθὴς,

2177 2060 2272 2112 καὶ
2327 2060 2428 2113 ὅσα
2479 2062 2678 2133 πρέπει
2730 2065 2794 2134 τῇ
2846 2062 2967 2134 θείᾳ
3017 2064 3408 2138 μεγαλωσύνῃ·
3454 2067 3489 2137 ἡ
3533 2066 3589 2119 δὲ
3627 2066 3754 2137 σὰρξ

2176 2149 2340 2202 αὑτοῦ
2381 2151 2440 2202 ἓν
2482 2168 2531 2204 τι
2575 2152 2895 2223 ὑπάρχουσα
2931 2155 3064 2224 πρὸς
3096 2156 3260 2209 αὐτὸν
3314 2156 3403 2211 διὰ
3452 2157 3553 2227 τὴν
3589 2157 3754 2227 ἄκραν

2179 2241 2276 2295 καὶ
2331 2241 2691 2297 ὲνυπόστατον
2745 2244 2970 2312 ἕνωσιν,
3023 2247 3092 2300 δι’
3139 2248 3203 2320 ἢν
3254 2248 3351 2301 καὶ
3404 2250 3433 2302 ό
3482 2247 3754 2313 θεσπέσιος

2190 2334 2439 2405 Ἰωάννης
2475 2334 2606 2405 βοᾷ·
2652 2336 2716 2389 '0
2751 2338 2935 2406 λόγος
2972 2340 3128 2407 σὰρξ
3162 2338 3405 2410 ἐγένετο
3449 2339 3543 2394 καὶ
3582 2339 3753 2405 ἐσκή-

2175 2441 2372 2479 νωσεν
2399 2427 2469 2478 ἑν
2497 2426 2661 2495 ἡμῖν,
2694 2428 2948 2500 ἐγχρονος
2984 2430 3242 2502 ὑπάρχει,
3280 2430 3497 2503 κτιστὴ,
3524 2431 3749 2499 παθητὴ·

2176 2516 2351 2568 πάντα
2395 2516 2453 2569 δὲ
2501 2517 2673 2572 ταῦτα
2720 2520 2817 2591 τῆς
2869 2521 3070 2592 σαρκὸς
3108 2522 3483 2594 ὁμολογοῦμεν
3519 2521 3754 2591 γενέσθαι

2144 2599 2265 2659 τεοῦ
2312 2607 2447 2660 Θεοῦ
2495 2607 2689 2676 Λόγου·
2737 2610 2786 2663 εἰ
2834 2610 2943 2682 γὰρ
2980 2612 3084 2665 ἰδία
3114 2613 3281 2667 αὐτοῦ
3330 2616 3364 2686 ὴ
3409 2614 3565 2685 σὰρξ,
3607 2612 3753 2685 δῆλον

2172 2698 2255 2749 ὅτι
2293 2699 2387 2751 καὶ
2436 2699 2504 2752 τά
2541 2700 2639 2769 τῆς
2685 2701 2887 2767 σαρκὸς
2932 2703 3107 2756 πάντα
3152 2702 3322 2757 αὑτοῦ
3360 2703 3532 2757 ἔσται·
3568 2706 3754 2756 οἰκειο-

2173 2792 2405 2843 ποιεῖται
2436 2791 2543 2861 γὰρ
2567 2790 2729 2858 αὐτὰ,
2758 2793 2805 2845 εἰ
2834 2793 2927 2845 καὶ
2953 2793 3027 2863 μὴ
3060 2793 3324 2848 ὑπέκειτο
3346 2795 3558 2859 τούτοις
3586 2796 3619 2867 ἡ
3644 2794 3756 2847 θεία

2170 2878 2337 2933 αὑτοῦ
2395 2880 2586 2950 φύσις·
2612 2883 2833 2953 ὅτιγὰρ
2874 2883 3053 2937 πάντα
3099 2883 3196 2938 τοῦ
3229 2884 3373 2939 Θεοῦ
3429 2886 3604 2953 Λόγου
3642 2886 3757 2939 ἐστὶ

2175 2970 2311 3040 μετά
2357 2970 2455 3040 τὴν
2499 2971 2911 3044 ὲνανθρώπησιν
2963 2974 3033 3028 τὰ
3078 2975 3182 3044 τῆς
3234 2975 3446 3048 σαρκὸς
3490 2976 3680 3043 αὐτοῦ,
3723 2976 3754 3040 ὴ

2172 3056 2292 3112 θεία
2335 3059 2528 3131 Γραφὴ
2553 3063 2697 3131 ἡμᾶς
2744 3062 3006 3118 παιδεύει·
3040 3064 3174 3134 φησὶ
3206 3067 3358 3137 γὰρ,
3398 3066 3760 3136 Ἑωράκαμεν

498 3153 625 3207 \ina
655 3153 940 3225 Scriptura
970 3171 1072 3211 nos
1108 3156 1293 3221 docet,
1327 3155 1463 3211 dicit
1489 3156 1678 3212 enim:
1713 3156 1947 3211 Vidimus
1970 3155 2073 3211 Do-

2180 3147 2288 3201 τὸν
2316 3149 2556 3217 Κύριον,
2585 3151 2645 3204 τὸ
2677 3154 3083 3225 συναμφότερον
3106 3155 3368 3223 λέγουσα·
3401 3159 3429 3212 ό
3451 3158 3559 3230 γὰρ
3590 3159 3757 3229 ὲωρα-
3844 3221 3863 3242 ο

498 3244 725 3311 minam,
748 3256 1046 3316 utrumque
1070 3246 1409 3318 signiﬁcans.
1445 3246 1548 3315 Qui
1602 3248 1749 3303 enim
1784 3248 1920 3303 vidit
1954 3260 2071 3305 car-

501 3351 626 3389 nem
651 3335 879 3401 Christi,
903 3347 1078 3391 totum
1105 3337 1269 3404 vidit,
1302 3339 1406 3395 etsi
1449 3338 1744 3395 invisibilis
1778 3349 1975 3394 natura
2002 3332 2093 3392 sit'

486 3422 791 3491 divinitas;
811 3435 867 3482 et
890 3427 1087 3482 iterum
1111 3445 1125 3482 :
1145 3428 1427 3485 Dominum
1449 3428 1633 3501 gloria:
1654 3447 1757 3484 non
1781 3428 2079 3489 crucifixi:-

498 3526 614 3572 sent
642 3520 685 3582 ⁸,
710 3518 895 3574 divina
919 3536 1115 3590 nempe
1144 3529 1341 3575 natura
1402 3522 1497 3576 ille
1525 3537 1636 3576 non
1668 3522 1932 3592 patiente,
1979 3519 2074 3575 sed

502 3611 725 3681 propria
788 3627 977 3667 carne.
1025 3612 1302 3669 Docemur
1353 3628 1485 3684 ergo
1536 3614 1626 3669 his
1672 3613 1946 3669 omnibus'
1978 3610 2076 3666 Dei

502 3703 666 3758 Verbi
704 3704 974 3759 incarnati
1008 3704 1183 3760 fuisse
1215 3713 1275 3763 et
1298 3704 1517 3760 divinas
1542 3714 1599 3760 et
1638 3706 1909 3760 humanas
1944 3719 2075 3774 pro-

503 3795 767 3864 prletatos
789 3814 801 3862 ;
827 3794 924 3850 sed
952 3795 1009 3849 in
1037 3794 1124 3850 his
1156 3797 1360 3867 quibus
1388 3796 1595 3853 dicitur
1634 3796 1917 3851 Christum
1945 3809 2070 3848 esu-

502 3887 718 3953 rivisse,
745 3888 1015 3953 sitivisse,
1043 3897 1248 3945 tactum
1287 3897 1383 3944 aut
1435 3902 1656 3958 passum
1695 3886 1886 3951 luisse,
1940 3894 2075 3955 puto

481 3975 657 4029 illum
711 3992 819 4031 non
882 3977 936 4031 in
1003 3977 1190 4032 divina
1222 3986 1419 4032 natura
1468 3976 1585 4030 haec
1609 3982 1895 4044 expertum
1930 3988 2073 4040 esse,

484 4067 598 4120 ἐςρά
635 4068 687 4122 in
743 4084 907 4125 carne
953 4086 1117 4139 quam
1175 4077 1506 4141 sumpserat,
1540 4074 1597 4123 et
1645 4081 1743 4137 per
1793 4080 1957 4135 quam
2017 4074 2076 4118 ut

502 4156 669 4211 homo
694 4166 1056 4214 conversatus
1071 4166 1175 4213 est.

2179 3237 2291 3301 κὼς
2319 3240 2417 3311 τὴν
2454 3240 2630 3309 σάρκα
2665 3242 2758 3296 τοῦ
2791 3244 3049 3315 Χριστοῦ,
3086 3247 3206 3300 ὅλον
3248 3248 3549 3313 ἐθεάσατο,
3577 3252 3626 3304 εἰ
3668 3252 3756 3306 καὶ

2179 3329 2407 3395 ἀθέατος
2438 3334 2497 3385 τὸ
2527 3334 2663 3387 κατὰ
2688 3334 2847 3403 φύσιν
2877 3339 2909 3404 ἡ
2940 3337 3130 3409 θεότης
3154 3339 3430 3412 ὑπῆρχεν·
3462 3344 3556 3397 καὶ
3583 3343 3757 3407 πάλιν,

2185 3422 2308 3474 Οὐκ
2340 3421 2418 3477 ἂν
2450 3424 2558 3477 τὸν
2583 3426 2801 3494 Κύριον
2837 3426 2948 3495 τῆς
2968 3427 3154 3495 δόξης
3179 3430 3582 3501 ἐσταύρωσαν
3602 3450 3617 3467 ·
3644 3432 3762 3486 stal-

2182 3529 2265 3566 τοι
2310 3517 2378 3585 τῇ
2430 3514 2550 3587 θείᾳ
2613 3517 2775 3586 φύσει
2819 3519 2982 3573 αὑτοῦ
3038 3520 3114 3591 μὴ
3161 3521 3468 3590 παθόντος,
3521 3523 3655 3578 ἀλλά
3695 3524 3757 3593 τῇ

2183 3605 2359 3677 οἰκείᾳ
2390 3608 2586 3676 σαρκί·
2620 3608 2985 3680 διδασκόμεθα
3020 3608 3116 3669 οὖν
3152 3613 3214 3664 ὲν
3251 3615 3395 3668 πᾶσι
3427 3614 3655 3678 τούτοις,
3685 3615 3758 3668 ὅτι

2183 3696 2274 3749 τοῦ
2302 3698 2436 3751 Θεοῦ
2465 3700 2635 3768 Λόγου
2670 3701 3044 3767 σαρκωθέντος
3072 3698 3140 3774 ἦν
3166 3704 3236 3758 τά
3263 3722 3326 3759 τε
3359 3707 3638 3779 θεοπρεπῆ
3670 3708 3759 3762 καὶ

2178 3786 2249 3839 τὰ
2273 3786 2605 3860 ἀνθρώπινα·
2642 3790 2757 3842 ἀλλ’
2796 3793 2855 3844 ὲν
2890 3787 2972 3852 οἷς
3012 3808 3178 3862 φησιν
3220 3793 3308 3849 ὅτι
3351 3797 3642 3869 ὲπείνησεν
3673 3797 3762 3851 καὶ

2180 3877 2430 3947 ὲδὶψησεν
2461 3880 2494 3949 ἢ
2527 3879 2849 3952 ἐψηλαφήθη
2887 3883 2920 3952 ἢ
2950 3884 3138 3955 ὼράθη
3163 3925 3180 3949 ,
3213 3890 3323 3942 νοῶ
3349 3890 3434 3943 ὅτι
3462 3891 3526 3947 οὐ
3554 3893 3621 3961 τῇ
3649 3890 3758 3960 θείᾳ

2177 3972 2340 4035 φύσει
2362 3970 2530 4024 ταῦτα
2557 3973 2845 4040 πέπονθεν,
2870 3975 3009 4028 ἀλλά
3032 3979 3096 4047 τῇ
3124 3979 3547 4053 προαληφθείσῃ
3580 3980 3756 4050 σαρκὶ.

2177 4061 2299 4115 καθ’
2334 4061 2401 4133 ἢν
2432 4063 2715 4133 ἄνθρωπος
2743 4064 3113 4136 ἐχρημάτισεν
3141 4066 3241 4138 (ι).

872 4337 928 4394 S.
964 4339 1178 4411 Eulogii
1203 4340 1521 4411 patriarcha:
1542 4335 1917 4402 Alexandrini,
1946 4350 2009 4388 ea:
2046 4333 2136 4388 lib.
2164 4349 2243 4400 tu,
2268 4333 2533 4389 Aduersus
2556 4333 2907 4390 Novatianos.
2935 4334 3093 4390 I’hot.
3122 4335 3251 4392 Cod.
3279 4339 3414 4401 280.

1098 4500 1161 4553 F.
1201 4498 1497 4553 Fassusco
1526 4494 1810 4552 Coussrrs.
1842 4493 2167 4564 interprete.
2191 4492 2439 4548 Biblioﬂi.
2464 4492 2770 4548 Concionat.
2796 4501 2838 4548 ι.
2877 4494 2944 4561 V,
2966 4508 3026 4563 p.
3069 4493 3188 4547 127.

571 4654 726 4722 Quod
754 4654 830 4709 ait
862 4654 1171 4725 Apostolus.
1206 4652 1515 4707 Voluntarie
1545 4652 1877 4723 peccantibus
1925 4652 2073 4705 nobis

503 4755 616 4815 post
655 4754 925 4816 acceptam
961 4745 1207 4798 notitiam
1231 4743 1483 4802 veritatis.
1494 4744 1613 4813 jam
1631 4757 1732 4795 non
1757 4741 2074 4799 relinquitur

502 4853 598 4907 pro
626 4845 835 4906 peccato
863 4837 1034 4890 hostia
1050 4835 1094 4899 ⁸,
1125 4850 1235 4887 non
1255 4847 1321 4888 eo
1342 4840 1553 4904 spectat
1590 4840 1844 4901 tanquam
1867 4832 2077 4887 sacrili-

502 4944 647 4982 eum
689 4928 917 4981 omnino
939 4925 1218 4982 sublatum
1250 4923 1424 4979 velit:
1462 4924 1557 4979 sed
1605 4923 1738 4977 illud
1782 4923 2070 4985 duntaxat,

505 5021 656 5090 quod
688 5021 824 5090 legis
854 5019 964 5073 ritu
997 5017 1299 5088 peragitur.
1340 5017 1454 5090 Nec
1492 5016 1653 5070 modo
1713 5016 1766 5070 id
1795 5030 1967 5085 genus
1989 5029 2077 5069 sa-

480 5111 699 5177 ,crilicii
734 5117 901 5172 vetat,
941 5109 1035 5163 sed
1066 5117 1122 5163 et
1144 5123 1460 5178 supremum
1486 5107 1755 5178 judicium
1786 5107 1855 5160 iis
1912 5106 2080 5159 inter-

506 5202 765 5260 minatur,
800 5200 894 5268 qui
929 5206 1048 5267 post
1080 5196 1317 5268 agnitum
1345 5197 1657 5259 veritatem,
1704 5211 1767 5250 ac
1788 5210 1913 5249 cum
1962 5209 2080 5265 my-

504 5291 703 5345 sticum
728 5289 1057 5343 sacrificium
1093 5290 1238 5345 nacti
1265 5289 1398 5353 sint,
1433 5288 1499 5343 ad
1534 5288 1735 5358 legale;
1753 5287 1899 5357 quod
1958 5296 2079 5341 tan-

507 5394 689 5437 turum
724 5397 787 5436 ac
812 5382 1088 5436 hircorum
1116 5380 1488 5435 immolatione
1540 5386 1852 5450 praestatur,
1909 5378 2077 5433 sacri-

470 5546 483 5638 :
576 5563 771 5635 'Joan.
806 5581 842 5629 1,
878 5564 964 5618 il.
1038 5563 1103 5620 ⁸1
1156 5560 1282 5651 Cor.
1306 5578 1363 5625 ιι,
1416 5560 1469 5614 8.
1549 5560 1570 5593 ⁵
1603 5558 1773 5613 Hebr.
1805 5572 1858 5619 χ,
1890 5556 1981 5610 26,

2183 4648 2371 4703 licium
2402 4648 2658 4704 redeunt.
2686 4651 2922 4720 Haecque
2945 4650 3082 4706 adeo
3113 4651 3323 4707 Paulus
3345 4667 3417 4707 eo
3446 4653 3635 4707 animo
3691 4652 3764 4705 Io-

2182 4738 2393 4807 quitur,
2426 4745 2489 4791 ut
2513 4738 2757 4802 Judzeos,
2780 4740 2876 4809 qui
2930 4738 2997 4793 ad
3033 4738 3321 4795 Christum
3375 4741 3492 4812 jam
3526 4753 3765 4796 accesse-

2185 4835 2308 4881 rant
2336 4836 2554 4882 revocet
2603 4830 2671 4883 ab
2700 4829 3088 4885 observatione
3139 4830 3429 4900 legalium.
3492 4830 3757 4899 Quemad-

2182 4918 2409 4972 modum
2434 4920 2601 4989 igitur
2621 4920 2890 4989 legalibus
2912 4920 3285 4990 baptismatis,
3318 4921 3405 4976 sic
3434 4928 3493 4977 et
3522 4919 3765 4977 cruentis

2184 5008 2498 5070 sacrificiis.
2532 5010 2602 5064 iis
2649 5010 2949 5065 interdicit.
2974 5010 3147 5066 Judaei
3179 5025 3429 5080 namque
3468 5027 3611 5081 quos
3641 5024 3765 5079 pec-

2184 5099 2292 5153 cati
2347 5108 2536 5155 reatus
2590 5101 2943 5172 astringeret,
3011 5102 3253 5170 primum
3303 5102 3536 5171 quidem
3589 5100 3767 5168 expia‘

2168 5192 2409 5256 'bantur,
2440 5202 2666 5262 tumque
2695 5208 2835 5263 aqua
2897 5193 3266 5248 abluebantur
3298 5208 3367 5247 ac
3424 5191 3769 5262 inlingeban-

2187 5292 2314 5349 tur;
2348 5298 2413 5338 ac
2439 5292 2717 5353 postremo
2744 5285 2856 5355 jam
2874 5285 3123 5339 cruentis
3160 5283 3362 5338 hostiis
3414 5270 3714 5343 faciebant,
3740 5293 3767 5332 a

2185 5375 2391 5445 quibus
2420 5390 2516 5429 eos
2571 5390 2808 5431 avocans
2854 5376 3170 5442 Apostolus,
3218 5375 3513 5431 terribiles
3552 5384 3767 5445 quoque

470 5732 481 5737 ς
576 5699 652 5779 (l)
686 5698 1071 5768 Sequebantur
1098 5696 1388 5779 infodice.
1415 5694 1639 5764 plurimi
1680 5692 1876 5747 Pisida:
1910 5690 2075 5746 iambi
2120 5690 2384 5745 adversus
2438 5690 2724 5756 Severum,
2772 5705 2912 5759 quos
2935 5705 3036 5760 ego
3062 5703 3214 5744 more
3254 5701 3384 5744 meo
3407 5683 3763 5765 praetermisi,

472 5812 479 5823 .
505 5766 837 5838 quia'exta'nt
868 5772 922 5825 in
948 5766 1310 5824 editionihus.
