3898 6396
173 402 275 463 2361

1298 404 1757 463 FRAGMENTA
1798 382 2263 466 DOGMATICA.

3244 402 3391 467 2982

172 514 319 567 minas
337 509 541 581 adjicit.
572 509 787 582 Quippe
812 512 1104 582 oportebat
1137 526 1265 567 vera
1290 511 1463 567 semel
1519 511 1703 567 hostia
1734 518 1778 574 Α
1808 514 2042 581 [icandos
2064 515 2105 568 ⁸.
2137 514 2310 582 Quem
2347 514 2513 585 igitur
2535 513 2603 567 ad
2638 513 2861 567 modum
2911 513 3254 583 impossibile
3304 515 3392 568 di-

171 604 215 661 in
256 603 717 659 consummatione
775 605 962 661 saeculi
1027 621 1130 676 pro
1194 606 1434 675 peccatis
1520 605 1710 660 oblata

170 698 315 767 (Agno
337 694 550 751 scilicet
578 696 675 751 Dei
706 697 801 767 qui
852 698 997 752 tollit
1028 709 1314 768 peccatum
1346 697 1559 765 mundi,
1606 698 1713 752 im-

168 786 361 855 molato)
404 802 514 841 non
559 789 799 858 amplius
846 798 1083 853 restare,
1132 789 1229 843 sed
1256 804 1472 846 cessare
1500 789 1715 861 oll‘erri,

168 875 336 928 multas
376 874 497 929 illas
533 875 738 947 legales
801 892 867 931 ac
911 878 1123 948 typicas
1166 878 1376 934 hostias
1428 895 1529 949 pro
1587 896 1716 950 ροσ-

168 961 297 1040 catis.
347 962 508 1018 Teste
567 966 717 1019 enim
765 967 960 1022 eodem
1012 967 1311 1037 Apostolo,
1370 969 1715 1040 impossibile

166 1062 251 1117 est,
278 1034 425 1124 ﬁgno
454 1055 549 1109 Dei
580 1058 753 1113 semel
771 1034 1077 1125 immolato,
1104 1060 1219 1116 tolli
1270 1034 1468 1117 rursus
1492 1070 1715 1131 peccata

169 1155 417 1200 taurorum
474 1147 741 1217 sanguine
792 1165 857 1205 ac
913 1150 1221 1206 hircorum.
1291 1151 1406 1208 Una
1443 1152 1715 1217 enim,in-

166 1237 265 1305 quit
285 1277 300 1301 ,
322 1236 604 1305 oblatione,
633 1242 1014 1295 consummavit
1072 1244 1128 1298 in
1156 1250 1465 1314 perpetuum
1516 1244 1713 1298 sancti-

1819 602 1900 656 xit
1952 601 2217 673 sanguine
2267 611 2549 656 taurorum
2632 611 2796 671 atque
2848 602 3130 658 hircorum
3186 602 3393 657 auferri

1822 702 2069 764 peccata,
2103 694 2172 748 ad
2189 694 2443 748 eumdem
2473 702 2530 750 et
2554 695 2842 764 sequentia
2871 694 3003 749 dicit
3033 709 3050 747 :
3089 693 3396 749 Voluntaria

1823 786 2159 856 peccantibus
2181 784 2329 839 nobis
2352 786 2394 851 ",
2451 793 2562 840 etc.
2629 785 2762 840 Nam
2796 793 2853 839 et
2897 784 3045 856 quod
3080 784 3241 839 nobis
3294 794 3398 838 tre-
3468 818 3475 825 ι

1826 877 2088 934 mendum
2112 875 2383 932 Dominici
2411 877 2666 946 corporis
2694 875 3025 931 sacriﬁcium
3057 876 3257 946 agitur,
3284 890 3393 927 non

1819 970 2163 1039 aliarumque
2195 967 2503 1022 hostiarum
2530 967 2740 1022 oblatio
2795 975 2900 1032 est,
2925 966 3022 1022 sed
3070 968 3190 1038 ejus
3246 980 3394 1020 com-

1819 1060 2148 1116 memoratio
2173 1074 2300 1131 quze
2326 1059 2495 1116 semel
2557 1058 2739 1113 oblata
2770 1066 2872 1113 est.
2921 1058 3032 1112 Hoc
3084 1057 3262 1127 facile,
3304 1055 3389 1109 in-

1817 1152 1962 1224 quit,
1985 1153 2042 1206 in
2073 1167 2247 1206 meam
2278 1149 2887 1205 commemorationem“.
2912 1149 3015 1203 Et:
3050 1147 3397 1212 Quolicscun-'

1817 1257 1921 1313 quc
1950 1240 2194 1311 facinus,
2219 1247 2438 1297 mortem
2475 1237 2687 1292 Domini
2717 1239 3095 1291 annuntiamus
3112 1238 3154 1289 ’.

168 1374 428 1443 Εὐλογιου
455 1371 628 1458 migra
667 1375 1450 1458 'Adgé'ayﬁgelagéppnrsla
1490 1385 1577 1451 εἰς
1616 1381 1703 1449 τὸ,

1822 1380 2035 1452 Eulogii
2080 1394 2253 1458 parte
2282 1377 2635 1458 Alexandrini
2670 1354 3083 1458 commentarius
3121 1377 3173 1430 in
3202 1376 3338 1431 illud
3360 1362 3383 1430 γε

461 1463 482 1494 ‹
511 1445 706 1513 Σίμων
738 1446 927 1510 Ἰωνᾶ,
952 1445 1331 1518 crassam:
1364 1472 1382 1503 ι

2194 1450 2376 1505 Simon
2408 1448 2654 1512 Ioannis,
2695 1464 2847 1502 antas
2885 1463 2966 1500 me
2997 1447 3023 1501 ?

1226 1593 1366 1664 Aug.
1398 1592 1499 1648 MAI
1534 1592 1706 1650 Class.
1736 1592 1889 1648 Auct.
1923 1598 1964 1646 t.
1999 1591 2068 1656 Χ,
2097 1607 2150 1660 p.
2187 1590 2313 1646 483.

220 1735 329 1788 Ὅτι
381 1736 606 1806 ἐρωτῶν
652 1739 681 1792 ὁ
740 1736 1205 1813 Κύριος[εἳπε]τῷ
1249 1742 1477 1811 Πέτρῳ·
1516 1741 1712 1810 Σίμων

172 1823 333 1890 Ἰωνᾶ,
382 1826 625 1896 ἀγαπᾷς
669 1847 748 1900 με
785 1831 976 1885 πλέον
1012 1834 1243 1887 τούτων
1259 1851 1278 1897 ;
1324 1834 1424 1886 οὐκ
1475 1834 1640 1896 αὐτὸς
1684 1835 1713 1887 ὁ

163 1913 313 1969 πάντα
337 1916 518 1981 εἰδὼς,
548 1918 720 1973 θέλων
741 1919 933 1991 μαθεῖν
966 1921 1249 1994 ἐπηρώτα,
1277 1924 1391 1976 ἀλλ’
1414 1924 1713 1995 έπεὶέμελ-

160 2007 233 2061 λεν
255 2009 395 2081 αὐτῷ
426 2011 489 2065 τὸ
525 2012 777 2083 ποίμνιον
811 2015 1255 2082 καταπιστεύειν,
1282 2017 1371 2070 ίνα
1399 2016 1548 2088 δείξῃ
1577 2019 1712 2088 ὅσην

158 2098 253 2169 ἔχει
289 2102 542 2173 πρόνοιαν
569 2103 664 2157 τοῦ
700 2106 974 2175 ποιμνίου,
1009 2106 1169 2161 τοῦτο
1211 2111 1388 2161 ποιεῖ’
1426 2110 1455 2163 ὁ
1486 2109 1597 2180 γὰρ
1622 2109 1714 2163 τὸν

158 2188 337 2262 φίλτρῳ
359 2191 542 2263 πολλῷ
565 2193 700 2264 πρὸς
736 2193 831 2248 τὸν
858 2195 1137 2267 Δεσπότην
1168 2198 1548 2270 ἀναπτόμενον
1612 2202 1713 2268 ἐφ-

159 2282 299 2336 ιστῶν
340 2285 420 2357 τῷ
451 2287 715 2358 ποιμνίῳ,
755 2286 858 2359 ἶτὴν
888 2289 1023 2360 ὅσην
1051 2291 1181 2360 περὶ
1228 2292 1299 2345 τὰ
1327 2292 1573 2363 πρόϐατα
1601 2292 1716 2348 διά-

157 2371 284 2428 θεσιν
299 2376 628 2448 παρίστησιν
668 2378 1058 2448 ἀναμφιϐόλως
1075 2395 1088 2410 ⁶
1107 2379 1198 2434 διὰ
1214 2381 1314 2451 τὴν
1340 2383 1511 2452 αὐτὴν
1529 2384 1713 2437 αἰτίαν

157 2465 236 2519 καὶ
256 2469 431 2539 τρίτον
468 2470 673 2543 ὲρωτᾷ,
713 2472 812 2544 τὴν
841 2474 1047 2546 πολλὴν
1073 2475 1295 2547 περὶτὰ
1348 2477 1544 2547 λογικὰ
1578 2480 1714 2551 πρό-

156 2555 274 2612 ϐατα
296 2560 614 2632 ἐπιμέλειαν
644 2562 1054 2635 ἐνδεικνύμενος
1076 2582 1091 2597 ο
1125 2566 1241 2637 ἅμα
1261 2567 1319 2620 δὲ
1347 2559 1558 2640 βαθμόν
1584 2588 1707 2624 τινα

155 2649 245 2703 τῶν
261 2652 698 2725 ποιμαινομένων
716 2656 968 2721 διέξεισιν
987 2672 1002 2688 ο
1024 2658 1186 2728 ἀρνία
1214 2660 1476 2732 πρότερον
1495 2662 1712 2732 βόσκειν

159 2740 590 2813 ἐγκελευόμενον
619 2740 740 2800 εἶτα
772 2747 1066 2819 προϐάτια,
1097 2748 1133 2804 ἃ
1169 2751 1418 2821 πρόϐατα
1449 2752 1598 2817 ὄντα,
1624 2754 1715 2808 διά

154 2846 254 2883 τινα
281 2835 598 2904 πταίσματα
660 2838 1214 2910 κατασμικρυνοέντα
1243 2841 1342 2912 τῆς
1383 2843 1587 2913 ἀρετῆς
1617 2845 1713 2898 καὶ

102 2994 107 2999 ἡ
154 2919 234 2987 τῆς
258 2921 613 2993 τελειότητος,
643 2926 726 2989 είς
758 2928 1031 2998 προϐάτια
1080 2929 1529 3001 ἀνθυπέστρεψεν
1550 2949 1565 2964 ο
1611 2935 1707 2988 καὶ

1884 1736 2020 1792 Cum
2084 1737 2452 1808 interrogaret
2534 1736 2759 1790 Petrum
2835 1736 3123 1801 Dominus,
3209 1736 3389 1791 Simon

1813 1828 2068 1891 Joannes,
2097 1827 2376 1898 inquiens,
2412 1826 2586 1898 diligis
2616 1812 2695 1880 me
2723 1827 2841 1898 plus
2878 1829 2957 1881 his
2982 1827 3061 1880 ‘°?
3094 1845 3204 1883 non
3266 1829 3391 1883 ideo

1817 1920 2193 1991 interrogabat
2213 1919 2305 1975 ille
2335 1918 2429 1990 qui
2458 1920 2642 1974 omnia
2669 1911 2843 1984 novit,
2883 1930 2942 1975 ut
2970 1920 3244 1987 disceret;
3295 1938 3391 1975 ve-

1815 2026 1939 2065 rum
1965 2011 2072 2066 hoc
2124 2011 2319 2082 agebat
2348 2020 2410 2066 ut
2460 2011 2777 2067 ostenderet
2817 2022 3076 2082 quantam
3122 2012 3190 2067 de
3229 2030 3392 2083 grege

1814 2119 1981 2175 quem
2005 2104 2171 2159 Petro
2190 2105 2590 2160 commissurus
2633 2112 2772 2169 erat,
2818 2114 3036 2176 gereret
3071 2106 3391 2160 sollicitudi-

1815 2209 1973 2248 nem:
2010 2193 2143 2248 dum
2195 2194 2341 2249 enim
2366 2209 2495 2248 eum
2525 2195 2673 2266 gregi
2711 2194 3019 2265 praalicerct
3076 2196 3169 2268 qui
3222 2196 3393 2251 maxi—

1814 2301 1908 2341 mo
1936 2287 1991 2341 in
2016 2287 2310 2343 Dominum
2332 2303 2521 2347 amore
2556 2288 2807 2354 ardebat,
2844 2289 3058 2359 proprii
3090 2306 3217 2361 erga
3262 2306 3393 2344 oves

1814 2393 1944 2434 suas
1996 2378 2229 2434 affectus
2252 2379 2658 2435 vehementiam
2715 2381 3007 2436 evidenter
3050 2381 3389 2437 declarabat.

1814 2468 2048 2541 Propter
2074 2473 2324 2529 eamdem
2357 2488 2579 2529 causam
2618 2480 2702 2528 ter
2728 2472 3051 2546 interrogat,
3089 2489 3290 2544 nempe
3332 2484 3433 2528 utr

1816 2562 2131 2629 maximam,
2161 2578 2324 2632 quam
2362 2564 2532 2623 habet
2577 2562 2929 2620 rationalium
2959 2566 3144 2620 ovium
3175 2582 3388 2632 curam,

1818 2653 2173 2721 manifestet;
2203 2670 2395 2709 verum
2427 2655 2595 2709 etiam
2631 2655 2687 2710 in
2713 2656 2889 2726 prima
2939 2657 3030 2711 illa
3077 2657 3388 2728 interroga-

1815 2745 1966 2800 tione
1985 2745 2185 2816 gradus
2225 2745 2491 2815 quosdam
2539 2740 2732 2801 eorum
2770 2747 2865 2818 qui
2917 2756 3241 2818 pascuntur,
3295 2750 3391 2804 dc-

1817 2834 2055 2890 scribit:
2110 2851 2281 2906 agnos
2322 2835 2595 2906 siquidem
2638 2853 2867 2908 pascere
2909 2839 3151 2909 primum
3188 2839 3384 2910 jubet;

1820 2926 2026 2982 deinde
2056 2927 2323 2993 oviculas,
2355 2943 2498 2998 quae,
2528 2944 2655 2983 cum
2678 2945 2811 2985 oves
2845 2931 3001 3001 prius
3021 2931 3385 2998 exstitissent,

154 3003 313 3062 λοιπὸν
341 3011 401 3064 τὸ
421 3012 613 3084 τρίτον
641 3012 713 3066 τὰ
735 3016 919 3068 τέλεια
955 3016 1209 3086 ἐπιφέρει
1257 3018 1508 3089 πρόϐατα
1531 3035 1545 3049 ·
1605 3020 1707 3091 ἀρε

1818 3026 2005 3089 postea
2029 3035 2127 3090 per
2159 3020 2346 3089 lapsus
2368 3020 2633 3090 quosdam
2679 3022 2886 3077 virtute
2944 3032 3000 3078 et
3042 3024 3387 3093 perfectione

155 3098 266 3163 νίοις
291 3102 417 3169 γοῦν
449 3104 766 3179 είκάζονται
795 3109 846 3160 oi
877 3107 957 3161 ἔτι
984 3109 1257 3177 γάλακτος
1301 3111 1394 3164 καὶ
1426 3112 1707 3182 στοιχειώ-

153 3189 255 3255 δους
278 3192 624 3260 διδασκαλίας
652 3196 928 3268 δεόμενοι·
960 3199 1277 3271 προϐατίοις
1309 3201 1366 3256 δὲ
1395 3203 1446 3256 οί
1469 3203 1561 3257 διά
1583 3222 1709 3260 τινα

156 3286 553 3358 παραπτώματα
588 3290 1161 3361 κατασμικρυνθέντες
1188 3295 1285 3362 τῆς
1330 3293 1668 3366 τελειότητος
1688 3311 1703 3327 ·

155 3374 419 3442 προϐάτοις
451 3379 515 3432 δὲ
536 3381 585 3433 οἱ
609 3381 691 3444 είς
711 3380 772 3433 τὸ
792 3382 997 3436 τέλειον
1024 3383 1428 3456 ἀναϐεϐηκότες
1478 3385 1575 3440 καὶ
1605 3387 1707 3458 τῆς

158 3464 364 3534 πίστεως
417 3471 517 3525 καὶ
547 3470 656 3524 τῶν
687 3471 940 3543 πράξεων
960 3489 975 3505 ο
1008 3474 1104 3528 καὶ
1155 3475 1348 3530 σκόπει
1379 3477 1531 3542 ὅπως
1567 3495 1704 3549 προ-

156 3554 315 3612 τάττει
333 3559 401 3614 τὰ
431 3559 601 3632 ἀτελῆ
628 3561 735 3615 τῶν
760 3562 979 3619 τελείων
1001 3577 1018 3596 ο
1046 3564 1459 3638 προηγούμενος
1485 3566 1594 3638 γὰρ
1625 3567 1706 3638 τῷ

157 3648 371 3725 Δεσπύτῃ
406 3654 612 3717 σκοπὸς
639 3656 671 3725 ἡ
694 3654 804 3708 τῶν
835 3657 1174 3727 ἁμαρτωλῶν
1207 3659 1471 3730 σωτηρία,
1495 3661 1577 3715 Οὐ
1599 3658 1709 3730 γὰρ

154 3733 334 3807 ἦλθον,
355 3746 512 3816 φησι,
546 3745 803 3801 καλέσαι
824 3746 1116 3817 δικαίους,
1134 3749 1293 3805 ἀλλὰ
1318 3753 1707 3821 ἁμαρτωλοὺς

154 3833 216 3896 εἰς
232 3836 571 3901 μετάνοιαν.

160 4056 249 4109 Τοῦ
297 4060 367 4115 ἐν
398 4062 592 4132 ἁγίοις
625 4065 922 4135 ﬁnierim:
960 4066 1419 4135 Ἀλεξανδρείας
1484 4069 1572 4134 εὶς
1606 4068 1693 4133 τὸν

501 4151 522 4184 ι
559 4133 922 4204 Ζεῦγοςτῶν
941 4133 1266 4206 τρυγόνωνζ
1307 4156 1327 4188 ι

1814 3110 2136 3175 deminutae,
2172 3111 2228 3165 in
2257 3112 2602 3167 ovicularum
2658 3113 2911 3168 ordinem
2976 3121 3385 3178 retrocesserc;

1816 3212 1933 3259 tum
1956 3203 2179 3260 demum
2219 3220 2352 3261 oves
2414 3206 2689 3278 perfectas
2733 3205 2971 3262 inducit.
3022 3208 3190 3278 Agnis
3224 3222 3390 3276 porro

1813 3295 2187 3351 assimilantur
2229 3297 2324 3367 qui
2371 3298 2513 3354 lacte
2560 3298 2745 3353 adhuc
2794 3307 2853 3354 et
2899 3298 3223 3363 elementari
3293 3297 3397 3351 (1ος

1813 3385 1994 3440 ctrina
2025 3386 2303 3459 indigent;
2345 3388 2584 3443 oviculis
2609 3389 2704 3459 qui
2740 3405 2841 3460 per
2870 3388 3120 3460 quaedam
3159 3387 3384 3450 delicta.

1814 3475 2158 3545 perfectione
2189 3477 2460 3533 deminuti
2486 3478 2900 3547 sunt;ovibus,
2947 3478 3043 3548 qui
3084 3477 3152 3532 ad
3188 3476 3314 3531 fidei
3339 3486 3395 3529 et

1817 3567 1942 3622 vitae
1962 3568 2358 3638 perfectionem
2417 3571 2881 3626 conscenderunt.
2938 3568 3073 3624 Vide
3121 3578 3389 3639 pra‘tcrt‘a

1815 3659 2096 3729 quomodo
2143 3660 2467 3732 imperfecta
2520 3661 2781 3731 perfectis
2826 3669 3147 3731 prmponat:
3192 3658 3389 3729 pra-ci-

1816 3767 1961 3822 puus
2017 3752 2279 3808 videlicet
2340 3753 2554 3809 Domini
2610 3768 2811 3822 scopus
2869 3751 2990 3807 luit.
3037 3760 3387 3821 peccatorum

1814 3845 2000 3900 salus:
2033 3843 2152 3899 Non
2182 3847 2303 3901 veni
2347 3845 2518 3909 enim,
2552 3844 2750 3914 inquit,
2807 3860 2996 3898 vocare
3036 3845 3237 3915 justus,
3290 3843 3381 3896 sed

1816 3946 2114 4005 peccatore:
2141 3936 2211 3989 ad
2248 3937 2612 4006 paenitentiam
2640 3936 2704 3990 ¹¹.
3242 3936 3247 3943 ’

1944 4072 2130 4128 Sancti
2168 4054 2378 4144 Eulogii
2409 4070 2759 4128 Alexandrini
2786 4073 2841 4125 in
2869 4070 3003 4127 illud
3030 4087 3057 4133 :_
3090 4089 3108 4122 ι
3130 4067 3245 4131 Par

2435 4152 2741 4205 turturum!
2758 4161 2777 4193 1

1218 4318 1356 4390 Ang.
1382 4318 1483 4373 ΜΑι
1520 4318 1694 4374 Class.
1726 4318 1881 4381 Auct.
1913 4329 1951 4374 t.
1986 4319 2057 4386 Χ,
2089 4336 2146 4391 p.
2178 4322 2320 4382 493._

210 4477 412 4533 Πολλῶν
468 4481 641 4535 ὄντων
685 4479 862 4550 ζώων,
906 4482 941 4537 ἆ
972 4484 1031 4537 ὲν
1056 4485 1120 4556 τῇ
1148 4482 1256 4537 τῶν
1288 4483 1546 4555 καθαρῶν
1577 4485 1705 4540 ὲτὰε

1878 4482 2015 4538 Cum
2048 4484 2287 4553 plurima
2322 4486 2792 4540 essentanimalia
2849 4501 2971 4557 qute
3011 4485 3066 4540 in
3118 4501 3382 4556 purorum
3450 4514 3457 4519 -

152 4567 234 4641 χθη
261 4573 456 4644 μερίδι,
481 4574 574 4628 διὰ
613 4574 667 4627 τί
718 4575 879 4629 πέντε
911 4577 1047 4646 μόνα
1070 4577 1421 4642 ὲθυσιάζοντο
1453 4580 1567 4643 τοῖς
1596 4595 1705 4631 πα,

151 4657 315 4726 λαιαῖς,
368 4667 597 4736 τράγος,
631 4669 725 4720 καὶ
760 4668 934 4738 κριὸς,
989 4668 1081 4722 καὶ
1140 4667 1288 4738 βοῦς,
1324 4668 1567 4740 τρυγὼν,
1601 4670 1698 4723 καὶ

156 4758 451 4825 περιστεράς
466 4755 690 4827 Ἐπειδὴ
710 4757 957 4827 βούλεται
976 4759 1123 4829 ἡμᾶς
1141 4759 1169 4810 ὁ
1188 4759 1360 4827 Λόγος
1381 4759 1479 4822 τὰς
1506 4759 1702 4831 αἰσθήτ

1804 4574 2000 4629 ordine
2035 4574 2397 4641 haberentur,
2420 4592 2593 4645 quare
2629 4577 2875 4647 quinque
2904 4585 3114 4632 tantum
3149 4593 3178 4632 a
3230 4589 3386 4633 vetc-

1808 4665 1965 4723 ribus
1992 4664 2442 4733 immolabantur,
2468 4684 2703 4737 nempe:
2738 4668 2948 4731 hircus,
2973 4668 3120 4723 aries
3171 4680 3228 4723 et
3264 4669 3383 4733 bos,

1809 4764 1991 4818 turtur
2029 4765 2084 4810 ct
2127 4758 2425 4812 columba?
2462 4758 2567 4813 'llis
2598 4760 2856 4815 videlicet
2901 4760 3176 4830 significat
3233 4761 3382 4814 Scri-

147 4855 244 4906 σεις
269 4848 419 4917 ήμῶν
443 4850 537 4902 τὸν
563 4850 677 4903 ἴσον
704 4850 1150 4922 ὑποϐαλλομένας
1178 4851 1414 4923 ἀριθμὸν
1446 4850 1693 4923 καθαρὰς

1818 4854 1991 4917 plura,
2019 4864 2123 4903 nos
2147 4849 2262 4905 Deo
2285 4864 2454 4920 puros
2470 4849 2668 4905 efferre
2687 4850 2891 4905 debere
2920 4866 3114 4905 sensus
3140 4861 3380 4916 nostros,

148 4939 415 5005 προσάγειν
440 4940 583 5008 Θεῷ.

291 5050 398 5104 Τοῖ’
422 5054 493 5105 ἐν
511 5053 702 5122 ἁγίοις
724 5053 1021 5124 Εὐλογίου
1050 5051 1526 5120 Ἀλεξανδρείας.

206 5156 318 5211 Ὅτι
354 5164 448 5215 καὶ
476 5161 563 5216 διὰ
595 5163 703 5217 τῶν
762 5163 940 5217 κυνῶν
981 5163 1083 5227 τὴν
1113 5163 1424 5235 ὑπερϐολὴν
1468 5165 1570 5234 τῆς
1598 5163 1694 5223 τοῦ

1805 4940 1900 5008 qui
1927 4957 2117 5011 parem
2156 4957 2445 4995 numerum
2478 4958 2590 5011 prae
2629 4958 2687 4996 se
2714 4942 2935 5003 ferunt.,

1994 5053 2180 5109 Sancti
2214 5054 2428 5126 Eulogii
2458 5057 2780 5126 patriarcha:
2809 5054 3183 5110 Alexandrini.

1867 5166 2077 5223 Canum
2125 5169 2404 5223 mentione
2445 5184 2715 5223 summam
2757 5167 2947 5223 divitis
2992 5168 3377 5223 crudelitatem

146 5247 375 5307 πλουσίου
408 5257 677 5327 ἀπηνείας
706 5255 921 5327 ἐλέγχει
957 5256 991 5326 ἡ
1020 5254 1342 5327 παραϐολή·
1376 5255 1427 5308 oi.
1455 5255 1555 5326 μὲν
1584 5257 1695 5326 γὰρ

1818 5259 2047 5328 :oarguit
2098 5258 2376 5329 parabola.
2429 5259 2565 5313 Nam
2610 5273 2778 5313 canes
2826 5256 3205 5313 misericordia
3248 5273 3376 5327 erga

146 5340 284 5409 κύνες
308 5347 662 5420 οἰκτείροντες
695 5348 864 5402 αὐτοῦ
895 5349 997 5420 τὴν
1027 5348 1232 5417 πολλὴν
1287 5347 1689 5423 ταλαιπωρίαν,

1796 5366 2017 5420 gravem
2040 5351 2232 5406 Lazari
2259 5351 2625 5406 calamitatem
2653 5351 2934 5417 commoti,
2956 5350 3102 5420 quod
3123 5359 3377 5420 poterant

145 5427 264 5515 ὅπερ
308 5438 556 5494 ἐδύναντο
584 5443 764 5495 ποιεῖν
823 5441 1095 5511 ἔπραττον
1132 5438 1540 5513 περιλείχοντες
1593 5441 1689 5495 καὶ

1818 5443 2280 5513 gratificabantur,
2333 5443 2482 5499 illius
2530 5444 2718 5499 ulcera
2768 5444 3040 5514 lingentes
3088 5459 3153 5497 ac
3205 5443 3373 5496 veluti

148 5510 241 5571 οἷον
257 5522 662 5597 ἁποσμήχοντες
681 5529 846 5582 αὐτοῦ
886 5530 947 5582 τὸ
995 5530 1152 5594 ἕλκος
1176 5532 1294 5595 ταῖς
1320 5529 1595 5602 χλώσσσιις
1617 5547 1629 5560 ·
1662 5533 1690 5584 ὁ

1821 5536 2005 5603 inguis
2056 5537 2170 5592 suis
2207 5537 2605 5605 abstergentes.
2654 5536 2725 5591 At
2772 5533 2927 5592 dives
2967 5536 3197 5591 canibus
3243 5550 3373 5604 erga

211 5776 402 5836 'chr.
428 5798 480 5851 χ,
530 5784 614 5837 ll.
698 5785 715 5813 ⁷
746 5783 873 5837 ibid.
902 5784 993 5841 26.
1072 5784 1089 5813 “
1128 5783 1260 5838 Luc.
1324 5800 1455 5848 χχιι,
1520 5786 1599 5838 ιθ.
1680 5788 1700 5817 ’
1728 5785 1751 5841 1
1784 5785 1908 5841 Cor.
1940 5787 2122 5849 $59.6.
2208 5788 2429 5844 “’Joan.
2466 5766 2576 5857 xiii,
2613 5787 2699 5842 15.
2745 5777 2784 5811 ⁸⁸
2819 5775 2951 5831 Ῑιυε·
2992 5790 3054 5840 ‘7.
3098 5772 3186 5827 39-
