3898 6390
463 403 605 468 2963

1015 404 1074 464 S.
1115 403 1432 463 EULOGII
1472 403 1825 464 ARCHIEP.
1867 402 2250 462 ALEXAND.
2273 403 2745 464 FRAGMENTA
2788 403 3248 470 DOGMATICA.

3605 416 3734 478 296i

460 517 831 575 contribulem
875 533 1035 574 suum
1073 516 1268 573 durior
1311 520 1381 574 ab
1428 519 1517 574 bis
1571 520 1709 589 ipsis
1755 519 2056 575 convince-

2175 516 2214 571 ῑὲ
2243 518 2337 570 καὶ
2364 517 2472 570 τῶν
2525 517 2704 572 κυνῶν
2753 520 2882 590 περὶ
2911 520 3004 572 τὸν
3051 521 3326 590 ὁμόφυλον
3354 524 3726 597 ἁπηνέστερος.

459 614 640 665 batur.
677 610 868 666 Merito
899 609 1068 681 igitur
1107 609 1219 681 igni
1254 610 1410 666 dives
1435 611 1731 667 damnatus
1767 612 1887 666 fuit.

956 831 1170 905 Eulogii
1198 833 1568 890 Alexandrini.

532 951 656 1007 Haec
674 966 895 1022 quoque
925 961 1152 1022 propter
1171 967 1444 1023 pauperes
1468 953 1667 1022 recipit
1695 953 1864 1014 Deus.
1890 953 2055 1007 modo

461 1045 726 1114 deinceps
767 1060 796 1098 a
841 1055 1070 1113 peccato
1117 1059 1430 1101 caveamus.
1473 1046 1708 1100 Pulchre
1762 1045 1910 1100 enim
1973 1045 2054 1112 ﬁt,

458 1137 504 1190 si
535 1137 700 1190 etiam
735 1137 964 1192 avaritia
1010 1137 1262 1194 collectis
1301 1139 1503 1208 opibus
1550 1139 1761 1194 amicos
1807 1139 1970 1194 nobis
2002 1139 2058 1192 in

461 1231 568 1284 hoc
617 1230 826 1285 mundo
876 1248 1282 1302 comparemus,
1316 1235 1412 1302 qui
1449 1234 1557 1288 illis
1591 1232 1818 1303 quidem
1869 1242 2057 1302 egent,

460 1322 556 1376 sed
591 1324 702 1377 Deo
735 1332 866 1378 sunt
897 1324 1138 1380 divites:
1173 1335 1234 1380 ut
1260 1341 1384 1380 eum
1426 1326 1818 1392 defecerimus,
1848 1325 2058 1380 nullam

461 1411 732 1467 habentes
781 1414 908 1469 vita:
955 1415 1251 1486 justitiam,
1303 1417 1498 1471 saltem
1533 1417 1604 1471 ob
1653 1417 1852 1472 collata
1884 1417 1938 1471 in
1968 1432 2063 1472 eos

461 1505 754 1570 beneficia,
815 1508 1088 1577 recipiant
1141 1523 1242 1562 nos
1291 1508 1347 1562 in
1400 1509 1758 1564 tabernacula
1810 1525 1932 1575 sua,
1963 1509 2058 1579 qui

463 1608 711 1652 nostram
746 1600 1184 1656 misericordiam
1219 1603 1433 1672 experti
1464 1601 1640 1657 fuere.
1676 1601 1782 1657 Sed
1815 1603 1858 1658 si
1893 1619 1963 1658 ne
1994 1604 2062 1659 de

461 1705 775 1744 mammona
794 1692 1020 1761 quidem
1057 1694 1390 1764 iniquitatis,
1415 1696 1470 1750 id
1507 1705 1592 1751 est
1619 1697 1887 1762 avaritiae,
1923 1698 2063 1754 bene

462 1783 646 1837 facere
698 1785 1063 1851 voluerimus,
1108 1787 1233 1856 quis
1280 1788 1445 1844 nobis
1489 1787 1701 1854 credet,
1755 1788 1875 1845 fore
1915 1799 1978 1844 ut
2007 1791 2053 1845 si

461 1885 634 1944 partae
688 1878 928 1946 propriis
980 1877 1268 1932 laboribus
1321 1894 1457 1948 opes
1507 1879 1796 1945 adessent,
1853 1897 1919 1935 ex
1971 1881 2060 1936 his

463 1980 668 2034 egenos
693 1966 1132 2022 misericorditer
1161 1968 1515 2024 solaremur?
1543 1970 1679 2025 Nam
1711 1971 1754 2025 si
1780 1985 1849 2025 ne
1879 1971 2060 2026 aliena

464 2060 714 2130 quidem,
742 2072 798 2117 et
827 2079 951 2134 qua:
999 2065 1207 2136 absque
1247 2065 1440 2132 labore
1479 2079 1644 2120 avare
1688 2064 2058 2134 possidemus,

464 2154 729 2209 nolumus
777 2157 1213 2222 communicare,
1261 2156 1542 2227 quomodo
1571 2172 1637 2212 ea
1667 2172 1790 2226 quae
1837 2156 2060 2226 prepria

464 2246 748 2313 videntur,
771 2256 1200 2320 nostrorumque
1223 2249 1476 2304 laborum
1491 2248 1515 2302 f
1517 2256 1706 2303 ructus
1730 2247 2061 2318 impertituri

466 2339 726 2409 cuiquam
768 2340 1061 2395 credemur
1084 2341 1106 2394 ἶ)

2161 611 2257 664 καὶ
2291 611 2364 665 δι’
2392 612 2571 666 αὐτῶν
2602 613 2868 683 ἠλέγχετο
2883 614 2992 667 τῶν
3019 615 3197 669 κυνῶν
3219 634 3232 648 ο
3265 617 3351 672 διὰ
3381 619 3530 673 τοῦτο
3559 626 3728 678 κάκεί-

2164 721 2255 759 νον
2279 705 2339 757 τὸ
2375 704 2487 775 πῦρ
2510 705 2892 778 ἀδυσωπήτως
2927 708 3278 778 μετέρχεται.

2551 840 2852 909 Εὐλογίου
2891 841 3360 913 Ἀλεξανδρείας.

2237 955 2462 1025 Δέχεται
2481 955 2576 1008 καὶ
2595 954 2768 1008 ταῦτα
2792 955 2882 1008 διὰ
2904 956 3012 1009 τῶν
3041 958 3290 1026 πενήτων
3309 960 3337 1011 ὁ
3367 959 3498 1024 Θεὸς
3517 978 3530 990 ·
3563 961 3626 1015 ἂν
3654 963 3743 1030 μό-

2165 1064 2254 1101 νον
2283 1047 2378 1100 τοῦ
2406 1046 2596 1099 λοιποῦ
2625 1045 2990 1116 φυλαξώμεθα
3035 1048 3109 1118 μὴ
3160 1049 3521 1120 ἁμαρτάνειν.
3571 1054 3742 1107 Καλὸν

2165 1141 2275 1211 γὰρ
2308 1139 2413 1194 κᾶν
2465 1138 2555 1192 διὰ
2605 1140 2714 1193 τῶν
2757 1141 2855 1210 τῆς
2888 1140 3201 1204 πλεονεξίας
3229 1142 3534 1211 χρημάτων
3567 1144 3744 1212 φίλους

2167 1231 2402 1286 κτᾶσθαι
2435 1232 2561 1294 τοὺς
2585 1233 2643 1285 ὲν
2672 1230 2749 1302 τῷ
2774 1233 2966 1302 κόσμῳ
2997 1232 3170 1301 τούτῳ
3199 1233 3551 1302 πενομένους,
3585 1235 3744 1288 πλου-

2167 1325 2317 1389 σίους
2361 1325 2417 1378 δὲ
2475 1325 2617 1379 κατὰ
2666 1325 2829 1378 Θεόν·
2891 1325 2977 1378 ἵνα
3015 1327 3146 1377 ὅταν
3186 1323 3529 1396 ὲκλίπωμεν,
3592 1328 3749 1396 μηδὲν

2168 1417 2388 1489 ἔχοντες
2423 1419 2654 1480 ζωτικὸν
2683 1417 2980 1487 δικαίωμα.
3019 1418 3086 1471 δι’
3125 1411 3200 1471 ὧν
3227 1417 3426 1481 αὐτοὺς
3455 1414 3515 1472 εὖ
3565 1421 3748 1490 ἐποιή-

2169 1527 2364 1581 σαμεν,
2397 1512 2478 1575 εις
2516 1511 2616 1573 τὰς
2665 1509 2879 1564 ἑαυτῶν
2907 1526 2911 1530 ·
2937 1511 3082 1580 ἡμᾶς
3115 1509 3326 1578 σκηνὰς
3384 1510 3434 1562 οἱ
3466 1509 3750 1579 ἠλεημένοι

2170 1602 2537 1668 ὑποδέξωνται
2557 1619 2570 1634 ·
2627 1603 2691 1655 El
2724 1601 2781 1655 δὲ
2817 1601 2954 1672 μηδὲ
3015 1601 3080 1653 ὲκ
3111 1600 3205 1654 τοῦ
3247 1602 3488 1671 μαμωνᾶ
3515 1601 3615 1671 τῆς
3646 1601 3755 1654 ἀδι-

2172 1693 2312 1759 κίας,
2336 1693 2456 1765 ἦτοι
2484 1693 2582 1762 τῆς
2607 1691 2943 1758 πλεονεξίας,
2976 1690 3038 1745 εὖ
3067 1694 3241 1744 ποιεῖν
3263 1691 3622 1761 Θελήσαιμεν,
3643 1691 3754 1753 πῶς

2168 1786 2234 1840 ἂν
2262 1784 2688 1854 πιστευθείημεν
2715 1784 2800 1836 ὅτι
2833 1785 2882 1836 εί
2914 1783 3201 1853 προσῆσαν
3233 1783 3375 1852 ἡμῖν
3438 1781 3500 1847 ἐξ
3547 1781 3752 1835 οἰκείων

2169 1876 2356 1931 κόπων
2382 1877 2665 1948 χρήματα,
2690 1877 2903 1939 τούτοις
2929 1875 2995 1928 ἂν
3019 1874 3147 1938 τοὺς
3168 1874 3373 1937 ἐνδεεῖς
3406 1875 3713 1942 ὴλεήσαμεν
3738 1889 3752 1937 ;

2169 1971 2232 2026 El
2256 1970 2366 2042 γὰρ
2395 1971 2460 2024 ὲκ
2490 1968 2600 2023 τῶν
2629 1969 2926 2038 ἀλλοτρίων
2957 1966 3051 2021 καὶ
3083 1965 3119 2020 ἃ.
3151 1967 3326 2035 χωρὶς
3348 1965 3537 2018 κόπων
3571 1964 3754 2016 πλεον-

2170 2064 2406 2128 εκτικῶς
2438 2061 2795 2134 ἐκτησάμεθα
2823 2103 2838 2128 ,
2866 2062 2925 2115 οὐ
2967 2059 3378 2131 μετεδώκαμεν,
3403 2056 3440 2112 ἃ
3468 2058 3560 2109 καὶ
3589 2059 3754 2110 οἰκεῖα

2171 2155 2321 2209 δοκεῖ
2350 2151 2511 2214 εἶναι,
2541 2153 2634 2206 καὶ
2668 2151 2846 2204 πόνων
2899 2151 3045 2204 ἰδίων
3105 2147 3345 2218 καρπὸς,
3411 2145 3533 2209 πῶς
3561 2145 3624 2200 ἄν
3655 2162 3755 2199 τινι

2173 2248 2379 2303 τούτων
2413 2247 2737 2318 μεταδοῦναι
2769 2244 3219 2316 πιστευθείημεν.

1590 2499 1717 2562 Μαι,
1748 2498 1886 2552 Bibl.
1915 2497 2061 2552 Nova
2110 2496 2336 2551 Patrum
2370 2538 2384 2562 ,
2415 2497 2504 2559 Ill,
2540 2496 2659 2551 104.

772 2607 983 2681 Eulogii
1013 2612 1193 2680 putria
1204 2613 1340 2665 νείκη
1379 2613 1416 2665 Α
1429 2612 1753 2666 lmmulriui.

543 2704 926 2759 Remittuntur
954 2705 1276 2775 iniquitates
1319 2706 1372 2760 in
1404 2707 1700 2778 baptismo,
1731 2717 1984 2778 tegentur
2012 2709 2066 2761 in

469 2795 816 2865 ptenitentia.
843 2795 1021 2852 Dletio
1046 2806 1254 2862 autem,
1289 2815 1394 2852 non
1434 2800 1777 2870 imputaverit
1812 2800 2068 2853 Dominus

471 2889 728 2944 eritteleat
760 2890 1090 2945 vocabulum
1131 2900 1338 2963 tegere;
1372 2909 1498 2947 nam
1549 2902 1696 2948 recta
1742 2895 2068 2964 paenitentia

2455 2609 2756 2677 Εὐλογίου
2777 2607 2948 2660 mina
2969 2605 3448 2676 Ἀλεξανδρείας.

2237 2705 2308 2758 Τὸ
2361 2703 2461 2775 μὲν
2510 2704 2873 2773 ἀφείθησαν,
2917 2703 3012 2756 ἐπὶ
3077 2702 3171 2757 τοῦ
3237 2703 3644 2774 βαπτίσματος,
3700 2699 3758 2750 τὸ

2169 2798 2226 2851 δὲ
2275 2796 2806 2865 ἐπεκαλύερθησαν
2851 2794 2946 2846 ἐπὶ
2981 2795 3080 2865 τῆς
3132 2794 3436 2864 μετανοίας
3483 2791 3752 2846 τάττεται.

2169 2889 2242 2941 Τὸ
2269 2889 2348 2952 δὲ,
2386 2881 2435 2955 ᾧ
2475 2889 2546 2941 οὐ
2589 2887 2677 2956 μὴ
2713 2887 3037 2956 λογίσηται
3069 2886 3316 2954 Κύριος,
3364 2883 3626 2955 ὲξήγησίς
3654 2881 3762 2934 ἐστι

472 2989 698 3049 peccata
748 2981 913 3051 tegit,
948 2992 1004 3036 ut
1032 2983 1145 3054 jam
1177 2984 1320 3054 apud
1355 2984 1528 3038 Deum
1564 3001 1672 3040 non
1709 2996 2057 3056 reputentur.

2177 2978 2272 3033 τοῦ
2320 2977 2808 3048 ἐπικαλυφθῆναι
2835 2993 2849 3008 ο
2881 2980 2914 3048 ἡ
2941 2978 3049 3048 γὰρ
3093 2977 3231 3048 ὀρθὴ
3283 2977 3550 3047 μετάνοια
3583 2976 3764 3027 ἐπικα-

2173 3073 2369 3124 λύπτει
2411 3072 2509 3135 τὰς
2545 3071 2822 3140 ἁμαρτίας
2844 3110 2859 3135 ,
2882 3070 3024 3124 ὥστε
3068 3071 3142 3141 μὴ
3170 3070 3330 3142 παρὰ
3365 3070 3443 3139 τῷ
3473 3065 3594 3137 Θεῷ
3622 3065 3762 3132 107l-

2174 3163 2365 3228 ζεποαι
2400 3161 2627 3225 ταύτας.

474 3307 563 3369 De
595 3309 901 3388 Operibus
924 3314 1130 3375 sancti
1164 3314 1429 3395 Eulogii
1471 3318 1816 3397 deperditis
1857 3320 1986 3397 lege
2036 3319 2680 3401 quml’holiusltabet
2727 3336 2791 3379 ιη
2840 3320 3256 3401 Bibliotheca,
3315 3328 3502 3390 codd.
3539 3340 3759 3397 ccxxv,

1202 3411 1458 3472 ccxxvr,
1493 3416 1724 3475 ccxxx,
1766 3397 2258 3480 ccr.xxx,‘hujus
2297 3399 2665 3478 Patrologim
2706 3406 2850 3460 tam.
2889 3402 3040 3460 Cll].
