3898 6380
207 427 3430 484 Μ

1475 647 1647 692 ANNO
1683 650 1908 696 DOMINI
1943 653 2152 697 DXCVI.

687 829 860 1008 S.
1025 830 1933 1011 SYMEON
2082 840 2190 1013 J
2203 837 2490 1014 UN
2503 835 2929 1018 10B.

963 1320 1124 1409 DE
1188 1321 1284 1411 S.
1357 1322 2015 1417 SYMEONE
2107 1325 2709 1420 STYLITA

1059 1531 1124 1576 ιΝ
1167 1530 1378 1577 ΜΟΝΤΕ
1405 1530 1684 1577 MIRABILI
1711 1533 1914 1578 PROPE
1943 1535 2330 1581 ANTIOCHIAM
2359 1537 2582 1594 εγιιω,

583 1680 1184 1742 COMMENTARIUS
1229 1679 1584 1740 PR/EVIUS
1617 1680 1842 1740 CONB.
1882 1682 2320 1756 JANNINGHI,
2352 1683 2782 1746 SOCIETATIS
2815 1685 3016 1748 JESU.

1175 1847 1461 1916 (Bona-xu.
1488 1844 1605 1901 Act.
1637 1843 1822 1900 Sanct.
1863 1853 1904 1899 t.
1940 1846 1986 1900 ν
2015 1846 2164 1912 Maii,
2196 1862 2253 1917 p.
2283 1847 2436 1918 298.)

174 2150 196 2216 ξ
236 2149 272 2203 i.
321 2148 499 2201 Trium
553 2149 787 2218 ejusdem
829 2149 1056 2202 nominis
1099 2146 1415 2220 Sjtylitarum
1457 2147 1752 2211 diversitas,
1782 2151 2097 2216 Aquorum
2158 2164 2329 2202 unum
2383 2150 2572 2203 laudat
2623 2134 3014 2205 inveniendum
3063 2149 3210 2220 apud
3264 2166 3324 2206 se
3365 2151 3448 2206 ad'

619 2221 952 2288 cognomina,
987 2226 1035 2271 et
1056 2218 1246 2271 cultus.

235 2329 280 2382 l.
311 2329 635 2384 Graecorum
659 2328 952 2392 Triodion,
987 2330 1147 2398 cujus
1173 2329 1227 2382 in
1262 2344 1459 2383 eorum
1492 2329 1749 2385 ecclesiis

172 2435 289 2472 usus
318 2427 451 2474 esta
476 2419 772 2473 Dominica
795 2419 1235 2490 Septuagesimm
1273 2434 1449 2488 usque
1480 2419 1547 2474 ad
1587 2428 1746 2486 pcta-

173 2525 278 2561 vam
317 2511 707 2571 Pentecostes,
746 2511 799 2564 in
824 2510 1052 2566 Canone
1083 2511 1256 2564 Feriaa
1289 2526 1340 2564 Vl
1383 2520 1512 2565 ante
1554 2511 1745 2565 Domi-

172 2599 332 2653 nicam
369 2601 1120 2671 Quinquagesimzc.quando
1148 2601 1208 2654 lit
1230 2601 1483 2654 Memoria
1510 2603 1746 2654 omnium

172 2704 460 2746 sanctorum
487 2700 542 2746 et
577 2692 913 2761 Deiferorum
947 2693 1197 2753 Patrum,
1225 2695 1315 2762 qui
1345 2694 1400 2745 in
1448 2693 1745 2745 menastica

175 2786 543 2838 exercitatione
587 2782 943 2854 singulariter
1029 2783 1334 2846 eluxerunt,
1396 2783 1604 2852 Μνὴμη
1636 2781 1745 2833 τῶν

175 2878 319 2930 ὁτέων
351 2880 446 2930 καὶ
465 2878 760 2948 θεοφόρων
793 2878 1074 2947 Πατέρων,
1100 2877 1209 2929 τῶν
1259 2879 1318 2929 ὲν
1340 2878 1571 2945 ἀτκήσει
1602 2875 1744 2946 λαμ-

173 2968 413 3036 ψᾱιντων,
471 2985 672 3024 eorum
730 2969 1069 3024 celebriores
1123 2969 1406 3039 sigillatim
1445 2979 1503 3024 et
1546 2967 1746 3022 ordine

177 3061 510 3129 alphabetico
536 3061 846 3117 laudandos
872 3062 1155 3131 preponit,
1182 3077 1279 3131 per
1297 3062 1576 3117 Canonem
1604 3061 1747 3116 bene

177 3152 404 3223 longum.
437 3155 503 3208 In
529 3154 695 3224 hujus
723 3162 908 3208 autem
941 3153 1172 3208 canonis
1200 3151 1305 3207 ode
1355 3153 1408 3214 6,
1455 3151 1680 3221 strophe
1713 3150 1747 3205 5

179 3243 340 3314 (cujus
371 3255 426 3300 et
465 3246 746 3300 Baronius
773 3245 1031 3299 meminit
1054 3244 1120 3298 ad
1169 3260 1259 3298 an.
1288 3244 1414 3307 842,
1449 3259 1603 3296 num.
1628 3241 1744 3312 27),

179 3333 474 3405 ὃγιιιεοιιθδη
515 3345 759 3406 quatuor
800 3335 882 3392 sic
912 3343 1464 3390 commemorantur:
1505 3333 1747 3403 Οὐρανὸς

180 3431 601 3497 τετραφὸστερος
669 3428 842 3497 ὲιεὰνη
873 3429 931 3480 ὲν
965 3430 1057 3496 γῇ,
1126 3428 1160 3496 ἡ
1208 3425 1297 3478 διὰ
1347 3425 1428 3487 δὶς
1466 3423 1560 3477 δύο
1608 3422 1746 3493 αὕτη

1857 2239 2063 2293 calcem
2095 2239 2544 2310 Evangeliorum,
2575 2241 2807 2296 Arabiee
2863 2241 2916 2294 in
2940 2240 3172 2312 [Egypto
3209 2243 3434 2311 perpul—

1857 2330 1990 2383 ehrc
2025 2330 2386 2400 scriptorum,
2416 2341 2848 2403 anamartyrum
2879 2349 2980 2396 ιιιι,
3018 2332 3073 2387 id
3125 2342 3209 2388 est
3230 2332 3435 2388 Christi

1859 2419 2031 2484 1286;
2069 2422 2150 2475 sic
2180 2431 2362 2477 autem
2397 2423 2472 2476 ibi
2501 2423 2856 2478 referuntur:
2887 2426 2919 2478 4
2951 2424 3159 2478 mensis
3175 2425 3319 2478 Vhot
3339 2439 3438 2478 seu

1859 2512 1881 2564 l
1916 2511 2258 2580 Septembris
2289 2513 2561 2584 Symeouis
2618 2514 2848 2575 Detenti.
2889 2517 3048 2585 cujus
3090 2515 3439 2586 cognominis

1859 2605 2001 2655 ratio
2035 2604 2178 2658 haud
2211 2605 2372 2659 facile
2406 2615 2678 2674 apparet;
2709 2607 2778 2660 29
2816 2607 3022 2661 mensis
3048 2607 3299 2662 Baehnes
3337 2623 3437 2661 seu

1852 2695 1923 2748 24
1953 2695 2100 2758 Maii,
2132 2698 2304 2749 sancti
2345 2694 2618 2766 Symeonis
2644 2697 2828 2766 Magni
2850 2715 2869 2761 ;
2901 2699 2935 2752 5
2979 2699 3185 2754 mensis
3231 2697 3434 2760 Musre.

1854 2785 1908 2839 id
1935 2795 2021 2840 est
2052 2787 2121 2841 27
2145 2787 2277 2842 Julii
2313 2829 2326 2852 ,
2381 2786 2656 2859 Symeonis
2699 2786 2926 2858 Stylitar.
2987 2789 3179 2842 Itidem
3238 2788 3434 2843 iisdem

1811 2877 2055 2932 ~diebus
2084 2888 2447 2934 recensentur
2489 2881 2656 2934 etiam
2693 2879 2747 2934 in
2792 2881 3129 2936 Kalendario
3177 2881 3426 2952 Syriaco,

1853 2969 2005 3037 quod
2040 2969 2298 3024 Patrihus
2321 2971 2530 3025 nostris
2564 2971 2917 3027 llenschenio
2939 2982 2994 3027 et
3027 2972 3434 3042 Papcbrochio,

1855 3061 2045 3115 Romae
2107 3061 2161 3114 in
2232 3061 2466 3132 collegio
2537 3063 2891 3128 Maronitico,
2950 3063 3150 3120 Latine
3201 3063 3434 3119 dictavit

1853 3152 1918 3207 D.
1972 3153 2292 3221 Josephus,
2356 3155 2573 3226 collegii
2633 3156 2886 3226 ejusdem
2948 3156 3252 3220 alumnus,
3329 3155 3437 3210 hoc

1859 3245 2024 3299 modo
2064 3264 2077 3298 :
2116 3245 2298 3300 Obitus
2339 3249 2512 3301 sancti
2556 3245 2834 3318 Symconis
2885 3249 3047 3319 primi
3090 3247 3432 3318 Stylitarum.

1853 3338 2026 3391 sancti
2050 3335 2438 3406 Symeonis.....
2473 3340 2646 3392 sancti
2674 3337 2946 3409 Symeonis
2970 3337 3196 3408 Stylitte.
3257 3339 3443 3407 Atque

1857 3431 2054 3484 eodem
2082 3429 2199 3484 fere
2230 3431 2415 3492 modo,
2446 3431 2666 3499 punctis
2699 3431 2866 3485 etiam
2907 3431 2972 3485 ad
2998 3429 3302 3485 secundum
3338 3445 3440 3484 ιιο·

182 3516 499 3584 Συμεὼνειος
540 3518 852 3586 ὁμωνυμία,
876 3519 931 3568 ὲν
960 3518 1074 3579 τοῖς
1103 3515 1313 3578 στύλοις
1338 3517 1484 3584 τρεῖς
1504 3514 1628 3579 εισι,
1661 3515 1755 3566 καὶ

1864 3519 2010 3583 tatis,
2036 3521 2160 3573 loco
2182 3519 2334 3586 vocis
2357 3521 2595 3590 alicujus
2629 3520 2936 3575 deﬁcientis
2967 3535 3182 3589 usuque
3199 3519 3436 3585 extrita,

182 3601 248 3669 εἷς
273 3611 298 3660 ὁ
319 3611 509 3674 Σειλός.
531 3609 652 3664 Hazc
682 3610 760 3663 bis
786 3610 1014 3662 duorum
1038 3606 1357 3678 Symeonum
1389 3609 1746 3677 homongmia,

186 3704 420 3766 apparuit
452 3704 514 3755 in
560 3710 707 3755 terra
760 3699 902 3754 velut
932 3698 1122 3753 caelum
1171 3710 1404 3769 quatuor
1464 3697 1751 3751 luminari-

183 3789 260 3843 bus
295 3793 626 3856 distinctum,
667 3810 895 3863 quorum
951 3801 1056 3845 tres
1088 3793 1142 3845 in
1177 3791 1436 3845 columnis
1489 3793 1748 3856 vixerunt,

186 3898 304 3937 unus
332 3885 650 3956 appellatur
681 3885 860 3940 Salus.
885 3886 1102 3942 Colitur
1126 3886 1358 3940 ultimus
1388 3884 1478 3938 die
1520 3884 1544 3937 1
1591 3882 1748 3938 Julii.

185 3970 490 4042 Stylitarum
545 3976 658 4030 duo
705 3977 983 4032 notissimi
1038 3986 1187 4039 sunt,
1221 3976 1390 4030 etiam
1445 3974 1590 4044 apud
1634 3974 1751 4028 Mo-

186 4065 326 4121 scbos
349 4077 405 4122 et
431 4077 713 4138 quotquot
739 4068 831 4122 alii
854 4068 1062 4124 Griecis
1108 4069 1311 4123 ritibus
1353 4074 1625 4133 utuntur;
1673 4083 1751 4120 se-

187 4156 307 4221 nior,
330 4159 361 4211 5
385 4159 644 4215 Januarii
671 4159 815 4228 apud
861 4159 1111 4224 Latinos,
1155 4160 1300 4229 apud
1351 4160 1574 4215 Graecos
1606 4160 1628 4214 Ι
1657 4158 1754 4214 Se-

187 4248 472 4312 ptembris;
520 4250 734 4318 junior,
762 4249 974 4303 Latinis
999 4250 1178 4304 Fastis
1211 4251 1430 4319 ignotus
1466 4265 1644 4318 usque
1684 4248 1753 4302 ad

189 4343 589 4394 rcnovationcm
638 4339 1010 4411 Martyrologii
1066 4356 1096 4394 a
1129 4340 1366 4394 Baronio
1417 4340 1638 4404 factam,
1672 4340 1752 4394 fe-

189 4427 472 4487 stivitatem
527 4431 694 4486 habet
749 4432 1174 4486 celeberrimam
1217 4431 1448 4485 Oriente
1491 4439 1608 4487 toto
1663 4431 1755 4484 die

189 4517 249 4571 24
301 4521 450 4583 Maii.
501 4523 697 4578 nescio
743 4539 810 4577 ex
867 4538 979 4592 quo
1022 4523 1206 4592 capite
1269 4522 1476 4577 relatus
1535 4521 1603 4574 ab
1655 4536 1754 4575 eo-

191 4606 297 4663 dem
318 4612 555 4666 Baronio
577 4613 644 4666 ad
671 4613 704 4666 '5
723 4611 1089 4682 Septembris,
1123 4620 1244 4666 rato
1269 4611 1418 4666 hunc
1442 4611 1596 4667 illum
1632 4625 1753 4664 esse

191 4711 334 4766 quem
367 4703 508 4772 ipsis
538 4702 800 4757 Kalendis
825 4701 1000 4756 Graeci
1028 4701 1338 4755 celebrant.
1377 4701 1602 4755 Tertius
1631 4699 1755 4772 Sty-

193 4787 567 4858 litarum,cum
613 4795 792 4849 titulis
835 4794 1139 4865 Presbyteri
1193 4803 1242 4846 ct
1282 4793 1750 4857 Archimandrita’,

196 4883 298 4936 solo
323 4885 834 4942 liactenusnomine
872 4885 1046 4940 ferme
1073 4895 1241 4941 notus
1279 4885 1441 4939 nobis
1493 4893 1616 4938 est:
1652 4899 1759 4940 nec
1786 4867 1829 4924 (ἶ

193 4974 322 5028 enim
352 4979 486 5032 satis
521 4985 738 5032 constat
768 4979 946 5047 ipsum
972 4993 1116 5041 esse,
1143 4977 1238 5048 qui
1296 4977 1351 5031 in
1381 4977 1572 5032 Cilicia
1599 4977 1756 5042 vixit,

195 5069 240 5113 et
266 5063 487 5123 fulmine
517 5076 699 5122 tactus
729 5067 892 5130 obiit,
937 5067 1140 5122 Joanni
1189 5067 1415 5122 Moscho
1469 5067 1524 5122 in
1586 5066 1758 5121 Prato

197 5153 442 5218 spirituali
467 5157 726 5212 laudatus
775 5175 789 5210 ε
846 5157 912 5212 ad
946 5157 1095 5212 diem
1147 5159 1217 5212 27
1247 5158 1387 5212 Julii
1429 5158 1760 5212 memoriam

200 5246 301 5316 ejus
317 5247 486 5302 Grteci
520 5249 791 5302 recolunt.

256 5337 305 5390 2.
348 5340 553 5396 Eadem
597 5341 764 5394 trium
828 5341 1020 5396 saltem
1077 5339 1414 5412 Symeonum
1469 5339 1764 5394 distinctio

203 5427 320 5483 adeo
347 5447 444 5500 per
468 5430 754 5485 Orientem
787 5440 916 5486 nota
944 5431 1051 5485 fuit
1072 5473 1086 5497 ,
1134 5441 1195 5487 ut
1214 5434 1379 5486 etiam
1403 5432 1468 5486 ad
1514 5432 1764 5502 Coptitas

203 5529 282 5570 seu
310 5520 656 5578 Christianos
683 5523 965 5594 Egyptios
997 5524 1360 5592 pertinuerit:
1403 5524 1548 5593 quod
1597 5539 1764 5594 appa-

205 5616 297 5663 ruit
325 5628 385 5667 ex
412 5631 605 5669 eorum
628 5614 993 5675 Kalcndariis,
1023 5617 1076 5668 in
1110 5616 1288 5670 lucem
1311 5615 1477 5670 editis
1501 5632 1529 5669 a
1555 5617 1761 5670 Jacobo

205 5692 436 5771 S.:Ideno,
479 5703 578 5758 lib.
609 5720 668 5758 ιιι
715 5703 782 5758 de
825 5703 1116 5774 Synedriis
1158 5704 1518 5760 Hebraeorum
1582 5724 1630 5760 c.
1674 5707 1757 5770 l5,

1858 3610 2215 3676 reperiuntur
2245 3611 2324 3664 illi
2361 3611 2504 3679 apud
2534 3611 2856 3676 Seldenum,
2883 3610 3075 3664 itidem
3121 3609 3215 3664 ubi
3249 3625 3452 3679 supra,

1858 3699 1915 3752 in
1965 3700 2073 3753 alio
2145 3700 2475 3755 Kalendario
2547 3702 2698 3770 quod
2760 3701 3075 3771 composuit
3145 3700 3453 3756 Mallumed'

1855 3787 2101 3844 lchmcd
2127 3790 2521 3846 Calcasendius
2555 3795 2619 3845 de
2646 3794 2788 3862 festis
2818 3791 3174 3862 Coptitarum,
3211 3792 3306 3846 ubi
3337 3807 3440 3847 no-

1857 3881 2005 3935 mina
2028 3881 2106 3936 sic
2134 3882 2394 3951 leguntur
2421 3899 2433 3934 :
2472 3883 2494 3934 l
2525 3882 2860 3951 septembris
2899 3881 3173 3952 Symeonis
3209 3881 3455 3952 Stylitaz,

1857 3973 1926 4026 22
1950 3989 2048 4042 pro
2075 3974 2144 4026 24
2167 3973 2289 4026 Maii
2325 3971 2536 4027 Festum
2583 3973 2878 4045 Symeonis,
2931 3973 2999 4026 27
3041 3973 3171 4028 Jttlii
3228 3971 3440 4027 Festum

1859 4062 2132 4133 Symeonis
2167 4063 2379 4134 Stylita:
2410 4080 2427 4118 :
2463 4066 2599 4133 quin
2645 4065 2810 4119 etiam
2850 4065 2917 4118 ad
2976 4065 3043 4119 M
3094 4063 3441 4133 Septembris

1857 4154 2103 4219 additur,
2140 4155 2262 4209 aliis
2285 4156 2546 4210 omnibus
2599 4157 2870 4226 ignotum,
2924 4157 3111 4225 festum
3164 4153 3440 4225 Symeonis

1859 4245 2100 4315 Stylitaz;
2129 4255 2184 4300 ct
2218 4245 2491 4301 Seldeuus
2524 4262 2624 4301 sua
2661 4261 2828 4300 manu
2890 4245 3168 4316 ascripsit,
3217 4245 3440 4300 alterius

1857 4352 1946 4390 seu
1971 4335 2258 4402 Juniuris;
2291 4352 2455 4406 quam
2485 4347 2656 4401 recte,
2692 4337 2810 4406 ipse
2836 4336 3058 4392 viderit.
3092 4337 3151 4391 In
3172 4337 3442 4408 Martyro-

1858 4424 2004 4492 logio
2024 4424 2513 4495 Arabo-IEgyptio,
2543 4426 2692 4495 quod
2719 4426 2916 4480 iisdem
2949 4426 3212 4481 Patrihus
3268 4425 3444 4485 inter-

1858 4525 2108 4585 pretatus
2139 4526 2221 4572 est
2242 4517 2429 4572 Gratia
2483 4517 2788 4582 Simonius,
2827 4527 2962 4573 tunc
3016 4517 3262 4587 ejusdem
3330 4517 3444 4571 colo

1858 4609 1985 4679 legii
2012 4609 2270 4664 alumnus
2295 4626 2444 4664 nunc
2465 4610 2926 4680 archiepiscopus
2954 4609 3336 4680 Tripolitanus
3385 4607 3441 4663 in

1859 4700 2036 4770 Syria,
2065 4701 2241 4755 solum
2262 4701 2548 4756 invenitur
2581 4701 2846 4755 Memoria
2896 4700 3075 4754 sancti
3129 4698 3311 4754 Patris
3342 4697 3444 4772 Sg-

1859 4793 2060 4845 mconis
2095 4792 2428 4854 Miraculosi,
2454 4793 2698 4861 ascripta
2719 4792 2789 4846 24
2817 4791 2977 4846 Maii.!

1935 4883 2046 4937 Leo
2071 4883 2328 4947 Allatius,
2362 4884 2417 4938 in
2443 4883 2690 4938 Diatriba
2723 4883 2791 4938 de
2819 4883 3156 4954 Symeonum
3211 4884 3444 4954 scriptis

1861 4977 2072 5043 optime
2119 4975 2189 5029 de
2219 4959 2591 5046 Symeonibus
2633 4973 2978 5037 meritus,de
3004 4973 3226 5030 Juniorc
3250 4990 3459 5044 agens”

1862 5065 2052 5130 Graeci,
2092 5066 2294 5136 inquit,
2324 5067 2658 5129 recentiores,
2683 5074 2738 5118 ut
2768 5066 3001 5136 primum
3040 5067 3105 5120 ab
3135 5067 3232 5122 hoc
3251 5083 3445 5122 secutis-

1863 5157 1929 5209 rlo
1950 5157 2303 5226 distinguant,
2338 5159 2569 5226 primum
2608 5156 2921 5228 Symeonem
2947 5158 3040 5211 τὸν
3094 5161 3153 5211 ὲν
3198 5163 3264 5231 τῇ
3307 5163 3449 5230 μάνο-

1861 5247 1982 5318 δρᾳ,
2003 5248 2285 5302 secundum
2309 5249 2444 5302 hunc
2470 5248 2560 5301 τὸν
2583 5251 2641 5301 ὲν
2669 5249 2768 5301 Θαυ
2778 5249 2967 5319 μαστῷ
2988 5249 3102 5319 ὄρει
3130 5251 3406 5321 appellunt
3428 5269 3448 5308 :

1867 5338 2062 5407 utique
2091 5353 2120 5390 a
2150 5337 2272 5392 loco
2306 5338 2360 5391 in
2409 5355 2520 5411 quo
2555 5339 2755 5410 singuli
2791 5347 3100 5394 extremum
3135 5341 3260 5396 vita:
3297 5342 3446 5397 diem

1865 5430 2151 5493 obierunt,
2201 5432 2253 5484 in
2293 5447 2389 5485 sua
2439 5432 2674 5502 quisque
2719 5433 3025 5500 columna;
3062 5433 3275 5502 primus
3332 5434 3453 5488 lon-

1864 5524 1987 5593 gius
2018 5523 2089 5577 ab
2125 5524 2446 5590 Antiochia,
2475 5525 2621 5580 inter
2645 5524 2791 5578 hanc
2831 5534 2887 5579 et
2916 5525 3210 5594 Aleppuui,
3249 5525 3329 5578 uti
3368 5534 3449 5580 tc-

1865 5616 1966 5669 stis
2028 5625 2113 5670 est
2168 5616 2263 5686 qui
2301 5633 2480 5687 nuper
2519 5618 2701 5672 adhuc
2731 5617 3044 5671 columnam
3079 5616 3219 5671 vidit
3255 5617 3452 5673 Frater

1863 5707 2138 5764 Antonius
2165 5709 2436 5767 Gonzales
2473 5710 2768 5766 Minorita:
2793 5707 3074 5766 secundus
3104 5708 3252 5765 haud
3288 5711 3450 5781 longe
