3898 6394
310 372 446 433 99(ιῖ

1578 369 1637 427 s.
1674 352 1969 428 svsiEolv
2009 367 2315 429 JUNIOR.

3408 359 3552 437 2968

310 501 340 537 ιι
406 483 674 538 sulmrbin
738 483 1013 551 Daphnes,
1064 481 1118 534 in
1174 488 1361 535 monte
1412 494 1575 549 quem
1626 478 1881 549 pluribus
1912 483 1955 540 Α
1985 476 2132 531 intra
2164 476 2445 532 mandram
2472 480 2732 535 conclusa
2769 479 2892 548 fuit,
2943 480 3021 535 uti
3060 481 3331 546 Senioris,
3383 493 3547 553 prout

314 576 693 630 describemus
721 574 880 628 infra.
906 574 983 627 De
1018 572 1199 642 primo
1225 570 1442 626 abunde
1468 570 1767 625 Bollandus
1790 585 1885 623 no-

313 677 426 722 ster
456 667 566 737 egit
590 667 644 721 in
676 666 955 728 Januario,
984 673 1041 719 et
1068 662 1411 734 cognominis
1440 661 1686 731 praedicti
1713 661 1882 715 ratio-

323 773 452 813 nem
502 773 568 811 ex
608 765 836 810 auctore
879 755 1026 810 haud
1085 755 1249 825 paulo
1295 754 1592 823 antiquiori
1646 752 1883 823 Evagrio

313 848 724 918 intelligendam
766 846 944 909 dedit,
982 847 1238 917 allegatis
1293 843 1429 915 ejus‘
1468 842 1675 908 verbis,
1706 858 1885 897 annos

310 940 437 993 vitae
460 939 540 1016 sic
569 937 1053 1013 distribuentibus,
1093 944 1150 991 ut
1179 936 1377 991 dicatis
1409 935 1587 1006 egisse
1636 935 1695 987 tv
1744 933 1881 1005 αὐτῇ
1922 996 1931 999 η

315 1029 622 1101 καλουμένῃ
691 1028 918 1101 Μάνδρᾳ
974 1030 1115 1083 ἓπτα
1177 1029 1271 1082 καὶ
1305 1028 1712 1100 τεσσαράκοντα
1761 1025 1880 1095 ἐτη,

310 1121 365 1173 in
413 1136 474 1174 ea
515 1137 633 1191 qua:
660 1129 874 1176 vocatur
920 1119 1151 1175 Handra
1198 1134 1367 1174 annos
1409 1118 1767 1189 quadraginta
1802 1133 1884 1171 se-

311 1218 474 1281 ptem,
501 1211 760 1266 videlicet
783 1211 1014 1266 ultimos
1052 1210 1179 1266 vita:
1216 1226 1349 1276 suae,
1385 1209 1551 1280 idque
1594 1224 1761 1278 supra
1793 1222 1884 1262 va-

314 1304 427 1360 ries
448 1304 758 1360 successive
792 1304 1098 1369 columnas,
1126 1305 1270 1358 intra
1304 1302 1555 1357 eamdem
1601 1301 1880 1356 Mandram

310 1401 549 1458 erectas,
594 1400 761 1463 prout
793 1408 859 1447 ex
910 1392 1030 1445 Vita
1061 1392 1128 1446 ab
1157 1390 1400 1446 Antonio
1436 1389 1706 1459 discipulo
1749 1387 1882 1442 scri-

313 1489 407 1551 pta
438 1482 782 1553 intelligitur.
820 1481 916 1536 Est
944 1490 1130 1535 autem
1166 1480 1393 1535 Mandra
1420 1480 1473 1534 in
1497 1479 1678 1550 primo
1716 1487 1882 1549 atque

309 1572 614 1642 originario
664 1587 767 1628 suo
803 1572 1131 1643 significato,
1175 1572 1332 1627 locus
1378 1571 1614 1627 maceria
1666 1571 1880 1641 lapidea

310 1663 732 1734 circumseptus,
762 1664 977 1734 qualem
1022 1663 1128 1721 sibi
1175 1664 1229 1719 in
1259 1663 1430 1735 Syriae
1466 1663 1675 1734 campis
1702 1664 1882 1719 facere

310 1755 569 1810 solebant
617 1764 885 1825 pastores,
918 1756 1175 1830 intraque
1204 1770 1325 1810 eam
1353 1756 1596 1826 pecudes
1621 1771 1751 1811 suas
1776 1772 1881 1811 no-

312 1855 406 1900 ctu
471 1846 748 1918 colligere,
781 1846 874 1902 ubi
900 1862 931 1901 a
962 1847 1103 1916 lupis
1138 1862 1203 1902 ac
1253 1845 1474 1909 furibus
1500 1854 1631 1902 tuta:
1671 1858 1876 1904 essent.

310 1937 480 2003 Talis,
513 1951 618 1994 nec
673 1939 801 2003 alia,
827 1937 934 1993 fuit
964 1938 1211 2001 Mandra,
1250 1953 1373 2009 quae
1407 1938 1588 2008 primo
1633 1936 1881 2010 Symeoni

310 2044 513 2085 nomen
536 2029 689 2085 dedit
717 2047 733 2096 ;
765 2030 969 2100 quippe
1006 2030 1099 2099 qui
1124 2038 1322 2099 praeter
1348 2046 1518 2084 unum
1562 2031 1667 2086 sibi
1721 2032 1884 2087 mini-

309 2130 575 2177 strantem
600 2120 896 2181 Antonium
916 2121 1097 2177 nullos
1123 2121 1330 2176 sciatur
1345 2120 1606 2176 habuisse
1635 2120 1881 2191 discipu-

314 2215 433 2279 los;
458 2221 594 2267 cteo
619 2220 826 2270 tantum
848 2212 952 2266 line
986 2215 1106 2267 loco
1124 2227 1284 2282 quem
1310 2213 1563 2266 columna
1591 2228 1690 2266 sua
1717 2228 1884 2267 ceru-

312 2305 481 2376 pabat
504 2303 873 2361 circumduxit
912 2305 1229 2365 maceriam,
1262 2319 1330 2358 ne
1363 2303 1709 2373 promiscuus
1733 2304 1801 2358 ad
1824 2321 1884 2360 se

250 2390 253 2395 ’
314 2407 573 2448 accessus
610 2391 835 2450 daretur
869 2393 1034 2447 etiam
1064 2392 1392 2447 mulieribus
1421 2408 1436 2446 :
1463 2392 1592 2447 huic
1618 2408 1749 2446 vero
1781 2392 1880 2447 ad-

306 2485 498 2553 juncta
523 2493 644 2539 erat
691 2483 917 2538 mandra
959 2484 1153 2546 altera,
1185 2483 1329 2538 intra
1354 2498 1518 2553 quam
1550 2499 1672 2539 sese
1721 2499 1881 2554 pere-

310 2573 455 2643 grini
507 2573 862 2646 hospitesque
916 2576 1264 2645 reciperent,
1301 2572 1479 2628 donec
1513 2573 1580 2628 ad
1630 2582 1880 2629 sanctum

310 2661 756 2721 admitterentur.

382 2754 436 2810 4.
475 2754 747 2815 Caeterum
773 2756 902 2827 quia
931 2757 1193 2829 paulatim
1228 2774 1360 2815 usus
1392 2757 1656 2822 obtinuit,
1682 2763 1878 2813 utmo-

308 2846 611 2909 nachorum
668 2850 920 2907 cmnobia
967 2851 1209 2907 Mandris
1236 2894 1252 2916 ,
1284 2858 1341 2906 et
1399 2851 1592 2906 barum
1641 2849 1880 2921 praefecti

310 2938 628 2995 dicerentur
660 2940 1129 3009 Archimandritaa;
1168 2943 1299 2999 hinc
1342 2942 1546 2998 factum
1579 2950 1641 2997 ut
1685 2941 1882 2997 Senior

313 3029 564 3104 Symeou,
596 3033 690 3105 qui
712 3033 825 3105 jam
855 3034 1057 3103 passim
1094 3034 1592 3107 cognominabatur
1653 3031 1881 3105 Symeon

1985 567 2190 623 dicitur
2242 570 2296 623 in
2351 569 2471 624 Vita
2505 571 2694 625 matris
2719 612 2733 638 ,
2765 573 3083 641 apparuisse
3124 574 3210 628 illa
3257 590 3284 628 e
3324 576 3553 629 subdiali

1984 671 2137 731 parte
2164 661 2405 716 mandrae
2424 702 2438 726 ,
2489 668 2545 716 in
2599 679 2706 733 qua
2770 664 3015 719 columna
3044 675 3158 720 erat
3183 683 3203 734 ;
3237 666 3331 722 scd
3358 668 3552 723 eadem

1986 751 2216 806 mandra
2239 752 2567 823 intelligitur
2592 753 2851 810 habuisse
2881 764 3065 823 partes
3092 773 3200 811 non
3240 758 3547 822 subdialcs,

1982 857 2175 897 verum
2211 853 2379 898 tectas
2417 836 2515 914 per
2548 844 2772 900 modum
2809 834 3031 901 claustri
3063 848 3404 903 monachalis
3433 849 3548 903 cir-

1984 934 2467 989 cumcurrentibus
2497 936 2898 991 monachorum
2951 936 3127 1001 cellis,
3184 952 3307 1008 qua:
3339 938 3395 991 in
3449 938 3551 992 im-

1982 1022 2229 1092 pluvium
2260 1033 2423 1094 atque
2454 1025 2510 1079 in
2534 1026 2845 1081 columnam
2877 1036 3227 1098 prospectum
3250 1028 3548 1096 habebant,

1983 1114 2450 1183 quemadmodum
2479 1117 2644 1171 etiam
2676 1118 2841 1172 hodie
2856 1118 3058 1185 videri,
3079 1119 3304 1174 memini
3340 1135 3427 1175 me
3448 1136 3553 1175 au-

1983 1205 2187 1262 divisse
2217 1223 2284 1261 ex
2314 1207 2383 1262 iis
2411 1209 2506 1278 qui
2541 1208 2938 1281 Hierosolymis
2981 1210 3212 1276 reversi,
3239 1211 3406 1266 etiam
3437 1211 3551 1266 An-

1985 1296 2182 1352 tiochaa
2211 1299 2472 1353 dicebant
2501 1314 2560 1354 se
2589 1299 2781 1355 fuisse.
2808 1298 2874 1355 Et
2900 1300 3005 1355 hoc
3027 1309 3111 1356 est
3145 1304 3549 1366 monasterium,

1984 1388 2052 1444 de
2076 1404 2186 1459 quo
2213 1393 2266 1444 in
2297 1391 2415 1446 Vita
2439 1392 2612 1445 sancti
2643 1405 2699 1444 n.
2740 1390 2863 1453 l68,
2907 1391 3009 1445 ubi
3040 1392 3208 1446 etiam
3237 1391 3297 1446 tit
3340 1393 3551 1446 mentio

1984 1479 2255 1548 inferioris
2290 1479 2611 1535 monasterii
2659 1479 2725 1534 ad
2753 1478 2948 1549 pedem
3009 1480 3177 1535 credo
3210 1482 3413 1554 montis
3447 1497 3549 1550 po-

1984 1570 2096 1635 siti,
2126 1586 2224 1641 pro
2255 1570 2589 1641 recipiendis
2618 1571 2926 1641 hospitibus
2950 1571 3141 1625 etaliis
3163 1570 3409 1635 advenis,
3436 1572 3552 1626 sic-

1985 1662 2064 1717 uti
2097 1662 2285 1717 videre
2307 1663 2471 1718 estin
2502 1663 2657 1718 Italia
2718 1663 3111 1719 monasterium
3183 1666 3421 1733 positum
3480 1664 3551 1719 ad

1984 1752 2180 1823 pedem
2217 1752 2425 1808 montis
2453 1761 2617 1824 atque
2638 1753 2815 1808 eremi
2842 1752 3297 1810 Camaldulensis.
3325 1756 3551 1815 Utrobi-

1984 1859 2092 1914 que
2120 1853 2304 1898 autem
2332 1859 2589 1913 magnum
2618 1844 3017 1915 discipulorum
3046 1861 3336 1901 numerum
3384 1847 3554 1901 habe-

1982 1934 2078 1990 bat
2109 1943 2368 1990 sanctus:
2400 1936 2603 2005 quibus
2646 1944 2704 1991 et
2743 1936 2965 1992 vivendi
2994 1953 3242 1992 normam
3295 1939 3552 2007 pnescri-

1982 2036 2207 2096 pserat,
2245 2028 2405 2096 cuius
2434 2027 2877 2083 observationem
2924 2028 3225 2083 moriturus
3272 2044 3555 2083 commen-

1983 2119 2152 2173 davit.
2183 2119 2308 2173 Fuit
2342 2135 2473 2190 ergo
2504 2134 2632 2175 vere
2680 2120 3112 2175 Archimandrita
3148 2121 3237 2175 hic
3289 2119 3540 2192 Symeon.

1982 2210 2130 2265 Nihil
2174 2221 2352 2266 tamen
2387 2213 2956 2283 opuseratejusmodi
2981 2228 3108 2269 eum
3141 2213 3300 2267 titulo
3348 2213 3545 2282 appel-

1981 2303 2114 2367 lare,
2148 2303 2243 2372 qui
2262 2304 2373 2373 jam
2397 2303 2638 2359 habebat
2660 2304 2731 2359 ab
2757 2304 2906 2359 omni
2946 2304 3220 2359 memoria
3277 2303 3446 2359 notio.
3462 2319 3551 2359 em

1981 2393 2453 2466 nomenclaturam
2500 2393 2595 2446 τοῦ
2641 2395 2701 2447 ἐν
2755 2395 2835 2466 τῷ
2878 2394 3174 2464 θαυμαστῷ
3219 2396 3356 2464 ὄρει,
3404 2394 3556 2451 unde

1980 2463 2289 2553 compdsito
2327 2484 2552 2539 nomine
2586 2463 3101 2540 Thaumastoristam
3131 2463 3374 2555 appellat
3402 2487 3555 2541 Alla-

1983 2574 2113 2630 tius.
2130 2574 2304 2646 llujus
2317 2576 2488 2632 cultui
2512 2586 2673 2632 vetus
2687 2576 3049 2647 Menologium
3062 2576 3277 2649 Cryptae
3292 2578 3552 2644 Ferrataa,

1976 2665 2132 2736 jussu
2160 2664 2343 2720 Basilii
2378 2666 2728 2736 imperatoris
2772 2667 3089 2732 collectum,
3122 2683 3190 2722 ex
3243 2683 3420 2737 eoque
3457 2684 3554 2723 ac-

1980 2762 2202 2825 ceptum
2227 2769 2405 2826 nuper
2431 2756 2872 2827 impressumque
2904 2756 3163 2811 Basiliani
3202 2756 3342 2811 ritus
3367 2755 3554 2811 Horo-

1979 2846 2187 2919 logium
2214 2847 2541 2902 ascribit25
2604 2848 2729 2904 Maii
2765 2863 2866 2918 per
2913 2848 3080 2903 unius
3127 2847 3240 2902 diei
3278 2848 3553 2921 anticipa-

1981 2939 2210 3003 tionem,
2251 2939 2386 2993 satis
2418 2937 2824 3009 frequenterin
2883 2938 2978 2994 illo
3017 2937 3327 3009 Menologio
3357 2939 3553 2993 obser-

1983 3037 2165 3086 vatam
2188 3046 2219 3085 a
2250 3030 2433 3097 nobis,
2463 3029 2693 3085 incertis
2721 3045 2791 3085 an
2820 3045 2943 3085 eam
2966 3039 3222 3100 oporteat
3242 3030 3556 3095 collectori,

309 3125 365 3177 in
398 3122 646 3186 Handra,
677 3122 730 3177 in
774 3125 992 3179 excusis
1028 3124 1342 3181 Graecorum
1370 3124 1685 3181 Ritualibus
1714 3138 1880 3180 voce-
1908 3134 1949 3191 (ζ
1984 3135 2054 3176 an
2089 3120 2269 3176 solum
2308 3119 2568 3189 scriptori
2612 3119 2910 3190 imputare.
2963 3120 3174 3176 Caetera
3203 3121 3389 3175 omnia
3436 3130 3553 3177 tam

310 3222 403 3266 tur
454 3212 907 3277 Archimandrita,
934 3223 1137 3283 praeter
1186 3214 1357 3269 totius
1404 3214 1651 3269 historias
1691 3214 1876 3269 ﬁdem.

309 3302 489 3358 Minus
516 3303 675 3377 longe
696 3302 990 3368 aberravit,
1022 3303 1227 3358 erravit
1257 3313 1439 3359 tamen
1484 3312 1676 3361 auctor
1704 3304 1878 3375 Syna-

310 3393 452 3448 xarii
500 3392 932 3457 Claromontani,
959 3394 1193 3466 elogium
1227 3396 1347 3468 ejus
1376 3397 1469 3467 sic
1490 3396 1692 3451 ﬁniens
1723 3412 1737 3447 :
1789 3395 1880 3449 Ἐκ

311 3483 445 3549 γοῦν
501 3482 595 3536 τοῦ
672 3484 887 3557 οἰκῆσαι
951 3489 1021 3557 τῇ
1052 3486 1227 3559 λαύρα
1288 3491 1356 3559 τῇ
1432 3486 1877 3559 ὲπονομαζομένῃ

309 3574 559 3650 ιιάνδρᾳ,
588 3573 803 3642 Mrem
833 3576 1055 3645 Συμεὼν
1084 3579 1113 3631 ὁ
1132 3579 1227 3649 τῆς
1250 3579 1513 3649 Μὰνδραξ
1542 3595 1554 3608 ·
1593 3581 1658 3632 ὲκ
1688 3579 1744 3632 δὲ
1782 3578 1877 3633 τοῦ

312 3664 393 3726 εἰς
419 3664 703 3734 διαφόρους
738 3664 961 3737 στύλους
992 3666 1291 3738 ἀναχθῆναι
1317 3708 1330 3732 ,
1360 3668 1605 3721 καλεῖται
1655 3667 1879 3737 Συμεὼν

310 3755 588 3824 Στυλίτης.
619 3755 702 3811 Ex
727 3772 785 3810 eo
812 3758 949 3828 quod
979 3759 1251 3812 habitabat
1280 3760 1337 3814 in
1365 3760 1685 3813 monasterio
1740 3758 1880 3828 quod

308 3845 593 3898 uocabatur
616 3845 862 3915 Mandra,
889 3848 1080 3903 dicitur
1100 3847 1288 3921 Symeo
1326 3851 1379 3903 in
1420 3849 1649 3903 Mandra
1671 3863 1691 3904 :
1722 3864 1786 3902 ea:
1820 3865 1878 3902 eo

308 3949 431 3988 vero
466 3936 603 4002 quod
627 3937 855 3993 diversos
884 3937 1079 4011 Stylos,
1107 3939 1163 3993 id
1209 3948 1289 3995 cst
1340 3941 1646 4003 columnas,
1692 3954 1881 3995 ascea-

308 4023 405 4089 dlt,
435 4027 739 4083 nominatur
788 4026 1011 4099 Symeon
1072 4028 1306 4099 Stylites.
1340 4029 1493 4085 Licet
1544 4030 1712 4095 enim,
1738 4039 1878 4086 teste

306 4114 561 4186 Evagrio,
586 4119 639 4176 in
664 4122 1014 4185 monasterio,
1040 4123 1095 4174 in
1130 4138 1232 4192 quo
1267 4122 1498 4192 primum
1546 4123 1749 4177 divinas
1799 4125 1875 4176 vi-

310 4208 464 4263 vendi
511 4211 881 4281 praeceptione:
920 4213 1118 4273 didicit.
1151 4229 1319 4267 annos
1343 4213 1472 4267 vixit
1506 4229 1687 4268 novem
1708 4254 1723 4277 ,
1767 4229 1874 4268 non

312 4308 492 4353 tamen
527 4300 1044 4359 hocmouaslerimn
1099 4304 1325 4373 proprio
1363 4305 1588 4360 nomine
1640 4306 1876 4360 vocaba-

310 4399 404 4443 tur
434 4389 681 4456 Mandra,
715 4395 808 4450 sed
854 4393 1149 4458 Timothei;
1188 4411 1366 4464 neque
1418 4412 1720 4467 congruum
1749 4397 1873 4463 fuit,

1982 3211 2360 3281 manuscripta
2384 3225 2550 3280 quam
2582 3210 2725 3281 typis
2754 3225 2958 3277 excusa
2983 3210 3184 3266 Menara
3208 3225 3272 3265 ac
3304 3211 3557 3281 Synaxa-

1980 3304 2064 3359 ria
2095 3302 2366 3358 inhaerent
2394 3300 2502 3355 dici
2532 3301 2602 3356 ab
2661 3309 2892 3371 auctore
2921 3301 3058 3357 Vita:
3081 3309 3289 3364 notato,
3338 3302 3431 3370 qui
3464 3308 3559 3355 est

1981 3393 2076 3447 hic
2104 3392 2176 3447 24
2223 3389 2375 3454 Maii,
2405 3388 2628 3458 quando
2661 3389 2827 3444 etiam
2864 3389 3089 3454 Menam,
3129 3389 3276 3459 quod
3297 3390 3433 3445 alias
3461 3406 3555 3444 ra-

1971 3497 2129 3548 rum,
2163 3480 2239 3538 ita
2292 3489 2464 3536 tntum
2491 3479 2729 3535 otlicium
2755 3480 2825 3535 de
2872 3480 2979 3535 hoc
3025 3489 3217 3535 sancto
3260 3490 3552 3551 peragunt,

1981 3574 2295 3631 utalterius
2324 3574 2560 3644 alicujus
2625 3586 2726 3627 nec
2774 3570 3360 3627 commemorationem
3420 3569 3555 3641 qui-

1979 3664 2104 3719 dem
2138 3664 2462 3735 adiungant.

2049 3755 2103 3811 ϐ.
2161 3757 2366 3811 Auctor
2414 3754 2579 3810 olﬂcii
2603 3763 2768 3826 atque
2829 3754 3059 3810 canonis
3101 3753 3322 3809 videtur
3375 3752 3555 3809 fuisse

1977 3852 2202 3899 sanctus
2237 3843 2565 3909 Germanus,
2624 3844 2940 3915 patriarcha
2987 3842 3559 3913 Constantinopolita-

1975 3953 2108 3993 nus:
2135 3938 2298 4010 hujus
2322 3938 2592 4009 siquidem
2625 3939 2830 3993 nomini
2860 3938 3159 3994 ascribitur
3190 3937 3551 4009 Troparium,

1976 4039 2101 4101 post
2144 4031 2417 4086 Similaria
2474 4031 2541 4085 ad
2580 4030 2803 4095 Gloria,
2858 4030 3008 4101 quod
3072 4037 3158 4085 est
3216 4031 3322 4085 tale
3372 4047 3385 4084 :
3455 4030 3557 4093 Εἰς

1974 4122 2099 4192 ὅρος
2162 4122 2366 4193 ὑψηλὸν
2420 4120 2764 4191 συμϐολικῶς
2823 4121 2882 4174 τὸ
2929 4119 3242 4190 θαυμαστὸν
3290 4120 3556 4183 ἀνελθὼν,

1974 4211 2071 4264 καὶ
2095 4210 2193 4282 τὴν
2223 4212 2425 4281 σεπτὴν
2451 4211 2678 4265 κιϐωτὸν
2731 4210 2805 4271 ὡς
2861 4210 3051 4264 ἄδυτον
3101 4209 3378 4272 εἰσελθὼν,
3409 4212 3562 4279 πρᾶ-

1975 4303 2057 4369 ξιν
2070 4302 2295 4373 ἀρίστην
2315 4305 2409 4355 καὶ
2428 4301 2681 4356 ἐπίϐασιν
2697 4303 2937 4372 θεωρῶν
2954 4301 3301 4373 ὲπεᾶςιξω,τῇ
3327 4302 3426 4370 μὲν
3439 4302 3560 4371 βίον

1974 4391 2338 4462 λαμπρύνας,
2393 4392 2612 4462 δεσμοῖς
2684 4392 2924 4462 σιδηροῖς
2965 4392 3041 4455 ὡς
3088 4392 3370 4462 ὁρμίσκοις
3421 4409 3560 4465 χρυ-
3614 4440 3617 4441 ,

311 4486 423 4532 uta
462 4479 583 4534 loco
608 4497 769 4550 quem
796 4498 934 4553 pene
974 4500 1111 4553 puer
1140 4484 1503 4548 habitaverat,
1535 4500 1732 4539 nomen
1760 4500 1876 4539 sor-

1981 4485 2091 4547 σοῖς
2116 4483 2511 4551 κοσμούμενος·
2539 4483 2664 4553 τῇδε
2691 4484 2823 4536 Θεὸν
2850 4484 2990 4553 ὀρῶν
3028 4500 3087 4536 τε
3125 4484 3221 4537 καὶ
3250 4484 3556 4554 ὁρώμενος.

310 4569 509 4625 tiretur
558 4581 683 4640 post
736 4582 990 4627 mortem.
1022 4573 1165 4630 Fieri
1197 4582 1379 4628 tamen
1433 4575 1614 4643 potuit
1665 4585 1724 4629 ut
1764 4591 1873 4630 non

310 4659 489 4714 solum
541 4676 710 4731 super
763 4663 904 4727 illas,
936 4678 1074 4732 quas
1104 4662 1195 4718 ille
1231 4665 1544 4719 successive
1592 4664 1876 4721 dimiserat

307 4751 592 4807 columnas
613 4754 978 4808 ascendercnt
1004 4752 1098 4807 alii
1145 4753 1239 4807 diu
1282 4763 1468 4825 postea
1498 4771 1512 4820 ;
1544 4755 1638 4810 sed
1669 4756 1832 4810 etiam
1856 4798 1872 4825 ,

306 4844 557 4911 quamvis
608 4859 815 4914 corpus
860 4852 1007 4898 esset
1059 4842 1380 4907 Antiochiae,
1441 4845 1626 4914 plures
1695 4853 1874 4901 tamen

309 4933 400 4989 alii
452 4934 655 4990 ibidem
720 4935 957 4996 collecti.
1005 4934 1204 5004 partim
1239 4935 1466 5008 Stylitae,
1519 4937 1715 5007 partim
1749 4936 1873 4993 Cte-

308 5024 544 5090 nobitm,
615 5022 902 5083 eﬂ'ccerint
964 5024 1199 5094 amplam
1269 5042 1334 5079 ac
1391 5026 1651 5082 famosam
1711 5028 1875 5084 Man-

308 5112 462 5165 dram
500 5129 513 5165 :
550 5111 617 5166 ad
654 5127 816 5183 quam
846 5113 975 5189 quia
1006 5112 1251 5183 undique
1286 5116 1681 5170 accurrehatur
1716 5132 1745 5175 a
1780 5133 1877 5186 pc-

308 5202 564 5273 regrinis,
594 5202 873 5256 celebrem
907 5202 981 5255 ibi
1032 5201 1301 5277 Symeonis
1335 5205 1648 5259 columnam
1696 5206 1877 5261 visere

307 5294 682 5364 cupientibus.
714 5293 860 5363 apud
896 5296 1234 5351 recentiores
1266 5296 1557 5351 invaluerit
1579 5338 1592 5361 ,
1629 5305 1687 5350 ut
1720 5298 1877 5368 cujus

308 5384 563 5441 columna
602 5383 781 5439 stabat
812 5384 863 5439 in
894 5385 1137 5451 Mandra,
1167 5386 1344 5460 ipsum
1386 5404 1606 5460 quoque
1634 5389 1687 5443 in
1722 5387 1874 5441 Man-

306 5477 405 5530 dra
436 5475 907 5544 cognominaran
935 5476 1275 5543 llaec,minus
1297 5479 1371 5537 ibi
1403 5480 1672 5550 explicata
1706 5495 1735 5536 a
1758 5478 1877 5534 Bol-

307 5566 496 5629 lando,
537 5565 742 5634 placuit
774 5566 863 5621 hic
888 5567 1182 5625 deducere.

354 5658 433 5709 '3.
471 5655 756 5712 Secundus
786 5657 1007 5729 Symeon
1028 5676 1153 5717 vere
1183 5675 1246 5717 ac
1270 5663 1491 5734 proprie
1548 5661 1731 5717 vocari
1782 5677 1878 5735 po-

306 5750 408 5808 tuit
441 5747 867 5806 .lrrbimaudrlta
904 5768 921 5807 :
948 5768 1055 5808 non
1077 5754 1221 5809 cnim
1258 5755 1433 5809 solum
1470 5755 1722 5810 columna
1758 5755 1876 5825 ejus

1975 4576 2068 4628 καὶ
2102 4575 2260 4644 μόνος
2292 4575 2438 4643 μόνῳ
2469 4573 2809 4643 προσλαλῶνο
2834 4575 2892 4627 ὃν
2915 4574 3145 4639 ἱκέτευε,
3168 4575 3431 4643 σεδάσμιε
3452 4575 3561 4627 Συ-

1979 4663 2143 4734 μεὼν,
2181 4664 2322 4733 ὑπὲρ
2349 4663 2457 4716 τῶν
2488 4662 2677 4733 ψυχῶν
2722 4663 2894 4733 ὑμῶν.
2952 4663 3186 4719 Videtur
3234 4665 3558 4733 respexisse

1976 4764 2169 4812 auctor
2197 4756 2264 4810 ad
2290 4755 2581 4811 Noeticam
2624 4770 2830 4819 arcam,
2890 4755 2946 4809 in
3007 4755 3239 4810 summis
3277 4756 3556 4810 Armenia:

1976 4847 2260 4902 montibus
2287 4846 2697 4917 quiescentem,
2719 4846 2863 4902 sicut
2883 4845 3114 4916 legimus
3133 4845 3411 4901 Geneseos
3431 4860 3548 4900 vnt.

1976 4937 2152 4992 Verba
2207 4937 2323 5006 ipsa
2352 4936 2543 4991 Latine
2571 4936 2652 4991 sic
2682 4936 2857 4990 reddo
2882 4954 2895 4988 :
2923 4934 2989 4990 In
3020 4945 3245 4990 montem
3263 4933 3550 4999 excelsum,

1974 5028 2253 5099 symbolice
2287 5027 2584 5082 mirabilem
2620 5028 2926 5092 ascendens,
2953 5035 3001 5080 et
3060 5027 3415 5081 venerandam
3452 5044 3552 5080 ar-

1977 5137 2093 5177 cam
2121 5119 2259 5175 velut
2287 5120 2504 5189 adytum
2530 5136 2743 5174 sacrum
2764 5121 3046 5191 ingressus,
3079 5120 3333 5190 Optimam
3357 5133 3577 5187 opera-.

1922 5270 1925 5277 ,
1978 5211 2172 5264 tionem
2203 5218 2250 5263 ct
2272 5212 2773 5280 rontemplationum
2791 5211 3094 5264 divinarum
3124 5209 3397 5264 sublimem
3422 5224 3553 5276 gra-

1977 5302 2102 5355 dum
2147 5301 2419 5355 ostendisti
2449 5310 2499 5354 te
2557 5310 2852 5355 assecutum
2883 5317 2900 5354 :
2930 5302 3049 5355 hinc
3097 5301 3309 5370 quidem
3365 5301 3553 5367 j‘erreis

1978 5390 2221 5453 uinculis,
2248 5398 2503 5457 tanquam
2521 5390 2696 5442 aureis
2725 5387 3026 5452 monilibus,
3044 5403 3230 5456 corpus
3255 5399 3553 5449 exornans;

1979 5482 2097 5537 inde
2147 5497 2267 5536 vero
2309 5479 2476 5534 Deum
2524 5482 2842 5549 conspiciens
2891 5479 2955 5533 ab
3011 5494 3171 5547 eoque
3220 5485 3550 5545 (ottspt'ctus,

1979 5572 2107 5631 dum
2129 5571 2270 5625 solus
2290 5570 2385 5624 soli
2404 5569 2720 5641 loquereris;
2750 5585 2900 5637 quem
2931 5585 3024 5639 pro
3049 5570 3238 5622 nostris
3273 5567 3554 5621 animabus

1979 5662 2291 5732 depreceris,
2343 5676 2680 5729 qnarsttntus,
2711 5658 2936 5729 Symeou
2990 5658 3302 5713 uenerande.
3360 5655 3555 5728 Elogio
3608 5716 3617 5719 ν

1980 5752 2278 5826 prxﬁgitur
2315 5752 2591 5809 distichon
2618 5749 2929 5822 lmjusmodl
2957 5766 2970 5805 :
