3898 6380
259 352 418 418 2969

419 458 752 532 ﬂaupajrtitv
780 458 914 532 ipst
940 458 1070 528 πρὶν
1100 455 1324 532 Συξμεςυν
1340 457 1455 532 ﬁ};
1487 456 1632 525 ὄρος,

423 513 648 586 “aliide
674 513 1102 599 πανὸαύμαᾶτον
1131 513 1271 580 elusi
1304 513 1578 597 νῧείδρός.

270 646 404 714 Quo
438 645 741 709 indicatur,
766 643 914 713 quod
944 644 1035 714 qui
1058 643 1113 695 in
1145 649 1290 695 terra
1316 650 1545 696 montem
1571 642 1866 696 mirabilem

266 738 576 802 habitabat,
611 752 751 790 nunc
770 734 887 789 caeli
918 744 1147 788 montem
1181 734 1411 787 maxime
1449 732 1745 787 mirabilem
1772 734 1872 788 ha-

268 829 533 884 bitet:et
575 827 633 883 in
686 826 837 882 hunc
890 839 1115 880 sensum
1165 824 1332 880 etiam
1370 824 1693 895 Ephemeris
1750 838 1871 879 me-

267 920 418 975 trica
442 937 457 975 :

425 1027 612 1084 Εἰκάδι
669 1026 769 1101 ἠδὲ
803 1027 1042 1100 τετάρτῃ
1058 1027 1184 1098 ὅρος
1211 1022 1437 1096 Συμεὼν
1472 1022 1703 1094 ἧμειψε·

427 1138 618 1194 Vicena
648 1147 849 1211 quarta
880 1147 1111 1193 montem
1136 1135 1361 1207 ngeon
1395 1135 1637 1190 nmtavit.

268 1276 641 1348 Evangelium
669 1276 912 1347 denique
932 1274 1314 1346 praescribitur
1327 1280 1656 1344 argumento
1680 1282 1867 1342 aptum

268 1387 340 1425 es
401 1370 593 1426 verbis
632 1371 876 1426 Matthazi
908 1386 979 1423 v:
1038 1369 1136 1422 Vos
1170 1370 1294 1422 estis
1328 1370 1420 1421 tua:
1461 1366 1645 1421 mundi
1688 1381 1706 1419 :
1764 1382 1869 1419 non

268 1469 449 1531 potest
477 1463 661 1516 cit-itas
689 1461 938 1516 abscondi
966 1477 1125 1530 super
1150 1469 1378 1514 montem
1407 1459 1600 1529 posita,
1632 1468 1742 1512 etc.

347 1549 404 1604 7.
449 1550 598 1604 Idem
642 1550 925 1606 secundus
992 1565 1088 1605 seu
1146 1550 1340 1604 Junior
1394 1548 1659 1621 Symebn,
1699 1550 1867 1604 ctiam

271 1641 552 1713 presbyter
581 1643 704 1705 fuit,
740 1643 820 1696 uti
857 1642 1034 1697 scitur
1070 1659 1135 1697 ex
1171 1643 1309 1696 Vita:
1351 1657 1401 1696 ο.
1436 1642 1502 1696 19
1527 1659 1540 1695 :
1568 1642 1754 1697 nullus
1786 1651 1866 1696 ta-

273 1746 407 1784 men
445 1730 578 1786 hinc
611 1733 746 1786 mihi
777 1734 1072 1801 scrupulus
1119 1733 1367 1787 nascitur
1413 1732 1560 1788 circa
1611 1733 1863 1799 tertium,

282 1823 383 1891 qui
413 1838 525 1877 non
554 1824 732 1877 solum
757 1795 922 1894 a‘que
939 1840 1003 1879 ac
1031 1825 1122 1879 ille
1141 1825 1409 1894 presbytrr
1430 1825 1618 1887 luerit,
1655 1795 1866 1895 specia;
1896 1795 1939 1856 Β

281 1914 424 1970 liter
448 1924 636 1971 autem
680 1916 869 1972 dictus
926 1917 999 1971 sil.
1040 1917 1500 1972 Archimandrita.
1544 1917 1681 1971 Nam
1739 1918 1870 1973 licet

270 2006 427 2062 alius
474 2022 699 2079 quoque
761 2009 889 2063 talis
917 2007 1104 2071 fuerit,
1134 1994 1505 2063 communiter
1538 2018 1719 2063 tamen
1774 2024 1872 2078 apo

268 2099 586 2170 pellabatur
633 2100 820 2154 aliter.
863 2098 1019 2166 Quod
1071 2109 1259 2154 autem
1325 2100 1466 2154 nihil
1517 2100 1871 2170 impediverit

267 2190 447 2245 simul
473 2198 530 2245 et
588 2189 845 2261 Stylitam
886 2206 1008 2246 esse
1054 2200 1111 2245 et
1162 2191 1678 2256 Archimandritam,
1719 2199 1871 2261 patet

265 2298 341 2339 ex
363 2282 488 2338 Vita
515 2282 777 2338 secundi:
815 2299 979 2354 quem
1020 2284 1190 2339 etiam
1227 2299 1296 2338 ex
1324 2283 1526 2338 eadem
1593 2284 1866 2355 intelligi-

269 2388 407 2429 mus
437 2374 491 2428 in
513 2389 613 2429 sua
652 2374 916 2429 columna
940 2390 1050 2430 non
1082 2374 1155 2430 ita
1192 2375 1529 2446 perstitisse,
1558 2377 1694 2446 quin
1722 2390 1867 2446 sarpe

269 2466 345 2520 ab
367 2464 570 2521 eadem
612 2465 1005 2529 descenderet.
1070 2482 1182 2522 non
1218 2467 1399 2522 solum
1444 2467 1513 2523 ad
1564 2468 1868 2538 discipulos

274 2560 429 2616 intra
458 2559 769 2627 mandram,
790 2559 885 2615 sed
907 2559 1076 2614 etiam
1105 2559 1172 2614 ad
1207 2559 1440 2615 interius
1469 2559 1865 2614 monasterium

276 2650 649 2706 visitaudum.
678 2649 746 2704 Et
778 2650 919 2706 forte
944 2650 1112 2705 statio
1151 2650 1243 2705 illa
1272 2651 1326 2704 in
1367 2650 1647 2712 columna,
1697 2652 1868 2708 certis

279 2741 803 2811 interrumpebatur
838 2741 1281 2797 conversationis
1316 2742 1630 2798 communis
1686 2743 1864 2797 inter-

275 2833 461 2889 vallis.
497 2832 555 2888 ld
584 2848 717 2889 vero
741 2834 910 2888 etiam
938 2832 1317 2891 necessarium
1354 2832 1461 2889 fuit
1493 2834 1544 2888 ei
1575 2834 1670 2904 qui
1732 2850 1862 2904 prc-

273 2921 470 2992 sbytcr
499 2930 642 2988 erat,
676 2934 737 2977 ut
781 2931 970 2992 posset
1008 2922 1201 2977 divina
1245 2922 1533 2977 celebrare
1576 2925 1859 2994 mysteria,

270 3013 746 3085 quemadmodum
787 3013 936 3069 hunc
976 3013 1045 3069 de
1075 3028 1188 3083 quo
1222 3014 1438 3085 agimus
1476 3025 1729 3071 sanctum
1761 3016 1863 3088 Sy-

269 3128 533 3168 moonem
555 3112 750 3168 fecisse
783 3112 839 3166 in
865 3111 1249 3167 anniversario
1275 3127 1391 3166 sua:
1428 3115 1642 3177 matris,
1664 3112 1865 3182 legitur
1892 3143 1934 3200 ο

274 3210 338 3260 in
370 3205 541 3276 hujus
569 3213 774 3262 sancta:
809 3202 931 3258 Vita
976 3219 1031 3258 n.
1061 3203 1151 3258 7|.
1174 3202 1349 3258 Porro
1377 3203 1531 3259 tertii
1558 3203 1710 3258 illius
1736 3203 1863 3276 Sty-

270 3298 387 3353 litze
438 3297 729 3370 Symeonis
790 3296 911 3351 Vita
954 3295 1133 3366 optari
1184 3294 1404 3351 facilius
1462 3304 1648 3366 potest
1692 3313 1861 3367 quam

269 3387 511 3457 sperari.
542 3386 679 3442 Nam
710 3386 863 3457 quod
888 3386 956 3441 ad
984 3386 1388 3456 Ephemerides
1425 3385 1864 3444 Gmco-moscas

272 3488 471 3534 uoster
493 3479 657 3534 Pater
690 3478 1108 3548 Papebroebius
1141 3478 1232 3532 die
1258 3477 1320 3531 2|
1363 3476 1520 3543 Julii,
1572 3488 1864 3548 postquam

268 3568 387 3637 egit
418 3568 487 3622 de
510 3576 700 3622 sancto
727 3568 1001 3638 Symeone
1043 3567 1193 3631 Salo,
1251 3566 1459 3621 iudicat
1479 3581 1539 3622 se
1586 3568 1864 3638 reperisse

270 3659 454 3715 Vitam
481 3660 765 3731 cujusdam
791 3661 964 3714 sancti
996 3660 1269 3732 ngeonis
1291 3658 1552 3724 Junioris,
1571 3659 1865 3730 Hegumeni

266 3753 449 3808 sancti
541 3752 830 3807 Jlamantis
906 3752 960 3805 in
1028 3751 1319 3805 Xeracerco
1382 3750 1634 3821 (rectius
1699 3750 1865 3805 Xero—

279 3843 479 3915 cerco),
498 3843 567 3898 de
598 3858 708 3913 quo
732 3842 1023 3899 dubitabat
1054 3858 1122 3896 an
1148 3850 1334 3912 posset
1360 3841 1506 3896 inter
1531 3849 1753 3896 sanctos
1777 3856 1865 3895 rc-

277 3934 442 4001 ferri,
470 3934 790 4004 etquidem
839 3933 907 3988 ad
934 3942 1419 4004 praememoratum
1464 3932 1535 3987 26
1576 3932 1745 3998 Julii;
1807 3930 1861 3986 id

277 4027 375 4083 hic
404 4010 435 4081 ξι
464 4042 553 4082 me
581 4026 760 4082 voluit
788 4041 891 4081 suo
920 4026 1146 4081 nomine
1164 4034 1550 4092 retractatum,
1576 4035 1863 4096 postquam

274 4119 415 4190 legit
439 4133 562 4189 qua:
587 4117 656 4173 de
682 4119 805 4188 ejus
833 4133 945 4173 non
982 4132 1113 4172 sema
1142 4116 1249 4172 llde
1279 4117 1700 4172 accuratissime
1726 4132 1861 4171 con-

277 4210 426 4282 gerit
458 4209 571 4265 Leo
595 4208 838 4264 Allatius
883 4224 938 4279 p.
967 4208 1089 4263 157.
1158 4208 1517 4263 Demonstrat
1562 4208 1714 4264 enim
1744 4207 1861 4273 hic,

277 4316 353 4355 ex.
377 4300 528 4356 illius
588 4298 946 4371 potissimum
1020 4298 1246 4369 scriptis
1295 4306 1650 4370 propagatam
1721 4298 1868 4354 inter

278 4390 584 4445 monachos
634 4388 870 4446 Graecos
919 4389 1097 4445 fuisse
1140 4389 1748 4461 (lmphalopsycborum
1797 4390 1867 4446 de

1416 346 2023 409 COMMENTARIUS
2060 350 2424 410 PREVIUS.

3413 349 3557 414 2970

1896 457 1934 514 Δ
1968 464 2078 513 tres
2113 458 2287 513 nostri
2336 458 2565 515 Parisiis
2613 460 2969 514 contulerant
3015 475 3140 515 cum
3180 458 3553 519 Combelisio:

1983 547 2127 603 unde
2150 564 2261 603 non
2293 550 2493 604 mirum
2520 551 2565 605 si
2589 552 2678 605 hic
2707 552 2844 622 ipsis
2867 552 3161 606 nihilcerti
3195 561 3307 606 tum
3334 569 3560 624 respon-

1976 639 2121 694 derit
2167 641 2237 696 de
2267 643 2576 697 orthodoxa
2604 644 2908 713 llegumcni
2947 643 3377 700 Xerocercensis
3427 644 3557 709 ﬁde,

1976 742 2034 786 et
2059 735 2461 803 opusculorum
2500 753 2609 791 una
2638 753 2766 791 cum
2826 738 2947 793 Vita
2994 738 3406 810 dcscriptorum
3462 737 3562 793 do-

1974 823 2174 879 ctrina.

1975 978 2002 1046 §
2035 977 2098 1032 ll.
2132 1010 2200 1018 —
2229 979 2301 1034 De
2325 980 2501 1036 Monte
2539 980 2793 1058 Mirabili,
2829 982 2882 1058 in
2924 998 3036 1058 quo
3065 993 3282 1039 sanctus
3331 986 3559 1058 Symeon

2579 1050 2770 1106 .luuior
2830 1050 2980 1111 t't'xlt.

2046 1185 2099 1239 8.
2130 1185 2390 1241 Sanctum
2425 1186 2772 1259 Symeonem,
2796 1188 2864 1244 de
2887 1204 2998 1259 quo
3020 1190 3254 1261 agimus,
3274 1192 3556 1248 Juniorcm

1972 1275 2259 1348 Stylitam,
2296 1279 2349 1332 in
2388 1279 2571 1335 lucem
2596 1282 2775 1350 primo
2807 1281 3041 1349 editum,
3078 1284 3395 1350 Antiochia,
3451 1286 3554 1357 Sy—

1976 1370 2073 1424 ria:
2094 1370 2382 1425 notissima
2409 1372 2564 1438 urbs,
2601 1372 2845 1442 excepit,
2910 1390 3149 1444 moxque
3200 1377 3257 1430 in
3302 1378 3549 1432 vicinum

1973 1470 2218 1515 montem
2259 1463 2559 1517 transtulit.
2596 1462 2728 1518 Inde
2761 1463 2808 1518 is
2834 1480 2893 1519 se
2924 1466 3164 1521 contulit
3212 1468 3268 1521 in
3320 1467 3554 1523 Montem

1975 1555 2307 1622 Mirabilem,
2349 1556 2445 1625 qui
2482 1555 2763 1626 prmcipua
2811 1557 2918 1611 viri
2969 1559 3145 1613 sancti
3190 1560 3444 1630 palaestra
3484 1562 3557 1616 ita

1971 1648 2154 1702 dictus
2177 1647 2302 1713 fuit,
2338 1664 2449 1702 non
2483 1651 2568 1720 (ut
2592 1650 2905 1721 snspicatur
2929 1650 3179 1721 quidam)
3232 1660 3360 1708 ante
3391 1653 3558 1724 hujus

1973 1742 2026 1795 in
2059 1741 2211 1795 illum
2243 1740 2566 1804 adventum,
2599 1741 2745 1797 unde
2767 1757 2893 1797 cum
2937 1742 3044 1798 hoc
3088 1744 3557 1801 communicatum

1973 1848 2173 1887 nomen
2198 1832 2435 1897 luisset;
2470 1831 2567 1888 sed
2591 1849 2655 1887 ex
2684 1832 2850 1903 hujus
2882 1833 3058 1903 ipsius
3084 1834 3347 1891 inauditis
3389 1845 3557 1906 atque

1972 1924 2316 1979 admirandis
2347 1925 2507 1994 plane
2532 1925 2832 1994 operibus;
2869 1926 2950 1981 uti
3002 1940 3130 1980 mox
3163 1926 3372 1983 indicat
3421 1929 3554 1983 Pro—

1971 2016 2131 2087 logus
2171 2014 2315 2071 Vitae
2343 2031 2510 2085 quam
2543 2016 2741 2072 damus
2770 2035 2783 2071 :
2816 2017 2929 2072 imo
2959 2033 3026 2072 ex
3056 2017 3152 2071 Dei
3178 2017 3353 2088 ipsius
3386 2027 3549 2082 nutu,

1972 2107 2438 2178 quemadmodum
2467 2125 2523 2163 ιι.
2560 2109 2628 2163 79
2662 2124 2924 2179 expresse
2951 2119 3232 2163 narratur.
3275 2109 3413 2165 Cum
3448 2111 3553 2181 igi-

1973 2206 2065 2251 tur
2085 2198 2139 2254 in
2166 2197 2313 2254 illius
2333 2199 2572 2254 decursu
2594 2200 2857 2269 frequens
2888 2202 3157 2256 memoria
3178 2201 3267 2257 liat
3296 2218 3407 2256 non
3438 2211 3561 2257 tan-

1974 2297 2089 2343 tum
2117 2289 2321 2344 Montis
2350 2290 2500 2344 illius
2529 2290 2800 2346 Mirabilis
2822 2332 2838 2358 ,
2886 2293 2982 2347 sed
3006 2292 3312 2348 Antiochiae
3336 2307 3553 2363 quoque

1968 2388 2031 2434 et
2052 2380 2348 2450 Daphnes,
2402 2379 2549 2435 haud
2595 2381 2837 2437 otiosum
2884 2382 3075 2449 fuerit,
3125 2392 3297 2437 totam
3356 2383 3554 2438 herum

1969 2470 2217 2524 locorum
2266 2469 2738 2540 descriptionem,
2816 2472 3127 2543 elegantem
3186 2487 3320 2526 sane
3388 2480 3555 2540 atque

1967 2571 2308 2627 accuratam,
2344 2577 2411 2617 ex
2453 2561 2665 2617 Joanne
2701 2562 2919 2629 Phocar,
2960 2562 3055 2633 qui
3096 2579 3188 2617 an.
3242 2564 3379 2616 1185
3431 2564 3556 2615 istic

1969 2653 2356 2724 peregrinatus
2389 2654 2505 2707 visa
2534 2663 2754 2708 enarrat
2784 2653 3031 2719 referre;
3082 2662 3145 2707 ut
3187 2654 3255 2708 ad
3318 2670 3544 2708 manum

1969 2744 2387 2809 haheatlector,
2416 2744 2585 2799 veluti
2614 2744 2977 2810 delineatum,
3017 2744 3127 2799 loci
3174 2744 3231 2797 in
3274 2760 3386 2814 quo
3418 2760 3546 2800 ver-

1968 2851 2157 2890 samur
2197 2836 2369 2891 totius
2403 2837 2587 2890 situm.
2613 2835 2707 2890 Sic
2730 2836 2808 2890 ait
2835 2835 2927 2889 ille
2958 2852 3014 2889 n.
3056 2836 3111 2890 ll
3140 2852 3154 2888 :

2038 2926 2300 2981 Ea'stabat
2360 2938 2509 2992 tum,
2555 2943 2675 2979 cum
2732 2934 2868 2990 erat,
2901 2927 2972 2979 ad
3018 2925 3267 2981 Orontem
3309 2926 3559 2981 Antiochi

1968 3017 2240 3089 TheOpolis
2263 3058 2279 3082 ,
2313 3020 2643 3072 theatrorum
2669 3019 3055 3088 magnitudine,
3097 3026 3338 3072 stoarum
3380 3018 3559 3089 splen-

1970 3108 2204 3171 doribus,
2234 3108 2552 3179 templorum
2582 3108 2885 3170 structuris,
2930 3108 3082 3177 capia
3110 3109 3235 3162 item
3271 3110 3462 3162 civium
3506 3119 3555 3163 et

1970 3200 2278 3255 divitiarum
2308 3199 2709 3271 magniﬁcentia
2749 3199 2977 3270 superba
3010 3216 3073 3253 ac
3101 3208 3329 3264 tumens,
3351 3199 3560 3271 lateque

1965 3294 2186 3349 crateras
2224 3295 2333 3364 fere
2357 3292 2640 3347 orientales
2672 3292 2822 3346 urbes
2867 3292 3236 3361 exsuperabat.
3269 3291 3373 3347 Sed
3426 3303 3559 3348 tem-

1967 3402 2065 3457 pus
2099 3403 2162 3441 ac
2202 3387 2277 3440 vis
2307 3385 2542 3439 barbara
2575 3385 2882 3439 beatitatem
2933 3383 3079 3438 illius
3129 3385 3368 3439 exhausit
3395 3401 3413 3439 :
3443 3385 3561 3439 licet

1966 3482 2249 3552 conspicua
2283 3481 2455 3534 adhuc
2483 3480 2573 3545 sit,
2622 3487 2672 3531 et
2712 3478 2941 3531 turrium
2980 3476 3264 3532 altitudine
3284 3487 3334 3531 et
3362 3494 3561 3548 propu-

1966 3570 2320 3644 gnaculorum
2354 3569 2650 3632 validitate,
2685 3579 2734 3620 et
2774 3577 3051 3637 pratorum
3078 3584 3140 3620 ac
3162 3571 3358 3639 [lorum
3388 3571 3559 3623 omni-

1964 3680 2099 3735 gena
2136 3661 2478 3732 fecunditate,
2503 3670 2552 3713 ct
2580 3661 2635 3714 in
2668 3658 2848 3729 plures
2876 3674 2990 3725 sese
3014 3659 3360 3713 dividentium
3387 3677 3561 3730 aqua-

1967 3770 2089 3807 rum
2120 3750 2331 3816 sibilis;
2359 3766 2477 3804 cum
2532 3749 2741 3819 placide
2771 3749 2963 3819 [lucius
3009 3748 3343 3818 circum/luat
3379 3750 3560 3802 urbrm

1965 3854 2015 3900 et
2044 3846 2243 3916 cingat,
2272 3852 2322 3897 et
2342 3841 2491 3896 molli
2517 3849 2661 3897 tactu
2689 3842 2803 3912 ejus
2848 3850 3022 3893 turres
3074 3841 3555 3910 circumplectatur.

1965 3937 2194 4008 Insuper
2225 3952 2254 3991 ρ
2302 3934 2529 3991 Castalii
2557 3933 2715 4003 fontis
2759 3934 2973 4005 ﬂuentis
3022 3934 3224 4004 egregie
3260 3934 3559 4003 irrigatur;

1968 4031 2119 4100 cujus
2144 4043 2297 4100 aqua:
2330 4026 2647 4081 torrentiunt
2678 4025 2854 4079 instar
2883 4023 3178 4095 pelluntur,
3212 4033 3261 4078 et
3312 4024 3562 4094 frequen-

1968 4120 2103 4172 tibus
2148 4115 2420 4171 sulcorum
2462 4116 2588 4169 rivis
2642 4115 2824 4169 urbem
2872 4114 3176 4167 universam
3209 4113 3557 4183 perfundunt,

1968 4225 2189 4280 eamque
2217 4208 2442 4280 ﬂuxibus
2482 4216 2770 4278 aspergunt
2798 4223 2816 4271 ;
2843 4220 3128 4276 aperarum
3165 4206 3315 4274 copia
3352 4215 3399 4258 et
3430 4221 3552 4257 con-

1969 4302 2156 4355 ditoris
2195 4298 2593 4371 magniﬁcentia
2627 4314 2692 4352 ea:
2731 4297 2838 4352 illis
2882 4298 3107 4366 fontibus
3130 4312 3226 4366 per
3249 4307 3449 4349 montes
3490 4300 3559 4351 ad

1969 4394 2142 4464 ipsam
2187 4392 2454 4446 civitatem
2507 4389 2750 4445 laticibus
2801 4389 3100 4460 corrigatis.
3128 4387 3224 4442 llic
3272 4387 3421 4458 fama
3466 4403 3559 4456 νίτ-

274 4480 511 4560 Lumine
540 4480 809 4536 Taborazo
836 4481 1122 4545 haeresim;
1154 4496 1318 4550 quam
1338 4488 1526 4550 postea
1560 4480 1863 4551 Gregorius
1888 4482 1942 4543 D
1968 4486 2147 4539 orbem
2189 4482 2467 4555 vulgatum
2507 4482 2756 4554 Daphnes
2782 4483 3109 4546 suburbium,
3139 4482 3366 4551 proceris
3396 4496 3550 4534 omne

274 4571 530 4625 I’alamas
578 4570 788 4641 aliique
855 4586 1158 4641 sequaces,
1218 4571 1565 4627 dissimulato
1615 4571 1863 4643 magistri

275 4662 528 4728 nomine,
577 4661 1021 4731 pertinacissime
1054 4668 1483 4731 propugnarunt
1512 4659 1732 4731 lateque
1754 4661 1867 4716 dis-

275 4752 667 4819 seminarunt;
702 4760 759 4808 et
788 4753 879 4807 cui
912 4760 975 4806 ut
998 4753 1175 4823 major
1223 4752 1620 4807 conciliaretur
1669 4761 1863 4808 aucto-

276 4845 448 4909 ritas,-
472 4844 791 4914 conscripta
813 4844 907 4899 illa
960 4844 1085 4898 Vita
1136 4853 1242 4909 est,
1290 4832 1640 4914 conﬁctaque
1680 4845 1865 4899 eidem

274 4935 581 5005 subjuncta
606 4934 897 4990 miracula.
932 4933 1071 4989 Cum
1110 4944 1299 4990 autem
1359 4934 1610 4989 Palamas
1655 4936 1865 4990 circum

277 5027 527 5083 medium
546 5027 736 5082 saeculi
753 5042 836 5082 xw
855 5025 1131 5092 ﬂoruerit,
1151 5026 1423 5082 credibile
1447 5042 1552 5081 non
1575 5026 1634 5081 ﬁt
1663 5027 1731 5083 de
1756 5036 1865 5082 tam

283 5119 502 5174 recenti
534 5132 699 5191 agere
722 5118 949 5175 Menam.
977 5118 1134 5186 Quod
1168 5120 1212 5174 si
1250 5121 1323 5184 ad,
1345 5136 1570 5175 manum
1593 5122 1715 5177 Vita
1750 5122 1868 5192 ipsa

281 5225 433 5265 nunc
475 5219 650 5277 esset,
695 5210 804 5266 levi
861 5220 1003 5266 tunc
1048 5212 1212 5266 oculo
1236 5222 1293 5266 et
1341 5212 1460 5267 solo
1501 5213 1663 5267 titulo
1708 5222 1869 5269 tenus

282 5299 414 5353 olim
439 5300 713 5370 inspecta,
748 5300 1000 5357 fortassis
1025 5301 1174 5356 hunc
1192 5302 1634 5372 qualemcunque
1675 5312 1731 5357 et
1773 5320 1872 5358 cu-

282 5392 594 5462 juscunque
620 5391 749 5447 lidei
782 5392 1115 5461 Symeonem
1164 5394 1274 5447 alio
1329 5409 1558 5463 prorsus
1598 5394 1688 5448 die
1720 5410 1869 5450 utor-

287 5492 440 5537 tuum
488 5483 836 5547 ostenderet,
878 5493 931 5562 c‘t
978 5485 1031 5537 in
1067 5485 1322 5539 columna
1373 5501 1613 5553 unquam
1664 5487 1870 5542 vixisse

287 5573 569 5643 probaret.
590 5575 783 5635 Restat
810 5574 979 5645 igitur
1007 5584 1067 5629 ut
1091 5576 1182 5630 hic
1210 5584 1527 5641 Ictraclata,
1549 5576 1623 5631 ibi
1644 5578 1865 5633 delean-

289 5671 397 5719 tur.
440 5665 601 5721 Edita
633 5681 798 5736 porro
819 5665 917 5721 fuit
950 5667 1131 5725 Allatii
1166 5669 1234 5723 de
1265 5668 1588 5723 Simeonum
1645 5671 1870 5740 scriptis

292 5752 541 5810 Dialriba
575 5756 737 5819 annis
777 5748 1033 5828 quaiuor.
1065 5768 1352 5832 postquam
1384 5760 1451 5815 de
1482 5761 1571 5816 illa
1610 5762 1728 5818 Vita
1770 5764 1867 5818 Γει-

1968 4593 2130 4647 genus
2179 4574 2455 4630 arboribus
2500 4574 2849 4638 exornatum;
2905 4582 2954 4627 et
3014 4589 3161 4627 mons
3217 4581 3291 4626 est
3326 4572 3554 4625 maxime

1970 4667 2180 4731 nobilis,
2207 4683 2365 4738 quem
2416 4666 2765 4722 admirandus
2797 4664 3024 4737 ngeon
3064 4666 3121 4719 in
3175 4665 3554 4719 habitationem

1970 4760 2265 4829 adaptavit.

2044 4850 2132 4904 10.
2158 4849 2313 4904 Hisce
2352 4849 2615 4919 ﬁnitimus
2665 4855 2738 4901 cst
2772 4864 2920 4902 mons
2957 4846 3180 4901 Maurus
3205 4851 3254 4900 et
3279 4843 3559 4913 Scopulus,

1970 4941 2026 4995 in
2061 4940 2573 5011 quibus-antiquitus
2599 4937 2755 4992 multi
2780 4936 2888 4990 Deo
2920 4936 3267 4990 addictissimi
3288 4937 3409 4997 viri,
3436 4951 3555 4988 eum

1973 5034 2300 5103 requirentes
2353 5032 2690 5096 invenerunt,
2724 5038 2772 5083 et
2828 5030 2900 5083 ad
2927 5031 3036 5084 luce
3077 5037 3316 5098 tempora
3358 5029 3555 5098 perdu—

1972 5132 2121 5186 rant,
2153 5132 2203 5177 et
2226 5122 2570 5177 laudatorum
2601 5121 2857 5175 montium
2890 5119 3290 5191 pulchritudine
3330 5119 3560 5188 pellecti.

1969 5214 2132 5270 silvas
2165 5214 2487 5268 inhabitant.
2515 5210 2784 5267 Castalius
2824 5210 2939 5281 fons
2958 5212 3097 5265 inter
3125 5211 3253 5265 duos
3282 5211 3441 5264 colles
3464 5227 3557 5263 err-

1969 5304 2173 5369 siliens,
2202 5319 2266 5357 ea:
2315 5303 2452 5374 ejus,
2479 5302 2570 5373 qui
2611 5302 2666 5355 in
2701 5317 2853 5355 mare
2913 5303 3197 5371 procurrit,
3234 5302 3342 5354 ima
3387 5309 3561 5370 parte.

1973 5396 2167 5450 eximia
2215 5394 2459 5467 quautam
2509 5410 2775 5464 aquarum
2828 5393 3034 5463 irrigua
3082 5393 3310 5456 evomit,-
3350 5394 3401 5444 in
3459 5409 3562 5459 quo

1975 5486 2303 5557 pra‘grandis
2330 5486 2557 5556 assurgit
2584 5487 2837 5555 porticus,
2863 5501 3076 5538 cursum
3103 5485 3259 5555 fontis
3279 5499 3557 5537 concame-

1975 5596 2123 5633 rans.
2151 5579 2286 5634 Hinc
2310 5594 2465 5649 aqua’
2487 5579 2760 5648 aﬂluenter
2798 5577 3148 5647 prosilientcs,
3174 5577 3225 5629 in
3251 5576 3378 5628 duos
3425 5592 3558 5627 νη·οε

1977 5671 2303 5725 dividuntur.
2333 5672 2535 5726 Earum
2581 5688 2689 5724 una
2715 5687 2839 5740 pars
2870 5687 2962 5740 per
3008 5669 3296 5723 altissimos
3346 5669 3562 5727 ductus,

1974 5761 2603 5823 velutisulcosrlcrfrsta,
2631 5776 2776 5831 a‘quc
2801 5777 2859 5814 ac
2889 5761 3065 5814 acrius
3089 5761 3300 5829 (lucius.
3329 5775 3388 5814 ca
3410 5769 3564 5830 parte
