3898 6430
274 399 410 464 211

1556 393 1619 453 S.
1660 388 1957 451 SYMEON
1996 387 2301 449 JUNIOR.

3385 381 3529 444 2972

275 515 489 567 dextera
520 509 886 582 superiorique
904 510 957 563 in
976 510 1155 563 urbem
1176 510 1349 580 inﬂuit
1374 524 1390 575 ;
1424 507 1597 562 altera
1618 505 1848 561 sinistris
1879 508 1917 561 Α
1948 501 2156 557 fuerint
2184 521 2196 555 :
2238 501 2330 556 hic
2358 499 2661 556 eminuisse
2683 498 2831 552 inter
2879 511 3072 551 omnes
3099 493 3374 549 dicendus
3402 502 3485 548 est
3512 532 3525 554 ,

278 605 412 673 tanti
440 603 564 657 locis
588 600 962 669 campestribus
1003 598 1302 665 exundans,
1338 601 1392 653 in
1433 597 1715 669 paludibus
1756 611 1837 649 su-

279 700 603 765 perstagnat,
627 691 972 758 universaque
1018 688 1267 758 Daphnes
1306 696 1465 758 prata
1516 687 1737 750 irrorat,
1766 684 1854 738 de-

283 802 421 838 mum
479 783 621 837 lamis
671 778 884 835 Orontis
927 782 1141 851 ﬂuentis
1169 782 1509 834 immiscetur.
1538 778 1691 833 Mons
1729 795 1852 833 vero

280 874 646 937 admirandus,
675 873 813 926 inter
845 872 1023 925 urbem
1055 879 1105 924 et
1136 888 1284 926 mare
1312 871 1506 935 elatus,
1534 888 1615 924 res
1639 871 1852 941 egregia

280 980 342 1018 ac
361 961 657 1030 spectabilis
704 970 753 1015 et
791 962 1181 1015 advenientium
1207 962 1371 1015 oculis
1424 962 1689 1025 delicium,
1728 977 1853 1015 con-

279 1055 500 1125 spicitur
515 1069 531 1106 :
549 1069 776 1123 namque
793 1052 909 1106 urbi
936 1051 1211 1123 Rhosoque
1234 1054 1853 1121 conterminus,utraque

275 1162 339 1199 ea:
386 1154 539 1216 parte
578 1145 839 1198 montibus
882 1143 1108 1214 Scapula
1151 1142 1494 1214 Caucasoque
1537 1144 1853 1213 constringi—

276 1246 381 1287 tur.
408 1234 628 1290 Orontes
652 1236 841 1306 ﬂuvius
866 1235 1161 1287 innumeris
1186 1236 1534 1305 inﬂexionum
1573 1232 1852 1288 vorticibus

279 1326 349 1380 ad
389 1326 542 1397 pedes
572 1328 760 1381 montis
791 1327 1026 1396 proﬂuit,
1058 1335 1107 1379 et
1130 1327 1186 1379 in
1226 1343 1374 1380 mare
1405 1343 1573 1397 aquas
1594 1326 1850 1380 immittit.

348 1418 524 1472 H.1n
578 1419 768 1472 montis
800 1419 1017 1488 hujusce
1070 1419 1266 1472 vertice
1320 1433 1541 1489 magnus
1600 1416 1693 1471 ille
1749 1419 1850 1483 vir,

276 1509 565 1580 tranquille
593 1512 759 1564 vitam
784 1525 947 1580 agens
970 1518 1020 1563 et
1050 1511 1105 1563 in
1132 1511 1286 1563 corde
1315 1511 1643 1564 ascensiones
1673 1509 1852 1580 dispo-

276 1619 426 1667 nens,
459 1618 678 1673 corpore
700 1603 938 1655 sublimis
962 1601 1250 1667 extollitur,
1276 1609 1325 1655 et
1348 1619 1465 1656 cum
1495 1604 1607 1672 ipso
1637 1618 1854 1673 corpore

218 1722 223 1727 -
274 1696 527 1747 mthereus
552 1693 692 1761 ﬁeri,
711 1694 950 1764 interque
972 1692 1138 1746 Deum
1160 1699 1209 1746 et
1231 1694 1464 1746 homines
1487 1693 1686 1747 medius
1719 1709 1849 1758 esse,

274 1783 559 1836 contendit.
586 1782 654 1837 At
680 1797 787 1844 qua
817 1783 1023 1836 ratione
1055 1781 1165 1835 Deo
1188 1782 1361 1836 dedito
1389 1783 1500 1837 viro
1524 1784 1627 1836 ista
1654 1799 1732 1836 res
1752 1783 1852 1836 ad-

277 1875 558 1927 miratione
605 1873 767 1943 digna
817 1874 1064 1932 evenerit.
1088 1875 1197 1943 ipse
1243 1874 1436 1928 dicam.
1472 1873 1851 1945 Lapicidarum

274 1981 437 2035 opera
460 1966 764 2019 summitate
782 1963 973 2019 Montis
985 1965 1301 2021 Admirandi
1320 1969 1426 2020 alte
1443 1975 1720 2031 excavata,
1737 1982 1852 2020 mo—

277 2055 567 2107 nasterium
587 2069 648 2106 ea:
661 2069 766 2106 uno
784 2053 1118 2123 ejusdemque
1136 2062 1345 2109 naturae
1367 2053 1543 2125 lapide
1565 2057 1847 2123 exstruxit,

281 2146 337 2196 in
376 2143 524 2214 cujus
548 2144 719 2197 medio
741 2145 978 2199 nativam
1004 2143 1309 2200 columnam
1331 2146 1674 2202 excidendam
1691 2165 1852 2201 cura-

276 2237 368 2295 vit.
396 2237 451 2290 in
474 2250 640 2305 eaque
658 2236 879 2306 vestigia
898 2237 1092 2305 posuit,
1110 2236 1358 2305 firmans,
1379 2239 1457 2292 uti
1472 2255 1626 2294 sacra
1659 2248 1853 2294 sonant

278 2326 532 2397 Eloquia,
558 2342 718 2397 super
736 2334 939 2393 petram
966 2328 1117 2397 pedes
1140 2345 1260 2383 suos
1275 2330 1316 2382 ¹.
1347 2329 1530 2384 Versus
1552 2329 1716 2385 solem
1733 2346 1855 2384 vero

279 2418 625 2482 exorientem,
657 2414 915 2484 templum
944 2415 1049 2468 Deo
1078 2416 1491 2487 pulcherrimum
1511 2421 1780 2483 excitavit,
1801 2421 1856 2473 in

279 2506 418 2576 quod
443 2505 759 2560 convocabat
794 2506 1076 2577 discipulos
1111 2522 1129 2561 :
1172 2518 1330 2579 atque
1373 2512 1451 2564 ita
1483 2510 1578 2564 sub
1619 2511 1705 2564 dio
1748 2512 1858 2578 ipse

281 2614 638 2665 commorans,
665 2597 748 2653 illi
795 2608 904 2652 tota
936 2600 1164 2653 noctein
1194 2600 1387 2672 templo
1409 2611 1630 2668 stantes,
1663 2610 1720 2657 ut
1763 2603 1856 2657 de-

279 2690 427 2744 cebat
458 2698 690 2755 sanctos,
719 2689 949 2744 debitum
972 2691 1080 2744 Deo
1110 2690 1311 2745 cultum
1341 2694 1643 2764 oﬂ’erebant.

353 2780 441 2834 12.
465 2778 745 2835 Hactenus
764 2781 1098 2850 perpulchre
1117 2782 1358 2838 Joannes
1384 2783 1599 2839 Phocze.
1643 2784 1701 2839 In
1729 2784 1857 2854 quin

282 2874 385 2928 bus
409 2880 589 2925 tamen
619 2872 724 2927 sub
753 2872 917 2928 finem
943 2875 1176 2943 paucula
1240 2875 1512 2944 quaidam,
1548 2891 1615 2931 ex
1651 2876 1861 2931 versio-

290 2977 361 3016 ne
385 2961 590 3025 Allatii,
619 2978 784 3032 quam
824 2972 881 3019 et
905 2979 1007 3018 nos
1037 2965 1159 3020 loco
1177 2967 1451 3036 assignato
1469 2968 1734 3037 integram
1759 2968 1857 3023 dc-

288 3052 490 3118 dimus,
521 3053 883 3119 subobscura,
918 3055 1010 3110 hic
1037 3072 1161 3111 cum
1187 3056 1377 3112 Greece
1427 3066 1578 3113 textu
1637 3059 1856 3125 collata,

1953 609 2079 647 cum
2107 591 2374 647 nominati
2409 588 2668 660 Scapulae
2691 598 2748 643 et
2768 588 3034 644 Caucasus
3081 586 3253 640 veluti
3282 601 3382 654 pro
3426 601 3527 654 ap-

1952 684 2284 754 pendicibus
2320 682 2674 755 adjiciantur,
2702 696 2807 735 nec
2837 680 3007 734 ullum
3039 679 3277 733 aliorum
3327 690 3526 730 nomen

1952 782 2186 845 excepto
2216 773 2430 839 Mauro,
2456 780 2551 828 aut
2584 772 2694 837 hic,
2758 780 2853 826 aut
2906 772 2963 824 in
2990 770 3135 833 Vita,
3190 766 3356 833 forte,
3424 779 3530 820 nec

1953 866 2083 921 alibi
2114 866 2394 920 memoria:
2427 864 2707 935 proditum
2753 862 3087 919 inveniatur.

2024 958 2113 1013 14.
2144 958 2211 1012 Ει
2255 972 2405 1021 sane,
2455 970 2621 1026 quem
2675 955 2896 1010 eminus
2943 954 3332 1008 advenientium
3404 966 3529 1005 ocu-

1955 1048 2018 1103 lis
2039 1047 2285 1101 delicium
2314 1048 2554 1116 appellat
2579 1052 2794 1109 auctor,
2827 1059 2938 1098 non
2975 1042 3313 1114 iniucundus
3348 1040 3525 1095 fuerit

1953 1141 2107 1195 locus
2132 1155 2359 1211 necesse
2403 1148 2508 1203 est,
2534 1139 2786 1209 quamvis
2817 1136 2872 1190 in
2904 1136 3047 1200 Vita,
3076 1151 3140 1189 η.
3172 1134 3261 1198 9:2,
3287 1134 3526 1188 desertus

1952 1231 2301 1302 incultusque,
2337 1247 2441 1285 non
2494 1233 2559 1286 ab
2590 1248 2751 1301 aqua,
2782 1238 2947 1293 tecto,
2983 1226 3157 1282 aliave
3184 1242 3243 1280 re
3262 1225 3331 1279 ad
3363 1226 3530 1279 vitam

1953 1324 2249 1377 necessaria
2308 1324 2596 1376 instructus
2666 1322 2901 1376 dicatur.
2975 1315 3525 1373 Commendationem

1952 1415 2156 1485 quippe
2185 1415 2457 1469 meruisse
2496 1420 2675 1484 potest
2701 1412 2818 1483 ipsa
2851 1410 3143 1467 sterilitate
3174 1416 3339 1478 atque
3367 1421 3529 1477 aspe-

1952 1508 2114 1561 ritate
2147 1522 2266 1566 sua,
2299 1506 2502 1575 quibus
2532 1504 2744 1569 oculos,
2761 1501 3075 1558 virentibus
3100 1499 3310 1555 circum
3336 1497 3528 1552 riden-

1954 1596 2211 1665 tibusque
2262 1580 2436 1666 piatis
2483 1603 2755 1659 assuetos,
2784 1591 3087 1663 jucundius
3107 1588 3398 1645 alliciebat.
3425 1588 3530 1643 Po-

1953 1687 2059 1741 tuit
2085 1687 2253 1741 etiam
2284 1685 2520 1750 laudari,
2546 1684 2693 1756 quod
2716 1682 3211 1756 injucundissimus
3245 1680 3374 1735 inde
3396 1693 3529 1748 pro-

1953 1789 2176 1849 spectus
2202 1785 2368 1834 esset.
2402 1776 2530 1832 Sive
2569 1775 2718 1832 enim
2749 1774 2920 1845 (quod
2966 1773 3174 1829 sanctis
3203 1770 3530 1837 deliciarum

1954 1871 2199 1925 omnium
2235 1868 2715 1925 deliciosissimum
2729 1866 2835 1939 est)
2857 1876 3073 1922 erectos
3097 1865 3154 1919 in
3173 1865 3375 1919 coelum
3399 1862 3532 1917 vul-

1954 1971 2044 2017 tus
2054 1963 2233 2032 placet
2257 1962 2471 2027 tollere,
2503 1962 2596 2017 hic
2615 1960 2914 2032 spatiosius
2937 1959 3287 2028 lucidiusque
3308 1955 3533 2027 conspi-

1955 2054 2122 2119 citur,
2157 2054 2327 2110 nul-lis
2360 2062 2523 2109 terra
2542 2051 2865 2124 fumigantis
2904 2050 3195 2106 inammnis
3231 2048 3532 2120 vaporibus

1954 2144 2360 2214 interceptum:
2392 2144 2510 2199 sive
2557 2152 2781 2200 terrena
2854 2140 3215 2213 contemplari
3271 2140 3537 2204 delectat,

1956 2238 2086 2293 inde
2116 2254 2180 2293 ac
2217 2238 2527 2294 caelestium
2577 2237 2995 2293 meditatiOnem
3034 2233 3289 2292 securius
3335 2247 3529 2288 ascen-

1954 2344 2178 2396 surum;
2212 2330 2330 2388 ubi.
2352 2344 2560 2400 quaeso,
2596 2337 2868 2384 terrarum
2903 2328 3248 2397 voluptatum
3295 2324 3533 2394 amplior

1957 2430 2383 2491 sanctarumque
2468 2421 2867 2492 cogitationum
2935 2420 3173 2474 fertilior
3252 2415 3532 2487 campus?

1955 2512 2133 2568 Urbes
2180 2511 2450 2581 imprimis
2509 2512 2771 2584 subjecta
2811 2510 3103 2566 Antiochia
3142 2525 3206 2565 ac
3254 2507 3529 2573 Seleucia,
3570 2510 3590 2533 ‘

1957 2604 2344 2660 memorabiles
2369 2604 2604 2659 maxime
2630 2620 2695 2659 ac
2726 2601 3161 2674 speciosae,quid
3195 2617 3303 2656 non
3329 2615 3533 2670 reprae-

1958 2699 2214 2752 sentant?
2244 2697 2385 2752 Hinc
2434 2695 2731 2766 Scopulus,
2756 2694 3055 2764 asperitate
3082 2706 3183 2746 sua
3220 2703 3470 2746 amamus
3515 2705 3532 2755 ;

1960 2787 2087 2843 inde
2110 2787 2386 2842 celebrata
2419 2786 2667 2840 omnium
2697 2784 2938 2854 scriptis,
2966 2791 3027 2838 ut
3047 2778 3535 2850 merita,Daphne.

1958 2887 2223 2949 quantum
2252 2880 2543 2933 recreant!
2582 2877 2780 2945 Prope,
2812 2873 2915 2929 sub
2952 2875 3072 2944 ipso
3113 2881 3322 2935 monte,
3385 2868 3530 2925 ludit

1958 2970 2129 3024 variis
2169 2967 2448 3023 meandris
2482 2975 2647 3035 atque
2672 2963 3014 3018 anfractibus
3048 2959 3535 3031 Oronteszprocul

1960 3069 2112 3130 patet
2135 3057 2589 3130 spatiosissimum
2619 3063 2782 3123 atque
2796 3053 2973 3107 oculis
2999 3048 3409 3106 interminabile
3426 3064 3529 3118 pe-

284 3143 517 3198 clariora
551 3144 676 3199 feci.
707 3144 850 3210 Quid
878 3145 1026 3199 enim
1051 3146 1156 3201 sibi
1193 3148 1312 3201 vult
1337 3147 1514 3203 istud:
1542 3148 1608 3202 In
1657 3152 1856 3203 colum-
1884 3175 1930 3236 ο
1961 3153 2149 3223 lngus;
2179 3157 2331 3219 patet
2367 3148 2498 3201 item
2522 3145 2740 3199 diversa
2774 3153 2957 3208 terrae,
2987 3143 3117 3197 hinc
3151 3143 3205 3196 in
3231 3140 3529 3197 collesela—

288 3250 358 3287 na
390 3232 587 3302 gradus
615 3233 877 3303 appinatit,
933 3232 1028 3287 ubi
1082 3232 1268 3293 Gra'ce
1335 3243 1424 3289 est
1475 3237 1532 3289 ὲν
1587 3236 1725 3289 κίονι
1757 3237 1857 3299 τὰς

290 3324 477 3393 βάσεις
510 3323 702 3376 ἑθετοῖ
732 3324 961 3378 Rectius
989 3333 1044 3378 et
1073 3334 1402 3395 argumento
1461 3328 1718 3397 praesenti
1765 3344 1859 3382 ac-

290 3414 695 3469 commodatius
720 3414 1182 3483 interpretaberis
1223 3434 1235 3468 :
1267 3417 1331 3471 In
1359 3418 1610 3474 columna
1642 3422 1861 3491 vestigia

289 3523 381 3560 seu
432 3506 585 3577 pedes
630 3506 820 3576 posuit.
877 3507 1115 3561 lnnuere
1168 3509 1374 3579 quippe
1431 3512 1551 3567 vult
1599 3514 1860 3582 scriptor,

291 3600 616 3668 Symeoiiem
638 3599 955 3653 ascendisse
982 3591 1298 3655 columnam
1328 3642 1343 3668 ,
1389 3603 1446 3656 in
1491 3619 1656 3675 eaque
1715 3612 1864 3658 stan-

295 3696 399 3743 tem
426 3687 530 3745 sub
567 3689 660 3744 dio
691 3689 944 3745 laudasse
964 3690 1160 3746 Deum.

364 3780 452 3835 l5.
479 3780 571 3835 Sic
600 3780 768 3851 igitur
797 3780 963 3835 situm
993 3782 1198 3838 montis
1240 3786 1491 3856 concipe.
1527 3784 1646 3842 Non
1672 3786 1864 3841 admo-

294 3870 428 3924 dum
457 3870 648 3940 procnl
701 3869 771 3924 ab
829 3870 1141 3936 Antiochia,
1200 3872 1269 3927 ad
1321 3872 1586 3931 Orontem
1635 3875 1862 3930 ﬂuvium

296 3958 539 4027 condita,
588 3961 1241 4030 septentrionemversus
1288 3964 1422 4020 urbs
1463 3966 1686 4021 Rhosus
1719 3965 1862 4020 mari

291 4051 532 4122 adiacet:
567 4052 711 4107 inter
744 4061 1034 4123 utramque
1067 4064 1238 4119 terra,
1263 4056 1611 4127 longiuscule
1632 4057 1692 4111 in
1711 4073 1863 4113 mare

290 4158 484 4199 versus
524 4144 866 4200 occidentem
901 4160 1254 4215 procurrens,
1283 4148 1339 4202 in
1388 4157 1638 4204 extremo
1667 4148 1864 4204 Seleu-

289 4235 430 4291 ciam
482 4234 935 4302 continent,150
972 4234 1148 4291 stadia
1210 4237 1508 4293 Antiochia
1563 4238 1817 4294 dissitam

288 4326 428 4382 adeo
456 4333 515 4381 ut
541 4325 774 4381 formam
804 4327 1072 4398 trigonam
1101 4337 1271 4385 terna:
1299 4329 1416 4385 istae
1443 4330 1696 4386 civitates
1721 4345 1862 4400 quo-

287 4419 583 4474 dummodo
627 4428 1049 4489 repraesentem,
1077 4421 1197 4491 pari
1221 4420 1396 4476 ferme
1425 4422 1570 4477 inter
1598 4437 1657 4477 se
1679 4422 1862 4492 spatio

1964 3255 2052 3307 tre,
2084 3242 2213 3297 inde
2243 3240 2298 3293 in
2323 3239 2491 3292 valles
2512 3236 2803 3305 depressae,
2834 3235 2968 3289 alibi
2997 3233 3226 3298 arentis,
3258 3232 3390 3287 alibi
3406 3246 3543 3287 con-

1963 3336 2082 3391 sita:
2119 3333 2307 3387 facies.
2337 3327 2551 3398 Ecquid
2587 3327 2754 3397 igitur
2778 3326 2955 3393 deest,
2989 3332 3051 3381 ut
3089 3324 3339 3380 delicium
3383 3323 3539 3380 dica-

1967 3434 2056 3481 tur
2086 3439 2243 3479 mons
2280 3422 2384 3477 iste
2409 3420 2432 3475 l

2111 3514 2139 3585 ᾗ
2168 3513 2254 3567 Ill.
2293 3511 2365 3565 De
2400 3520 2556 3565 (etate
2590 3511 2762 3565 sancti
2793 3508 3067 3580 Symeonis
3100 3509 3359 3564 Junioris.

2039 3606 2126 3660 l5.
2162 3605 2279 3659 Duo
2308 3604 2574 3658 hactenus
2606 3617 2872 3673 perquam
2901 3602 3158 3668 obscura,
3192 3617 3314 3672 quae
3357 3601 3427 3655 ad
3454 3600 3543 3654 di-

1964 3696 2313 3752 Stlnctionem
2375 3693 2706 3765 Symeonum
2763 3693 3125 3764 Stylitarum,
3177 3708 3410 3763 qumque
3460 3691 3533 3747 ad

1964 3788 2200 3842 Montem
2223 3785 2546 3849 Mirabilem,
2578 3784 2695 3840 solo
2724 3784 2840 3840 fere
2862 3784 3086 3840 nomine
3107 3784 3201 3839 diu
3231 3785 3538 3855 cognitum,

1964 3877 2220 3940 attinent,
2249 3874 2594 3946 prosecutis;
2626 3873 2773 3930 haud
2804 3875 2968 3944 paulo
2988 3872 3208 3945 gravior
3244 3872 3543 3929 diﬂlcultas

1962 3966 2234 4023 incumbit
2257 3965 2558 4021 deﬁniendi
2583 3972 2820 4028 certum,
2846 3966 2892 4020 si
2925 3965 3118 4035 possit,
3145 3972 3363 4034 tempus
3382 4003 3396 4027 ,
3427 3978 3542 4043 quo

1960 4058 2157 4114 Junior
2187 4058 2422 4128 Symeon
2450 4063 2614 4110 natus
2643 4062 3003 4126 mortuusque
3036 4053 3224 4109 fuerit.
3251 4054 3540 4109 Neminem

1962 4149 2208 4220 reperire
2260 4148 2421 4203 licuit
2473 4154 2784 4211 auctorem,
2814 4147 2913 4216 qui
2971 4145 3400 4201 determinatius
3437 4145 3543 4200 ali-

1961 4240 2095 4311 quid
2122 4239 2438 4304 aﬁirmaret,
2473 4253 2640 4308 quam
2668 4238 2843 4294 fuisse
2895 4237 3222 4309 Symeonem
3280 4238 3538 4309 tempori-

1960 4334 2053 4388 bus
2067 4331 2264 4387 Justini
2293 4329 2547 4387 Senioris.
2576 4330 2693 4385 lmo
2716 4345 2897 4400 neque
2924 4330 3070 4397 Vita,
3096 4344 3260 4399 quam
3307 4327 3541 4400 subjici-

1962 4421 2259 4487 mus,diem
2271 4435 2547 4476 annumve
2569 4429 2722 4475 ortus
2736 4428 2830 4476 aut
2842 4419 3026 4475 obitus
3042 4420 3188 4476 illius
3203 4418 3543 4476 determina-

285 4510 577 4566 distantes.
621 4508 761 4566 Hinc
788 4526 970 4577 mons,
1017 4510 1115 4581 qui
1171 4510 1524 4568 Antiochiam
1584 4512 1861 4567 Rhosum-
1888 4493 1936 4552 Ι)
1962 4519 2081 4566 tum
2095 4509 2277 4582 ponit;
2311 4509 2551 4580 suggerit
2572 4498 3013 4579 tamenqutedam
3028 4508 3400 4572 hincinde,ex
3415 4508 3544 4578 qni-

286 4613 395 4668 que
420 4598 625 4655 dicitur
647 4599 1017 4663 committere,
1056 4598 1368 4655 Seleuciam
1416 4600 1651 4657 includit
1677 4615 1862 4671 segre-

284 4700 487 4761 getque
518 4691 589 4746 ab
613 4691 827 4762 reliqua
847 4691 1193 4747 continente.
1217 4691 1398 4764 Atque
1455 4694 1530 4749 ita
1576 4704 1725 4749 recte
1750 4710 1851 4764 po-

288 4780 441 4835 nitur
469 4780 614 4838 inter
645 4781 839 4838 urbem
869 4781 1276 4837 Antiochenam
1322 4790 1492 4853 atque
1546 4800 1698 4840 mare
1741 4786 1858 4841 ela-

290 4881 409 4927 tus:
443 4873 592 4945 quod
626 4873 803 4944 ipsum
841 4873 1007 4929 etiam
1030 4887 1098 4927 ex
1145 4873 1274 4929 Vita
1300 4890 1356 4928 n.
1395 4874 1461 4928 77
1495 4876 1730 4932 stabiliri
1762 4893 1860 4949 po-

288 4972 413 5019 test.
436 4964 617 5023 llabet
644 4978 810 5037 porro
831 4980 992 5021 mons
1024 4965 1131 5019 iste
1158 4966 1441 5035 oppositos
1487 4967 1628 5024 duos
1675 4969 1858 5037 alios;

286 5070 523 5125 quorum
547 5057 688 5111 alter
720 5056 839 5126 qui,
871 5053 1131 5123 Scopulus
1182 5054 1405 5123 dicitur,
1438 5055 1686 5113 Seleucia
1717 5059 1863 5113 Rho-

288 5158 409 5196 sum
442 5144 691 5199 tendenti
715 5144 896 5198 media
926 5144 1174 5199 occurrit
1214 5145 1323 5209 via,
1356 5147 1493 5201 mari
1524 5148 1857 5217 imminens;

288 5242 345 5287 et
372 5234 443 5288 ab
471 5234 574 5288 hac
631 5235 793 5300 urbe,
828 5233 1021 5298 credo,
1060 5232 1310 5305 Scopolus
1340 5237 1589 5295 Rhosicus
1621 5241 1864 5311 appella-

292 5331 418 5389 tur;
447 5325 709 5390 alterum,
736 5325 827 5379 cui
854 5324 1123 5379 Caucasus
1173 5342 1373 5383 nomen
1398 5330 1617 5402 obtigit,
1666 5333 1722 5388 in
1759 5332 1859 5387 ad-

289 5429 445 5469 versa
467 5430 588 5470 esse
621 5423 777 5485 parte
804 5414 997 5469 Montis
1023 5415 1280 5473 Mirabilis
1300 5460 1314 5484 ,
1370 5420 1628 5478 videlicet
1681 5424 1864 5479 orien-

297 5506 415 5567 tali,
450 5522 519 5560 ex
570 5506 891 5562 narratione
913 5517 1165 5565 constare
1212 5512 1452 5568 videtur.
1497 5514 1653 5582 Quod
1698 5516 1861 5587 siqui

290 5595 382 5649 alii
413 5597 586 5653 colles
626 5610 913 5654 montesve
967 5600 1344 5671 ignobiliores,
1397 5606 1862 5675 quemadmodum

292 5684 409 5745 lleri
446 5690 648 5746 assolet
675 5700 839 5762 atque
869 5693 925 5749 in
959 5693 1078 5751 Vita
1109 5695 1273 5752 etiam
1311 5696 1588 5768 proditur,
1622 5697 1862 5755 circum-

371 5804 386 5837 '
423 5806 560 5861 Psal.
597 5824 771 5878 xxxix,
812 5811 863 5867 5.

1964 4599 2070 4655 bus
2096 4598 2314 4654 deliniri
2332 4598 2568 4654 certiora
2587 4598 2819 4668 possint.
2832 4598 2954 4652 Mox
2968 4598 3116 4652 enim
3127 4614 3186 4652 n.
3205 4597 3275 4653 ιθ
3283 4597 3540 4663 habetur,

1967 4691 2292 4765 Symeonem
2320 4692 2730 4762 quinquennem
2754 4691 2943 4758 fuisse,
2980 4708 3105 4748 cum
3144 4695 3326 4765 gravis
3378 4703 3543 4751 terra:

1967 4787 2151 4835 motus
2162 4779 2510 4835 Antiochiam
2533 4777 2902 4846 labefactavit,
2912 4794 3024 4849 quo
3044 4796 3236 4836 eversa
3250 4780 3398 4837 illius
3408 4796 3547 4852 quo-

1968 4889 2076 4943 que
2092 4873 2288 4928 domus
2305 4872 2453 4927 inter
2484 4872 2620 4928 alias
2646 4881 2750 4936 est,
2789 4879 2847 4927 et
2868 4880 3027 4942 pater
3052 4873 3228 4930 minis
3255 4874 3544 4931 involutus

1969 4962 2201 5019 interiit.
2229 4961 2523 5017 Deﬁnitum
2556 4960 2648 5015 hic
2680 4961 2845 5025 foret,
2872 4962 2920 5017 si
2958 4963 3176 5023 felicior
3225 4965 3543 5029 Antiochia,

1964 5055 2147 5110 minus
2172 5051 2558 5124 frequentibus
2585 5060 2841 5123 quassata
2872 5052 3115 5110 motibus
3144 5053 3360 5111 fuisset.
3394 5055 3543 5111 Duo-

1963 5162 2087 5201 rum
2111 5143 2485 5201 meminerunt
2507 5152 2760 5199 auctores
2789 5144 3057 5215 Evagrius
3078 5153 3244 5216 atque
3256 5147 3546 5218 Theopha-

1961 5254 2084 5303 nes,
2110 5237 2205 5307 qui
2240 5236 2345 5291 sub
2370 5234 2516 5290 idem
2549 5235 2665 5291 fere
2684 5243 2919 5306 tempus,
2953 5237 3246 5308 interiecto
3266 5241 3545 5299 mensium

1965 5332 2191 5402 triginta
2214 5345 2333 5403 non
2366 5329 2601 5398 amplius
2633 5329 2830 5399 spatio,
2864 5329 3234 5386 invaluerunt.

2040 5421 2128 5475 i6.
2155 5419 2402 5475 Priorem
2444 5418 2523 5473 sic
2556 5417 3104 5490 describitEvagrius
3129 5421 3167 5475 l.
3199 5437 3274 5487 IV,
3306 5437 3429 5494 cap.
3459 5424 3494 5481 5
3524 5441 3542 5480 :

1967 5513 2163 5569 Iisdem
2201 5510 2401 5567 Justini
2432 5510 2747 5582 temporibus
2766 5510 2948 5566 crebra
2978 5513 3266 5582 graviaque
3298 5514 3545 5570 incendia

1968 5606 2259 5663 Antiochia:
2289 5605 2643 5675 contigerunt,
2683 5619 2800 5672 quae
2826 5603 2988 5658 veluti
3010 5604 3164 5660 duces
3197 5606 3414 5677 fuerunt
3436 5616 3545 5662 tero

1973 5698 2243 5769 riﬁcorum
2291 5707 2447 5754 term
2489 5705 2744 5763 motuum,
2770 5695 2960 5752 ibidem
3008 5706 3187 5768 postea
3241 5709 3541 5757 consecuto-

3558 5920 3595 5937 κ
