3898 6378
284 365 421 428 2373

1419 366 2020 427 COMMENTARIUS
2060 320 2426 427 eximius.

3402 374 3549 438 2974

283 483 914 556 ναιη,ρνιειαεενωιιᾳαε
972 485 1366 540 calamitatibus
1417 487 1671 538 uenturis.
1729 484 1869 538 Nam

1993 484 2155 548 ιείας,
2191 485 2319 556 μηνὶ
2340 485 2549 555 δεκάτῳ
2576 501 2589 514 ·
2627 483 2730 537 ἀνὰ
2759 484 2850 537 τὸν
2880 486 3221 557 Ἀρτεμὶςισν
3254 491 3395 559 μῆνα
3424 495 3544 564 ἦτοι

283 573 420 627 brtri
476 586 601 643 post
640 588 893 649 tempore,
920 598 1061 635 anno
1090 584 1311 652 septimo
1355 582 1565 652 imperii
1604 580 1802 634 Justini
1825 589 1874 633 et

285 679 461 718 mense
494 668 702 722 decimo
733 687 751 735 ;
781 687 957 724 mense
994 673 1278 727 Artemisio
1303 690 1396 726 seu
1418 672 1598 737 Maio;
1636 672 1720 725 die
1763 672 1876 741 ejus

284 771 421 809 nona
446 774 512 810 ac
542 761 820 825 vicesima,
847 764 959 833 ipso
998 766 1215 818 meridie
1248 764 1393 832 feriae
1416 773 1596 827 δείξειε,
1620 772 1677 816 ut
1719 778 1876 816 voca-

283 851 389 906 tur,
412 847 764 903 hebdomadis
796 868 815 915 ;
843 854 1106 907 succussio
1138 870 1201 906 ac
1222 862 1391 907 motus
1422 863 1594 915 terrae,
1619 851 1874 905 invaden—

282 945 355 989 tes
409 937 627 1004 urbem,
664 957 796 1009 pene
854 953 1023 997 totam
1068 944 1304 1013 funditus
1330 944 1718 998 subuerterant.
1747 941 1878 995 Post

283 1027 392 1080 haec
435 1033 693 1085 successit
750 1034 888 1102 ignis
941 1051 1165 1105 quoque,
1206 1044 1255 1088 et
1310 1035 1673 1089 calamitatem
1724 1035 1879 1104 quasi

281 1135 401 1172 cum
446 1119 566 1174 illis
628 1126 860 1193 partitus
910 1134 1005 1180 est.
1041 1124 1240 1191 Quibus
1265 1128 1403 1180 enim
1432 1126 1556 1179 locis
1605 1126 1880 1196 quassatio

285 1217 572 1280 motusque
599 1222 964 1282 pepercerant,
996 1214 1094 1268 illa
1123 1217 1263 1285 ignis
1287 1218 1485 1270 circum
1507 1215 1794 1284 deposcens
1825 1215 1881 1267 in

282 1300 490 1355 cineres
550 1303 875 1375 favillasque
920 1307 1140 1377 redegit.
1175 1306 1305 1372 Quir
1335 1323 1494 1377 porro
1526 1307 1667 1360 urbis
1703 1316 1882 1377 partes

286 1394 524 1457 ruerint,
561 1405 691 1465 quot
714 1397 953 1451 homines
981 1400 1216 1468 ﬂammis
1246 1400 1592 1469 motibusque,
1632 1398 1709 1450 uti
1735 1398 1884 1451 simi-

286 1481 387 1536 lius
445 1502 574 1540 vero
602 1496 699 1551 est,
742 1488 1082 1554 interierint,
1148 1505 1268 1560 qua:
1309 1492 1470 1543 etiam
1503 1490 1771 1544 mirabilia
1801 1491 1882 1544 di-

284 1576 552 1647 cendique
591 1579 846 1648 facultate
874 1587 1021 1640 omni
1046 1588 1257 1658 majora
1282 1590 1619 1658 contigerint,
1677 1588 1888 1659 lugubri

286 1681 609 1733 prosecutus
658 1683 735 1728 est
774 1678 1016 1731 oratione
1063 1677 1300 1734 Joannes
1359 1681 1561 1745 rhetor,
1593 1680 1883 1736 Historiam

1982 579 2180 643 Μάῖον,
2237 578 2429 646 ivvit-.1}
2451 577 2505 629 δὲ
2564 579 2781 645 εἰκοστῇ
2829 578 2994 629 αὑτοῦ
3032 581 3232 652 ἡμέρᾳ.
3267 583 3420 637 Anno
3460 602 3542 639 se-

1976 670 2139 739 ptimo
2163 669 2369 738 imperii
2382 667 2577 721 Justini
2592 708 2606 729 ,
2632 684 2806 721 mense
2826 668 3061 724 decimo:
3087 688 3261 725 mense
3278 673 3314 727 Α
3326 676 3554 729 rtemisia

1973 777 2064 815 seu
2091 759 2252 825 Maio,
2281 760 2365 813 die
2387 761 2500 830 ejus
2541 777 2680 814 nona
2715 769 2763 813 et
2786 762 3053 815 vicesima.
3082 761 3193 815 Cur
3224 765 3267 816 si
3314 783 3547 820 mensem

1977 850 2233 903 decimum
2256 851 2383 903 anni
2405 849 2614 920 septimi
2637 850 2753 904 vult
2785 850 3038 921 intelligi,
3075 855 3541 921 quemadmodum

1977 942 2115 996 diem
2145 944 2444 995 vicesimum
2491 959 2687 996 nouum
2739 944 2995 1011 intelligit
3048 946 3236 998 mensis
3278 946 3550 1002 Artemisii
3602 1016 3609 1020 .

1976 1050 2068 1087 seu
2096 1032 2255 1094 Maii;
2283 1049 2398 1091 cur,
2428 1035 2669 1103 inquam,
2698 1033 2991 1103 utrobique
3011 1051 3117 1088 non
3141 1037 3388 1105 loquitur
3412 1038 3554 1108 pari-

1979 1123 2265 1179 formiter?
2308 1123 2564 1179 Secundo
2612 1126 2733 1179 loco
2762 1126 3143 1181 diememensis
3192 1126 3397 1182 indicat
3451 1145 3552 1183 ex-

1980 1231 2166 1285 presse
2190 1231 2288 1285 per
2321 1215 2611 1269 relativum
2638 1216 2823 1280 αὐτοῦ,
2869 1218 3002 1286 ejus.
3046 1233 3154 1271 non
3200 1219 3329 1273 item
3367 1219 3548 1288 primo

1982 1323 2225 1362 mensem
2254 1308 2384 1361 anni
2413 1327 2427 1372 ;
2459 1308 2609 1362 nulla
2638 1308 2728 1363 hic
2756 1309 2964 1363 mentio
3015 1310 3322 1364 relationis.
3366 1310 3553 1365 Voluit

1981 1398 2150 1468 igitur
2179 1414 2289 1451 non
2313 1398 2440 1452 anni
2468 1399 2712 1469 septimi,
2746 1399 2841 1453 sed
2887 1414 3048 1468 supra
3082 1400 3255 1461 illum,
3307 1416 3552 1455 mensem

1982 1488 2257 1544 decimum
2285 1488 2625 1560 significare;
2663 1489 2808 1558 quod
2844 1498 2903 1543 ut
2963 1491 3228 1560 liquidius
3276 1491 3418 1545 foret
3454 1508 3559 1546 nec.

1986 1582 2038 1635 in
2066 1582 2653 1651 erroremquempiam
2712 1582 2979 1653 deinceps
3030 1583 3345 1645 induceret,
3387 1584 3559 1653 parti-

1983 1671 2163 1725 culam
2212 1670 2329 1736 καί,
2373 1680 2444 1735 et,
2495 1687 2811 1742 quanquam
2861 1673 2949 1726 vix
2997 1675 3387 1736 necessariam,
3419 1690 3555 1728 coti-

284 1774 449 1814 suam
485 1765 574 1817 hic
616 1765 953 1821 concludens.
1005 1769 1337 1841 Euphrasius
1364 1788 1485 1826 vero
1510 1774 1673 1827 etiam
1714 1773 1884 1827 ruinis

1993 1768 2163 1815 stante
2187 1760 2352 1815 etiam
2385 1761 2503 1816 sine
2524 1761 2615 1816 illa
2634 1777 2798 1817 sensu
2839 1777 3004 1832 quem
3039 1762 3428 1827 indicavimus,
3453 1763 3520 1817 ad
3540 1793 3554 1805 -

287 1850 830 1922 interceptus.uitam
866 1857 1080 1922 ﬁnivit:
1115 1876 1178 1913 ac
1241 1869 1409 1915 morte
1466 1878 1564 1915 sua
1618 1861 1880 1931 publicam

1993 1852 2151 1919 licere
2180 1851 2359 1905 visum
2391 1861 2495 1907 est.
3160 1860 3169 1868 '

286 1940 662 1997 calamitatem
697 1948 868 2013 auxit,
906 1951 1114 2004 nemine
1130 1951 1273 2021 jam,
1299 1949 1390 2023 qui
1430 1956 1713 2022 profutura
1755 1967 1881 2021 sug-

288 2043 525 2101 gereret,
548 2046 859 2105 superante.
890 2039 1059 2095 Addit
1089 2041 1460 2113 Theophanes
1486 2061 1501 2097 :
1540 2042 1730 2097 Omnes
1750 2058 1884 2111 quo-

288 2136 392 2189 que
420 2124 565 2178 cedes
592 2134 643 2179 et
658 2126 888 2184 ecclesia:
905 2132 1268 2196 conciderunt,
1294 2142 1345 2187 et
1378 2133 1516 2188 urbis
1533 2133 1689 2187 decor
1713 2134 1884 2187 omnis

291 2209 500 2267 deletus
524 2223 602 2268 est
637 2232 656 2270 :
691 2217 783 2270 sed
835 2234 1003 2285 neque
1032 2219 1154 2273 talis
1184 2219 1464 2275 calamitas
1519 2220 1640 2275 aliis
1677 2219 1883 2275 steculis

291 2305 485 2373 quavis
529 2307 585 2359 in
647 2307 774 2361 urbe
829 2313 1070 2383 contigit.
1098 2311 1462 2368 Pientissimus
1486 2323 1663 2367 autem
1717 2314 1883 2382 impe-

294 2402 452 2448 rator
483 2395 748 2465 Justinus,
774 2417 834 2454 re
854 2405 1087 2473 cognita,
1112 2405 1316 2475 ingenti
1349 2403 1530 2458 dolore
1553 2404 1723 2458 animi
1760 2420 1883 2473 perv

294 2498 506 2551 cussus,
530 2488 738 2543 sublato
765 2492 953 2562 capitis
974 2494 1057 2545 sui
1098 2502 1292 2546 ornatu
1336 2510 1676 2564 purpuraque
1726 2493 1886 2565 depo-

294 2577 425 2644 sita,
460 2577 643 2649 plures
679 2580 788 2635 dies
816 2598 1030 2637 saccum
1070 2585 1285 2638 indutus
1317 2584 1450 2638 luxit
1476 2602 1496 2651 ;
1529 2585 1659 2639 adeo
1707 2593 1767 2638 ut
1804 2585 1884 2655 fe-

304 2675 392 2721 sta
442 2685 651 2740 quoque
693 2668 806 2724 luce
835 2672 1118 2742 procedens
1148 2674 1202 2726 in
1229 2673 1503 2744 templum,
1523 2690 1773 2737 coronam
1791 2681 1883 2727 aut

303 2762 642 2834 chlamydem
665 2776 872 2835 gestare
896 2770 1131 2822 renuerit
1155 2785 1173 2823 :
1201 2784 1381 2822 verum
1418 2769 1493 2820 sic
1524 2766 1749 2836 simplici
1785 2768 1883 2821 ha-

300 2855 415 2909 bitu
455 2872 573 2909 cum
604 2856 718 2910 solo
758 2859 989 2929 mandga
1021 2875 1283 2930 purpureo
1313 2858 1653 2928 processerit,
1687 2874 1749 2910 ac
1794 2874 1882 2911 ro-

305 2963 426 3002 rant
461 2956 570 3003 toto
612 2960 802 3005 senatu
834 2950 1171 3020 ingemuerit,
1203 2952 1481 3020 creterique
1520 2965 1699 3002 omnes
1730 2950 1884 3020 lugu-

302 3036 422 3095 bria
485 3040 656 3094 induti
711 3057 819 3095 una
884 3058 1000 3095 cum
1054 3043 1166 3111 ipso
1222 3041 1490 3095 luxerunt.
1523 3038 1650 3094 llmc
1691 3038 1770 3093 illi
1816 3038 1885 3093 de

302 3130 480 3198 priori
504 3130 850 3187 Antiocheuo
883 3141 1046 3187 terra:
1071 3141 1246 3187 motu.

379 3224 467 3277 17.
502 3221 705 3277 Verum
758 3225 1089 3294 priusquam
1151 3224 1219 3279 ad
1271 3225 1511 3280 alterum
1562 3223 1882 3295 progredia-

309 3331 455 3378 mur,
482 3316 1043 3374 monitumleelorem
1093 3319 1284 3385 velim,
1314 3333 1417 3373 nos
1464 3318 1620 3372 illum
1669 3317 1889 3388 Evagrii

306 3408 510 3472 locum,
537 3425 678 3461 anno
704 3412 931 3479 septimo
957 3450 971 3473 ,
1007 3426 1193 3464 mense
1221 3410 1422 3464 decimo
1458 3408 1889 3480 imperiilustini

309 3501 427 3568 (qui
458 3515 646 3556 errare
665 3500 799 3556 fecit
823 3502 1153 3568 Baronium,
1183 3501 1506 3570 errorisque
1565 3502 1816 3571 arguitur
1858 3516 1888 3555 a

309 3591 531 3645 Valesio
559 3591 614 3645 in
648 3591 1120 3648 Adnotationihus
1151 3591 1291 3663 hic),
1340 3591 1630 3662 interiecta
1654 3592 1890 3662 conjun-

309 3682 494 3737 ctione
522 3690 592 3744 et,
620 3682 702 3737 sic
724 3682 1026 3755 corrigere,
1064 3701 1205 3739 anno
1226 3684 1448 3755 septimo
1480 3690 1528 3736 et
1574 3698 1747 3737 mense
1795 3682 1888 3736 de-

313 3774 447 3827 cimo
473 3758 685 3844 imperii
706 3775 923 3841 Justini,
945 3786 1004 3831 ut
1034 3792 1231 3846 nempe
1267 3775 1652 3832 statuaturhic
1684 3783 1889 3842 motus,

321 3868 398 3921 uti
422 3868 609 3935 debet,
635 3869 904 3925 accidisse
938 3879 1133 3926 octavo
1163 3871 1382 3941 imperii
1437 3886 1583 3926 anno
1625 3869 1694 3925 ad
1724 3869 1888 3923 tinem

315 3962 602 4029 vergente,
639 3959 733 4028 qui
799 3960 968 4015 refert
1025 3977 1234 4016 annum
1285 3960 1529 4030 vulgaris
1592 3976 1718 4015 tera:
1758 3960 1887 4026 526,

312 4049 534 4116 quando
600 4049 788 4105 littera
842 4050 1202 4106 Dominicalis
1247 4050 1296 4104 D
1344 4050 1583 4105 faciebat
1632 4050 1776 4105 diem
1819 4050 1890 4106 29

313 4139 439 4195 Maii
505 4155 632 4195 cum
700 4141 861 4196 Feria
918 4141 952 4195 6
1011 4142 1377 4197 hebdomadis
1429 4142 1749 4197 convenire.
1811 4142 1890 4197 lla

314 4246 452 4286 vero
500 4232 668 4286 etiam
697 4232 766 4285 ab
801 4233 1036 4303 Evagrio
1063 4234 1331 4303 scriptum
1362 4232 1533 4287 fuisse
1557 4232 1754 4288 suadet
1797 4248 1890 4287 cx-

313 4321 655 4390 pressissima
688 4322 1203 4392 mentiotemporis,
1224 4322 1368 4377 inter
1408 4330 1705 4393 utrumque
1731 4330 1892 4378 terrae

316 4419 525 4465 motum
554 4411 750 4481 elapsi,
783 4410 935 4481 quod
968 4413 1048 4466 ait
1083 4412 1308 4482 triginta
1373 4413 1651 4468 mensium
1684 4412 1885 4477 fuisse;

316 4502 461 4570 quod
494 4511 713 4572 tempus
747 4501 793 4556 si
831 4502 1062 4572 adjicias
1090 4501 1157 4556 ad
1188 4502 1335 4557 diem
1368 4500 1438 4557 29
1492 4501 1704 4558 mensis
1735 4501 1885 4566 Maii,
1928 4510 1971 4564 ι)

315 4590 448 4646 dicti
473 4607 598 4647 uerte
635 4592 880 4663 vulgaris
900 4593 1029 4646 anni
1061 4590 1186 4656 526,
1206 4600 1469 4662 exsurget
1521 4607 1705 4647 annus
1750 4593 1897 4663 ejus-

317 4684 439 4737 dem
456 4699 581 4738 atrae
602 4683 728 4745 528,
758 4684 970 4739 mensis
996 4684 1332 4749 November,
1361 4683 1482 4739 dies
1515 4683 1606 4751 29,
1631 4700 1745 4754 quo
1764 4700 1899 4753 prte-

320 4774 434 4829 cise
473 4774 839 4845 posteriorem
886 4782 1053 4830 terrm
1087 4783 1298 4829 motum
1326 4774 1571 4828 smviisse
1593 4789 1660 4828 ex
1715 4772 1897 4828 Theo-
1934 4792 1939 4797 δ

317 4865 497 4934 ιιιιειιθ
531 4864 765 4934 aliisque
805 4863 1094 4919 manifeste
1136 4872 1373 4920 constat.
1406 4863 1594 4933 Neque
1631 4862 1899 4917 credibile

319 4966 399 5011 est
421 4964 709 5010 auctorem
745 4957 840 5026 qui
895 4965 1005 5009 tam
1053 4963 1311 5010 accurate
1357 4952 1722 5009 minutissima
1751 4968 1902 5023 quee-

322 5064 427 5117 que
465 5046 807 5113 observavit,
846 5055 909 5100 ut
935 5047 1103 5101 etiam
1133 5045 1327 5100 horam
1358 5052 1415 5100 et
1456 5050 1724 5115 punctum
1761 5051 1897 5098 tem-

320 5140 491 5209 poris,
517 5154 630 5209 quo
669 5148 854 5193 motus
901 5138 1094 5209 coepit,
1140 5137 1515 5208 expresserit;
1550 5136 1898 5192 aberravisse

319 5247 464 5287 anno
490 5232 731 5300 integro,
769 5230 1076 5300 praesertim
1105 5244 1229 5284 cum
1286 5230 1380 5283 vix
1437 5228 1681 5298 potuerit
1715 5227 1895 5299 ipsum

318 5320 548 5375 secundi
607 5329 793 5375 motus
845 5318 1175 5374 distinctum
1236 5329 1455 5386 tempus
1497 5316 1805 5386 praeterire,
1865 5330 1893 5368 a

317 5409 657 5478 Theophane
694 5408 854 5478 longe
881 5407 1194 5477 posteriore
1220 5405 1670 5461 determinatam.
1717 5403 1893 5466 Adde.

318 5502 362 5555 si
433 5501 565 5570 quid
618 5500 787 5556 etiam
839 5500 944 5553 hoc
989 5499 1256 5554 momenti
1306 5497 1494 5561 habet,
1536 5497 1655 5568 ipsa
1706 5503 1897 5573 aucto-

321 5592 397 5647 ris
426 5593 616 5656 verba,
648 5591 702 5645 in
735 5591 928 5647 eadem
960 5590 1073 5645 fere
1098 5589 1330 5661 periodo
1361 5588 1580 5643 diversa
1632 5586 1894 5657 loquendi

321 5680 493 5735 forma
525 5680 761 5743 utentis,
796 5679 889 5734 ubi
913 5690 1094 5734 tamen
1124 5670 1320 5734 eadem
1344 5677 1542 5733 volunt
1571 5675 1891 5747 significari.
1938 5718 1943 5723 .

324 5770 414 5827 Sic
450 5771 569 5825 ait:
616 5770 703 5823 Ἐν
734 5771 811 5841 τῷ
846 5770 1056 5843 ἑϐδόμῳ
1084 5770 1193 5825 ἔτει
1246 5772 1342 5842 τῆς
1386 5770 1669 5824 ἰςυστίνου
1737 5769 1891 5837 βασι-

2054 1941 2141 1995 18.
2177 1941 2283 1997 Sed
2319 1942 2628 2006 redeamus,
2668 1942 2814 1998 unde
2856 1942 3090 2015 digressi
3120 1958 3333 1999 sumus.
3365 1943 3550 1998 Poste-

1987 2031 2149 2087 rioris
2196 2040 2380 2087 motus
2426 2033 2796 2088 calamitatem
2824 2034 2905 2089 sic
2937 2043 3164 2089 enarrat
3187 2033 3559 2104 Theophanes

1985 2138 2129 2176 anno
2161 2122 2197 2176 2
2247 2122 2569 2189 Iustiniani,
2624 2124 2720 2193 qui
2779 2124 2885 2180 528
2928 2133 3016 2180 est
3044 2139 3167 2180 terat
3198 2123 3554 2179 communis:

1987 2212 2188 2267 Eadem
2240 2231 2381 2267 anno
2433 2217 2627 2269 mensis
2672 2216 2978 2270 Novembris
3003 2216 3088 2269 die
3119 2231 3259 2270 nona
3297 2232 3463 2284 supra
3483 2215 3563 2268 υἰ-

1985 2297 2256 2361 cesimam,
2287 2299 2417 2352 hora
2470 2299 2575 2352 diei
2628 2302 2808 2373 tertia,
2846 2302 2979 2371 feria
3015 2311 3234 2372 quarta,
3279 2301 3564 2355 indictione

1985 2386 2229 2455 septima,
2267 2387 2476 2441 biennio
2508 2399 2623 2458 post
2654 2390 2983 2459 superiorem
3011 2390 3238 2453 cladem,
3262 2389 3560 2452 Antiochia,

1987 2475 2170 2529 civitas
2205 2493 2420 2547 magna,
2447 2478 2618 2549 plagw
2646 2479 2847 2533 ctelitus
2878 2479 3048 2535 illata:
3076 2480 3332 2533 damnum
3371 2480 3565 2532 iterant

1985 2581 2143 2634 passa
2208 2575 2302 2619 est.
2337 2566 2529 2637 Ingens
2576 2570 2771 2638 quippe
2821 2579 2978 2624 terra?
3035 2578 3206 2623 motus
3252 2585 3346 2638 per
3376 2570 3565 2622 horam

1986 2672 2147 2709 unam
2176 2657 2369 2726 factus,
2387 2667 2546 2727 atque
2563 2660 2855 2713 horrendus
2882 2661 3096 2713 omnino
3117 2660 3345 2727 mugitus
3376 2676 3402 2713 e
3435 2659 3565 2712 caelo

1985 2746 2198 2800 auditus
2253 2756 2326 2801 est
2357 2764 2375 2802 :
2408 2750 2586 2802 omnia
2627 2765 2836 2824 quoque
2901 2753 3126 2823 aediﬁcia
3167 2762 3218 2806 et
3255 2753 3396 2807 muri
3443 2752 3560 2818 solo,

1985 2849 2197 2909 tequata
2246 2850 2369 2894 sunt
2399 2860 2417 2907 ;
2457 2858 2677 2916 qumque
2706 2850 3048 2903 substiterant
3079 2850 3133 2901 in
3188 2850 3356 2918 priori
3376 2916 3381 2921 ἡ
3404 2857 3566 2903 terra!

1986 2940 2128 2986 metu
2166 2942 2361 2986 veteres
2392 2934 2823 3005 substructiones,
2856 2956 2931 2994 ea:
2971 2957 3111 2995 nunc
3140 2942 3380 3010 funditus
3416 2957 3568 2994 ever—

1985 3038 2056 3075 sa:
2078 3039 2096 3075 :
2136 3024 2357 3097 denique
2376 3029 2629 3099 quidquid
2661 3038 2770 3084 tam
2792 3032 3173 3100 imperatorum
3212 3031 3531 3086 liberalitate
3553 3071 3569 3094 ,

1989 3130 2151 3186 quam
2210 3118 2430 3185 privatis
2479 3120 2670 3173 civium
2735 3122 3027 3190 sumptibus
3072 3123 3191 3176 urbi
3229 3123 3567 3177 conciliatum

1990 3206 2164 3277 fuerat
2198 3208 2402 3262 decoris
2434 3219 2593 3279 atque
2629 3220 2871 3276 ornatus,
2903 3213 2955 3266 id
2984 3220 3094 3265 tum
3121 3229 3274 3266 omne
3303 3214 3561 3283 deiectum

1989 3299 2044 3354 in
2072 3308 2291 3353 terram.
2324 3299 2416 3354 His
2444 3303 2698 3371 perceptis
2740 3303 2924 3357 vicina:
2982 3305 3217 3359 civitates
3261 3306 3317 3358 in
3368 3305 3570 3359 luctum

1991 3401 2042 3445 et
2084 3391 2319 3461 publicas
2341 3393 2755 3464 supplicationes
2787 3396 2963 3466 eﬂ‘uste
2999 3407 3140 3451 sunt.
3174 3397 3257 3463 Ea
3283 3396 3434 3451 clade
3472 3399 3564 3452 ho-

1993 3485 2197 3539 minum
2232 3497 2461 3556 quatuor
2516 3487 2712 3552 millia,
2753 3491 3037 3561 octingenti
3100 3498 3151 3543 et
3227 3492 3566 3562 septuaginta

1992 3576 2212 3643 periere.
2246 3575 2371 3630 llaec
2418 3576 2808 3647 Theophanes,
2844 3579 2984 3633 nihil
3024 3579 3173 3633 aliud
3226 3587 3573 3635 memorante

1992 3666 2252 3737 Evagrio,
2299 3683 2465 3737 quam
2493 3668 2688 3738 elapsis
2716 3670 2940 3739 triginta
2979 3670 3265 3734 mensibus,
3294 3670 3418 3724 aliis
3449 3686 3573 3724 rur-

1993 3774 2109 3812 sum
2127 3758 2351 3813 motibus
2378 3760 2558 3813 urbem
2580 3759 2958 3829 labefactatam
2974 3776 3101 3814 esse.
3121 3760 3427 3829 Procopius
3443 3760 3568 3814 nul-

1991 3849 2099 3903 lam
2127 3849 2355 3904 omnino
2379 3849 2547 3919 hujus
2573 3849 2803 3905 secundi
2829 3859 3015 3905 motus
3029 3849 3158 3905 facit
3183 3851 3521 3907 mentionem
3550 3869 3566 3907 :

1992 3940 2060 3994 de
2091 3942 2278 4010 priore
2305 3941 2422 3996 hme
2449 3943 2796 3997 solummodo
2820 3942 2992 3996 refert
3016 3942 3116 3996 lib.
3149 3959 3207 4005 ιι,
3233 3958 3353 4013 cap.
3386 3944 3469 4007 li,
3497 3944 3567 3998 de

2005 4031 2151 4085 bello
2177 4031 2448 4111 Persico‘:
2486 4032 2619 4086 Cum
2667 4033 2912 4086 Justinus
2955 4032 3207 4086 Romanis
3256 4034 3564 4104 imperaret.

1993 4133 2103 4178 tota
2134 4125 2365 4178 ntaximo
2392 4134 2548 4180 terra:
2587 4136 2730 4179 motu
2768 4135 3119 4196 conquassata
3149 4127 3292 4189 urbe,
3332 4126 3562 4195 plurima

1992 4217 2509 4290 prwclarissimaque
2562 4218 2789 4288 aediﬁcia
2858 4219 3026 4275 subito
3067 4230 3378 4272 corruerunt
3428 4235 3446 4272 :
3510 4226 3560 4273 et

1994 4312 2141 4382 fama
2179 4311 2371 4365 obtinet
2407 4313 2666 4366 interiisse
2699 4321 2821 4366 tunc
2850 4311 3101 4383 temporis
3129 4311 3571 4366 Antiochenorum

1995 4410 2228 4455 trecenta
2255 4401 2447 4457 millia.

2074 4494 2160 4549 l9.
2198 4495 2384 4550 Posito
2408 4496 2519 4566 jam
2557 4494 2848 4566 utriusque
2877 4503 3040 4551 terrae
3082 4501 3264 4549 motus
3298 4493 3562 4549 determi-

2002 4594 2134 4640 nato
2159 4594 2429 4656 tempore,
2458 4587 2690 4643 alterius
2717 4603 2864 4643 anno
2888 4587 3298 4643 Justinioctavo
3312 4596 3573 4649 exeunte,

2002 4675 2247 4746 vulgaris
2276 4692 2399 4731 terte
2423 4677 2548 4741 526,
2569 4678 2830 4732 vicesima
2853 4692 2999 4732 nona
3024 4676 3116 4732 die
3152 4677 3276 4731 Maii
3300 4692 3315 4741 ;
3342 4675 3573 4730 alterius

2001 4779 2146 4820 anno
2189 4765 2483 4821 .lustiuiani
2509 4766 2777 4830 secundo,
2825 4781 2953 4820 ante
2992 4765 3233 4835 vulgaris
3273 4764 3402 4829 528,
3428 4764 3577 4819 vice-

2002 4856 2143 4911 sima
2188 4873 2333 4912 nona
2390 4858 2479 4913 die
2526 4858 2891 4923 Novembris;
2964 4855 3332 4926 indagandum
3381 4863 3572 4919 restat,

2004 4946 2111 4999 utri
2136 4946 2483 5015 potissimum
2502 4945 2797 4999 conveniat
2820 4952 3003 4999 motus
3026 4943 3137 5007 ille,
3169 4943 3286 5011 qui,
3313 4940 3575 5012 ngeone

2004 5043 2195 5089 nostro
2219 5036 2332 5105 jam
2362 5034 2607 5105 quinque
2645 5050 2820 5089 annos
2850 5041 2999 5097 nato,
3039 5032 3385 5087 Antiochiam
3439 5046 3575 5086 con~

2001 5127 2193 5182 cussit.
2227 5126 2317 5182 Sic
2338 5142 2441 5197 ego
2473 5134 2677 5181 statuo.
2722 5126 2860 5180 Cum
2912 5125 3079 5180 unius
3114 5133 3324 5179 tantum
3391 5134 3578 5177 motus

2001 5220 2225 5275 circiter
2259 5218 2392 5273 illud
2420 5226 2637 5287 tempus
2674 5216 2994 5270 meminerit
3017 5217 3154 5270 Viue
3185 5228 3400 5279 auc‘or,
3431 5215 3578 5268 illius

2003 5309 2340 5370 meminisse,
2365 5308 2457 5378 qui
2480 5309 2713 5362 niaxime
2734 5308 3042 5369 luctuosus,
3062 5306 3154 5376 qui
3170 5306 3338 5361 variis
3360 5306 3577 5361 eventi-

2001 5402 2106 5456 bus
2127 5400 2672 5469 memorabilior,qui
2727 5398 2868 5452 lania
2902 5398 3067 5452 latius
3121 5397 3292 5451 didita
3322 5396 3580 5466 pluribus

2001 5500 2166 5546 notus
2185 5490 2308 5545 fuit.
2333 5491 2485 5545 Talia
2517 5488 2994 5547 enimmiemorari
3058 5486 3430 5558 scriptoribus
3476 5485 3579 5539 im-

2002 5583 2194 5654 primis
2207 5583 2407 5647 solent,
2422 5582 2722 5652 prmsertim
2746 5596 2871 5634 cum
2898 5588 3050 5634 certo
3084 5589 3334 5647 tempore
3365 5575 3583 5645 aliquid

2000 5675 2292 5739 evenisse,
2365 5689 2686 5744 expressum
2751 5672 3028 5742 cupiunt;
3108 5669 3582 5740 prmtermittcum

2002 5764 2104 5818 bus
2131 5763 2448 5819 obscuriora
2467 5763 2757 5831 minusque
2804 5760 3043 5830 Cognita,
3087 5775 3152 5816 ne
3210 5757 3342 5828 quid
3406 5758 3571 5827 igno-
