3898 6396
318 346 460 406 2975

1606 356 1666 416 S.
1704 358 1999 419 SYMEON
2036 360 2339 423 JUNIOR.

3429 373 3566 435 237.6

326 465 441 507 tum
498 471 596 525 per
647 456 798 512 aliud
844 474 996 530 :rquc
1023 460 1268 532 ignotum
1293 475 1382 519 aut
1437 482 1544 521 non
1581 470 1753 523 multo
1799 486 1899 523 no-
1930 477 1974 533 Α
2007 488 2111 542 pus
2143 475 2209 529 ad
2247 493 2337 531 an.
2375 478 2445 533 85
2508 480 2716 536 faciunt
2748 496 3109 537 exercscere:
3146 484 3291 553 quod
3321 486 3412 542 alii
3451 500 3569 558 lost

323 545 453 611 tius,
515 548 834 605 confudissc
872 553 1077 620 potius,
1138 570 1304 624 quam
1350 558 1654 614 illustrasse
1701 561 1895 619 velint.

323 636 530 701 Quidni
569 639 735 709 igitur
773 642 840 695 ad
896 643 1137 712 priorem
1167 654 1326 702 terra:
1346 658 1554 704 motum
1579 652 1896 721 quinquen-

323 742 448 781 nem
501 731 786 801 Symeonis
815 743 1031 789 aitatem
1072 736 1416 796 reteramus?
1438 740 1627 810 Certe,
1655 745 1699 800 si
1717 745 1900 800 Theo-

325 822 490 889 phani
553 826 868 892 credimus,
932 844 1205 899 nunquam
1276 833 1399 887 talis
1456 834 1738 891 calamitas
1775 838 1895 894 aliis

321 913 525 966 swculis
547 917 731 983 quavis
757 917 812 970 in
837 919 968 972 urbe
985 922 1222 992 conligit.
1245 922 1387 989 Quid
1412 926 1629 981 tristius
1649 937 1746 981 aut
1776 945 1894 984 me-

322 1003 662 1068 morabilius,
692 1022 854 1075 quam
885 1009 1152 1066 subversa
1184 1014 1239 1066 in
1270 1015 1410 1069 urbe
1440 1027 1686 1072 trecenta
1717 1018 1895 1075 homi-

319 1109 450 1147 num
483 1095 652 1150 millia
684 1100 977 1169 occidisse,
1012 1104 1293 1174 publicam
1334 1109 1703 1166 calamitatem
1730 1128 1895 1170 vene-

319 1186 550 1241 randum
586 1191 893 1248 antistitem
918 1210 1017 1249 sua
1047 1206 1231 1253 morte
1291 1202 1531 1266 auxisse,
1565 1204 1892 1274 augustissim

317 1292 468 1332 mum
526 1280 920 1351 imperatorem
978 1288 1244 1346 inusitato
1313 1291 1674 1364 inauditoque
1723 1296 1890 1351 modo

314 1370 547 1426 luxisse?
570 1372 716 1427 Nihil
746 1375 906 1432 istius
931 1379 1078 1434 modi
1101 1380 1157 1435 in
1181 1384 1428 1439 secundo
1450 1394 1601 1441 motu
1622 1388 1889 1445 accidisse

314 1463 545 1534 legitur:
575 1464 685 1519 imo
724 1466 893 1538 hujus
963 1474 1231 1529 memoria
1283 1477 1427 1545 apud
1470 1488 1748 1546 auctores,
1792 1483 1889 1552 qui

312 1568 540 1623 propius
599 1557 667 1611 ad
715 1557 806 1612 illa
859 1567 1103 1630 tempora
1133 1564 1424 1632 accedunt,
1472 1566 1564 1621 vix
1627 1570 1772 1634 ulla,
1828 1579 1890 1626 ut

312 1644 577 1710 vidimus,
635 1656 834 1715 exstat,
889 1651 1007 1706 solo
1046 1652 1381 1725 Theophane
1420 1656 1707 1729 lugubrius
1767 1677 1884 1717 rem

309 1733 676 1791 describente.

2001 563 2141 621 alios
2165 567 2429 640 deinceps
2448 572 2937 642 transcripserunt.

2139 702 2167 773 §
2197 703 2283 757 IV.
2310 702 2388 758 De
2417 706 2628 777 scriptis
2659 711 2836 763 sancti
2873 708 3145 782 Symeonis
3178 711 3431 769 iunioris.

2028 880 2033 881 ν
2068 835 2183 891 Leo
2211 836 2464 903 Allatius,
2493 838 2562 894 de
2595 839 2962 911 Symeonibus
2984 845 3191 914 Optime
3230 848 3482 914 meritus,
3514 852 3567 906 in

1995 924 2239 980 Diatriba
2285 928 2349 981 de
2391 945 2572 983 eorum
2623 932 2870 1002 scriptis,
2908 933 3071 1005 hujus
3119 951 3340 1006 quoque
3395 942 3565 995 nostri

1997 1019 2248 1086 quaedam
2296 1031 2589 1077 recenset:
2624 1039 2861 1093 quorum
2910 1041 3035 1081 cum
3084 1028 3237 1083 nulla
3280 1032 3488 1086 mentio
3515 1033 3569 1088 in

1994 1108 2117 1162 Vita
2150 1109 2417 1165 habeatur
2449 1112 2682 1182 uspiam,
2704 1115 2915 1184 juverit
2949 1116 3041 1172 hic
3065 1118 3157 1173 illa
3185 1134 3255 1174 ex
3280 1119 3430 1176 dicto
3472 1138 3571 1177 au-

1996 1203 2172 1261 ctore,
2209 1212 2319 1251 non
2361 1199 2627 1277 omnibus
2662 1202 2848 1269 obvio,
2872 1204 3264 1275 adnumerare,
3316 1220 3570 1281 tanquam

1993 1286 2210 1356 egregia
2236 1288 2339 1342 viri
2372 1299 2428 1345 et
2459 1292 2808 1348 auctoritatis
2838 1296 2985 1365 apud
3019 1297 3299 1369 principes
3319 1340 3333 1364 ,
3364 1311 3421 1354 et
3470 1304 3569 1357 zeli

1992 1393 2094 1447 pro
2136 1378 2402 1447 Ecclesia,
2443 1383 2738 1452 ctpietatis
2763 1400 2895 1457 erga
2924 1386 3149 1444 Ctelitcs
3194 1405 3568 1447 monumenta.

1992 1466 2237 1523 Primum
2269 1469 2436 1540 igitur
2465 1472 2752 1543 scripsisse
2775 1474 2844 1531 de
2878 1477 3235 1549 imaginibus,
3261 1494 3476 1538 constat
3506 1501 3572 1539 ex

1990 1558 2207 1614 Joanne
2236 1561 2595 1631 Damasceno,
2620 1567 2714 1636 qui
2744 1579 2886 1625 orat.
2910 1571 2945 1625 5
2970 1571 3040 1626 de
3071 1572 3413 1643 imaginibus
3449 1593 3572 1645 par-

1992 1657 2101 1705 tem
2134 1650 2263 1707 inde
2297 1654 2511 1720 recitat,
2539 1670 2666 1712 cum
2699 1658 2807 1714 hoc
2837 1661 3047 1717 indicio
3092 1665 3360 1730 auctoris,
3393 1667 3572 1738 Magni

1995 1739 2290 1813 Symeonis,
2323 1745 2627 1801 admirandi
2646 1751 2858 1817 montis,
2883 1753 2947 1806 de
2981 1753 3333 1825 Imaginibus.
3366 1757 3574 1813 Secun-

379 1827 469 1881 g0_
507 1828 581 1882 Ex
606 1830 802 1885 eodem
848 1840 1033 1889 tamen
1085 1846 1315 1895 auclore
1362 1840 1497 1896 mud
1557 1844 1729 1899 etiam
1786 1862 1889 1902 ηο,
1923 1818 1964 1873 Β
1993 1830 2065 1886 do
2113 1834 2313 1904 stylum
2340 1844 2532 1892 contra
2564 1837 2854 1896 hmretieos
2890 1818 3129 1910 acuisse,
3161 1846 3383 1901 eruitur
3415 1864 3445 1902 e
3480 1849 3570 1901 Ili-

313 1926 459 1973 tasse
513 1919 741 1989 juverit,
786 1924 934 1992 quod
970 1924 1038 1979 de
1085 1927 1269 1996 priore
1322 1939 1475 1984 motu
1536 1948 1725 2004 agens,
1792 1953 1887 2007 per

308 2025 510 2079 «uinum
548 2027 750 2077 unum;
786 2012 854 2069 de
884 2016 1147 2082 secundo,
1181 2034 1280 2088 per
1339 2037 1504 2076 unam
1537 2025 1886 2083 solummodo

307 2100 517 2164 horam,
541 2100 688 2156 dicat
715 2105 979 2161 tenuisse.
1031 2106 1189 2174 Quod
1239 2112 1282 2165 si
1312 2113 1495 2169 minus
1541 2117 1738 2181 solide,
1773 2135 1882 2174 non

305 2189 736 2261 suﬂragantibus
791 2195 913 2251 aliis
976 2201 1341 2268 auctoribus,
1398 2205 1618 2273 probari
1673 2210 1880 2277 possit;

305 2280 1041 2354 obtinebitcerte,priorem
1100 2292 1340 2362 longiori
1395 2295 1574 2365 spatio
1625 2297 1876 2365 durasse,

306 2373 667 2442 posteriorem
693 2375 955 2439 breviori.
985 2381 1165 2438 Motus
1194 2392 1404 2451 autem,
1439 2387 1508 2441 de
1527 2404 1638 2458 quo
1669 2389 1723 2443 in
1757 2390 1880 2447 Vita

305 2466 508 2536 agitur,
536 2468 686 2524 hora:
722 2470 885 2527 unius
921 2472 1212 2529 intervallo
1251 2476 1462 2531 absolvi
1506 2495 1616 2532 non
1670 2482 1873 2549 potuit,

303 2570 431 2610 cum
453 2555 680 2628 Symeon
716 2562 772 2616 in
801 2564 1006 2633 templo
1028 2564 1486 2639 Prom-Martyris
1519 2571 1758 2626 orationi
1779 2589 1877 2628 va-

302 2647 445 2702 carit
459 2648 662 2717 primo,
695 2662 885 2722 postea
910 2654 1231 2712 labentibus
1254 2660 1461 2728 passim
1496 2661 1712 2716 mdibus
1747 2663 1876 2719 inde

303 2758 364 2816 se
393 2744 747 2814 proripuerit,
779 2748 1000 2802 tandem
1031 2765 1289 2821 egressus
1321 2754 1455 2808 urbe
1480 2755 1687 2810 circum
1719 2773 1878 2812 erra-

298 2833 460 2898 verit,
496 2852 821 2895 reversurus
875 2842 1066 2911 utique
1102 2842 1146 2896 si
1210 2853 1394 2899 motus
1442 2856 1749 2914 cessasset;
1777 2849 1873 2904 sed

294 2940 364 2978 eo
387 2939 798 2997 perseverante,
838 2931 1078 3003 denique
1115 2934 1377 2989 inventus
1419 2935 1589 2991 fuerit
1647 2954 1676 2993 a
1740 2951 1870 2996 nota

294 3015 525 3085 muliere
548 3018 930 3090 abductosque
966 3022 1023 3076 in
1044 3032 1310 3093 montem,
1335 3025 1457 3079 urbi
1483 3026 1776 3083 admodum
1796 3030 1871 3084 vi-

1991 1922 2248 1980 bliotheca
2297 1926 2477 1983 Photii
2517 1927 2654 1985 Cod.
2678 1932 2805 1996 251,
2839 1934 2934 1988 ubi
2961 1943 3185 1993 sanctus
3220 1936 3572 2007 Sophronius

1988 2015 2302 2083 patriarcha
2335 2016 2865 2092 llicr'osolymitanus
2893 2023 2950 2079 in
2989 2026 3223 2096 epistola
3272 2029 3567 2100 Synodica,

1986 2102 2234 2159 Ilonorio
2264 2106 2513 2162 Romano
2538 2109 2695 2180 Papa:
2724 2111 2856 2182 (non
2885 2115 3226 2184 imperatori,
3283 2126 3345 2171 ut
3377 2135 3572 2190 perpe-

1946 2223 1957 2231 -
1987 2209 2102 2247 ram
2137 2195 2412 2267 interpres
2449 2201 2627 2270 ponit,
2663 2212 2851 2272 utpote
2881 2206 3042 2262 annis
3074 2217 3204 2263 ante
3231 2209 3491 2266 ducentis
3517 2222 3571 2268 et

1984 2285 2220 2354 amplius
2249 2287 2360 2345 vita
2390 2288 2624 2360 functo),
2657 2294 2843 2361 missa,
2874 2297 3137 2369 colligens
3157 2300 3390 2356 Patrum
3420 2306 3573 2357 testi-

1983 2378 2166 2431 monia
2183 2419 2197 2444 ,
2230 2378 2296 2433 ad
2317 2383 2786 2452 comprobandum
2817 2386 3091 2458 duplicem
3111 2391 3165 2444 in
3187 2390 3418 2449 Christo
3441 2410 3570 2464 ope-

1982 2467 2274 2536 rationem,
2316 2471 2479 2544 hujus
2519 2490 2740 2546 quoque
2786 2480 2959 2535 nostri
2993 2480 3314 2553 Symeonis,
3340 2488 3571 2543 utvidc-

1981 2565 2103 2623 tur,
2136 2562 2387 2616 meminit
2424 2581 2549 2620 cum
2579 2567 2761 2623 laude.
2795 2568 2887 2625 Sic
2911 2572 3106 2628 scribit
3132 2575 3268 2631 loco
3295 2578 3570 2650 assignato

1981 2649 2210 2707 Photius
2244 2674 2257 2708 :
2293 2655 2473 2711 Etiam
2519 2656 2821 2730 ngonius,
2854 2667 3139 2721 monac/ms
3177 2675 3237 2720 et
3284 2649 3567 2742 presbyter.

1980 2740 2353 2801 Testimonium
2406 2766 2546 2814 vero,
2572 2754 2710 2822 quod
2769 2765 3013 2811 sanctum
3046 2763 3296 2830 agnoscit
3355 2740 3571 2834 Symeo-

1976 2849 2101 2889 nem
2133 2848 2437 2907 auctorem,
2467 2859 2532 2897 ea:
2569 2845 2791 2915 epistola
2822 2849 3044 2919 ejus,ad
3065 2850 3442 2908 Iustinianum
3469 2857 3570 2910 im-

1975 2936 2273 2995 peratorem
2331 2932 2482 3000 data,
2522 2952 2639 3006 qua:
2699 2941 2859 2992 etiam
2908 2950 3094 2995 contra
3135 2943 3491 3007 Nestorianos
3515 2959 3565 3003 et

1972 3014 2330 3088 Eutychianos
2361 3023 2721 3094 digladiatur,
2762 3028 3127 3100 depromptum
3154 3042 3253 3088 est.
3292 3036 3412 3107 Ipse
3444 3054 3561 3092 vero

293 3104 503 3171 cinum,
543 3122 607 3164 ac
632 3109 841 3166 ibidem
866 3110 985 3166 dies
1013 3124 1222 3182 septem
1251 3116 1573 3185 perstiterit.
1591 3119 1680 3183 At,
1709 3128 1864 3190 poto,

1971 3105 2330 3176 Justinianus,
2370 3114 2488 3182 pius
2524 3115 2831 3185 imperator,
2885 3119 2939 3171 in
2986 3121 3048 3174 iis
3079 3138 3197 3192 qum
3241 3126 3313 3179 ad
3353 3126 3560 3181 Zoilum

292 3194 339 3247 si
370 3195 525 3265 prius
593 3198 718 3255 ﬁnis
760 3210 1008 3256 motuum
1055 3203 1272 3271 fuisset,
1310 3206 1463 3261 illum
1514 3218 1610 3263 aut
1652 3225 1753 3280 per
1806 3226 1866 3266 se
1899 3194 1939 3210 ν
1971 3199 2331 3307 ηαίνίανίθιαηι
2365 3202 2784 3305 Αίξιταθξάνίηαηι
2810 3210 3058 3279 ’πῆμ’ίῦ
3097 3214 3237 3268 hanc
3280 3216 3557 3286 ερίεεοίιωη
3632 3304 3633 3307 η

300 3286 663 3355 repetiturum
689 3300 981 3359 paternam
1014 3293 1261 3362 domum,
1287 3306 1382 3352 aut
1417 3314 1516 3368 per
1574 3300 1864 3357 mulierem

292 3376 475 3442 matri,
512 3378 850 3436 desiderium
879 3385 976 3439 lilii
1010 3386 1116 3442 hoc
1155 3390 1459 3458 praesertim
1493 3400 1638 3446 statu
1678 3407 1863 3448 rerum

288 3467 578 3537 azgerrime
609 3470 832 3538 ferenti,
857 3477 1262 3533 restituendum
1298 3479 1489 3536 fuisse.
1538 3482 1620 3538 Sit
1676 3484 1864 3557 itaque

291 3556 383 3611 hic
409 3574 588 3614 annus
612 3561 887 3631 Synteonis
941 3568 1189 3637 quintus,
1238 3586 1363 3625 (erae
1425 3572 1635 3643 vulgari
1694 3576 1862 3644 quin-

284 3649 636 3718 quagcsimus
684 3653 978 3711 vicesimus
1002 3667 1187 3714 sextus
1227 3677 1240 3713 :
1274 3644 1331 3715 et
1369 3662 1720 3717 manifestum
1754 3662 1863 3718 erit

285 3740 626 3797 nativitatem
658 3746 777 3815 ejus
815 3747 868 3801 in
896 3764 1100 3803 annum
1127 3750 1253 3817 5'21,
1281 3761 1514 3807 mortem
1556 3768 1710 3819 vero,
1732 3768 1860 3809 cum
1892 3776 1899 3801 ι

284 3848 430 3886 anno
448 3836 629 3889 tetatis
661 3838 726 3890 75
756 3838 979 3906 obierit,
1007 3841 1061 3895 in
1086 3842 1191 3897 596
1220 3842 1504 3899 incidisse.

352 3923 441 3976 2|.
482 3927 624 3980 Vixit
662 3929 828 3999 igitur
860 3932 963 3986 sub
1016 3934 1263 4004 quinque
1299 3936 1579 3991 continuis
1618 3936 1860 4006 impera-

285 4014 516 4079 toribus,
540 4016 757 4074 Justino
781 4024 1340 4091 vetereJustiniano,
1356 4025 1577 4081 Justino
1604 4025 1854 4094 Juniore,

284 4106 506 4160 'liberio
531 4107 599 4172 ll,
659 4121 716 4164 et
763 4110 1001 4182 denique
1040 4115 1145 4169 sub
1174 4115 1467 4182 Mauritio;
1506 4115 1667 4185 primi
1711 4132 1857 4172 anno

286 4195 319 4248 «5
354 4206 536 4261 natus,
568 4201 891 4268 posterioris
920 4202 1135 4260 decimo
1156 4206 1353 4275 quinto
1383 4206 1639 4275 denatus,
1659 4217 1854 4279 quarta

279 4298 337 4341 et
364 4290 621 4345 vicesima
643 4292 733 4347 die
757 4297 962 4351 mensis
1014 4297 1163 4354 Maii.
1200 4298 1407 4353 Horum
1437 4309 1622 4355 autem
1665 4301 1855 4356 termi-

280 4394 475 4434 norum
536 4382 890 4440 intervallum
927 4405 1104 4444 annos
1162 4390 1231 4443 75
1277 4391 1684 4460 complectitur,
1714 4407 1853 4463 quos

1969 3287 2271 3342 thesaurum
2302 3293 2608 3347 nominavit.

2037 3374 2126 3431 23.
2156 3375 2348 3433 Tertio
2401 3381 2668 3437 recitatur
2699 3387 2947 3457 ejusdem
2985 3392 3225 3462 epistola
3245 3395 3462 3465 quinta,
3488 3395 3554 3450 ad

1967 3465 2245 3521 Justinum
2274 3469 2560 3527 Juniorem
2591 3484 2688 3531 aut
2736 3480 2922 3548 potius
2960 3481 3342 3540 Justinianum
3382 3487 3558 3557 impc-

1966 3564 2231 3624 ratorem,
2290 3559 2347 3613 in
2373 3561 2593 3632 Synodo
2630 3570 2872 3637 generali
2904 3587 3003 3636 vn,
3035 3587 3207 3643 agens
3245 3585 3442 3631 contra
3473 3577 3581 3631 in-’

1963 3648 2252 3704 scientiam
2288 3651 2681 3712 Samaritarum
2709 3678 2725 3726 ;
2784 3679 2947 3733 quam
2980 3665 3009 3735 ᾗ
3043 3681 3162 3736 seq.
3213 3668 3551 3738 descriptam

1963 3736 2239 3795 dabimus.
2276 3740 2540 3807 Quamvis
2568 3757 2751 3804 autem
2792 3751 2921 3808 istic
2953 3754 3172 3810 dicatur
3194 3736 3419 3812 Justin'o
3460 3758 3553 3812 Ju-

1961 3827 2108 3883 niori
2166 3830 2448 3904 inscripta,
2508 3836 2738 3895 inclinat
2794 3852 2976 3899 tamen
3018 3847 3244 3903 animus
3301 3865 3415 3902 non
3458 3865 3551 3921 pa-

1961 3934 2084 3974 rum
2115 3921 2189 3985 ei,
2228 3932 2288 3978 ut
2321 3934 2534 3993 putem,
2561 3929 2628 3983 ad
2660 3930 3032 3989 Justinianum
3085 3939 3276 4007 potius
3297 3980 3311 4001 ,
3345 3939 3548 3996 Justini

1960 4011 2115 4066 illius
2143 4012 2489 4071 decessorem
2512 4060 2528 4086 ,
2569 4020 2755 4076 datam
2784 4039 2908 4080 esse
2942 4043 2955 4079 :
2989 4036 3103 4081 tum
3136 4031 3291 4099 quod
3328 4033 3432 4088 sub
3460 4033 3551 4088 Ju-

1959 4100 2199 4157 stiniano
2223 4104 2618 4177 Samaritarum
2652 4111 2881 4169 audacia
2911 4115 3036 4184 plus
3078 4117 3245 4173 solito
3299 4122 3548 4175 invalue-

1959 4192 2054 4256 rit,
2087 4193 2176 4248 vix
2208 4199 2428 4268 cognita
2458 4201 2560 4255 sub
2583 4203 2804 4259 Justino
2826 4208 3072 4275 aliunde,
3102 4227 3273 4280 quam
3314 4230 3383 4269 ex
3422 4215 3547 4280 hac,

1957 4281 2027 4336 de
2057 4299 2165 4353 qua
2194 4287 2547 4358 ambigimus,
2583 4290 2874 4363 Symeonis
2907 4297 3166 4366 epistola,
3199 4302 3360 4357 velut
3386 4321 3418 4357 a
3453 4320 3549 4374 po-

1957 4374 2199 4441 steriori,
2238 4380 2625 4450 utloquuntur
2670 4385 2726 4439 in
2781 4385 3035 4443 Scholis:
3068 4399 3181 4446 tum
3225 4396 3380 4463 quod
3431 4397 3551 4466 epi-

280 4470 352 4524 ita
397 4471 709 4542 Symconem
743 4479 1057 4549 implevisse
1100 4496 1170 4535 ex
1196 4482 1323 4537 Vita
1377 4491 1613 4538 constat.
1666 4485 1857 4540 Annos

1971 4469 2097 4523 stola
2130 4469 2311 4526 Caroli
2340 4473 2540 4545 Magni,
2570 4491 2640 4531 ex
2670 4476 2976 4548 Capitulari
3003 4483 3072 4538 de
3098 4500 3208 4539 non
3240 4488 3550 4545 aderandis

273 4566 522 4635 quinque
567 4571 748 4640 exegit
781 4571 834 4624 in
904 4581 1135 4641 paterna
1170 4573 1336 4637 domo
1387 4589 1563 4644 usque
1595 4574 1663 4630 ad
1692 4586 1852 4632 terra:

280 4666 488 4711 motum
514 4674 530 4724 ;
579 4659 710 4715 hinc
736 4677 881 4716 unus
905 4663 1130 4732 elapsus
1162 4662 1331 4717 fuerit
1356 4664 1410 4717 in
1434 4674 1619 4720 monte
1642 4681 1706 4721 ac
1730 4667 1849 4738 pri-

274 4747 378 4799 mis
404 4749 529 4803 vita:
554 4754 879 4808 monasticae
929 4752 1283 4817 rudimentis,
1310 4755 1632 4824 priusquam
1656 4757 1711 4811 in
1749 4774 1847 4812 co-

274 4837 515 4895 lumnam
537 4841 948 4898 admitteretur.
976 4844 1034 4898 In
1066 4844 1169 4898 hac
1209 4845 1520 4911 humiliori,
1552 4855 1610 4901 et
1662 4849 1848 4919 potius

273 4925 388 4980 basi
418 4942 581 4997 quam
616 4930 894 4993 columna,
922 4931 1027 4984 sub
1053 4931 1231 4987 oculis
1278 4932 1508 4989 Joannis
1550 4937 1679 4991 anni
1703 4939 1756 5003 6,
1789 4938 1845 4992 in

270 5019 535 5083 secunda,
588 5020 756 5088 pedes
783 5020 852 5074 40
880 5020 1182 5087 eminente,
1228 5023 1261 5078 8
1305 5028 1585 5081 transacti.
1641 5027 1844 5097 Sicque

270 5108 341 5162 ‘20
374 5119 497 5163 erat
523 5095 818 5174 annorum,
855 5121 915 5164 ut
938 5113 1194 5168 meminit
1245 5131 1503 5186 expresse
1533 5119 1652 5173 Vita
1684 5135 1840 5174 num.

280 5198 369 5263 72,
400 5214 526 5254 cum
574 5199 702 5254 inde
724 5200 976 5270 migravit
1011 5203 1065 5256 in
1098 5204 1335 5262 Montem
1369 5207 1711 5267 Mirabilem:
1744 5210 1839 5266 ubi

279 5291 552 5360 reliquum
589 5290 713 5344 vitae
747 5300 960 5362 tempus
982 5295 1239 5365 confecit,
1261 5300 1421 5353 annis
1479 5300 1546 5356 10
1576 5302 1633 5355 in
1682 5313 1834 5373 petra

267 5380 371 5432 sub
407 5380 524 5443 dio,
548 5380 619 5434 45
653 5383 918 5451 usquead
948 5386 1158 5441 obitum
1196 5388 1249 5443 in
1285 5392 1539 5447 colmuna
1562 5404 1834 5462 perstans.
1882 5445 1887 5449 .

266 5468 644 5523 (louscntiunt
701 5470 803 5525 his
838 5472 1061 5541 Menma,
1118 5486 1176 5533 et
1230 5480 1550 5551 Synaxaria,
1589 5500 1758 5539 unum
1791 5485 1836 5539 si

269 5557 451 5612 loetim
479 5561 745 5630 excipias,
789 5566 877 5619 ubi
915 5569 1080 5624 stanti
1115 5568 1169 5624 in
1220 5573 1476 5627 columna
1511 5575 1582 5629 40
1632 5575 1834 5645 pedum

261 5666 440 5705 annos
475 5651 538 5704 l8
576 5655 724 5722 proS
753 5656 1021 5725 tribuunl,
1053 5659 1223 5726 facili,
1280 5672 1342 5718 ut
1374 5664 1550 5729 vides,
1591 5680 1784 5721 errore
1818 5684 1831 5718 :

266 5740 353 5796 cui
380 5753 783 5814 consequenter
814 5748 1148 5808 inhaerentes
1179 5753 1500 5811 universum
1537 5755 1663 5814 vilic
1696 5764 1835 5813 tem-

1954 4556 2286 4630 imaginibus
2309 4563 2345 4616 l.
2371 4579 2444 4627 tv,
2468 4580 2518 4619 c.
2549 4565 2604 4631 5,
2627 4568 2697 4621 ab
2720 4568 2923 4625 Allatio
2957 4573 3012 4625 in
3039 4573 3395 4633 Diatribahie
3421 4596 3548 4648 pra-

1951 4650 2116 4706 ducta
2143 4669 2156 4717 ;
2190 4661 2247 4707 et
2277 4655 2383 4709 alia
2413 4656 2673 4712 Hadriani
2702 4660 2722 4714 l
2750 4677 2903 4732 papa:
2951 4664 3018 4718 ad
3066 4668 3329 4723 eumdem
3378 4656 3546 4725 Caro-

1950 4742 2066 4796 lum
2098 4760 2200 4814 pro
2230 4748 2438 4818 synodo
2463 4749 2682 4805 Nicmna
2713 4768 2750 4806 ιι
2781 4752 2835 4806 in
2868 4753 3113 4810 editione
3154 4758 3543 4817 Conciliorum

1950 4833 2256 4892 Labbaeana
2309 4840 2471 4896 dicta:
2515 4844 2726 4913 synodo
2773 4846 3070 4917 subjuncta
3103 4850 3378 4922 (utraque
3429 4869 3539 4908 non

1947 4928 2111 5001 longo
2139 4941 2264 5001 post
2317 4942 2563 5003 tempore
2598 4936 2822 5007 scripta)
2852 4941 3170 5009 exprimant
3198 4958 3409 4998 nomen
3436 4944 3537 4999 Ja-

1945 5022 2204 5089 stiniani,
2269 5039 2380 5077 non
2437 5026 2681 5083 Justiui:
2745 5037 2859 5084 tum
2919 5032 3164 5104 denique
3219 5037 3396 5092 etiam
3450 5039 3533 5092 vel

1946 5114 2204 5183 maxime,
2261 5116 2409 5185 quod
2463 5118 2648 5172 statim
2702 5120 2757 5174 in
2800 5122 3078 5194 principio
3132 5125 3402 5196 Epistolze
3452 5131 3537 5184 di-

1943 5218 2141 5262 cantur
2188 5208 2476 5264 Samaritae
2531 5210 2587 5264 in
2638 5223 2885 5269 sanctum
2926 5217 3202 5289 templum.
3244 5222 3401 5290 quod
3435 5222 3536 5276 im—

1941 5308 2165 5367 perator
2205 5299 2533 5353 struendum
2588 5313 2902 5371 curaverat,
2954 5322 3054 5377 per
3093 5324 3380 5366 sumntum
3411 5329 3530 5369 ερε-

1942 5385 2029 5443 lus
2057 5397 2223 5459 atque
2262 5390 2601 5461 impietatem
2646 5397 2907 5453 sawiisse.
2933 5400 3211 5457 incertum
3242 5418 3435 5462 manet
3466 5426 3532 5463 ex

1940 5482 2196 5553 epistola,
2232 5491 2359 5539 uter
2382 5486 2662 5540 curaverit
2690 5504 2705 5554 ;
2748 5503 2861 5543 non
2892 5502 3077 5547 manet
3097 5509 3164 5548 ex
3204 5497 3533 5567 conjectura

1941 5574 2233 5642 probabili.
2268 5574 2405 5630 Cum
2440 5577 2589 5631 enim
2627 5579 2756 5635 totis
2797 5597 2889 5636 sex
2914 5583 3072 5639 libris
3102 5587 3433 5656 complexus
3462 5591 3533 5643 sit

1939 5664 2244 5734 Procopius
2275 5667 2718 5725 substructiones
2746 5683 2910 5742 atque
2938 5676 3171 5733 aedificia
3199 5681 3388 5736 omnis
3429 5696 3527 5752 go-

1938 5758 2088 5813 noris
2119 5758 2231 5814 fere
2268 5760 2576 5825 innumera.
2606 5764 2810 5836 ubique
2841 5777 3108 5832 lcrrarum
3145 5786 3173 5825 a
3206 5766 3524 5830 Iustiniano
