3898 6416
349 368 499 432 ΞἿΤἸ

1489 364 2088 429 COMMENTARiUS
2126 367 2491 427 PlirEVlUS.

2500 295 2529 307 ~

3467 380 3606 443 2978

349 481 613 539 excitata.
652 478 906 547 interque
935 490 999 533 ea
1031 485 1359 532 numeretur
1395 477 1657 546 templum
1689 477 1935 546 Deipara:
1966 482 2006 537 Α
2041 476 2197 540 heus,
2253 479 2398 531 inter
2427 478 2531 531 alia
2573 478 2689 532 haec
2730 480 2945 549 profert
2986 498 3053 537 ex
3096 484 3443 554 Epiphanio:
3480 490 3607 554 Qui-

351 571 601 642 Virginis
636 571 1023 641 Porphyreone
1054 586 1068 634 ;
1096 570 1243 624 circa
1286 585 1453 638 quam
1492 569 1769 623 civitatem
1802 580 1936 623 tem-

353 671 543 735 pestas
581 664 858 733 pra-cipue
893 662 1171 716 iudicatur
1201 662 1517 717 desaeviisse
1542 707 1557 728 ,
1581 661 1782 717 Justini
1805 676 1935 716 vero

352 756 590 826 paucula
611 755 862 824 qmedam
890 762 1250 808 monumenta
1272 753 1343 807 ab
1375 754 1701 808 auctoribus
1723 768 1934 807 memo-

356 856 595 911 rentur;
628 844 786 900 facile
820 845 1007 915 quivis
1040 843 1388 915 dijudicabit,
1425 844 1535 898 utri
1562 843 1936 899 verosimilius

355 952 426 992 ac
454 938 664 992 certius
689 937 807 991 hate
843 935 1077 1005 epistola
1107 935 1371 1004 inscripta
1406 934 1593 990 luerit.

427 1026 519 1080 24.
557 1027 789 1096 Reliqua
824 1026 1072 1095 ejusdem
1124 1026 1326 1095 scripta
1375 1032 1663 1080 enumerat
1701 1024 1937 1080 Allatius

357 1122 467 1175 hoc
497 1120 662 1174 modo
694 1139 707 1174 :
733 1122 786 1175 4.
822 1120 1075 1189 Ejusdem
1096 1120 1381 1189 Τροπάρια
1416 1122 1495 1183 εἰς
1520 1120 1610 1172 τὸν
1635 1121 1792 1187 ἅγιον
1843 1137 1938 1190 με·

353 1210 749 1282 γαλομάρτυρα
811 1211 1126 1281 Δημήτριον
1174 1212 1233 1263 ὲν
1258 1210 1334 1272 τῷ
1362 1212 1535 1281 Στίχῳ
1561 1229 1572 1242 ·
1605 1211 1858 1282 Troparia
1881 1212 1937 1265 in

353 1312 599 1356 sanctum
634 1320 885 1374 magnum
935 1311 1223 1374 martyrem
1279 1303 1599 1357 Demetrium
1635 1306 1689 1357 in
1735 1302 1932 1368 Sticho,

356 1393 432 1447 26
461 1392 717 1448 Octobris.
778 1393 833 1447 5.
875 1392 1131 1463 Ejusdem
1170 1392 1319 1463 Εὐχή
1362 1394 1497 1463 πρὸς
1527 1395 1618 1445 τὸν
1641 1393 1789 1456 Υἱξν,
1830 1394 1938 1464 ἰδίᾳ

357 1486 501 1554 πρὸς
564 1486 691 1549 τοὺς
747 1483 1217 1554 παρενοχλοῦντας
1265 1484 1577 1554 λογισμούς
1631 1482 1820 1539 Oratio
1866 1484 1935 1539 ad

361 1575 580 1640 Filium,
622 1573 1029 1644 particulariter
1092 1573 1163 1627 ad
1215 1572 1544 1643 repellendas
1597 1572 1935 1634 obturbantes

359 1666 722 1735 cogitationes.
769 1663 1115 1733 Principium
1165 1673 1292 1719 est:
1328 1663 1575 1717 Δέσποτα
1600 1662 1773 1732 Κύριε
1824 1663 1935 1732 Ἰη-

360 1756 460 1808 σοῦ
498 1755 723 1825 Χριστὲ,
752 1755 891 1823 Λόγε
914 1755 1008 1808 τοῦ
1050 1754 1186 1807 Θεοῦ
1227 1752 1483 1816 ἀθάνατε,
1541 1754 1570 1804 ὁ
1618 1753 1728 1806 τῶν
1778 1753 1935 1823 μεγί-

362 1860 509 1896 στων
527 1822 753 1897 τουτωνὶ
784 1822 997 1911 φύσεων
1026 1843 1274 1912 τεχνὶτης
1301 1842 1393 1895 καὶ
1421 1841 1777 1913 κυϐερνήτης.
1807 1842 1940 1896 Erat
1968 1822 2010 1875 Β

360 1934 502 1988 eain
517 1933 763 1989 Palatina
790 1941 847 1988 et
875 1949 1047 2003 penes
1084 1933 1365 1988 Allatium.
1398 1932 1452 1987 6.
1484 1932 1736 2003 Ejusdem
1769 1931 1937 2001 Εὖχὴ,

360 2025 633 2096 λεγομένη
668 2024 807 2095 μετὰ
832 2023 1088 2095 δακρύων
1115 2027 1195 2087 εἰς
1234 2025 1327 2077 τὸν
1377 2022 1583 2094 Κύριον
1638 2023 1793 2094 ἡμῶν
1835 2025 1942 2097 Ἰη-

364 2115 496 2169 σοῦν
546 2116 805 2186 Χριστὸν,
846 2117 976 2169 ὅταν
1032 2116 1358 2187 ἐπέρχονται
1394 2116 1443 2168 oi
1495 2114 1750 2184 λογισμοὶ
1802 2132 1941 2187 πορ-

364 2206 536 2267 vela:
572 2204 756 2260 Oratio
800 2204 1076 2260 recitanda
1128 2221 1246 2259 cum
1286 2204 1531 2275 lacrymis
1563 2205 1631 2258 ad
1657 2204 1943 2259 Dominum

366 2308 607 2351 nostrum
630 2296 812 2351 Iesum
850 2295 1135 2362 Christum,
1171 2313 1291 2350 cum
1333 2296 1615 2367 insurgunt
1670 2299 1944 2367 cogitatio-

368 2405 465 2442 nes
487 2388 973 2457 fornicationisEst
1012 2388 1347 2458 principium
1378 2404 1393 2441 :
1421 2388 1593 2458 Κύριε
1619 2389 1792 2457 Ἰησοῦ
1810 2391 1944 2459 Χρι-

370 2480 486 2552 ets,
516 2481 655 2546 Λόγε
684 2478 778 2532 τοῦ
800 2478 958 2543 Θεοῦ,
977 2479 1114 2546 Λόγε
1126 2479 1384 2540 ἀθάνατε,
1411 2481 1437 2532 ὁ
1468 2479 1541 2551 μὴ
1566 2479 1941 2552 καταισχύνων

367 2550 496 2633 ’ἰοὺς
555 2572 649 2622 ἐπὶ
713 2570 794 2621 σοὶ
835 2568 1187 2631 πεποιθότας.
1220 2569 1278 2624 In
1307 2550 1590 2636 Vaticana,
1633 2550 1939 2629 (todii798.

370 2660 426 2713 8.
448 2657 719 2727 Ejusdem.
754 2657 899 2728 Εὑχὴ
930 2658 1029 2727 τῆς
1094 2659 1401 2730 ὑπεραγίας
1425 2662 1689 2715 Θεοτὸκου
1732 2665 1812 2726 εἰς
1850 2681 1973 2720 ποθ,

369 2751 570 2821 νηροὺς
595 2749 912 2819 λογισμούς·
948 2750 1130 2805 Oratio
1163 2752 1218 2804 in
1240 2753 1629 2807 sanctissimam
1655 2752 1944 2824 Deiparam

370 2857 471 2910 pro
543 2842 722 2909 pravis
791 2841 1213 2912 cogitationibus.
1272 2842 1651 2913 Principium:
1698 2845 1946 2913 Παναγὶα.

373 2933 607 2987 Θεοτόκε
651 2933 950 2997 ἀποδίωξον
1016 2934 1139 2995 τοὺς
1175 2934 1442 3003 πονηροὺς
1480 2936 1572 2988 καὶ
1604 2936 1947 3008 ἀκαθάρτους

372 3025 692 3094 λογισμούς.
734 3024 958 3079 Ibidem.
993 3025 1199 3079 Praeter
1219 3025 1356 3090 hmo,
1396 3026 1464 3080 ab
1499 3026 1698 3082 Allatio
1735 3028 1947 3085 indica-

376 3126 452 3182 ta,
470 3125 648 3171 exstat
665 3131 883 3186 quoque
898 3116 1139 3185 Epistola
1159 3117 1278 3186 ejus
1306 3117 1361 3171 ir.
1387 3118 1506 3172 Vita
1526 3118 1697 3173 beata:
1723 3118 1944 3175 Martha:
1971 3147 2013 3204 ο

375 3208 587 3263 matris.
604 3208 846 3263 liabetur
863 3216 1045 3262 autem
1075 3207 1221 3262 dicta
1242 3210 1554 3278 Epistolan.
1575 3211 1662 3272 69,
1685 3211 1946 3282 inscripta

375 3298 796 3369 Staurophylaci
825 3306 1035 3353 sancta:
1066 3300 1498 3354 resurrectionis
1527 3300 1947 3374 Hierosolymis,

377 3406 544 3459 quem
586 3389 655 3444 de
689 3390 866 3444 salute
892 3394 1116 3444 anxium
1156 3391 1384 3457 animat,
1408 3407 1473 3447 ac
1506 3401 1716 3463 partem
1748 3403 1951 3450 sanctae

378 3480 564 3537 crucis
611 3491 784 3551 rogat.
818 3481 1001 3549 Atque
1053 3491 1255 3549 praeter
1284 3483 1401 3538 haec
1422 3484 1603 3538 omnia
1629 3526 1644 3550 ,
1681 3486 1785 3540 alia
1814 3503 1954 3556 quo-

380 3587 487 3642 que
518 3571 674 3625 illum
708 3570 992 3640 scripsisse
1016 3586 1123 3624 non
1146 3586 1342 3640 pauca,
1375 3587 1497 3640 qua:
1528 3581 1837 3643 temporum
1870 3575 1953 3629 in—

376 3660 524 3732 juria
564 3660 804 3731 periere,
837 3660 895 3713 in
946 3670 1231 3729 comperto
1270 3667 1356 3713 est
1388 3674 1455 3712 ex
1486 3661 1719 3729 epistola
1745 3662 1813 3716 de
1842 3678 1951 3731 qua

382 3767 509 3809 mox
536 3792 551 3815 ,
603 3760 797 3807 contra
843 3749 1165 3814 Samaritas,
1193 3766 1315 3819 qua)
1359 3753 1543 3821 quinta
1594 3742 1951 3822 indigitatur.

381 3843 463 3897 sie
500 3854 559 3896 ut
584 3841 704 3897 aliae
736 3839 1053 3894 necessario
1075 3841 1479 3908 prazeesserint.
1508 3840 1715 3894 Eodem
1747 3840 1955 3896 faciunt

386 3932 651 4002 Evagrius
686 3938 742 3984 et
771 3930 913 3993 Vita,
957 3944 1122 3999 quam
1155 3929 1350 4007 damus
1380 3947 1392 3982 :
1424 3944 1659 3998 quorum
1692 3929 1783 3983 ille
1807 3929 1848 3983 l.
1876 3945 1952 3993 γι,

383 4039 435 4078 c.
486 4023 578 4090 ‘23,
627 4022 783 4086 dicit,
829 4021 934 4075 ista
995 4019 1192 4074 n.190
1242 4020 1518 4077 Iustinum
1560 4019 1850 4092 epistolam
1922 4034 1956 4074 a

388 4122 583 4172 sancto
608 4112 914 4183 accepisse.

389 4276 517 4348 εἳ.
547 4271 789 4345 Epistola
828 4271 999 4325 sancti
1027 4267 1300 4348 Symeonis
1351 4270 1421 4348 ad
1460 4268 1730 4348 Iustinum
1769 4270 1960 4325 Iunio-

686 4358 798 4395 rem
821 4349 1009 4394 contra
1045 4339 1349 4393 Samarites
1380 4339 1673 4393 haereticos.

2037 586 2161 622 nam
2200 587 2319 623 vero
2345 571 2540 640 fuerint
2598 571 2905 637 Samaritte,
2961 591 3113 629 nemo
3157 578 3210 630 in
3248 579 3436 634 divinis
3487 598 3605 634 vrr-

2034 669 2182 714 satus
2208 659 2493 730 Scripturis
2523 663 2751 731 ignorat.
2781 662 2849 716 Hi
2885 673 3029 727 sunt,
3057 667 3147 734 qui
3174 683 3292 720 cum
3324 668 3476 723 divisi
3527 686 3605 723 es-

2037 760 2156 806 sent
2188 769 2220 806 a
2274 752 2493 817 Iudicis,
2531 770 2633 807 non
2683 754 2955 824 templum,
3020 773 3124 811 non
3175 760 3464 828 sacriﬁcia,
3528 763 3610 815 vel

2035 844 2373 896 cteremonias
2409 858 2707 897 communes
2749 862 2867 898 cnm
2914 847 3021 900 illis
3054 848 3357 903 habebant:
3386 867 3608 922 cumque

2037 933 2267 1002 quinque
2298 941 2506 987 tantum
2540 933 2731 1003 Moysis
2784 935 2943 990 libros
2979 939 3283 1003 retinerent,
3329 943 3610 1011 prophetas

2041 1040 2105 1078 ac
2138 1032 2331 1079 caetera
2384 1025 2575 1079 divinte
2633 1025 2925 1096 Scriptura:
2966 1028 3234 1083 volumina
3286 1031 3610 1101 negligenter

2038 1116 2385 1186 rejiciebant;
2413 1133 2516 1170 non
2573 1118 2841 1172 credentes
2885 1122 3318 1175 resurrectionem
3370 1132 3608 1177 mortuo—

2039 1224 2196 1273 rum;
2236 1218 2487 1277 negantes
2516 1217 2564 1262 et
2595 1207 2851 1279 Spiritum
2902 1219 3169 1265 sanctum.
3191 1213 3354 1268 Plura
3396 1215 3440 1270 si
3478 1216 3564 1270 vis
3590 1257 3606 1279 ,

2038 1312 2220 1365 quaere
2250 1299 2394 1366 apud
2436 1299 2612 1367 ipsum
2648 1299 3015 1368 Epiphanium
3045 1301 3099 1355 in
3136 1301 3393 1357 Panario.

2108 1388 2198 1444 26.
2230 1388 2401 1443 Iidem
2435 1389 2561 1442 aliis
2588 1391 2905 1444 successive
2937 1391 3155 1445 saeculis
3202 1392 3483 1462 impietate
3544 1411 3609 1449 ac

2039 1479 2345 1533 sceleribus
2395 1479 2903 1546 famosi,liceutius
2950 1495 3115 1551 agere
3146 1491 3432 1551 coeperunt
3472 1474 3608 1537 ten»

2037 1571 2266 1640 poribus
2299 1572 2557 1626 Zenonis.
2584 1570 2716 1625 Cum
2740 1574 2879 1626 enim
2905 1575 3146 1627 coiissent
3176 1575 3365 1635 subito,
3393 1584 3453 1629 ut
3480 1575 3612 1629 seri-

2039 1664 2119 1718 bit
2159 1663 2515 1733 Procopius].
2542 1679 2576 1717 v
2604 1663 2670 1715 de
2692 1662 2860 1732 didii.
2892 1679 2945 1718 c.
2986 1665 3039 1726 7,
3074 1665 3216 1734 facto
3240 1664 3465 1734 Neapoli
3506 1667 3610 1718 im-

2038 1763 2158 1824 petu
2175 1757 2228 1808 in
2242 1754 2586 1819 Christianos,
2607 1758 2794 1824 festum
2806 1756 2861 1808 in
2879 1754 3094 1809 ecclesia
3119 1754 3458 1816 celebrantes,
3472 1774 3574 1827 quo
3594 1760 3613 1810 ι

2040 1846 2345 1900 Pentecoste
2373 1856 2612 1907 vocatur,
2638 1844 2833 1898 multos
2860 1844 3142 1911 conﬁciunt
3172 1863 3190 1909 ;
3229 1845 3447 1900 illorum
3496 1849 3612 1917 cpio

2039 1953 2257 2006 scapum
2293 1936 2679 1989 Terebinthium
2707 1951 2876 1989 sacra:
2907 1952 3100 1989 mensae
3144 1945 3411 1990 astantem
3455 1954 3612 1990 occu-

2041 2034 2194 2096 pant,
2225 2026 2626 2095 ojj'erentemque
2658 2025 2922 2095 ineffabile
2952 2026 3272 2094 sacriﬁcium
3322 2027 3515 2098 gladiis
3542 2029 3615 2097 fe-

2042 2118 2210 2179 riunt,
2229 2115 2534 2170 vulneribus
2566 2116 2870 2179 concidunt,
2899 2132 3161 2169 manuum
3193 2124 3444 2171 truncant
3486 2118 3616 2188 digi-

2044 2206 2142 2271 tis;
2170 2206 2524 2275 mysteriaque
2552 2205 2810 2275 injuriose
2827 2213 3115 2259 tractantes
3139 2246 3154 2268 ,
3180 2206 3392 2275 piacula
3421 2223 3611 2278 perpe-

2044 2305 2191 2350 trant
2234 2297 2395 2366 digna
2431 2295 2815 2362 Samaritanis,
2869 2297 3013 2351 nobis
3055 2297 3265 2352 silentio
3308 2300 3613 2369 premenda.

2042 2386 2417 2440 Renuntiante
2472 2386 2589 2441 haec
2622 2386 3160 2456 Constantinopolim
3195 2397 3252 2442 et
3274 2390 3608 2444 ostendente

2044 2478 2103 2536 in
2135 2493 2192 2535 se
2225 2478 2465 2535 admissa
2524 2478 2734 2532 scelera
2787 2477 3173 2541 Terebiutbio,
3216 2479 3611 2535 Samaritarum

2043 2569 2339 2625 insolentia
2368 2571 2436 2624 ab
2468 2570 2799 2640 imperatore
2822 2570 2992 2627 armis
3012 2588 3260 2642 repressa
3283 2583 3385 2629 est.
3414 2574 3617 2629 Deinde

2044 2661 2247 2717 iterum
2318 2662 2492 2715 moliti
2550 2662 2705 2716 varia
2758 2664 2863 2717 sub
2916 2665 3208 2719 Anastasio
3254 2666 3616 2734 imperatore,

2044 2751 2244 2806 iterum
2281 2766 2471 2821 poenas
2507 2752 2987 2815 dederunt,etiam
3029 2770 3335 2825 supremas.
3367 2757 3643 2828 Denique“

2045 2843 2149 2898 sub
2174 2843 2487 2897 Iustiniano
2519 2844 2900 2900 crudelissime
2931 2847 3178 2901 omnium
3219 2848 3528 2912 saevientes,
3549 2864 3617 2904 ea

2046 2943 2333 3003 patrarunt
2349 2950 2541 3003 opera,
2564 2950 2687 3003 quae
2705 2935 2886 2990 audiri
2915 2936 3035 2991 sine
3050 2936 3283 2992 horrore
3311 2949 3617 3008 nequeunt.

2047 3023 2128 3077 Ita
2177 3023 2571 3079 describuntur
2599 3041 2631 3078 a
2690 3025 2893 3097 Cyrillo
2935 3028 2991 3081 in
3044 3028 3166 3082 Vita
3210 3037 3412 3085 sancta:
3437 3029 3618 3091 Sabae.

2049 3129 2171 3183 qum
2200 3114 2387 3169 Grazea
2418 3131 2589 3185 penes
2619 3132 2718 3170 nos
2736 3126 2842 3179 est,
2872 3117 3052 3171 danda
3085 3118 3118 3170 5
3144 3119 3485 3173 Decembris.

2118 3206 2207 3261 27.
2233 3207 2461 3277 Jamque
2494 3225 2670 3262 rerum
2707 3211 2901 3279 potitus
2930 3210 3266 3265 Justinianus
3308 3212 3622 3266 moderaba-

2049 3309 2139 3355 tur
2182 3302 2483 3370 imperium,
2514 3318 2634 3354 cum
2678 3302 2733 3353 in
2777 3300 3068 3355 Paltestina
3101 3301 3623 3371 gcns'Samaritana

2051 3408 2226 3461 regem
2253 3392 2350 3445 sibi
2370 3391 2647 3446 lulianum
2667 3392 2967 3462 quemdam,
3003 3401 3050 3445 et
3082 3394 3254 3462 ipsum
3274 3392 3622 3455 Samaritani,

2052 3482 2318 3553 eligentes,
2350 3484 2520 3537 multa
2569 3483 2947 3538 contumeliose
2970 3485 3222 3539 adversus
3260 3479 3625 3539 Christianum

2053 3586 2243 3624 nomen
2267 3571 2384 3623 ausi
2417 3570 2648 3639 fuerunt.
2694 3571 2919 3638 Templis
2951 3587 3182 3640 namque
3215 3573 3432 3641 direptis
3456 3573 3625 3642 subji-

2052 3659 2255 3714 ciebant
2277 3661 2489 3730 ignem;
2522 3659 2846 3715 Christianos
2874 3660 3095 3726 inﬁnitis
3145 3664 3472 3716 excruciatos
3518 3672 3629 3717 tor-

2053 3752 2242 3802 mentis
2298 3751 2508 3803 tandem
2554 3753 2715 3803 morti
2760 3751 3036 3804 tradebant
3064 3768 3083 3814 ;
3110 3752 3302 3805 vicinas
3350 3769 3513 3822 pagos
3546 3754 3629 3807 in-

2054 3839 2378 3892 cursionibus
2409 3840 2841 3909 populabantur;
2873 3850 3180 3894 sanctorum
3218 3846 3390 3895 thecas
3424 3844 3630 3913 diﬂ’riis-

2054 3938 2250 3999 yentcs.
2311 3931 2660 3984 immittebant
2716 3933 2771 3984 in
2821 3933 3198 4000 ﬂammas:et
3246 3932 3356 3985 lucc
3407 3934 3629 3987 milies

2056 4023 2320 4091 prtecipue
2346 4038 2447 4074 non
2497 4021 2781 4075 admodum
2833 4025 3045 4076 remotis
3081 4021 3310 4093 Neapoli
3346 4024 3633 4093 grassaba-

2058 4118 2145 4163 tur
2193 4109 2337 4164 locis.
2363 4108 2532 4164 Porro
2580 4112 2878 4180 episcopum
2909 4110 3235 4164 sustulerunt
3258 4109 3454 4180 gladio,
3486 4126 3632 4165 com-

2059 4202 2422 4271 prehensisque
2491 4200 2805 4269 quibusdam
2857 4200 3167 4270 presbyteris
3199 4240 3215 4262 ,
3294 4200 3630 4254 membratim

2060 4291 2229 4360 primo
2262 4308 2323 4344 ac
2362 4290 2631 4359 frustatim
2658 4288 2779 4343 illos
2802 4299 3100 4354 secuerunt,
3134 4306 3357 4359 cumque
3388 4289 3628 4360 reliquiis

2062 4392 2362 4452 martyrum
2382 4383 2435 4434 in
2457 4381 2728 4450 sartagine
2767 4382 3028 4450 {riserunt
3055 4398 3071 4435 :
3105 4382 3327 4451 denique
3364 4380 3512 4434 nullo
3535 4399 3635 4433 aa-

458 4474 547 4530 ΞΕ.
576 4472 769 4528 Fidem
802 4469 1089 4534 solvimus,
1116 4483 1222 4538 qua
1248 4481 1312 4522 se
1343 4465 1640 4523 obstrinxit
1660 4466 1960 4521 Bollandus
1990 4464 2037 4523 ὓ
2066 4474 2234 4527 ducite
2263 4472 2355 4526 aut
2382 4471 2711 4526 contumelia:
2738 4487 2927 4542 genere
2947 4481 3132 4526 contra
3162 4470 3485 4527 Christianos
3511 4473 3634 4526 abs-

387 4568 454 4623 ad
486 4567 521 4621 5
566 4565 794 4620 Januari
830 4563 885 4616 in
920 4561 1046 4616 Vita
1070 4561 1181 4630 jam
1208 4573 1350 4629 sazpe
1399 4558 1688 4613 memorati
1735 4558 1962 4630 Symco-

392 4659 476 4712 nis
500 4656 713 4728 Stylita:
764 4651 1035 4716 Senioris,
1095 4665 1195 4720 per
1250 4649 1659 4718 Metaphrasteu
1715 4648 1959 4718 scripta,

389 4762 510 4816 cap.
544 4747 627 4806 ll.
653 4753 844 4800 annot.
875 4742 932 4807 d,
975 4756 1100 4796 cum
1129 4741 1295 4795 latius
1322 4740 1415 4795 hic
1442 4740 1510 4793 de
1538 4738 1822 4793 Samaritis
1863 4755 1960 4793 seu

392 4837 752 4895 Samaritanis
792 4833 1063 4903 agendum
1091 4830 1388 4900 promittit.
1413 4827 1683 4899 Neapolis,
1721 4828 1964 4883 Hebraeis

392 4925 594 4991 Sic/ica,
629 4942 725 4981 seu
750 4923 951 4979 Sic/tem
973 4929 1030 4976 et
1046 4920 1298 4986 Sichima,
1320 4919 1455 4972 urbs
1483 4917 1887 4973 estPalzestina:
1911 4917 1966 4971 in

393 5017 641 5073 Samaria
710 5013 1058 5084 episcopalis,
1119 5009 1284 5067 hodie
1338 5008 1453 5064 fere
1507 5008 1787 5063 exstincta
1842 5015 1901 5061 et
1937 5023 1966 5061 a

399 5112 590 5181 paucis
629 5110 875 5165 habitata
908 5124 921 5160 :
957 5106 1129 5160 distat
1185 5118 1214 5157 a
1269 5102 1517 5160 Samaria
1566 5103 1705 5156 urbe
1730 5118 1781 5154 Ix
1813 5101 1967 5155 P.1ll.

397 5205 452 5258 in
484 5206 766 5259 Austrum.
798 5199 1058 5255 Imminet
1089 5195 1211 5252 urbi
1230 5210 1390 5251 mons
1420 5195 1583 5259 altus,
1610 5194 1847 5249 Garizim
1878 5208 1972 5246 no.

399 5295 565 5358 mine,
594 5307 758 5361 quem
793 5291 925 5348 olim
956 5288 1012 5344 in
1065 5287 1426 5343 veneratione
1458 5285 1737 5340 habebant
1762 5296 1817 5338 et
1838 5300 1967 5353 pre-

398 5385 632 5439 cationis
673 5398 837 5438 causa
879 5381 1103 5436 adibant
1160 5377 1492 5434 Samaritani
1527 5394 1540 5430 :
1589 5392 1825 5446 quorum
1857 5377 1967 5446 jam

349 5456 358 5465 ’
401 5488 515 5531 tum
566 5475 772 5532 Christi
826 5472 1166 5542 temporibus
1219 5480 1428 5527 sectam
1463 5469 1735 5523 Baronius
1785 5466 1968 5521 tom.l

354 5626 357 5629 ,
404 5569 598 5629 Annal.
632 5566 767 5621 locis
809 5564 997 5631 variis,
1038 5563 1313 5634 praecipue
1354 5563 1422 5616 ia
1439 5561 1717 5631 Apparatu
1752 5559 1966 5615 descri-

2070 4564 2360 4618 tinnerunt.
2412 4561 2539 4616 Harc
2590 4560 2989 4616 immanissima
3040 4561 3270 4624 scelera,
3321 4568 3377 4614 et
3430 4560 3476 4614 si
3530 4576 3638 4629 qua

2070 4662 2356 4724 prasterea,
2378 4652 2524 4706 circa
2549 4651 3004 4722 Porphyrionem,
3024 4659 3085 4705 ut
3109 4660 3386 4720 putamus,
3403 4660 3636 4720 patrata,

2069 4752 2374 4815 potuerunt
2407 4759 2437 4798 a
2487 4744 2785 4798 mitissimo
2815 4743 2934 4795 viro
2966 4750 3022 4795 et
3054 4741 3270 4795 miseris
3318 4756 3640 4797 succurrere

2069 4834 2503 4904 promptissimo,
2537 4832 2633 4886 ubi
2696 4830 2870 4900 gloria
2920 4829 3017 4883 Dei
3073 4840 3131 4882 et
3164 4828 3512 4883 incolumitas
3542 4829 3642 4885 Ec-

2068 4925 2237 4980 clesia
2283 4925 2659 4994 periclitatur,
2724 4921 2979 4989 exemplo
3043 4919 3274 4975 aliorum
3304 4928 3641 4981 sanctorum.

2072 5013 2383 5068 istiusmodi
2423 5021 2762 5079 extorquere
2810 5008 3125 5078 epistolam,
3159 5009 3378 5076 qualem
3420 5008 3643 5078 subjici-

2074 5121 2215 5167 mus,
2243 5104 2308 5159 ad
2333 5103 2702 5159 Iustinianum
2738 5102 2821 5165 (ut
2859 5115 3027 5168 supra
3070 5099 3433 5167 probabiliter
3475 5100 3636 5152 susti-

2075 5196 2293 5265 nemus)
2328 5195 2534 5248 datam.
2569 5193 2764 5261 lpsam,
2794 5207 2905 5246 non
2961 5200 3022 5245 ut
3073 5190 3341 5245 Baronius
3374 5189 3541 5243 habet
3579 5203 3645 5242 ex

2075 5285 2320 5339 editione
2354 5283 2576 5338 concilii
2614 5297 2678 5335 ιιι
2724 5281 2930 5335 Nicami
2961 5280 3176 5342 Latina,
3211 5279 3305 5333 sed
3330 5294 3394 5331 ex
3426 5278 3645 5335 (irascu-

2072 5376 2289 5438 Latina,
2318 5390 2631 5444 quanquam
2667 5388 2777 5429 non
2832 5373 2965 5427 satis
2995 5380 3262 5427 accurate
3308 5369 3646 5432 translatam,

2074 5475 2135 5519 ut
2166 5464 2290 5518 istic
2323 5463 2555 5518 Actione
2577 5453 2784 5517 Fiversa
2810 5469 2916 5524 est,
2941 5461 3031 5515 hic
3048 5460 3237 5528 accipe
3270 5500 3283 5515 .
3312 5465 3499 5527 utpote
3521 5472 3647 5515 cum

2072 5564 2332 5612 contextu
2360 5555 2603 5610 auctoris
2625 5553 2795 5609 (ἕντοςί
2825 5553 2996 5622 magis
3022 5550 3447 5605 concordantem
3475 5546 3575 5617 (l).

474 5778 544 5848 (Ι)
576 5774 726 5831 [lane
765 5772 1064 5844 Epistolam
1105 5768 1244 5823 infra
1278 5767 1490 5828 (lanius,
1527 5777 1646 5836 post
1671 5767 1859 5851 )‘itam
1892 5763 1946 5819 S.
1983 5763 2290 5834 Symmauis.
