3898 6406
345 352 492 414 fit!)

1620 351 1680 410 S.
1723 351 2023 413 SYMEON
2062 351 2341 414 JUNIOR

3452 358 3585 425 2930

414 466 514 518 .51.
553 462 830 515 liactcnus
851 460 1105 531 cpistola,
1147 468 1254 512 ta-u
1317 459 1435 513 zelo
1490 459 1696 514 divinas
1735 461 1923 530 glorim
1953 468 1997 524 Α
2024 463 2270 534 insignis,
2303 463 2473 517 multa
2504 472 2553 517 et
2583 465 2715 519 dixit
2737 472 2785 517 et
2814 466 2955 532 fecit,
2994 480 3112 534 qua:
3137 464 3415 535 imperium
3442 466 3586 523 Mau-

354 551 596 620 odicquc
622 550 900 604 scelerum
942 552 1125 617 plena,
1161 563 1325 617 quam
1356 564 1463 600 non
1540 549 1808 603 instructa
1861 551 1929 603 ab

357 644 603 696 oratorio
657 641 953 696 verborum
985 648 1216 703 ornatu;
1275 639 1421 706 quod
1478 649 1658 694 tamen
1711 640 1929 696 allicere

358 734 498 788 nihil
544 733 711 787 debet
778 737 861 797 (ut
930 733 1048 783 vult
1099 729 1355 799 epistola,
1394 745 1557 798 quam
1590 729 1825 785 Allatius
1873 729 1928 784 in

359 823 604 878 Diatriba
626 822 736 885 hic,
766 821 869 875 sub
904 821 1130 874 nurnine.
1178 819 1361 873 Caroli
1420 820 1596 888 Magni
1651 820 1928 889 producit)

357 916 654 983 quominus
698 912 938 981 genuina
993 913 1168 965 sancti
1213 910 1485 981 Symeonis
1525 912 1776 975 dicatur,
1818 912 1927 965 vim

357 1005 774 1075 significationis
822 1005 1006 1074 potius
1030 1018 1193 1072 quam
1254 1003 1443 1057 fucum
1486 1002 1756 1057 orationis
1802 1017 1929 1071 spe-

355 1097 579 1151 ctantis.
605 1096 832 1150 Refutat
866 1096 1099 1149 Allatius
1130 1095 1253 1149 loco
1292 1095 1462 1149 citato
1491 1094 1692 1150 dictam
1720 1095 1928 1163 episto-

355 1190 486 1253 lam,
516 1191 631 1245 haec
654 1190 934 1259 prmeipue
975 1198 1298 1259 argumenta
1351 1190 1720 1259 complexam;
1781 1189 1926 1258 quod

356 1282 892 1337 sanctuslastiniani
941 1283 1276 1352 imperatoris
1336 1298 1493 1335 aures
1533 1281 1738 1334 diuinas
1790 1296 1930 1333 nun-

359 1376 670 1444 cupaverit;
705 1373 849 1443 quod
876 1375 1115 1427 eumdem
1155 1375 1515 1427 miscricbrdia
1554 1375 1633 1427 uti
1657 1374 1931 1442 prohibue-

357 1467 428 1517 rit
460 1482 479 1529 ;
512 1465 659 1534 quod
696 1467 788 1535 qui
817 1465 1065 1518 debuerat
1100 1466 1242 1517 iram
1280 1466 1416 1533 regis
1450 1464 1739 1533 refrenare,
1773 1462 1928 1517 illam

354 1557 526 1624 magis
553 1556 824 1626 magisque
840 1556 1164 1609 succenderit
1180 1572 1200 1619 ;
1233 1554 1378 1624 quod
1398 1556 1511 1624 ejus
1538 1553 1776 1624 exemplo
1804 1570 1928 1608 usus

362 1663 467 1699 non
510 1649 600 1710 sit,
650 1649 741 1716 qui
767 1648 1027 1700 neminem
1067 1646 1177 1700 cult
1226 1647 1397 1715 perire
1426 1662 1444 1699 :
1499 1647 1642 1713 quod
1690 1645 1930 1715 denique

359 1739 527 1792 (idem
549 1741 861 1808 imperatori
898 1739 1065 1792 Deum
1123 1753 1450 1807 conregnare
1502 1737 1714 1790 dixerit.
1761 1736 1927 1792 Vides

356 1846 521 1898 quam
546 1829 844 1885 inelllcacia
881 1830 994 1884 sint
1038 1829 1242 1890 omnia,
1292 1829 1430 1882 adeo
1468 1837 1531 1883 ut
1574 1842 1757 1897 operte
1797 1842 1925 1897 pre-

359 1923 491 1974 tium
524 1935 634 1975 non
688 1920 761 1975 sit
796 1920 1060 1975 refutare.
1114 1921 1385 1991 Resurgat
1439 1921 1707 1992 propheta
1758 1921 1926 1986 Eiias,

357 2013 480 2065 zelo
538 2012 741 2066 divinae
779 2011 965 2081 gloriae
1003 2026 1327 2074 succensus,
1358 2012 1581 2080 gravius
1638 2014 1816 2067 multo
1872 2013 1929 2066 iu

359 2102 567 2157 scelera
606 2101 917 2156 istiusmodi
975 2102 1289 2162 im'eltetur,
1337 2102 1416 2156 uti
1466 2102 1617 2164 olim,
1676 2102 1856 2173 ignem
1897 2117 1929 2156 e

360 2193 501 2245 ρωῑο
532 2206 835 2245 accersens.
878 2190 933 2244 Si
987 2191 1115 2259 quis
1178 2191 1413 2245 refutatu
1445 2192 1697 2262 pluribus
1755 2193 1926 2262 cupit,

361 2283 524 2336 adeat
558 2283 784 2336 citatum
814 2282 1000 2335 Allatii
1041 2282 1221 2336 locum
1262 2300 1275 2334 :
1307 2298 1410 2336 nos
1437 2282 1492 2337 in
1523 2298 1603 2347 re,
1657 2298 1765 2337 non
1827 2283 1923 2336 ad-

362 2373 586 2427 modum
623 2373 688 2427 ad
720 2373 1031 2428 institutum
1054 2381 1304 2427 nostrum
1351 2371 1609 2437 faciente,
1652 2372 1928 2442 longiores

364 2466 532 2519 etiam
584 2464 810 2530 fuimus,
859 2480 1023 2535 quam
1050 2480 1149 2535 par
1175 2472 1294 2519 est:
1344 2464 1440 2519 sed
1484 2464 1756 2534 promissa
1804 2462 1927 2517 Bol—

357 2557 508 2612 landi
540 2557 820 2612 solvimus.

1958 1798 2001 1855 B

458 2727 487 2799 §
518 2728 603 2784 Vl.
626 2760 696 2769 —
727 2727 1095 2799 Memorabilia
1144 2728 1208 2781 de
1259 2734 1441 2782 sancto
1471 2726 1728 2798 Symcoue
1759 2744 1822 2782 er

1012 2798 1264 2868 Evagrio.

421 2932 512 2984 '52.
548 2931 853 2984 Plurimum
883 2928 1227 2983 auctoritatis
1276 2928 1573 2981 conciliare
1602 2927 1766 2982 debet
1791 2928 1927 2983 Vita:

355 3030 557 3075 nostrae
587 3020 854 3089 Evagrius
886 3019 1285 3080 Scholastieus,
1316 3032 1414 3085 per
1464 3017 1553 3070 illa
1578 3034 1700 3086 quae
1750 3018 1804 3071 in
1834 3018 1923 3072 Hi-

358 3111 527 3167 storia
558 3126 654 3164 sua
694 3109 1069 3164 ecclesiastica
1098 3108 1167 3162 de
1190 3117 1375 3162 sancto
1422 3106 1679 3178 Symeone
1727 3110 1922 3180 Stglita
1958 3128 2000 3183 ο

357 3205 578 3260 Juniore
603 3210 889 3256 memorat.
915 3202 1048 3256 Nam
1072 3209 1439 3271 praeterquam
1498 3201 1651 3270 quod
1698 3216 1928 3256 summae

357 3297 485 3350 ﬁdei
546 3294 846 3347 historicus
897 3292 988 3351 sit.
1020 3306 1239 3346 coaevus
1288 3284 1545 3361 Symeoni
1589 3290 1710 3348 fuit.
1750 3308 1927 3361 eoque

357 3385 701 3439 familiariter
763 3399 915 3449 usus,
991 3381 1455 3453 quemadmodum
1522 3397 1586 3435 ex
1642 3382 1928 3451 ipsiusmet

358 3475 562 3537 verbis,
616 3490 739 3528 mox
796 3473 1190 3545 subiiciendis,
1251 3479 1434 3542 potest
1490 3472 1670 3542 colligi
1715 3491 1728 3525 :
1789 3472 1926 3526 dicit

359 3571 818 3642 cuim,Gregorio
837 3570 1160 3640 patriarchae
1214 3569 1563 3625 Antiocheno
1615 3571 1924 3628 innotuisse

351 3662 611 3716 lethalem
653 3661 823 3714 sancti
879 3659 1154 3731 Symeonis
1184 3659 1436 3714 morbum
1460 3699 1486 3730 ,.
1523 3660 1790 3712 indicante
1835 3674 1920 3712 se.

347 3754 604 3810 Ostendit
667 3753 834 3809 etiam
921 3752 1314 3825 commercium
1383 3753 1697 3806 litterarum
1779 3752 1925 3806 inter

354 3852 652 3913 utrumque
672 3843 1070 3909 intercessisse,
1108 3858 1233 3898 cum
1281 3844 1359 3897 ait
1414 3844 1756 3898 admonitum
1787 3857 1847 3897 se
1893 3859 1921 3897 a

356 3933 558 3989 Sancto
592 3949 691 4003 per
737 3934 952 3988 litteras
974 3934 1145 3989 fuisse
1172 3934 1407 4005 quadam
1439 3950 1609 4005 super
1649 3949 1728 3998 re,
1757 3948 1921 4004 quam

352 4025 583 4095 putabat
621 4024 878 4079 omnibus
901 4025 1041 4080 clam
1070 4040 1216 4080 esse.
1243 4024 1495 4080 Certiora
1525 4040 1748 4095 quoque
1790 4039 1923 4093 pro-

361 4113 463 4170 fert
488 4115 691 4171 iudicia
720 4124 927 4172 mutua:
963 4116 1384 4173 consuetudinis
1413 4115 1537 4170 Vita
1601 4131 1757 4170 num.
1789 4114 1919 4180 238,

348 4205 441 4259 ubi
474 4222 596 4275 qua:
626 4213 937 4275 cognoverat
963 4207 1019 4259 in
1047 4207 1237 4275 spiritu
1264 4204 1510 4275 Symeon,
1536 4202 1782 4273 Evagrio,
1829 4219 1924 4273 pro

352 4298 438 4351 sui
464 4298 517 4350 in
538 4297 714 4366 ipsum
741 4296 1004 4367 singulari
1027 4297 1373 4366 propensione
1391 4295 1578 4355 animi,
1623 4295 1784 4365 jussit
1839 4296 1925 4348 in-

353 4385 544 4439 dicari.
566 4386 738 4439 Porro
784 4386 1167 4439 auctoritatem
1219 4382 1377 4448 Vitae,
1416 4392 1523 4439 tam
1580 4384 1920 4455 frequentia,

354 4475 634 4540 inusitata,
660 4475 1042 4544 stupendaque
1071 4473 1334 4528 miracula
1368 4485 1424 4530 et
1456 4475 1764 4529 inauditum
1790 4478 1918 4539 vita:
1958 4455 1998 4507 θ

353 4566 667 4621 institutum
691 4566 1023 4633 continenti,
1057 4566 1353 4631 conciliat;
1381 4583 1505 4620 cum
1524 4566 1749 4620 vixdum
1773 4583 1923 4621 mor-

352 4669 509 4715 tuum
539 4658 723 4713 Sancti
758 4658 1130 4729 appellatione
1182 4674 1290 4711 non
1342 4658 1560 4714 dubitat
1613 4659 1919 4722 honorare;

351 4764 478 4803 cum
520 4749 673 4802 illum
731 4754 948 4800 cunctos
991 4746 1073 4798 sui
1127 4746 1378 4815 temporis
1429 4745 1677 4799 mortales
1731 4746 1920 4799 virtute

347 4842 503 4913 longe
525 4855 824 4911 superasse,
856 4839 1212 4910 pronuntiat;
1255 4853 1379 4891 cum
1406 4836 1733 4891 miraculum
1780 4838 1833 4891 in
1863 4853 1921 4891 se

348 4933 579 4997 faetmn,
615 4932 762 4986 idem
803 4930 949 4999 quod
983 4930 1038 4983 in
1062 4930 1185 4984 Vita
1219 4946 1271 4982 ιι.
1307 4930 1415 4983 238
1451 4929 1697 4998 ponitur,
1754 4944 1918 4983 enar-

348 5030 454 5074 rat.
482 5019 669 5088 Neque
696 5029 877 5073 tamen
905 5017 1110 5076 omnia.
1142 5032 1263 5086 quae
1309 5015 1378 5070 de
1434 5025 1617 5070 sancto
1667 5016 1922 5089 ngeone

350 5111 442 5165 hic
468 5110 659 5169 refert,
686 5108 1083 5176 complectitur
1111 5107 1235 5162 Vita
1261 5121 1448 5162 nostra
1475 5126 1491 5175 ;
1520 5109 1720 5164 desunt
1746 5109 1923 5179 plera-

279 5201 289 5212 '
348 5213 501 5267 quo:
543 5209 706 5266 atque
759 5197 883 5250 ideo
918 5198 1265 5266 potissimum
1303 5214 1366 5253 ea
1425 5199 1640 5264 damus,
1670 5216 1739 5254 ne
1787 5200 1918 5269 quid

348 5291 488 5346 scitu
517 5288 743 5358 dignum
788 5296 1164 5356 praetereatur.

422 5380 511 5434 55.
545 5377 684 5432 Audi
726 5377 894 5447 igitur
930 5377 1108 5448 ipsum
1137 5380 1235 5435 lib.
1285 5397 1338 5444 v,
1397 5397 1447 5436 c.
1489 5381 1583 5443 2i,
1626 5382 1772 5436 inter
1815 5380 1921 5435 alia

354 5471 512 5539 signa
574 5484 697 5537 quae
748 5468 1005 5523 Mauritio
1044 5470 1334 5540 imperium
1387 5472 1805 5542 portenderent,
1841 5471 1920 5525 sic

348 5557 667 5628 loquentem
694 5576 708 5613 :
744 5558 975 5630 Denique
1006 5560 1253 5632 Symeon,
1291 5564 1382 5633 qui
1397 5564 1560 5632 juxta
1598 5563 1779 5616 urbem
1807 5562 1921 5617 An-

348 5650 597 5703 tiocltiam
619 5667 776 5723 super
794 5650 1038 5706 columna
1091 5661 1238 5707 stans
1271 5655 1431 5707 vitam
1497 5655 1687 5722 exegit,
1740 5655 1820 5707 vir
1853 5653 1923 5706 ad

348 5753 431 5790 res
464 5743 718 5810 gerendas
752 5743 1054 5814 aptissimus
1075 5785 1089 5811 ,
1118 5752 1166 5796 et
1200 5743 1397 5797 cunnis
1426 5744 1613 5797 divinis
1645 5743 1921 5797 virtutibus

2033 555 2157 606 ritio
2188 554 2530 607 nuntiabant.
2561 554 2825 620 Quaenam
2859 570 2991 610 vero
3044 555 3137 609 illa
3164 557 3297 622 sint,
3327 573 3432 611 non
3484 576 3594 615 me-

2032 644 2170 698 mini
2211 645 2423 715 uspiam
2452 645 2742 715 speciatim
2779 660 3105 715 expressum
3138 645 3343 715 legere,
3376 662 3444 703 ne
3472 650 3595 719 qui-

2032 735 2158 790 dem
2192 736 2245 789 in
2272 736 2394 791 Vita
2422 746 2610 790 nostra
2641 736 2968 806 prolisiore;
2996 751 3119 806 qua:
3146 738 3317 792 multa
3376 740 3594 809 quidem

2031 825 2100 881 de
2129 825 2348 881 Justino
2389 825 2616 882 Juniore
2646 868 2661 890 ,
2714 828 2879 897 eique
2916 828 3179 898 praedicto
3234 830 3483 900 imperio,
3529 834 3597 889 de

2032 915 2287 970 Mauritio
2320 932 2454 972 vero
2501 932 2732 986 prorsus
2763 918 2940 972 nihil:
2998 920 3168 983 unde,
3219 920 3296 975 uti
3323 930 3379 976 et
3418 936 3486 977 ex
3515 939 3600 978 se-

2034 1007 2357 1078 quentibus,
2393 1024 2630 1079 prouum
2693 1020 2785 1065 est
2837 1010 3114 1079 colligere,
3162 1015 3415 1080 quamvis
3479 1029 3603 1082 pro-

2031 1098 2295 1153 lixissima
2322 1099 2442 1153 Vita
2473 1099 2754 1154 contineat
2775 1100 3032 1169 plurima,
3073 1100 3229 1170 plura
3263 1109 3444 1156 tamen
3469 1118 3604 1172 prte~

2033 1191 2264 1246 teriisse.
2294 1191 2464 1245 Libro
2492 1191 2694 1246 deinde
2748 1200 2925 1256 sexto,
2973 1207 3095 1261 cap.
3140 1192 3210 1245 23
3259 1201 3395 1257 toto,
3446 1194 3604 1262 quasi

2031 1283 2421 1353 compendium
2449 1284 2575 1339 vitae
2603 1283 2898 1354 Symeonis
2929 1285 3010 1339 sic
3043 1285 3215 1339 texit:
3250 1284 3448 1353 Eodem
3477 1295 3605 1341 tem-

2032 1390 2177 1445 pore,
2243 1390 2363 1427 cum
2413 1373 2695 1444 Gregorius
2758 1384 3000 1428 sanctum
3052 1373 3366 1445 Symeonem
3426 1375 3608 1431 letltali

2032 1468 2212 1522 morbo
2241 1477 2520 1538 (egrotare,
2568 1484 2650 1521 me
2702 1468 2989 1527 indicante,
3026 1466 3332 1533 didicisset,
3370 1466 3441 1520 ad
3490 1483 3608 1521 eum

2031 1561 2302 1628 confestim
2351 1559 2614 1624 excurrit,
2669 1567 2727 1612 ut
2780 1567 3058 1628 postrema:
3106 1556 3450 1611 salutationis
3500 1558 3611 1627 ofﬁ-

2030 1654 2172 1707 cium
2198 1654 2246 1706 ei
2275 1653 2555 1706 exhiberet.
2582 1651 2771 1706 Verum
2800 1651 2855 1705 id
2887 1650 3025 1721 quod
3068 1652 3333 1720 cupiebat,
3367 1651 3611 1721 consequi

2032 1761 2135 1799 non
2157 1746 2349 1815 potuit.
2387 1744 2558 1799 Porro
2591 1745 2672 1797 hic
2707 1741 2933 1813 ngeon
2962 1751 3174 1796 cunctos
3230 1743 3315 1795 sui
3364 1744 3613 1813 temporis

2033 1834 2286 1889 mortales
2313 1836 2508 1890 virtute
2542 1833 2693 1904 longe
2735 1833 3025 1905 superauit.
3089 1832 3297 1904 Quippe
3340 1851 3375 1887 a
3424 1835 3614 1888 teneris

2032 1923 2335 1995 unguiculis
2371 1939 2617 1995 asperum
2654 1924 2859 1977 vivendi
2893 1938 3056 1992 genus
3093 1922 3150 1975 in
3201 1920 3458 1976 columna
3524 1939 3615 1977 ea:-

2030 2015 2305 2071 coluerat:
2341 2015 2473 2069 adeo
2514 2022 2572 2067 ut
2602 2014 2781 2067 dentes
2834 2015 2889 2067 in
2928 2011 3187 2067 columnae
3231 2016 3468 2068 statione
3512 2014 3615 2084 ipsi

2031 2108 2223 2161 mutati
2256 2107 2469 2176 fuerint.

2105 2195 2194 2249 54.
2236 2193 2553 2249 Columnam
2615 2201 2794 2248 autem
2845 2194 3141 2248 conscendit
3196 2193 3511 2264 hujusmodi
3557 2209 3620 2246 ex

2031 2302 2231 2341 causa:
2269 2286 2403 2340 Cum
2429 2293 2560 2341 esset
2590 2286 2872 2340 admodum
2902 2294 3083 2340 tenera
3120 2287 3297 2340 adhuc
3324 2293 3508 2348 a’tate,
3536 2285 3619 2338 lu-

2029 2378 2158 2431 dens
2191 2387 2240 2432 et
2293 2376 2500 2431 saltum
2526 2394 2619 2447 per
2647 2378 2837 2430 montis
2852 2377 2988 2447 juga
3018 2376 3306 2430 oberrabat
3342 2392 3361 2430 :
3395 2391 3620 2444 cumque

2030 2472 2088 2524 in
2118 2471 2346 2541 pardum
2404 2471 2691 2533 incidisset,
2718 2486 2905 2523 sonam
2965 2469 3100 2523 collo
3133 2484 3254 2536 ejus
3309 2470 3539 2539 injecit;
3572 2476 3619 2520 et

2030 2560 2501 2624 belluam,innatte
2527 2560 2752 2629 feritatis
2782 2558 3021 2625 oblitam,
3057 2559 3211 2630 quasi
3231 2560 3358 2629 joco
3383 2559 3620 2622 trahens,

2031 2653 2100 2706 ad
2132 2654 2511 2706 monasterium
2566 2668 2720 2705 suum
2765 2651 3000 2704 deduxit.
3028 2648 3182 2715 Quod
3220 2646 3622 2721 contemplatus

2033 2746 2287 2815 magister
2316 2744 2452 2815 ejus,
2480 2744 2569 2813 qui
2592 2744 2645 2795 in
2671 2742 2917 2795 columna
2953 2743 3115 2795 vitam
3140 2744 3362 2812 agebat,
3395 2758 3620 2812 puerum

2029 2837 2399 2905 interrogavit,
2417 2834 2942 2904 quidnamltoccssct.
2963 2830 3234 2902 lilcfclem
3262 2849 3376 2886 esse
3407 2850 3625 2903 respou-

2029 2927 2128 2989 dit,
2156 2943 2311 2997 quem
2339 2926 2489 2994 tulgo
2523 2934 2723 2978 caltam
2760 2924 3057 2978 nominant.
3089 2925 3268 2994 Atque
3300 2941 3368 2979 ea:
3411 2926 3508 2978 hoc
3541 2927 3628 2993 ft:-

2028 3029 2109 3074 cto
2133 3021 2494 3090 conjecturam
2517 3022 2751 3088 capiens,
2788 3015 2962 3086 qualis
3004 3023 3353 3085 quantusque
3390 3016 3625 3086 ngeon

2033 3114 2087 3165 in
2145 3112 2354 3166 virtutis
2414 3111 2587 3163 studio
2638 3110 2846 3177 futurus
2891 3117 3044 3171 esset,
3074 3109 3129 3161 in
3163 3108 3485 3163 columnam
3513 3126 3632 3162 eum

2035 3202 2267 3269 admisit,
2307 3200 2425 3264 Qua
2463 3200 2520 3252 in
2560 3200 2807 3253 columna
2832 3240 2845 3262 ,
2887 3210 2935 3252 et
2969 3201 3024 3253 in
3071 3198 3256 3253 altera
3307 3215 3433 3271 qua!
3473 3200 3633 3252 estin

2030 3310 2237 3346 summa
2263 3294 2454 3346 montis
2481 3294 2693 3355 vertice,
2717 3301 2828 3343 octo
2859 3308 2921 3344 ac
2972 3291 3265 3361 sexaginta
3305 3292 3483 3360 exegit
3539 3306 3639 3341 an-
3702 3304 3706 3308 '

2031 3400 2146 3444 nos,
2170 3384 2314 3436 omni
2322 3384 2526 3460 gratia:
2548 3397 2736 3453 genere
2775 3384 3021 3435 donatus.
3054 3378 3272 3450 Quippe
3315 3382 3411 3451 qui
3441 3387 3492 3432 et
3523 3380 3637 3431 dw-

2032 3490 2213 3528 mones
2270 3474 2522 3544 abigeret,
2548 3482 2599 3526 et
2644 3472 2849 3525 morbos
2899 3488 2961 3525 ac
2991 3470 3287 3540 languores
3322 3486 3512 3525 omnes
3547 3486 3641 3524 sa-

2031 3573 2204 3626 naret,
2239 3576 2287 3616 et
2342 3564 2524 3633 futura
2569 3564 2781 3632 perinde
2833 3579 2895 3616 ac
2945 3562 3241 3632 praesentia
3284 3562 3635 3632 prwvideret.

2035 3652 2287 3723 Gregorio
2322 3661 2460 3706 certe
2502 3652 2769 3722 prtedixit,
2800 3666 2919 3704 eum
2957 3658 3178 3703 mortem
3211 3649 3443 3719 quidem
3468 3651 3641 3720 ipsius

2028 3747 2263 3799 uisurum
2298 3761 2401 3798 non
2429 3760 2585 3808 esse;
2617 3759 2734 3814 quae
2776 3758 2898 3797 vero
2955 3750 3071 3812 post
3135 3750 3379 3795 mortem
3448 3743 3640 3812 futura

2034 3846 2226 3898 essent,
2252 3838 2647 3907 ignoraturum.
3424 3883 3457 3903 .

2102 3930 2190 3983 '55.
2221 3927 2456 3997 Cumque
2480 3943 2575 3998 ego
2594 3926 2802 3981 amissis
2829 3924 3001 3979 liberis
3028 3925 3154 3978 meis
3181 3925 3241 3979 in
3264 3928 3459 3981 rarius
3485 3926 3636 3997 cogi-

2030 4021 2258 4085 tationes
2277 4019 2573 4082 diducerer,
2614 4027 2662 4071 et
2683 4017 2826 4087 apud
2860 4033 2942 4070 me
2967 4031 3265 4086 quwrerem
3296 4019 3437 4089 quid
3458 4033 3644 4073 causte

2033 4121 2184 4176 esset,
2235 4129 2329 4165 cur
2353 4110 2654 4182 gentilibus,
2691 4110 2875 4179 quibus
2901 4108 3052 4163 multi
3094 4118 3223 4163 sunt
3260 4108 3448 4175 liberi,
3498 4111 3643 4164 idem

2029 4219 2135 4256 non
2162 4204 2388 4255 eveniret
2423 4217 2441 4265 ;
2484 4200 2723 4270 quamvis
2751 4198 2948 4252 nemini
2976 4213 3195 4267 prorsus
3231 4202 3642 4271 cogitationem

2031 4293 2168 4346 hanc
2194 4292 2537 4362 aperuissent,
2570 4288 2663 4343 ille
2703 4298 2879 4343 tamen
2926 4290 3278 4358 cogitationes
3313 4294 3498 4347 animi
3547 4295 3654 4349 mei

2033 4382 2423 4452 introspiciens,
2454 4381 2663 4450 scripsit
2703 4379 2774 4432 ad
2816 4396 2918 4435 me.
2951 4389 3010 4433 ut
3054 4380 3118 4432 ab
3157 4381 3243 4434 his
3287 4384 3656 4455 cogitationi-

2029 4473 2123 4527 bus
2180 4473 2540 4535 abstinerent;
2577 4472 2769 4541 quippe
2809 4487 2928 4541 quae
2966 4471 3413 4543 haudquaquam
3464 4474 3658 4546 placc-

2028 4574 2147 4620 rent
2197 4565 2327 4619 Deo.
2358 4564 2530 4629 Idem,
2563 4580 2679 4618 cum
2712 4564 2867 4616 uxori
2887 4562 3165 4633 cujusdam
3206 4579 3280 4618 ea:
3312 4568 3458 4622 meis
3487 4585 3655 4622 ama-

2027 4656 2314 4711 nuensibus
2345 4666 2460 4726 post
2489 4665 2701 4726 partum
2757 4653 2841 4708 lac
2883 4655 3209 4708 obstructum
3249 4666 3425 4724 esset,
3466 4669 3520 4713 et
3572 4658 3661 4712 in-

2027 4748 2145 4817 fans
2173 4748 2224 4800 in
2254 4763 2461 4801 summa
2491 4746 2792 4799 discrimine
2844 4754 3146 4800 versaretur
3174 4761 3196 4811 ;
3233 4756 3512 4804 contacta
3555 4750 3665 4805 uiri

2031 4839 2268 4902 dextera,
2298 4837 2567 4907 prazcepit,
2598 4845 2655 4889 ut
2682 4852 2797 4889 eam
2820 4837 3056 4906 conjugis
3088 4852 3203 4890 suae
3232 4839 3522 4895 mamillis
3552 4842 3662 4894 im-

2025 4937 2260 4999 poneret.
2294 4927 2409 4992 Quo
2441 4928 2602 4997 facto,
2625 4928 2804 4981 statim
2840 4927 2922 4981 lac
2944 4928 3099 4998 quasi
3122 4942 3188 4980 ea:
3211 4931 3479 4998 quodam
3513 4932 3666 5003 fonte

2028 5019 2276 5091 prosiliit,
2337 5018 2467 5072 adeo
2509 5025 2563 5071 ut
2605 5025 2769 5071 totam
2808 5016 3045 5071 mulieris
3073 5027 3283 5072 vestem
3334 5023 3665 5092 madeface-

2027 5117 2127 5164 ret.
2153 5108 2257 5163 Sed
2286 5118 2334 5161 et
2358 5124 2576 5178 puerum
2601 5110 2903 5179 quemdam,
2927 5117 3077 5162 nocte
3097 5111 3449 5183 intempesta
3486 5134 3529 5171 α
3574 5133 3667 5171 co-

2026 5202 2235 5255 mitibus
2288 5201 2491 5271 itineris
2540 5217 2632 5272 per
2668 5200 2977 5254 oblivionem
3007 5200 3264 5255 relictum
3299 5205 3361 5258 in
3419 5209 3541 5273 ria,
3576 5209 3666 5263 leo

2030 5290 2336 5359 impositum
2371 5291 2525 5343 dorso
2554 5305 2649 5343 suo
2677 5290 2746 5342 ad
2775 5287 3045 5360 Symeonis
3086 5298 3512 5352 monasterium
3539 5316 3676 5370 por-

2031 5381 2510 5450 tavit;etjubente
2536 5380 2795 5453 ngeone
2841 5383 3034 5452 egressi
3078 5382 3359 5451 ministri,
3395 5405 3667 5459 puerum,

2030 5473 2119 5541 qui
2147 5489 2177 5524 a
2211 5472 2358 5526 leone
2380 5474 2801 5537 custodiebatur,
2827 5474 3275 5531 introduxerunt.
3299 5477 3495 5534 Multa
3526 5498 3671 5551 quo-

2028 5579 2127 5632 que
2161 5564 2290 5629 alia,
2323 5567 2634 5618 memoriam
2686 5581 2892 5617 omnem
2940 5566 3291 5635 superantia,
3337 5570 3496 5624 idem
3537 5589 3668 5642 ges-

2029 5655 2116 5715 sit,
2150 5670 2267 5723 qua:
2298 5664 2345 5707 et
2387 5653 2624 5724 linguam
2668 5654 2942 5718 disertam,
2972 5664 3018 5708 et
3046 5656 3248 5721 otium,
3288 5669 3343 5711 et
3374 5666 3670 5732 peculiare

2028 5761 2155 5815 opus
2192 5746 2497 5825 desiderant
2536 5761 2553 5798 :
2597 5762 2815 5816 qumque
2854 5748 3087 5800 omnium
3131 5762 3285 5818 pene
3321 5756 3668 5812 mortalium
