3898 6428
246 375 360 439 2981

1361 368 1958 431 COMMENTARIUS
1997 367 2364 429 PRIEVIUS.
2432 382 2461 397 κ

3321 372 3464 434 29??

246 487 419 557 tinguis
448 484 793 538 celebrantur.
833 483 1080 538 Omnium
1113 482 1250 535 enim
1293 482 1569 534 nationum
1621 478 1788 531 hami.

1895 491 2029 533 sum.
2063 474 2316 545 maligne,
2342 483 2390 528 et
2437 491 2590 528 curre
2644 477 2695 529 in
2741 480 2988 548 [Iuturnas
3018 479 3175 548 ignis,
3200 497 3420 535 arsurus
3446 501 3463 545 ,-

243 593 340 640 nes,
373 592 473 629 non
515 573 739 628 Romani
779 573 973 638 solum,
1002 589 1184 627 verum
1234 575 1395 626 etiam
1448 570 1684 633 barbari,
1719 568 1787 621 ad

239 686 340 723 cum
363 663 725 731 uentitabant;
757 674 805 718 et
850 680 1170 735 quotcunque
1212 650 1645 734 postulaverant,
1688 661 1790 713 im-

238 757 515 828 petrabant.
548 754 658 809 Pro
698 755 807 809 cibo
858 762 1034 807 autem
1083 772 1145 808 ac
1195 763 1321 822 potu
1376 754 1423 805 ei
1476 753 1620 821 fuere
1651 752 1788 804 rami

237 849 491 919 cujusdam
547 847 794 918 fruticis,
856 846 1044 915 quieo
1097 847 1154 899 in
1212 852 1388 898 monte
1449 842 1785 897 nascebatur.

239 940 519 1008 Utrumque
552 939 703 993 hunc
732 936 950 1007 Evagrii
996 937 1179 992 locum
1212 934 1497 989 transtulit
1519 934 1686 988 etiam
1717 931 1787 985 ad

236 1046 316 1093 se,
383 1029 607 1085 totidem
659 1043 799 1098 pene
852 1026 1077 1089 verbis,
1126 1025 1477 1094 Nicepltorus
1533 1022 1789 1078 Callistus

236 1122 267 1175 l.
304 1139 443 1181 xrtu.
481 1136 531 1176 c.
560 1121 592 1174 7
623 1131 681 1176 et
712 1120 805 1174 24.

234 1282 375 1354 ςνιι.
402 1280 525 1336 Alia
554 1282 618 1334 de
641 1281 823 1334 eodem
853 1278 1240 1354 memorabilia,
1265 1293 1328 1331 ea:
1352 1275 1549 1347 synodo
1572 1274 1788 1330 Nictena

494 1367 552 1414 ll,
594 1360 645 1405 et
678 1358 862 1403 sancto
892 1349 1101 1403 Joanne
1157 1349 1505 1402 Damasceno.

301 1462 395 1517 llic
417 1478 638 1533 quoque
688 1462 1069 1533 paragraphns
1118 1461 1313 1516 eodem
1346 1460 1531 1523 faciet,
1562 1473 1674 1528 quo
1698 1472 1792 1513 su-

235 1555 443 1625 perior:
477 1554 740 1609 videlicet
771 1563 831 1609 ut
873 1569 941 1608 eo
972 1554 1198 1624 majoris
1256 1551 1608 1606 auctoritatis
1654 1565 1790 1605 cen-

235 1655 406 1700 seatur
428 1660 551 1700 esse
577 1645 721 1709 Vita,
754 1660 865 1715 quo
897 1646 1181 1715 graviores
1216 1653 1349 1699 sunt
1377 1652 1630 1697 auctores
1654 1681 1668 1705 ,
1693 1640 1788 1710 qui

231 1748 320 1790 sua
341 1773 355 1799 ,
410 1734 454 1788 si
485 1749 596 1787 non
619 1749 687 1790 ex
711 1735 823 1797 illa,
860 1743 1011 1789 certe
1036 1734 1228 1788 eadem
1259 1747 1383 1788 cum
1411 1732 1525 1786 illic
1563 1740 1789 1787 conten-

230 1827 309 1891 tis,
339 1827 657 1881 testimonia
717 1835 1133 1896 prompserunt.
1198 1826 1277 1881 Ac
1323 1826 1504 1896 primo
1562 1825 1784 1894 quidem
1818 1815 1861 1872 Β

229 1918 454 1989 synodus
515 1918 735 1973 Nicena
767 1933 826 1983 ιι,
868 1918 1145 1988 generalis
1201 1934 1297 1984 vn,
1349 1933 1440 1973 an.
1490 1918 1614 1981 787,
1676 1916 1785 1971 lla-

228 2009 410 2064 driano
436 2009 455 2063 I
485 2023 625 2079 papa
650 2050 664 2074 ,
699 2007 1067 2063 Constantino
1100 2016 1265 2078 atque
1290 2008 1448 2062 lrene
1486 2006 1786 2076 imperato-

232 2102 393 2168 ribus,
455 2102 734 2156 celebrata
801 2110 994 2156 contra
1048 2101 1443 2163 lconoclastas,
1492 2100 1707 2155 actione
1731 2101 1785 2164 4,

232 2192 281 2246 in
301 2193 543 2248 editione
563 2191 984 2247 Graeco-Latina
1013 2194 1239 2259 Laltbei,
1270 2194 1350 2248 sic
1375 2193 1620 2263 loquitur
1650 2211 1662 2244 :
1696 2191 1791 2273 .lo-

229 2280 359 2350 seph,
391 2280 859 2334 reuerendissimus
896 2284 1183 2336 monachus
1223 2291 1271 2335 et
1300 2282 1634 2353 Hegumenus
1672 2298 1788 2335 mo-

230 2370 433 2434 nasterii
476 2368 764 2433 Heraclide,
822 2369 956 2423 dixit
991 2386 1009 2422 :
1037 2369 1107 2423 Et
1161 2386 1255 2440 ego
1305 2380 1546 2440 peccator
1596 2369 1788 2423 librant

227 2462 345 2528 fero,
377 2461 736 2514 continentem
788 2460 963 2514 Vitam
996 2462 1168 2515 sancti
1214 2458 1487 2530 Symeonis
1531 2460 1788 2514 Mirabilis

227 2550 421 2615 Montis,
441 2560 493 2605 et
514 2560 572 2603 ut
578 2552 798 2618 jubetis.
828 2549 1027 2605 Sancta
1076 2552 1304 2622 synodus
1337 2551 1468 2603 dixit
1496 2550 1786 2621 :Legatur.

231 2641 292 2693 ls‘t
322 2645 580 2712 accipiens
613 2640 854 2707 Cosmus,
887 2641 997 2695 Deo
1028 2641 1272 2696 amabilis
1307 2642 1558 2695 diaconus
1607 2651 1654 2694 et
1679 2640 1786 2696 Cu-

226 2732 485 2795 buclesius,
532 2732 675 2803 legit.
716 2733 800 2786 Ea:
821 2733 938 2787 Vita
968 2735 1141 2787 sancti
1166 2732 1346 2787 Patris
1377 2734 1545 2786 nostri
1573 2730 1789 2803 Symeo-

230 2824 300 2875 nis
329 2822 591 2877 Mirabilis
618 2823 813 2877 Montis
841 2822 1134 2893 capitulum
1162 2823 1286 2886 H8,
1311 2823 1388 2877 De
1411 2824 1607 2892 femina
1631 2863 1645 2887 ,
1670 2838 1789 2892 quae

237 2913 502 2984 Rhosopoli
533 2914 730 2967 sterilis
764 2910 903 2978 erat,
939 2914 1117 2968 ualido
1150 2915 1407 2969 daemonio
1438 2930 1639 2984 pressa,
1672 2930 1790 2984 qua:

230 3023 353 3060 sana
377 3018 425 3060 et
462 3007 691 3077 fecunda
721 3007 885 3077 facta,
916 3008 1201 3077 imaginem
1237 3006 1376 3061 Justi
1411 3008 1657 3077 imposuit
1691 3006 1787 3059 do-

226 3097 291 3149 mi
308 3112 566 3165 suce,qua:
582 3096 859 3167 magniﬁce
878 3096 1138 3151 miracula
1163 3096 1500 3167 Operabatur.
1528 3095 1789 3162 Quamvis

228 3195 398 3242 autem
472 3187 623 3242 idem
701 3188 1031 3243 miraculum
1092 3188 1233 3242 infra
1280 3204 1502 3259 quoque
1553 3188 1609 3242 in
1670 3189 1790 3243 Vita

230 3291 279 3328 n.
314 3275 407 3329 123
440 3276 741 3342 referatur,
771 3278 901 3347 quia
938 3286 1121 3333 tamen
1151 3279 1493 3348 aliquantum
1517 3278 1792 3333 discrimi-

227 3365 306 3419 nis
329 3367 647 3428 intercedit,
672 3367 951 3437 przccipue
996 3367 1178 3436 quoad
1222 3368 1469 3438 phrasin,
1499 3377 1663 3438 atque
1700 3368 1783 3421 iu-

232 3471 385 3526 snper
452 3457 845 3512 auctoritatem
917 3458 1119 3527 accipit
1171 3457 1314 3513 liber
1372 3465 1519 3513 totus
1578 3474 1645 3513 ex
1688 3459 1790 3511 hac

231 3556 382 3602 tanta:
423 3548 622 3619 synodi
652 3549 881 3618 probata
912 3550 1252 3615 narratione,
1293 3550 1469 3605 videri
1498 3564 1792 3619 possumus

229 3649 398 3692 actum
425 3654 543 3692 non
578 3654 761 3709 agere,
793 3639 837 3695 si
877 3640 1023 3693 illam
1080 3641 1457 3694 narrationem
1504 3639 1598 3693 hic
1650 3638 1788 3707 adji-

224 3729 444 3784 ciamus.
474 3730 569 3784 Sic
614 3730 783 3800 igitur
819 3731 1109 3785 lectionem
1157 3746 1310 3785 suam
1356 3737 1789 3800 prosecutnsest

222 3815 439 3873 Cosmas
480 3819 776 3874 diaconus:

287 3911 372 3965 δῖ.
398 3909 601 3965 Mulier
622 3909 868 3980 quasdam
898 3918 1013 3963 erat
1057 3907 1337 3978 Rhosopoli
1369 3906 1589 3971 Ciliciaz,
1625 3907 1788 3961 Theo-

230 4008 370 4056 tecna
412 4002 584 4063 dicta,
626 4015 744 4071 qua:
779 4000 1112 4055 habitaverat
1165 4016 1285 4054 cum
1338 4001 1449 4054 uiro
1497 4017 1593 4055 suo
1634 4000 1789 4055 annis

224 4092 416 4161 uiginti,
454 4099 507 4144 et
557 4090 733 4160 filium
794 4107 900 4145 non
948 4091 1148 4145 habuit.
1180 4090 1410 4162 Contigit
1470 4099 1647 4146 autem
1669 4108 1788 4148 eam

227 4184 376 4237 etiam
407 4201 439 4235 a
470 4182 709 4237 dtemone
728 4198 761 4235 a
795 4182 1023 4250 pueritia
1057 4183 1260 4245 uexari,
1289 4190 1341 4235 et
1391 4180 1641 4235 mandere
1689 4179 1792 4234 lin-

227 4288 396 4341 guam.
432 4271 529 4327 Vir
561 4279 738 4326 autem
764 4272 898 4341 ejus,
927 4271 1073 4325 ultra
1099 4288 1202 4325 non
1226 4272 1404 4326 valens
1431 4272 1650 4342 sufferre
1691 4272 1791 4325 tri-

234 4363 513 4420 bulationis
567 4365 681 4435 ejus
735 4366 1060 4435 angustiam,
1088 4365 1286 4417 dimisit
1350 4363 1502 4417 illam
1550 4380 1582 4416 a
1637 4364 1790 4416 domo

1889 575 1938 618 et
1967 566 2046 634 fer
2078 582 2273 636 aquam
2313 574 2361 618 et
2388 566 2573 637 collige
2597 567 2763 637 ligna.
2801 568 2863 622 Et
2896 571 3099 632 statim,
3141 571 3302 625 veluti
3334 589 3459 626 uen-

1888 665 1991 721 tus,
2023 674 2240 711 currens
2271 667 2319 710 et
2358 660 2684 713 uehementer
2709 669 2944 716 testuans
2989 663 3195 717 dazmon
3215 704 3231 727 ,
3260 673 3307 717 et
3356 665 3463 719 tol-

1889 745 2001 800 lens
2033 749 2087 800 in
2118 748 2337 802 muliere
2363 754 2675 818 amphoram
2706 770 2878 821 aquw,
2905 756 3249 820 minabatur;
3282 765 3332 809 et
3367 759 3468 811 im-

1887 834 2085 905 pletam
2112 837 2288 902 illam,
2320 846 2367 891 et
2392 839 2615 894 collecta
2644 842 2707 895 de
2733 843 2868 898 silva
2923 844 3069 915 ligna
3112 846 3315 913 attulit,
3342 850 3461 918 eju-

1890 927 2007 982 lans
2032 940 2079 981 et
2098 929 2272 983 dicens
2297 946 2315 984 .'
2346 931 2428 986 Vw
2443 935 2567 987 mihi
2592 935 2733 989 malo
2759 953 2904 992 servo
2923 955 2985 992 ac
3007 940 3268 993 inventori
3294 941 3466 995 ntale-

1890 1034 2007 1073 rum
2033 1020 2053 1073 !
2068 1022 2192 1090 quid
2218 1039 2402 1091 passus
2424 1041 2543 1079 sum
2567 1026 2748 1080 ?Nam
2776 1047 2807 1082 a
2835 1030 3056 1083 muliere
3100 1048 3215 1084 mea
3244 1040 3462 1102 separat

1890 1126 1974 1164 me
1988 1122 2200 1165 sanctus
2227 1111 2473 1183 Symeon,
2519 1125 2565 1169 et
2600 1117 2724 1187 quid
2780 1118 2975 1186 faciam
3012 1119 3193 1189 infelix
3220 1161 3233 1185 ,
3266 1122 3459 1178 nescio.

1966 1248 2055 1302 38.
2090 1247 2184 1302 His
2221 1256 2398 1303 autem
2447 1250 2595 1305 dictis
2618 1269 2797 1306 coram
2841 1255 3053 1324 populo,
3098 1259 3186 1325 qui
3211 1274 3463 1311 convene-

1891 1346 2017 1399 rat;
2052 1347 2328 1408 postquam
2380 1340 2685 1408 adimplevit
2736 1345 3117 1410 ministerium,
3176 1349 3313 1417 quod
3361 1351 3461 1403 sibi

1890 1427 2065 1497 fuerat
2110 1428 2429 1498 imperatum
2452 1470 2466 1492 ,
2498 1431 2747 1486 clamavit
2807 1434 3032 1490 altis-one
3056 1478 3070 1500 ,
3136 1438 3348 1509 loquens
3370 1459 3387 1506 ;
3413 1451 3461 1494 et

1895 1521 2156 1587 aspiciens
2185 1529 2368 1574 contra
2394 1538 2448 1576 se
2468 1524 2683 1577 ueniens
2701 1526 2883 1596 fulgur
2921 1530 3055 1599 ignis
3084 1571 3097 1591 ,
3130 1531 3372 1585 currebat
3405 1536 3458 1587 in

1892 1608 2123 1689 muliere,
2158 1627 2251 1680 per
2282 1613 2562 1667 circuitum
2591 1624 2762 1670 status
2793 1619 2927 1688 ejus,
2959 1620 3249 1691 plurimum
3288 1632 3337 1676 et
3366 1625 3463 1678 do-

1892 1698 2060 1753 lenter
2096 1702 2403 1767 cruciatus;
2459 1712 2506 1757 et
2538 1704 2717 1759 taliter
2772 1710 3010 1775 protinus
3044 1712 3170 1764 exiit
3197 1730 3215 1767 :
3246 1724 3294 1766 et
3345 1732 3461 1768 mu-

1891 1788 2017 1844 liere
2066 1794 2291 1863 pristino
2330 1795 2503 1849 ordini
2545 1801 2806 1865 restituta,
2857 1802 3053 1857 dimisit
3083 1822 3198 1859 eam
3232 1805 3457 1878 ngcoz

1889 1898 2116 1948 sanam;
2154 1884 2328 1938 dicens
2364 1887 2432 1939 ad
2472 1886 2624 1941 illam
2660 1905 2676 1942 :
2715 1889 2877 1956 Vade,
2910 1893 3121 1960 mulier,
3146 1898 3199 1950 in
3241 1898 3455 1954 domum

1889 1980 2035 2026 tuam
2077 1983 2124 2027 et
2178 1976 2415 2030 cohabita
2460 1996 2577 2031 cum
2604 1981 2714 2034 viro
2742 1992 2866 2047 tuo;
2922 2001 3034 2038 ecce
3081 1988 3221 2041 enim
3260 1989 3454 2044 direxit

1890 2061 2147 2117 Dominus
2169 2080 2258 2117 cor
2290 2068 2426 2135 ejus,
2459 2075 2512 2118 ut
2545 2071 2761 2138 recipiat
2797 2080 2847 2124 te
2877 2090 2993 2127 cum
3027 2077 3221 2145 gaudio
3244 2095 3453 2147 magno.

1891 2149 2041 2215 Quod
2069 2162 2116 2205 et
2150 2154 2346 2223 factum
2404 2166 2496 2210 est.
2562 2158 2799 2231 Cumque
2830 2163 2927 2216 illa
2985 2182 3193 2220 reversa
3249 2169 3454 2237 fuisset,

1889 2243 2067 2295 statim
2126 2254 2323 2297 rectum
2362 2245 2559 2314 factum
2590 2260 2663 2303 est
2696 2269 2786 2305 cor
2817 2255 2915 2307 uiri
2942 2256 3025 2307 sui
3045 2256 3115 2309 ad
3136 2257 3458 2328 diligendum

1890 2348 2040 2397 eam;
2062 2343 2111 2386 et
2140 2336 2414 2406 ingressus
2447 2349 2520 2393 cst
2561 2344 2630 2395 ad
2655 2343 2828 2410 illam,
2853 2355 2900 2399 et
2927 2349 3197 2418 confestim
3228 2356 3458 2424 concepit

1889 2424 1940 2476 in
1963 2435 2112 2478 utero
2141 2442 2158 2479 :
2191 2437 2237 2479 et
2268 2429 2526 2499 completo
2553 2451 2693 2487 anno
2720 2437 2952 2491 tulerunt
3008 2458 3230 2510 puerum
3255 2447 3325 2498 ad
3344 2464 3460 2500 ser-

1889 2529 2007 2567 vum
2064 2516 2174 2579 Dei,
2203 2518 2481 2573 laudantes
2512 2532 2560 2574 et
2603 2525 2959 2594 gloriﬁcantes
2989 2532 3173 2587 Deum.
3200 2534 3329 2589 Cum
3364 2556 3459 2591 au-

1892 2611 1994 2657 tent
2036 2607 2381 2676 complessent
2427 2615 2722 2667 orationem
2773 2634 2946 2680 suam,
2978 2629 3026 2673 et
3075 2625 3351 2679 rediissem
3388 2629 3458 2679 ad

1888 2697 2160 2763 propriam
2191 2697 2422 2763 domum,
2449 2705 2612 2754 erexit
2638 2704 2826 2757 mulier
2846 2707 2951 2773 ﬁde
2994 2710 3148 2763 ducta
3172 2714 3457 2781 imaginem

1891 2782 2072 2838 Sancti
2093 2791 2147 2838 in
2172 2789 2412 2842 interiori
2444 2791 2599 2844 domo
2624 2810 2722 2847 sua
2752 2813 2770 2848 :
2805 2813 2919 2864 qua:
2946 2800 3268 2868 operabatur
3291 2806 3456 2857 mira-

1889 2875 2029 2938 cula,
2058 2877 2365 2932 obumbrata
2389 2878 2586 2951 Spiritu
2617 2886 2706 2955 qui
2733 2888 3002 2943 habitabat
3043 2893 3096 2946 in
3126 2892 3319 2948 Sancto
3356 2914 3374 2950 :
3407 2907 3455 2949 et

1890 2964 2201 3019 adcemonio
2230 2970 2404 3022 uexati
2426 2972 2846 3028 emundabantur
2887 2978 3014 3043 illic,
3069 2989 3118 3034 et
3178 2999 3241 3036 ea:
3299 2988 3459 3040 variis

1892 3057 2215 3124 passionibus
2253 3059 2510 3128 infirmati
2552 3068 2895 3122 curabuntur.
2930 3069 2990 3123 In
3025 3074 3206 3140 quibus
3246 3086 3292 3128 et
3351 3095 3458 3133 una

1819 3145 1862 3201 C
1896 3149 2116 3207 ntulier,
2147 3152 2349 3219 fluxum
2371 3156 2644 3223 sanguinis
2670 3158 2993 3214 incessanter
3023 3180 3115 3233 per
3163 3168 3458 3235 quindecim

1896 3253 2064 3291 annos
2092 3255 2269 3308 passa,
2290 3241 2345 3293 in
2361 3241 2465 3308 fide
2487 3247 2707 3297 accessit
2729 3248 2798 3299 ad
2820 3249 3101 3303 videndum
3127 3252 3409 3323 imaginem
3437 3274 3453 3317 ,-

1893 3338 1940 3381 et
1972 3331 2215 3382 continuo
2240 3333 2415 3400 ﬂuxus
2444 3335 2599 3387 stetit.
2622 3333 2767 3388 Dixit
2797 3339 2934 3390 enim
2962 3340 3107 3393 intra
3126 3355 3212 3405 se,
3239 3343 3382 3412 quia,
3407 3343 3462 3397 Si

1896 3424 2099 3470 tantum
2125 3419 2300 3471 videro
2341 3421 2736 3476 similitudinem
2784 3426 2917 3494 ejus,
2950 3428 3100 3483 salva
3126 3445 3233 3483 ero.
3280 3431 3462 3485 Videas

1896 3518 2074 3561 autem
2124 3509 2262 3578 quod
2293 3513 2582 3566 exsiccatus
2631 3525 2762 3568 esset
2798 3517 2910 3583 fans
2940 3521 3212 3588 sanguinis
3256 3525 3358 3588 sui,
3392 3526 3460 3576 ad

1894 3599 2155 3652 Immineat
2186 3601 2282 3653 Dei
2304 3605 2543 3670 protinus
2589 3608 2838 3667 accurrit,
2867 3609 3098 3663 adorans
3150 3629 3329 3666 coram
3377 3631 3460 3678 eo,

1898 3687 2124 3743 laudans
2166 3701 2213 3743 et
2252 3692 2558 3760 gloriﬁcans
2593 3695 2777 3760 Deum,
2809 3715 2871 3750 ac
2909 3702 3190 3756 enuntians
3226 3705 3462 3760 miracu-

1894 3775 2003 3830 lum
2029 3779 2084 3830 in
2116 3794 2171 3833 se
2202 3788 2582 3850 perpetratum.

1963 3913 2053 3968 39.
2084 3912 2224 3969 Huic
2275 3915 2509 3971 alterum
2568 3919 2738 3976 etiam
2789 3920 3119 3980 miraculum
3164 3927 3463 3999 subjicitur

1891 4017 2016 4057 cum
2047 4003 2155 4059 hoc
2184 4005 2344 4061 titulo
2368 4024 2381 4060 :
2407 4006 2543 4062 Item
2564 4008 2689 4081 legit
2718 4011 2968 4081 (Cosmus
2991 4016 3279 4089 diaconus)
3308 4021 3460 4076 aliud

1894 4095 2214 4151 miraculum
2271 4100 2445 4153 sancti
2480 4100 2658 4156 Patris
2714 4102 3022 4175 Symeonis:
3076 4108 3332 4179 idemque
3375 4124 3462 4169 est

1892 4186 2035 4256 quod
2063 4198 2286 4244 sanctus
2314 4190 2555 4248 Joannes
2598 4194 2969 4253 Damasccnus
3005 4200 3254 4256 oratione
3284 4205 3346 4269 5,
3384 4204 3463 4258 De

1892 4278 2231 4353 imaginibus,
2263 4296 2372 4335 non
2406 4284 2597 4352 procul
2629 4300 2660 4339 a
2688 4284 2793 4342 line
2811 4288 3056 4356 adducit,
3088 4296 3309 4362 praeﬁxo
3354 4296 3460 4353 hoc

1896 4367 2098 4423 titulo:
2144 4371 2226 4426 Ea:
2267 4371 2383 4426 Vita
2425 4378 2598 4430 sancti
2630 4376 2905 4448 Symeonis
2951 4398 3128 4438 rerum
3178 4385 3465 4443 admirabi-

226 4470 336 4521 sua,
368 4467 419 4512 et
448 4473 545 4528 per
575 4464 806 4524 quatuor
833 4471 999 4510 annos
1027 4471 1145 4509 cum
1165 4453 1316 4509 nulla
1353 4463 1428 4508 est
1462 4453 1659 4523 femina
1707 4470 1792 4506 so-
1822 4464 1866 4519 ι)
1897 4457 2027 4511 lium
2064 4460 2338 4535 c/fectoris,
2368 4466 2614 4518 narratio
2657 4467 2878 4522 Arcadii
2929 4474 3306 4544 archiepiscopi
3358 4475 3461 4548 Cy-

226 4549 407 4604 ciatus.
449 4547 559 4602 Illa
617 4563 741 4602 vero
797 4549 1009 4601 inuento
1046 4548 1300 4601 comitatu
1332 4547 1566 4616 confugit
1591 4545 1661 4599 ad
1688 4544 1788 4598 Ju-

225 4646 374 4692 stum.
405 4638 545 4695 Cum
594 4647 771 4692 autem
802 4641 1013 4693 uidisset
1047 4656 1163 4694 eum
1198 4641 1426 4704 daemon,
1452 4641 1635 4693 statim
1687 4639 1791 4707 fre-

227 4731 351 4784 muit
389 4740 439 4785 et
474 4730 821 4800 torquebatur
866 4746 1043 4785 coram
1074 4747 1167 4790 eo.
1190 4732 1366 4785 videns
1400 4746 1518 4783 cum
1574 4728 1793 4782 muliere

224 4821 553 4888 spiritualem
593 4821 708 4892 ejus
753 4824 1057 4893 imaginem,
1084 4823 1339 4876 dicentem
1363 4823 1593 4876 humana
1626 4835 1747 4873 uoce
1774 4836 1794 4890 :_

225 4905 489 4977 Separabo
528 4917 580 4962 te
615 4910 679 4963 ab
717 4926 803 4974 ea,
833 4909 1065 4980 maligne
1102 4918 1152 4963 et
1176 4907 1446 4962 immunde
1477 4907 1712 4975 spiritus,
1744 4912 1793 4955 et

226 5008 513 5051 revertetur
547 4998 618 5051 ad
646 4999 815 5052 uirum
847 5015 1021 5062 suum,
1055 5005 1113 5051 et
1146 5000 1392 5069 efﬁcietur
1415 4999 1499 5053 illi
1544 5016 1686 5053 anno
1713 5017 1796 5053 se-

229 5089 398 5149 quenti
426 5103 578 5157 puer.
612 5086 681 5140 Et
709 5087 928 5155 ejulauit
967 5088 1284 5143 diemonium
1318 5090 1562 5159 ferociter
1590 5103 1798 5146 contur-

230 5180 400 5231 batum
426 5195 443 5231 :
474 5175 518 5232 Ο
544 5176 794 5231 uiolentia
827 5178 1078 5232 adversus
1106 5196 1187 5233 me
1217 5181 1238 5233 Ι
1266 5198 1371 5234 non
1397 5190 1472 5236 est
1502 5191 1652 5237 tuum
1684 5200 1797 5239 ina-

231 5266 462 5320 trimonii
508 5266 796 5325 solutiones
831 5270 1027 5338 efficere
1051 5286 1071 5323 :
1106 5272 1310 5349 utquid
1338 5280 1510 5326 autem
1547 5282 1605 5326 et
1623 5273 1796 5343 ﬁlium

227 5356 293 5407 eis
324 5358 443 5418 das,
467 5376 585 5413 cum
616 5377 648 5413 a
689 5376 770 5413 me
795 5359 965 5428 ﬁlium
1002 5362 1215 5417 minime
1252 5364 1483 5433 fecerit?
1515 5368 1641 5437 quid
1670 5368 1799 5423 mali

230 5444 323 5512 feci
362 5449 484 5512 tibi,
514 5448 597 5502 vel
621 5451 747 5519 quid
777 5453 986 5519 peccavi
1015 5454 1069 5506 in
1102 5465 1381 5525 conspectu
1404 5466 1514 5521 tuo,
1540 5460 1665 5527 quia
1712 5475 1799 5512 se-

231 5552 390 5605 pares
416 5558 493 5594 me
514 5560 547 5595 (ι
578 5541 799 5595 muliere
823 5543 984 5597 mea?
1008 5542 1067 5599 Si
1081 5562 1284 5599 seruum
1312 5563 1392 5600 me
1413 5564 1796 5619 comparasses,
1842 5566 1846 5571 '

234 5625 384 5680 dares
414 5646 489 5683 me
519 5631 743 5700 forsitan
767 5641 814 5684 et
837 5634 891 5685 in
925 5634 1194 5688 seruitium
1227 5636 1546 5690 hominibus.
1575 5637 1640 5692 At
1677 5655 1797 5693 vero

232 5713 447 5785 Synteon
477 5723 594 5775 ait:
619 5720 755 5786 Quia
786 5723 959 5779 malus
992 5741 1175 5780 seruus
1208 5743 1280 5789 es,
1305 5724 1614 5799 recognosce
1635 5738 1687 5783 te
1716 5732 1800 5802 ip-

1894 4548 1997 4617 pri,
2030 4548 2347 4604 miraculum
2373 4551 2495 4605 152.
2549 4552 2870 4611 Couferenti
2918 4569 3102 4613 autem
3164 4569 3463 4633 utrumque

1894 4646 2102 4693 textum
2132 4640 2276 4696 inter
2306 4657 2386 4710 se,
2451 4645 2664 4700 nullum
2713 4649 2848 4702 mihi
2906 4649 3138 4705 dubium
3169 4661 3277 4718 cst,
3329 4657 3464 4724 quin

1893 4746 1959 4784 ex
1989 4731 2180 4785 eodem
2211 4749 2438 4802 prorsus
2465 4736 2658 4792 Graeco
2683 4739 2793 4793 sint
2838 4744 3109 4807 translati,
3155 4745 3230 4799 ita
3262 4761 3465 4803 conve-

1894 4821 2057 4875 niunt
2109 4824 2464 4894 principium,
2517 4827 2660 4893 linis,
2719 4831 2955 4898 periodi,
3022 4835 3227 4888 omnia.
3275 4836 3464 4893 Sicubi

1895 4912 2037 4968 forte
2069 4912 2292 4969 Graecus
2350 4917 2666 4972 Damasceni
2726 4930 2910 4977 textus
2934 4934 3134 4988 exstat,
3185 4928 3278 4995 qui
3306 4929 3467 4985 nobis

1895 5003 2056 5069 deﬁt,
2083 5007 2466 5075 comprobabit
2488 5009 2655 5065 dicta.
2688 5011 2784 5066 Est
2836 5023 3018 5070 tamen
3066 5018 3239 5072 altera
3261 5022 3464 5086 versio,
3492 5026 3497 5031 ’
3536 5021 3546 5039 ⁸

1896 5094 2066 5149 altera
2093 5110 2201 5157 non
2222 5097 2383 5165 paulo
2402 5100 2727 5155 concinnior
2746 5102 3186 5176 elegantiorque.
3210 5106 3465 5166 Vidimus

1891 5184 2002 5255 jam
2022 5185 2437 5241 inammniorem
2464 5190 2701 5254 concilii,
2725 5194 2987 5250 succedat
3003 5197 3272 5265 placitura
3295 5201 3468 5271 magis

1900 5276 2238 5333 Damasceni.
2263 5278 2451 5348 Neque
2476 5280 2586 5345 hic,
2622 5293 2777 5352 puto,
2802 5300 3027 5356 operam
3060 5288 3333 5358 perdituri
3376 5306 3469 5345 sn-

1897 5383 2021 5422 mus
2046 5367 2411 5424 describendo
2446 5371 2589 5427 hanc
2615 5376 3010 5440 narrationem,
3033 5380 3285 5449 quamvis
3319 5396 3468 5435 cam-

1898 5456 2045 5523 dcm,
2073 5456 2243 5512 verbo
2264 5465 2423 5513 tenus
2441 5458 2556 5515 fere
2584 5470 2792 5517 tantum
2810 5463 3239 5535 discrepantem,
3264 5467 3318 5520 in
3346 5469 3466 5522 Vita

1899 5564 2053 5604 num.
2098 5548 2194 5604 l7l
2244 5550 2386 5620 stylo
2444 5562 2635 5608 nostro
2683 5554 2917 5618 demus;
2978 5558 3085 5612 erit
3131 5575 3277 5614 enim
3332 5576 3464 5612 usus

1902 5642 2190 5713 utriusque
2220 5661 2346 5700 mox
2389 5645 2416 5717 §
2448 5663 2563 5715 seq.
2618 5647 2709 5703 Sic
2738 5648 2904 5718 igitur
2936 5649 3118 5718 titulo,
3144 5654 3253 5724 jam
3305 5667 3470 5723 supra

1904 5733 2163 5801 adducto,
2189 5737 2471 5810 subjungit
2498 5730 2864 5797 Damasccnus
2889 5759 2902 5795 :
