3898 6394
1684 361 1744 419 S.
1785 347 2046 417 SYMEO}

2161 335 2420 401 UNlOR.
2483 364 2497 385 ο
3522 304 3648 367 298ἱ

1410 482 1465 526 ut
1499 472 1575 524 vir
1606 464 1819 536 quidam
1849 473 1989 512 mer-
2026 457 2068 513 Δ
2097 447 2466 503 scribentem:
2496 433 2646 501 Quod
2676 431 2737 484 de
2759 427 2930 481 codice
2955 414 3171 493 qua'ris.
3198 428 3258 465 ex.
3289 429 3386 483 quo
3408 413 3651 481 descripta

2428 532 2437 536 _
2572 527 2582 536 .
2608 525 2617 536 .
2736 522 2747 533 ο
2840 513 3154 536 assultu-1...-..
3184 505 3519 536 l'lJ‘ln'nannn
3550 517 3650 536 "ut-

2099 546 2243 599 sunt,
2271 542 2384 587 erat
2422 532 2464 583 is
2493 525 2702 597 quidem
2732 522 2785 572 in
2834 513 3155 569 Bibliotheca
3184 505 3519 559 Vallicettana
3550 517 3650 553 nm-

2102 628 2225 682 tilus
2276 630 2324 676 et
2383 590 2652 684 ἀκέᾡαὶως
2682 628 2695 641 ·
2732 608 2822 662 sed
2859 600 3171 659 Laurentius
3223 594 3427 648 Portius
3460 592 3561 660 (cst
3612 590 3656 642 is

2101 716 2378 789 Symonis.
2405 707 2499 778 qui
2531 700 2918 759 Dictionarium
2974 691 3243 750 Latinum,
3271 679 3655 740 Cresco-barba-

2104 773 2224 866 rum
2274 814 2320 859 et
2368 773 2597 855 lit-terule
2647 788 2877 848 Parisiis
2928 782 3087 845 1655,
3118 776 3331 840 edidit,
3361 773 3571 834 frater;
3606 775 3661 821 et

2104 912 2259 955 suam
2313 891 2474 947 nobis
2503 897 2729 956 operam
2767 880 2823 933 in
2856 866 3239 931 describendis
3292 862 3439 918 Actis
3468 857 3662 914 Grmcis

2106 985 2285 1061 pretio
2315 948 2598 1036 moderatio
2631 969 2854 1034 locavit,
2886 964 3047 1020 istius
3071 954 3351 1014 idiomatis
3378 948 3665 1005 admodum

2108 1038 2374 1149 peritus),
2407 1069 2497 1124 sed
2529 1062 2868 1122 Laurentius,
2897 1053 3098 1124 inquit,
3130 1049 3341 1103 Portius
3363 1042 3451 1111 qui
3477 1038 3667 1092 descri-

2109 1128 2209 1237 psit
2227 1178 2290 1217 ea:
2315 1159 2421 1214 alio
2447 1150 2736 1223 exemplari
2764 1146 2954 1201 ibidem
2988 1147 3212 1210 reperto,
3233 1148 3396 1188 manu
3428 1128 3544 1182 licet
3575 1142 3670 1178 ari--

2113 1227 2408 1326 tiquissima
2431 1256 2479 1300 et
2495 1246 2616 1316 jam
2649 1239 2965 1294 exolescente
2990 1233 3255 1301 scriptura
3292 1227 3532 1281 exorato,
3554 1231 3674 1285 sup-

2111 1307 2267 1422 plerit
2318 1358 2423 1398 non
2472 1351 2635 1410 parvo
2661 1331 2840 1386 labore
2869 1342 2963 1381 suo
2997 1321 3135 1394 quod
3163 1319 3365 1376 deerat,
3399 1321 3446 1363 et
3467 1307 3678 1377 integri-

2112 1405 2213 1497 lati
2235 1439 2345 1510 fere
2376 1405 2705 1504 primigenia:
2738 1435 2865 1491 opus
2886 1418 2980 1470 hoc
3004 1410 3249 1467 reddidit.
3274 1405 3452 1474 Caput
3477 1407 3677 1457 autem,

2113 1489 2509 1603 quodrcliquo
2537 1489 2843 1586 corporiin
2865 1507 3057 1565 codice
3091 1500 3333 1558 defuisse
3374 1507 3432 1549 et
3464 1489 3678 1546 aliunde

2114 1584 2433 1692 sluppletuni
2478 1584 2683 1666 dicitur
2718 1644 2734 1671 ,
2792 1610 2881 1657 est
2933 1597 3025 1652 illa
3080 1606 3206 1664 pars
3250 1584 3469 1654 Prologi
3523 1593 3681 1649 quam

2117 1670 2314 1783 primis
2371 1702 2591 1759 duobus
2636 1670 2885 1753 numeris
2932 1680 3202 1754 complexi
3231 1691 3445 1734 sumus.
3472 1670 3685 1727 Profert

2920 1779 2934 1783 _
3128 1773 3139 1783 _
3184 1780 3191 1783 ,
3237 1771 3252 1783 ,
3430 1779 3473 1783 μ
3515 1762 3570 1783 ,Α
3606 1760 3685 1783 LL

2044 1788 2093 1847 Β
2120 1760 2386 1874 pneterca
2414 1790 2681 1849 Possinus
2735 1785 2791 1839 in
2835 1779 3031 1836 eadem
3055 1771 3290 1844 epistola
3316 1779 3479 1823 suum
3507 1762 3575 1817 de
3606 1760 3693 1814 bis

413 406 557 470 2083

491 512 579 565 it).
608 501 836 571 Contigit
862 504 1038 550 autem
1064 487 1169 541 illis
1197 481 1393 537 diebus,

491 545 579 565 -ὒυι
609 545 833 571 ιιυιιιιΰπν
862 545 888 550 .-
917 545 946 548 V,

425 609 575 657 calor
604 591 827 649 civitatis
856 578 1141 639 Antiochia:
1172 570 1320 642 grati
1364 561 1604 619 molestia
1641 555 1706 608 ab
1761 545 1995 618 improbo

1650 645 1660 657 ‘
1796 648 1811 657 ι
1849 636 1966 657 Ἦω-

430 636 562 657 νυινι
604 636 825 649 voy-uw-.-
856 636 893 639 _-
1172 636 1190 642 ν

430 693 663 745 dtemone
698 680 1016 749 aﬂligerctur
1044 667 1233 733 diuque
1256 663 1564 726 angeretur,
1593 645 1725 699 adeo
1754 648 1811 692 ut
1839 636 1996 705 διεπο-

1300 748 1309 749 ί
1417 740 1427 749 ⁸
1502 748 1505 749 ν
1608 734 1668 749 ..ο
1774 728 1994 749 ᾅᾉᾼρᾼριηῃ

427 786 658 835 curetur,
689 728 977 822 itlte;clttsa
1013 728 1260 825 spirandi
1285 740 1560 816 facultate.
1605 734 1699 789 Hic
1731 728 1994 801 profectus

428 865 496 919 ad
525 861 802 915 Sanctum,
839 858 887 902 et
934 846 1048 914 ejus
1078 837 1313 911 precibus
1341 829 1631 886 sanitatem
1671 822 1746 875 sic
1788 830 1998 871 assecu-

433 964 537 1013 tus,
568 957 624 1002 ut
652 947 697 999 si
732 940 862 997 nihil
891 948 1127 1005 unquam
1155 938 1429 999 perpessus
1451 924 1582 973 esset
1606 932 1621 981 ',
1650 926 1769 966 cum
1788 911 1844 962 in
1870 920 1997 976 pro-

433 994 537 1013 IIVV’
571 994 620 1002 π-
654 994 694 999 vv
734 994 797 997 νννν
978 994 989 1005 ,
1156 994 1167 999 -
1252 994 1261 997 ν

427 1044 601 1115 prium
644 1037 857 1089 domum
904 1025 1238 1083 rediisset,ut
1273 1012 1414 1085 grati
1452 1005 1619 1065 animi
1654 994 2002 1072 signiﬁcatio-

1118 1114 1121 1115 ,
1170 1113 1177 1115 _
1267 1109 1278 1115 -
1428 1104 1438 1115 ι
1462 1101 1493 1115 ιο
1632 1106 1750 1115 .,---
1780 1086 1978 1115 Σιίιιρουῖ

428 1086 547 1186 item
594 1129 767 1189 daret,
803 1124 856 1176 in
922 1117 1032 1170 loco
1078 1109 1306 1165 civitatis
1352 1101 1556 1175 publico
1590 1106 1751 1164 atque
1778 1086 2000 1147 illustri,

429 1238 592 1291 supra
622 1217 756 1286 [ores
787 1211 1001 1282 ofﬁcina:
1021 1197 1448 1266 sme,imaginem
1474 1187 1679 1244 statuit.
1710 1182 1859 1237 lianc
1879 1175 2005 1245 inﬁ-

432 1271 634 1367 delium.
654 1271 869 1376 quidam
898 1292 1189 1365 conspicati
1220 1283 1502 1342 luminibus
1536 1288 1584 1332 et
1619 1274 1745 1330 retis
1785 1271 2006 1327 decora-

435 1416 569 1462 tam.
595 1398 706 1453 zelo
727 1392 896 1466 pleni,
924 1389 1006 1442 sui
1030 1381 1225 1440 similes
1246 1376 1478 1431 homines
1496 1362 1861 1434 incompositos
1881 1371 2009 1411 con-

1575 1457 1592 1466 ⁴
1869 1465 1874 1466 γ
1901 1447 1984 1466 ΑΡ-

435 1494 689 1550 citarunt,
720 1447 778 1537 ut
815 1474 1093 1534 multitudo
1126 1466 1418 1525 conveniret
1465 1457 1778 1527 confuseque
1826 1447 2012 1516 vocife-

440 1590 658 1636 raretur
690 1592 707 1630 :
734 1574 775 1629 Τ
776 1571 977 1626 ollatur
998 1582 1025 1620 e
1048 1565 1178 1626 vita,
1210 1559 1297 1629 qui
1319 1558 1413 1610 hoc
1439 1551 1578 1622 fecit,
1610 1556 1656 1600 et
1677 1546 1852 1612 imago
1878 1538 2011 1608 deji-

437 1675 635 1728 ciatur.
669 1665 857 1719 Divina
889 1666 1065 1713 autem
1095 1647 1421 1724 providentia
1448 1642 1648 1711 factum
1676 1642 1775 1699 est,
1799 1638 1856 1684 ut
1900 1637 2013 1682 tum

443 1761 585 1816 domi
602 1740 713 1812 sua
738 1769 840 1808 non
863 1735 1509 1807 inveniretur.Cupiebaut
1537 1730 1679 1783 enim
1702 1740 1821 1778 eum
1840 1722 2013 1775 inter-

448 1850 607 1919 ﬁcere
624 1861 641 1910 ;
675 1860 735 1898 cu

450 2216 697 2265 sanctum
750 2200 1009 2256 hominem
1056 2190 1411 2261 apprimerent
1465 2186 1515 2233 et
1574 2175 1835 2246 aﬁ‘icerent
1871 2167 2025 2237 igno-

455 2300 645 2360 minia,
680 2292 818 2365 quod
869 2302 1006 2358 stupe
1058 2281 1376 2352 impietatem
1402 2278 1453 2326 et
1511 2279 1741 2323 errorem
1782 2258 2022 2329 illorum,

458 2343 645 2360 ......._,
681 2343 773 2365 τ-.-
806 2343 811 2344 ,
945 2343 955 2358 ,
1134 2343 1145 2352 υ

458 2388 546 2458 qui
568 2401 685 2439 cum
708 2383 832 2453 ipsis
860 2378 922 2431 de
946 2372 1195 2442 religione
1226 2364 1364 2420 male
1402 2359 1692 2417 sentirent,
1725 2343 2030 2416 redarguit-

456 2485 555 2531 set.
590 2473 723 2529 Cum
750 2471 909 2540 igitur
943 2469 1151 2516 tantam
1183 2454 1448 2509 insaniam
1497 2444 1730 2500 cohibere
1763 2452 1867 2490 non
1910 2447 2032 2504 pos-

461 2575 602 2628 sent,
636 2561 845 2616 cuidam
876 2554 1105 2611 militum
1161 2544 1506 2603 mm‘tdarnnt,
1563 2542 1619 2588 ut
1668 2528 1864 2602 gradus
1912 2539 2035 2577 con—

462 2656 729 2712 scenderet
758 2658 808 2704 et
857 2644 1143 2715 imaginem
1175 2634 1497 2689 deturbaret.
1540 2626 1641 2691 Qui
1689 2637 1806 2675 cum
1846 2630 2034 2671 ascen-

463 2750 617 2802 disset
642 2752 690 2796 et
729 2755 915 2795 atauus
949 2707 1265 2788 extenderet,
1296 2730 1352 2776 ut
1368 2715 1521 2792 jussu
1550 2707 2037 2787 perﬁceret,slatim

468 2836 681 2891 eollisus
715 2841 813 2896 est,
846 2844 872 2880 e
899 2823 1166 2894 superiore
1219 2814 1329 2867 loco
1395 2808 1640 2877 delapsas
1699 2804 1942 2856 deorsum
1983 2796 2038 2848 in

472 2940 712 2982 terram:
745 2932 792 2976 et
827 2929 1047 2987 magnus
1095 2905 1349 2962 tumultus
1385 2902 1441 2954 in
1476 2897 1631 2951 turba
1658 2901 1731 2947 est
1763 2888 2039 2945 excitatus.

482 2976 938 3087 Inﬂammatiqaev
963 3001 1307 3074 perrexerunt
1353 2990 1581 3045 alterum
1618 2981 1861 3038 adhibere
1889 3022 1904 3046 ,
1953 2976 2043 3044 qui

486 3124 648 3169 manu
682 3111 919 3179 protenta
949 3116 1068 3154 cum
1099 3091 1372 3156 detrahere
1405 3088 1689 3162 iinaginem
1714 3086 1824 3154 ipse
1843 3091 2047 3152 quoque
2074 3121 2113 3172 Γ

682 3156 725 3179 Γ-
1516 3156 1535 3162 ν

481 3214 785 3268 conaretur,
812 3199 958 3255 humi
990 3196 1190 3269 pariter
1220 3190 1418 3261 afﬁctus
1449 3193 1543 3239 est.
1577 3180 1689 3246 Quo
1726 3175 1935 3247 quidem
1969 3170 2051 3239 fa-
2075 3156 2114 3174 ”

482 3305 588 3361 cto,
619 3302 757 3347 metu
809 3303 986 3344 omnes
1016 3281 1304 3356 perterriti,
1336 3276 1505 3332 crucis
1547 3273 1757 3342 signum
1796 3264 1894 3319 sibi
1947 3258 2050 3331 ipsi

484 3349 750 3457 eruperunt
804 3349 1097 3435 admovere.
1124 3372 1313 3428 Verum
1350 3383 1468 3422 cum
1507 3363 1676 3418 adhuc
1701 3354 1937 3426 inﬁdeles
1974 3349 2056 3403 illi

481 3474 799 3534 insanirent,
832 3469 1043 3522 tertium
1063 3463 1242 3518 eodem
1273 3455 1545 3528 impellere
1568 3466 1672 3506 non
1698 3447 2004 3500 destiterunt
2038 3455 2055 3494 :

491 3568 581 3638 qui
612 3580 729 3625 cum
764 3575 981 3615 manum
1010 3554 1348 3616 attendisset,
1378 3556 1436 3602 ut
1469 3542 1752 3613 imaginem
1775 3535 2020 3605 dejiceret
2040 3567 2056 3593 ,

1523 3633 1536 3638 -
1630 3637 1633 3638 ν
1872 3622 1883 3638 .
1949 3618 2037 3638 υς.

492 3659 604 3728 ipse
636 3666 838 3723 quoque
877 3645 1121 3702 similiter
1166 3640 1487 3710 confractus,
1517 3633 1573 3685 in
1618 3637 1817 3682 terram
1850 3618 2058 3675 decidit.

491 3747 631 3801 Tunc
650 3741 829 3812 ﬁdeles
862 3753 1060 3800 omnes,
1089 3734 1181 3806 qui
1211 3723 1644 3785 circumstabant,
1667 3706 1891 3785 magnus
1916 3711 2066 3763 inva-

494 3839 561 3892 sit
592 3838 771 3897 timor,
806 3838 855 3884 et
910 3800 1206 3894 inﬁdelium
1249 3816 1539 3874 caecitatem
1591 3816 1748 3877 atque
1786 3800 2067 3856 audaciam

496 3925 766 3989 admirati,
783 3920 1069 3991 imaginem
1095 3916 1379 3969 adorantes
1409 3917 1527 3959 cum
1559 3892 1942 3971 precationibus
1962 3890 2070 3942 dis-

497 4022 787 4073 cesserunt.
842 4011 1119 4065 Hactenus
1159 4004 1552 4059 Damascenus.
1578 3985 1840 4045 Recitalis
1856 3983 2007 4036 hisce
2040 3993 2071 4032 a

498 4097 695 4165 Cosma
725 4105 960 4159 diacono
989 4110 1173 4153 coram
1205 4090 1462 4148 Patribus
1492 4078 1710 4139 concilii
1755 4071 2037 4131 miraculis
2056 4110 2071 4135 ,

504 4203 623 4255 haec
678 4195 866 4252 statim
916 4187 1330 4259 subjiciuntur,
1365 4170 1729 4237 illorum,uti
1791 4175 1848 4222 et
1904 4163 2075 4217 totius

502 4292 641 4348 Vita:
670 4296 893 4347 nostrae,
922 4253 1083 4334 fidem
1112 4284 1169 4330 ct
1193 4255 1576 4327 auctoritatem
1599 4257 1857 4332 augentia
1891 4273 1905 4310 :
1938 4253 2077 4309 Con-

502 4381 771 4437 stantinus
829 4370 1193 4428 sanctissimus
1246 4362 1510 4433 episcopus
1553 4350 1875 4411 Constantia:
1919 4345 2078 4416 Cypri

506 4472 677 4525 dixit:
710 4465 833 4520 "(BC
865 4461 1094 4532 quidem,
1145 4451 1472 4508 honorabiles
1503 4447 1712 4508 Patres,
1741 4441 1803 4495 de
1853 4440 1929 4493 his

514 4562 659 4614 lccta:
681 4564 826 4619 sunt,
859 4550 1155 4606 audiuimus
1179 4551 1226 4596 et
1266 4542 1546 4595 credimus.

743 4710 815 4764 De
847 4705 1016 4762 sancti
1066 4697 1339 4769 Symeonis
1406 4691 1543 4769 Vita,
1587 4703 1722 4741 nunc
1776 4686 2004 4754 primum
2048 4700 2082 4737 a

517 4714 704 4789 §Vlll.
743 4714 815 4764 De
847 4714 1016 4762 sancti
1066 4714 1339 4769 agmeoms
1410 4714 1543 4753 nm,
1588 4714 1722 4741 nunc
1776 4714 1870 4754 pm

626 4804 629 4809 ν
733 4778 876 4833 nobis
908 4778 965 4829 in
997 4772 1168 4826 lucem
1209 4765 1368 4827 edita,
1397 4762 1612 4831 eiusque
1642 4763 1870 4810 auctore.

588 4921 678 4973 ιι.
713 4915 814 4970 Cui
840 4908 1143 4982 plurimum
1170 4901 1304 4956 Acta
1323 4903 1655 4959 sanctorum,
1681 4899 1739 4948 et
1768 4906 1870 4947 nos
1894 4929 1909 4953 .
1952 4896 2007 4945 et
2029 4897 2086 4943 tu

528 5013 754 5068 Lector.
797 5002 1054 5060 Coelitum
1091 4992 1374 5049 studiosus
1414 4986 1621 5059 gloriae,
1656 4984 1955 5049 debemus,
2002 4992 2089 5037 cst

528 5103 596 5156 ν..
615 5101 672 5154 Ρ.
689 5099 889 5152 Petrus
904 5088 1167 5146 Possinus
1182 5080 1472 5139 Societatis
1490 5085 1706 5134 nostrai.
1727 5076 1936 5131 Nomen
1959 5088 2087 5144 ego;

529 5198 729 5247 caetera
753 5185 883 5241 libri
919 5182 989 5237 ab
1017 5180 1139 5250 ipso
1161 5176 1295 5233 editi
1327 5185 1384 5231 et
1414 5159 1672 5243 frequens
1701 5170 1756 5224 in
1806 5169 1957 5224 hisce
1984 5168 2090 5222 Ac-

533 5281 608 5335 tis
636 5275 905 5332 memoria
931 5274 1245 5342 loquentur.
1279 5265 1506 5323 Curavit
1561 5264 1673 5328 ille,
1701 5268 1826 5332 post
1878 5266 2093 5314 nostro-

537 5384 656 5424 rum
684 5362 1014 5421 Henschenii
1047 5369 1210 5429 atque
1263 5353 1622 5427 Papebrochii
1656 5351 1961 5406 discessum
1988 5349 2097 5403 Ro-

540 5474 648 5515 nta.
685 5452 921 5509 describi
950 5452 1125 5508 Vitam
1156 5450 1294 5503 hanc
1344 5463 1412 5502 ex
1448 5445 1637 5503 codice
1665 5442 1859 5497 Graeco
1888 5438 2096 5493 Biblio-

549 5550 720 5602 thccze
739 5544 1119 5607 Vallicellautc,
1140 5556 1261 5611 quze
1282 5547 1367 5593 est
1382 5532 1834 5607 Congregalionis
1858 5528 2099 5584 Oratorii

553 5641 611 5692 ς.
643 5636 877 5705 Philippi
938 5633 1108 5689 Nerii.
1145 5632 1249 5687 Sed
1295 5632 1474 5701 ipsum
1522 5626 1706 5697 potius
1735 5624 1802 5677 de
1836 5621 1923 5676 his
1949 5619 2098 5680 audi.

552 5728 749 5785 ltiiL‘l'lS
778 5742 919 5782 anno
963 5725 1116 5790 1056,
1146 5740 1218 5777 xn
1249 5723 1361 5778 Ital.
1388 5714 1568 5776 'Julias
1613 5717 1784 5772 Itonia
1814 5714 1976 5777 datis,
2023 5713 2101 5766 sic

2121 1850 2620 1949 admodum
2668 1872 2966 1936 laudabile,
3001 1881 3104 1923 nec
3149 1858 3415 1933 ponderis
3463 1850 3690 1909 minoris

2284 1982 2391 2059 ium
2427 1994 2443 2036 :
2481 1976 2562 2030 Ea:
2603 1970 2770 2027 animi
2807 1966 2907 2021 mei
2946 1956 3211 2017 sententia
3240 1994 3256 2017 ,
3282 1950 3488 2020 inquit.
3531 1943 3695 2017 proﬁ-

2932 2053 2942 2059 .
3029 2052 3041 2059 .
3322 2043 3336 2056 .
3369 2041 3381 2059 .
3406 2033 3669 2059 u__,__._,,_.

2128 2033 2239 2130 lcor
2264 2048 2365 2134 me,
2391 2070 2447 2121 in
2473 2068 2536 2121 iis
2564 2065 2811 2118 accurate
2827 2052 3067 2127 perlectis
3084 2089 3100 2114 ,
3129 2043 3263 2101 nihil
3281 2041 3381 2097 nisi
3403 2033 3690 2094 verisimili-

2129 2176 2229 2229 ter,
2285 2160 2591 2234 prudenter,
2625 2123 2893 2220 eleganter
2945 2142 3203 2210 scriptum
3261 2134 3585 2188 observasse.
3624 2123 3701 2177 Et

2217 2215 2229 2229 ,
2286 2215 2305 2234 τ
2579 2215 2587 2219 ν
2703 2215 2722 2220 _

2131 2272 2233 2327 quo
2259 2252 2387 2322 carpi
2411 2250 2601 2319 legere,
2632 2252 2806 2296 tenere
2840 2251 2921 2290 me
2950 2247 3055 2287 non
3076 2239 3317 2301 poteram
3344 2224 3509 2276 donec
3538 2215 3704 2271 absol-

3224 2318 3237 2327 ‘
3378 2321 3389 2327 -
3480 2326 3485 2327 γ
3546 2324 3567 2327 Α
3597 2305 3688 2327 _-l2

2133 2305 2226 2327 τη-
2264 2305 2301 2307 η
2336 2305 2348 2322 ,
2459 2305 2483 2319 ,,
2589 2305 2598 2309 _

2132 2360 2329 2402 verem.
2363 2340 2534 2396 Tanta
2561 2342 2677 2390 erat
2715 2328 3003 2398 voluptas;
3037 2338 3130 2376 nec
3164 2318 3342 2373 minor
3373 2321 3569 2366 tenera!
3594 2305 3708 2360 reli-

2133 2436 2303 2508 gionis
2331 2445 2536 2493 sensus,
2574 2441 2663 2480 cor
2693 2414 3076 2492 liquefacientis
3105 2423 3273 2480 usque
3305 2404 3378 2461 ad
3423 2403 3703 2471 lacrgmas.

2134 2489 2206 2508 νη
2523 2489 2531 2493 .
2746 2489 2755 2492 _

2134 2528 2324 2597 Itaque
2355 2537 2484 2576 rara
2505 2517 2743 2572 existimo
2786 2507 3004 2580 reperiri
3037 2504 3150 2573 ejus
3202 2496 3415 2570 generis
3469 2489 3711 2547 ecclesia-

2137 2619 2272 2674 stica
2301 2617 2664 2669 monumenta,
2690 2617 2808 2674 qua:
2829 2599 2955 2668 ﬁde,
2988 2591 3331 2654 auctoritate,
3361 2582 3711 2640 concinnitate

2140 2703 2553 2778 compositionis,
2587 2691 3003 2753 admirabilitate
3047 2696 3228 2738 rerum
3283 2696 3391 2734 non
3447 2671 3718 2730 incredibi-

2143 2800 2262 2854 liter
2306 2799 2675 2850 narratarum,
2704 2783 2822 2855 pari
2861 2768 2980 2834 cum
3003 2775 3081 2830 his
3109 2771 3253 2829 Actis
3283 2771 3414 2841 jure
3444 2766 3719 2820 editionem

2144 2894 2415 2962 lucemque
2444 2891 2768 2942 mereantur.
2802 2874 3047 2933 Verbum
3079 2866 3166 2927 his
3207 2880 3325 2924 non
3384 2861 3554 2920 addo.
3578 2856 3723 2914 Reli-

2144 3003 2308 3063 quam
2328 2957 2407 3043 de
2438 2977 2639 3052 se'ipsa
2673 2978 2805 3033 Acta
2828 2971 3001 3027 ﬁdem
3031 2965 3275 3021 facient:
3309 2957 3557 3030 perlege.

2218 3081 2307 3135 5‘2.
2349 3078 2425 3131 De
2452 3046 2680 3129 auctore
2706 3072 2973 3137 quantum
3008 3052 3224 3124 assequi
3258 3052 3430 3114 licet,
3458 3046 3728 3101 dicamus.

2154 3127 2624 3238 Principio
2654 3127 2908 3230 praelisus
2937 3155 3057 3206 erat
3085 3146 3177 3200 hic
3212 3141 3440 3200 titulus,
3470 3137 3597 3195 Bia;
3641 3127 3732 3184 καὶ

2154 3217 2427 3316 πολιτεῇκν
2447 3217 2543 3309 τοῦῗ
2578 3217 2727 3304 ὁσίου
2773 3242 2982 3313 ιῐατρὸς
3007 3237 3163 3309 ἡμῶν
3186 3230 3424 3303 Συμεὼν
3444 3224 3540 3281 τοῦ
3577 3226 3633 3277 ὲν
3655 3217 3732 3287 τῷ

2155 3346 2464 3421 Θαυμαστῴ
2490 3346 2666 3415 Ὀρει,
2700 3335 3079 3409 συγγραφέντα
3110 3325 3265 3397 παρὰ
3294 3320 3618 3391 Νικηφόρον
3646 3312 3737 3367 τοῦ

2156 3415 2473 3512 Μαίιστρόυ
2508 3431 2834 3502 Ἀντιοχείας
2862 3425 2956 3480 τοῦ
2980 3417 3248 3492 Οὑρανοῦ’
3272 3415 3399 3470 Vita
3428 3420 3479 3466 et
3519 3422 3729 3464 conver-

2156 3535 2293 3589 satio
2339 3528 2510 3585 sancti
2547 3499 2723 3580 Patris
2767 3519 2934 3574 nostri
2959 3509 3234 3586 ngeonis
3270 3509 3328 3561 in
3375 3503 3556 3561 Monte
3581 3499 3742 3555 Mira-

2168 3804 2432 3860 Existimo
2454 3798 2600 3870 quod
2627 3796 2695 3851 ab
2721 3789 3072 3862 eloquentiae,
3107 3798 3277 3854 quam
3316 3780 3377 3835 in
3403 3773 3747 3832 Antiochena

2168 3896 2388 3952 civitate
2438 3860 2659 3961 publice
2708 3860 3099 3955 profitebatur,
3162 3879 3376 3928 ornatu
3438 3860 3749 3936 singulari,

2169 3986 2298 4057 quia
2327 3981 2505 4039 oratio
2548 3980 2669 4050 ejus
2721 3972 2903 4029 omnis
2952 3963 3255 4023 rhetoricis
3325 3956 3663 4016 luminibus,
3698 3956 3755 4003 ut

2431 4039 2627 4134 stellis,
2655 4060 3064 4135 resplendebat.
3096 4055 3277 4110 Habet
3338 4050 3571 4122 quidem
3618 4039 3757 4112 apud

2174 4166 2390 4222 Graecos
2427 4177 2533 4216 vox
2561 4132 2851 4225 Μᾲγίσίεηρ
2882 4150 2969 4207 vel
3023 4144 3349 4215 Μαγίστρος
3403 4132 3762 4211 significatio-

2178 4271 2301 4313 nem
2330 4255 2496 4311 etiam
2532 4249 2718 4307 aliam.
2749 4253 2811 4301 ut
2839 4242 2911 4299 sit
2962 4238 3157 4295 titulus
3205 4234 3262 4289 in
3302 4233 3435 4288 aula
3473 4232 3764 4299 imperato-

2182 4351 2257 4404 ris
2286 4343 2604 4419 primarius,
2640 4350 2697 4395 et
2723 4336 2975 4393 Caesareo
3018 4327 3331 4401 prosimus,
3376 4331 3523 4379 teste
3562 4316 3763 4375 Cedre-

1960 4450 2077 4507 qua”
2110 4449 2154 4504 ι)
2178 4457 2268 4506 ne,
2289 4414 2474 4509 quare
2510 4433 2675 4489 etiam
2704 4429 3097 4498 imperatorum
3122 4418 3327 4473 fratres
3369 4414 3587 4482 ﬁliique
3645 4417 3767 4462 eum

2180 4549 2293 4590 non
2354 4524 2633 4598 dedignati
2693 4527 2844 4582 sunt,
2872 4524 2930 4572 et
2986 4515 3092 4569 hoc
3153 4524 3325 4564 sensu
3366 4507 3617 4576 Symeon
3660 4498 3771 4560 illc,

2181 4626 2346 4695 vulgo
2375 4618 2793 4687 Metaphrastes,
2826 4609 3079 4679 Magister
3096 4615 3322 4673 quoque
3351 4599 3546 4653 dictus
3562 4589 3773 4649 θεινο-

2184 4731 2308 4771 rum
2336 4728 2444 4768 non
2466 4724 2566 4780 pro
2591 4721 2697 4760 una
2731 4704 2953 4759 civitate
2988 4707 3082 4754 aut
3105 4697 3228 4751 loco
3253 4693 3506 4747 dabatur
3531 4685 3625 4741 hic
3647 4682 3774 4737 titu-

2186 4805 2296 4867 lus,
2324 4802 2557 4868 ideoque
2573 4808 2792 4863 semper
2818 4787 3099 4845 invenitur
3120 4783 3239 4839 sine
3263 4776 3552 4848 ejusmodi
3576 4770 3780 4828 addita-

2189 4902 2398 4955 mento,
2429 4865 2571 4958 secpe
2598 4886 2763 4941 etiam
2800 4895 2924 4937 cum
2971 4874 3237 4947 epithetis
3268 4868 3660 4942 Ιῐεριϐλέπτου
3691 4865 3782 4914 aut

2191 4950 2554 5056 Περιφᾷνοῦξ,
2603 4974 2881 5045 Conspicui
2935 4969 3020 5024 vel
3075 4965 3337 5022 Illustris.
3383 4961 3492 5015 Hic
3527 4970 3666 5011 vero
3696 4950 3786 5006 Ni-

2193 5080 2444 5147 cephorus
2471 5042 2954 5141 cxpressc'dicitur
2982 5059 3235 5130 Magister
3286 5051 3594 5108 Antiochia:
3619 5063 3636 5101 :
3657 5042 3786 5100 soli-

2195 5179 2279 5226 tas
2310 5176 2495 5223 autcm
2518 5138 2773 5217 civitates
2804 5151 3076 5226 ejusmodi
3104 5144 3433 5219 primarias,
3465 5139 3655 5212 qualis
3680 5138 3789 5189 An-

2196 5259 2400 5317 tiochia
2432 5261 2572 5317 erat,
2601 5264 2804 5319 magno
2855 5241 3133 5314 stipendio
3198 5236 3529 5293 conductos
3589 5227 3794 5284 habere

2197 5350 2450 5423 egregios
2475 5318 2806 5413 eloquentiae
2855 5336 3147 5406 magistros
3209 5328 3302 5383 vel
3351 5343 3426 5382 ex
3483 5318 3794 5394 Augustino

2200 5416 2425 5498 scimus.
2465 5431 2733 5508 ejusmodi
2758 5446 2861 5500 spe
2893 5429 3125 5482 Romam
3179 5419 3397 5477 delato.
3434 5416 3633 5471 Talem
3666 5420 3795 5463 vero

2200 5528 2372 5583 fuisse
2397 5522 2747 5591 Nicephorum
2778 5517 2919 5571 [tunc
2951 5522 3200 5568 nostrum
3229 5507 3391 5576 quod
3424 5514 3485 5561 et
3533 5500 3798 5559 Pessinus

2204 5617 2439 5679 censuit,
2479 5586 2588 5667 non
2649 5610 2774 5670 ideo
2811 5605 3032 5661 dubites
3056 5644 3069 5670 ,
3111 5600 3238 5672 quia
3295 5595 3661 5666 Nicephorus
3691 5586 3797 5640 (Ia-

2208 5709 2366 5765 listus
2399 5706 2494 5759 lib.
2519 5719 2653 5758 xv'u
2681 5700 2925 5754 Historia?
2978 5694 3155 5751 eccles.
3183 5704 3309 5760 cap.
3341 5688 3440 5754 ει,
3481 5699 3609 5743 cum
3633 5679 3798 5748 huius
