3898 6426
193 274 321 339 2985

1315 267 1919 328 COMMENTARIUS
1956 265 2324 330 PRzEVlUS.

3304 280 3448 345 2986

192 387 305 441 vitae
360 381 632 446 meminit,
668 380 861 436 Latine
929 379 1010 434 sic
1042 378 1279 433 vertitur
1319 379 1388 433 ab
1449 379 1751 449 interprete
1785 385 1826 440 Α
1859 372 2132 450 principio
2187 379 2395 435 aberit:
2430 380 2553 435 istic
2582 382 2881 452 capitulum
2908 384 3027 450 “8,
3072 386 3163 443 hic
3183 404 3449 448 numerus

188 477 402 546 Langio,
422 472 575 544 quasi
616 488 721 525 non
751 472 827 525 ita
854 471 1000 523 docte
1027 479 1085 522 ut
1116 471 1427 540 magnitudo
1454 486 1631 524 rerum
1653 473 1757 541 ﬂa-

186 567 375 640 gitabat
413 547 709 635 conscripta
737 566 844 618 sit:
894 564 1072 618 utitur
1117 562 1268 617 enim
1338 561 1428 617 ille
1489 561 1758 617 adverbio

188 661 254 731 μὴ
279 660 462 726 ἀξῗως,
493 673 597 711 non
626 658 802 734 digne,
839 656 985 728 quod
1022 657 1189 711 etiam
1220 655 1597 711 Ciceronianus
1647 656 1762 708 elo-

184 752 412 823 quentia:
441 759 629 821 posset
666 752 869 821 aptari.
906 751 972 805 ad
1035 749 1461 819 ertprimendum
1505 748 1753 818 singula-

182 859 282 898 rem
308 844 718 910 excellentiam,
771 843 923 898 omni
961 843 1206 898 humano
1266 856 1523 896 sermone
1576 842 1755 895 subli-

179 934 662 1005 mioremzalioqui
698 935 905 992 fatetur
946 936 1294 1006 Nicephorus
1342 934 1511 1004 quod,
1560 950 1679 989 cum
1698 935 1756 987 in

177 1032 303 1082 hanc
325 1029 492 1082 vitam
530 1027 737 1094 incidit,
770 1027 1035 1097 obstupuit
1060 1027 1489 1098 magnitudinem
1521 1043 1585 1080 ac
1611 1026 1751 1081 ntul-

176 1121 441 1175 titudinem
476 1122 727 1175 eximiam
753 1137 975 1191 operum
996 1137 1027 1174 a
1063 1130 1249 1175 sancto
1274 1127 1613 1190 patratorum
1639 1135 1656 1173 :
1688 1134 1754 1174 ea

175 1223 368 1276 autem,
399 1212 605 1282 inquit,
640 1224 803 1283 usque
834 1211 987 1266 hodie
1016 1210 1352 1265 celebrantur
1381 1212 1619 1265 omnium
1646 1210 1752 1263 lin-

173 1306 295 1375 guis,
326 1306 592 1374 descripta
621 1305 727 1357 ὑπὸ
759 1304 1008 1373 Συμεῶνι
1046 1304 1361 1374 (Νικηφόρῳ
1400 1302 1579 1357 voluit
1609 1302 1749 1357 scri-

173 1397 311 1461 bere,
343 1407 444 1450 aut
469 1397 636 1451 etiam
661 1396 910 1466 scripsit,
942 1396 1042 1452 sed
1078 1396 1292 1451 sciolus
1317 1396 1522 1465 "aliquis
1547 1403 1752 1449 nomen

173 1488 395 1543 mutavit
423 1488 854 1558 Metapbrastem
910 1487 1145 1558 intelligi
1200 1487 1414 1556 volens)
1447 1486 1752 1555 Μαγεστρῳ

172 1582 240 1652 τῷ
288 1579 559 1652 Οὐρανῷ·
603 1580 753 1651 quod
805 1580 1127 1636 abbreviate
1170 1581 1461 1650 scriptum,
1506 1594 1575 1632 ex
1598 1574 1750 1631 more

170 1671 358 1728 Graecis
416 1672 829 1735 usitatissimo-,
884 1686 986 1741 pro
1044 1665 1296 1742 Οὐρανῷ,
1352 1686 1465 1725 non
1521 1668 1750 1739 capiens

169 1764 396 1836 Langius
433 1765 824 1835 praetorirrisit;
851 1765 1065 1818 clarum
1095 1772 1280 1818 autem
1331 1762 1391 1817 ﬁt
1440 1779 1509 1816 ex
1553 1761 1745 1817 eodem

166 1860 483 1931 cognomine
505 1866 636 1913 ante
670 1858 854 1914 Vitam
885 1858 1097 1928 integre
1145 1872 1428 1927 expresso.

224 1952 424 2007 45.Ab
472 1950 583 2005 alio
633 1964 857 2020 quoque
914 1964 1134 2019 quama
1193 1949 1508 2018 Nieephoro
1564 1945 1746 2001 Vitam

165 2035 429 2108 Symeonis
482 2039 650 2108 hujus
702 2037 910 2092 litteris
972 2036 1291 2092 mandatam
1330 2047 1387 2092 et
1433 2037 1745 2107 posteritati

166 2131 536 2184 transmissam
567 2144 714 2193 esse,
749 2144 817 2182 ex
856 2129 1213 2200 paragrapho
1258 2128 1548 2199 superiore
1586 2129 1743 2183 colli-

164 2221 364 2291 gimus:
405 2221 566 2292 cujus
610 2215 1746 2290 auctorem,quamvisnonnominetconci-

163 2311 398 2376 iium,ex
437 2312 781 2369 Damasceno
828 2310 1119 2365 Arcadium
1166 2306 1327 2381 Cypri
1393 2308 1744 2377 archiepisco-

162 2422 277 2474 pum
294 2407 677 2476 agnoscimus,
716 2404 892 2459 nihilo
916 2403 1192 2459 notiorem
1219 2404 1510 2475 Nicephoro
1526 2408 1739 2463 nostro,

164 2497 256 2552 nisi
287 2498 458 2551 etiam
492 2497 877 2551 obscuriorem
918 2495 1090 2560 velis;
1133 2503 1323 2564 utpote
1387 2493 1482 2563 qui
1515 2508 1587 2548 ne
1644 2507 1744 2561 per

160 2591 349 2660 scripta
414 2591 683 2661 quidem,
744 2606 867 2660 quas
922 2588 1350 2652 interciderunt,
1416 2587 1736 2642 innotescit.

147 2680 361 2754 Culligo
393 2684 584 2747 etiam,
635 2682 1062 2753 prolixissimam
1120 2681 1290 2735 fuisse
1337 2677 1520 2733 Vitam
1562 2678 1735 2742 illam,

159 2790 218 2829 ac
272 2785 483 2830 nostra:
532 2766 646 2829 non
697 2774 857 2829 valde
908 2773 1174 2843 imparem
1225 2770 1611 2842 longitudine;
1665 2769 1739 2823 ita

159 2865 465 2939 Capitulum
500 2865 626 2930 118,
658 2866 734 2920 ita
764 2864 1083 2920 Miraculum
1117 2860 1239 2927 152,
1278 2876 1447 2932 supra
1514 2861 1739 2916 recitata

160 2957 438 3022 obtinent;
490 2957 665 3011 multa
717 2958 864 3010 enim
922 2955 1272 3024 praecessisse
1336 2960 1576 3022 oportet.
1625 2951 1740 3005 Imo

161 3050 369 3104 nullum
402 3049 654 3113 dubium,
719 3048 853 3116 quin
920 3047 1094 3101 altera
1123 3060 1191 3099 ex
1246 3046 1418 3100 altera
1464 3042 1738 3113 descripta

160 3143 225 3197 sit
254 3143 419 3216 Vita;
448 3150 505 3195 et
532 3148 722 3194 nostra
756 3139 940 3209 potius
970 3153 1037 3192 ex
1091 3136 1181 3190 illa
1239 3135 1484 3199 Arcadii,
1537 3133 1743 3188 additis

161 3236 408 3307 pauculis
472 3234 559 3289 vel
624 3230 1151 3294 exclamationibus,
1212 3228 1297 3283 vel
1358 3224 1736 3297 apostrophis,

160 3331 376 3396 aliisve,
402 3337 463 3383 ut
493 3327 571 3383 rei
600 3327 876 3398 exigentis
905 3333 961 3380 et
992 3324 1171 3395 pietas
1198 3323 1444 3378 auctoris
1474 3321 1741 3376 tulerunt.

159 3428 282 3484 Nam
312 3426 632 3483 c'onferenti
681 3422 992 3494 superioris
1018 3418 1348 3491 paragraphi
1409 3412 1741 3472 miraculum

161 3520 396 3589 primum
431 3532 558 3572 cum
585 3529 821 3570 numero
854 3512 957 3566 125
990 3510 1150 3574 Vitae,
1184 3518 1241 3565 et
1280 3508 1589 3564 secundum
1615 3522 1741 3562 cum

163 3624 302 3663 num.
350 3608 481 3673 171,
527 3612 781 3675 apparet,
814 3601 1271 3662 fundamentalia,
1308 3597 1597 3661 notabilia,
1630 3597 1742 3651 cir—

160 3696 521 3754 cumStantias
546 3696 738 3758 etiam,
770 3692 1067 3762 utrobique
1093 3690 1285 3745 eadem
1316 3703 1460 3743 esse.
1496 3688 1553 3742 ln
1581 3686 1740 3757 prio-

162 3788 325 3854 ribus,
359 3789 517 3843 locus
533 3784 738 3842 Rhosus
757 3800 853 3840 seu
880 3778 1185 3853 Rhosopotis
1218 3778 1417 3835 Cilicia:
1449 3778 1632 3853 urbs;
1653 3791 1748 3831 no-

167 3882 281 3934 men
315 3878 573 3934 mulieris
602 3877 893 3931 Theotecna
916 3914 931 3939 ,
966 3880 1185 3944 tempus
1208 3870 1449 3943 coniugii
1503 3871 1634 3924 anni
1663 3871 1744 3924 ui—

162 3976 282 4043 ginti
297 3993 317 4041 ;
345 3972 567 4044 repudii
589 3967 721 4025 anni
737 3979 966 4040 quatuor
983 3986 1003 4035 ;
1028 3966 1409 4023 haemorrh'ceee
1431 3965 1561 4018 anni
1588 3965 1745 4033 quin“

163 4067 348 4133 decim;
377 4080 542 4121 causa
577 4062 818 4119 adeundi
863 4069 1151 4126 sanctum;
1193 4057 1413 4114 aversio
1444 4055 1742 4120 daemonis;

164 4157 399 4226 Querelae
430 4154 728 4226 ejusdem;
772 4152 1013 4222 raptatio
1085 4152 1297 4206 cireum
1371 4143 1687 4204 columnam
1729 4166 1740 4199 :

163 4250 431 4320 promissa
473 4246 697 4303 mulieri
722 4248 889 4302 data:
920 4252 1246 4315 conceptus,
1285 4252 1469 4309 natus,
1530 4242 1748 4297 oblatus

166 4342 338 4409 ﬁlius;
377 4340 681 4414 gratitude,
705 4347 891 4395 creeta
926 4338 1115 4398 icone;
1168 4335 1488 4391 sanationes
1520 4350 1620 4405 per
1677 4333 1747 4386 il-

1866 474 1987 529 123.
2015 474 2096 528 En
2125 473 2450 543 quantulum
2476 472 2776 545 discrimen
2800 477 2813 530 !
2842 476 3093 534 Alterum
3122 483 3447 541 miraculum

1865 564 2027 635 paulo
2054 567 2272 636 longius
2295 565 2507 622 recedit
2556 567 2611 621 in
2639 576 2828 623 nostra
2864 569 3010 635 Vita,
3054 589 3219 642 quam
3272 576 3446 634 Arcas

1864 658 2027 712 diana
2055 674 2071 724 ;
2099 657 2195 713 sed
2226 658 2531 713 notandum
2565 674 2829 714 numeros
2857 660 2911 714 in
2944 648 3055 717 vita
3081 675 3269 722 nostra
3299 668 3446 725 circa

1862 751 2104 805 medium
2132 752 2536 807 contractiores
2556 766 2699 817 esse,
2742 768 2906 822 quam
2950 770 3146 812 versus
3184 758 3446 817 initium:

1860 844 2109 915 adeoque
2131 847 2501 903 convenirent
2566 846 2796 919 prapius
2856 851 3099 915 numeri,
3151 853 3320 908 etiam
3354 856 3447 911 hic

1861 936 2061 1001 nostri,
2095 951 2221 991 cum
2272 951 2510 991 numero
2556 937 2719 991 istius
2764 938 3037 1004 miraculi,
3068 940 3112 994 si
3141 944 3339 1012 aequali
3368 954 3457 999 te-.

1859 1039 1995 1080 nore
2021 1041 2086 1080 ac
2114 1026 2291 1096 spatio
2315 1036 2537 1082 nostros
2563 1026 2763 1097 ubique
2813 1027 3224 1086 incidissemus.

1928 1117 2018 1171 44.
2043 1117 2150 1172 Sed
2186 1117 2480 1173 redeamus
2511 1119 2576 1172 ad
2607 1119 2956 1175 collationem
2977 1123 3252 1191 miraculi,
3286 1135 3343 1181 et
3370 1128 3447 1182 vi-

1857 1209 2089 1265 deamus
2115 1226 2237 1280 quae
2269 1210 2444 1266 videri
2470 1212 2682 1280 possint
2713 1213 2766 1267 in
2801 1213 2924 1268 Vita
2950 1224 3138 1270 nostra
3176 1221 3445 1289 superad-

1856 1300 1992 1365 dita,
2021 1300 2108 1355 vel
2139 1301 2357 1356 decoris
2380 1303 2465 1355 vel
2494 1303 2766 1359 elaritatis
2795 1319 2979 1358 causa.
3015 1306 3158 1362 Sunt
3193 1308 3287 1364 illa
3312 1326 3441 1380 per-r
3486 1294 3504 1324 ’

1854 1388 2168 1465 opportuna
2223 1403 2417 1450 etere
2472 1402 2618 1452 nata.
2650 1395 2756 1453 Ubi
2819 1397 2886 1453 de
2941 1398 3191 1455 daemone
3236 1398 3439 1474 agitur,

1856 1486 2140 1542 interserit
2174 1506 2185 1540 :
2226 1487 2687 1554 Quemadmodum
2717 1492 2884 1546 ist/ioc
2917 1496 3087 1548 scelus
3117 1499 3217 1549 non
3268 1497 3443 1569 loqui-

1853 1588 1940 1632 tur
1994 1581 2096 1634 nisi
2145 1582 2366 1637 scelera.
2412 1584 2621 1639 Deinde
2663 1596 2893 1655 accepta
2946 1589 3215 1645 beneficia
3273 1593 3440 1646 simul

1850 1682 2141 1727 enumerat
2163 1681 2220 1727 et
2244 1675 2399 1727 velut
2432 1676 2756 1744 parenthesi
2787 1677 3026 1733 includit
3053 1679 3257 1752 (Neque
3303 1687 3443 1738 enim

1853 1782 1883 1818 a
1901 1775 2163 1820 coaetaneo
2180 1766 2277 1819 sibi
2298 1766 2533 1821 dwmone
2551 1769 2822 1833 immunis,
2851 1769 2942 1824 sed
2964 1781 3011 1825 et
3035 1775 3228 1828 marito
3244 1775 3442 1846 integre

1851 1868 2065 1919 sanata,
2104 1860 2347 1913 restituta
2404 1860 2546 1930 fuit:
2573 1861 2645 1913 ad
2695 1862 2806 1916 Ιιωε
2854 1878 2985 1932 puer
3020 1879 3224 1934 quoque
3257 1881 3319 1919 ea:
3351 1882 3435 1928 ea;

1851 1951 1988 2020 quod
2036 1967 2309 2021 nunquam
2346 1959 2490 2021 ante,
2517 1961 2806 2022 prognatus
2838 1954 2956 2022 est).
2990 1954 3240 2024 Denique
3274 1955 3436 2011 istam

1851 2039 1906 2092 in
1968 2040 2073 2092 line
2138 2033 2550 2094 conclusionem
2612 2041 2846 2111 adjicit:
2882 2043 2967 2098 Ita
2992 2045 3092 2098 viri
3134 2047 3306 2100 sancti
3356 2046 3437 2101 uel

1850 2131 2020 2184 tenuis
2050 2132 2105 2183 in
2132 2132 2363 2202 imagine
2384 2130 2644 2201 aspectus,
2678 2124 2887 2203 signum
2918 2126 3110 2199 crucis,
3142 2139 3316 2209 virga,
3336 2140 3441 2210 for-

1848 2238 1957 2286 ma,
1990 2221 2224 2288 verbum,
2258 2224 2551 2288 invocatio,
2586 2234 2634 2278 et
2669 2225 2714 2279 si
2739 2227 2865 2296 quid
2907 2227 3060 2281 aliud
3098 2246 3273 2283 rerum
3295 2231 3439 2287 illius

1849 2324 1998 2377 esset,
2025 2316 2317 2385 sufﬁciebat
2343 2315 2551 2369 cuilibet
2574 2318 2874 2372 morborum
2904 2322 3083 2390 generi
3111 2321 3435 2390 depellenda.

1918 2406 2007 2459 45‘.
2050 2406 2175 2461 Haec
2208 2407 2277 2461 de
2305 2406 2609 2476 prioribus.
2652 2407 2905 2462 Otiosum
2939 2410 3084 2465 foret
3127 2410 3436 2480 posteriora

1845 2496 2007 2550 simili
2055 2497 2219 2550 modo
2263 2496 2519 2552 conferre
2564 2516 2576 2551 :
2613 2499 2861 2554 conferat
2893 2502 2981 2554 cui
3034 2501 3190 2555 lubet
3224 2486 3432 2571 :Irepe-

1846 2588 1950 2640 rict
2017 2588 2209 2642 eadem
2258 2588 2579 2658 utrobique.
2612 2588 2817 2643 Refero
2866 2590 3133 2645 duntaxat
3178 2592 3271 2647 illa
3316 2609 3433 2662 qua:

1844 2680 2058 2750 adjecta
2092 2679 2375 2735 Videntur.
2405 2674 2654 2735 Primum
2680 2691 2880 2737 erecta:
2910 2682 3055 2736 iconi
3083 2698 3244 2737 suum
3281 2683 3438 2738 addit

1842 2778 2122 2837 ornatdm,
2147 2768 2274 2827 curri
2325 2773 2474 2827 illam
2511 2767 2785 2828 describit
2811 2791 2824 2826 :
2851 2759 3179 2828 Pervenuste
3206 2793 3313 2829 non
3344 2792 3432 2830 sos

1844 2864 1953 2917 lum
1974 2860 2255 2929 colaribus,
2277 2864 2369 2917 sed
2405 2858 2570 2917 etiam
2605 2866 2803 2918 amictu
2836 2873 2886 2918 et
2921 2869 3233 2935 tegumentis
3280 2883 3430 2920 orna-

1845 2967 1974 3011 tam.
2021 2957 2191 3012 Paulo
2243 2967 2369 3028 post
2418 2958 2873 3013 exclamationem
2902 2957 3046 3035 hanc
3098 2960 3380 3014 interserit
3420 2979 3433 3013 :

1856 3041 1900 3098 Ο
1932 3042 2094 3108 Deus,
2135 3049 2335 3110 quanta
2369 3042 2543 3096 hostes
2575 3035 2826 3095 aduersus
2859 3040 3113 3097 Sanctum
3145 3048 3290 3093 tuum
3322 3054 3433 3091 ma-

1858 3136 2062 3190 chinati
2092 3136 2248 3190 sunt!
2285 3135 2406 3188 Mox
2441 3149 2565 3187 cum
2598 3132 2918 3188 extenderet
2955 3148 3098 3187 unus
3133 3132 3186 3185 in
3215 3131 3429 3186 iconem

1857 3224 2103 3289 manum,
2132 3219 2454 3279 deturbatus
2487 3223 2689 3293 dicitur
2712 3230 2942 3277 venusta
2970 3222 3070 3277 hac
3102 3210 3156 3276 et
3182 3223 3270 3292 pia
3302 3234 3431 3289 apo-

1858 3317 2083 3388 strophe
2114 3333 2126 3369 :
2159 3316 2407 3370 Manibus
2436 3310 2570 3376 illis,
2592 3332 2723 3385 quas
2756 3323 2832 3368 tu.
2865 3298 3088 3379 Christe,
3128 3330 3285 3382 super
3311 3298 3434 3367 illo-

1858 3427 1976 3465 rum
2008 3407 2309 3480 superbiant
2332 3400 2594 3473 extulisti,
2636 3405 3025 3477 dejicientibtis.
3058 3404 3280 3460 Demnm
3308 3419 3432 3457 cum

1857 3505 2053 3561 tertius
2077 3517 2298 3573 quoque
2327 3501 2572 3579 dejectus
2596 3511 2761 3564 esset,
2794 3501 2953 3570 quasi
2995 3482 3435 3579 epiphonematis

1856 3595 1978 3650 loco
2027 3593 2229 3649 dicitur
2271 3613 2285 3648 :
2320 3575 2492 3647 Multo
2533 3593 2798 3662 prioribus
2836 3589 3031 3659 majori
3071 3588 3302 3642 ludibrio
3350 3575 3436 3640 di-

1853 3691 1988 3758 gnus
2008 3731 2022 3756 ,
2056 3689 2196 3761 quod
2226 3690 2442 3743 illorum
2474 3688 2709 3755 exemplo
2744 3687 2909 3740 nihilo
2947 3686 3207 3754 sapuisse!
3239 3683 3431 3752 magis.

1848 3784 1990 3854 Quid
2015 3785 2136 3843 haec
2150 3782 2256 3838 nisi
2280 3768 2661 3852 parentheses,
2684 3777 3117 3833 exclamationes
3135 3817 3151 3842 ,
3187 3782 3436 3848 apostro-

1848 3879 1993 3949 phtB,
2024 3858 2473 3946 epiphonemata,
2492 3886 2560 3927 ex
2589 3870 2755 3925 rebus
2786 3868 2927 3922 nihil
2951 3869 3260 3949 immutatis
3286 3876 3436 3932 nata,

1849 3946 1906 4026 et
1936 3950 2216 4039 emphasis
2245 3965 2420 4037 gratia
2448 3971 2681 4018 venuste
2705 3946 2958 4032 adjecta?

1926 4052 2017 4118 46.
2044 4060 2196 4117 Ordo
2227 4068 2413 4115 autem
2443 4066 2594 4113 totus
2632 4042 2688 4111 in
2731 4042 2837 4110 hac
2875 4053 3108 4109 historia
3140 4060 3225 4107 est
3252 4050 3436 4106 admo-

1852 4158 1986 4210 dum
2018 4152 2311 4218 naturalis,
2350 4147 2626 4221 incipiens
2661 4165 2691 4204 a
2718 4148 3044 4211 nativitate,
3076 4142 3441 4216 progrediens

1852 4262 1979 4301 cum
2015 4244 2198 4311 annis,
2230 4242 2495 4298 desinens
2544 4240 2600 4294 in
2632 4247 2812 4294 morte
2839 4254 2853 4293 :
2877 4238 2986 4292 imo
3011 4250 3124 4290 non
3161 4248 3299 4288 vana
3327 4233 3438 4287 erit

1852 4322 2198 4409 suspicio,si
2258 4333 2525 4405 miracula
2580 4332 2847 4402 pleraque
2891 4327 3090 4383 ordine
3139 4323 3437 4395 temporis,

168 4436 266 4489 lam
293 4413 482 4490 facite.
519 4430 653 4503 quid
683 4428 884 4503 plura?
919 4422 1113 4485 eadem
1151 4428 1450 4497 utrobique
1479 4430 1744 4482 notantur
1778 4432 1820 4486 D
1853 4444 1962 4499 quo
1995 4414 2139 4482 l‘acta
2185 4432 2334 4486 sunt.
2368 4430 2639 4494 putentur
2683 4421 2926 4491 primum
2954 4413 3236 4489 descripta
3265 4431 3391 4472 esse
3421 4434 3435 4468 :

166 4529 362 4583 omnia.
390 4528 511 4583 Non
535 4530 842 4596 potuerunt
862 4538 995 4594 ergo
1027 4535 1140 4576 non
1177 4520 1264 4575 vel
1295 4520 1467 4575 altera
1500 4534 1568 4574 ex
1600 4519 1738 4572 alte;

166 4620 257 4683 ris,
286 4619 375 4675 vel
404 4627 644 4687 utraque
670 4619 739 4670 ei
781 4613 978 4669 iisdem
1034 4611 1411 4667 monumentis
1468 4609 1743 4680 descripta

164 4713 352 4769 videri.
387 4710 509 4779 Qua
555 4708 977 4765 conﬁrmaberis
1004 4707 1060 4760 in
1111 4705 1410 4768 sententia,
1466 4702 1511 4758 si
1563 4705 1749 4759 conci—

166 4804 298 4874 pias,
348 4804 517 4859 vitam
579 4801 732 4856 illam
786 4814 890 4870 per
924 4797 1186 4868 capitula,
1245 4795 1495 4851 numeris
1541 4795 1749 4850 nostris

164 4892 276 4952 lere
299 4898 471 4970 paria,
499 4894 820 4951 distinctam
854 4891 1056 4957 tuisse;
1103 4890 1187 4945 sic
1212 4889 1361 4944 enim
1399 4887 1548 4944 istud
1582 4887 1748 4941 mira-

165 4987 345 5044 culum
376 4985 787 5060 propemodum
839 4982 961 5052 pari
1018 4980 1311 5036 intervallo
1364 4978 1661 5050 utrobique
1715 4994 1745 5031 a

480 5807 757 5867 PATROL.
784 5804 899 5865 Gn.
952 5801 1303 5864 LXXXVI.

1854 4518 1909 4574 id
1938 4519 2086 4574 enim
2117 4517 2257 4572 ordo
2281 4514 2459 4581 aetatis
2482 4505 2537 4568 et
2562 4513 2646 4567 hee
2668 4510 2975 4584 particulas,
3007 4517 3207 4580 postea,
3233 4506 3438 4571 deinde,

1854 4621 1968 4683 post
1994 4612 2123 4675 lucc,
2154 4609 2260 4665 illis
2287 4609 2537 4679 peractis,
2560 4621 2624 4661 ac
2646 4605 2877 4671 similes,
2906 4604 2962 4658 in
2980 4601 3258 4673 principio
3276 4600 3442 4655 mira.

1859 4692 2116 4758 culorum
2172 4694 2475 4755 identidem
2527 4696 2818 4768 repetitis,
2867 4695 3130 4749 videntur
3183 4692 3436 4747 innucre.

1860 4794 2020 4850 Hunc
2044 4808 2215 4864 porro
2239 4802 2350 4847 tam
2381 4789 2667 4861 copiosum
2694 4788 2902 4844 fontem
2935 4786 3270 4842 habentibus
3299 4784 3437 4838 nihil

1858 4901 2001 4958 opus
2033 4898 2118 4943 est
2151 4885 2365 4942 rivulos
2412 4880 2842 4955 Synaxariorum
2879 4876 3104 4943 sectari,
3132 4876 3187 4933 in
3233 4874 3438 4945 quibus

1856 4977 2096 5049 elogium
2124 4976 2257 5031 alibi
2286 4973 2535 5038 brevius,
2565 4968 2696 5027 alibi
2729 4970 3005 5041 prolixius
3035 4969 3257 5041 legitur.

3370 5370 3433 5420 εις

2928 5791 3007 5852 9η

3554 4201 3601 4235 κ
