3898 6450
1210 118 1248 145 κ

214 372 331 436 2989

1133 364 1309 428 VlTA
1344 364 1391 422 Α
1431 338 1866 423 uiolari—Ione
1904 358 2394 438 CONSCRIPTA.

3291 352 3432 413 21,90

216 482 489 554 πράγμασιν
517 477 909 550 ἐξισούμενον;
945 471 1107 531 ὁπότε
1143 479 1238 533 καὶ
1274 474 1411 546 μόνα
1456 470 1558 543 τῆς
1584 469 1748 526 αὑτοῦ

1876 462 2131 527 nveniam
2175 469 2486 525 orationem
2534 479 2720 520 rerum
2766 462 3135 534 magnitudini
3199 478 3384 532 parem
3413 470 3436 517 Ψ

214 574 480 646 γεννήσεως
506 572 572 625 τὰ
600 569 899 643 παράδοξα,
930 568 1029 623 ὅσα
1056 582 1118 623 τε
1157 569 1251 637 τῆς
1283 570 1345 622 ἐγ
1379 555 1573 629 παιδὸς
1625 566 1753 638 ἁρε-

212 667 291 735 τῆς
306 655 392 733 τῆς
414 680 469 716 τε
494 651 624 734 παρ’
652 660 871 729 ἡλικίαν
905 661 1276 733 ἑνασκήσεως,
1311 648 1407 713 καὶ
1440 657 1549 713 τῶν
1597 654 1753 726 παρὰ

212 757 258 810 τὸ
274 757 400 819 εἰκὸς
429 756 522 825 τῆς
555 755 773 823 φύσεως
806 750 1056 823 ἀγώνων,
1090 754 1139 821 εί
1172 754 1266 806 καὶ
1322 751 1414 831 μὴ.
1437 738 1579 829 κατά
1606 765 1754 831 παυ-

208 850 283 901 τδν
317 824 501 912 πάντα,
533 847 670 902 ἀλλὰ
708 861 850 912 τινα,
880 842 1083 917 μᾶλλον
1117 835 1174 899 δὲ
1228 845 1323 898 καὶ
1366 824 1415 896 εί
1444 824 1567 896 καθ’
1593 824 1756 894 ἑαυτὸ

210 941 381 992 ἰο-ἑτων
402 939 629 992 ἕκαστον
652 930 836 1011 πᾷσαν
856 934 965 992 οἶδε
991 938 1154 1006 λόγου
1186 925 1418 990 κατόπιν
1448 932 1645 988 ἑαυτοῦ
1674 947 1755 983 τι-

210 1032 333 1084 θέναι
357 1033 540 1102 τέχνην
574 1024 665 1084 κοῖ
698 1024 947 1102 δῦναμιν.

264 1211 323 1272 γ’.
343 1200 402 1257 Τί
429 1205 472 1258 δ’
492 1202 558 1259 ἄν
584 1208 631 1260 εἰ
667 1207 762 1259 καὶ
786 1207 847 1260 τὺ
876 1204 985 1261 τῶν
1014 1199 1259 1278 ornat-:le
1285 1207 1381 1260 καὶ
1411 1208 1517 1261 τῶν
1543 1207 1758 1275 θαυμά-

203 1300 293 1349 των
319 1295 512 1365 πλῆθος
535 1299 629 1350 καὶ
652 1297 904 1379 μέγεθος,
934 1296 1032 1363 τάς
1065 1292 1125 1354 τε
1152 1299 1305 1364 θείας
1335 1300 1550 1362 ὲκείνας
1576 1299 1752 1369 ὄψεις,

205 1383 250 1435 αἶ
271 1383 327 1454 δὴ
350 1384 535 1438 πολλαὶ
564 1385 827 1450 πολλάκις
849 1387 997 1458 αὐτῷ
1031 1390 1314 1459 μυστικῶς
1353 1406 1412 1443 τε
1458 1390 1552 1443 καὶ
1580 1389 1756 1460 ἀπορο

204 1477 356 1544 ρήτως
385 1477 668 1547 ὤφθησαν,
700 1478 1016 1543 ἐπεξελθεῖν
1062 1479 1460 1552 βουληθείημεν
1490 1498 1505 1547 ;
1533 1481 1664 1553 ποίᾳ
1698 1481 1757 1534 δὲ

203 1567 279 1620 καὶ
300 1567 449 1637 λόγου
464 1568 626 1638 φύσει
644 1569 779 1640 πρὸς
795 1564 1091 1641 ἐρμήνείαν
1107 1568 1213 1624 τῶν
1231 1572 1371 1640 ὑπὲρ
1383 1571 1538 1639 λόγον
1557 1570 1756 1641 χρησό-

204 1658 321 1726 μεθα
348 1675 362 1724 ;
388 1659 510 1713 ἐπεὶ
544 1662 640 1713 καὶ
682 1662 795 1714 πᾶν
823 1661 852 1714 ὃ
893 1662 969 1732 μὴ
999 1662 1144 1733 λόγῳ
1170 1665 1440 1734 χωρητδν,
1475 1663 1598 1714 οὐδὲ
1658 1663 1755 1715 λα-

200 1748 356 1820 λητόν.
386 1748 515 1812 Πῶς
542 1750 653 1822 γὰρ
679 1750 708 1803 ὃ
745 1750 821 1821 μὴ
871 1751 1135 1821 χωρήσει,
1173 1751 1381 1822 φράσαι
1427 1752 1756 1827 δυνήσεταις

1857 548 2306 632 quandoquidem
2344 558 2484 623 sola,
2528 571 2650 627 qua:
2679 556 3028 610 nativitatem
3056 554 3436 613 circumstant.

1858 646 2087 724 qusque
2112 655 2168 707 in
2196 652 2401 706 virtute
2430 666 2459 704 a
2482 664 2657 719 puero
2687 647 2954 710 exercita,
2982 646 3038 701 in
3069 646 3298 717 reliqua:
3316 646 3442 701 vilic

1858 734 2217 811 occupatione
2238 749 2294 795 et
2326 740 2380 793 in
2416 738 2818 793 certaminibus
2859 749 3074 793 natum
3098 737 3247 792 vires
3289 752 3445 792 exec-

1859 822 2356 887 dent'ibuselucent
2385 826 2671 895 miracula,
2717 829 2822 885 etsi
2852 843 2965 883 non
3025 828 3225 883 eodem
3276 829 3443 885 modo

1860 914 2321 994 omnii-{quaedam
2345 933 2520 986 certe,
2550 921 2660 975 imo
2690 936 2826 975 vero
2875 919 3314 989 unumquodque
3353 936 3443 976 se-

1860 1008 2101 1069 cundum
2147 1028 2206 1066 se
2248 1026 2468 1065 omnem
2521 1010 2740 1066 dicendi
2782 1021 2956 1065 artem
3000 1020 3057 1067 et
3085 1012 3440 1081 elegantiam,

1860 1106 2019 1176 longe
2042 1112 2327 1174 superent.

1930 1194 1984 1255 3.
2017 1189 2161 1267 Quid
2204 1215 2370 1270 porro
2397 1198 2445 1256 si
2482 1200 2765 1270 signorum
2824 1207 2992 1268 atque
3044 1199 3444 1254 miraculorum

1861 1276 2279 1344 multitudinem
2333 1288 2917 1361 magnitudinemque;
2951 1289 3086 1359 quid
3133 1290 3178 1345 si
3225 1289 3443 1345 divinas

1859 1380 1954 1438 cas
2004 1382 2269 1448 visiones,
2292 1397 2415 1453 qua:
2443 1397 2556 1436 non
2587 1396 2714 1436 raro
2739 1380 3024 1451 Symeoni,
3058 1397 3260 1437 arcano
3300 1386 3442 1452 quo-
3502 1369 3518 1391 '

1860 1466 1987 1531 dum
2018 1484 2075 1533 et
2111 1464 2489 1546 inexplicabili
2517 1477 2705 1543 modo,
2754 1477 3007 1547 plurima:
3039 1478 3238 1534 oblata;
3285 1491 3436 1539 sunt,

1860 1556 2112 1626 oratione
2138 1554 2403 1639 prosequi
2423 1569 2704 1625 velimus?
2728 1570 2933 1639 qualis,
2957 1585 3169 1639 qunaeso,
3197 1571 3289 1625 illa
3326 1584 3448 1625 ora-

1862 1663 1941 1719 tio
1975 1662 2047 1718 sit
2066 1670 2311 1733 oportet,
2339 1676 2463 1731 qua:
2485 1675 2707 1716 omnem
2740 1660 2963 1716 dicendi
2998 1661 3312 1717 facultatem
3353 1677 3448 1717 su-

1861 1754 2115 1825 perantia
2142 1752 2463 1823 expositura
2489 1761 2575 1807 est
2593 1791 2607 1816 ,
2636 1767 2764 1807 cum
2796 1759 2972 1807 totum
2990 1768 3171 1823 neque
3193 1754 3446 1809 oratione

198 1840 323 1908 ὅμως
354 1843 399 1894 εί
441 1841 541 1894 καὶ
573 1840 882 1912 κρεῖττονῆ
914 1842 1059 1896 κατὰ
1103 1842 1268 1911 λόγου
1321 1842 1555 1913 δύναμιν
1584 1844 1643 1896 τὸ
1664 1844 1755 1911 ἐγ-

1870 1843 2259 1914 comprehendi
2309 1842 2510 1913 possit,
2559 1857 2741 1913 neque
2778 1843 2971 1898 verbis
3015 1844 3297 1913 proferri?
3337 1861 3447 1915 quo

198 1933 430 2004 χείρημα,
457 1932 597 1986 ἀλλᾶ
624 1926 686 1985 τὸ
715 1941 813 2003 μέν
861 1948 914 1986 τι
944 1932 1280 2004 συλλήψεται
1314 1932 1533 1996 πάντως
1565 1935 1695 2003 ἡμῖν
1719 1935 1752 2003 ἡ

197 2026 299 2079 Θεία
326 2029 414 2081 καὶ
443 2024 745 2097 συμπαθὴς
778 2026 963 2096 ἐκείνη
991 2026 1164 2096 ψυχὴ,
1194 2027 1289 2081 καὶ
1319 2024 1452 2079 Θεοῦ
1494 2026 1591 2080 νῦν
1616 2028 1754 2097 ἀμέ-

197 2135 289 2183 σως
335 2118 423 2174 τοῦ
511 2118 851 2191 ποθουμένου
913 2119 1325 2195 κατατρυφῶντα
1364 2134 1376 2148 ο
1415 2118 1478 2171 τὸ
1526 2117 1628 2180 δὲ,
1667 2119 1761 2170 καὶ

196 2212 569 2281 συγγνώσεται.
607 2209 1000 2281 Συγγνώσεσθε
1031 2209 1089 2263 δὲ
1121 2209 1217 2263 καὶ
1267 2209 1469 2272 πάντες
1512 2209 1627 2261 ὅσοι
1659 2209 1758 2277 τῆς

196 2302 487 2374 ὑπερφυοῦς
520 2296 726 2374 ταύτῆς
758 2304 851 2355 καὶ
904 2301 1101 2372 καινῆς
1141 2300 1417 2363 πολιτείας
1447 2290 1716 2370 ἀκροαταὶ
1743 2337 1758 2361 ,

183 2393 341 2463 μηδὲν
401 2393 495 2446 τοῦ
562 2388 701 2464 πρὸς
766 2392 999 2462 δύναμιν
1057 2388 1468 2456 ἐλλιποῦσιν,εί
1508 2393 1603 2445 καὶ
1658 2391 1753 2444 τοῦ

192 2484 308 2555 πρὸς
339 2480 494 2551 ἄξίαν
537 2484 789 2537 πλεῖστον
820 2485 1258 2556 ἀπολειπόμεθα,
1288 2487 1379 2537 Δεῖ
1429 2484 1486 2537 δὲ
1552 2483 1753 2554 μικρὸν

190 2576 423 2645 ἀνωτέρω
450 2576 547 2629 τὸν
564 2576 723 2645 λόγον
750 2566 1149 2645 ἀναγαγόντας,
1171 2576 1301 2629 οἴων
1320 2575 1348 2628 ὀ
1376 2573 1618 2638 τοιοῦτος
1652 2573 1755 2640 ἔφυ

191 2669 392 2735 γονέων,
427 2669 528 2722 καὶ
574 2670 722 2732 ὅστις
754 2670 783 2722 ὁ
812 2668 911 2739 τῆς
962 2669 1279 2740 συλλήψεως
1340 2669 1541 2739 τρόπος
1605 2664 1755 2737 αὑτῷ

190 2759 432 2833 πρότερον
490 2750 866 2832 παραστῆσαι,
898 2758 966 2813 ἵν’
988 2759 1214 2831 ἔχοιμεν
1254 2760 1349 2814 τοῦ
1379 2759 1587 2814 τοιοῦδε
1621 2770 1762 2829 καρ-

192 2851 278 2905 ποῦ
311 2856 401 2907 καὶ
455 2855 522 2908 τὸ
559 2851 773 2920 δένδρον
798 2852 1020 2917 εἰδέναι,
1052 2852 1085 2923 ἢ
1123 2852 1262 2924 μηδὲ
1311 2848 1409 2924 τὴν
1443 2851 1599 2923 ῥίζαν
1657 2852 1757 2920 ἀγ-

190 2948 311 2999 νοεῖν
346 2946 552 3018 μᾶλλον
588 2987 604 3015 ,
659 2945 782 3015 ἥτις
832 2944 922 2998 τὸν
978 2943 1150 3007 οὕτως
1204 2942 1406 3015 ὡραῖον
1457 2943 1760 3013 ἐϐλάστησε

193 3036 389 3094 κλάδον.

1858 1941 2010 1996 enim
2038 1948 2200 2010 pacto
2231 1939 2419 1994 verbis
2439 1938 2716 2008 quispiam
2750 1948 3104 2009 asscquatur,
3136 1938 3286 2009 quod
3346 1955 3447 1994 ne-

1860 2033 1981 2103 quit
2005 2032 2343 2104 cogitatione
2372 2032 2684 2101 attingerc?
2716 2031 3097 2087 Nihilominus
3121 2032 3228 2087 etsi
3269 2033 3446 2102 major

1859 2126 2076 2181 viribus
2118 2124 2328 2179 nostris
2361 2132 2598 2179 conatus
2625 2125 2720 2187 sit,
2748 2124 2948 2193 partim
3001 2131 3209 2189 tamen,
3256 2125 3448 2178 nullus

1864 2215 2079 2279 dubito,
2106 2214 2476 2286 opitulabitur
2513 2214 2676 2268 nobis
2722 2213 2911 2289 divina
2945 2213 3042 2268 illa
3101 2223 3160 2269 et
3217 2214 3447 2268 misera.

1865 2294 2017 2363 tione
2039 2307 2206 2377 plena
2233 2307 2525 2376 Symeonis
2549 2305 2755 2369 anima,
2788 2321 2911 2375 quae
2938 2304 3104 2361 modo
3155 2305 3451 2360 intuitione

1865 2402 1961 2457 Dei
1982 2401 2122 2456 adeo
2152 2400 2478 2465 desiderati,
2507 2401 2665 2455 nullo
2706 2398 3042 2469 interposito
3091 2399 3299 2463 medio,
3356 2398 3449 2453 de-

1864 2492 2130 2557 lectatur;
2164 2491 2367 2560 partim
2398 2491 2566 2546 etiam
2599 2488 2968 2544 imbecillitati
2994 2496 3200 2545 nostra:
3232 2491 3449 2544 veniam

1867 2581 2041 2637 dabit.
2072 2581 2284 2636 Dabitis
2332 2589 2389 2636 et
2422 2596 2544 2643 vos,
2569 2581 2890 2650 quicunque
2947 2580 3249 2636 eminentis
3298 2580 3453 2635 inan-

1868 2673 2104 2742 dilaaque
2161 2673 2393 2744 hujusce
2466 2671 2909 2727 conversationis
2962 2664 3253 2727 a’uditores
3295 2670 3452 2734 estis,

1866 2764 2006 2820 nihil
2058 2773 2333 2835 quantum
2384 2779 2483 2835 per
2535 2763 2684 2819 vires
2737 2762 2932 2820 licebit
2969 2762 3450 2832 praetermiSSuris,

1866 2872 2182 2927 quanquam
2214 2856 2478 2927 plurima,
2510 2858 2556 2910 si
2601 2866 2787 2910 rerum
2815 2856 3142 2927 dignitatem
3167 2856 3452 2925 spectetis.

1868 2949 2270 3018 relinquamus.
2306 2947 2540 3019 Oportet
2567 2955 2752 3003 autem
2811 2949 2977 3018 paulo
3019 2948 3190 3005 altius
3237 2963 3454 3004 sermo-

1867 3055 1996 3094 nem
2017 3048 2360 3111 repetentes,
2396 3038 2605 3108 quibus
2634 3039 2909 3096 oriundus
2931 3042 3282 3112 parentibus,
3324 3042 3453 3111 quis

190 3130 556 3200 conceptionis
586 3118 783 3184 modus
805 3129 897 3195 sit,
926 3128 1082 3199 prius
1140 3124 1212 3184 ob
1242 3129 1434 3184 oculos
1458 3144 1704 3200 ponere;
1765 3138 1828 3187 ut
1867 3132 1993 3188 talis
2037 3132 2254 3189 fructus
2299 3133 2556 3188 arborem
2602 3149 2827 3203 quoque
2890 3149 3306 3205 cognoscamus,
3356 3146 3453 3191 aut

191 3225 356 3292 potius
384 3241 496 3281 non
528 3225 847 3295 ignoremus
878 3222 1146 3290 radicem,
1181 3238 1305 3292 quae
1341 3231 1449 3279 tam
1493 3224 1757 3280 decorum
1799 3225 2063 3296 produxit
2091 3240 2327 3280 ramum.

1665 3360 1901 3420 CAPUT
1939 3362 1980 3418 1.

933 3449 1207 3515 Parentes,
1233 3452 1507 3518 nativitas,
1535 3453 1827 3524 baptisma:
1860 3462 1910 3508 et
1941 3455 2172 3525 puerilia
2209 3453 2381 3509 sancti
2393 3452 2689 3526 Sy‘meonis.

242 3587 301 3645 δ’.
347 3591 516 3661 Ἀνήρ
542 3604 625 3652 τις
667 3587 870 3654 ὀλίγοις
898 3584 1210 3655 ἔμπροσθεν
1258 3583 1476 3654 χρόνοις
1511 3584 1572 3649 ἐξ
1619 3584 1764 3638 Ἐδέ-

1951 3600 2008 3655 4.
2036 3596 2191 3653 Μωιί
2211 3597 2323 3665 jam
2350 3592 2480 3647 anni
2514 3600 2664 3656 sunt,
2700 3604 2826 3646 cum
2848 3590 2933 3644 vir
2961 3588 3209 3658 quidam,
3228 3592 3451 3643 nomine

193 3698 279 3753 σης
325 3681 676 3753 ὁρμώμενος,
705 3681 832 3732 νέαν
867 3676 947 3730 ἔτι
994 3675 1093 3746 τὴν
1124 3674 1342 3743 ἡλικίαν
1392 3672 1565 3743 ἄγων,
1595 3674 1769 3744 ὄνομα

203 3775 465 3845 Ἰωάννης,
499 3774 645 3844 (σὺν)
705 3771 890 3832 αὐτοῖς
917 3769 991 3832 ὡς
1026 3765 1140 3838 εἶχε
1173 3766 1413 3836 γονεῦσι,
1442 3766 1768 3836 κατειλήφει

190 3870 277 3937 τὴν
349 3868 634 3937 Ἀντιόχου
666 3881 682 3899 ο
717 3865 767 3917 οἱ
811 3863 867 3916 δὲ
915 3863 1024 3933 ἄρα
1089 3861 1350 3931 βάναυσοι
1414 3859 1513 3930 τὴν
1574 3858 1770 3931 τέχνην

193 3954 335 4030 ἦσαν,
371 3959 507 4030 περὶ
545 3952 811 4025 συλλογὴν
849 3953 1039 4024 μύρων
1073 3954 1167 4005 καὶ
1184 3952 1387 4030 πράσιν
1419 3952 1769 4023 πονούμενοι,

192 4027 273 4102 καὶ
304 4052 414 4103 πᾶν
445 4027 589 4117 ἔπερ
631 4046 696 4099 ἂν
726 4045 913 4107 αὐτοῖς
954 4044 1142 4114 ἐκείνη
1176 4027 1474 4113 πορίσειεν,
1511 4044 1769 4116 ἀφορμὴν

192 4140 332 4194 τοῦτο
379 4140 500 4212 βίου
557 4135 939 4206 πεποιημένοι.
1002 4134 1153 4187 Ἐπεὶ
1191 4134 1247 4187 δὲ
1282 4135 1386 4205 ἢδη
1438 4136 1541 4188 καὶ
1590 4136 1770 4206 γάμου

192 4234 260 4307 τῷ
286 4236 387 4306 uti};
418 4234 519 4288 καὶ
546 4229 811 4298 συζυγίας
840 4228 949 4280 ἔδει
972 4228 1062 4281 διὰ
1088 4227 1187 4298 τὴν
1213 4228 1430 4298 ἠλικίαν
1450 4269 1466 4294 ,
1496 4228 1776 4297 διαλέγον-

197 4330 270 4381 ταί
308 4346 419 4381 τισι
473 4326 651 4397 κόρης
694 4322 939 4392 πατράσι
988 4320 1213 4392 (Μάρθα
1246 4322 1302 4374 δὲ
1351 4322 1525 4403 ὅρμα
1556 4320 1774 4393 ταύτῃ),

192 4419 272 4489 ἐφ’
384 4420 526 4491 πρὸς
565 4417 778 4486 γάμους
811 4413 983 4483 αὐτὴν
1032 4413 1336 4481 ἀγαγέσθαι
1369 4413 1447 4484 τῷ
1485 4414 1775 4485 νεανίσκῳ.

194 4512 291 4564 Καὶ
320 4515 372 4565 οἰ
409 4511 515 4582 μὲν
553 4509 812 4577 ἁσμένως
862 4504 1022 4558 τοῦτο
1079 4504 1384 4575 δεξάμενοι,
1422 4508 1489 4576 τῇ
1548 4505 1782 4575 θυγατρὶ

196 4604 489 4675 μηνύουσιν
519 4619 532 4632 ·
575 4602 607 4671 ὴ
639 4601 695 4653 δὲ
723 4598 1025 4670 παρθενίαν
1054 4598 1336 4667 ἠσπάζετο
1362 4640 1378 4662 ,
1415 4597 1618 4668 μᾶλλον
1652 4615 1779 4651 συν-

194 4699 413 4765 αγαγείν
451 4691 628 4763 αὐτὴν
659 4687 831 4743 εἰδυῖα
865 4688 1092 4760 Χριστῷ
1140 4687 1219 4759 τῷ
1267 4687 1523 4758 ἀθανάτῳ
1562 4687 1782 4758 νυμείῳ

193 4786 284 4851 τὰς
347 4785 661 4859 παρθένους
706 4780 885 4852 ψυχὰς
942 4782 1023 4843 είς
1080 4779 1172 4832 τὶν
1216 4780 1426 4832 ἐκείνου
1487 4778 1776 4849 νυμφῶνα.

1874 3693 2136 3755 Joannes,
2157 3688 2428 3744 oriundus
2458 3685 2687 3749 Edessa,
2715 3681 2948 3753 juvenili
2972 3679 3268 3734 admodum
3292 3688 3451 3734 aetate

1876 3783 2100 3846 ﬂorens,
2128 3795 2253 3834 cum
2279 3777 2414 3848 ipsis
2460 3786 2605 3846 quos
2648 3772 2843 3828 habuit
2888 3770 3215 3841 parentibus
3257 3769 3452 3824 Antio-

1875 3873 2055 3929 chiam
2082 3886 2142 3927 sc
2173 3868 2408 3923 contulit
2432 3884 2444 3919 :
2478 3872 2740 3936 parentes
2763 3870 2971 3926 autem,
2996 3860 3305 3915 mechanici
3325 3860 3450 3929 opi-

1877 3966 2027 4028 lices,
2075 3958 2470 4031 conquirendis
2512 3952 2989 4022 divendendisqu'e
3030 3949 3333 4022 unguentis
3358 3950 3453 4004 da—

1873 4056 2007 4111 bant
2036 4066 2284 4123 cperam,
2307 4059 2360 4105 et
2378 4045 2651 4119 quidquid
2683 4041 2993 4099 istiusmodi
3022 4049 3139 4096 arte
3168 4040 3272 4095 sibi
3297 4054 3452 4093 com-

1878 4152 2186 4220 parassent,
2208 4143 2335 4198 vita:
2360 4136 2750 4196 sustentationi
2766 4134 3214 4204 impendebatur.
3228 4132 3452 4187 Postea—

1877 4254 2041 4311 quam
2067 4250 2201 4291 vcro
2229 4238 2339 4306 jam
2373 4230 2584 4301 nuptiis
2636 4226 3009 4297 coniugioque
3055 4234 3308 4279 maturus
3357 4237 3453 4291 per

1876 4340 2093 4389 aatatem
2129 4328 2276 4382 filius
2327 4333 2472 4389 erat,
2524 4322 2907 4390 colloquentes
2953 4333 3078 4373 cum
3120 4312 3454 4386 parentibus

1874 4423 2073 4494 puellae
2105 4418 2417 4488 cujusdam,
2475 4415 2566 4471 cui
2619 4412 2843 4467 Marthae
2900 4424 3126 4471 nomen,
3195 4405 3447 4461 eamdem

1872 4514 2060 4586 juveni
2085 4513 2139 4565 in
2174 4507 2587 4564 matrimonium
2614 4501 2991 4559 collocandam
3028 4506 3241 4570 petunt.
3268 4496 3446 4565 Atque

1876 4605 1955 4660 illi
2007 4601 2232 4673 quidem
2285 4599 2527 4654 oblatam
2587 4592 2965 4650 conditionem
3023 4590 3169 4645 haud
3222 4596 3446 4659 gravate
3488 4591 3508 4623 ‘

1876 4703 2247 4766 acccptantes,
2294 4692 2462 4746 tiliam
2506 4688 2668 4744 istius
2727 4686 2809 4740 rei
2871 4685 3167 4739 certiorem
3205 4681 3446 4740 faciunt;

1878 4799 1932 4843 at
1968 4788 2084 4842 hare
2112 4786 2488 4856 virginitatem
2513 4781 2846 4851 amplexata,
2872 4776 3154 4845 antiquius
3188 4772 3452 4831 habebat,

214 4883 612 4954 Ἐπικειμένων
651 4880 707 4933 δὲ
735 4878 916 4933 αὐτῶν
941 4878 1032 4932 καὶ
1074 4878 1173 4931 οὐκ
1199 4876 1478 4938 ἀνιέντων,
1511 4873 1610 4943 οὐχ
1636 4872 1766 4925 ὅσιοι

1885 4881 2097 4951 Sponso
2124 4875 2419 4931 immortali
2452 4872 2671 4927 Christo
2702 4868 2970 4938 virginem
3000 4879 3156 4919 suam
3189 4862 3449 4923 animam,

204 4974 357 5030 πάλιν
410 4950 493 5045 μὴ
543 4970 726 5025 πάντα
767 4967 1052 5023 πείθεσθαι
1101 4965 1370 5035 γονεῦσιν,
1402 4962 1510 5016 οὐδ’
1562 4960 1766 5015 εὐσεϐὲς

1886 4950 2052 5026 castis
2091 4966 2340 5022 thalamis
2361 4961 2673 5017 habendam
2698 4956 3225 5028 possidendamque,
3284 4953 3454 5008 collo-

202 5065 483 5136 ἡγουμένη
516 5103 532 5128 ,
565 5059 686 5131 Θεῷ
712 5059 810 5129 τὴν
837 5059 930 5111 τοῦ
965 5057 1289 5126 πράγματος
1332 5054 1546 5109 δίδωσιν
1580 5051 1782 5122 κρίσιν,

203 5156 292 5208 καὶ
341 5154 502 5223 αὐτῷ
549 5151 616 5204 τὰ
664 5146 786 5202 καθ’
835 5146 1037 5213 ἑαυτὴν
1086 5142 1450 5213 ἐπιτρέψασα,
1505 5140 1656 5212 παρὰ
1692 5139 1784 5193 τὸν

204 5244 347 5299 θεῖον
386 5242 487 5298 τοῦ
540 5240 861 5312 Προδρόμου
891 5236 1018 5291 ναὸν
1051 5234 1365 5301 ἀφικνεῖται
1389 5271 1404 5299 ,
1442 5229 1500 5293 ὃς
1535 5227 1642 5297 πρὸ
1684 5226 1786 5297 τῆς

214 5335 495 5406 Ἀντιόχου
547 5330 751 5401 ἵδρυτο,
787 5323 1137 5386 δυσωποῦσα,
1186 5319 1626 5391 προσπίπτουσα,
1652 5316 1788 5369 ’δεο-

204 5426 359 5497 μένη,
388 5426 662 5495 δάκρυσιν
685 5415 1063 5488 ὲκλιπαροῦσα
1098 5413 1297 5485 μᾶλλον
1318 5410 1351 5481 ἢ
1375 5409 1443 5497 ρξι
1453 5425 1607 5479 μασι,
1645 5406 1786 5497 alq-

203 5492 467 5589 ροφορίας
494 5492 739 5585 περὶτοῦ
763 5505 1128 5580 προκειμένου
1151 5504 1337 5573 τυχεῖν
1363 5518 1377 5531 ·
1396 5493 1463 5570 ἧς
1479 5500 1573 5551 καὶ
1588 5492 1785 5567 τυχοῦ-

204 5623 302 5671 σα,
331 5588 611 5660 τεκόντων
634 5602 774 5655 είκει
823 5597 1116 5667 θελήμασι,
1171 5593 1265 5647 καὶ
1306 5591 1501 5662 γάμων
1532 5588 1788 5656 κοινωνίᾳ

200 5695 277 5768 τῷ
314 5695 552 5767 Ἰωάννῃ
574 5691 926 5747 συνάπτεται.
962 5687 1026 5740 Ἡ
1049 5687 1148 5756 μὲν
1167 5682 1259 5738 οὖν
1279 5683 1550 5755 ὲναρέτως
1573 5678 1786 5751 βιοῦσα,

202 5787 465 5844 κοινωνὸν
512 5787 601 5841 τὸν
645 5783 816 5855 ἄνδρα
868 5780 967 5836 καῖ
1002 5780 1094 5834 τοῦ
1141 5776 1345 5849 τρόπου
1392 5770 1663 5837 ποιεῖται,
1724 5772 1784 5824 οὐ

1882 5077 2025 5116 rare.
2052 5057 2390 5114 lnstantibus
2408 5063 2587 5108 tamen
2607 5050 2932 5120 parentibus
2954 5063 3053 5102 nec
3071 5046 3371 5115 quidquam
3392 5045 3458 5099 de

1880 5150 2156 5206 sententia
2180 5164 2277 5201 sua
2301 5143 2730 5201 remittentibus.
2747 5140 3073 5196 existimans
3088 5139 3319 5200 Martha,
3348 5153 3456 5190 non

1879 5243 2013 5298 satis
2038 5254 2256 5309 aequum
2286 5238 2549 5307 piumque
2578 5249 2722 5297 esse,
2750 5229 3314 5302 parentibusamnino
3344 5243 3461 5281 mo-

1877 5348 1994 5387 rem
2012 5346 2120 5385 non
2135 5343 2347 5400 gerere.
2367 5328 2477 5382 Deo
2500 5340 2611 5380 rem
2642 5332 2810 5380 totam
2825 5322 3186 5378 dccidendam
3213 5318 3463 5377 commil—

1880 5423 1945 5477 tit
1962 5439 1976 5486 ;
1992 5423 2220 5491 ejusque
2241 5418 2475 5473 arbitrio
2501 5433 2559 5473 se
2581 5433 2789 5486 suaque
2807 5415 3159 5471 eonformans
3173 5412 3379 5476 omnia,
3397 5412 3463 5464 ad

1880 5512 2052 5568 sancti
2076 5508 2438 5565 Prsecursoris
2462 5508 2750 5577 templum,
2767 5506 2913 5577 quod
2930 5506 2983 5559 in
3002 5504 3269 5559 suburbio
3280 5501 3469 5556 Antio.

1881 5603 2019 5658 Chia:
2047 5611 2151 5668 est,
2184 5616 2241 5657 se
2275 5600 2508 5656 confert.
2541 5599 2621 5654 lbi
2645 5599 2863 5669 pudore
2891 5596 3123 5662 suffusa,
3147 5594 3464 5666 procidens,

1882 5710 2066 5761 orans,
2080 5693 2660 5763 obsecransJacrymis
2676 5693 2959 5763 potentius
2981 5705 3144 5760 quam
3165 5688 3350 5744 verbis
3373 5685 3483 5749 obo;

1886 5786 2211 5854 testabatur,
2246 5786 2453 5842 certior
2480 5784 2903 5847 utredderetur,
2935 5766 3067 5837 quid
3091 5772 3348 5853 praeSeuti
3381 5793 3473 5834 rc-
