  <div class='ocr_page' id='page_1' title='image "/cluster/home/n/w/nwhite01/storage/ocr_20150623/86:pt.2/coo.31924054869890/623.png"; bbox 0 0 3898 6384; ppageno 0'>
   <div class='ocr_carea' id='block_1_1' title="bbox 486 242 632 309">
    <p class='ocr_par' dir='ltr' id='par_1_1' title="bbox 486 242 632 309">
     <span class='ocr_line' id='line_1_1' title="bbox 486 242 632 309; baseline -0.041 0"><span class='ocrx_word' id='word_1_1' title='bbox 486 242 632 309; x_wconf 65' lang='lat'><strong>2991</strong></span> 
     </span>
    </p>
   </div>
   <div class='ocr_carea' id='block_1_2' title="bbox 1639 242 2519 312">
    <p class='ocr_par' dir='ltr' id='par_1_2' title="bbox 1639 242 2519 312">
     <span class='ocr_line' id='line_1_2' title="bbox 1639 242 2519 312; baseline 0.016 -13"><span class='ocrx_word' id='word_1_2' title='bbox 1639 242 1697 300; x_wconf 83' lang='lat' dir='ltr'><strong>S.</strong></span> <span class='ocrx_word' id='word_1_3' title='bbox 1744 244 2119 308; x_wconf 76' lang='lat' dir='ltr'><strong>SYMEUNIS</strong></span> <span class='ocrx_word' id='word_1_4' title='bbox 2156 250 2519 312; x_wconf 82' lang='lat' dir='ltr'><strong>JUNIORIS</strong></span> 
     </span>
    </p>
   </div>
   <div class='ocr_carea' id='block_1_3' title="bbox 3568 256 3704 327">
    <p class='ocr_par' dir='ltr' id='par_1_3' title="bbox 3568 256 3704 327">
     <span class='ocr_line' id='line_1_3' title="bbox 3568 256 3704 327; baseline -0.007 -1"><span class='ocrx_word' id='word_1_5' title='bbox 3568 256 3704 327; x_wconf 71' lang='lat'><strong>2992</strong></span> 
     </span>
    </p>
   </div>
   <div class='ocr_carea' id='block_1_4' title="bbox 474 349 2044 445">
    <p class='ocr_par' dir='ltr' id='par_1_4' title="bbox 474 369 2044 440">
     <span class='ocr_line' id='line_1_4' title="bbox 474 369 2044 440; baseline 0.008 -19"><span class='ocrx_word' id='word_1_6' title='bbox 474 385 599 422; x_wconf 91' lang='lat' dir='ltr'><strong>rum</strong></span> <span class='ocrx_word' id='word_1_7' title='bbox 630 377 774 424; x_wconf 84' lang='lat' dir='ltr'><strong>statu</strong></span> <span class='ocrx_word' id='word_1_8' title='bbox 808 369 950 424; x_wconf 80' lang='lat' dir='ltr'><strong>facto</strong></span> <span class='ocrx_word' id='word_1_9' title='bbox 984 384 1124 440; x_wconf 85' lang='lat' dir='ltr'><strong>opus</strong></span> <span class='ocrx_word' id='word_1_10' title='bbox 1162 369 1322 424; x_wconf 79' lang='lat' dir='ltr'><strong>foret.</strong></span> <span class='ocrx_word' id='word_1_11' title='bbox 1369 370 1585 427; x_wconf 79' lang='lat' dir='ltr'><strong>Certior</strong></span> <span class='ocrx_word' id='word_1_12' title='bbox 1639 388 1771 431; x_wconf 89' lang='lat' dir='ltr'><strong>vero</strong></span> <span class='ocrx_word' id='word_1_13' title='bbox 1836 376 2044 433; x_wconf 83' lang='lat' dir='ltr'><strong>reddita</strong></span> 
     </span>
    </p>
   </div>
   <div class='ocr_carea' id='block_1_5' title="bbox 2157 349 3705 445">
    <p class='ocr_par' dir='ltr' id='par_1_5' title="bbox 2157 349 3705 443">
     <span class='ocr_line' id='line_1_5' title="bbox 2157 349 3705 443; baseline 0.008 -29"><span class='ocrx_word' id='word_1_14' title='bbox 2157 360 2268 430; x_wconf 87' lang='grc' dir='ltr'>βίου</span> <span class='ocrx_word' id='word_1_15' title='bbox 2312 349 2474 433; x_wconf 82' lang='grc' dir='ltr'>μόνον</span> <span class='ocrx_word' id='word_1_16' title='bbox 2519 360 2666 433; x_wconf 80' lang='grc' dir='ltr'>αὐτῷ</span> <span class='ocrx_word' id='word_1_17' title='bbox 2706 363 2916 434; x_wconf 69' lang='grc' dir='ltr'>βοηθὸς,</span> <span class='ocrx_word' id='word_1_18' title='bbox 2945 363 3077 417; x_wconf 80' lang='grc' dir='ltr'>ἀλλὰ</span> <span class='ocrx_word' id='word_1_19' title='bbox 3121 363 3212 417; x_wconf 71' lang='grc' dir='ltr'>καὶ</span> <span class='ocrx_word' id='word_1_20' title='bbox 3240 368 3502 437; x_wconf 75' lang='grc' dir='ltr'><strong>σωτηρίας</strong></span> <span class='ocrx_word' id='word_1_21' title='bbox 3527 370 3705 443; x_wconf 56' lang='lat' dir='ltr'><strong>eam;</strong></span> 
     </span>
    </p>
   </div>
   <div class='ocr_carea' id='block_1_6' title="bbox 471 460 2053 535">
    <p class='ocr_par' dir='ltr' id='par_1_6' title="bbox 471 460 2053 535">
     <span class='ocr_line' id='line_1_6' title="bbox 471 460 2053 535; baseline 0.009 -22"><span class='ocrx_word' id='word_1_22' title='bbox 471 471 762 529; x_wconf 88' lang='lat' dir='ltr'><strong>parentum</strong></span> <span class='ocrx_word' id='word_1_23' title='bbox 786 462 1050 516; x_wconf 89' lang='lat' dir='ltr'><strong>voluntati</strong></span> <span class='ocrx_word' id='word_1_24' title='bbox 1088 460 1256 527; x_wconf 80' lang='lat' dir='ltr'><strong>cedit,</strong></span> <span class='ocrx_word' id='word_1_25' title='bbox 1287 460 1593 535; x_wconf 86' lang='lat' dir='ltr'><strong>Joannique</strong></span> <span class='ocrx_word' id='word_1_26' title='bbox 1624 465 1846 523; x_wconf 84' lang='lat' dir='ltr'><strong>thalami</strong></span> <span class='ocrx_word' id='word_1_27' title='bbox 1876 471 2053 526; x_wconf 86' lang='lat' dir='ltr'><strong>socie-</strong></span> 
     </span>
    </p>
   </div>
   <div class='ocr_carea' id='block_1_7' title="bbox 463 552 2051 629">
    <p class='ocr_par' dir='ltr' id='par_1_7' title="bbox 463 552 2051 629">
     <span class='ocr_line' id='line_1_7' title="bbox 463 552 2051 629; baseline 0.01 -27"><span class='ocrx_word' id='word_1_28' title='bbox 463 559 585 607; x_wconf 72' lang='lat' dir='ltr'><strong>tate</strong></span> <span class='ocrx_word' id='word_1_29' title='bbox 614 552 986 623; x_wconf 81' lang='lat' dir='ltr'><strong>conjungitur,</strong></span> <span class='ocrx_word' id='word_1_30' title='bbox 1016 561 1070 606; x_wconf 91' lang='lat' dir='ltr'><strong>et</strong></span> <span class='ocrx_word' id='word_1_31' title='bbox 1091 552 1259 607; x_wconf 86' lang='lat' dir='ltr'><strong>vitam</strong></span> <span class='ocrx_word' id='word_1_32' title='bbox 1292 554 1545 625; x_wconf 85' lang='lat' dir='ltr'><strong>religiose</strong></span> <span class='ocrx_word' id='word_1_33' title='bbox 1564 565 1865 629; x_wconf 82' lang='lat' dir='ltr'><strong>sancteque</strong></span> <span class='ocrx_word' id='word_1_34' title='bbox 1889 561 2051 618; x_wconf 90' lang='lat' dir='ltr'><strong>insti-</strong></span> 
     </span>
    </p>
   </div>
   <div class='ocr_carea' id='block_1_8' title="bbox 471 644 2047 725">
    <p class='ocr_par' dir='ltr' id='par_1_8' title="bbox 471 644 2047 725">
     <span class='ocr_line' id='line_1_8' title="bbox 471 644 2047 725; baseline 0.009 -28"><span class='ocrx_word' id='word_1_35' title='bbox 471 654 657 710; x_wconf 91' lang='lat' dir='ltr'><strong>tuens,</strong></span> <span class='ocrx_word' id='word_1_36' title='bbox 680 659 802 699; x_wconf 89' lang='lat' dir='ltr'><strong>cum</strong></span> <span class='ocrx_word' id='word_1_37' title='bbox 839 644 1037 699; x_wconf 82' lang='lat' dir='ltr'><strong>marito</strong></span> <span class='ocrx_word' id='word_1_38' title='bbox 1073 662 1296 717; x_wconf 89' lang='lat' dir='ltr'><strong>quoque</strong></span> <span class='ocrx_word' id='word_1_39' title='bbox 1335 664 1519 704; x_wconf 91' lang='lat' dir='ltr'><strong>mores</strong></span> <span class='ocrx_word' id='word_1_40' title='bbox 1567 666 1700 705; x_wconf 91' lang='lat' dir='ltr'><strong>suos</strong></span> <span class='ocrx_word' id='word_1_41' title='bbox 1731 655 2047 725; x_wconf 83' lang='lat' dir='ltr'><strong>participat,</strong></span> 
     </span>
    </p>
   </div>
   <div class='ocr_carea' id='block_1_9' title="bbox 466 736 2050 808">
    <p class='ocr_par' dir='ltr' id='par_1_9' title="bbox 466 736 2050 808">
     <span class='ocr_line' id='line_1_9' title="bbox 466 736 2050 808; baseline 0.009 -21"><span class='ocrx_word' id='word_1_42' title='bbox 466 750 578 789; x_wconf 89' lang='lat' dir='ltr'><strong>non</strong></span> <span class='ocrx_word' id='word_1_43' title='bbox 619 736 797 790; x_wconf 88' lang='lat' dir='ltr'><strong>solum</strong></span> <span class='ocrx_word' id='word_1_44' title='bbox 833 737 958 791; x_wconf 76' lang='lat' dir='ltr'><strong>vitze</strong></span> <span class='ocrx_word' id='word_1_45' title='bbox 992 737 1308 792; x_wconf 78' lang='lat' dir='ltr'><strong>auxiliatrix</strong></span> <span class='ocrx_word' id='word_1_46' title='bbox 1339 738 1464 808; x_wconf 86' lang='lat' dir='ltr'><strong>ipsi,</strong></span> <span class='ocrx_word' id='word_1_47' title='bbox 1505 756 1699 796; x_wconf 90' lang='lat' dir='ltr'><strong>verum</strong></span> <span class='ocrx_word' id='word_1_48' title='bbox 1736 745 1903 799; x_wconf 89' lang='lat' dir='ltr'><strong>etiam</strong></span> <span class='ocrx_word' id='word_1_49' title='bbox 1938 745 2050 801; x_wconf 87' lang='lat' dir='ltr'><strong>dux</strong></span> 
     </span>
    </p>
   </div>
   <div class='ocr_carea' id='block_1_10' title="bbox 464 827 2049 893">
    <p class='ocr_par' dir='ltr' id='par_1_10' title="bbox 464 827 2049 893">
     <span class='ocr_line' id='line_1_10' title="bbox 464 827 2049 893; baseline 0.008 -12"><span class='ocrx_word' id='word_1_50' title='bbox 464 827 657 881; x_wconf 85' lang='lat' dir='ltr'><strong>salutis</strong></span> <span class='ocrx_word' id='word_1_51' title='bbox 699 827 865 883; x_wconf 81' lang='lat' dir='ltr'><strong>facta.</strong></span> <span class='ocrx_word' id='word_1_52' title='bbox 898 829 1108 885; x_wconf 80' lang='lat' dir='ltr'><strong>Deinde</strong></span> <span class='ocrx_word' id='word_1_53' title='bbox 1143 829 1210 884; x_wconf 89' lang='lat' dir='ltr'><strong>ad</strong></span> <span class='ocrx_word' id='word_1_54' title='bbox 1242 832 1416 885; x_wconf 87' lang='lat' dir='ltr'><strong>sancti</strong></span> <span class='ocrx_word' id='word_1_55' title='bbox 1460 833 1824 890; x_wconf 65' lang='lat' dir='ltr'><strong>Praecursoris</strong></span> <span class='ocrx_word' id='word_1_56' title='bbox 1867 838 2049 893; x_wconf 90' lang='lat' dir='ltr'><strong>denuo</strong></span> 
     </span>
    </p>
   </div>
   <div class='ocr_carea' id='block_1_11' title="bbox 458 908 2046 996">
    <p class='ocr_par' dir='ltr' id='par_1_11' title="bbox 458 908 2046 996">
     <span class='ocr_line' id='line_1_11' title="bbox 458 908 2046 996; baseline 0.007 -25"><span class='ocrx_word' id='word_1_57' title='bbox 458 919 726 988; x_wconf 82' lang='lat' dir='ltr'><strong>templum</strong></span> <span class='ocrx_word' id='word_1_58' title='bbox 769 920 1067 987; x_wconf 83' lang='lat' dir='ltr'><strong>concessit,</strong></span> <span class='ocrx_word' id='word_1_59' title='bbox 1109 908 1263 975; x_wconf 83' lang='lat' dir='ltr'><strong>humi</strong></span> <span class='ocrx_word' id='word_1_60' title='bbox 1299 925 1707 991; x_wconf 87' lang='lat' dir='ltr'><strong>procumbens;</strong></span> <span class='ocrx_word' id='word_1_61' title='bbox 1759 942 1860 981; x_wconf 91' lang='lat' dir='ltr'><strong>nec</strong></span> <span class='ocrx_word' id='word_1_62' title='bbox 1892 928 2046 996; x_wconf 87' lang='lat' dir='ltr'><strong>quid-</strong></span> 
     </span>
    </p>
   </div>
   <div class='ocr_carea' id='block_1_12' title="bbox 462 1008 2047 1085">
    <p class='ocr_par' dir='ltr' id='par_1_12' title="bbox 462 1008 2047 1085">
     <span class='ocr_line' id='line_1_12' title="bbox 462 1008 2047 1085; baseline 0.008 -24"><span class='ocrx_word' id='word_1_63' title='bbox 462 1008 609 1077; x_wconf 85' lang='lat' dir='ltr'><strong>piam</strong></span> <span class='ocrx_word' id='word_1_64' title='bbox 641 1008 876 1063; x_wconf 88' lang='lat' dir='ltr'><strong>alterius</strong></span> <span class='ocrx_word' id='word_1_65' title='bbox 916 1009 996 1065; x_wconf 91' lang='lat' dir='ltr'><strong>rei</strong></span> <span class='ocrx_word' id='word_1_66' title='bbox 1049 1020 1418 1082; x_wconf 62' lang='lat' dir='ltr'><strong>praaterquam</strong></span> <span class='ocrx_word' id='word_1_67' title='bbox 1456 1012 1636 1083; x_wconf 87' lang='lat' dir='ltr'><strong>panis,</strong></span> <span class='ocrx_word' id='word_1_68' title='bbox 1675 1031 1831 1085; x_wconf 72' lang='lat' dir='ltr'><strong>aqure</strong></span> <span class='ocrx_word' id='word_1_69' title='bbox 1864 1025 1920 1072; x_wconf 92' lang='lat' dir='ltr'><strong>et</strong></span> <span class='ocrx_word' id='word_1_70' title='bbox 1962 1034 2047 1073; x_wconf 91' lang='lat' dir='ltr'><strong>sa-</strong></span> 
     </span>
    </p>
   </div>
   <div class='ocr_carea' id='block_1_13' title="bbox 462 1099 2044 1176">
    <p class='ocr_par' dir='ltr' id='par_1_13' title="bbox 462 1099 2044 1176">
     <span class='ocr_line' id='line_1_13' title="bbox 462 1099 2044 1176; baseline 0.008 -25"><span class='ocrx_word' id='word_1_71' title='bbox 462 1099 531 1152; x_wconf 68' lang='lat' dir='ltr'><strong>lis</strong></span> <span class='ocrx_word' id='word_1_72' title='bbox 558 1108 820 1171; x_wconf 83' lang='lat' dir='ltr'><strong>gustans;</strong></span> <span class='ocrx_word' id='word_1_73' title='bbox 859 1116 968 1155; x_wconf 87' lang='lat' dir='ltr'><strong>non</strong></span> <span class='ocrx_word' id='word_1_74' title='bbox 999 1102 1265 1158; x_wconf 90' lang='lat' dir='ltr'><strong>inclinato</strong></span> <span class='ocrx_word' id='word_1_75' title='bbox 1297 1104 1353 1157; x_wconf 92' lang='lat' dir='ltr'><strong>in</strong></span> <span class='ocrx_word' id='word_1_76' title='bbox 1402 1104 1550 1159; x_wconf 89' lang='lat' dir='ltr'><strong>latus</strong></span> <span class='ocrx_word' id='word_1_77' title='bbox 1585 1121 1840 1176; x_wconf 90' lang='lat' dir='ltr'><strong>corpore,</strong></span> <span class='ocrx_word' id='word_1_78' title='bbox 1899 1124 2044 1163; x_wconf 89' lang='lat' dir='ltr'><strong>som-</strong></span> 
     </span>
    </p>
   </div>
   <div class='ocr_carea' id='block_1_14' title="bbox 460 1191 2045 1266">
    <p class='ocr_par' dir='ltr' id='par_1_14' title="bbox 460 1191 2045 1266">
     <span class='ocr_line' id='line_1_14' title="bbox 460 1191 2045 1266; baseline 0.008 -22"><span class='ocrx_word' id='word_1_79' title='bbox 460 1206 590 1244; x_wconf 90' lang='lat' dir='ltr'><strong>num</strong></span> <span class='ocrx_word' id='word_1_80' title='bbox 633 1191 837 1246; x_wconf 90' lang='lat' dir='ltr'><strong>ibidem</strong></span> <span class='ocrx_word' id='word_1_81' title='bbox 864 1193 1124 1263; x_wconf 84' lang='lat' dir='ltr'><strong>capiens;</strong></span> <span class='ocrx_word' id='word_1_82' title='bbox 1166 1205 1223 1248; x_wconf 91' lang='lat' dir='ltr'><strong>et</strong></span> <span class='ocrx_word' id='word_1_83' title='bbox 1253 1195 1524 1266; x_wconf 87' lang='lat' dir='ltr'><strong>lacrymas</strong></span> <span class='ocrx_word' id='word_1_84' title='bbox 1554 1213 1684 1254; x_wconf 90' lang='lat' dir='ltr'><strong>suas</strong></span> <span class='ocrx_word' id='word_1_85' title='bbox 1731 1198 1822 1255; x_wconf 91' lang='lat' dir='ltr'><strong>die</strong></span> <span class='ocrx_word' id='word_1_86' title='bbox 1851 1210 2045 1256; x_wconf 87' lang='lat' dir='ltr'><strong>noete-</strong></span> 
     </span>
    </p>
   </div>
   <div class='ocr_carea' id='block_1_15' title="bbox 457 1281 2043 1355">
    <p class='ocr_par' dir='ltr' id='par_1_15' title="bbox 457 1281 2043 1355">
     <span class='ocr_line' id='line_1_15' title="bbox 457 1281 2043 1355; baseline 0.008 -20"><span class='ocrx_word' id='word_1_87' title='bbox 457 1296 566 1350; x_wconf 89' lang='lat' dir='ltr'><strong>que</strong></span> <span class='ocrx_word' id='word_1_88' title='bbox 596 1281 650 1336; x_wconf 91' lang='lat' dir='ltr'><strong>in</strong></span> <span class='ocrx_word' id='word_1_89' title='bbox 668 1298 866 1353; x_wconf 88' lang='lat' dir='ltr'><strong>panem</strong></span> <span class='ocrx_word' id='word_1_90' title='bbox 883 1295 1216 1339; x_wconf 89' lang='lat' dir='ltr'><strong>convertens</strong></span> <span class='ocrx_word' id='word_1_91' title='bbox 1244 1301 1311 1340; x_wconf 93' lang='lat' dir='ltr'><strong>eo</strong></span> <span class='ocrx_word' id='word_1_92' title='bbox 1368 1285 1495 1351; x_wconf 81' lang='lat' dir='ltr'><strong>ﬁne,</strong></span> <span class='ocrx_word' id='word_1_93' title='bbox 1557 1296 1619 1340; x_wconf 91' lang='lat' dir='ltr'><strong>ut</strong></span> <span class='ocrx_word' id='word_1_94' title='bbox 1659 1287 1826 1355; x_wconf 83' lang='lat' dir='ltr'><strong>ﬁlius,</strong></span> <span class='ocrx_word' id='word_1_95' title='bbox 1869 1291 2043 1347; x_wconf 85' lang='lat' dir='ltr'><strong>inter-</strong></span> 
     </span>
    </p>
   </div>
   <div class='ocr_carea' id='block_1_16' title="bbox 454 1372 2037 1448">
    <p class='ocr_par' dir='ltr' id='par_1_16' title="bbox 454 1372 2037 1448">
     <span class='ocr_line' id='line_1_16' title="bbox 454 1372 2037 1448; baseline 0.007 -21"><span class='ocrx_word' id='word_1_96' title='bbox 454 1372 689 1428; x_wconf 88' lang='lat' dir='ltr'><strong>cedente</strong></span> <span class='ocrx_word' id='word_1_97' title='bbox 717 1384 910 1430; x_wconf 88' lang='lat' dir='ltr'><strong>sancto</strong></span> <span class='ocrx_word' id='word_1_98' title='bbox 931 1375 1144 1431; x_wconf 86' lang='lat' dir='ltr'><strong>Joanne</strong></span> <span class='ocrx_word' id='word_1_99' title='bbox 1174 1376 1439 1446; x_wconf 87' lang='lat' dir='ltr'><strong>Baptista,</strong></span> <span class='ocrx_word' id='word_1_100' title='bbox 1483 1379 1886 1435; x_wconf 89' lang='lat' dir='ltr'><strong>concederetur</strong></span> <span class='ocrx_word' id='word_1_101' title='bbox 1908 1381 2037 1448; x_wconf 86' lang='lat' dir='ltr'><strong>sibi,</strong></span> 
     </span>
    </p>
   </div>
   <div class='ocr_carea' id='block_1_17' title="bbox 2156 453 3707 533">
    <p class='ocr_par' dir='ltr' id='par_1_17' title="bbox 2156 453 3707 533">
     <span class='ocr_line' id='line_1_17' title="bbox 2156 453 3707 533; baseline 0.008 -27"><span class='ocrx_word' id='word_1_102' title='bbox 2156 453 2597 527; x_wconf 83' lang='grc' dir='ltr'>γενομένη.⁹Επε</span> <span class='ocrx_word' id='word_1_103' title='bbox 2608 472 2693 508; x_wconf 87' lang='grc' dir='ltr'><strong>ιτα</strong></span> <span class='ocrx_word' id='word_1_104' title='bbox 2718 455 2902 524; x_wconf 57' lang='grc' dir='ltr'>μέντοι</span> <span class='ocrx_word' id='word_1_105' title='bbox 2919 455 2996 527; x_wconf 81' lang='grc' dir='ltr'><strong>τῷ</strong></span> <span class='ocrx_word' id='word_1_106' title='bbox 3022 456 3170 526; x_wconf 84' lang='grc' dir='ltr'>αύτῷ</span> <span class='ocrx_word' id='word_1_107' title='bbox 3186 456 3277 510; x_wconf 82' lang='grc' dir='ltr'>τοῦ</span> <span class='ocrx_word' id='word_1_108' title='bbox 3298 458 3601 533; x_wconf 80' lang='grc' dir='ltr'>Προδρόμου</span> <span class='ocrx_word' id='word_1_109' title='bbox 3619 468 3707 518; x_wconf 76' lang='grc' dir='ltr'>καὶ</span> 
     </span>
    </p>
   </div>
   <div class='ocr_carea' id='block_1_18' title="bbox 2157 544 3707 632">
    <p class='ocr_par' dir='ltr' id='par_1_18' title="bbox 2157 544 3707 632">
     <span class='ocr_line' id='line_1_18' title="bbox 2157 544 3707 632; baseline 0.007 -34"><span class='ocrx_word' id='word_1_110' title='bbox 2157 545 2320 600; x_wconf 83' lang='grc' dir='ltr'>πάλιν</span> <span class='ocrx_word' id='word_1_111' title='bbox 2346 547 2711 632; x_wconf 33' lang='grc' dir='ltr'>προσεδρεύει.</span> <span class='ocrx_word' id='word_1_112' title='bbox 2735 547 2869 618; x_wconf 85' lang='grc' dir='ltr'>ναῷ,</span> <span class='ocrx_word' id='word_1_113' title='bbox 2911 548 3003 602; x_wconf 76' lang='grc' dir='ltr'><strong>ἐπὶ</strong></span> <span class='ocrx_word' id='word_1_114' title='bbox 3028 546 3122 600; x_wconf 80' lang='grc' dir='ltr'>τοῦ</span> <span class='ocrx_word' id='word_1_115' title='bbox 3146 544 3374 618; x_wconf 76' lang='grc' dir='ltr'><strong>ἐδάφους</strong></span> <span class='ocrx_word' id='word_1_116' title='bbox 3411 552 3707 626; x_wconf 83' lang='grc' dir='ltr'>καθημένη,</span> 
     </span>
    </p>
   </div>
   <div class='ocr_carea' id='block_1_19' title="bbox 2148 632 3708 716">
    <p class='ocr_par' dir='ltr' id='par_1_19' title="bbox 2148 632 3708 716">
     <span class='ocr_line' id='line_1_19' title="bbox 2148 632 3708 716; baseline 0.005 -25"><span class='ocrx_word' id='word_1_117' title='bbox 2148 637 2242 691; x_wconf 79' lang='grc' dir='ltr'>καὶ</span> <span class='ocrx_word' id='word_1_118' title='bbox 2275 638 2350 708; x_wconf 80' lang='grc' dir='ltr'><strong>μὴ</strong></span> <span class='ocrx_word' id='word_1_119' title='bbox 2400 639 2446 693; x_wconf 84' lang='grc' dir='ltr'>δ’</span> <span class='ocrx_word' id='word_1_120' title='bbox 2475 632 2679 693; x_wconf 73' lang='grc' dir='ltr'>οὗτινος</span> <span class='ocrx_word' id='word_1_121' title='bbox 2720 634 2812 692; x_wconf 80' lang='grc' dir='ltr'><strong>οὖν</strong></span> <span class='ocrx_word' id='word_1_122' title='bbox 2868 638 3080 708; x_wconf 77' lang='grc' dir='ltr'>ἑτέρου,</span> <span class='ocrx_word' id='word_1_123' title='bbox 3122 640 3205 693; x_wconf 86' lang='grc' dir='ltr'>ὃτι</span> <span class='ocrx_word' id='word_1_124' title='bbox 3238 641 3312 711; x_wconf 85' lang='grc' dir='ltr'>μὴ</span> <span class='ocrx_word' id='word_1_125' title='bbox 3370 643 3526 711; x_wconf 86' lang='grc' dir='ltr'>μόνον</span> <span class='ocrx_word' id='word_1_126' title='bbox 3552 644 3708 716; x_wconf 78' lang='grc' dir='ltr'>ἄρτου</span> 
     </span>
    </p>
   </div>
   <div class='ocr_carea' id='block_1_20' title="bbox 2147 730 3712 807">
    <p class='ocr_par' dir='ltr' id='par_1_20' title="bbox 2147 730 3712 807">
     <span class='ocr_line' id='line_1_20' title="bbox 2147 730 3712 807; baseline 0.002 -23"><span class='ocrx_word' id='word_1_127' title='bbox 2147 731 2241 784; x_wconf 74' lang='grc' dir='ltr'>καὶ</span> <span class='ocrx_word' id='word_1_128' title='bbox 2278 730 2474 793; x_wconf 76' lang='grc' dir='ltr'>ὓδατος</span> <span class='ocrx_word' id='word_1_129' title='bbox 2530 731 2624 784; x_wconf 75' lang='grc' dir='ltr'>καὶ</span> <span class='ocrx_word' id='word_1_130' title='bbox 2674 730 2817 784; x_wconf 76' lang='grc' dir='ltr'>ἁλῶν</span> <span class='ocrx_word' id='word_1_131' title='bbox 2865 730 3159 802; x_wconf 79' lang='grc' dir='ltr'>γενομένη,</span> <span class='ocrx_word' id='word_1_132' title='bbox 3219 732 3351 802; x_wconf 81' lang='grc' dir='ltr'>μηδὲ</span> <span class='ocrx_word' id='word_1_133' title='bbox 3373 737 3449 798; x_wconf 77' lang='grc' dir='ltr'><strong>εἰς</strong></span> <span class='ocrx_word' id='word_1_134' title='bbox 3484 736 3712 807; x_wconf 79' lang='grc' dir='ltr'>πλευρὰν</span> 
     </span>
    </p>
   </div>
   <div class='ocr_carea' id='block_1_21' title="bbox 2145 820 3712 896">
    <p class='ocr_par' dir='ltr' id='par_1_21' title="bbox 2145 820 3712 896">
     <span class='ocr_line' id='line_1_21' title="bbox 2145 820 3712 896; baseline 0.005 -22"><span class='ocrx_word' id='word_1_135' title='bbox 2145 821 2569 893; x_wconf 79' lang='grc' dir='ltr'>ἀνακλινομένη,</span> <span class='ocrx_word' id='word_1_136' title='bbox 2602 823 2738 877; x_wconf 83' lang='grc' dir='ltr'>ἀλλὰ</span> <span class='ocrx_word' id='word_1_137' title='bbox 2773 825 2863 877; x_wconf 82' lang='grc' dir='ltr'><strong>καὶ</strong></span> <span class='ocrx_word' id='word_1_138' title='bbox 2913 821 3084 875; x_wconf 80' lang='grc' dir='ltr'>ὕπνου</span> <span class='ocrx_word' id='word_1_139' title='bbox 3139 820 3316 896; x_wconf 81' lang='grc' dir='ltr'>ταύτῃ</span> <span class='ocrx_word' id='word_1_140' title='bbox 3372 826 3712 895; x_wconf 77' lang='grc' dir='ltr'>μεταλαμϐά-</span> 
     </span>
    </p>
   </div>
   <div class='ocr_carea' id='block_1_22' title="bbox 2146 913 3711 988">
    <p class='ocr_par' dir='ltr' id='par_1_22' title="bbox 2146 913 3711 988">
     <span class='ocr_line' id='line_1_22' title="bbox 2146 913 3711 988; baseline 0.002 -22"><span class='ocrx_word' id='word_1_141' title='bbox 2146 930 2333 978; x_wconf 87' lang='grc' dir='ltr'><strong>νουσα,</strong></span> <span class='ocrx_word' id='word_1_142' title='bbox 2366 915 2461 968; x_wconf 77' lang='grc' dir='ltr'>καὶ</span> <span class='ocrx_word' id='word_1_143' title='bbox 2510 915 2674 984; x_wconf 81' lang='grc' dir='ltr'>ἄρτον</span> <span class='ocrx_word' id='word_1_144' title='bbox 2706 915 2869 983; x_wconf 77' lang='grc' dir='ltr'>ἑαυτῇ</span> <span class='ocrx_word' id='word_1_145' title='bbox 2912 915 2981 967; x_wconf 78' lang='grc' dir='ltr'>τὰ</span> <span class='ocrx_word' id='word_1_146' title='bbox 3028 915 3204 967; x_wconf 77' lang='grc' dir='ltr'>οἰκεῖα</span> <span class='ocrx_word' id='word_1_147' title='bbox 3250 913 3459 984; x_wconf 80' lang='grc' dir='ltr'>δάκρυα</span> <span class='ocrx_word' id='word_1_148' title='bbox 3520 919 3711 988; x_wconf 81' lang='grc' dir='ltr'>μᾶλλον</span> 
     </span>
    </p>
   </div>
   <div class='ocr_carea' id='block_1_23' title="bbox 2146 1001 3716 1074">
    <p class='ocr_par' dir='ltr' id='par_1_23' title="bbox 2146 1001 3716 1074">
     <span class='ocr_line' id='line_1_23' title="bbox 2146 1001 3716 1074; baseline 0.006 -23"><span class='ocrx_word' id='word_1_149' title='bbox 2146 1001 2363 1070; x_wconf 77' lang='grc' dir='ltr'>ἡμέρας</span> <span class='ocrx_word' id='word_1_150' title='bbox 2391 1001 2487 1054; x_wconf 77' lang='grc' dir='ltr'><strong>καὶ</strong></span> <span class='ocrx_word' id='word_1_151' title='bbox 2522 1003 2716 1064; x_wconf 78' lang='grc' dir='ltr'>νυκτὸς</span> <span class='ocrx_word' id='word_1_152' title='bbox 2762 1001 3081 1071; x_wconf 79' lang='grc' dir='ltr'><strong>ποιουμένη,</strong></span> <span class='ocrx_word' id='word_1_153' title='bbox 3113 1001 3255 1057; x_wconf 84' lang='grc' dir='ltr'>ὥστε</span> <span class='ocrx_word' id='word_1_154' title='bbox 3311 1002 3529 1074; x_wconf 82' lang='grc' dir='ltr'>δοθῆναι</span> <span class='ocrx_word' id='word_1_155' title='bbox 3559 1008 3716 1061; x_wconf 85' lang='grc' dir='ltr'>παῖδα</span> 
     </span>
    </p>
   </div>
   <div class='ocr_carea' id='block_1_24' title="bbox 2151 1092 3716 1165">
    <p class='ocr_par' dir='ltr' id='par_1_24' title="bbox 2151 1092 3716 1165">
     <span class='ocr_line' id='line_1_24' title="bbox 2151 1092 3716 1165; baseline 0.004 -21"><span class='ocrx_word' id='word_1_156' title='bbox 2151 1093 2272 1154; x_wconf 82' lang='grc' dir='ltr'>ταῖς</span> <span class='ocrx_word' id='word_1_157' title='bbox 2309 1092 2403 1145; x_wconf 82' lang='grc' dir='ltr'>τοῦ</span> <span class='ocrx_word' id='word_1_158' title='bbox 2437 1092 2746 1146; x_wconf 80' lang='grc' dir='ltr'>Βαπτιστοῦ</span> <span class='ocrx_word' id='word_1_159' title='bbox 2784 1094 3103 1163; x_wconf 78' lang='grc' dir='ltr'>πρεσόείαις</span> <span class='ocrx_word' id='word_1_160' title='bbox 3129 1096 3289 1165; x_wconf 80' lang='grc' dir='ltr'>αὐτῇ,</span> <span class='ocrx_word' id='word_1_161' title='bbox 3322 1094 3379 1148; x_wconf 84' lang='grc' dir='ltr'><strong>δν</strong></span> <span class='ocrx_word' id='word_1_162' title='bbox 3411 1097 3548 1164; x_wconf 84' lang='grc' dir='ltr'>αὐτὴ</span> <span class='ocrx_word' id='word_1_163' title='bbox 3574 1098 3716 1165; x_wconf 76' lang='grc' dir='ltr'>δοτδν</span> 
     </span>
    </p>
   </div>
   <div class='ocr_carea' id='block_1_25' title="bbox 2148 1179 3718 1261">
    <p class='ocr_par' dir='ltr' id='par_1_25' title="bbox 2148 1179 3718 1261">
     <span class='ocr_line' id='line_1_25' title="bbox 2148 1179 3718 1261; baseline 0.006 -26"><span class='ocrx_word' id='word_1_164' title='bbox 2148 1179 2311 1237; x_wconf 86' lang='grc' dir='ltr'>πάλιν</span> <span class='ocrx_word' id='word_1_165' title='bbox 2336 1185 2480 1237; x_wconf 73' lang='grc' dir='ltr'>κατὰ</span> <span class='ocrx_word' id='word_1_166' title='bbox 2510 1185 2878 1255; x_wconf 73' lang='grc' dir='ltr'>τὸνΣαμουὴλ</span> <span class='ocrx_word' id='word_1_167' title='bbox 2908 1184 3172 1254; x_wconf 66' lang='grc' dir='ltr'>προσάξει</span> <span class='ocrx_word' id='word_1_168' title='bbox 3210 1186 3353 1258; x_wconf 81' lang='grc' dir='ltr'><strong>Θεῷ.</strong></span> <span class='ocrx_word' id='word_1_169' title='bbox 3389 1188 3575 1259; x_wconf 77' lang='grc' dir='ltr'>Τολμᾷ</span> <span class='ocrx_word' id='word_1_170' title='bbox 3617 1190 3718 1261; x_wconf 80' lang='grc' dir='ltr'>γὰρ</span> 
     </span>
    </p>
   </div>
   <div class='ocr_carea' id='block_1_26' title="bbox 2146 1275 3716 1350">
    <p class='ocr_par' dir='ltr' id='par_1_26' title="bbox 2146 1275 3716 1350">
     <span class='ocr_line' id='line_1_26' title="bbox 2146 1275 3716 1350; baseline 0.004 -23"><span class='ocrx_word' id='word_1_171' title='bbox 2146 1275 2247 1345; x_wconf 67' lang='grc' dir='ltr'><strong>ἥδη</strong></span> <span class='ocrx_word' id='word_1_172' title='bbox 2278 1292 2370 1345; x_wconf 87' lang='grc' dir='ltr'><strong>μοι</strong></span> <span class='ocrx_word' id='word_1_173' title='bbox 2430 1276 2525 1330; x_wconf 74' lang='grc' dir='ltr'>καὶ</span> <span class='ocrx_word' id='word_1_174' title='bbox 2580 1277 2743 1347; x_wconf 85' lang='grc' dir='ltr'>μέχρι</span> <span class='ocrx_word' id='word_1_175' title='bbox 2804 1278 3017 1341; x_wconf 84' lang='grc' dir='ltr'>τούτου,</span> <span class='ocrx_word' id='word_1_176' title='bbox 3063 1277 3201 1348; x_wconf 74' lang='grc' dir='ltr'>πρὸς</span> <span class='ocrx_word' id='word_1_177' title='bbox 3251 1278 3320 1331; x_wconf 79' lang='grc' dir='ltr'><strong>τὰ</strong></span> <span class='ocrx_word' id='word_1_178' title='bbox 3371 1278 3716 1350; x_wconf 72' lang='grc' dir='ltr'>έξῆςὸλόγος</span> 
     </span>
    </p>
   </div>
   <div class='ocr_carea' id='block_1_27' title="bbox 2143 1365 2308 1430">
    <p class='ocr_par' dir='ltr' id='par_1_27' title="bbox 2143 1365 2308 1430">
     <span class='ocr_line' id='line_1_27' title="bbox 2143 1365 2308 1430; baseline 0.006 -13"><span class='ocrx_word' id='word_1_179' title='bbox 2143 1365 2308 1430; x_wconf 84' lang='grc' dir='ltr'>ὁρῶν.</span> 
     </span>
    </p>
   </div>
   <div class='ocr_carea' id='block_1_28' title="bbox 452 1462 3765 1542">
    <p class='ocr_par' dir='ltr' id='par_1_28' title="bbox 452 1462 3765 1542">
     <span class='ocr_line' id='line_1_28' title="bbox 452 1462 3765 1542; baseline -0.002 -22"><span class='ocrx_word' id='word_1_180' title='bbox 452 1465 715 1521; x_wconf 85' lang='lat' dir='ltr'><strong>eumdem</strong></span> <span class='ocrx_word' id='word_1_181' title='bbox 751 1467 886 1534; x_wconf 88' lang='lat' dir='ltr'><strong>Deo,</strong></span> <span class='ocrx_word' id='word_1_182' title='bbox 912 1468 1068 1523; x_wconf 87' lang='lat' dir='ltr'><strong>velut</strong></span> <span class='ocrx_word' id='word_1_183' title='bbox 1096 1470 1334 1524; x_wconf 88' lang='lat' dir='ltr'><strong>alterum</strong></span> <span class='ocrx_word' id='word_1_184' title='bbox 1384 1470 1716 1537; x_wconf 87' lang='lat' dir='ltr'><strong>Samuelem,</strong></span> <span class='ocrx_word' id='word_1_185' title='bbox 1754 1487 1854 1542; x_wconf 91' lang='lat' dir='ltr'><strong>per</strong></span> <span class='ocrx_word' id='word_1_186' title='bbox 1880 1474 2214 1533; x_wconf 85' lang='lat' dir='ltr'><strong>oblationem</strong></span> <span class='ocrx_word' id='word_1_187' title='bbox 2246 1471 2561 1527; x_wconf 73' lang='lat' dir='ltr'><strong>redditurse.</strong></span> <span class='ocrx_word' id='word_1_188' title='bbox 2595 1464 2775 1520; x_wconf 87' lang='lat' dir='ltr'><strong>Audet</strong></span> <span class='ocrx_word' id='word_1_189' title='bbox 2803 1463 2951 1519; x_wconf 87' lang='lat' dir='ltr'><strong>enim</strong></span> <span class='ocrx_word' id='word_1_190' title='bbox 2983 1462 3159 1518; x_wconf 86' lang='lat' dir='ltr'><strong>oratio</strong></span> <span class='ocrx_word' id='word_1_191' title='bbox 3212 1475 3399 1517; x_wconf 75' lang='lat' dir='ltr'><strong>nosua</strong></span> <span class='ocrx_word' id='word_1_192' title='bbox 3438 1463 3713 1529; x_wconf 63' lang='lat' dir='ltr'><strong>hucusque</strong></span> <span class='ocrx_word' id='word_1_193' title='bbox 3762 1500 3765 1503; x_wconf 49' lang='grc' dir='ltr'><strong>ν</strong></span> 
     </span>
    </p>
   </div>
   <div class='ocr_carea' id='block_1_29' title="bbox 458 1558 1432 1633">
    <p class='ocr_par' dir='ltr' id='par_1_29' title="bbox 458 1558 1432 1633">
     <span class='ocr_line' id='line_1_29' title="bbox 458 1558 1432 1633; baseline 0.004 -21"><span class='ocrx_word' id='word_1_194' title='bbox 458 1558 734 1629; x_wconf 75' lang='lat' dir='ltr'><strong>progredi,</strong></span> <span class='ocrx_word' id='word_1_195' title='bbox 771 1560 1073 1633; x_wconf 84' lang='lat' dir='ltr'><strong>respiciens</strong></span> <span class='ocrx_word' id='word_1_196' title='bbox 1099 1560 1167 1615; x_wconf 91' lang='lat' dir='ltr'><strong>ad</strong></span> <span class='ocrx_word' id='word_1_197' title='bbox 1198 1561 1432 1632; x_wconf 89' lang='lat' dir='ltr'><strong>reliqua.</strong></span> 
     </span>
    </p>
   </div>
   <div class='ocr_carea' id='block_1_30' title="bbox 535 1656 2029 1723">
    <p class='ocr_par' dir='ltr' id='par_1_30' title="bbox 535 1656 2029 1723">
     <span class='ocr_line' id='line_1_30' title="bbox 535 1656 2029 1723; baseline 0.001 -14"><span class='ocrx_word' id='word_1_198' title='bbox 535 1657 587 1709; x_wconf 80' lang='grc'>5.</span> <span class='ocrx_word' id='word_1_199' title='bbox 617 1657 735 1710; x_wconf 76' lang='lat' dir='ltr'><strong>Non</strong></span> <span class='ocrx_word' id='word_1_200' title='bbox 773 1659 1004 1709; x_wconf 89' lang='lat' dir='ltr'><strong>multum</strong></span> <span class='ocrx_word' id='word_1_201' title='bbox 1041 1656 1358 1710; x_wconf 88' lang='lat' dir='ltr'><strong>intercessit</strong></span> <span class='ocrx_word' id='word_1_202' title='bbox 1385 1658 1679 1723; x_wconf 82' lang='lat' dir='ltr'><strong>temporis,</strong></span> <span class='ocrx_word' id='word_1_203' title='bbox 1725 1673 1848 1711; x_wconf 91' lang='lat' dir='ltr'><strong>cum</strong></span> <span class='ocrx_word' id='word_1_204' title='bbox 1902 1672 2029 1710; x_wconf 76' lang='lat' dir='ltr'><strong>erce</strong></span> 
     </span>
    </p>
   </div>
   <div class='ocr_carea' id='block_1_31' title="bbox 2223 1638 3723 1713">
    <p class='ocr_par' dir='ltr' id='par_1_31' title="bbox 2223 1638 3723 1713">
     <span class='ocr_line' id='line_1_31' title="bbox 2223 1638 3723 1713; baseline 0.004 -19"><span class='ocrx_word' id='word_1_205' title='bbox 2223 1648 2285 1694; x_wconf 88' lang='grc' dir='ltr'><strong>ε’.</strong></span> <span class='ocrx_word' id='word_1_206' title='bbox 2319 1642 2393 1694; x_wconf 86' lang='grc' dir='ltr'>Ού</span> <span class='ocrx_word' id='word_1_207' title='bbox 2424 1644 2597 1712; x_wconf 73' lang='grc' dir='ltr'>βραχὺ</span> <span class='ocrx_word' id='word_1_208' title='bbox 2632 1642 2689 1696; x_wconf 70' lang='grc' dir='ltr'><strong>τδ</strong></span> <span class='ocrx_word' id='word_1_209' title='bbox 2720 1644 2775 1694; x_wconf 84' lang='grc' dir='ltr'>ἐν</span> <span class='ocrx_word' id='word_1_210' title='bbox 2809 1645 2982 1713; x_wconf 85' lang='grc' dir='ltr'>μέσῳ,</span> <span class='ocrx_word' id='word_1_211' title='bbox 3017 1644 3112 1698; x_wconf 87' lang='grc' dir='ltr'><strong>καί</strong></span> <span class='ocrx_word' id='word_1_212' title='bbox 3143 1662 3228 1708; x_wconf 88' lang='grc' dir='ltr'><strong>τις</strong></span> <span class='ocrx_word' id='word_1_213' title='bbox 3277 1638 3505 1711; x_wconf 58' lang='grc' dir='ltr'>γλυκεῖα</span> <span class='ocrx_word' id='word_1_214' title='bbox 3534 1647 3723 1709; x_wconf 68' lang='grc' dir='ltr'>νυκτὸς</span> 
     </span>
    </p>
   </div>
   <div class='ocr_carea' id='block_1_32' title="bbox 457 1735 2044 1819">
    <p class='ocr_par' dir='ltr' id='par_1_32' title="bbox 457 1746 2044 1819">
     <span class='ocr_line' id='line_1_32' title="bbox 457 1746 2044 1819; baseline -0.001 -17"><span class='ocrx_word' id='word_1_215' title='bbox 457 1747 700 1819; x_wconf 83' lang='lat' dir='ltr'><strong>jucunda</strong></span> <span class='ocrx_word' id='word_1_216' title='bbox 736 1746 986 1817; x_wconf 71' lang='lat' dir='ltr'><strong>qumdam</strong></span> <span class='ocrx_word' id='word_1_217' title='bbox 1021 1758 1187 1801; x_wconf 87' lang='lat' dir='ltr'><strong>noctu</strong></span> <span class='ocrx_word' id='word_1_218' title='bbox 1216 1747 1376 1810; x_wconf 77' lang='lat' dir='ltr'><strong>visio,</strong></span> <span class='ocrx_word' id='word_1_219' title='bbox 1442 1747 1557 1816; x_wconf 88' lang='lat' dir='ltr'><strong>ipse</strong></span> <span class='ocrx_word' id='word_1_220' title='bbox 1588 1748 1927 1802; x_wconf 86' lang='lat' dir='ltr'><strong>Prodromus</strong></span> <span class='ocrx_word' id='word_1_221' title='bbox 1953 1763 2044 1817; x_wconf 90' lang='lat' dir='ltr'><strong>ap-</strong></span> 
     </span>
    </p>
   </div>
   <div class='ocr_carea' id='block_1_33' title="bbox 2157 1735 3726 1819">
    <p class='ocr_par' dir='ltr' id='par_1_33' title="bbox 2157 1735 3726 1809">
     <span class='ocr_line' id='line_1_33' title="bbox 2157 1735 3726 1809; baseline 0.002 -21"><span class='ocrx_word' id='word_1_222' title='bbox 2157 1736 2175 1788; x_wconf 75' lang='lat'>5</span> <span class='ocrx_word' id='word_1_223' title='bbox 2208 1735 2517 1806; x_wconf 79' lang='grc' dir='ltr'>Πρόδρομος</span> <span class='ocrx_word' id='word_1_224' title='bbox 2568 1738 2852 1805; x_wconf 74' lang='grc' dir='ltr'>ἐφίσταται</span> <span class='ocrx_word' id='word_1_225' title='bbox 2901 1737 3043 1807; x_wconf 67' lang='grc' dir='ltr'>ὄψις,</span> <span class='ocrx_word' id='word_1_226' title='bbox 3099 1736 3324 1809; x_wconf 77' lang='grc' dir='ltr'>Θάρσει,</span> <span class='ocrx_word' id='word_1_227' title='bbox 3353 1738 3535 1806; x_wconf 79' lang='grc' dir='ltr'>γύναι,</span> <span class='ocrx_word' id='word_1_228' title='bbox 3560 1738 3726 1807; x_wconf 84' lang='grc' dir='ltr'>λέγων</span> 
     </span>
    </p>
   </div>
   <div class='ocr_carea' id='block_1_34' title="bbox 462 1838 2042 1910">
    <p class='ocr_par' dir='ltr' id='par_1_34' title="bbox 462 1838 2042 1910">
     <span class='ocr_line' id='line_1_34' title="bbox 462 1838 2042 1910; baseline -0.003 -14"><span class='ocrx_word' id='word_1_229' title='bbox 462 1851 638 1910; x_wconf 88' lang='lat' dir='ltr'><strong>paret,</strong></span> <span class='ocrx_word' id='word_1_230' title='bbox 665 1840 917 1906; x_wconf 79' lang='lat' dir='ltr'><strong>Conﬁdo,</strong></span> <span class='ocrx_word' id='word_1_231' title='bbox 966 1840 1186 1901; x_wconf 89' lang='lat' dir='ltr'><strong>mulier,</strong></span> <span class='ocrx_word' id='word_1_232' title='bbox 1252 1838 1551 1908; x_wconf 80' lang='lat' dir='ltr'><strong>inquiens&#39;;</strong></span> <span class='ocrx_word' id='word_1_233' title='bbox 1586 1849 1843 1908; x_wconf 87' lang='lat' dir='ltr'><strong>suscepta</strong></span> <span class='ocrx_word' id='word_1_234' title='bbox 1894 1839 2042 1893; x_wconf 88' lang='lat' dir='ltr'><strong>enim</strong></span> 
     </span>
    </p>
   </div>
   <div class='ocr_carea' id='block_1_35' title="bbox 462 1927 2040 2001">
    <p class='ocr_par' dir='ltr' id='par_1_35' title="bbox 462 1927 2040 2001">
     <span class='ocr_line' id='line_1_35' title="bbox 462 1927 2040 2001; baseline -0.002 -18"><span class='ocrx_word' id='word_1_235' title='bbox 462 1932 708 2001; x_wconf 84' lang='lat' dir='ltr'><strong>precatio</strong></span> <span class='ocrx_word' id='word_1_236' title='bbox 739 1941 827 1983; x_wconf 88' lang='lat' dir='ltr'><strong>tua</strong></span> <span class='ocrx_word' id='word_1_237' title='bbox 857 1938 979 1983; x_wconf 75' lang='lat' dir='ltr'><strong>eSt:</strong></span> <span class='ocrx_word' id='word_1_238' title='bbox 1016 1930 1173 1998; x_wconf 88' lang='lat' dir='ltr'><strong>cujus</strong></span> <span class='ocrx_word' id='word_1_239' title='bbox 1214 1927 1291 1981; x_wconf 89' lang='lat' dir='ltr'><strong>rei</strong></span> <span class='ocrx_word' id='word_1_240' title='bbox 1327 1928 1442 1983; x_wconf 68' lang='lat' dir='ltr'><strong>haec</strong></span> <span class='ocrx_word' id='word_1_241' title='bbox 1495 1927 1687 1983; x_wconf 90' lang='lat' dir='ltr'><strong>odoris</strong></span> <span class='ocrx_word' id='word_1_242' title='bbox 1728 1929 2040 1983; x_wconf 81' lang='lat' dir='ltr'><strong>suavissimi</strong></span> 
     </span>
    </p>
   </div>
   <div class='ocr_carea' id='block_1_36' title="bbox 461 2018 2043 2093">
    <p class='ocr_par' dir='ltr' id='par_1_36' title="bbox 461 2018 2043 2093">
     <span class='ocr_line' id='line_1_36' title="bbox 461 2018 2043 2093; baseline -0.004 -15"><span class='ocrx_word' id='word_1_243' title='bbox 461 2021 794 2093; x_wconf 82' lang='lat' dir='ltr'><strong>compositio</strong></span> <span class='ocrx_word' id='word_1_244' title='bbox 825 2021 1042 2090; x_wconf 79' lang='lat' dir='ltr'><strong>signum</strong></span> <span class='ocrx_word' id='word_1_245' title='bbox 1076 2027 1224 2084; x_wconf 85' lang='lat' dir='ltr'><strong>esto;</strong></span> <span class='ocrx_word' id='word_1_246' title='bbox 1257 2033 1419 2089; x_wconf 89' lang='lat' dir='ltr'><strong>quam</strong></span> <span class='ocrx_word' id='word_1_247' title='bbox 1452 2020 1545 2073; x_wconf 89' lang='lat' dir='ltr'><strong>ubi</strong></span> <span class='ocrx_word' id='word_1_248' title='bbox 1582 2018 1900 2088; x_wconf 89' lang='lat' dir='ltr'><strong>perceperis</strong></span> <span class='ocrx_word' id='word_1_249' title='bbox 1952 2030 2043 2072; x_wconf 82' lang='lat' dir='ltr'><strong>ea-</strong></span> 
     </span>
    </p>
   </div>
   <div class='ocr_carea' id='block_1_37' title="bbox 462 2108 2045 2181">
    <p class='ocr_par' dir='ltr' id='par_1_37' title="bbox 462 2108 2045 2181">
     <span class='ocr_line' id='line_1_37' title="bbox 462 2108 2045 2181; baseline -0.003 -14"><span class='ocrx_word' id='word_1_250' title='bbox 462 2114 589 2168; x_wconf 88' lang='lat' dir='ltr'><strong>dem</strong></span> <span class='ocrx_word' id='word_1_251' title='bbox 623 2112 850 2167; x_wconf 91' lang='lat' dir='ltr'><strong>domum</strong></span> <span class='ocrx_word' id='word_1_252' title='bbox 879 2122 1049 2166; x_wconf 87' lang='lat' dir='ltr'><strong>totam</strong></span> <span class='ocrx_word' id='word_1_253' title='bbox 1101 2110 1524 2181; x_wconf 80' lang='lat' dir='ltr'><strong>suﬂ&#39;nmigabis;</strong></span> <span class='ocrx_word' id='word_1_254' title='bbox 1594 2110 1700 2164; x_wconf 87' lang='lat' dir='ltr'><strong>erit</strong></span> <span class='ocrx_word' id='word_1_255' title='bbox 1759 2108 1907 2163; x_wconf 89' lang='lat' dir='ltr'><strong>enim</strong></span> <span class='ocrx_word' id='word_1_256' title='bbox 1961 2120 2045 2163; x_wconf 85' lang='lat' dir='ltr'><strong>sat</strong></span> 
     </span>
    </p>
   </div>
   <div class='ocr_carea' id='block_1_38' title="bbox 465 2202 2040 2275">
    <p class='ocr_par' dir='ltr' id='par_1_38' title="bbox 465 2202 2040 2275">
     <span class='ocr_line' id='line_1_38' title="bbox 465 2202 2040 2275; baseline -0.002 -17"><span class='ocrx_word' id='word_1_257' title='bbox 465 2219 661 2275; x_wconf 88' lang='lat' dir='ltr'><strong>magna</strong></span> <span class='ocrx_word' id='word_1_258' title='bbox 692 2204 788 2259; x_wconf 92' lang='lat' dir='ltr'><strong>tibi</strong></span> <span class='ocrx_word' id='word_1_259' title='bbox 822 2204 1001 2273; x_wconf 77' lang='lat' dir='ltr'><strong>copia.</strong></span> <span class='ocrx_word' id='word_1_260' title='bbox 1043 2202 1239 2257; x_wconf 81' lang='lat' dir='ltr'><strong>Mulier</strong></span> <span class='ocrx_word' id='word_1_261' title='bbox 1270 2211 1457 2258; x_wconf 88' lang='lat' dir='ltr'><strong>autem</strong></span> <span class='ocrx_word' id='word_1_262' title='bbox 1516 2202 1785 2257; x_wconf 89' lang='lat' dir='ltr'><strong>continuo</strong></span> <span class='ocrx_word' id='word_1_263' title='bbox 1838 2216 2040 2270; x_wconf 80' lang='lat' dir='ltr'><strong>exper-</strong></span> 
     </span>
    </p>
   </div>
   <div class='ocr_carea' id='block_1_39' title="bbox 467 2291 2040 2362">
    <p class='ocr_par' dir='ltr' id='par_1_39' title="bbox 467 2291 2040 2362">
     <span class='ocr_line' id='line_1_39' title="bbox 467 2291 2040 2362; baseline -0.004 -10"><span class='ocrx_word' id='word_1_264' title='bbox 467 2305 637 2361; x_wconf 89' lang='lat' dir='ltr'><strong>recta,</strong></span> <span class='ocrx_word' id='word_1_265' title='bbox 666 2295 864 2349; x_wconf 88' lang='lat' dir='ltr'><strong>timore</strong></span> <span class='ocrx_word' id='word_1_266' title='bbox 898 2295 1111 2362; x_wconf 88' lang='lat' dir='ltr'><strong>pariter</strong></span> <span class='ocrx_word' id='word_1_267' title='bbox 1141 2302 1196 2346; x_wconf 90' lang='lat' dir='ltr'><strong>et</strong></span> <span class='ocrx_word' id='word_1_268' title='bbox 1228 2292 1418 2347; x_wconf 58' lang='lat' dir='ltr'><strong>laetitia</strong></span> <span class='ocrx_word' id='word_1_269' title='bbox 1464 2291 1741 2361; x_wconf 83' lang='lat' dir='ltr'><strong>perfusam</strong></span> <span class='ocrx_word' id='word_1_270' title='bbox 1770 2306 1830 2347; x_wconf 90' lang='lat' dir='ltr'><strong>se</strong></span> <span class='ocrx_word' id='word_1_271' title='bbox 1860 2291 2040 2345; x_wconf 86' lang='lat' dir='ltr'><strong>anim-</strong></span> 
     </span>
    </p>
   </div>
   <div class='ocr_carea' id='block_1_40' title="bbox 462 2382 2043 2453">
    <p class='ocr_par' dir='ltr' id='par_1_40' title="bbox 462 2382 2043 2453">
     <span class='ocr_line' id='line_1_40' title="bbox 462 2382 2043 2453; baseline -0.005 -10"><span class='ocrx_word' id='word_1_272' title='bbox 462 2388 739 2452; x_wconf 83' lang='lat' dir='ltr'><strong>advertit;</strong></span> <span class='ocrx_word' id='word_1_273' title='bbox 798 2386 995 2440; x_wconf 90' lang='lat' dir='ltr'><strong>timore</strong></span> <span class='ocrx_word' id='word_1_274' title='bbox 1040 2384 1263 2453; x_wconf 84' lang='lat' dir='ltr'><strong>quidem</strong></span> <span class='ocrx_word' id='word_1_275' title='bbox 1311 2392 1535 2452; x_wconf 88' lang='lat' dir='ltr'><strong>propter</strong></span> <span class='ocrx_word' id='word_1_276' title='bbox 1581 2382 1882 2436; x_wconf 82' lang='lat' dir='ltr'><strong>novitatem</strong></span> <span class='ocrx_word' id='word_1_277' title='bbox 1920 2396 2043 2451; x_wconf 87' lang='lat' dir='ltr'><strong>spe-</strong></span> 
     </span>
    </p>
   </div>
   <div class='ocr_carea' id='block_1_41' title="bbox 467 2471 2041 2545">
    <p class='ocr_par' dir='ltr' id='par_1_41' title="bbox 467 2471 2041 2545">
     <span class='ocr_line' id='line_1_41' title="bbox 467 2471 2041 2545; baseline -0.006 -12"><span class='ocrx_word' id='word_1_278' title='bbox 467 2478 694 2542; x_wconf 89' lang='lat' dir='ltr'><strong>ctaculi,</strong></span> <span class='ocrx_word' id='word_1_279' title='bbox 724 2476 910 2532; x_wconf 69' lang='lat' dir='ltr'><strong>laetitia</strong></span> <span class='ocrx_word' id='word_1_280' title='bbox 946 2490 1080 2530; x_wconf 88' lang='lat' dir='ltr'><strong>vero</strong></span> <span class='ocrx_word' id='word_1_281' title='bbox 1114 2482 1341 2545; x_wconf 89' lang='lat' dir='ltr'><strong>propter</strong></span> <span class='ocrx_word' id='word_1_282' title='bbox 1383 2473 1557 2543; x_wconf 88' lang='lat' dir='ltr'><strong>prolis</strong></span> <span class='ocrx_word' id='word_1_283' title='bbox 1604 2474 1790 2543; x_wconf 76' lang='lat' dir='ltr'><strong>petitae</strong></span> <span class='ocrx_word' id='word_1_284' title='bbox 1820 2471 2041 2542; x_wconf 87' lang='lat' dir='ltr'><strong>pollici—</strong></span> 
     </span>
    </p>
   </div>
   <div class='ocr_carea' id='block_1_42' title="bbox 468 2563 2037 2636">
    <p class='ocr_par' dir='ltr' id='par_1_42' title="bbox 468 2563 2037 2636">
     <span class='ocr_line' id='line_1_42' title="bbox 468 2563 2037 2636; baseline -0.006 -12"><span class='ocrx_word' id='word_1_285' title='bbox 468 2571 738 2625; x_wconf 85' lang='lat' dir='ltr'><strong>tationem</strong></span> <span class='ocrx_word' id='word_1_286' title='bbox 798 2567 1023 2636; x_wconf 83' lang='lat' dir='ltr'><strong>(ecquis</strong></span> <span class='ocrx_word' id='word_1_287' title='bbox 1074 2574 1283 2630; x_wconf 89' lang='lat' dir='ltr'><strong>autem,</strong></span> <span class='ocrx_word' id='word_1_288' title='bbox 1331 2579 1364 2619; x_wconf 89' lang='grc' dir='ltr'><strong>ο</strong></span> <span class='ocrx_word' id='word_1_289' title='bbox 1416 2563 1635 2619; x_wconf 84' lang='lat' dir='ltr'><strong>Christe</strong></span> <span class='ocrx_word' id='word_1_290' title='bbox 1674 2579 1770 2619; x_wconf 79' lang='lat' dir='ltr'><strong>rex</strong></span> <span class='ocrx_word' id='word_1_291' title='bbox 1824 2571 2037 2625; x_wconf 88' lang='lat' dir='ltr'><strong>noster,</strong></span> 
     </span>
    </p>
   </div>
   <div class='ocr_carea' id='block_1_43' title="bbox 466 2651 2040 2724">
    <p class='ocr_par' dir='ltr' id='par_1_43' title="bbox 466 2651 2040 2724">
     <span class='ocr_line' id='line_1_43' title="bbox 466 2651 2040 2724; baseline -0.005 -8"><span class='ocrx_word' id='word_1_292' title='bbox 466 2658 879 2716; x_wconf 89' lang='lat' dir='ltr'><strong>multitudinem</strong></span> <span class='ocrx_word' id='word_1_293' title='bbox 913 2656 1180 2712; x_wconf 85' lang='lat' dir='ltr'><strong>bonitatis</strong></span> <span class='ocrx_word' id='word_1_294' title='bbox 1213 2666 1318 2711; x_wconf 85' lang='lat' dir='ltr'><strong>tuae</strong></span> <span class='ocrx_word' id='word_1_295' title='bbox 1346 2653 1530 2724; x_wconf 81' lang='lat' dir='ltr'><strong>dignis</strong></span> <span class='ocrx_word' id='word_1_296' title='bbox 1573 2653 1817 2708; x_wconf 88' lang='lat' dir='ltr'><strong>celebret</strong></span> <span class='ocrx_word' id='word_1_297' title='bbox 1856 2651 2040 2708; x_wconf 87' lang='lat' dir='ltr'><strong>laudi-</strong></span> 
     </span>
    </p>
   </div>
   <div class='ocr_carea' id='block_1_44' title="bbox 467 2732 2041 2823">
    <p class='ocr_par' dir='ltr' id='par_1_44' title="bbox 467 2732 2041 2823">
     <span class='ocr_line' id='line_1_44' title="bbox 467 2732 2041 2823; baseline -0.009 -14"><span class='ocrx_word' id='word_1_298' title='bbox 467 2753 572 2809; x_wconf 84' lang='lat' dir='ltr'><strong>bus</strong></span> <span class='ocrx_word' id='word_1_299' title='bbox 592 2752 656 2823; x_wconf 94' lang='lat' dir='ltr'><strong>l),</strong></span> <span class='ocrx_word' id='word_1_300' title='bbox 687 2750 848 2822; x_wconf 88' lang='lat' dir='ltr'><strong>quasi</strong></span> <span class='ocrx_word' id='word_1_301' title='bbox 873 2748 1098 2819; x_wconf 80' lang='lat' dir='ltr'><strong>globum</strong></span> <span class='ocrx_word' id='word_1_302' title='bbox 1132 2732 1349 2803; x_wconf 71' lang='lat' dir='ltr'><strong>sumtus</strong></span> <span class='ocrx_word' id='word_1_303' title='bbox 1376 2759 1633 2814; x_wconf 84' lang='lat' dir='ltr'><strong>magnum</strong></span> <span class='ocrx_word' id='word_1_304' title='bbox 1671 2743 1893 2798; x_wconf 89' lang='lat' dir='ltr'><strong>tenebat</strong></span> <span class='ocrx_word' id='word_1_305' title='bbox 1920 2758 2041 2796; x_wconf 87' lang='lat' dir='ltr'><strong>ma—</strong></span> 
     </span>
    </p>
   </div>
   <div class='ocr_carea' id='block_1_45' title="bbox 462 2833 2043 2911">
    <p class='ocr_par' dir='ltr' id='par_1_45' title="bbox 462 2833 2043 2911">
     <span class='ocr_line' id='line_1_45' title="bbox 462 2833 2043 2911; baseline -0.008 -11"><span class='ocrx_word' id='word_1_306' title='bbox 462 2845 664 2909; x_wconf 79' lang='lat' dir='ltr'><strong>nibus;</strong></span> <span class='ocrx_word' id='word_1_307' title='bbox 698 2843 976 2911; x_wconf 87' lang='lat' dir='ltr'><strong>simulque</strong></span> <span class='ocrx_word' id='word_1_308' title='bbox 1008 2839 1163 2895; x_wconf 89' lang='lat' dir='ltr'><strong>humi</strong></span> <span class='ocrx_word' id='word_1_309' title='bbox 1193 2853 1253 2894; x_wconf 90' lang='lat' dir='ltr'><strong>se</strong></span> <span class='ocrx_word' id='word_1_310' title='bbox 1285 2844 1668 2907; x_wconf 87' lang='lat' dir='ltr'><strong>prosternens,</strong></span> <span class='ocrx_word' id='word_1_311' title='bbox 1693 2850 1756 2889; x_wconf 90' lang='lat' dir='ltr'><strong>ac</strong></span> <span class='ocrx_word' id='word_1_312' title='bbox 1778 2850 1955 2905; x_wconf 90' lang='lat' dir='ltr'><strong>prono</strong></span> <span class='ocrx_word' id='word_1_313' title='bbox 1984 2833 2043 2887; x_wconf 88' lang='lat' dir='ltr'><strong>in</strong></span> 
     </span>
    </p>
   </div>
   <div class='ocr_carea' id='block_1_46' title="bbox 465 2925 2042 3008">
    <p class='ocr_par' dir='ltr' id='par_1_46' title="bbox 465 2925 2042 3008">
     <span class='ocr_line' id='line_1_46' title="bbox 465 2925 2042 3008; baseline -0.01 -15"><span class='ocrx_word' id='word_1_314' title='bbox 465 2937 845 3008; x_wconf 80' lang='lat' dir='ltr'><strong>pavimentum</strong></span> <span class='ocrx_word' id='word_1_315' title='bbox 873 2933 1077 3002; x_wconf 88' lang='lat' dir='ltr'><strong>capite,</strong></span> <span class='ocrx_word' id='word_1_316' title='bbox 1107 2938 1235 2985; x_wconf 89' lang='lat' dir='ltr'><strong>ante</strong></span> <span class='ocrx_word' id='word_1_317' title='bbox 1265 2944 1418 2983; x_wconf 90' lang='lat' dir='ltr'><strong>aram</strong></span> <span class='ocrx_word' id='word_1_318' title='bbox 1441 2928 1569 2981; x_wconf 81' lang='lat' dir='ltr'><strong>nixa</strong></span> <span class='ocrx_word' id='word_1_319' title='bbox 1607 2925 1859 2997; x_wconf 78' lang='lat' dir='ltr'><strong>genibus,</strong></span> <span class='ocrx_word' id='word_1_320' title='bbox 1907 2932 2042 2995; x_wconf 86' lang='lat' dir='ltr'><strong>quot</strong></span> 
     </span>
    </p>
   </div>
   <div class='ocr_carea' id='block_1_47' title="bbox 465 3019 2038 3097">
    <p class='ocr_par' dir='ltr' id='par_1_47' title="bbox 465 3019 2038 3097">
     <span class='ocr_line' id='line_1_47' title="bbox 465 3019 2038 3097; baseline -0.008 -14"><span class='ocrx_word' id='word_1_321' title='bbox 465 3027 607 3097; x_wconf 86' lang='lat' dir='ltr'><strong>grati</strong></span> <span class='ocrx_word' id='word_1_322' title='bbox 666 3025 838 3082; x_wconf 88' lang='lat' dir='ltr'><strong>animi</strong></span> <span class='ocrx_word' id='word_1_323' title='bbox 885 3039 1073 3089; x_wconf 82' lang='lat' dir='ltr'><strong>voces,</strong></span> <span class='ocrx_word' id='word_1_324' title='bbox 1112 3028 1251 3092; x_wconf 88' lang='lat' dir='ltr'><strong>quot</strong></span> <span class='ocrx_word' id='word_1_325' title='bbox 1305 3020 1455 3074; x_wconf 88' lang='lat' dir='ltr'><strong>rivos</strong></span> <span class='ocrx_word' id='word_1_326' title='bbox 1507 3019 1878 3090; x_wconf 86' lang='lat' dir='ltr'><strong>lacrymarum</strong></span> <span class='ocrx_word' id='word_1_327' title='bbox 1927 3032 2038 3071; x_wconf 90' lang='lat' dir='ltr'><strong>non</strong></span> 
     </span>
    </p>
   </div>
   <div class='ocr_carea' id='block_1_48' title="bbox 2153 1827 3724 1900">
    <p class='ocr_par' dir='ltr' id='par_1_48' title="bbox 2153 1827 3724 1900">
     <span class='ocr_line' id='line_1_48' title="bbox 2153 1827 3724 1900; baseline 0.004 -23"><span class='ocrx_word' id='word_1_328' title='bbox 2153 1828 2285 1896; x_wconf 73' lang='grc' dir='ltr'>αὐτῇ</span> <span class='ocrx_word' id='word_1_329' title='bbox 2315 1844 2329 1857; x_wconf 88' lang='grc'><strong>·</strong></span> <span class='ocrx_word' id='word_1_330' title='bbox 2367 1827 2704 1899; x_wconf 81' lang='grc' dir='ltr'>προσεδέχθη</span> <span class='ocrx_word' id='word_1_331' title='bbox 2743 1828 2851 1899; x_wconf 78' lang='grc' dir='ltr'><strong>γὰρ</strong></span> <span class='ocrx_word' id='word_1_332' title='bbox 2878 1831 2911 1897; x_wconf 82' lang='grc' dir='ltr'><strong>ἠ</strong></span> <span class='ocrx_word' id='word_1_333' title='bbox 2960 1828 3146 1897; x_wconf 85' lang='grc' dir='ltr'>δέησίς</span> <span class='ocrx_word' id='word_1_334' title='bbox 3194 1846 3310 1895; x_wconf 88' lang='grc' dir='ltr'>σου,</span> <span class='ocrx_word' id='word_1_335' title='bbox 3338 1830 3431 1882; x_wconf 77' lang='grc' dir='ltr'><strong>καὶ</strong></span> <span class='ocrx_word' id='word_1_336' title='bbox 3477 1829 3613 1900; x_wconf 74' lang='grc' dir='ltr'>αὕτη</span> <span class='ocrx_word' id='word_1_337' title='bbox 3649 1848 3724 1883; x_wconf 88' lang='grc' dir='ltr'><strong>σοι</strong></span> 
     </span>
    </p>
   </div>
   <div class='ocr_carea' id='block_1_49' title="bbox 2126 1921 3729 1995">
    <p class='ocr_par' dir='ltr' id='par_1_49' title="bbox 2126 1921 3729 1995">
     <span class='ocr_line' id='line_1_49' title="bbox 2126 1921 3729 1995; baseline 0.003 -24"><span class='ocrx_word' id='word_1_338' title='bbox 2126 1937 2215 1987; x_wconf 41' lang='lat' dir='ltr'><strong>or,</strong></span> <span class='ocrx_word' id='word_1_339' title='bbox 2230 1923 2379 1987; x_wconf 81' lang='grc' dir='ltr'>μεῖον</span> <span class='ocrx_word' id='word_1_340' title='bbox 2405 1922 2437 1990; x_wconf 78' lang='grc' dir='ltr'><strong>ἡ</strong></span> <span class='ocrx_word' id='word_1_341' title='bbox 2461 1921 2679 1983; x_wconf 80' lang='grc' dir='ltr'>εὐωδία,</span> <span class='ocrx_word' id='word_1_342' title='bbox 2723 1923 2909 1990; x_wconf 76' lang='grc' dir='ltr'>φησὶν,</span> <span class='ocrx_word' id='word_1_343' title='bbox 2952 1924 3019 1992; x_wconf 78' lang='grc' dir='ltr'>ῆν</span> <span class='ocrx_word' id='word_1_344' title='bbox 3052 1923 3147 1976; x_wconf 73' lang='grc' dir='ltr'><strong>καὶ</strong></span> <span class='ocrx_word' id='word_1_345' title='bbox 3174 1922 3420 1977; x_wconf 76' lang='grc' dir='ltr'>λαδούσα</span> <span class='ocrx_word' id='word_1_346' title='bbox 3449 1922 3729 1995; x_wconf 82' lang='grc' dir='ltr'>θυμιάσεις</span> 
     </span>
    </p>
   </div>
   <div class='ocr_carea' id='block_1_50' title="bbox 2147 2012 3727 2083">
    <p class='ocr_par' dir='ltr' id='par_1_50' title="bbox 2147 2012 3727 2083">
     <span class='ocr_line' id='line_1_50' title="bbox 2147 2012 3727 2083; baseline 0.003 -21"><span class='ocrx_word' id='word_1_347' title='bbox 2147 2012 2222 2080; x_wconf 69' lang='grc' dir='ltr'><strong>τῷ</strong></span> <span class='ocrx_word' id='word_1_348' title='bbox 2258 2013 2391 2083; x_wconf 75' lang='grc' dir='ltr'>οἴκῳ</span> <span class='ocrx_word' id='word_1_349' title='bbox 2429 2029 2441 2040; x_wconf 91' lang='grc'><strong>·</strong></span> <span class='ocrx_word' id='word_1_350' title='bbox 2482 2012 2730 2083; x_wconf 74' lang='grc' dir='ltr'>ἀρκοῦσα</span> <span class='ocrx_word' id='word_1_351' title='bbox 2773 2014 2881 2083; x_wconf 83' lang='grc' dir='ltr'>γὰρ</span> <span class='ocrx_word' id='word_1_352' title='bbox 2912 2014 2995 2082; x_wconf 81' lang='grc' dir='ltr'><strong>ἐφ’</strong></span> <span class='ocrx_word' id='word_1_353' title='bbox 3026 2016 3210 2068; x_wconf 65' lang='grc' dir='ltr'>ίκανῦν</span> <span class='ocrx_word' id='word_1_354' title='bbox 3246 2014 3406 2069; x_wconf 77' lang='grc' dir='ltr'>ἔσται</span> <span class='ocrx_word' id='word_1_355' title='bbox 3437 2033 3541 2069; x_wconf 89' lang='grc' dir='ltr'>σοι.</span> <span class='ocrx_word' id='word_1_356' title='bbox 3586 2015 3645 2069; x_wconf 83' lang='grc' dir='ltr'><strong>Ἦ</strong></span> <span class='ocrx_word' id='word_1_357' title='bbox 3674 2016 3727 2067; x_wconf 73' lang='grc' dir='ltr'>δὲ</span> 
     </span>
    </p>
   </div>
   <div class='ocr_carea' id='block_1_51' title="bbox 2157 2104 3730 2178">
    <p class='ocr_par' dir='ltr' id='par_1_51' title="bbox 2157 2104 3730 2178">
     <span class='ocr_line' id='line_1_51' title="bbox 2157 2104 3730 2178; baseline 0.003 -23"><span class='ocrx_word' id='word_1_358' title='bbox 2157 2104 2468 2172; x_wconf 75' lang='grc' dir='ltr'>κατάφοϐος</span> <span class='ocrx_word' id='word_1_359' title='bbox 2489 2105 2621 2173; x_wconf 82' lang='grc' dir='ltr'>ὁμοῦ</span> <span class='ocrx_word' id='word_1_360' title='bbox 2646 2107 2738 2158; x_wconf 69' lang='grc' dir='ltr'>καὶ</span> <span class='ocrx_word' id='word_1_361' title='bbox 2769 2106 3074 2178; x_wconf 78' lang='grc' dir='ltr'>περιχαρὴς</span> <span class='ocrx_word' id='word_1_362' title='bbox 3101 2108 3303 2160; x_wconf 82' lang='grc' dir='ltr'>αὐτίκα</span> <span class='ocrx_word' id='word_1_363' title='bbox 3317 2107 3688 2161; x_wconf 85' lang='grc' dir='ltr'>διυπνισθείσα</span> <span class='ocrx_word' id='word_1_364' title='bbox 3714 2149 3730 2173; x_wconf 83' lang='grc'><strong>,</strong></span> 
     </span>
    </p>
   </div>
   <div class='ocr_carea' id='block_1_52' title="bbox 2148 2194 3728 2270">
    <p class='ocr_par' dir='ltr' id='par_1_52' title="bbox 2148 2194 3728 2270">
     <span class='ocr_line' id='line_1_52' title="bbox 2148 2194 3728 2270; baseline 0.004 -24"><span class='ocrx_word' id='word_1_365' title='bbox 2148 2194 2209 2246; x_wconf 75' lang='grc' dir='ltr'><strong>το</strong></span> <span class='ocrx_word' id='word_1_366' title='bbox 2246 2194 2365 2263; x_wconf 78' lang='grc' dir='ltr'>μὲν,</span> <span class='ocrx_word' id='word_1_367' title='bbox 2400 2194 2476 2265; x_wconf 84' lang='grc' dir='ltr'><strong>τῷ</strong></span> <span class='ocrx_word' id='word_1_368' title='bbox 2515 2196 2689 2265; x_wconf 80' lang='grc' dir='ltr'>καινῷ</span> <span class='ocrx_word' id='word_1_369' title='bbox 2711 2196 2806 2249; x_wconf 83' lang='grc' dir='ltr'>τοῦ</span> <span class='ocrx_word' id='word_1_370' title='bbox 2834 2199 3111 2267; x_wconf 78' lang='grc' dir='ltr'><strong>ὁράματος</strong></span> <span class='ocrx_word' id='word_1_371' title='bbox 3134 2242 3149 2265; x_wconf 91' lang='grc'><strong>,</strong></span> <span class='ocrx_word' id='word_1_372' title='bbox 3190 2199 3255 2251; x_wconf 83' lang='grc' dir='ltr'>τὸ</span> <span class='ocrx_word' id='word_1_373' title='bbox 3285 2200 3369 2264; x_wconf 78' lang='grc' dir='ltr'><strong>δὲ,</strong></span> <span class='ocrx_word' id='word_1_374' title='bbox 3402 2203 3471 2270; x_wconf 79' lang='grc' dir='ltr'>τῇ</span> <span class='ocrx_word' id='word_1_375' title='bbox 3499 2200 3593 2253; x_wconf 79' lang='grc' dir='ltr'><strong>τοῦ</strong></span> <span class='ocrx_word' id='word_1_376' title='bbox 3648 2203 3728 2253; x_wconf 81' lang='lat' dir='ltr'><strong>al-</strong></span> 
     </span>
    </p>
   </div>
   <div class='ocr_carea' id='block_1_53' title="bbox 2147 2284 3732 2362">
    <p class='ocr_par' dir='ltr' id='par_1_53' title="bbox 2147 2284 3732 2362">
     <span class='ocr_line' id='line_1_53' title="bbox 2147 2284 3732 2362; baseline 0.004 -25"><span class='ocrx_word' id='word_1_377' title='bbox 2147 2284 2401 2352; x_wconf 78' lang='grc' dir='ltr'>τηθέντος</span> <span class='ocrx_word' id='word_1_378' title='bbox 2442 2287 2745 2358; x_wconf 77' lang='grc' dir='ltr'>ἐπαγγελίᾳ</span> <span class='ocrx_word' id='word_1_379' title='bbox 2768 2287 2883 2353; x_wconf 87' lang='grc' dir='ltr'>(Τίς</span> <span class='ocrx_word' id='word_1_380' title='bbox 2950 2306 3064 2352; x_wconf 90' lang='grc' dir='ltr'>σου,</span> <span class='ocrx_word' id='word_1_381' title='bbox 3114 2292 3323 2360; x_wconf 84' lang='grc' dir='ltr'>Χριστὲ</span> <span class='ocrx_word' id='word_1_382' title='bbox 3389 2290 3636 2362; x_wconf 75' lang='grc' dir='ltr'>βασιλεῦ,</span> <span class='ocrx_word' id='word_1_383' title='bbox 3674 2292 3732 2343; x_wconf 80' lang='grc' dir='ltr'><strong>τὸ</strong></span> 
     </span>
    </p>
   </div>
   <div class='ocr_carea' id='block_1_54' title="bbox 2148 2377 3731 2453">
    <p class='ocr_par' dir='ltr' id='par_1_54' title="bbox 2148 2377 3731 2453">
     <span class='ocr_line' id='line_1_54' title="bbox 2148 2377 3731 2453; baseline 0.004 -25"><span class='ocrx_word' id='word_1_384' title='bbox 2148 2377 2246 2446; x_wconf 82' lang='grc' dir='ltr'><strong>τῆς</strong></span> <span class='ocrx_word' id='word_1_385' title='bbox 2297 2379 2663 2450; x_wconf 81' lang='grc' dir='ltr'><strong>χρηστότητος</strong></span> <span class='ocrx_word' id='word_1_386' title='bbox 2720 2380 2926 2449; x_wconf 77' lang='grc' dir='ltr'>πλῆθος</span> <span class='ocrx_word' id='word_1_387' title='bbox 2965 2381 3131 2447; x_wconf 78' lang='grc' dir='ltr'>ἀξίως</span> <span class='ocrx_word' id='word_1_388' title='bbox 3163 2383 3554 2453; x_wconf 76' lang='grc' dir='ltr'>ὑμνήσειενί),</span> <span class='ocrx_word' id='word_1_389' title='bbox 3607 2384 3731 2437; x_wconf 80' lang='grc' dir='ltr'>ὡσεὶ</span> 
     </span>
    </p>
   </div>
   <div class='ocr_carea' id='block_1_55' title="bbox 2150 2471 3734 2548">
    <p class='ocr_par' dir='ltr' id='par_1_55' title="bbox 2150 2471 3734 2548">
     <span class='ocr_line' id='line_1_55' title="bbox 2150 2471 3734 2548; baseline 0.003 -24"><span class='ocrx_word' id='word_1_390' title='bbox 2150 2478 2382 2543; x_wconf 81' lang='grc' dir='ltr'>σφαῖραν</span> <span class='ocrx_word' id='word_1_391' title='bbox 2435 2474 2774 2544; x_wconf 79' lang='grc' dir='ltr'>θυμιάματος</span> <span class='ocrx_word' id='word_1_392' title='bbox 2831 2474 3076 2545; x_wconf 78' lang='grc' dir='ltr'><strong>μεγάλην</strong></span> <span class='ocrx_word' id='word_1_393' title='bbox 3104 2471 3215 2545; x_wconf 62' lang='grc' dir='ltr'>εἷλε</span> <span class='ocrx_word' id='word_1_394' title='bbox 3258 2476 3350 2530; x_wconf 83' lang='grc' dir='ltr'>διὰ</span> <span class='ocrx_word' id='word_1_395' title='bbox 3398 2476 3618 2548; x_wconf 81' lang='grc' dir='ltr'>χειρὸς,</span> <span class='ocrx_word' id='word_1_396' title='bbox 3645 2477 3734 2529; x_wconf 80' lang='grc' dir='ltr'>καὶ</span> 
     </span>
    </p>
   </div>
   <div class='ocr_carea' id='block_1_56' title="bbox 2149 2553 3734 2635">
    <p class='ocr_par' dir='ltr' id='par_1_56' title="bbox 2149 2553 3734 2635">
     <span class='ocr_line' id='line_1_56' title="bbox 2149 2553 3734 2635; baseline 0 -18"><span class='ocrx_word' id='word_1_397' title='bbox 2149 2564 2494 2635; x_wconf 80' lang='grc' dir='ltr'>παραχρῆμα</span> <span class='ocrx_word' id='word_1_398' title='bbox 2541 2553 2799 2634; x_wconf 75' lang='grc' dir='ltr'>ὡςέίχεν</span> <span class='ocrx_word' id='word_1_399' title='bbox 2829 2566 3030 2634; x_wconf 75' lang='grc' dir='ltr'>ἑαυτὴν</span> <span class='ocrx_word' id='word_1_400' title='bbox 3060 2564 3136 2634; x_wconf 83' lang='grc' dir='ltr'><strong>τῷ</strong></span> <span class='ocrx_word' id='word_1_401' title='bbox 3164 2566 3356 2635; x_wconf 76' lang='grc' dir='ltr'>ἐδάφει</span> <span class='ocrx_word' id='word_1_402' title='bbox 3405 2566 3574 2620; x_wconf 79' lang='grc' dir='ltr'>δοῦσα</span> <span class='ocrx_word' id='word_1_403' title='bbox 3597 2603 3612 2632; x_wconf 81' lang='lat'><strong>,</strong></span> <span class='ocrx_word' id='word_1_404' title='bbox 3644 2564 3734 2618; x_wconf 82' lang='grc' dir='ltr'>καὶ</span> 
     </span>
    </p>
   </div>
   <div class='ocr_carea' id='block_1_57' title="bbox 2146 2654 3735 2727">
    <p class='ocr_par' dir='ltr' id='par_1_57' title="bbox 2146 2654 3735 2727">
     <span class='ocr_line' id='line_1_57' title="bbox 2146 2654 3735 2727; baseline -0.001 -20"><span class='ocrx_word' id='word_1_405' title='bbox 2146 2655 2389 2724; x_wconf 79' lang='grc' dir='ltr'>κεφαλὴν</span> <span class='ocrx_word' id='word_1_406' title='bbox 2447 2655 2534 2708; x_wconf 84' lang='grc' dir='ltr'>ἐπ’</span> <span class='ocrx_word' id='word_1_407' title='bbox 2568 2655 2700 2708; x_wconf 82' lang='grc' dir='ltr'>αὐτὸ</span> <span class='ocrx_word' id='word_1_408' title='bbox 2746 2657 2852 2727; x_wconf 84' lang='grc' dir='ltr'><strong>πρὸ</strong></span> <span class='ocrx_word' id='word_1_409' title='bbox 2880 2656 2975 2708; x_wconf 79' lang='grc' dir='ltr'>τοῦ</span> <span class='ocrx_word' id='word_1_410' title='bbox 3018 2656 3418 2727; x_wconf 80' lang='grc' dir='ltr'>θυσιαστηρίου</span> <span class='ocrx_word' id='word_1_411' title='bbox 3455 2655 3598 2726; x_wconf 87' lang='grc' dir='ltr'>μετὰ</span> <span class='ocrx_word' id='word_1_412' title='bbox 3646 2654 3735 2708; x_wconf 73' lang='grc' dir='ltr'>καὶ</span> 
     </span>
    </p>
   </div>
   <div class='ocr_carea' id='block_1_58' title="bbox 2146 2747 3736 2818">
    <p class='ocr_par' dir='ltr' id='par_1_58' title="bbox 2146 2747 3736 2818">
     <span class='ocr_line' id='line_1_58' title="bbox 2146 2747 3736 2818; baseline -0.001 -17"><span class='ocrx_word' id='word_1_413' title='bbox 2146 2748 2386 2815; x_wconf 82' lang='grc' dir='ltr'>γονάτων</span> <span class='ocrx_word' id='word_1_414' title='bbox 2416 2747 2700 2818; x_wconf 71' lang='grc' dir='ltr'>ἐρείσασα,</span> <span class='ocrx_word' id='word_1_415' title='bbox 2734 2747 2891 2809; x_wconf 88' lang='grc' dir='ltr'>ποίας</span> <span class='ocrx_word' id='word_1_416' title='bbox 2916 2748 3382 2818; x_wconf 81' lang='grc' dir='ltr'>εὐχαριστηρίους</span> <span class='ocrx_word' id='word_1_417' title='bbox 3411 2748 3513 2801; x_wconf 80' lang='grc' dir='ltr'><strong>οὐκ</strong></span> <span class='ocrx_word' id='word_1_418' title='bbox 3543 2748 3736 2800; x_wconf 69' lang='grc' dir='ltr'><strong>ὲειτοιεῑ⁶</strong></span> 
     </span>
    </p>
   </div>
   <div class='ocr_carea' id='block_1_59' title="bbox 2146 2826 3731 2909">
    <p class='ocr_par' dir='ltr' id='par_1_59' title="bbox 2146 2826 3731 2909">
     <span class='ocr_line' id='line_1_59' title="bbox 2146 2826 3731 2909; baseline 0.002 -19"><span class='ocrx_word' id='word_1_419' title='bbox 2146 2855 2207 2890; x_wconf 88' lang='grc' dir='ltr'><strong>το</strong></span> <span class='ocrx_word' id='word_1_420' title='bbox 2232 2839 2414 2907; x_wconf 78' lang='grc' dir='ltr'>φωνάς</span> <span class='ocrx_word' id='word_1_421' title='bbox 2438 2855 2453 2903; x_wconf 89' lang='lat'><strong>;</strong></span> <span class='ocrx_word' id='word_1_422' title='bbox 2482 2836 2635 2902; x_wconf 85' lang='grc' dir='ltr'>τίνας</span> <span class='ocrx_word' id='word_1_423' title='bbox 2663 2837 2920 2906; x_wconf 81' lang='grc' dir='ltr'>δακρύων</span> <span class='ocrx_word' id='word_1_424' title='bbox 2946 2840 3168 2908; x_wconf 81' lang='grc' dir='ltr'>ὀχετοὺς</span> <span class='ocrx_word' id='word_1_425' title='bbox 3195 2840 3301 2892; x_wconf 80' lang='grc' dir='ltr'><strong>οὑκ</strong></span> <span class='ocrx_word' id='word_1_426' title='bbox 3336 2839 3494 2909; x_wconf 72' lang='grc' dir='ltr'>ἠφίει</span> <span class='ocrx_word' id='word_1_427' title='bbox 3525 2841 3540 2893; x_wconf 88' lang='lat' dir='ltr'><strong>l</strong></span> <span class='ocrx_word' id='word_1_428' title='bbox 3574 2826 3731 2907; x_wconf 71' lang='grc' dir='ltr'><strong>Ἐξῆς</strong></span> 
     </span>
    </p>
   </div>
   <div class='ocr_carea' id='block_1_60' title="bbox 2145 2926 3736 3001">
    <p class='ocr_par' dir='ltr' id='par_1_60' title="bbox 2145 2926 3736 3001">
     <span class='ocr_line' id='line_1_60' title="bbox 2145 2926 3736 3001; baseline -0.001 -20"><span class='ocrx_word' id='word_1_429' title='bbox 2145 2926 2201 2981; x_wconf 75' lang='grc' dir='ltr'>δὲ</span> <span class='ocrx_word' id='word_1_430' title='bbox 2234 2927 2474 2981; x_wconf 73' lang='grc' dir='ltr'>λαϐοῦσα</span> <span class='ocrx_word' id='word_1_431' title='bbox 2503 2927 2888 2998; x_wconf 81' lang='grc' dir='ltr'>θυμιατήριον,</span> <span class='ocrx_word' id='word_1_432' title='bbox 2920 2929 3179 2999; x_wconf 80' lang='grc' dir='ltr'><strong>τοιαύτης</strong></span> <span class='ocrx_word' id='word_1_433' title='bbox 3221 2930 3472 3001; x_wconf 80' lang='grc' dir='ltr'>ἐπλήρου</span> <span class='ocrx_word' id='word_1_434' title='bbox 3511 2928 3736 2990; x_wconf 79' lang='grc' dir='ltr'>εὐωδίας</span> 
     </span>
    </p>
   </div>
   <div class='ocr_carea' id='block_1_61' title="bbox 2148 3014 3738 3092">
    <p class='ocr_par' dir='ltr' id='par_1_61' title="bbox 2148 3014 3738 3092">
     <span class='ocr_line' id='line_1_61' title="bbox 2148 3014 3738 3092; baseline 0.003 -22"><span class='ocrx_word' id='word_1_435' title='bbox 2148 3018 2240 3071; x_wconf 84' lang='grc' dir='ltr'><strong>τὸν</strong></span> <span class='ocrx_word' id='word_1_436' title='bbox 2297 3014 2466 3083; x_wconf 82' lang='grc' dir='ltr'>οἷκον,</span> <span class='ocrx_word' id='word_1_437' title='bbox 2497 3020 2573 3081; x_wconf 85' lang='grc' dir='ltr'>ὡς</span> <span class='ocrx_word' id='word_1_438' title='bbox 2623 3018 2750 3091; x_wconf 84' lang='grc' dir='ltr'>μηδ’</span> <span class='ocrx_word' id='word_1_439' title='bbox 2796 3019 2942 3091; x_wconf 76' lang='grc' dir='ltr'>ἔχειν</span> <span class='ocrx_word' id='word_1_440' title='bbox 3000 3021 3128 3084; x_wconf 79' lang='grc' dir='ltr'>τοὺς</span> <span class='ocrx_word' id='word_1_441' title='bbox 3181 3022 3359 3092; x_wconf 80' lang='grc' dir='ltr'>αὐτῆς</span> <span class='ocrx_word' id='word_1_442' title='bbox 3401 3021 3738 3091; x_wconf 74' lang='grc' dir='ltr'>ἀντιλαμῆαο</span> 
     </span>
    </p>
   </div>
   <div class='ocr_carea' id='block_1_62' title="bbox 464 3093 2044 3183">
    <p class='ocr_par' dir='ltr' id='par_1_62' title="bbox 464 3093 2044 3182">
     <span class='ocr_line' id='line_1_62' title="bbox 464 3093 2044 3182; baseline -0.01 -5"><span class='ocrx_word' id='word_1_443' title='bbox 464 3093 788 3177; x_wconf 64' lang='lat' dir='ltr'><strong>emittebat!</strong></span> <span class='ocrx_word' id='word_1_444' title='bbox 818 3114 1027 3171; x_wconf 90' lang='lat' dir='ltr'><strong>Deinde</strong></span> <span class='ocrx_word' id='word_1_445' title='bbox 1077 3119 1302 3182; x_wconf 90' lang='lat' dir='ltr'><strong>arrepto</strong></span> <span class='ocrx_word' id='word_1_446' title='bbox 1337 3109 1647 3172; x_wconf 91' lang='lat' dir='ltr'><strong>thuribnlo,</strong></span> <span class='ocrx_word' id='word_1_447' title='bbox 1702 3108 1794 3163; x_wconf 91' lang='lat' dir='ltr'><strong>tali</strong></span> <span class='ocrx_word' id='word_1_448' title='bbox 1862 3108 2044 3163; x_wconf 87' lang='lat' dir='ltr'><strong>locum</strong></span> 
     </span>
    </p>
   </div>
   <div class='ocr_carea' id='block_1_63' title="bbox 2157 3093 3743 3183">
    <p class='ocr_par' dir='ltr' id='par_1_63' title="bbox 2157 3110 3743 3183">
     <span class='ocr_line' id='line_1_63' title="bbox 2157 3110 3743 3183; baseline 0.002 -22"><span class='ocrx_word' id='word_1_449' title='bbox 2157 3111 2411 3177; x_wconf 84' lang='grc' dir='ltr'>νομένους</span> <span class='ocrx_word' id='word_1_450' title='bbox 2470 3110 2671 3164; x_wconf 81' lang='grc' dir='ltr'>εἰδέναι</span> <span class='ocrx_word' id='word_1_451' title='bbox 2738 3112 2924 3180; x_wconf 83' lang='grc' dir='ltr'>σαφῶς</span> <span class='ocrx_word' id='word_1_452' title='bbox 2966 3153 2980 3176; x_wconf 92' lang='grc'><strong>,</strong></span> <span class='ocrx_word' id='word_1_453' title='bbox 3048 3114 3170 3183; x_wconf 72' lang='grc' dir='ltr'>ἥτις</span> <span class='ocrx_word' id='word_1_454' title='bbox 3232 3115 3369 3167; x_wconf 79' lang='grc' dir='ltr'>ποτὲ</span> <span class='ocrx_word' id='word_1_455' title='bbox 3421 3114 3564 3183; x_wconf 77' lang='grc' dir='ltr'>αὕτη</span> <span class='ocrx_word' id='word_1_456' title='bbox 3599 3130 3611 3143; x_wconf 90' lang='grc'><strong>·</strong></span> <span class='ocrx_word' id='word_1_457' title='bbox 3651 3112 3743 3165; x_wconf 72' lang='grc' dir='ltr'>καὶ</span> 
     </span>
    </p>
   </div>
   <div class='ocr_carea' id='block_1_64' title="bbox 468 3200 2040 3281">
    <p class='ocr_par' dir='ltr' id='par_1_64' title="bbox 468 3200 2040 3281">
     <span class='ocr_line' id='line_1_64' title="bbox 468 3200 2040 3281; baseline -0.01 -15"><span class='ocrx_word' id='word_1_458' title='bbox 468 3209 736 3281; x_wconf 89' lang='lat' dir='ltr'><strong>implebat</strong></span> <span class='ocrx_word' id='word_1_459' title='bbox 765 3206 956 3260; x_wconf 83' lang='lat' dir='ltr'><strong>odoris</strong></span> <span class='ocrx_word' id='word_1_460' title='bbox 980 3204 1274 3267; x_wconf 89' lang='lat' dir='ltr'><strong>suavitate,</strong></span> <span class='ocrx_word' id='word_1_461' title='bbox 1300 3209 1360 3255; x_wconf 91' lang='lat' dir='ltr'><strong>ut</strong></span> <span class='ocrx_word' id='word_1_462' title='bbox 1389 3201 1535 3255; x_wconf 87' lang='lat' dir='ltr'><strong>illam</strong></span> <span class='ocrx_word' id='word_1_463' title='bbox 1578 3200 1882 3255; x_wconf 86' lang='lat' dir='ltr'><strong>sentientes</strong></span> <span class='ocrx_word' id='word_1_464' title='bbox 1929 3214 2040 3254; x_wconf 88' lang='lat' dir='ltr'><strong>non</strong></span> 
     </span>
    </p>
   </div>
   <div class='ocr_carea' id='block_1_65' title="bbox 467 3289 2042 3369">
    <p class='ocr_par' dir='ltr' id='par_1_65' title="bbox 467 3289 2042 3369">
     <span class='ocr_line' id='line_1_65' title="bbox 467 3289 2042 3369; baseline -0.01 -11"><span class='ocrx_word' id='word_1_465' title='bbox 467 3300 606 3358; x_wconf 80' lang='lat' dir='ltr'><strong>satis</strong></span> <span class='ocrx_word' id='word_1_466' title='bbox 652 3302 1052 3369; x_wconf 83' lang='lat' dir='ltr'><strong>cognoscerent</strong></span> <span class='ocrx_word' id='word_1_467' title='bbox 1104 3293 1283 3363; x_wconf 84' lang='lat' dir='ltr'><strong>qualis</strong></span> <span class='ocrx_word' id='word_1_468' title='bbox 1305 3299 1485 3357; x_wconf 87' lang='lat' dir='ltr'><strong>esset;</strong></span> <span class='ocrx_word' id='word_1_469' title='bbox 1539 3290 1673 3361; x_wconf 90' lang='lat' dir='ltr'><strong>quin</strong></span> <span class='ocrx_word' id='word_1_470' title='bbox 1725 3289 2042 3352; x_wconf 89' lang='lat' dir='ltr'><strong>etiam,cu—</strong></span> 
     </span>
    </p>
   </div>
   <div class='ocr_carea' id='block_1_66' title="bbox 2151 3200 3740 3274">
    <p class='ocr_par' dir='ltr' id='par_1_66' title="bbox 2151 3200 3740 3274">
     <span class='ocr_line' id='line_1_66' title="bbox 2151 3200 3740 3274; baseline 0.003 -24"><span class='ocrx_word' id='word_1_471' title='bbox 2151 3200 2335 3253; x_wconf 85' lang='grc' dir='ltr'>ὁποίου</span> <span class='ocrx_word' id='word_1_472' title='bbox 2364 3203 2431 3255; x_wconf 66' lang='grc' dir='ltr'>ἂν</span> <span class='ocrx_word' id='word_1_473' title='bbox 2455 3202 2537 3271; x_wconf 70' lang='grc' dir='ltr'>εἴη</span> <span class='ocrx_word' id='word_1_474' title='bbox 2579 3201 2752 3273; x_wconf 82' lang='grc' dir='ltr'>μύρου</span> <span class='ocrx_word' id='word_1_475' title='bbox 2804 3203 2998 3273; x_wconf 74' lang='grc' dir='ltr'>(οὕτως</span> <span class='ocrx_word' id='word_1_476' title='bbox 3056 3205 3377 3274; x_wconf 65' lang='grc' dir='ltr'>ἀπόρρητόν</span> <span class='ocrx_word' id='word_1_477' title='bbox 3416 3225 3491 3269; x_wconf 67' lang='grc' dir='ltr'><strong>Δ’τι</strong></span> <span class='ocrx_word' id='word_1_478' title='bbox 3554 3205 3740 3274; x_wconf 61' lang='grc' dir='ltr'>χρῆμα</span> 
     </span>
    </p>
   </div>
   <div class='ocr_carea' id='block_1_67' title="bbox 2152 3289 3561 3365">
    <p class='ocr_par' dir='ltr' id='par_1_67' title="bbox 2152 3289 3561 3365">
     <span class='ocr_line' id='line_1_67' title="bbox 2152 3289 3561 3365; baseline 0.006 -23"><span class='ocrx_word' id='word_1_479' title='bbox 2152 3292 2247 3345; x_wconf 72' lang='grc' dir='ltr'><strong>καὶ</strong></span> <span class='ocrx_word' id='word_1_480' title='bbox 2270 3292 2410 3345; x_wconf 84' lang='grc' dir='ltr'>θεῖον</span> <span class='ocrx_word' id='word_1_481' title='bbox 2551 3294 2954 3365; x_wconf 77' lang='grc' dir='ltr'>ἑρμηνευθῆναι</span> <span class='ocrx_word' id='word_1_482' title='bbox 2987 3295 3129 3365; x_wconf 77' lang='grc' dir='ltr'>λόγῳ</span> <span class='ocrx_word' id='word_1_483' title='bbox 3158 3290 3233 3363; x_wconf 81' lang='grc' dir='ltr'>μὴ</span> <span class='ocrx_word' id='word_1_484' title='bbox 3262 3292 3561 3365; x_wconf 78' lang='grc' dir='ltr'>δυναμένη.</span> 
     </span>
    </p>
   </div>
   <div class='ocr_carea' id='block_1_68' title="bbox 463 3384 3743 3467">
    <p class='ocr_par' dir='ltr' id='par_1_68' title="bbox 463 3384 3743 3467">
     <span class='ocr_line' id='line_1_68' title="bbox 463 3384 3743 3467; baseline -0.003 -14"><span class='ocrx_word' id='word_1_485' title='bbox 463 3400 685 3467; x_wconf 88' lang='lat' dir='ltr'><strong>jusnam</strong></span> <span class='ocrx_word' id='word_1_486' title='bbox 717 3394 859 3449; x_wconf 89' lang='lat' dir='ltr'><strong>odor</strong></span> <span class='ocrx_word' id='word_1_487' title='bbox 884 3394 974 3448; x_wconf 90' lang='lat' dir='ltr'><strong>ille</strong></span> <span class='ocrx_word' id='word_1_488' title='bbox 1009 3389 1275 3460; x_wconf 82' lang='lat' dir='ltr'><strong>unguenti</strong></span> <span class='ocrx_word' id='word_1_489' title='bbox 1314 3387 1456 3444; x_wconf 81' lang='lat' dir='ltr'><strong>foret</strong></span> <span class='ocrx_word' id='word_1_490' title='bbox 1488 3386 1624 3457; x_wconf 87' lang='lat' dir='ltr'><strong>(tam</strong></span> <span class='ocrx_word' id='word_1_491' title='bbox 1659 3384 2051 3441; x_wconf 86' lang='lat' dir='ltr'><strong>inenarrabilis</strong></span> <span class='ocrx_word' id='word_1_492' title='bbox 2086 3400 2150 3440; x_wconf 91' lang='lat' dir='ltr'><strong>ac</strong></span> <span class='ocrx_word' id='word_1_493' title='bbox 2222 3385 2407 3440; x_wconf 79' lang='lat' dir='ltr'><strong>divina</strong></span> <span class='ocrx_word' id='word_1_494' title='bbox 2450 3388 2698 3457; x_wconf 67' lang='lat' dir='ltr'><strong>quaedam</strong></span> <span class='ocrx_word' id='word_1_495' title='bbox 2732 3404 2818 3441; x_wconf 91' lang='lat' dir='ltr'><strong>res</strong></span> <span class='ocrx_word' id='word_1_496' title='bbox 2887 3388 3023 3459; x_wconf 84' lang='lat' dir='ltr'><strong>erat)</strong></span> <span class='ocrx_word' id='word_1_497' title='bbox 3046 3391 3227 3443; x_wconf 63' lang='lat' dir='ltr'><strong>verbis;</strong></span> <span class='ocrx_word' id='word_1_498' title='bbox 3295 3391 3565 3459; x_wconf 66' lang='lat' dir='ltr'><strong>explicari</strong></span> <span class='ocrx_word' id='word_1_499' title='bbox 3610 3405 3743 3443; x_wconf 80' lang='lat' dir='ltr'><strong>nun-</strong></span> 
     </span>
    </p>
   </div>
   <div class='ocr_carea' id='block_1_69' title="bbox 471 3487 1900 3559">
    <p class='ocr_par' dir='ltr' id='par_1_69' title="bbox 471 3487 1900 3559">
     <span class='ocr_line' id='line_1_69' title="bbox 471 3487 1900 3559; baseline -0.011 -16"><span class='ocrx_word' id='word_1_500' title='bbox 471 3503 635 3559; x_wconf 88' lang='lat' dir='ltr'><strong>quam</strong></span> <span class='ocrx_word' id='word_1_501' title='bbox 664 3487 863 3557; x_wconf 88' lang='lat' dir='ltr'><strong>potuit.</strong></span> <span class='ocrx_word' id='word_1_502' title='bbox 1891 3519 1900 3527; x_wconf 93' lang='lat'><strong>.</strong></span> 
     </span>
    </p>
   </div>
   <div class='ocr_carea' id='block_1_70' title="bbox 543 3565 2041 3650">
    <p class='ocr_par' dir='ltr' id='par_1_70' title="bbox 543 3565 2041 3650">
     <span class='ocr_line' id='line_1_70' title="bbox 543 3565 2041 3650; baseline -0.013 -11"><span class='ocrx_word' id='word_1_503' title='bbox 543 3583 597 3639; x_wconf 84' lang='lat'><strong>6.</strong></span> <span class='ocrx_word' id='word_1_504' title='bbox 630 3583 727 3638; x_wconf 89' lang='lat' dir='ltr'><strong>lllo</strong></span> <span class='ocrx_word' id='word_1_505' title='bbox 764 3570 937 3650; x_wconf 82' lang='lat' dir='ltr'><strong>igitur</strong></span> <span class='ocrx_word' id='word_1_506' title='bbox 958 3576 1049 3632; x_wconf 86' lang='lat' dir='ltr'><strong>die</strong></span> <span class='ocrx_word' id='word_1_507' title='bbox 1076 3584 1246 3630; x_wconf 88' lang='lat' dir='ltr'><strong>totum</strong></span> <span class='ocrx_word' id='word_1_508' title='bbox 1279 3588 1421 3644; x_wconf 87' lang='lat' dir='ltr'><strong>pene</strong></span> <span class='ocrx_word' id='word_1_509' title='bbox 1449 3565 1784 3627; x_wconf 85' lang='lat' dir='ltr'><strong>odoramenti</strong></span> <span class='ocrx_word' id='word_1_510' title='bbox 1820 3567 2041 3638; x_wconf 82' lang='lat' dir='ltr'><strong>globum</strong></span> 
     </span>
    </p>
   </div>
   <div class='ocr_carea' id='block_1_71' title="bbox 470 3659 2043 3739">
    <p class='ocr_par' dir='ltr' id='par_1_71' title="bbox 470 3659 2043 3739">
     <span class='ocr_line' id='line_1_71' title="bbox 470 3659 2043 3739; baseline -0.014 -7"><span class='ocrx_word' id='word_1_511' title='bbox 470 3674 743 3733; x_wconf 87' lang='lat' dir='ltr'><strong>adolendo</strong></span> <span class='ocrx_word' id='word_1_512' title='bbox 797 3669 1178 3739; x_wconf 79' lang='lat' dir='ltr'><strong>consumpsit,</strong></span> <span class='ocrx_word' id='word_1_513' title='bbox 1237 3665 1436 3736; x_wconf 80' lang='lat' dir='ltr'><strong>exigua</strong></span> <span class='ocrx_word' id='word_1_514' title='bbox 1498 3661 1734 3733; x_wconf 86' lang='lat' dir='ltr'><strong>quadam</strong></span> <span class='ocrx_word' id='word_1_515' title='bbox 1790 3659 2043 3729; x_wconf 87' lang='lat' dir='ltr'><strong>portione</strong></span> 
     </span>
    </p>
   </div>
   <div class='ocr_carea' id='block_1_72' title="bbox 470 3752 2042 3831">
    <p class='ocr_par' dir='ltr' id='par_1_72' title="bbox 470 3752 2042 3831">
     <span class='ocr_line' id='line_1_72' title="bbox 470 3752 2042 3831; baseline -0.013 -8"><span class='ocrx_word' id='word_1_516' title='bbox 470 3767 735 3825; x_wconf 76' lang='lat' dir='ltr'><strong>duntaxat</strong></span> <span class='ocrx_word' id='word_1_517' title='bbox 765 3763 979 3829; x_wconf 87' lang='lat' dir='ltr'><strong>relicta,</strong></span> <span class='ocrx_word' id='word_1_518' title='bbox 1009 3775 1174 3831; x_wconf 83' lang='lat' dir='ltr'><strong>quam</strong></span> <span class='ocrx_word' id='word_1_519' title='bbox 1228 3757 1537 3828; x_wconf 82' lang='lat' dir='ltr'><strong>strOphiolo</strong></span> <span class='ocrx_word' id='word_1_520' title='bbox 1583 3752 1729 3823; x_wconf 85' lang='lat' dir='ltr'><strong>quod</strong></span> <span class='ocrx_word' id='word_1_521' title='bbox 1759 3766 1924 3806; x_wconf 86' lang='lat' dir='ltr'><strong>manu</strong></span> <span class='ocrx_word' id='word_1_522' title='bbox 1959 3758 2042 3804; x_wconf 90' lang='lat' dir='ltr'><strong>te—</strong></span> 
     </span>
    </p>
   </div>
   <div class='ocr_carea' id='block_1_73' title="bbox 470 3843 2045 3924">
    <p class='ocr_par' dir='ltr' id='par_1_73' title="bbox 470 3843 2045 3924">
     <span class='ocr_line' id='line_1_73' title="bbox 470 3843 2045 3924; baseline -0.015 -7"><span class='ocrx_word' id='word_1_523' title='bbox 470 3861 659 3924; x_wconf 82' lang='lat' dir='ltr'><strong>nebat,</strong></span> <span class='ocrx_word' id='word_1_524' title='bbox 691 3856 947 3912; x_wconf 84' lang='lat' dir='ltr'><strong>involvit.</strong></span> <span class='ocrx_word' id='word_1_525' title='bbox 1002 3853 1231 3907; x_wconf 88' lang='lat' dir='ltr'><strong>Postera</strong></span> <span class='ocrx_word' id='word_1_526' title='bbox 1286 3857 1472 3904; x_wconf 91' lang='lat' dir='ltr'><strong>autem</strong></span> <span class='ocrx_word' id='word_1_527' title='bbox 1542 3847 1688 3911; x_wconf 91' lang='lat' dir='ltr'><strong>luce,</strong></span> <span class='ocrx_word' id='word_1_528' title='bbox 1733 3843 1967 3897; x_wconf 81' lang='lat' dir='ltr'><strong>excitata</strong></span> <span class='ocrx_word' id='word_1_529' title='bbox 2015 3856 2045 3894; x_wconf 91' lang='lat' dir='ltr'><strong>e</strong></span> 
     </span>
    </p>
   </div>
   <div class='ocr_carea' id='block_1_74' title="bbox 471 3935 2047 4017">
    <p class='ocr_par' dir='ltr' id='par_1_74' title="bbox 471 3935 2047 4017">
     <span class='ocr_line' id='line_1_74' title="bbox 471 3935 2047 4017; baseline -0.016 -6"><span class='ocrx_word' id='word_1_530' title='bbox 471 3968 687 4017; x_wconf 89' lang='lat' dir='ltr'><strong>somno,</strong></span> <span class='ocrx_word' id='word_1_531' title='bbox 736 3956 905 4005; x_wconf 88' lang='lat' dir='ltr'><strong>totam</strong></span> <span class='ocrx_word' id='word_1_532' title='bbox 952 3946 1100 4001; x_wconf 88' lang='lat' dir='ltr'><strong>illam</strong></span> <span class='ocrx_word' id='word_1_533' title='bbox 1169 3941 1466 3998; x_wconf 80' lang='lat' dir='ltr'><strong>suilimenti</strong></span> <span class='ocrx_word' id='word_1_534' title='bbox 1519 3937 1882 4007; x_wconf 86' lang='lat' dir='ltr'><strong>quantitatem</strong></span> <span class='ocrx_word' id='word_1_535' title='bbox 1934 3935 2047 4002; x_wconf 86' lang='lat' dir='ltr'><strong>(res</strong></span> 
     </span>
    </p>
   </div>
   <div class='ocr_carea' id='block_1_75' title="bbox 474 4023 2044 4116">
    <p class='ocr_par' dir='ltr' id='par_1_75' title="bbox 474 4023 2044 4116">
     <span class='ocr_line' id='line_1_75' title="bbox 474 4023 2044 4116; baseline -0.015 -15"><span class='ocrx_word' id='word_1_536' title='bbox 474 4047 615 4102; x_wconf 86' lang='lat' dir='ltr'><strong>mira</strong></span> <span class='ocrx_word' id='word_1_537' title='bbox 638 4046 677 4116; x_wconf 74' lang='grc' dir='ltr'><strong>ἱ)</strong></span> <span class='ocrx_word' id='word_1_538' title='bbox 703 4058 867 4114; x_wconf 86' lang='lat' dir='ltr'><strong>quam</strong></span> <span class='ocrx_word' id='word_1_539' title='bbox 897 4050 1123 4096; x_wconf 86' lang='lat' dir='ltr'><strong>sanctus</strong></span> <span class='ocrx_word' id='word_1_540' title='bbox 1164 4037 1481 4091; x_wconf 74' lang='lat' dir='ltr'><strong>Praecursor</strong></span> <span class='ocrx_word' id='word_1_541' title='bbox 1531 4028 1781 4091; x_wconf 85' lang='lat' dir='ltr'><strong>dederat,</strong></span> <span class='ocrx_word' id='word_1_542' title='bbox 1812 4023 2044 4081; x_wconf 85' lang='lat' dir='ltr'><strong>invenit.</strong></span> 
     </span>
    </p>
   </div>
   <div class='ocr_carea' id='block_1_76' title="bbox 472 4113 2047 4207">
    <p class='ocr_par' dir='ltr' id='par_1_76' title="bbox 472 4113 2047 4207">
     <span class='ocr_line' id='line_1_76' title="bbox 472 4113 2047 4207; baseline -0.017 -15"><span class='ocrx_word' id='word_1_543' title='bbox 472 4113 794 4207; x_wconf 25' lang='lat' dir='ltr'><strong>Atque&#39;ipsa</strong></span> <span class='ocrx_word' id='word_1_544' title='bbox 815 4131 1041 4203; x_wconf 89' lang='lat' dir='ltr'><strong>quidem</strong></span> <span class='ocrx_word' id='word_1_545' title='bbox 1064 4128 1283 4195; x_wconf 88' lang='lat' dir='ltr'><strong>eodem,</strong></span> <span class='ocrx_word' id='word_1_546' title='bbox 1310 4139 1422 4197; x_wconf 92' lang='lat' dir='ltr'><strong>quo</strong></span> <span class='ocrx_word' id='word_1_547' title='bbox 1445 4120 1647 4193; x_wconf 85' lang='lat' dir='ltr'><strong>pridie,</strong></span> <span class='ocrx_word' id='word_1_548' title='bbox 1700 4116 1864 4174; x_wconf 91' lang='lat' dir='ltr'><strong>modo</strong></span> <span class='ocrx_word' id='word_1_549' title='bbox 1885 4113 2047 4170; x_wconf 80' lang='lat' dir='ltr'><strong>facti-</strong></span> 
     </span>
    </p>
   </div>
   <div class='ocr_carea' id='block_1_77' title="bbox 477 4207 2045 4296">
    <p class='ocr_par' dir='ltr' id='par_1_77' title="bbox 477 4207 2045 4296">
     <span class='ocr_line' id='line_1_77' title="bbox 477 4207 2045 4296; baseline -0.013 -16"><span class='ocrx_word' id='word_1_550' title='bbox 477 4228 650 4294; x_wconf 83' lang='lat' dir='ltr'><strong>tabat,</strong></span> <span class='ocrx_word' id='word_1_551' title='bbox 681 4225 1060 4296; x_wconf 86' lang='lat' dir='ltr'><strong>templumque</strong></span> <span class='ocrx_word' id='word_1_552' title='bbox 1084 4234 1281 4276; x_wconf 88' lang='lat' dir='ltr'><strong>rursus</strong></span> <span class='ocrx_word' id='word_1_553' title='bbox 1315 4213 1667 4272; x_wconf 88' lang='lat' dir='ltr'><strong>suavitudine</strong></span> <span class='ocrx_word' id='word_1_554' title='bbox 1717 4207 1905 4265; x_wconf 86' lang='lat' dir='ltr'><strong>odoris</strong></span> <span class='ocrx_word' id='word_1_555' title='bbox 1954 4220 2045 4260; x_wconf 91' lang='lat' dir='ltr'><strong>re-</strong></span> 
     </span>
    </p>
   </div>
   <div class='ocr_carea' id='block_1_78' title="bbox 473 4304 2045 4386">
    <p class='ocr_par' dir='ltr' id='par_1_78' title="bbox 473 4304 2045 4386">
     <span class='ocr_line' id='line_1_78' title="bbox 473 4304 2045 4386; baseline -0.017 -9"><span class='ocrx_word' id='word_1_556' title='bbox 473 4318 761 4376; x_wconf 81' lang='lat' dir='ltr'><strong>ferciebat.</strong></span> <span class='ocrx_word' id='word_1_557' title='bbox 827 4315 1124 4386; x_wconf 89' lang='lat' dir='ltr'><strong>lnterjecto</strong></span> <span class='ocrx_word' id='word_1_558' title='bbox 1190 4317 1374 4364; x_wconf 89' lang='lat' dir='ltr'><strong>autem</strong></span> <span class='ocrx_word' id='word_1_559' title='bbox 1434 4304 1718 4374; x_wconf 86' lang='lat' dir='ltr'><strong>aliquanto</strong></span> <span class='ocrx_word' id='word_1_560' title='bbox 1775 4307 2045 4367; x_wconf 88' lang='lat' dir='ltr'><strong>tempore,</strong></span> 
     </span>
    </p>
   </div>
   <div class='ocr_carea' id='block_1_79' title="bbox 2231 3547 3751 3625">
    <p class='ocr_par' dir='ltr' id='par_1_79' title="bbox 2231 3547 3751 3625">
     <span class='ocr_line' id='line_1_79' title="bbox 2231 3547 3751 3625; baseline -0.003 -16"><span class='ocrx_word' id='word_1_561' title='bbox 2231 3563 2306 3621; x_wconf 82' lang='grc' dir='ltr'><strong>ς’.</strong></span> <span class='ocrx_word' id='word_1_562' title='bbox 2345 3553 2456 3625; x_wconf 83' lang='grc' dir='ltr'>Τὴν</span> <span class='ocrx_word' id='word_1_563' title='bbox 2490 3552 2589 3625; x_wconf 80' lang='grc' dir='ltr'>μὲν</span> <span class='ocrx_word' id='word_1_564' title='bbox 2616 3547 2709 3607; x_wconf 82' lang='grc' dir='ltr'><strong>οὗν</strong></span> <span class='ocrx_word' id='word_1_565' title='bbox 2744 3553 2980 3623; x_wconf 76' lang='grc' dir='ltr'>σφαῖραν</span> <span class='ocrx_word' id='word_1_566' title='bbox 3013 3552 3195 3605; x_wconf 83' lang='grc' dir='ltr'>πᾶσαν</span> <span class='ocrx_word' id='word_1_567' title='bbox 3238 3552 3436 3622; x_wconf 72' lang='grc' dir='ltr'>σχεδὸν</span> <span class='ocrx_word' id='word_1_568' title='bbox 3465 3554 3586 3606; x_wconf 81' lang='grc' dir='ltr'>κατ’</span> <span class='ocrx_word' id='word_1_569' title='bbox 3612 3552 3751 3607; x_wconf 81' lang='grc' dir='ltr'>ἐκεί·</span> 
     </span>
    </p>
   </div>
   <div class='ocr_carea' id='block_1_80' title="bbox 2158 3642 3753 3720">
    <p class='ocr_par' dir='ltr' id='par_1_80' title="bbox 2158 3642 3753 3720">
     <span class='ocr_line' id='line_1_80' title="bbox 2158 3642 3753 3720; baseline -0.005 -18"><span class='ocrx_word' id='word_1_570' title='bbox 2158 3664 2255 3720; x_wconf 82' lang='grc' dir='ltr'>νην</span> <span class='ocrx_word' id='word_1_571' title='bbox 2284 3647 2528 3702; x_wconf 80' lang='grc' dir='ltr'>ἀνάλωσε</span> <span class='ocrx_word' id='word_1_572' title='bbox 2560 3647 2658 3716; x_wconf 82' lang='grc' dir='ltr'>τὴν</span> <span class='ocrx_word' id='word_1_573' title='bbox 2690 3644 2924 3715; x_wconf 77' lang='grc' dir='ltr'>ἡμέραν,</span> <span class='ocrx_word' id='word_1_574' title='bbox 2955 3642 3031 3712; x_wconf 84' lang='grc' dir='ltr'><strong>τῷ</strong></span> <span class='ocrx_word' id='word_1_575' title='bbox 3063 3643 3176 3714; x_wconf 81' lang='grc' dir='ltr'><strong>ναῷ</strong></span> <span class='ocrx_word' id='word_1_576' title='bbox 3216 3642 3510 3713; x_wconf 81' lang='grc' dir='ltr'>θυμιῶσα,</span> <span class='ocrx_word' id='word_1_577' title='bbox 3560 3644 3753 3715; x_wconf 73' lang='grc' dir='ltr'>μικρὸν</span> 
     </span>
    </p>
   </div>
   <div class='ocr_carea' id='block_1_81' title="bbox 2160 3735 3750 3809">
    <p class='ocr_par' dir='ltr' id='par_1_81' title="bbox 2160 3735 3750 3809">
     <span class='ocr_line' id='line_1_81' title="bbox 2160 3735 3750 3809; baseline -0.006 -15"><span class='ocrx_word' id='word_1_578' title='bbox 2160 3739 2216 3794; x_wconf 85' lang='grc' dir='ltr'><strong>δέ</strong></span> <span class='ocrx_word' id='word_1_579' title='bbox 2249 3758 2301 3793; x_wconf 87' lang='grc' dir='ltr'><strong>τι</strong></span> <span class='ocrx_word' id='word_1_580' title='bbox 2332 3738 2499 3809; x_wconf 75' lang='grc' dir='ltr'>μέρος</span> <span class='ocrx_word' id='word_1_581' title='bbox 2531 3736 2878 3803; x_wconf 78' lang='grc' dir='ltr'>ὑπολειφθὲν,</span> <span class='ocrx_word' id='word_1_582' title='bbox 2931 3735 3008 3805; x_wconf 81' lang='grc' dir='ltr'>τῷ</span> <span class='ocrx_word' id='word_1_583' title='bbox 3056 3735 3160 3787; x_wconf 72' lang='grc' dir='ltr'><strong>ἀνὰ</strong></span> <span class='ocrx_word' id='word_1_584' title='bbox 3208 3739 3375 3804; x_wconf 83' lang='grc' dir='ltr'>χεῖρα</span> <span class='ocrx_word' id='word_1_585' title='bbox 3428 3735 3750 3806; x_wconf 71' lang='grc' dir='ltr'>περιέδησεν</span> 
     </span>
    </p>
   </div>
   <div class='ocr_carea' id='block_1_82' title="bbox 2157 3824 3751 3902">
    <p class='ocr_par' dir='ltr' id='par_1_82' title="bbox 2157 3824 3751 3902">
     <span class='ocr_line' id='line_1_82' title="bbox 2157 3824 3751 3902; baseline -0.004 -17"><span class='ocrx_word' id='word_1_586' title='bbox 2157 3832 2435 3902; x_wconf 75' lang='grc' dir='ltr'>ἐγχειρίῳ.</span> <span class='ocrx_word' id='word_1_587' title='bbox 2470 3830 2580 3897; x_wconf 86' lang='grc' dir='ltr'><strong>Τῆς</strong></span> <span class='ocrx_word' id='word_1_588' title='bbox 2624 3829 2669 3881; x_wconf 79' lang='grc' dir='ltr'>δ’</span> <span class='ocrx_word' id='word_1_589' title='bbox 2717 3826 2977 3895; x_wconf 79' lang='grc' dir='ltr'>ἐπιούσης</span> <span class='ocrx_word' id='word_1_590' title='bbox 3010 3824 3169 3887; x_wconf 81' lang='grc' dir='ltr'>αὖθις</span> <span class='ocrx_word' id='word_1_591' title='bbox 3207 3825 3309 3877; x_wconf 80' lang='grc' dir='ltr'><strong>τοῦ</strong></span> <span class='ocrx_word' id='word_1_592' title='bbox 3345 3826 3523 3879; x_wconf 77' lang='grc' dir='ltr'>ὕπνου</span> <span class='ocrx_word' id='word_1_593' title='bbox 3570 3828 3751 3879; x_wconf 79' lang='grc' dir='ltr'>διανα-</span> 
     </span>
    </p>
   </div>
   <div class='ocr_carea' id='block_1_83' title="bbox 2159 3914 3746 3996">
    <p class='ocr_par' dir='ltr' id='par_1_83' title="bbox 2159 3914 3746 3996">
     <span class='ocr_line' id='line_1_83' title="bbox 2159 3914 3746 3996; baseline -0.006 -16"><span class='ocrx_word' id='word_1_594' title='bbox 2159 3929 2352 3990; x_wconf 81' lang='grc' dir='ltr'>στᾶσα,</span> <span class='ocrx_word' id='word_1_595' title='bbox 2411 3920 2535 3996; x_wconf 75' lang='grc' dir='ltr'>εὗρε</span> <span class='ocrx_word' id='word_1_596' title='bbox 2578 3923 2740 3977; x_wconf 83' lang='grc' dir='ltr'>πάλιν</span> <span class='ocrx_word' id='word_1_597' title='bbox 2785 3924 2914 3991; x_wconf 83' lang='grc' dir='ltr'>ὅλην</span> <span class='ocrx_word' id='word_1_598' title='bbox 2962 3921 3165 3991; x_wconf 75' lang='grc' dir='ltr'>αὐτὴν,</span> <span class='ocrx_word' id='word_1_599' title='bbox 3202 3914 3248 3974; x_wconf 84' lang='grc' dir='ltr'><strong>ὧ</strong></span> <span class='ocrx_word' id='word_1_600' title='bbox 3284 3920 3384 3973; x_wconf 84' lang='grc' dir='ltr'>τοῦ</span> <span class='ocrx_word' id='word_1_601' title='bbox 3435 3920 3746 3990; x_wconf 78' lang='grc' dir='ltr'>θαύματοςί</span> 
     </span>
    </p>
   </div>
   <div class='ocr_carea' id='block_1_84' title="bbox 2157 4012 3753 4084">
    <p class='ocr_par' dir='ltr' id='par_1_84' title="bbox 2157 4012 3753 4084">
     <span class='ocr_line' id='line_1_84' title="bbox 2157 4012 3753 4084; baseline -0.008 -11"><span class='ocrx_word' id='word_1_602' title='bbox 2157 4020 2230 4082; x_wconf 83' lang='grc' dir='ltr'>ὼς</span> <span class='ocrx_word' id='word_1_603' title='bbox 2276 4019 2380 4070; x_wconf 75' lang='grc' dir='ltr'><strong>ὑπὸ</strong></span> <span class='ocrx_word' id='word_1_604' title='bbox 2414 4017 2506 4070; x_wconf 84' lang='grc' dir='ltr'>τοῦ</span> <span class='ocrx_word' id='word_1_605' title='bbox 2540 4016 2696 4084; x_wconf 81' lang='grc' dir='ltr'>ἁγίου</span> <span class='ocrx_word' id='word_1_606' title='bbox 2727 4014 2926 4068; x_wconf 83' lang='grc' dir='ltr'>δέδοτο.</span> <span class='ocrx_word' id='word_1_607' title='bbox 2964 4014 3072 4065; x_wconf 74' lang='grc' dir='ltr'>Καὶ</span> <span class='ocrx_word' id='word_1_608' title='bbox 3118 4016 3149 4084; x_wconf 82' lang='grc' dir='ltr'>ἡ</span> <span class='ocrx_word' id='word_1_609' title='bbox 3200 4014 3329 4082; x_wconf 76' lang='grc' dir='ltr'>μὲν,</span> <span class='ocrx_word' id='word_1_610' title='bbox 3378 4014 3451 4065; x_wconf 83' lang='grc' dir='ltr'>τὰ</span> <span class='ocrx_word' id='word_1_611' title='bbox 3481 4014 3600 4065; x_wconf 61' lang='lat' dir='ltr'><strong>is:</strong></span> <span class='ocrx_word' id='word_1_612' title='bbox 3644 4012 3753 4071; x_wconf 77' lang='grc' dir='ltr'>τοῖς</span> 
     </span>
    </p>
   </div>
   <div class='ocr_carea' id='block_1_85' title="bbox 2158 4101 3746 4183">
    <p class='ocr_par' dir='ltr' id='par_1_85' title="bbox 2158 4101 3746 4183">
     <span class='ocr_line' id='line_1_85' title="bbox 2158 4101 3746 4183; baseline -0.008 -17"><span class='ocrx_word' id='word_1_613' title='bbox 2158 4112 2441 4183; x_wconf 75' lang='grc' dir='ltr'>προτέροις</span> <span class='ocrx_word' id='word_1_614' title='bbox 2466 4110 2616 4180; x_wconf 75' lang='grc' dir='ltr'>ἔδρα,</span> <span class='ocrx_word' id='word_1_615' title='bbox 2637 4109 2731 4161; x_wconf 70' lang='grc' dir='ltr'>καὶ</span> <span class='ocrx_word' id='word_1_616' title='bbox 2755 4107 2844 4160; x_wconf 80' lang='grc' dir='ltr'><strong>τὸν</strong></span> <span class='ocrx_word' id='word_1_617' title='bbox 2866 4106 2992 4160; x_wconf 75' lang='grc' dir='ltr'>ναὸν</span> <span class='ocrx_word' id='word_1_618' title='bbox 3025 4101 3178 4167; x_wconf 63' lang='grc' dir='ltr'>αὖθις</span> <span class='ocrx_word' id='word_1_619' title='bbox 3210 4106 3453 4169; x_wconf 73' lang='grc' dir='ltr'>εὐωδίας</span> <span class='ocrx_word' id='word_1_620' title='bbox 3485 4104 3746 4174; x_wconf 74' lang='grc' dir='ltr'>ἐπλήρου.</span> 
     </span>
    </p>
   </div>
   <div class='ocr_carea' id='block_1_86' title="bbox 2156 4196 3756 4276">
    <p class='ocr_par' dir='ltr' id='par_1_86' title="bbox 2156 4196 3756 4276">
     <span class='ocr_line' id='line_1_86' title="bbox 2156 4196 3756 4276; baseline -0.01 -17"><span class='ocrx_word' id='word_1_621' title='bbox 2156 4205 2361 4276; x_wconf 80' lang='grc' dir='ltr'>Χρόνου</span> <span class='ocrx_word' id='word_1_622' title='bbox 2397 4205 2455 4258; x_wconf 89' lang='grc' dir='ltr'><strong>δέ</strong></span> <span class='ocrx_word' id='word_1_623' title='bbox 2488 4220 2634 4265; x_wconf 86' lang='grc' dir='ltr'>τινος</span> <span class='ocrx_word' id='word_1_624' title='bbox 2680 4203 3083 4270; x_wconf 81' lang='grc' dir='ltr'>διαγενομένου,</span> <span class='ocrx_word' id='word_1_625' title='bbox 3132 4199 3160 4249; x_wconf 85' lang='grc' dir='ltr'>ὁ</span> <span class='ocrx_word' id='word_1_626' title='bbox 3213 4199 3548 4268; x_wconf 70' lang='grc' dir='ltr'>Προδρομος</span> <span class='ocrx_word' id='word_1_627' title='bbox 3595 4196 3756 4249; x_wconf 76' lang='grc' dir='ltr'>πάλιν</span> 
     </span>
    </p>
   </div>
   <div class='ocr_carea' id='block_1_87' title="bbox 2154 4283 3754 4368">
    <p class='ocr_par' dir='ltr' id='par_1_87' title="bbox 2154 4283 3754 4368">
     <span class='ocr_line' id='line_1_87' title="bbox 2154 4283 3754 4368; baseline -0.009 -18"><span class='ocrx_word' id='word_1_628' title='bbox 2154 4297 2290 4368; x_wconf 71' lang='grc' dir='ltr'>αὐτῇ</span> <span class='ocrx_word' id='word_1_629' title='bbox 2322 4296 2535 4364; x_wconf 55' lang='grc' dir='ltr'>γλυκὺς</span> <span class='ocrx_word' id='word_1_630' title='bbox 2557 4295 2764 4365; x_wconf 75' lang='grc' dir='ltr'>ὄνειρος</span> <span class='ocrx_word' id='word_1_631' title='bbox 2798 4291 3048 4355; x_wconf 69' lang='grc' dir='ltr'>ἐπιστὰς,</span> <span class='ocrx_word' id='word_1_632' title='bbox 3087 4289 3414 4359; x_wconf 72' lang='grc' dir='ltr'>Ἀνάστηθι,</span> <span class='ocrx_word' id='word_1_633' title='bbox 3456 4290 3617 4359; x_wconf 70' lang='grc' dir='ltr'>φησι,</span> <span class='ocrx_word' id='word_1_634' title='bbox 3661 4283 3754 4353; x_wconf 85' lang='grc' dir='ltr'>γύ-</span> 
     </span>
    </p>
   </div>
   <div class='ocr_carea' id='block_1_88' title="bbox 408 4376 2044 4469">
    <p class='ocr_par' dir='ltr' id='par_1_88' title="bbox 408 4376 2044 4469">
     <span class='ocr_line' id='line_1_88' title="bbox 408 4376 2044 4469; baseline -0.017 1"><span class='ocrx_word' id='word_1_635' title='bbox 408 4449 418 4461; x_wconf 73' lang='grc' dir='ltr'><strong>ι</strong></span> <span class='ocrx_word' id='word_1_636' title='bbox 475 4420 701 4468; x_wconf 85' lang='lat' dir='ltr'><strong>sanctus</strong></span> <span class='ocrx_word' id='word_1_637' title='bbox 729 4376 1047 4465; x_wconf 74' lang='lat' dir='ltr'><strong>Praecursor</strong></span> <span class='ocrx_word' id='word_1_638' title='bbox 1077 4404 1264 4458; x_wconf 90' lang='lat' dir='ltr'><strong>denuo</strong></span> <span class='ocrx_word' id='word_1_639' title='bbox 1286 4399 1390 4469; x_wconf 88' lang='lat' dir='ltr'><strong>ipsi</strong></span> <span class='ocrx_word' id='word_1_640' title='bbox 1428 4404 1584 4468; x_wconf 86' lang='lat' dir='ltr'><strong>grato</strong></span> <span class='ocrx_word' id='word_1_641' title='bbox 1618 4406 1815 4449; x_wconf 89' lang='lat' dir='ltr'><strong>somno</strong></span> <span class='ocrx_word' id='word_1_642' title='bbox 1856 4388 2044 4458; x_wconf 82' lang='lat' dir='ltr'><strong>sopitae</strong></span> 
     </span>
    </p>
   </div>
   <div class='ocr_carea' id='block_1_89' title="bbox 2157 4376 3755 4469">
    <p class='ocr_par' dir='ltr' id='par_1_89' title="bbox 2157 4381 3755 4458">
     <span class='ocr_line' id='line_1_89' title="bbox 2157 4381 3755 4458; baseline -0.008 -12"><span class='ocrx_word' id='word_1_643' title='bbox 2157 4408 2268 4456; x_wconf 87' lang='grc' dir='ltr'>ναι,</span> <span class='ocrx_word' id='word_1_644' title='bbox 2285 4391 2380 4444; x_wconf 72' lang='grc' dir='ltr'>καὶ</span> <span class='ocrx_word' id='word_1_645' title='bbox 2410 4387 2644 4458; x_wconf 87' lang='grc' dir='ltr'>πορεύου</span> <span class='ocrx_word' id='word_1_646' title='bbox 2673 4386 2822 4452; x_wconf 72' lang='grc' dir='ltr'>παρὰ</span> <span class='ocrx_word' id='word_1_647' title='bbox 2853 4385 2941 4437; x_wconf 73' lang='grc' dir='ltr'>τὸν</span> <span class='ocrx_word' id='word_1_648' title='bbox 2967 4383 3097 4436; x_wconf 72' lang='grc' dir='ltr'>ἴδιον</span> <span class='ocrx_word' id='word_1_649' title='bbox 3120 4381 3291 4450; x_wconf 79' lang='grc' dir='ltr'>ἄνδρα</span> <span class='ocrx_word' id='word_1_650' title='bbox 3321 4399 3335 4411; x_wconf 87' lang='grc'><strong>·</strong></span> <span class='ocrx_word' id='word_1_651' title='bbox 3362 4381 3626 4453; x_wconf 69' lang='grc' dir='ltr'>συλλήψῃ</span> <span class='ocrx_word' id='word_1_652' title='bbox 3650 4381 3755 4449; x_wconf 79' lang='grc' dir='ltr'><strong>γὰρ</strong></span> 
     </span>
    </p>
   </div>
   <div class='ocr_carea' id='block_1_90' title="bbox 475 4472 2044 4576">
    <p class='ocr_par' dir='ltr' id='par_1_90' title="bbox 475 4481 2044 4576">
     <span class='ocr_line' id='line_1_90' title="bbox 475 4481 2044 4576; baseline -0.017 -15"><span class='ocrx_word' id='word_1_653' title='bbox 475 4502 909 4576; x_wconf 85' lang='lat' dir='ltr'><strong>superveniens:</strong></span> <span class='ocrx_word' id='word_1_654' title='bbox 949 4497 1145 4566; x_wconf 87' lang='lat' dir='ltr'><strong>Surge,</strong></span> <span class='ocrx_word' id='word_1_655' title='bbox 1200 4492 1402 4561; x_wconf 88' lang='lat' dir='ltr'><strong>inquit,</strong></span> <span class='ocrx_word' id='word_1_656' title='bbox 1435 4487 1656 4550; x_wconf 80' lang='lat' dir='ltr'><strong>mulier,</strong></span> <span class='ocrx_word' id='word_1_657' title='bbox 1693 4492 1750 4540; x_wconf 90' lang='lat' dir='ltr'><strong>et</strong></span> <span class='ocrx_word' id='word_1_658' title='bbox 1809 4481 2044 4537; x_wconf 87' lang='lat' dir='ltr'><strong>concede</strong></span> 
     </span>
    </p>
   </div>
   <div class='ocr_carea' id='block_1_91' title="bbox 2157 4472 3757 4576">
    <p class='ocr_par' dir='ltr' id='par_1_91' title="bbox 2157 4472 3757 4547">
     <span class='ocr_line' id='line_1_91' title="bbox 2157 4472 3757 4547; baseline -0.008 -10"><span class='ocrx_word' id='word_1_659' title='bbox 2157 4484 2285 4547; x_wconf 78' lang='grc' dir='ltr'>υἱὸν,</span> <span class='ocrx_word' id='word_1_660' title='bbox 2306 4482 2401 4536; x_wconf 79' lang='grc' dir='ltr'>καὶ</span> <span class='ocrx_word' id='word_1_661' title='bbox 2421 4479 2669 4541; x_wconf 81' lang='grc' dir='ltr'>καλέσεις</span> <span class='ocrx_word' id='word_1_662' title='bbox 2692 4478 2751 4530; x_wconf 71' lang='grc' dir='ltr'><strong>τὸ</strong></span> <span class='ocrx_word' id='word_1_663' title='bbox 2773 4476 2942 4546; x_wconf 77' lang='grc' dir='ltr'>ὄνομα</span> <span class='ocrx_word' id='word_1_664' title='bbox 2964 4472 3129 4527; x_wconf 81' lang='grc' dir='ltr'>αὐτοῦ</span> <span class='ocrx_word' id='word_1_665' title='bbox 3150 4473 3222 4526; x_wconf 87' lang='grc' dir='ltr'>Συ</span> <span class='ocrx_word' id='word_1_666' title='bbox 3230 4473 3410 4542; x_wconf 83' lang='grc' dir='ltr'>μεὼν·</span> <span class='ocrx_word' id='word_1_667' title='bbox 3434 4473 3619 4540; x_wconf 79' lang='grc' dir='ltr'>δεξιοῦ</span> <span class='ocrx_word' id='word_1_668' title='bbox 3653 4488 3757 4543; x_wconf 80' lang='grc' dir='ltr'>μα-</span> 
     </span>
    </p>
   </div>
   <div class='ocr_carea' id='block_1_92' title="bbox 475 4560 2044 4652">
    <p class='ocr_par' dir='ltr' id='par_1_92' title="bbox 475 4560 2044 4652">
     <span class='ocr_line' id='line_1_92' title="bbox 475 4560 2044 4652; baseline -0.015 -2"><span class='ocrx_word' id='word_1_669' title='bbox 475 4560 561 4649; x_wconf 70' lang='grc' dir='ltr'><strong>τιτι¹</strong></span> <span class='ocrx_word' id='word_1_670' title='bbox 580 4593 839 4648; x_wconf 89' lang='lat' dir='ltr'><strong>maritum</strong></span> <span class='ocrx_word' id='word_1_671' title='bbox 871 4600 1064 4651; x_wconf 86' lang='lat' dir='ltr'><strong>tuum;</strong></span> <span class='ocrx_word' id='word_1_672' title='bbox 1102 4581 1386 4652; x_wconf 89' lang='lat' dir='ltr'><strong>concipies</strong></span> <span class='ocrx_word' id='word_1_673' title='bbox 1411 4579 1560 4634; x_wconf 92' lang='lat' dir='ltr'><strong>enim</strong></span> <span class='ocrx_word' id='word_1_674' title='bbox 1585 4575 1782 4639; x_wconf 87' lang='lat' dir='ltr'><strong>ﬁlium,</strong></span> <span class='ocrx_word' id='word_1_675' title='bbox 1801 4572 2044 4652; x_wconf 84' lang='lat' dir='ltr'><strong>vocabis-</strong></span> 
     </span>
    </p>
   </div>
   <div class='ocr_carea' id='block_1_93' title="bbox 2157 4560 3757 4652">
    <p class='ocr_par' dir='ltr' id='par_1_93' title="bbox 2157 4560 3757 4638">
     <span class='ocr_line' id='line_1_93' title="bbox 2157 4560 3757 4638; baseline -0.004 -14"><span class='ocrx_word' id='word_1_676' title='bbox 2157 4569 2280 4624; x_wconf 83' lang='grc' dir='ltr'>στοῦ</span> <span class='ocrx_word' id='word_1_677' title='bbox 2341 4569 2481 4637; x_wconf 84' lang='grc' dir='ltr'>γάλα</span> <span class='ocrx_word' id='word_1_678' title='bbox 2523 4566 2749 4638; x_wconf 83' lang='grc' dir='ltr'>θηλάσει</span> <span class='ocrx_word' id='word_1_679' title='bbox 2786 4581 2901 4631; x_wconf 91' lang='grc' dir='ltr'>σου,</span> <span class='ocrx_word' id='word_1_680' title='bbox 2934 4560 3030 4619; x_wconf 72' lang='grc' dir='ltr'>τοῦ</span> <span class='ocrx_word' id='word_1_681' title='bbox 3064 4564 3359 4635; x_wconf 78' lang='grc' dir='ltr'>εὐωνύμου</span> <span class='ocrx_word' id='word_1_682' title='bbox 3397 4566 3459 4619; x_wconf 79' lang='grc' dir='ltr'>δὲ</span> <span class='ocrx_word' id='word_1_683' title='bbox 3496 4564 3757 4628; x_wconf 78' lang='grc' dir='ltr'>καθάπαξ</span> 
     </span>
    </p>
   </div>
   <div class='ocr_carea' id='block_1_94' title="bbox 474 4654 2044 4758">
    <p class='ocr_par' dir='ltr' id='par_1_94' title="bbox 474 4663 2044 4758">
     <span class='ocr_line' id='line_1_94' title="bbox 474 4663 2044 4758; baseline -0.017 -15"><span class='ocrx_word' id='word_1_684' title='bbox 474 4702 585 4758; x_wconf 88' lang='lat' dir='ltr'><strong>que</strong></span> <span class='ocrx_word' id='word_1_685' title='bbox 614 4699 816 4740; x_wconf 89' lang='lat' dir='ltr'><strong>nomen</strong></span> <span class='ocrx_word' id='word_1_686' title='bbox 867 4683 989 4753; x_wconf 88' lang='lat' dir='ltr'><strong>ejus</strong></span> <span class='ocrx_word' id='word_1_687' title='bbox 1043 4678 1304 4749; x_wconf 83' lang='lat' dir='ltr'><strong>Symcon.</strong></span> <span class='ocrx_word' id='word_1_688' title='bbox 1344 4671 1454 4726; x_wconf 89' lang='lat' dir='ltr'><strong>Lac</strong></span> <span class='ocrx_word' id='word_1_689' title='bbox 1496 4668 1734 4722; x_wconf 72' lang='lat' dir='ltr'><strong>dexterae</strong></span> <span class='ocrx_word' id='word_1_690' title='bbox 1798 4663 2044 4719; x_wconf 70' lang='lat' dir='ltr'><strong>mamilla!</strong></span> 
     </span>
    </p>
   </div>
   <div class='ocr_carea' id='block_1_95' title="bbox 2157 4654 3756 4758">
    <p class='ocr_par' dir='ltr' id='par_1_95' title="bbox 2157 4654 3756 4729">
     <span class='ocr_line' id='line_1_95' title="bbox 2157 4654 3756 4729; baseline -0.005 -14"><span class='ocrx_word' id='word_1_691' title='bbox 2157 4660 2412 4729; x_wconf 70' lang='grc' dir='ltr'>ἀφέξεται</span> <span class='ocrx_word' id='word_1_692' title='bbox 2439 4676 2455 4693; x_wconf 77' lang='grc' dir='ltr'><strong><em>ο</em></strong></span> <span class='ocrx_word' id='word_1_693' title='bbox 2483 4658 2636 4712; x_wconf 78' lang='grc' dir='ltr'>ἔσται</span> <span class='ocrx_word' id='word_1_694' title='bbox 2662 4659 2770 4728; x_wconf 80' lang='grc' dir='ltr'>γὰρ</span> <span class='ocrx_word' id='word_1_695' title='bbox 2820 4657 2928 4709; x_wconf 82' lang='grc' dir='ltr'><strong>τῶν</strong></span> <span class='ocrx_word' id='word_1_696' title='bbox 2976 4654 3167 4720; x_wconf 80' lang='grc' dir='ltr'>δεξιῶν</span> <span class='ocrx_word' id='word_1_697' title='bbox 3206 4659 3270 4708; x_wconf 83' lang='grc' dir='ltr'>τὸ</span> <span class='ocrx_word' id='word_1_698' title='bbox 3300 4657 3534 4710; x_wconf 78' lang='grc' dir='ltr'>παιδίον</span> <span class='ocrx_word' id='word_1_699' title='bbox 3565 4675 3579 4689; x_wconf 77' lang='grc' dir='ltr'><strong><em>ο</em></strong></span> <span class='ocrx_word' id='word_1_700' title='bbox 3627 4672 3756 4727; x_wconf 84' lang='grc' dir='ltr'>κρε-</span> 
     </span>
    </p>
   </div>
   <div class='ocr_carea' id='block_1_96' title="bbox 480 4742 2044 4848">
    <p class='ocr_par' dir='ltr' id='par_1_96' title="bbox 480 4742 2044 4848">
     <span class='ocr_line' id='line_1_96' title="bbox 480 4742 2044 4848; baseline -0.014 -14"><span class='ocrx_word' id='word_1_701' title='bbox 480 4742 589 4834; x_wconf 65' lang='grc' dir='ltr'>ίυιθ</span> <span class='ocrx_word' id='word_1_702' title='bbox 611 4784 791 4848; x_wconf 88' lang='lat' dir='ltr'><strong>suget,</strong></span> <span class='ocrx_word' id='word_1_703' title='bbox 813 4786 870 4829; x_wconf 86' lang='lat' dir='ltr'><strong>et</strong></span> <span class='ocrx_word' id='word_1_704' title='bbox 896 4742 1122 4827; x_wconf 67' lang='lat' dir='ltr'><strong>sinistra</strong></span> <span class='ocrx_word' id='word_1_705' title='bbox 1150 4767 1381 4823; x_wconf 89' lang='lat' dir='ltr'><strong>omnino</strong></span> <span class='ocrx_word' id='word_1_706' title='bbox 1416 4758 1755 4821; x_wconf 87' lang='lat' dir='ltr'><strong>abstinebit;</strong></span> <span class='ocrx_word' id='word_1_707' title='bbox 1779 4757 1886 4812; x_wconf 89' lang='lat' dir='ltr'><strong>erit</strong></span> <span class='ocrx_word' id='word_1_708' title='bbox 1905 4756 2044 4812; x_wconf 90' lang='lat' dir='ltr'><strong>enim</strong></span> 
     </span>
    </p>
   </div>
   <div class='ocr_carea' id='block_1_97' title="bbox 2157 4742 3756 4848">
    <p class='ocr_par' dir='ltr' id='par_1_97' title="bbox 2157 4742 3756 4822">
     <span class='ocr_line' id='line_1_97' title="bbox 2157 4742 3756 4822; baseline -0.005 -17"><span class='ocrx_word' id='word_1_709' title='bbox 2157 4753 2228 4806; x_wconf 83' lang='grc' dir='ltr'>ὦν</span> <span class='ocrx_word' id='word_1_710' title='bbox 2262 4753 2293 4822; x_wconf 82' lang='grc' dir='ltr'>ἢ</span> <span class='ocrx_word' id='word_1_711' title='bbox 2347 4750 2575 4821; x_wconf 72' lang='grc' dir='ltr'>οἷνου,ἢ</span> <span class='ocrx_word' id='word_1_712' title='bbox 2633 4748 2743 4801; x_wconf 85' lang='grc' dir='ltr'>τῶν</span> <span class='ocrx_word' id='word_1_713' title='bbox 2766 4750 2866 4802; x_wconf 72' lang='grc' dir='ltr'><strong>ὅσα</strong></span> <span class='ocrx_word' id='word_1_714' title='bbox 2892 4747 3055 4818; x_wconf 82' lang='grc' dir='ltr'>τέχνη</span> <span class='ocrx_word' id='word_1_715' title='bbox 3093 4747 3185 4800; x_wconf 70' lang='grc' dir='ltr'><strong>καὶ</strong></span> <span class='ocrx_word' id='word_1_716' title='bbox 3231 4746 3365 4815; x_wconf 77' lang='grc' dir='ltr'>χεὶρ</span> <span class='ocrx_word' id='word_1_717' title='bbox 3408 4742 3526 4800; x_wconf 78' lang='grc' dir='ltr'>οἶδε</span> <span class='ocrx_word' id='word_1_718' title='bbox 3561 4744 3756 4798; x_wconf 84' lang='grc' dir='ltr'>σκευά-</span> 
     </span>
    </p>
   </div>
   <div class='ocr_carea' id='block_1_98' title="bbox 477 4837 2044 4925">
    <p class='ocr_par' dir='ltr' id='par_1_98' title="bbox 477 4837 2044 4925">
     <span class='ocr_line' id='line_1_98' title="bbox 477 4837 2044 4925; baseline -0.018 1"><span class='ocrx_word' id='word_1_719' title='bbox 477 4869 628 4925; x_wconf 79' lang='lat' dir='ltr'><strong>ﬁlius</strong></span> <span class='ocrx_word' id='word_1_720' title='bbox 653 4837 916 4922; x_wconf 60' lang='lat' dir='ltr'><strong>dexterae.</strong></span> <span class='ocrx_word' id='word_1_721' title='bbox 949 4861 1184 4918; x_wconf 87' lang='lat' dir='ltr'><strong>Carnem</strong></span> <span class='ocrx_word' id='word_1_722' title='bbox 1211 4865 1269 4911; x_wconf 89' lang='lat' dir='ltr'><strong>et</strong></span> <span class='ocrx_word' id='word_1_723' title='bbox 1318 4854 1528 4917; x_wconf 85' lang='lat' dir='ltr'><strong>vinum,</strong></span> <span class='ocrx_word' id='word_1_724' title='bbox 1564 4859 1620 4904; x_wconf 90' lang='lat' dir='ltr'><strong>et</strong></span> <span class='ocrx_word' id='word_1_725' title='bbox 1657 4845 1923 4919; x_wconf 88' lang='lat' dir='ltr'><strong>quidquid</strong></span> <span class='ocrx_word' id='word_1_726' title='bbox 1959 4847 2044 4901; x_wconf 90' lang='lat' dir='ltr'><strong>in-</strong></span> 
     </span>
    </p>
   </div>
   <div class='ocr_carea' id='block_1_99' title="bbox 2157 4837 3762 4925">
    <p class='ocr_par' dir='ltr' id='par_1_99' title="bbox 2157 4837 3762 4913">
     <span class='ocr_line' id='line_1_99' title="bbox 2157 4837 3762 4913; baseline -0.005 -16"><span class='ocrx_word' id='word_1_727' title='bbox 2157 4844 2296 4907; x_wconf 79' lang='grc' dir='ltr'>ζειν,</span> <span class='ocrx_word' id='word_1_728' title='bbox 2324 4843 2385 4896; x_wconf 86' lang='grc' dir='ltr'><strong>ού</strong></span> <span class='ocrx_word' id='word_1_729' title='bbox 2419 4842 2812 4913; x_wconf 75' lang='grc' dir='ltr'>μεταλήψεται,</span> <span class='ocrx_word' id='word_1_730' title='bbox 2844 4838 2961 4893; x_wconf 84' lang='grc' dir='ltr'>ἀλλ’</span> <span class='ocrx_word' id='word_1_731' title='bbox 2993 4839 3157 4908; x_wconf 79' lang='grc' dir='ltr'>ἄρτος</span> <span class='ocrx_word' id='word_1_732' title='bbox 3185 4837 3217 4907; x_wconf 87' lang='grc' dir='ltr'>ἠ</span> <span class='ocrx_word' id='word_1_733' title='bbox 3258 4838 3452 4908; x_wconf 79' lang='grc' dir='ltr'>τροφὴ</span> <span class='ocrx_word' id='word_1_734' title='bbox 3489 4839 3593 4892; x_wconf 71' lang='grc' dir='ltr'>καὶ</span> <span class='ocrx_word' id='word_1_735' title='bbox 3621 4837 3762 4906; x_wconf 75' lang='grc' dir='ltr'>ὕδωρ</span> 
     </span>
    </p>
   </div>
   <div class='ocr_carea' id='block_1_100' title="bbox 476 4944 2047 5027">
    <p class='ocr_par' dir='ltr' id='par_1_100' title="bbox 476 4944 2047 5027">
     <span class='ocr_line' id='line_1_100' title="bbox 476 4944 2047 5027; baseline -0.018 -11"><span class='ocrx_word' id='word_1_736' title='bbox 476 4961 690 5018; x_wconf 82' lang='lat' dir='ltr'><strong>dustria</strong></span> <span class='ocrx_word' id='word_1_737' title='bbox 736 4967 902 5027; x_wconf 89' lang='lat' dir='ltr'><strong>atque</strong></span> <span class='ocrx_word' id='word_1_738' title='bbox 959 4969 1048 5008; x_wconf 86' lang='lat' dir='ltr'><strong>ars</strong></span> <span class='ocrx_word' id='word_1_739' title='bbox 1080 4952 1321 5007; x_wconf 88' lang='lat' dir='ltr'><strong>humana</strong></span> <span class='ocrx_word' id='word_1_740' title='bbox 1381 4944 1600 4998; x_wconf 81' lang='lat' dir='ltr'><strong>noverit</strong></span> <span class='ocrx_word' id='word_1_741' title='bbox 1651 4955 1867 5011; x_wconf 87' lang='lat' dir='ltr'><strong>parare,</strong></span> <span class='ocrx_word' id='word_1_742' title='bbox 1937 4951 2047 4990; x_wconf 91' lang='lat' dir='ltr'><strong>non</strong></span> 
     </span>
    </p>
   </div>
   <div class='ocr_carea' id='block_1_101' title="bbox 476 5027 2052 5121">
    <p class='ocr_par' dir='ltr' id='par_1_101' title="bbox 476 5027 2052 5121">
     <span class='ocr_line' id='line_1_101' title="bbox 476 5027 2052 5121; baseline -0.019 -12"><span class='ocrx_word' id='word_1_743' title='bbox 476 5052 802 5121; x_wconf 88' lang='lat' dir='ltr'><strong>continget:</strong></span> <span class='ocrx_word' id='word_1_744' title='bbox 842 5045 937 5101; x_wconf 91' lang='lat' dir='ltr'><strong>sed</strong></span> <span class='ocrx_word' id='word_1_745' title='bbox 988 5042 1150 5113; x_wconf 88' lang='lat' dir='ltr'><strong>panis</strong></span> <span class='ocrx_word' id='word_1_746' title='bbox 1188 5047 1245 5093; x_wconf 92' lang='lat' dir='ltr'><strong>et</strong></span> <span class='ocrx_word' id='word_1_747' title='bbox 1270 5050 1429 5105; x_wconf 89' lang='lat' dir='ltr'><strong>aqua,</strong></span> <span class='ocrx_word' id='word_1_748' title='bbox 1470 5033 1576 5088; x_wconf 86' lang='lat' dir='ltr'><strong>mel</strong></span> <span class='ocrx_word' id='word_1_749' title='bbox 1629 5040 1686 5086; x_wconf 92' lang='lat' dir='ltr'><strong>et</strong></span> <span class='ocrx_word' id='word_1_750' title='bbox 1739 5031 1815 5085; x_wconf 75' lang='lat' dir='ltr'><strong>sal</strong></span> <span class='ocrx_word' id='word_1_751' title='bbox 1871 5027 2052 5121; x_wconf 83' lang='lat' dir='ltr'><strong>nutri-</strong></span> 
     </span>
    </p>
   </div>
   <div class='ocr_carea' id='block_1_102' title="bbox 482 5117 2054 5201">
    <p class='ocr_par' dir='ltr' id='par_1_102' title="bbox 482 5117 2054 5201">
     <span class='ocr_line' id='line_1_102' title="bbox 482 5117 2054 5201; baseline -0.019 0"><span class='ocrx_word' id='word_1_752' title='bbox 482 5117 732 5201; x_wconf 77' lang='lat' dir='ltr'><strong>mentum</strong></span> <span class='ocrx_word' id='word_1_753' title='bbox 768 5140 919 5194; x_wconf 86' lang='lat' dir='ltr'><strong>illius</strong></span> <span class='ocrx_word' id='word_1_754' title='bbox 962 5140 1150 5197; x_wconf 87' lang='lat' dir='ltr'><strong>erunt,</strong></span> <span class='ocrx_word' id='word_1_755' title='bbox 1183 5128 1376 5185; x_wconf 84' lang='lat' dir='ltr'><strong>sedulo</strong></span> <span class='ocrx_word' id='word_1_756' title='bbox 1427 5134 1610 5179; x_wconf 88' lang='lat' dir='ltr'><strong>autem</strong></span> <span class='ocrx_word' id='word_1_757' title='bbox 1658 5117 2054 5177; x_wconf 85' lang='lat' dir='ltr'><strong>custodiendus</strong></span> 
     </span>
    </p>
   </div>
   <div class='ocr_carea' id='block_1_103' title="bbox 479 5208 2054 5296">
    <p class='ocr_par' dir='ltr' id='par_1_103' title="bbox 479 5208 2054 5296">
     <span class='ocr_line' id='line_1_103' title="bbox 479 5208 2054 5296; baseline -0.022 -3"><span class='ocrx_word' id='word_1_758' title='bbox 479 5239 580 5294; x_wconf 80' lang='lat' dir='ltr'><strong>tibi</strong></span> <span class='ocrx_word' id='word_1_759' title='bbox 621 5233 753 5296; x_wconf 90' lang='lat' dir='ltr'><strong>erit,</strong></span> <span class='ocrx_word' id='word_1_760' title='bbox 802 5226 975 5283; x_wconf 77' lang='lat' dir='ltr'><strong>veluti</strong></span> <span class='ocrx_word' id='word_1_761' title='bbox 1030 5239 1127 5279; x_wconf 86' lang='lat' dir='ltr'><strong>vas</strong></span> <span class='ocrx_word' id='word_1_762' title='bbox 1191 5234 1408 5277; x_wconf 88' lang='lat' dir='ltr'><strong>sacrum</strong></span> <span class='ocrx_word' id='word_1_763' title='bbox 1441 5225 1497 5271; x_wconf 89' lang='lat' dir='ltr'><strong>et</strong></span> <span class='ocrx_word' id='word_1_764' title='bbox 1524 5213 1713 5269; x_wconf 89' lang='lat' dir='ltr'><strong>divino</strong></span> <span class='ocrx_word' id='word_1_765' title='bbox 1746 5208 2054 5280; x_wconf 83' lang='lat' dir='ltr'><strong>ministerio</strong></span> 
     </span>
    </p>
   </div>
   <div class='ocr_carea' id='block_1_104' title="bbox 479 5297 2053 5384">
    <p class='ocr_par' dir='ltr' id='par_1_104' title="bbox 479 5297 2053 5384">
     <span class='ocr_line' id='line_1_104' title="bbox 479 5297 2053 5384; baseline -0.02 -2"><span class='ocrx_word' id='word_1_766' title='bbox 479 5323 802 5382; x_wconf 86' lang='lat' dir='ltr'><strong>dicandum.</strong></span> <span class='ocrx_word' id='word_1_767' title='bbox 836 5315 1054 5373; x_wconf 81' lang='lat' dir='ltr'><strong>Biennii</strong></span> <span class='ocrx_word' id='word_1_768' title='bbox 1102 5318 1271 5384; x_wconf 82' lang='lat' dir='ltr'><strong>p‘orro</strong></span> <span class='ocrx_word' id='word_1_769' title='bbox 1319 5308 1505 5378; x_wconf 86' lang='lat' dir='ltr'><strong>elapso</strong></span> <span class='ocrx_word' id='word_1_770' title='bbox 1540 5303 1737 5375; x_wconf 85' lang='lat' dir='ltr'><strong>spatio.</strong></span> <span class='ocrx_word' id='word_1_771' title='bbox 1785 5301 1888 5354; x_wconf 74' lang='lat' dir='ltr'><strong>liae</strong></span> <span class='ocrx_word' id='word_1_772' title='bbox 1936 5297 2053 5367; x_wconf 88' lang='lat' dir='ltr'><strong>ipsa</strong></span> 
     </span>
    </p>
   </div>
   <div class='ocr_carea' id='block_1_105' title="bbox 480 5382 3769 5485">
    <p class='ocr_par' dir='ltr' id='par_1_105' title="bbox 480 5382 3769 5485">
     <span class='ocr_line' id='line_1_105' title="bbox 480 5382 3769 5485; baseline -0.014 -7"><span class='ocrx_word' id='word_1_773' title='bbox 480 5425 538 5480; x_wconf 81' lang='lat' dir='ltr'><strong>in</strong></span> <span class='ocrx_word' id='word_1_774' title='bbox 559 5416 798 5485; x_wconf 81' lang='lat' dir='ltr'><strong>ecclesia</strong></span> <span class='ocrx_word' id='word_1_775' title='bbox 826 5427 1047 5470; x_wconf 85' lang='lat' dir='ltr'><strong>sacrum</strong></span> <span class='ocrx_word' id='word_1_776' title='bbox 1071 5382 1343 5480; x_wconf 82' lang='lat' dir='ltr'><strong>baptisma</strong></span> <span class='ocrx_word' id='word_1_777' title='bbox 1401 5403 1693 5474; x_wconf 74' lang='lat' dir='ltr'><strong>suscipiet,</strong></span> <span class='ocrx_word' id='word_1_778' title='bbox 1755 5398 2051 5472; x_wconf 63' lang='lat' dir='ltr'><strong>gratiaeque</strong></span> <span class='ocrx_word' id='word_1_779' title='bbox 2089 5390 2434 5466; x_wconf 82' lang='lat' dir='ltr'><strong>baptismatis</strong></span> <span class='ocrx_word' id='word_1_780' title='bbox 2467 5389 2648 5445; x_wconf 82' lang='lat' dir='ltr'><strong>factus</strong></span> <span class='ocrx_word' id='word_1_781' title='bbox 2684 5386 2985 5459; x_wconf 85' lang='lat' dir='ltr'><strong>particeps,</strong></span> <span class='ocrx_word' id='word_1_782' title='bbox 3014 5382 3144 5456; x_wconf 89' lang='lat' dir='ltr'><strong>quid</strong></span> <span class='ocrx_word' id='word_1_783' title='bbox 3162 5383 3228 5439; x_wconf 90' lang='lat' dir='ltr'><strong>de</strong></span> <span class='ocrx_word' id='word_1_784' title='bbox 3248 5398 3321 5443; x_wconf 87' lang='lat' dir='ltr'><strong>se</strong></span> <span class='ocrx_word' id='word_1_785' title='bbox 3350 5385 3618 5440; x_wconf 83' lang='lat' dir='ltr'><strong>futurum</strong></span> <span class='ocrx_word' id='word_1_786' title='bbox 3677 5382 3769 5445; x_wconf 89' lang='lat' dir='ltr'><strong>sit,</strong></span> 
     </span>
    </p>
   </div>
   <div class='ocr_carea' id='block_1_106' title="bbox 476 5507 2017 5592">
    <p class='ocr_par' dir='ltr' id='par_1_106' title="bbox 476 5507 2017 5592">
     <span class='ocr_line' id='line_1_106' title="bbox 476 5507 2017 5592; baseline -0.009 -21"><span class='ocrx_word' id='word_1_787' title='bbox 476 5507 817 5571; x_wconf 85' lang='lat' dir='ltr'><strong>enun&#39;tiabit.</strong></span> <span class='ocrx_word' id='word_1_788' title='bbox 1408 5536 1411 5539; x_wconf 98' lang='lat'><strong><em>-</em></strong></span> <span class='ocrx_word' id='word_1_789' title='bbox 1600 5586 1610 5592; x_wconf 19' lang='grc' dir='ltr'>μ</span> <span class='ocrx_word' id='word_1_790' title='bbox 2006 5578 2017 5592; x_wconf 41' lang='grc'><strong><em>⁸</em></strong></span> 
     </span>
    </p>
   </div>
   <div class='ocr_carea' id='block_1_107' title="bbox 548 5586 2052 5669">
    <p class='ocr_par' dir='ltr' id='par_1_107' title="bbox 548 5586 2052 5669">
     <span class='ocr_line' id='line_1_107' title="bbox 548 5586 2052 5669; baseline -0.017 -11"><span class='ocrx_word' id='word_1_791' title='bbox 548 5605 606 5659; x_wconf 72' lang='grc'><strong>⁸1.</strong></span> <span class='ocrx_word' id='word_1_792' title='bbox 635 5598 849 5657; x_wconf 75' lang='lat' dir='ltr'><strong>Martha</strong></span> <span class='ocrx_word' id='word_1_793' title='bbox 870 5597 1038 5669; x_wconf 81' lang='lat' dir='ltr'><strong>igitur</strong></span> <span class='ocrx_word' id='word_1_794' title='bbox 1069 5605 1178 5651; x_wconf 89' lang='lat' dir='ltr'><strong>tam</strong></span> <span class='ocrx_word' id='word_1_795' title='bbox 1212 5589 1470 5664; x_wconf 61' lang='lat' dir='ltr'><strong>presenti</strong></span> <span class='ocrx_word' id='word_1_796' title='bbox 1501 5586 1803 5654; x_wconf 84' lang='lat' dir='ltr'><strong>divinaque</strong></span> <span class='ocrx_word' id='word_1_797' title='bbox 1833 5586 2052 5651; x_wconf 83' lang='lat' dir='ltr'><strong>appari-</strong></span> 
     </span>
    </p>
   </div>
   <div class='ocr_carea' id='block_1_108' title="bbox 482 5676 2055 5763">
    <p class='ocr_par' dir='ltr' id='par_1_108' title="bbox 482 5676 2055 5763">
     <span class='ocr_line' id='line_1_108' title="bbox 482 5676 2055 5763; baseline -0.02 -6"><span class='ocrx_word' id='word_1_798' title='bbox 482 5698 629 5757; x_wconf 76' lang='lat' dir='ltr'><strong>tione</strong></span> <span class='ocrx_word' id='word_1_799' title='bbox 681 5692 927 5763; x_wconf 84' lang='lat' dir='ltr'><strong>dignata,</strong></span> <span class='ocrx_word' id='word_1_800' title='bbox 969 5687 1223 5759; x_wconf 86' lang='lat' dir='ltr'><strong>perculsa</strong></span> <span class='ocrx_word' id='word_1_801' title='bbox 1277 5692 1335 5740; x_wconf 89' lang='lat' dir='ltr'><strong>et</strong></span> <span class='ocrx_word' id='word_1_802' title='bbox 1362 5677 1575 5750; x_wconf 88' lang='lat' dir='ltr'><strong>trepida</strong></span> <span class='ocrx_word' id='word_1_803' title='bbox 1632 5676 1856 5730; x_wconf 90' lang='lat' dir='ltr'><strong>domum</strong></span> <span class='ocrx_word' id='word_1_804' title='bbox 1900 5684 2055 5727; x_wconf 83' lang='lat' dir='ltr'><strong>suam</strong></span> 
     </span>
    </p>
   </div>
   <div class='ocr_carea' id='block_1_109' title="bbox 2161 4927 3768 5002">
    <p class='ocr_par' dir='ltr' id='par_1_109' title="bbox 2161 4927 3768 5002">
     <span class='ocr_line' id='line_1_109' title="bbox 2161 4927 3768 5002; baseline -0.012 -17"><span class='ocrx_word' id='word_1_805' title='bbox 2161 4931 2331 5002; x_wconf 82' lang='grc' dir='ltr'>αὐτῷ,</span> <span class='ocrx_word' id='word_1_806' title='bbox 2356 4931 2452 4984; x_wconf 80' lang='grc' dir='ltr'>καὶ</span> <span class='ocrx_word' id='word_1_807' title='bbox 2480 4929 2600 5001; x_wconf 83' lang='grc' dir='ltr'>μέλι</span> <span class='ocrx_word' id='word_1_808' title='bbox 2631 4930 2724 4982; x_wconf 77' lang='grc' dir='ltr'>καὶ</span> <span class='ocrx_word' id='word_1_809' title='bbox 2755 4929 2879 4991; x_wconf 67' lang='grc' dir='ltr'>ἅλες</span> <span class='ocrx_word' id='word_1_810' title='bbox 2906 4944 2919 4958; x_wconf 89' lang='grc'><strong>·</strong></span> <span class='ocrx_word' id='word_1_811' title='bbox 2957 4928 2984 4981; x_wconf 75' lang='grc' dir='ltr'><strong>ὃ</strong></span> <span class='ocrx_word' id='word_1_812' title='bbox 3017 4927 3111 4981; x_wconf 72' lang='grc' dir='ltr'><strong>καὶ</strong></span> <span class='ocrx_word' id='word_1_813' title='bbox 3143 4927 3301 4998; x_wconf 85' lang='grc' dir='ltr'>πάσῃ</span> <span class='ocrx_word' id='word_1_814' title='bbox 3337 4928 3572 5000; x_wconf 81' lang='grc' dir='ltr'>φυλακῇ</span> <span class='ocrx_word' id='word_1_815' title='bbox 3599 4944 3768 4999; x_wconf 76' lang='grc' dir='ltr'>τηρη.</span> 
     </span>
    </p>
   </div>
   <div class='ocr_carea' id='block_1_110' title="bbox 2159 5018 3766 5091">
    <p class='ocr_par' dir='ltr' id='par_1_110' title="bbox 2159 5018 3766 5091">
     <span class='ocr_line' id='line_1_110' title="bbox 2159 5018 3766 5091; baseline -0.003 -15"><span class='ocrx_word' id='word_1_816' title='bbox 2159 5024 2305 5081; x_wconf 85' lang='grc' dir='ltr'>τέον.</span> <span class='ocrx_word' id='word_1_817' title='bbox 2331 5023 2407 5085; x_wconf 84' lang='grc' dir='ltr'><strong>ὡς</strong></span> <span class='ocrx_word' id='word_1_818' title='bbox 2435 5021 2627 5083; x_wconf 81' lang='grc' dir='ltr'>σκεῦος</span> <span class='ocrx_word' id='word_1_819' title='bbox 2659 5020 2833 5089; x_wconf 71' lang='grc' dir='ltr'>ἅγιον,</span> <span class='ocrx_word' id='word_1_820' title='bbox 2866 5020 2962 5073; x_wconf 76' lang='grc' dir='ltr'>καὶ</span> <span class='ocrx_word' id='word_1_821' title='bbox 2990 5020 3108 5088; x_wconf 82' lang='grc' dir='ltr'><strong>Θεῷ</strong></span> <span class='ocrx_word' id='word_1_822' title='bbox 3132 5021 3210 5083; x_wconf 83' lang='grc' dir='ltr'><strong>είς</strong></span> <span class='ocrx_word' id='word_1_823' title='bbox 3245 5019 3627 5091; x_wconf 86' lang='grc' dir='ltr'>λειτουργίαν</span> <span class='ocrx_word' id='word_1_824' title='bbox 3656 5018 3766 5072; x_wconf 76' lang='grc' dir='ltr'><strong>ἐσό-</strong></span> 
     </span>
    </p>
   </div>
   <div class='ocr_carea' id='block_1_111' title="bbox 2164 5108 3767 5183">
    <p class='ocr_par' dir='ltr' id='par_1_111' title="bbox 2164 5108 3767 5183">
     <span class='ocr_line' id='line_1_111' title="bbox 2164 5108 3767 5183; baseline -0.003 -18"><span class='ocrx_word' id='word_1_825' title='bbox 2164 5129 2343 5183; x_wconf 79' lang='grc' dir='ltr'>μενον.</span> <span class='ocrx_word' id='word_1_826' title='bbox 2377 5112 2561 5172; x_wconf 83' lang='grc' dir='ltr'>Διετὲς</span> <span class='ocrx_word' id='word_1_827' title='bbox 2608 5111 2663 5163; x_wconf 78' lang='grc' dir='ltr'>δὲ</span> <span class='ocrx_word' id='word_1_828' title='bbox 2685 5111 2905 5179; x_wconf 79' lang='grc' dir='ltr'>γεγονὸς</span> <span class='ocrx_word' id='word_1_829' title='bbox 2947 5112 3004 5162; x_wconf 78' lang='grc' dir='ltr'>ὲν</span> <span class='ocrx_word' id='word_1_830' title='bbox 3036 5109 3169 5179; x_wconf 84' lang='grc' dir='ltr'>τῷδε</span> <span class='ocrx_word' id='word_1_831' title='bbox 3201 5108 3282 5179; x_wconf 84' lang='grc' dir='ltr'>τῷ</span> <span class='ocrx_word' id='word_1_832' title='bbox 3307 5111 3458 5181; x_wconf 79' lang='grc' dir='ltr'>οἴκῳ</span> <span class='ocrx_word' id='word_1_833' title='bbox 3489 5113 3554 5164; x_wconf 75' lang='grc' dir='ltr'>τὸ</span> <span class='ocrx_word' id='word_1_834' title='bbox 3624 5111 3767 5164; x_wconf 84' lang='grc' dir='ltr'>θεῖον</span> 
     </span>
    </p>
   </div>
   <div class='ocr_carea' id='block_1_112' title="bbox 2164 5199 3768 5272">
    <p class='ocr_par' dir='ltr' id='par_1_112' title="bbox 2164 5199 3768 5272">
     <span class='ocr_line' id='line_1_112' title="bbox 2164 5199 3768 5272; baseline -0.002 -17"><span class='ocrx_word' id='word_1_835' title='bbox 2164 5203 2448 5272; x_wconf 79' lang='grc' dir='ltr'>βάπτισμα</span> <span class='ocrx_word' id='word_1_836' title='bbox 2477 5201 2717 5265; x_wconf 82' lang='grc' dir='ltr'>δέξεται,</span> <span class='ocrx_word' id='word_1_837' title='bbox 2752 5204 2849 5254; x_wconf 72' lang='grc' dir='ltr'><strong>καὶ</strong></span> <span class='ocrx_word' id='word_1_838' title='bbox 2904 5199 3041 5253; x_wconf 76' lang='grc' dir='ltr'>αὐτὸ</span> <span class='ocrx_word' id='word_1_839' title='bbox 3089 5200 3225 5271; x_wconf 84' lang='grc' dir='ltr'>μετὰ</span> <span class='ocrx_word' id='word_1_840' title='bbox 3272 5200 3382 5272; x_wconf 81' lang='grc' dir='ltr'><strong>τὴν</strong></span> <span class='ocrx_word' id='word_1_841' title='bbox 3414 5205 3484 5255; x_wconf 83' lang='grc' dir='ltr'>ὲκ</span> <span class='ocrx_word' id='word_1_842' title='bbox 3515 5201 3615 5254; x_wconf 82' lang='grc' dir='ltr'>τοῦ</span> <span class='ocrx_word' id='word_1_843' title='bbox 3673 5200 3768 5269; x_wconf 81' lang='grc' dir='ltr'><strong>βα-</strong></span> 
     </span>
    </p>
   </div>
   <div class='ocr_carea' id='block_1_113' title="bbox 2163 5289 3517 5365">
    <p class='ocr_par' dir='ltr' id='par_1_113' title="bbox 2163 5289 3517 5365">
     <span class='ocr_line' id='line_1_113' title="bbox 2163 5289 3517 5365; baseline 0.001 -21"><span class='ocrx_word' id='word_1_844' title='bbox 2163 5292 2471 5361; x_wconf 79' lang='grc' dir='ltr'>πτίσματος</span> <span class='ocrx_word' id='word_1_845' title='bbox 2504 5292 2684 5365; x_wconf 76' lang='grc' dir='ltr'>χάριν,</span> <span class='ocrx_word' id='word_1_846' title='bbox 2714 5291 2783 5342; x_wconf 81' lang='grc' dir='ltr'>τὰ</span> <span class='ocrx_word' id='word_1_847' title='bbox 2808 5292 2935 5360; x_wconf 72' lang='grc' dir='ltr'>περὶ</span> <span class='ocrx_word' id='word_1_848' title='bbox 2962 5289 3154 5342; x_wconf 82' lang='grc' dir='ltr'>ἑαυτοῦ</span> <span class='ocrx_word' id='word_1_849' title='bbox 3178 5289 3517 5358; x_wconf 79' lang='grc' dir='ltr'>φθέγξεται.</span> 
     </span>
    </p>
   </div>
   <div class='ocr_carea' id='block_1_114' title="bbox 2234 5564 3766 5644">
    <p class='ocr_par' dir='ltr' id='par_1_114' title="bbox 2234 5564 3766 5644">
     <span class='ocr_line' id='line_1_114' title="bbox 2234 5564 3766 5644; baseline -0.008 -14"><span class='ocrx_word' id='word_1_850' title='bbox 2234 5576 2301 5641; x_wconf 82' lang='grc' dir='ltr'><strong>ζ’.</strong></span> <span class='ocrx_word' id='word_1_851' title='bbox 2351 5573 2418 5628; x_wconf 84' lang='grc' dir='ltr'><strong><em>Ἢ</em></strong></span> <span class='ocrx_word' id='word_1_852' title='bbox 2448 5573 2546 5644; x_wconf 76' lang='grc' dir='ltr'>μὲν</span> <span class='ocrx_word' id='word_1_853' title='bbox 2581 5570 2675 5626; x_wconf 83' lang='grc' dir='ltr'>οὖν</span> <span class='ocrx_word' id='word_1_854' title='bbox 2699 5568 2838 5639; x_wconf 81' lang='grc' dir='ltr'>γυνὴ</span> <span class='ocrx_word' id='word_1_855' title='bbox 2861 5566 3119 5638; x_wconf 83' lang='grc' dir='ltr'>τοιαύτης</span> <span class='ocrx_word' id='word_1_856' title='bbox 3160 5564 3255 5618; x_wconf 79' lang='grc' dir='ltr'>καὶ</span> <span class='ocrx_word' id='word_1_857' title='bbox 3284 5564 3442 5620; x_wconf 75' lang='grc' dir='ltr'>οὕτω</span> <span class='ocrx_word' id='word_1_858' title='bbox 3469 5566 3629 5630; x_wconf 80' lang='grc' dir='ltr'>θείας</span> <span class='ocrx_word' id='word_1_859' title='bbox 3657 5564 3766 5618; x_wconf 64' lang='grc' dir='ltr'>ἔπι·</span> 
     </span>
    </p>
   </div>
   <div class='ocr_carea' id='block_1_115' title="bbox 2170 5655 3773 5731">
    <p class='ocr_par' dir='ltr' id='par_1_115' title="bbox 2170 5655 3773 5731">
     <span class='ocr_line' id='line_1_115' title="bbox 2170 5655 3773 5731; baseline -0.007 -9"><span class='ocrx_word' id='word_1_860' title='bbox 2170 5666 2395 5730; x_wconf 88' lang='grc' dir='ltr'>στασίας</span> <span class='ocrx_word' id='word_1_861' title='bbox 2449 5663 2767 5731; x_wconf 76' lang='grc' dir='ltr'>ἀξιωθεῖσα,</span> <span class='ocrx_word' id='word_1_862' title='bbox 2789 5660 3095 5729; x_wconf 73' lang='grc' dir='ltr'>ὑπότρομος</span> <span class='ocrx_word' id='word_1_863' title='bbox 3132 5657 3224 5711; x_wconf 71' lang='grc' dir='ltr'><strong>καὶ</strong></span> <span class='ocrx_word' id='word_1_864' title='bbox 3258 5657 3543 5731; x_wconf 64' lang='grc' dir='ltr'>περιδεὴς</span> <span class='ocrx_word' id='word_1_865' title='bbox 3567 5661 3649 5724; x_wconf 82' lang='grc' dir='ltr'><strong>είς</strong></span> <span class='ocrx_word' id='word_1_866' title='bbox 3685 5655 3773 5710; x_wconf 72' lang='grc' dir='ltr'><strong>τὸν</strong></span> 
     </span>
    </p>
   </div>
  </div>
