  <div class='ocr_page' id='page_1' title='image "/cluster/home/n/w/nwhite01/storage/ocr_20150623/86:pt.2/coo.31924054869890/624.png"; bbox 0 0 3898 6412; ppageno 0'>
   <div class='ocr_carea' id='block_1_1' title="bbox 205 526 320 593">
    <p class='ocr_par' dir='ltr' id='par_1_1' title="bbox 205 526 320 593">
     <span class='ocr_line' id='line_1_1' title="bbox 205 526 320 593; baseline -0.026 0"><span class='ocrx_word' id='word_1_1' title='bbox 205 526 320 593; x_wconf 76' lang='lat'><strong>2993</strong></span> 
     </span>
    </p>
   </div>
   <div class='ocr_carea' id='block_1_2' title="bbox 1197 527 2469 600">
    <p class='ocr_par' dir='ltr' id='par_1_2' title="bbox 1197 527 2469 600">
     <span class='ocr_line' id='line_1_2' title="bbox 1197 527 2469 600; baseline -0.009 1"><span class='ocrx_word' id='word_1_2' title='bbox 1197 538 1374 600; x_wconf 78' lang='lat' dir='ltr'><strong>VITA</strong></span> <span class='ocrx_word' id='word_1_3' title='bbox 1411 539 1459 596; x_wconf 80' lang='grc' dir='ltr'><strong>Α</strong></span> <span class='ocrx_word' id='word_1_4' title='bbox 1497 527 1937 596; x_wconf 79' lang='lat' dir='ltr'><strong>NICEPHORO</strong></span> <span class='ocrx_word' id='word_1_5' title='bbox 1975 528 2469 590; x_wconf 80' lang='lat' dir='ltr'><strong>CONSCRIPTA.</strong></span> 
     </span>
    </p>
   </div>
   <div class='ocr_carea' id='block_1_3' title="bbox 3304 530 3445 595">
    <p class='ocr_par' dir='ltr' id='par_1_3' title="bbox 3304 530 3445 595">
     <span class='ocr_line' id='line_1_3' title="bbox 3304 530 3445 595; baseline -0.014 0"><span class='ocrx_word' id='word_1_6' title='bbox 3304 530 3445 595; x_wconf 65' lang='lat'><strong>299$</strong></span> 
     </span>
    </p>
   </div>
   <div class='ocr_carea' id='block_1_4' title="bbox 203 637 1770 719">
    <p class='ocr_par' dir='ltr' id='par_1_4' title="bbox 203 639 1754 719">
     <span class='ocr_line' id='line_1_4' title="bbox 203 639 1754 719; baseline 0.001 -22"><span class='ocrx_word' id='word_1_7' title='bbox 203 642 375 697; x_wconf 71' lang='grc' dir='ltr'>οἰκεῖον</span> <span class='ocrx_word' id='word_1_8' title='bbox 418 639 694 696; x_wconf 75' lang='grc' dir='ltr'>ἐπάνεισιν</span> <span class='ocrx_word' id='word_1_9' title='bbox 733 640 905 710; x_wconf 80' lang='grc' dir='ltr'>οἷκον,</span> <span class='ocrx_word' id='word_1_10' title='bbox 942 645 1074 700; x_wconf 86' lang='grc' dir='ltr'>είσω</span> <span class='ocrx_word' id='word_1_11' title='bbox 1116 647 1301 702; x_wconf 84' lang='grc' dir='ltr'>πυλῶν</span> <span class='ocrx_word' id='word_1_12' title='bbox 1336 649 1433 719; x_wconf 79' lang='grc' dir='ltr'>τῆς</span> <span class='ocrx_word' id='word_1_13' title='bbox 1478 646 1754 717; x_wconf 78' lang='grc' dir='ltr'><strong>Ἀντιόχου</strong></span> 
     </span>
    </p>
   </div>
   <div class='ocr_carea' id='block_1_5' title="bbox 1877 637 3445 719">
    <p class='ocr_par' dir='ltr' id='par_1_5' title="bbox 1877 637 3445 709">
     <span class='ocr_line' id='line_1_5' title="bbox 1877 637 3445 709; baseline 0.003 -15"><span class='ocrx_word' id='word_1_14' title='bbox 1877 639 2183 704; x_wconf 80' lang='lat' dir='ltr'><strong>&#39;evertitur,</strong></span> <span class='ocrx_word' id='word_1_15' title='bbox 2212 640 2369 695; x_wconf 71' lang='lat' dir='ltr'><strong>intra.</strong></span> <span class='ocrx_word' id='word_1_16' title='bbox 2385 647 2579 709; x_wconf 89' lang='lat' dir='ltr'><strong>portas</strong></span> <span class='ocrx_word' id='word_1_17' title='bbox 2610 637 2922 696; x_wconf 71' lang='lat' dir='ltr'><strong>Antiochia:</strong></span> <span class='ocrx_word' id='word_1_18' title='bbox 2956 639 3158 708; x_wconf 87' lang='lat' dir='ltr'><strong>sitam;</strong></span> <span class='ocrx_word' id='word_1_19' title='bbox 3198 642 3445 698; x_wconf 84' lang='lat' dir='ltr'><strong>accedit-</strong></span> 
     </span>
    </p>
   </div>
   <div class='ocr_carea' id='block_1_6' title="bbox 202 734 1754 812">
    <p class='ocr_par' dir='ltr' id='par_1_6' title="bbox 202 734 1754 812">
     <span class='ocr_line' id='line_1_6' title="bbox 202 734 1754 812; baseline 0.003 -24"><span class='ocrx_word' id='word_1_20' title='bbox 202 738 339 788; x_wconf 65' lang='grc' dir='ltr'>ὅντα·</span> <span class='ocrx_word' id='word_1_21' title='bbox 370 734 783 806; x_wconf 78' lang='grc' dir='ltr'>καταλαμϐάνει</span> <span class='ocrx_word' id='word_1_22' title='bbox 821 736 879 791; x_wconf 79' lang='grc' dir='ltr'>δὲ</span> <span class='ocrx_word' id='word_1_23' title='bbox 929 737 1023 792; x_wconf 74' lang='grc' dir='ltr'>τὸν</span> <span class='ocrx_word' id='word_1_24' title='bbox 1074 739 1276 807; x_wconf 77' lang='grc' dir='ltr'>ἑαυτῆς</span> <span class='ocrx_word' id='word_1_25' title='bbox 1320 740 1488 812; x_wconf 77' lang='grc' dir='ltr'>ἄνδρα</span> <span class='ocrx_word' id='word_1_26' title='bbox 1550 739 1631 812; x_wconf 78' lang='grc' dir='ltr'>τῷ</span> <span class='ocrx_word' id='word_1_27' title='bbox 1671 739 1754 810; x_wconf 78' lang='grc' dir='ltr'><strong>βι·</strong></span> 
     </span>
    </p>
   </div>
   <div class='ocr_carea' id='block_1_7' title="bbox 204 826 1756 904">
    <p class='ocr_par' dir='ltr' id='par_1_7' title="bbox 204 826 1756 904">
     <span class='ocr_line' id='line_1_7' title="bbox 204 826 1756 904; baseline 0.005 -27"><span class='ocrx_word' id='word_1_28' title='bbox 204 826 316 895; x_wconf 74' lang='grc' dir='ltr'>ϐλίῳ</span> <span class='ocrx_word' id='word_1_29' title='bbox 346 828 764 896; x_wconf 76' lang='grc' dir='ltr'><strong>προσκείμενον,</strong></span> <span class='ocrx_word' id='word_1_30' title='bbox 792 827 821 882; x_wconf 79' lang='grc' dir='ltr'><strong>ὃ</strong></span> <span class='ocrx_word' id='word_1_31' title='bbox 851 829 950 901; x_wconf 80' lang='grc' dir='ltr'><strong>τὴν</strong></span> <span class='ocrx_word' id='word_1_32' title='bbox 999 829 1265 901; x_wconf 71' lang='grc' dir='ltr'>ἐξήγησιν</span> <span class='ocrx_word' id='word_1_33' title='bbox 1300 835 1401 904; x_wconf 79' lang='grc' dir='ltr'>τῆς</span> <span class='ocrx_word' id='word_1_34' title='bbox 1458 833 1611 901; x_wconf 78' lang='grc' dir='ltr'>ἱερᾶς</span> <span class='ocrx_word' id='word_1_35' title='bbox 1660 830 1756 885; x_wconf 74' lang='grc' dir='ltr'>τοῦ</span> 
     </span>
    </p>
   </div>
   <div class='ocr_carea' id='block_1_8' title="bbox 205 917 1757 992">
    <p class='ocr_par' dir='ltr' id='par_1_8' title="bbox 205 917 1757 992">
     <span class='ocr_line' id='line_1_8' title="bbox 205 917 1757 992; baseline 0.006 -23"><span class='ocrx_word' id='word_1_36' title='bbox 205 917 491 988; x_wconf 82' lang='grc' dir='ltr'>Προδρόμου</span> <span class='ocrx_word' id='word_1_37' title='bbox 509 919 758 990; x_wconf 79' lang='grc' dir='ltr'>κεφαλῆς</span> <span class='ocrx_word' id='word_1_38' title='bbox 783 924 1081 992; x_wconf 82' lang='grc' dir='ltr'>περιεῖχεν,</span> <span class='ocrx_word' id='word_1_39' title='bbox 1113 923 1264 987; x_wconf 81' lang='grc' dir='ltr'>ὅπως</span> <span class='ocrx_word' id='word_1_40' title='bbox 1299 927 1327 977; x_wconf 81' lang='grc' dir='ltr'>ὁ</span> <span class='ocrx_word' id='word_1_41' title='bbox 1365 923 1623 987; x_wconf 80' lang='grc' dir='ltr'>τοσοῦτος</span> <span class='ocrx_word' id='word_1_42' title='bbox 1655 923 1757 992; x_wconf 89' lang='grc' dir='ltr'>θη-</span> 
     </span>
    </p>
   </div>
   <div class='ocr_carea' id='block_1_9' title="bbox 204 1010 1761 1088">
    <p class='ocr_par' dir='ltr' id='par_1_9' title="bbox 204 1010 1761 1088">
     <span class='ocr_line' id='line_1_9' title="bbox 204 1010 1761 1088; baseline 0.004 -26"><span class='ocrx_word' id='word_1_43' title='bbox 204 1010 398 1080; x_wconf 76' lang='grc' dir='ltr'>σαυρὸς,</span> <span class='ocrx_word' id='word_1_44' title='bbox 430 1012 522 1064; x_wconf 71' lang='lat' dir='ltr'><strong>ml.</strong></span> <span class='ocrx_word' id='word_1_45' title='bbox 555 1010 650 1065; x_wconf 83' lang='grc' dir='ltr'>τοῦ</span> <span class='ocrx_word' id='word_1_46' title='bbox 690 1012 766 1082; x_wconf 85' lang='grc' dir='ltr'>μὴ</span> <span class='ocrx_word' id='word_1_47' title='bbox 795 1013 979 1068; x_wconf 86' lang='grc' dir='ltr'>λαθεῖν</span> <span class='ocrx_word' id='word_1_48' title='bbox 1017 1013 1169 1081; x_wconf 75' lang='grc' dir='ltr'>ἄξιος</span> <span class='ocrx_word' id='word_1_49' title='bbox 1192 1055 1207 1081; x_wconf 90' lang='grc'><strong>,</strong></span> <span class='ocrx_word' id='word_1_50' title='bbox 1241 1016 1346 1069; x_wconf 80' lang='grc' dir='ltr'><strong>ὑπὸ</strong></span> <span class='ocrx_word' id='word_1_51' title='bbox 1378 1017 1483 1086; x_wconf 82' lang='grc' dir='ltr'>γῆν</span> <span class='ocrx_word' id='word_1_52' title='bbox 1513 1017 1761 1088; x_wconf 87' lang='grc' dir='ltr'>κρυπτό-</span> 
     </span>
    </p>
   </div>
   <div class='ocr_carea' id='block_1_10' title="bbox 205 1099 1761 1175">
    <p class='ocr_par' dir='ltr' id='par_1_10' title="bbox 205 1099 1761 1175">
     <span class='ocr_line' id='line_1_10' title="bbox 205 1099 1761 1175; baseline 0.003 -23"><span class='ocrx_word' id='word_1_53' title='bbox 205 1116 343 1169; x_wconf 82' lang='grc' dir='ltr'>μενος</span> <span class='ocrx_word' id='word_1_54' title='bbox 361 1100 632 1173; x_wconf 78' lang='grc' dir='ltr'>εύρεθείη.</span> <span class='ocrx_word' id='word_1_55' title='bbox 669 1101 972 1173; x_wconf 75' lang='grc' dir='ltr'>Σύμϐολον,</span> <span class='ocrx_word' id='word_1_56' title='bbox 1004 1099 1182 1175; x_wconf 74' lang='grc' dir='ltr'>οἶμαι,</span> <span class='ocrx_word' id='word_1_57' title='bbox 1220 1105 1317 1172; x_wconf 82' lang='grc' dir='ltr'>τῆς</span> <span class='ocrx_word' id='word_1_58' title='bbox 1342 1102 1436 1157; x_wconf 80' lang='grc' dir='ltr'>τοῦ</span> <span class='ocrx_word' id='word_1_59' title='bbox 1472 1102 1761 1173; x_wconf 82' lang='grc' dir='ltr'>εὐαγγελι-</span> 
     </span>
    </p>
   </div>
   <div class='ocr_carea' id='block_1_11' title="bbox 203 1189 1762 1265">
    <p class='ocr_par' dir='ltr' id='par_1_11' title="bbox 203 1189 1762 1265">
     <span class='ocr_line' id='line_1_11' title="bbox 203 1189 1762 1265; baseline 0.003 -21"><span class='ocrx_word' id='word_1_60' title='bbox 203 1189 397 1255; x_wconf 81' lang='grc' dir='ltr'>σθέντος</span> <span class='ocrx_word' id='word_1_61' title='bbox 427 1193 565 1265; x_wconf 78' lang='grc' dir='ltr'>αὐτῇ</span> <span class='ocrx_word' id='word_1_62' title='bbox 604 1194 946 1264; x_wconf 75' lang='grc' dir='ltr'><strong>προφητείας</strong></span> <span class='ocrx_word' id='word_1_63' title='bbox 977 1196 1072 1249; x_wconf 78' lang='grc' dir='ltr'><strong>καὶ</strong></span> <span class='ocrx_word' id='word_1_64' title='bbox 1103 1195 1282 1259; x_wconf 82' lang='grc' dir='ltr'>τοῦτο,</span> <span class='ocrx_word' id='word_1_65' title='bbox 1310 1196 1392 1249; x_wconf 85' lang='grc' dir='ltr'>ὄτι</span> <span class='ocrx_word' id='word_1_66' title='bbox 1426 1196 1570 1265; x_wconf 81' lang='grc' dir='ltr'>μέγα</span> <span class='ocrx_word' id='word_1_67' title='bbox 1601 1212 1652 1251; x_wconf 89' lang='grc' dir='ltr'><strong>τι</strong></span> <span class='ocrx_word' id='word_1_68' title='bbox 1684 1195 1762 1260; x_wconf 86' lang='grc' dir='ltr'>τῷ</span> 
     </span>
    </p>
   </div>
   <div class='ocr_carea' id='block_1_12' title="bbox 202 1279 1763 1359">
    <p class='ocr_par' dir='ltr' id='par_1_12' title="bbox 202 1279 1763 1359">
     <span class='ocr_line' id='line_1_12' title="bbox 202 1279 1763 1359; baseline 0.004 -24"><span class='ocrx_word' id='word_1_69' title='bbox 202 1282 287 1354; x_wconf 85' lang='grc' dir='ltr'><strong>βίῳ</strong></span> <span class='ocrx_word' id='word_1_70' title='bbox 311 1282 508 1351; x_wconf 80' lang='grc' dir='ltr'>ἀγαθὸν</span> <span class='ocrx_word' id='word_1_71' title='bbox 537 1285 631 1338; x_wconf 80' lang='grc' dir='ltr'>καὶ</span> <span class='ocrx_word' id='word_1_72' title='bbox 665 1279 822 1350; x_wconf 74' lang='grc' dir='ltr'>οὗτος</span> <span class='ocrx_word' id='word_1_73' title='bbox 849 1288 1118 1357; x_wconf 80' lang='grc' dir='ltr'>φανεῖται.</span> <span class='ocrx_word' id='word_1_74' title='bbox 1154 1287 1311 1359; x_wconf 87' lang='grc' dir='ltr'><strong>Παρά</strong></span> <span class='ocrx_word' id='word_1_75' title='bbox 1354 1286 1435 1357; x_wconf 85' lang='grc' dir='ltr'><strong>τῷ</strong></span> <span class='ocrx_word' id='word_1_76' title='bbox 1464 1287 1621 1359; x_wconf 74' lang='grc' dir='ltr'>ἀνδρὶ</span> <span class='ocrx_word' id='word_1_77' title='bbox 1654 1289 1763 1343; x_wconf 88' lang='grc' dir='ltr'>τοί-</span> 
     </span>
    </p>
   </div>
   <div class='ocr_carea' id='block_1_13' title="bbox 201 1375 1762 1449">
    <p class='ocr_par' dir='ltr' id='par_1_13' title="bbox 201 1375 1762 1449">
     <span class='ocr_line' id='line_1_13' title="bbox 201 1375 1762 1449; baseline 0.004 -22"><span class='ocrx_word' id='word_1_78' title='bbox 201 1392 279 1428; x_wconf 87' lang='grc' dir='ltr'><strong>νυν</strong></span> <span class='ocrx_word' id='word_1_79' title='bbox 330 1375 619 1442; x_wconf 76' lang='grc' dir='ltr'><strong>καθίσασα,</strong></span> <span class='ocrx_word' id='word_1_80' title='bbox 672 1378 775 1448; x_wconf 82' lang='grc' dir='ltr'>τῆς</span> <span class='ocrx_word' id='word_1_81' title='bbox 828 1378 1193 1446; x_wconf 80' lang='grc' dir='ltr'>ἀναγνώσεως</span> <span class='ocrx_word' id='word_1_82' title='bbox 1243 1380 1521 1449; x_wconf 74' lang='grc' dir='ltr'>ἠκροᾶτο*</span> <span class='ocrx_word' id='word_1_83' title='bbox 1575 1380 1649 1443; x_wconf 85' lang='grc' dir='ltr'>ὠς</span> <span class='ocrx_word' id='word_1_84' title='bbox 1704 1379 1762 1433; x_wconf 81' lang='grc' dir='ltr'>δὲ</span> 
     </span>
    </p>
   </div>
   <div class='ocr_carea' id='block_1_14' title="bbox 201 1463 1762 1540">
    <p class='ocr_par' dir='ltr' id='par_1_14' title="bbox 201 1463 1762 1540">
     <span class='ocr_line' id='line_1_14' title="bbox 201 1463 1762 1540; baseline 0.003 -22"><span class='ocrx_word' id='word_1_85' title='bbox 201 1465 319 1538; x_wconf 82' lang='grc' dir='ltr'>αὕτη</span> <span class='ocrx_word' id='word_1_86' title='bbox 370 1468 546 1537; x_wconf 87' lang='grc' dir='ltr'>πέρας</span> <span class='ocrx_word' id='word_1_87' title='bbox 596 1463 746 1538; x_wconf 70' lang='grc' dir='ltr'>εἶχεν</span> <span class='ocrx_word' id='word_1_88' title='bbox 805 1468 976 1539; x_wconf 81' lang='grc' dir='ltr'>αὐτῷ,</span> <span class='ocrx_word' id='word_1_89' title='bbox 1006 1471 1038 1538; x_wconf 82' lang='grc' dir='ltr'>ἡ</span> <span class='ocrx_word' id='word_1_90' title='bbox 1072 1469 1206 1539; x_wconf 75' lang='grc' dir='ltr'>γυνὴ</span> <span class='ocrx_word' id='word_1_91' title='bbox 1238 1468 1336 1540; x_wconf 82' lang='grc' dir='ltr'>τὴν</span> <span class='ocrx_word' id='word_1_92' title='bbox 1362 1468 1483 1537; x_wconf 66' lang='grc' dir='ltr'>ὄψιν</span> <span class='ocrx_word' id='word_1_93' title='bbox 1512 1472 1590 1533; x_wconf 82' lang='grc' dir='ltr'><strong>είς</strong></span> <span class='ocrx_word' id='word_1_94' title='bbox 1637 1467 1762 1523; x_wconf 81' lang='grc' dir='ltr'>νοῦν</span> 
     </span>
    </p>
   </div>
   <div class='ocr_carea' id='block_1_15' title="bbox 200 1558 1763 1632">
    <p class='ocr_par' dir='ltr' id='par_1_15' title="bbox 200 1558 1763 1632">
     <span class='ocr_line' id='line_1_15' title="bbox 200 1558 1763 1632; baseline 0.003 -22"><span class='ocrx_word' id='word_1_95' title='bbox 200 1558 550 1627; x_wconf 76' lang='grc' dir='ltr'>λαμϐάνουσα,</span> <span class='ocrx_word' id='word_1_96' title='bbox 582 1560 758 1628; x_wconf 66' lang='grc' dir='ltr'>φόϐου,</span> <span class='ocrx_word' id='word_1_97' title='bbox 787 1560 882 1614; x_wconf 76' lang='grc' dir='ltr'><strong>καὶ</strong></span> <span class='ocrx_word' id='word_1_98' title='bbox 934 1562 1111 1630; x_wconf 77' lang='grc' dir='ltr'>χαρᾶς</span> <span class='ocrx_word' id='word_1_99' title='bbox 1140 1560 1237 1631; x_wconf 81' lang='grc' dir='ltr'><strong>τὴν</strong></span> <span class='ocrx_word' id='word_1_100' title='bbox 1265 1560 1442 1632; x_wconf 82' lang='grc' dir='ltr'>ψυχὴν</span> <span class='ocrx_word' id='word_1_101' title='bbox 1479 1562 1763 1628; x_wconf 78' lang='grc' dir='ltr'><strong>ὑπόπλεως</strong></span> 
     </span>
    </p>
   </div>
   <div class='ocr_carea' id='block_1_16' title="bbox 201 1642 1763 1721">
    <p class='ocr_par' dir='ltr' id='par_1_16' title="bbox 201 1642 1763 1721">
     <span class='ocr_line' id='line_1_16' title="bbox 201 1642 1763 1721; baseline 0.004 -21"><span class='ocrx_word' id='word_1_102' title='bbox 201 1642 336 1713; x_wconf 73' lang='grc' dir='ltr'>οὖσα,</span> <span class='ocrx_word' id='word_1_103' title='bbox 369 1649 489 1705; x_wconf 84' lang='grc' dir='ltr'>οὐδὲ</span> <span class='ocrx_word' id='word_1_104' title='bbox 541 1651 830 1713; x_wconf 84' lang='grc' dir='ltr'>καθεκτῶς</span> <span class='ocrx_word' id='word_1_105' title='bbox 873 1651 1023 1721; x_wconf 75' lang='grc' dir='ltr'>ἔχειν</span> <span class='ocrx_word' id='word_1_106' title='bbox 1052 1652 1140 1705; x_wconf 79' lang='grc' dir='ltr'>οἵα</span> <span class='ocrx_word' id='word_1_107' title='bbox 1171 1669 1232 1705; x_wconf 85' lang='grc' dir='ltr'><strong>τε</strong></span> <span class='ocrx_word' id='word_1_108' title='bbox 1254 1648 1342 1720; x_wconf 82' lang='grc' dir='ltr'>ἧν,</span> <span class='ocrx_word' id='word_1_109' title='bbox 1376 1653 1513 1707; x_wconf 84' lang='grc' dir='ltr'>ἀλλά</span> <span class='ocrx_word' id='word_1_110' title='bbox 1556 1671 1611 1707; x_wconf 87' lang='grc' dir='ltr'><strong>τι</strong></span> <span class='ocrx_word' id='word_1_111' title='bbox 1646 1655 1763 1708; x_wconf 87' lang='grc' dir='ltr'>λίαν</span> 
     </span>
    </p>
   </div>
   <div class='ocr_carea' id='block_1_17' title="bbox 201 1741 1766 1817">
    <p class='ocr_par' dir='ltr' id='par_1_17' title="bbox 201 1741 1766 1817">
     <span class='ocr_line' id='line_1_17' title="bbox 201 1741 1766 1817; baseline 0.002 -22"><span class='ocrx_word' id='word_1_112' title='bbox 201 1742 389 1811; x_wconf 70' lang='grc' dir='ltr'>οίκτρὸν</span> <span class='ocrx_word' id='word_1_113' title='bbox 425 1741 628 1813; x_wconf 77' lang='grc' dir='ltr'>ἑαυτὴν</span> <span class='ocrx_word' id='word_1_114' title='bbox 659 1742 1008 1815; x_wconf 82' lang='grc' dir='ltr'>ὠλοφύρετο,</span> <span class='ocrx_word' id='word_1_115' title='bbox 1044 1746 1120 1808; x_wconf 84' lang='grc' dir='ltr'>ὡς</span> <span class='ocrx_word' id='word_1_116' title='bbox 1177 1744 1313 1817; x_wconf 76' lang='grc' dir='ltr'>μηδὲ</span> <span class='ocrx_word' id='word_1_117' title='bbox 1371 1743 1766 1817; x_wconf 80' lang='grc' dir='ltr'>πυνθανομένῳ</span> 
     </span>
    </p>
   </div>
   <div class='ocr_carea' id='block_1_18' title="bbox 200 1831 1767 1905">
    <p class='ocr_par' dir='ltr' id='par_1_18' title="bbox 200 1831 1767 1905">
     <span class='ocr_line' id='line_1_18' title="bbox 200 1831 1767 1905; baseline 0.002 -22"><span class='ocrx_word' id='word_1_118' title='bbox 200 1832 284 1901; x_wconf 78' lang='grc' dir='ltr'>τὴν</span> <span class='ocrx_word' id='word_1_119' title='bbox 302 1831 477 1885; x_wconf 80' lang='grc' dir='ltr'>αἰτίαν</span> <span class='ocrx_word' id='word_1_120' title='bbox 507 1832 586 1904; x_wconf 82' lang='grc' dir='ltr'><strong>τῷ</strong></span> <span class='ocrx_word' id='word_1_121' title='bbox 606 1832 767 1904; x_wconf 72' lang='grc' dir='ltr'>ἀνδρὶ</span> <span class='ocrx_word' id='word_1_122' title='bbox 796 1832 1217 1904; x_wconf 84' lang='grc' dir='ltr'>ἀποκρίνεσθαι,</span> <span class='ocrx_word' id='word_1_123' title='bbox 1242 1832 1357 1885; x_wconf 82' lang='grc' dir='ltr'>ἀλλ’</span> <span class='ocrx_word' id='word_1_124' title='bbox 1377 1834 1437 1885; x_wconf 85' lang='grc' dir='ltr'>ὲν</span> <span class='ocrx_word' id='word_1_125' title='bbox 1466 1833 1767 1905; x_wconf 73' lang='grc' dir='ltr'>ἀπορρήτῳ</span> 
     </span>
    </p>
   </div>
   <div class='ocr_carea' id='block_1_19' title="bbox 201 1922 1764 1995">
    <p class='ocr_par' dir='ltr' id='par_1_19' title="bbox 201 1922 1764 1995">
     <span class='ocr_line' id='line_1_19' title="bbox 201 1922 1764 1995; baseline 0.002 -20"><span class='ocrx_word' id='word_1_126' title='bbox 201 1923 403 1994; x_wconf 81' lang='grc' dir='ltr'>καρδίας</span> <span class='ocrx_word' id='word_1_127' title='bbox 461 1924 536 1977; x_wconf 84' lang='grc' dir='ltr'>τὰ</span> <span class='ocrx_word' id='word_1_128' title='bbox 597 1924 836 1995; x_wconf 80' lang='grc' dir='ltr'>ὀφθέντα</span> <span class='ocrx_word' id='word_1_129' title='bbox 890 1925 1145 1994; x_wconf 85' lang='grc' dir='ltr'>κατέχειν</span> <span class='ocrx_word' id='word_1_130' title='bbox 1173 1939 1187 1953; x_wconf 87' lang='grc'><strong>·</strong></span> <span class='ocrx_word' id='word_1_131' title='bbox 1216 1924 1400 1994; x_wconf 80' lang='grc' dir='ltr'>ἐκείνη</span> <span class='ocrx_word' id='word_1_132' title='bbox 1436 1924 1537 1993; x_wconf 85' lang='grc' dir='ltr'><strong>μὲν</strong></span> <span class='ocrx_word' id='word_1_133' title='bbox 1566 1922 1659 1978; x_wconf 80' lang='grc' dir='ltr'>οὖν</span> <span class='ocrx_word' id='word_1_134' title='bbox 1685 1925 1764 1995; x_wconf 81' lang='grc' dir='ltr'><strong>τῷ</strong></span> 
     </span>
    </p>
   </div>
   <div class='ocr_carea' id='block_1_20' title="bbox 199 1991 1838 2088">
    <p class='ocr_par' dir='ltr' id='par_1_20' title="bbox 199 1991 1838 2088">
     <span class='ocr_line' id='line_1_20' title="bbox 199 1991 1838 2088; baseline 0.004 -21"><span class='ocrx_word' id='word_1_135' title='bbox 199 1991 333 2084; x_wconf 80' lang='grc' dir='ltr'>ἀνδρὶ</span> <span class='ocrx_word' id='word_1_136' title='bbox 365 1991 697 2069; x_wconf 79' lang='grc' dir='ltr'>συνοικοῦσα</span> <span class='ocrx_word' id='word_1_137' title='bbox 733 2014 998 2070; x_wconf 76' lang='grc' dir='ltr'>συνέλαϐε</span> <span class='ocrx_word' id='word_1_138' title='bbox 1030 1991 1137 2070; x_wconf 57' lang='grc' dir='ltr'><strong>ἀπὸ</strong></span> <span class='ocrx_word' id='word_1_139' title='bbox 1170 2014 1291 2068; x_wconf 82' lang='grc' dir='ltr'>τότε</span> <span class='ocrx_word' id='word_1_140' title='bbox 1336 1991 1479 2070; x_wconf 81' lang='grc' dir='ltr'>κατὰ</span> <span class='ocrx_word' id='word_1_141' title='bbox 1523 2005 1622 2088; x_wconf 80' lang='grc' dir='ltr'>τὴν</span> <span class='ocrx_word' id='word_1_142' title='bbox 1664 1991 1760 2073; x_wconf 65' lang='grc' dir='ltr'><strong>τού</strong></span> <span class='ocrx_word' id='word_1_143' title='bbox 1792 1991 1838 2050; x_wconf 78' lang='grc' dir='ltr'><strong>Β</strong></span> 
     </span>
    </p>
   </div>
   <div class='ocr_carea' id='block_1_21' title="bbox 201 2108 1766 2181">
    <p class='ocr_par' dir='ltr' id='par_1_21' title="bbox 201 2108 1766 2181">
     <span class='ocr_line' id='line_1_21' title="bbox 201 2108 1766 2181; baseline 0.003 -22"><span class='ocrx_word' id='word_1_144' title='bbox 201 2108 495 2179; x_wconf 73' lang='grc' dir='ltr'>Προδρόμου</span> <span class='ocrx_word' id='word_1_145' title='bbox 549 2109 758 2180; x_wconf 85' lang='grc' dir='ltr'>φωνὴν,</span> <span class='ocrx_word' id='word_1_146' title='bbox 788 2109 884 2162; x_wconf 72' lang='grc' dir='ltr'><strong>καὶ</strong></span> <span class='ocrx_word' id='word_1_147' title='bbox 936 2108 1230 2179; x_wconf 76' lang='grc' dir='ltr'>συνετήρει</span> <span class='ocrx_word' id='word_1_148' title='bbox 1277 2108 1547 2163; x_wconf 83' lang='grc' dir='ltr'>πάντοθεν</span> <span class='ocrx_word' id='word_1_149' title='bbox 1594 2111 1766 2181; x_wconf 78' lang='grc' dir='ltr'>αὐτὴν</span> 
     </span>
    </p>
   </div>
   <div class='ocr_carea' id='block_1_22' title="bbox 197 2195 1766 2271">
    <p class='ocr_par' dir='ltr' id='par_1_22' title="bbox 197 2195 1766 2271">
     <span class='ocr_line' id='line_1_22' title="bbox 197 2195 1766 2271; baseline 0.001 -20"><span class='ocrx_word' id='word_1_150' title='bbox 197 2197 362 2270; x_wconf 79' lang='grc' dir='ltr'>ὥσπερ</span> <span class='ocrx_word' id='word_1_151' title='bbox 391 2218 443 2254; x_wconf 90' lang='grc' dir='ltr'><strong>τι</strong></span> <span class='ocrx_word' id='word_1_152' title='bbox 468 2199 616 2254; x_wconf 84' lang='grc' dir='ltr'>θεῖον</span> <span class='ocrx_word' id='word_1_153' title='bbox 649 2200 708 2253; x_wconf 75' lang='grc' dir='ltr'>ὲν</span> <span class='ocrx_word' id='word_1_154' title='bbox 737 2201 903 2271; x_wconf 76' lang='grc' dir='ltr'>ἑαυτῇ</span> <span class='ocrx_word' id='word_1_155' title='bbox 938 2199 1182 2270; x_wconf 74' lang='grc' dir='ltr'>φέρουσα</span> <span class='ocrx_word' id='word_1_156' title='bbox 1236 2199 1430 2263; x_wconf 81' lang='grc' dir='ltr'>σκεῦος</span> <span class='ocrx_word' id='word_1_157' title='bbox 1459 2216 1473 2230; x_wconf 86' lang='grc'><strong>·</strong></span> <span class='ocrx_word' id='word_1_158' title='bbox 1511 2195 1593 2265; x_wconf 78' lang='grc' dir='ltr'><strong>οἷς</strong></span> <span class='ocrx_word' id='word_1_159' title='bbox 1638 2202 1766 2271; x_wconf 81' lang='grc' dir='ltr'>μέν·</span> 
     </span>
    </p>
   </div>
   <div class='ocr_carea' id='block_1_23' title="bbox 196 2290 1764 2365">
    <p class='ocr_par' dir='ltr' id='par_1_23' title="bbox 196 2290 1764 2365">
     <span class='ocr_line' id='line_1_23' title="bbox 196 2290 1764 2365; baseline 0.003 -22"><span class='ocrx_word' id='word_1_160' title='bbox 196 2308 266 2344; x_wconf 81' lang='grc' dir='ltr'><strong>τοι</strong></span> <span class='ocrx_word' id='word_1_161' title='bbox 291 2291 514 2365; x_wconf 76' lang='grc' dir='ltr'>θαρρεῖν</span> <span class='ocrx_word' id='word_1_162' title='bbox 537 2291 677 2364; x_wconf 85' lang='grc' dir='ltr'>εἶχε,</span> <span class='ocrx_word' id='word_1_163' title='bbox 705 2293 800 2346; x_wconf 73' lang='grc' dir='ltr'><strong>καὶ</strong></span> <span class='ocrx_word' id='word_1_164' title='bbox 833 2290 1074 2362; x_wconf 83' lang='grc' dir='ltr'>μάλιστα</span> <span class='ocrx_word' id='word_1_165' title='bbox 1116 2291 1192 2362; x_wconf 79' lang='grc' dir='ltr'>τῷ</span> <span class='ocrx_word' id='word_1_166' title='bbox 1223 2291 1379 2364; x_wconf 59' lang='grc' dir='ltr'><strong>ἀνδρὶ¹</strong></span> <span class='ocrx_word' id='word_1_167' title='bbox 1408 2333 1423 2354; x_wconf 86' lang='grc'><strong>,</strong></span> <span class='ocrx_word' id='word_1_168' title='bbox 1458 2294 1764 2365; x_wconf 80' lang='grc' dir='ltr'>παρεδήλου</span> 
     </span>
    </p>
   </div>
   <div class='ocr_carea' id='block_1_24' title="bbox 200 2382 1764 2456">
    <p class='ocr_par' dir='ltr' id='par_1_24' title="bbox 200 2382 1764 2456">
     <span class='ocr_line' id='line_1_24' title="bbox 200 2382 1764 2456; baseline 0.004 -22"><span class='ocrx_word' id='word_1_169' title='bbox 200 2382 432 2448; x_wconf 73' lang='grc' dir='ltr'>πολλάκις</span> <span class='ocrx_word' id='word_1_170' title='bbox 461 2425 477 2449; x_wconf 91' lang='grc'><strong>,</strong></span> <span class='ocrx_word' id='word_1_171' title='bbox 512 2384 588 2448; x_wconf 84' lang='grc' dir='ltr'>ὼς</span> <span class='ocrx_word' id='word_1_172' title='bbox 620 2384 853 2455; x_wconf 69' lang='grc' dir='ltr'>ἄρρενος</span> <span class='ocrx_word' id='word_1_173' title='bbox 886 2383 1147 2453; x_wconf 75' lang='grc' dir='ltr'><strong>ἐγκύμων</strong></span> <span class='ocrx_word' id='word_1_174' title='bbox 1179 2384 1266 2454; x_wconf 83' lang='grc' dir='ltr'><strong>εἴη</strong></span> <span class='ocrx_word' id='word_1_175' title='bbox 1294 2386 1482 2456; x_wconf 83' lang='grc' dir='ltr'>γονῆς,</span> <span class='ocrx_word' id='word_1_176' title='bbox 1542 2386 1634 2439; x_wconf 76' lang='grc' dir='ltr'>καὶ</span> <span class='ocrx_word' id='word_1_177' title='bbox 1683 2388 1764 2440; x_wconf 83' lang='grc' dir='ltr'>ὅτι</span> 
     </span>
    </p>
   </div>
   <div class='ocr_carea' id='block_1_25' title="bbox 197 2475 1764 2547">
    <p class='ocr_par' dir='ltr' id='par_1_25' title="bbox 197 2475 1764 2547">
     <span class='ocr_line' id='line_1_25' title="bbox 197 2475 1764 2547; baseline 0.003 -21"><span class='ocrx_word' id='word_1_178' title='bbox 197 2475 397 2544; x_wconf 81' lang='grc' dir='ltr'>Συμεὼν</span> <span class='ocrx_word' id='word_1_179' title='bbox 447 2477 515 2530; x_wconf 73' lang='grc' dir='ltr'>τὸ</span> <span class='ocrx_word' id='word_1_180' title='bbox 568 2475 975 2547; x_wconf 83' lang='grc' dir='ltr'>τεχθησόμενον</span> <span class='ocrx_word' id='word_1_181' title='bbox 1009 2475 1294 2545; x_wconf 85' lang='grc' dir='ltr'>όνομάσοι.</span> <span class='ocrx_word' id='word_1_182' title='bbox 1324 2475 1432 2529; x_wconf 79' lang='grc' dir='ltr'>Τοῦ</span> <span class='ocrx_word' id='word_1_183' title='bbox 1463 2477 1660 2547; x_wconf 86' lang='grc' dir='ltr'>χρόνου</span> <span class='ocrx_word' id='word_1_184' title='bbox 1708 2477 1764 2530; x_wconf 83' lang='grc' dir='ltr'>δὲ</span> 
     </span>
    </p>
   </div>
   <div class='ocr_carea' id='block_1_26' title="bbox 197 2567 1765 2638">
    <p class='ocr_par' dir='ltr' id='par_1_26' title="bbox 197 2567 1765 2638">
     <span class='ocr_line' id='line_1_26' title="bbox 197 2567 1765 2638; baseline 0.003 -19"><span class='ocrx_word' id='word_1_185' title='bbox 197 2568 282 2638; x_wconf 61' lang='grc' dir='ltr'>ἥδη</span> <span class='ocrx_word' id='word_1_186' title='bbox 306 2568 412 2621; x_wconf 82' lang='grc' dir='ltr'>τῶν</span> <span class='ocrx_word' id='word_1_187' title='bbox 438 2568 653 2622; x_wconf 77' lang='grc' dir='ltr'><strong>ὠδίνων</strong></span> <span class='ocrx_word' id='word_1_188' title='bbox 680 2568 1149 2631; x_wconf 79' lang='grc' dir='ltr'>συντελεσθέντος,</span> <span class='ocrx_word' id='word_1_189' title='bbox 1177 2568 1377 2633; x_wconf 87' lang='grc' dir='ltr'>τίκτει,</span> <span class='ocrx_word' id='word_1_190' title='bbox 1408 2567 1518 2621; x_wconf 80' lang='grc' dir='ltr'>τῶν</span> <span class='ocrx_word' id='word_1_191' title='bbox 1548 2569 1648 2638; x_wconf 81' lang='grc' dir='ltr'>τῆς</span> <span class='ocrx_word' id='word_1_192' title='bbox 1681 2569 1765 2623; x_wconf 89' lang='grc' dir='ltr'>λο-</span> 
     </span>
    </p>
   </div>
   <div class='ocr_carea' id='block_1_27' title="bbox 196 2659 1766 2733">
    <p class='ocr_par' dir='ltr' id='par_1_27' title="bbox 196 2659 1766 2733">
     <span class='ocr_line' id='line_1_27' title="bbox 196 2659 1766 2733; baseline -0.001 -20"><span class='ocrx_word' id='word_1_193' title='bbox 196 2662 328 2730; x_wconf 87' lang='grc' dir='ltr'>χείας</span> <span class='ocrx_word' id='word_1_194' title='bbox 384 2660 590 2715; x_wconf 76' lang='grc' dir='ltr'>ὀδυνῶν</span> <span class='ocrx_word' id='word_1_195' title='bbox 632 2662 769 2732; x_wconf 79' lang='grc' dir='ltr'>αὐτῇ</span> <span class='ocrx_word' id='word_1_196' title='bbox 826 2661 899 2733; x_wconf 83' lang='grc' dir='ltr'>μὴ</span> <span class='ocrx_word' id='word_1_197' title='bbox 934 2659 1077 2713; x_wconf 84' lang='grc' dir='ltr'>κατὰ</span> <span class='ocrx_word' id='word_1_198' title='bbox 1102 2662 1202 2729; x_wconf 80' lang='grc' dir='ltr'><strong>τὴν</strong></span> <span class='ocrx_word' id='word_1_199' title='bbox 1234 2660 1444 2712; x_wconf 83' lang='grc' dir='ltr'>οἰκείαν</span> <span class='ocrx_word' id='word_1_200' title='bbox 1468 2659 1631 2728; x_wconf 83' lang='grc' dir='ltr'>φύσιν</span> <span class='ocrx_word' id='word_1_201' title='bbox 1653 2662 1766 2712; x_wconf 82' lang='grc' dir='ltr'>ὲπι-</span> 
     </span>
    </p>
   </div>
   <div class='ocr_carea' id='block_1_28' title="bbox 197 2750 1761 2822">
    <p class='ocr_par' dir='ltr' id='par_1_28' title="bbox 197 2750 1761 2822">
     <span class='ocr_line' id='line_1_28' title="bbox 197 2750 1761 2822; baseline 0.001 -20"><span class='ocrx_word' id='word_1_202' title='bbox 197 2752 437 2822; x_wconf 80' lang='grc' dir='ltr'>θεμένων,</span> <span class='ocrx_word' id='word_1_203' title='bbox 471 2752 617 2806; x_wconf 74' lang='grc' dir='ltr'>ἀλλὰ</span> <span class='ocrx_word' id='word_1_204' title='bbox 678 2752 771 2806; x_wconf 68' lang='grc' dir='ltr'><strong>καὶ</strong></span> <span class='ocrx_word' id='word_1_205' title='bbox 818 2751 935 2805; x_wconf 88' lang='grc' dir='ltr'>λίαν</span> <span class='ocrx_word' id='word_1_206' title='bbox 967 2752 1159 2822; x_wconf 80' lang='grc' dir='ltr'>ἀλύπῳ</span> <span class='ocrx_word' id='word_1_207' title='bbox 1178 2750 1386 2820; x_wconf 80' lang='grc' dir='ltr'>τοκετῷ</span> <span class='ocrx_word' id='word_1_208' title='bbox 1414 2751 1761 2822; x_wconf 82' lang='grc' dir='ltr'>χρησαμένη.</span> 
     </span>
    </p>
   </div>
   <div class='ocr_carea' id='block_1_29' title="bbox 197 2843 1766 2916">
    <p class='ocr_par' dir='ltr' id='par_1_29' title="bbox 197 2843 1766 2916">
     <span class='ocr_line' id='line_1_29' title="bbox 197 2843 1766 2916; baseline 0 -19"><span class='ocrx_word' id='word_1_209' title='bbox 197 2844 611 2916; x_wconf 80' lang='grc' dir='ltr'>Τεσσαρακοστῇ</span> <span class='ocrx_word' id='word_1_210' title='bbox 643 2844 828 2898; x_wconf 84' lang='grc' dir='ltr'>τοίνυν</span> <span class='ocrx_word' id='word_1_211' title='bbox 874 2844 1013 2914; x_wconf 83' lang='grc' dir='ltr'>μετὰ</span> <span class='ocrx_word' id='word_1_212' title='bbox 1044 2845 1136 2897; x_wconf 77' lang='grc' dir='ltr'><strong>τὸν</strong></span> <span class='ocrx_word' id='word_1_213' title='bbox 1168 2845 1329 2897; x_wconf 84' lang='grc' dir='ltr'>τόκον</span> <span class='ocrx_word' id='word_1_214' title='bbox 1357 2843 1544 2915; x_wconf 75' lang='grc' dir='ltr'>ἡμέρα</span> <span class='ocrx_word' id='word_1_215' title='bbox 1596 2862 1766 2916; x_wconf 84' lang='grc' dir='ltr'>προσ-</span> 
     </span>
    </p>
   </div>
   <div class='ocr_carea' id='block_1_30' title="bbox 196 2934 1766 3010">
    <p class='ocr_par' dir='ltr' id='par_1_30' title="bbox 196 2934 1766 3010">
     <span class='ocr_line' id='line_1_30' title="bbox 196 2934 1766 3010; baseline 0 -19"><span class='ocrx_word' id='word_1_216' title='bbox 196 2939 305 3005; x_wconf 78' lang='grc' dir='ltr'>άγει</span> <span class='ocrx_word' id='word_1_217' title='bbox 330 2939 389 2993; x_wconf 73' lang='grc' dir='ltr'>τὸ</span> <span class='ocrx_word' id='word_1_218' title='bbox 421 2938 629 3010; x_wconf 82' lang='grc' dir='ltr'>βρέφος</span> <span class='ocrx_word' id='word_1_219' title='bbox 657 2937 737 3008; x_wconf 85' lang='grc' dir='ltr'>τῷ</span> <span class='ocrx_word' id='word_1_220' title='bbox 768 2938 862 2992; x_wconf 74' lang='grc' dir='ltr'>τοῦ</span> <span class='ocrx_word' id='word_1_221' title='bbox 896 2935 1214 3008; x_wconf 84' lang='grc' dir='ltr'>Προδρόμου</span> <span class='ocrx_word' id='word_1_222' title='bbox 1249 2934 1360 3006; x_wconf 85' lang='grc' dir='ltr'>ναῷ</span> <span class='ocrx_word' id='word_1_223' title='bbox 1381 2977 1395 3002; x_wconf 95' lang='grc'><strong>,</strong></span> <span class='ocrx_word' id='word_1_224' title='bbox 1425 2936 1766 2991; x_wconf 79' lang='grc' dir='ltr'>ἀντιδιδοῦσα</span> 
     </span>
    </p>
   </div>
   <div class='ocr_carea' id='block_1_31' title="bbox 198 3027 1766 3105">
    <p class='ocr_par' dir='ltr' id='par_1_31' title="bbox 198 3027 1766 3105">
     <span class='ocr_line' id='line_1_31' title="bbox 198 3027 1766 3105; baseline 0 -23"><span class='ocrx_word' id='word_1_225' title='bbox 198 3029 430 3105; x_wconf 72' lang='grc' dir='ltr'>καθάπερ</span> <span class='ocrx_word' id='word_1_226' title='bbox 479 3032 511 3086; x_wconf 84' lang='grc' dir='ltr'><strong>ὂ</strong></span> <span class='ocrx_word' id='word_1_227' title='bbox 564 3030 746 3095; x_wconf 73' lang='grc' dir='ltr'>ἔλαϐε,</span> <span class='ocrx_word' id='word_1_228' title='bbox 810 3031 904 3085; x_wconf 75' lang='grc' dir='ltr'><strong>καὶ</strong></span> <span class='ocrx_word' id='word_1_229' title='bbox 960 3027 1080 3101; x_wconf 82' lang='grc' dir='ltr'><strong>Θεῷ</strong></span> <span class='ocrx_word' id='word_1_230' title='bbox 1138 3028 1218 3101; x_wconf 84' lang='grc' dir='ltr'>τῷ</span> <span class='ocrx_word' id='word_1_231' title='bbox 1272 3027 1531 3083; x_wconf 86' lang='grc' dir='ltr'>δεδωκότι</span> <span class='ocrx_word' id='word_1_232' title='bbox 1579 3028 1766 3083; x_wconf 86' lang='grc' dir='ltr'>καθιε-</span> 
     </span>
    </p>
   </div>
   <div class='ocr_carea' id='block_1_32' title="bbox 200 3121 369 3192">
    <p class='ocr_par' dir='ltr' id='par_1_32' title="bbox 200 3121 369 3192">
     <span class='ocr_line' id='line_1_32' title="bbox 200 3121 369 3192; baseline 0.03 -17"><span class='ocrx_word' id='word_1_233' title='bbox 200 3121 369 3192; x_wconf 56' lang='grc' dir='ltr'>τοῦτα.</span> 
     </span>
    </p>
   </div>
   <div class='ocr_carea' id='block_1_33' title="bbox 257 3214 1767 3290">
    <p class='ocr_par' dir='ltr' id='par_1_33' title="bbox 257 3214 1767 3290">
     <span class='ocr_line' id='line_1_33' title="bbox 257 3214 1767 3290; baseline -0.005 -17"><span class='ocrx_word' id='word_1_234' title='bbox 257 3224 321 3290; x_wconf 83' lang='grc' dir='ltr'><strong>η’.</strong></span> <span class='ocrx_word' id='word_1_235' title='bbox 354 3220 463 3272; x_wconf 73' lang='grc' dir='ltr'>Καὶ</span> <span class='ocrx_word' id='word_1_236' title='bbox 496 3221 532 3287; x_wconf 84' lang='grc' dir='ltr'>ἡ</span> <span class='ocrx_word' id='word_1_237' title='bbox 577 3218 676 3288; x_wconf 79' lang='grc' dir='ltr'>μὲν</span> <span class='ocrx_word' id='word_1_238' title='bbox 716 3217 865 3288; x_wconf 81' lang='grc' dir='ltr'>αὐτῷ</span> <span class='ocrx_word' id='word_1_239' title='bbox 899 3217 996 3287; x_wconf 79' lang='grc' dir='ltr'>τὴν</span> <span class='ocrx_word' id='word_1_240' title='bbox 1036 3214 1219 3281; x_wconf 74' lang='grc' dir='ltr'>δεξιὰν</span> <span class='ocrx_word' id='word_1_241' title='bbox 1246 3216 1435 3285; x_wconf 78' lang='grc' dir='ltr'>ἐπεῖχε</span> <span class='ocrx_word' id='word_1_242' title='bbox 1467 3214 1656 3286; x_wconf 81' lang='grc' dir='ltr'>θηλὴν,</span> <span class='ocrx_word' id='word_1_243' title='bbox 1692 3214 1767 3277; x_wconf 86' lang='grc' dir='ltr'>ὡς</span> 
     </span>
    </p>
   </div>
   <div class='ocr_carea' id='block_1_34' title="bbox 1861 728 3445 804">
    <p class='ocr_par' dir='ltr' id='par_1_34' title="bbox 1861 728 3445 804">
     <span class='ocr_line' id='line_1_34' title="bbox 1861 728 3445 804; baseline 0.001 -19"><span class='ocrx_word' id='word_1_244' title='bbox 1861 745 1969 801; x_wconf 91' lang='lat' dir='ltr'><strong>que</strong></span> <span class='ocrx_word' id='word_1_245' title='bbox 1999 730 2067 785; x_wconf 92' lang='lat' dir='ltr'><strong>ad</strong></span> <span class='ocrx_word' id='word_1_246' title='bbox 2099 728 2383 797; x_wconf 87' lang='lat' dir='ltr'><strong>maritum.</strong></span> <span class='ocrx_word' id='word_1_247' title='bbox 2408 746 2633 803; x_wconf 83' lang='lat' dir='ltr'><strong>operam</strong></span> <span class='ocrx_word' id='word_1_248' title='bbox 2655 731 2882 788; x_wconf 90' lang='lat' dir='ltr'><strong>dantem</strong></span> <span class='ocrx_word' id='word_1_249' title='bbox 2909 730 3136 788; x_wconf 80' lang='lat' dir='ltr'><strong>lectioni</strong></span> <span class='ocrx_word' id='word_1_250' title='bbox 3159 733 3445 804; x_wconf 79' lang='lat' dir='ltr'><strong>cujusdam</strong></span> 
     </span>
    </p>
   </div>
   <div class='ocr_carea' id='block_1_35' title="bbox 1861 822 3447 894">
    <p class='ocr_par' dir='ltr' id='par_1_35' title="bbox 1861 822 3447 894">
     <span class='ocr_line' id='line_1_35' title="bbox 1861 822 3447 894; baseline 0.001 -17"><span class='ocrx_word' id='word_1_251' title='bbox 1861 822 2009 888; x_wconf 89' lang='lat' dir='ltr'><strong>libri,</strong></span> <span class='ocrx_word' id='word_1_252' title='bbox 2060 823 2435 878; x_wconf 74' lang='lat' dir='ltr'><strong>narrationem</strong></span> <span class='ocrx_word' id='word_1_253' title='bbox 2508 823 2577 879; x_wconf 91' lang='lat' dir='ltr'><strong>de</strong></span> <span class='ocrx_word' id='word_1_254' title='bbox 2632 838 2795 880; x_wconf 89' lang='lat' dir='ltr'><strong>sacro</strong></span> <span class='ocrx_word' id='word_1_255' title='bbox 2842 824 3210 880; x_wconf 80' lang='lat' dir='ltr'><strong>Praecursoris</strong></span> <span class='ocrx_word' id='word_1_256' title='bbox 3265 825 3447 894; x_wconf 82' lang='lat' dir='ltr'><strong>capite</strong></span> 
     </span>
    </p>
   </div>
   <div class='ocr_carea' id='block_1_36' title="bbox 1861 914 3445 987">
    <p class='ocr_par' dir='ltr' id='par_1_36' title="bbox 1861 914 3445 987">
     <span class='ocr_line' id='line_1_36' title="bbox 1861 914 3445 987; baseline 0 -17"><span class='ocrx_word' id='word_1_257' title='bbox 1861 914 2234 980; x_wconf 83' lang='lat' dir='ltr'><strong>continentis;</strong></span> <span class='ocrx_word' id='word_1_258' title='bbox 2263 929 2376 985; x_wconf 91' lang='lat' dir='ltr'><strong>quo</strong></span> <span class='ocrx_word' id='word_1_259' title='bbox 2415 915 2629 971; x_wconf 89' lang='lat' dir='ltr'><strong>scilicet</strong></span> <span class='ocrx_word' id='word_1_260' title='bbox 2657 926 2826 987; x_wconf 84' lang='lat' dir='ltr'><strong>pacto</strong></span> <span class='ocrx_word' id='word_1_261' title='bbox 2877 916 3174 971; x_wconf 83' lang='lat' dir='ltr'><strong>thesaurus</strong></span> <span class='ocrx_word' id='word_1_262' title='bbox 3205 916 3323 982; x_wconf 90' lang='lat' dir='ltr'><strong>ille,</strong></span> <span class='ocrx_word' id='word_1_263' title='bbox 3353 915 3445 970; x_wconf 88' lang='lat' dir='ltr'><strong>in—</strong></span> 
     </span>
    </p>
   </div>
   <div class='ocr_carea' id='block_1_37' title="bbox 1861 1007 3445 1078">
    <p class='ocr_par' dir='ltr' id='par_1_37' title="bbox 1861 1007 3445 1078">
     <span class='ocr_line' id='line_1_37' title="bbox 1861 1007 3445 1078; baseline 0.001 -16"><span class='ocrx_word' id='word_1_264' title='bbox 1861 1007 2042 1078; x_wconf 81' lang='lat' dir='ltr'><strong>dignis</strong></span> <span class='ocrx_word' id='word_1_265' title='bbox 2077 1007 2182 1062; x_wconf 87' lang='lat' dir='ltr'><strong>sub</strong></span> <span class='ocrx_word' id='word_1_266' title='bbox 2215 1016 2357 1062; x_wconf 87' lang='lat' dir='ltr'><strong>terra</strong></span> <span class='ocrx_word' id='word_1_267' title='bbox 2401 1009 2650 1065; x_wconf 89' lang='lat' dir='ltr'><strong>tenebris</strong></span> <span class='ocrx_word' id='word_1_268' title='bbox 2678 1010 2973 1070; x_wconf 85' lang='lat' dir='ltr'><strong>abstrusus</strong></span> <span class='ocrx_word' id='word_1_269' title='bbox 3018 1009 3269 1074; x_wconf 85' lang='lat' dir='ltr'><strong>latitans,</strong></span> <span class='ocrx_word' id='word_1_270' title='bbox 3321 1015 3445 1063; x_wconf 83' lang='lat' dir='ltr'><strong>tan-</strong></span> 
     </span>
    </p>
   </div>
   <div class='ocr_carea' id='block_1_38' title="bbox 1863 1097 3488 1171">
    <p class='ocr_par' dir='ltr' id='par_1_38' title="bbox 1863 1097 3488 1171">
     <span class='ocr_line' id='line_1_38' title="bbox 1863 1097 3488 1171; baseline 0 -19"><span class='ocrx_word' id='word_1_271' title='bbox 1863 1097 1986 1152; x_wconf 88' lang='lat' dir='ltr'><strong>dem</strong></span> <span class='ocrx_word' id='word_1_272' title='bbox 2019 1097 2148 1153; x_wconf 90' lang='lat' dir='ltr'><strong>inde</strong></span> <span class='ocrx_word' id='word_1_273' title='bbox 2172 1097 2413 1154; x_wconf 86' lang='lat' dir='ltr'><strong>eductus</strong></span> <span class='ocrx_word' id='word_1_274' title='bbox 2445 1099 2539 1154; x_wconf 88' lang='lat' dir='ltr'><strong>sit.</strong></span> <span class='ocrx_word' id='word_1_275' title='bbox 2578 1099 2899 1171; x_wconf 89' lang='lat' dir='ltr'><strong>Symbolum</strong></span> <span class='ocrx_word' id='word_1_276' title='bbox 2941 1098 2995 1154; x_wconf 89' lang='lat' dir='ltr'><strong>id</strong></span> <span class='ocrx_word' id='word_1_277' title='bbox 3029 1113 3132 1170; x_wconf 82' lang='lat' dir='ltr'><strong>ego</strong></span> <span class='ocrx_word' id='word_1_278' title='bbox 3156 1099 3448 1155; x_wconf 78' lang='lat' dir='ltr'><strong>existima-</strong></span> <span class='ocrx_word' id='word_1_279' title='bbox 3479 1109 3488 1170; x_wconf 71' lang='grc' dir='ltr'>ξ</span> 
     </span>
    </p>
   </div>
   <div class='ocr_carea' id='block_1_39' title="bbox 1864 1191 3448 1264">
    <p class='ocr_par' dir='ltr' id='par_1_39' title="bbox 1864 1191 3448 1264">
     <span class='ocr_line' id='line_1_39' title="bbox 1864 1191 3448 1264; baseline 0.001 -18"><span class='ocrx_word' id='word_1_280' title='bbox 1864 1207 1994 1247; x_wconf 76' lang='lat' dir='ltr'><strong>vero</strong></span> <span class='ocrx_word' id='word_1_281' title='bbox 2053 1193 2364 1264; x_wconf 72' lang='lat' dir='ltr'><strong>prophetia:</strong></span> <span class='ocrx_word' id='word_1_282' title='bbox 2416 1194 2637 1249; x_wconf 89' lang='lat' dir='ltr'><strong>mulieri</strong></span> <span class='ocrx_word' id='word_1_283' title='bbox 2697 1193 3076 1259; x_wconf 81' lang='lat' dir='ltr'><strong>denuntiatae;</strong></span> <span class='ocrx_word' id='word_1_284' title='bbox 3135 1192 3286 1263; x_wconf 90' lang='lat' dir='ltr'><strong>quod</strong></span> <span class='ocrx_word' id='word_1_285' title='bbox 3354 1191 3448 1248; x_wconf 87' lang='lat' dir='ltr'><strong>hic</strong></span> 
     </span>
    </p>
   </div>
   <div class='ocr_carea' id='block_1_40' title="bbox 1862 1285 3450 1358">
    <p class='ocr_par' dir='ltr' id='par_1_40' title="bbox 1862 1285 3450 1358">
     <span class='ocr_line' id='line_1_40' title="bbox 1862 1285 3450 1358; baseline -0.001 -18"><span class='ocrx_word' id='word_1_286' title='bbox 1862 1299 2082 1355; x_wconf 89' lang='lat' dir='ltr'><strong>quoque</strong></span> <span class='ocrx_word' id='word_1_287' title='bbox 2109 1302 2371 1358; x_wconf 77' lang='lat' dir='ltr'><strong>magnum</strong></span> <span class='ocrx_word' id='word_1_288' title='bbox 2402 1285 2631 1357; x_wconf 86' lang='lat' dir='ltr'><strong>aliquod</strong></span> <span class='ocrx_word' id='word_1_289' title='bbox 2664 1286 2798 1342; x_wconf 86' lang='lat' dir='ltr'><strong>huic</strong></span> <span class='ocrx_word' id='word_1_290' title='bbox 2855 1286 3065 1341; x_wconf 90' lang='lat' dir='ltr'><strong>mundo</strong></span> <span class='ocrx_word' id='word_1_291' title='bbox 3094 1285 3304 1341; x_wconf 90' lang='lat' dir='ltr'><strong>bonum</strong></span> <span class='ocrx_word' id='word_1_292' title='bbox 3352 1301 3450 1355; x_wconf 85' lang='lat' dir='ltr'><strong>ap-</strong></span> 
     </span>
    </p>
   </div>
   <div class='ocr_carea' id='block_1_41' title="bbox 1864 1377 3447 1450">
    <p class='ocr_par' dir='ltr' id='par_1_41' title="bbox 1864 1377 3447 1450">
     <span class='ocr_line' id='line_1_41' title="bbox 1864 1377 3447 1450; baseline 0 -20"><span class='ocrx_word' id='word_1_293' title='bbox 1864 1377 2147 1446; x_wconf 91' lang='lat' dir='ltr'><strong>pariturus</strong></span> <span class='ocrx_word' id='word_1_294' title='bbox 2195 1387 2366 1434; x_wconf 86' lang='lat' dir='ltr'><strong>esset.</strong></span> <span class='ocrx_word' id='word_1_295' title='bbox 2422 1378 2597 1450; x_wconf 79' lang='lat' dir='ltr'><strong>Igitur</strong></span> <span class='ocrx_word' id='word_1_296' title='bbox 2642 1378 2846 1434; x_wconf 89' lang='lat' dir='ltr'><strong>marito</strong></span> <span class='ocrx_word' id='word_1_297' title='bbox 2892 1378 3164 1444; x_wconf 87' lang='lat' dir='ltr'><strong>assidens,</strong></span> <span class='ocrx_word' id='word_1_298' title='bbox 3219 1377 3447 1433; x_wconf 86' lang='lat' dir='ltr'><strong>lectioni</strong></span> 
     </span>
    </p>
   </div>
   <div class='ocr_carea' id='block_1_42' title="bbox 1863 1468 3450 1541">
    <p class='ocr_par' dir='ltr' id='par_1_42' title="bbox 1863 1468 3450 1541">
     <span class='ocr_line' id='line_1_42' title="bbox 1863 1468 3450 1541; baseline 0 -18"><span class='ocrx_word' id='word_1_299' title='bbox 1863 1468 2144 1539; x_wconf 82' lang='lat' dir='ltr'><strong>praebebat</strong></span> <span class='ocrx_word' id='word_1_300' title='bbox 2169 1485 2368 1536; x_wconf 86' lang='lat' dir='ltr'><strong>aures;</strong></span> <span class='ocrx_word' id='word_1_301' title='bbox 2404 1486 2512 1541; x_wconf 87' lang='lat' dir='ltr'><strong>qua</strong></span> <span class='ocrx_word' id='word_1_302' title='bbox 2548 1469 2728 1535; x_wconf 81' lang='lat' dir='ltr'><strong>ﬁnita,</strong></span> <span class='ocrx_word' id='word_1_303' title='bbox 2760 1470 3051 1526; x_wconf 86' lang='lat' dir='ltr'><strong>recordata</strong></span> <span class='ocrx_word' id='word_1_304' title='bbox 3083 1468 3316 1525; x_wconf 81' lang='lat' dir='ltr'><strong>visionis</strong></span> <span class='ocrx_word' id='word_1_305' title='bbox 3336 1484 3450 1524; x_wconf 65' lang='lat' dir='ltr'><strong>suae</strong></span> 
     </span>
    </p>
   </div>
   <div class='ocr_carea' id='block_1_43' title="bbox 1863 1558 3452 1632">
    <p class='ocr_par' dir='ltr' id='par_1_43' title="bbox 1863 1558 3452 1632">
     <span class='ocr_line' id='line_1_43' title="bbox 1863 1558 3452 1632; baseline 0.001 -21"><span class='ocrx_word' id='word_1_306' title='bbox 1863 1558 2130 1629; x_wconf 84' lang='lat' dir='ltr'><strong>repletam</strong></span> <span class='ocrx_word' id='word_1_307' title='bbox 2165 1559 2363 1614; x_wconf 85' lang='lat' dir='ltr'><strong>timore</strong></span> <span class='ocrx_word' id='word_1_308' title='bbox 2384 1559 2699 1632; x_wconf 74' lang='lat' dir='ltr'><strong>gaudioque</strong></span> <span class='ocrx_word' id='word_1_309' title='bbox 2746 1572 2992 1615; x_wconf 87' lang='lat' dir='ltr'><strong>mentem</strong></span> <span class='ocrx_word' id='word_1_310' title='bbox 3034 1559 3325 1614; x_wconf 89' lang='lat' dir='ltr'><strong>continere</strong></span> <span class='ocrx_word' id='word_1_311' title='bbox 3353 1573 3452 1613; x_wconf 88' lang='lat' dir='ltr'><strong>ne-</strong></span> 
     </span>
    </p>
   </div>
   <div class='ocr_carea' id='block_1_44' title="bbox 1864 1651 3454 1724">
    <p class='ocr_par' dir='ltr' id='par_1_44' title="bbox 1864 1651 3454 1724">
     <span class='ocr_line' id='line_1_44' title="bbox 1864 1651 3454 1724; baseline 0.001 -18"><span class='ocrx_word' id='word_1_312' title='bbox 1864 1651 2094 1722; x_wconf 87' lang='lat' dir='ltr'><strong>quibat:</strong></span> <span class='ocrx_word' id='word_1_313' title='bbox 2137 1652 2233 1707; x_wconf 90' lang='lat' dir='ltr'><strong>sed</strong></span> <span class='ocrx_word' id='word_1_314' title='bbox 2261 1653 2579 1709; x_wconf 91' lang='lat' dir='ltr'><strong>luctuosum</strong></span> <span class='ocrx_word' id='word_1_315' title='bbox 2619 1654 2754 1724; x_wconf 90' lang='lat' dir='ltr'><strong>quid</strong></span> <span class='ocrx_word' id='word_1_316' title='bbox 2808 1655 3067 1711; x_wconf 84' lang='lat' dir='ltr'><strong>evenisse</strong></span> <span class='ocrx_word' id='word_1_317' title='bbox 3102 1654 3211 1711; x_wconf 91' lang='lat' dir='ltr'><strong>sibi</strong></span> <span class='ocrx_word' id='word_1_318' title='bbox 3242 1654 3454 1709; x_wconf 82' lang='lat' dir='ltr'><strong>lamen-</strong></span> 
     </span>
    </p>
   </div>
   <div class='ocr_carea' id='block_1_45' title="bbox 1867 1744 3443 1818">
    <p class='ocr_par' dir='ltr' id='par_1_45' title="bbox 1867 1744 3443 1818">
     <span class='ocr_line' id='line_1_45' title="bbox 1867 1744 3443 1818; baseline 0 -19"><span class='ocrx_word' id='word_1_319' title='bbox 1867 1744 2034 1800; x_wconf 89' lang='lat' dir='ltr'><strong>tando</strong></span> <span class='ocrx_word' id='word_1_320' title='bbox 2075 1744 2390 1812; x_wconf 90' lang='lat' dir='ltr'><strong>simulabat,</strong></span> <span class='ocrx_word' id='word_1_321' title='bbox 2450 1756 2513 1801; x_wconf 89' lang='lat' dir='ltr'><strong>ut</strong></span> <span class='ocrx_word' id='word_1_322' title='bbox 2553 1762 2624 1801; x_wconf 89' lang='lat' dir='ltr'><strong>ne</strong></span> <span class='ocrx_word' id='word_1_323' title='bbox 2658 1762 2879 1803; x_wconf 87' lang='lat' dir='ltr'><strong>causam</strong></span> <span class='ocrx_word' id='word_1_324' title='bbox 2935 1747 3284 1818; x_wconf 88' lang='lat' dir='ltr'><strong>percontanti</strong></span> <span class='ocrx_word' id='word_1_325' title='bbox 3322 1759 3443 1800; x_wconf 56' lang='lat' dir='ltr'><strong>ma.</strong></span> 
     </span>
    </p>
   </div>
   <div class='ocr_carea' id='block_1_46' title="bbox 1868 1835 3448 1910">
    <p class='ocr_par' dir='ltr' id='par_1_46' title="bbox 1868 1835 3448 1910">
     <span class='ocr_line' id='line_1_46' title="bbox 1868 1835 3448 1910; baseline 0.003 -22"><span class='ocrx_word' id='word_1_326' title='bbox 1868 1835 1978 1891; x_wconf 89' lang='lat' dir='ltr'><strong>rito</strong></span> <span class='ocrx_word' id='word_1_327' title='bbox 2029 1835 2277 1891; x_wconf 84' lang='lat' dir='ltr'><strong>revelaré</strong></span> <span class='ocrx_word' id='word_1_328' title='bbox 2339 1836 2728 1906; x_wconf 89' lang='lat' dir='ltr'><strong>respondendo</strong></span> <span class='ocrx_word' id='word_1_329' title='bbox 2771 1847 3096 1910; x_wconf 82' lang='lat' dir='ltr'><strong>cogeretur,</strong></span> <span class='ocrx_word' id='word_1_330' title='bbox 3150 1853 3346 1894; x_wconf 82' lang='lat' dir='ltr'><strong>verum</strong></span> <span class='ocrx_word' id='word_1_331' title='bbox 3393 1839 3448 1894; x_wconf 87' lang='lat' dir='ltr'><strong>in</strong></span> 
     </span>
    </p>
   </div>
   <div class='ocr_carea' id='block_1_47' title="bbox 1871 1926 3451 1999">
    <p class='ocr_par' dir='ltr' id='par_1_47' title="bbox 1871 1926 3451 1999">
     <span class='ocr_line' id='line_1_47' title="bbox 1871 1926 3451 1999; baseline 0.003 -19"><span class='ocrx_word' id='word_1_332' title='bbox 1871 1926 2249 1996; x_wconf 86' lang='lat' dir='ltr'><strong>penetralibus</strong></span> <span class='ocrx_word' id='word_1_333' title='bbox 2305 1928 2494 1983; x_wconf 89' lang='lat' dir='ltr'><strong>cordis</strong></span> <span class='ocrx_word' id='word_1_334' title='bbox 2548 1945 2696 1999; x_wconf 73' lang='lat' dir='ltr'><strong>quze.</strong></span> <span class='ocrx_word' id='word_1_335' title='bbox 2727 1930 2943 1985; x_wconf 86' lang='lat' dir='ltr'><strong>viderat</strong></span> <span class='ocrx_word' id='word_1_336' title='bbox 3000 1930 3262 1986; x_wconf 86' lang='lat' dir='ltr'><strong>conclusa</strong></span> <span class='ocrx_word' id='word_1_337' title='bbox 3315 1931 3451 1985; x_wconf 48' lang='lat' dir='ltr'><strong>reti.</strong></span> 
     </span>
    </p>
   </div>
   <div class='ocr_carea' id='block_1_48' title="bbox 1866 2020 3448 2094">
    <p class='ocr_par' dir='ltr' id='par_1_48' title="bbox 1866 2020 3448 2094">
     <span class='ocr_line' id='line_1_48' title="bbox 1866 2020 3448 2094; baseline 0.001 -19"><span class='ocrx_word' id='word_1_338' title='bbox 1866 2029 2043 2075; x_wconf 88' lang='lat' dir='ltr'><strong>neret.</strong></span> <span class='ocrx_word' id='word_1_339' title='bbox 2074 2020 2248 2075; x_wconf 91' lang='lat' dir='ltr'><strong>Porro</strong></span> <span class='ocrx_word' id='word_1_340' title='bbox 2278 2021 2371 2077; x_wconf 87' lang='lat' dir='ltr'><strong>illa</strong></span> <span class='ocrx_word' id='word_1_341' title='bbox 2403 2021 2523 2077; x_wconf 90' lang='lat' dir='ltr'><strong>viro</strong></span> <span class='ocrx_word' id='word_1_342' title='bbox 2569 2037 2871 2094; x_wconf 81' lang='lat' dir='ltr'><strong>congressa</strong></span> <span class='ocrx_word' id='word_1_343' title='bbox 2923 2023 3112 2078; x_wconf 86' lang='lat' dir='ltr'><strong>statim</strong></span> <span class='ocrx_word' id='word_1_344' title='bbox 3169 2023 3448 2093; x_wconf 87' lang='lat' dir='ltr'><strong>concepit,</strong></span> 
     </span>
    </p>
   </div>
   <div class='ocr_carea' id='block_1_49' title="bbox 1868 2114 3451 2184">
    <p class='ocr_par' dir='ltr' id='par_1_49' title="bbox 1868 2114 3451 2184">
     <span class='ocr_line' id='line_1_49' title="bbox 1868 2114 3451 2184; baseline 0.002 -16"><span class='ocrx_word' id='word_1_345' title='bbox 1868 2114 1947 2168; x_wconf 91' lang='lat' dir='ltr'><strong>uti</strong></span> <span class='ocrx_word' id='word_1_346' title='bbox 1975 2114 2307 2184; x_wconf 69' lang='lat' dir='ltr'><strong>praedixerat</strong></span> <span class='ocrx_word' id='word_1_347' title='bbox 2332 2123 2559 2171; x_wconf 87' lang='lat' dir='ltr'><strong>sanctus</strong></span> <span class='ocrx_word' id='word_1_348' title='bbox 2581 2114 2863 2181; x_wconf 83' lang='lat' dir='ltr'><strong>Joannes;</strong></span> <span class='ocrx_word' id='word_1_349' title='bbox 2895 2115 3374 2184; x_wconf 85' lang='lat' dir='ltr'><strong>conservabatque</strong></span> <span class='ocrx_word' id='word_1_350' title='bbox 3391 2129 3451 2171; x_wconf 89' lang='lat' dir='ltr'><strong>se</strong></span> 
     </span>
    </p>
   </div>
   <div class='ocr_carea' id='block_1_50' title="bbox 1867 2199 3450 2274">
    <p class='ocr_par' dir='ltr' id='par_1_50' title="bbox 1867 2199 3450 2274">
     <span class='ocr_line' id='line_1_50' title="bbox 1867 2199 3450 2274; baseline 0.003 -20"><span class='ocrx_word' id='word_1_351' title='bbox 1867 2199 2017 2255; x_wconf 92' lang='lat' dir='ltr'><strong>omni</strong></span> <span class='ocrx_word' id='word_1_352' title='bbox 2049 2200 2269 2266; x_wconf 87' lang='lat' dir='ltr'><strong>inloco,</strong></span> <span class='ocrx_word' id='word_1_353' title='bbox 2302 2218 2415 2257; x_wconf 90' lang='lat' dir='ltr'><strong>non</strong></span> <span class='ocrx_word' id='word_1_354' title='bbox 2442 2218 2604 2259; x_wconf 89' lang='lat' dir='ltr'><strong>secus</strong></span> <span class='ocrx_word' id='word_1_355' title='bbox 2631 2219 2697 2258; x_wconf 89' lang='lat' dir='ltr'><strong>ac</strong></span> <span class='ocrx_word' id='word_1_356' title='bbox 2724 2204 2769 2258; x_wconf 93' lang='lat' dir='ltr'><strong>si</strong></span> <span class='ocrx_word' id='word_1_357' title='bbox 2793 2218 2888 2258; x_wconf 88' lang='lat' dir='ltr'><strong>vas</strong></span> <span class='ocrx_word' id='word_1_358' title='bbox 2914 2204 3197 2274; x_wconf 90' lang='lat' dir='ltr'><strong>quoddam</strong></span> <span class='ocrx_word' id='word_1_359' title='bbox 3230 2219 3450 2261; x_wconf 88' lang='lat' dir='ltr'><strong>sacrum</strong></span> 
     </span>
    </p>
   </div>
   <div class='ocr_carea' id='block_1_51' title="bbox 1858 2290 3453 2368">
    <p class='ocr_par' dir='ltr' id='par_1_51' title="bbox 1858 2290 3453 2368">
     <span class='ocr_line' id='line_1_51' title="bbox 1858 2290 3453 2368; baseline 0.004 -22"><span class='ocrx_word' id='word_1_360' title='bbox 1858 2290 2149 2367; x_wconf 68' lang='lat' dir='ltr'><strong>terrenae</strong></span> <span class='ocrx_word' id='word_1_361' title='bbox 2171 2294 2364 2351; x_wconf 89' lang='lat' dir='ltr'><strong>multis</strong></span> <span class='ocrx_word' id='word_1_362' title='bbox 2397 2296 2648 2366; x_wconf 87' lang='lat' dir='ltr'><strong>quidem,</strong></span> <span class='ocrx_word' id='word_1_363' title='bbox 2694 2298 2898 2367; x_wconf 80' lang='lat' dir='ltr'><strong>quibus</strong></span> <span class='ocrx_word' id='word_1_364' title='bbox 2923 2296 3255 2363; x_wconf 83' lang='lat' dir='ltr'><strong>conﬁdebat,</strong></span> <span class='ocrx_word' id='word_1_365' title='bbox 3285 2307 3453 2368; x_wconf 81' lang='lat' dir='ltr'><strong>atque</strong></span> 
     </span>
    </p>
   </div>
   <div class='ocr_carea' id='block_1_52' title="bbox 1868 2384 3453 2459">
    <p class='ocr_par' dir='ltr' id='par_1_52' title="bbox 1868 2384 3453 2459">
     <span class='ocr_line' id='line_1_52' title="bbox 1868 2384 3453 2459; baseline 0.004 -21"><span class='ocrx_word' id='word_1_366' title='bbox 1868 2384 2143 2454; x_wconf 89' lang='lat' dir='ltr'><strong>imprimis</strong></span> <span class='ocrx_word' id='word_1_367' title='bbox 2174 2388 2376 2443; x_wconf 89' lang='lat' dir='ltr'><strong>marito</strong></span> <span class='ocrx_word' id='word_1_368' title='bbox 2399 2390 2536 2444; x_wconf 88' lang='lat' dir='ltr'><strong>satis</strong></span> <span class='ocrx_word' id='word_1_369' title='bbox 2588 2387 2879 2446; x_wconf 83' lang='lat' dir='ltr'><strong>manifeste</strong></span> <span class='ocrx_word' id='word_1_370' title='bbox 2927 2389 3210 2445; x_wconf 89' lang='lat' dir='ltr'><strong>indicabat</strong></span> <span class='ocrx_word' id='word_1_371' title='bbox 3250 2390 3453 2459; x_wconf 70' lang='lat' dir='ltr'><strong>saepius</strong></span> 
     </span>
    </p>
   </div>
   <div class='ocr_carea' id='block_1_53' title="bbox 1868 2479 3452 2553">
    <p class='ocr_par' dir='ltr' id='par_1_53' title="bbox 1868 2479 3452 2553">
     <span class='ocr_line' id='line_1_53' title="bbox 1868 2479 3452 2553; baseline 0.003 -21"><span class='ocrx_word' id='word_1_372' title='bbox 1868 2479 2093 2534; x_wconf 86' lang='lat' dir='ltr'><strong>virilem</strong></span> <span class='ocrx_word' id='word_1_373' title='bbox 2156 2495 2215 2535; x_wconf 89' lang='lat' dir='ltr'><strong>se</strong></span> <span class='ocrx_word' id='word_1_374' title='bbox 2265 2481 2440 2537; x_wconf 83' lang='lat' dir='ltr'><strong>fetum</strong></span> <span class='ocrx_word' id='word_1_375' title='bbox 2493 2491 2709 2553; x_wconf 80' lang='lat' dir='ltr'><strong>gestare</strong></span> <span class='ocrx_word' id='word_1_376' title='bbox 2772 2494 2951 2548; x_wconf 88' lang='lat' dir='ltr'><strong>utero,</strong></span> <span class='ocrx_word' id='word_1_377' title='bbox 3008 2483 3171 2553; x_wconf 89' lang='lat' dir='ltr'><strong>eique</strong></span> <span class='ocrx_word' id='word_1_378' title='bbox 3248 2497 3452 2539; x_wconf 85' lang='lat' dir='ltr'><strong>nomen</strong></span> 
     </span>
    </p>
   </div>
   <div class='ocr_carea' id='block_1_54' title="bbox 1868 2569 3451 2645">
    <p class='ocr_par' dir='ltr' id='par_1_54' title="bbox 1868 2569 3451 2645">
     <span class='ocr_line' id='line_1_54' title="bbox 1868 2569 3451 2645; baseline 0.002 -20"><span class='ocrx_word' id='word_1_379' title='bbox 1868 2569 2104 2642; x_wconf 85' lang='lat' dir='ltr'><strong>Symeon</strong></span> <span class='ocrx_word' id='word_1_380' title='bbox 2131 2571 2555 2641; x_wconf 66' lang='lat' dir='ltr'><strong>imponendum;</strong></span> <span class='ocrx_word' id='word_1_381' title='bbox 2581 2574 2700 2629; x_wconf 74' lang='lat' dir='ltr'><strong>1am</strong></span> <span class='ocrx_word' id='word_1_382' title='bbox 2728 2589 2862 2636; x_wconf 85' lang='lat' dir='ltr'><strong>vero</strong></span> <span class='ocrx_word' id='word_1_383' title='bbox 2895 2573 3116 2643; x_wconf 81' lang='lat' dir='ltr'><strong>expleto</strong></span> <span class='ocrx_word' id='word_1_384' title='bbox 3150 2572 3451 2645; x_wconf 79' lang='lat' dir='ltr'><strong>gravidita-</strong></span> 
     </span>
    </p>
   </div>
   <div class='ocr_carea' id='block_1_55' title="bbox 1871 2662 3450 2736">
    <p class='ocr_par' dir='ltr' id='par_1_55' title="bbox 1871 2662 3450 2736">
     <span class='ocr_line' id='line_1_55' title="bbox 1871 2662 3450 2736; baseline 0.001 -21"><span class='ocrx_word' id='word_1_385' title='bbox 1871 2662 1941 2717; x_wconf 91' lang='lat' dir='ltr'><strong>tis</strong></span> <span class='ocrx_word' id='word_1_386' title='bbox 1966 2672 2234 2732; x_wconf 87' lang='lat' dir='ltr'><strong>tempore,</strong></span> <span class='ocrx_word' id='word_1_387' title='bbox 2269 2679 2383 2719; x_wconf 89' lang='lat' dir='ltr'><strong>non</strong></span> <span class='ocrx_word' id='word_1_388' title='bbox 2411 2665 2577 2720; x_wconf 88' lang='lat' dir='ltr'><strong>modo</strong></span> <span class='ocrx_word' id='word_1_389' title='bbox 2611 2665 2752 2720; x_wconf 85' lang='lat' dir='ltr'><strong>nihil</strong></span> <span class='ocrx_word' id='word_1_390' title='bbox 2787 2664 3139 2736; x_wconf 63' lang='lat' dir='ltr'><strong>aegritudinis</strong></span> <span class='ocrx_word' id='word_1_391' title='bbox 3168 2682 3234 2719; x_wconf 82' lang='lat' dir='ltr'><strong>ex</strong></span> <span class='ocrx_word' id='word_1_392' title='bbox 3264 2674 3450 2733; x_wconf 82' lang='lat' dir='ltr'><strong>partu,</strong></span> 
     </span>
    </p>
   </div>
   <div class='ocr_carea' id='block_1_56' title="bbox 1868 2750 3453 2827">
    <p class='ocr_par' dir='ltr' id='par_1_56' title="bbox 1868 2750 3453 2827">
     <span class='ocr_line' id='line_1_56' title="bbox 1868 2750 3453 2827; baseline 0.004 -21"><span class='ocrx_word' id='word_1_393' title='bbox 1868 2750 2791 2827; x_wconf 84' lang='lat' dir='ltr'><strong>proutreinaturat‘ert,persensit.</strong></span> <span class='ocrx_word' id='word_1_394' title='bbox 2831 2755 2925 2811; x_wconf 84' lang='lat' dir='ltr'><strong>sed</strong></span> <span class='ocrx_word' id='word_1_395' title='bbox 2986 2758 3169 2811; x_wconf 90' lang='lat' dir='ltr'><strong>omnis</strong></span> <span class='ocrx_word' id='word_1_396' title='bbox 3223 2758 3453 2812; x_wconf 88' lang='lat' dir='ltr'><strong>omnino</strong></span> 
     </span>
    </p>
   </div>
   <div class='ocr_carea' id='block_1_57' title="bbox 1869 2843 3453 2921">
    <p class='ocr_par' dir='ltr' id='par_1_57' title="bbox 1869 2843 3453 2921">
     <span class='ocr_line' id='line_1_57' title="bbox 1869 2843 3453 2921; baseline 0.004 -23"><span class='ocrx_word' id='word_1_397' title='bbox 1869 2843 2075 2901; x_wconf 87' lang='lat' dir='ltr'><strong>doloris</strong></span> <span class='ocrx_word' id='word_1_398' title='bbox 2099 2861 2297 2918; x_wconf 88' lang='lat' dir='ltr'><strong>expers</strong></span> <span class='ocrx_word' id='word_1_399' title='bbox 2352 2846 2515 2904; x_wconf 80' lang='lat' dir='ltr'><strong>enixa</strong></span> <span class='ocrx_word' id='word_1_400' title='bbox 2554 2856 2662 2904; x_wconf 87' lang='lat' dir='ltr'><strong>est.</strong></span> <span class='ocrx_word' id='word_1_401' title='bbox 2709 2848 3141 2921; x_wconf 74' lang='lat' dir='ltr'><strong>Quadragesima</strong></span> <span class='ocrx_word' id='word_1_402' title='bbox 3190 2850 3390 2905; x_wconf 88' lang='lat' dir='ltr'><strong>deinde</strong></span> <span class='ocrx_word' id='word_1_403' title='bbox 3423 2867 3453 2904; x_wconf 88' lang='lat' dir='ltr'><strong>a</strong></span> 
     </span>
    </p>
   </div>
   <div class='ocr_carea' id='block_1_58' title="bbox 1867 2938 3454 3012">
    <p class='ocr_par' dir='ltr' id='par_1_58' title="bbox 1867 2938 3454 3012">
     <span class='ocr_line' id='line_1_58' title="bbox 1867 2938 3454 3012; baseline 0.003 -20"><span class='ocrx_word' id='word_1_404' title='bbox 1867 2946 2030 3008; x_wconf 92' lang='lat' dir='ltr'><strong>partu</strong></span> <span class='ocrx_word' id='word_1_405' title='bbox 2080 2938 2168 2995; x_wconf 84' lang='lat' dir='ltr'><strong>die</strong></span> <span class='ocrx_word' id='word_1_406' title='bbox 2224 2939 2490 2996; x_wconf 82' lang='lat' dir='ltr'><strong>infantem</strong></span> <span class='ocrx_word' id='word_1_407' title='bbox 2554 2941 2611 2996; x_wconf 90' lang='lat' dir='ltr'><strong>in</strong></span> <span class='ocrx_word' id='word_1_408' title='bbox 2674 2942 2853 2997; x_wconf 89' lang='lat' dir='ltr'><strong>sancti</strong></span> <span class='ocrx_word' id='word_1_409' title='bbox 2908 2942 3138 2997; x_wconf 80' lang='lat' dir='ltr'><strong>Joannis</strong></span> <span class='ocrx_word' id='word_1_410' title='bbox 3194 2942 3454 3012; x_wconf 82' lang='lat' dir='ltr'><strong>Baptistae</strong></span> 
     </span>
    </p>
   </div>
   <div class='ocr_carea' id='block_1_59' title="bbox 1871 3031 3452 3105">
    <p class='ocr_par' dir='ltr' id='par_1_59' title="bbox 1871 3031 3452 3105">
     <span class='ocr_line' id='line_1_59' title="bbox 1871 3031 3452 3105; baseline -0.001 -18"><span class='ocrx_word' id='word_1_411' title='bbox 1871 3031 2137 3102; x_wconf 85' lang='lat' dir='ltr'><strong>templum</strong></span> <span class='ocrx_word' id='word_1_412' title='bbox 2170 3031 2422 3098; x_wconf 90' lang='lat' dir='ltr'><strong>adducit,</strong></span> <span class='ocrx_word' id='word_1_413' title='bbox 2456 3032 2746 3088; x_wconf 87' lang='lat' dir='ltr'><strong>redditura</strong></span> <span class='ocrx_word' id='word_1_414' title='bbox 2776 3034 3033 3089; x_wconf 84' lang='lat' dir='ltr'><strong>eumdem</strong></span> <span class='ocrx_word' id='word_1_415' title='bbox 3086 3035 3452 3105; x_wconf 76' lang='lat' dir='ltr'><strong>quemadmo—</strong></span> 
     </span>
    </p>
   </div>
   <div class='ocr_carea' id='block_1_60' title="bbox 1871 3124 3238 3196">
    <p class='ocr_par' dir='ltr' id='par_1_60' title="bbox 1871 3124 3238 3196">
     <span class='ocr_line' id='line_1_60' title="bbox 1871 3124 3238 3196; baseline -0.003 -13"><span class='ocrx_word' id='word_1_416' title='bbox 1871 3128 2002 3183; x_wconf 90' lang='lat' dir='ltr'><strong>dum</strong></span> <span class='ocrx_word' id='word_1_417' title='bbox 2026 3135 2340 3196; x_wconf 80' lang='lat' dir='ltr'><strong>acceperat,</strong></span> <span class='ocrx_word' id='word_1_418' title='bbox 2365 3127 2590 3196; x_wconf 90' lang='lat' dir='ltr'><strong>Deoque</strong></span> <span class='ocrx_word' id='word_1_419' title='bbox 2621 3124 2801 3180; x_wconf 91' lang='lat' dir='ltr'><strong>datori</strong></span> <span class='ocrx_word' id='word_1_420' title='bbox 2824 3136 3238 3181; x_wconf 75' lang='lat' dir='ltr'><strong>consecratum.</strong></span> 
     </span>
    </p>
   </div>
   <div class='ocr_carea' id='block_1_61' title="bbox 1945 3214 3457 3285">
    <p class='ocr_par' dir='ltr' id='par_1_61' title="bbox 1945 3214 3457 3285">
     <span class='ocr_line' id='line_1_61' title="bbox 1945 3214 3457 3285; baseline 0 -17"><span class='ocrx_word' id='word_1_421' title='bbox 1945 3215 1997 3268; x_wconf 86' lang='lat'><strong>8.</strong></span> <span class='ocrx_word' id='word_1_422' title='bbox 2053 3215 2317 3270; x_wconf 80' lang='lat' dir='ltr'><strong>Dextrum</strong></span> <span class='ocrx_word' id='word_1_423' title='bbox 2348 3231 2519 3285; x_wconf 85' lang='lat' dir='ltr'><strong>porro</strong></span> <span class='ocrx_word' id='word_1_424' title='bbox 2557 3216 2718 3278; x_wconf 90' lang='lat' dir='ltr'><strong>uber,</strong></span> <span class='ocrx_word' id='word_1_425' title='bbox 2751 3215 2828 3269; x_wconf 90' lang='lat' dir='ltr'><strong>uti</strong></span> <span class='ocrx_word' id='word_1_426' title='bbox 2883 3214 2952 3269; x_wconf 91' lang='lat' dir='ltr'><strong>ab</strong></span> <span class='ocrx_word' id='word_1_427' title='bbox 3004 3214 3200 3270; x_wconf 83' lang='lat' dir='ltr'><strong>eodem</strong></span> <span class='ocrx_word' id='word_1_428' title='bbox 3265 3224 3457 3270; x_wconf 86' lang='lat' dir='ltr'><strong>sancto</strong></span> 
     </span>
    </p>
   </div>
   <div class='ocr_carea' id='block_1_62' title="bbox 198 3305 1770 3400">
    <p class='ocr_par' dir='ltr' id='par_1_62' title="bbox 198 3305 1769 3380">
     <span class='ocr_line' id='line_1_62' title="bbox 198 3305 1769 3380; baseline -0.001 -20"><span class='ocrx_word' id='word_1_429' title='bbox 198 3309 289 3361; x_wconf 74' lang='grc' dir='ltr'>ὑπὸ</span> <span class='ocrx_word' id='word_1_430' title='bbox 330 3309 421 3363; x_wconf 77' lang='grc' dir='ltr'>τοῦ</span> <span class='ocrx_word' id='word_1_431' title='bbox 488 3309 807 3380; x_wconf 85' lang='grc' dir='ltr'>Προδρόμου</span> <span class='ocrx_word' id='word_1_432' title='bbox 857 3307 1192 3379; x_wconf 69' lang='lat' dir='ltr'><strong>etp-qm,an</strong></span> <span class='ocrx_word' id='word_1_433' title='bbox 1242 3307 1419 3379; x_wconf 79' lang='grc' dir='ltr'>ταύτῃ</span> <span class='ocrx_word' id='word_1_434' title='bbox 1450 3305 1512 3359; x_wconf 75' lang='grc' dir='ltr'><strong>τὸ</strong></span> <span class='ocrx_word' id='word_1_435' title='bbox 1567 3306 1769 3378; x_wconf 79' lang='grc' dir='ltr'>βρέφος</span> 
     </span>
    </p>
   </div>
   <div class='ocr_carea' id='block_1_63' title="bbox 1877 3305 3462 3400">
    <p class='ocr_par' dir='ltr' id='par_1_63' title="bbox 1877 3307 3462 3379">
     <span class='ocr_line' id='line_1_63' title="bbox 1877 3307 3462 3379; baseline 0 -17"><span class='ocrx_word' id='word_1_436' title='bbox 1877 3307 2087 3363; x_wconf 86' lang='lat' dir='ltr'><strong>dictum</strong></span> <span class='ocrx_word' id='word_1_437' title='bbox 2121 3319 2263 3372; x_wconf 87' lang='lat' dir='ltr'><strong>erat,</strong></span> <span class='ocrx_word' id='word_1_438' title='bbox 2285 3308 2337 3363; x_wconf 91' lang='lat' dir='ltr'><strong>ei</strong></span> <span class='ocrx_word' id='word_1_439' title='bbox 2367 3308 2668 3378; x_wconf 66' lang='lat' dir='ltr'><strong>praebebat,</strong></span> <span class='ocrx_word' id='word_1_440' title='bbox 2707 3324 2771 3364; x_wconf 90' lang='lat' dir='ltr'><strong>ac</strong></span> <span class='ocrx_word' id='word_1_441' title='bbox 2807 3308 3217 3363; x_wconf 86' lang='lat' dir='ltr'><strong>nutrimentum</strong></span> <span class='ocrx_word' id='word_1_442' title='bbox 3259 3323 3462 3379; x_wconf 76' lang='lat' dir='ltr'><strong>suppe-</strong></span> 
     </span>
    </p>
   </div>
   <div class='ocr_carea' id='block_1_64' title="bbox 198 3397 1773 3471">
    <p class='ocr_par' dir='ltr' id='par_1_64' title="bbox 198 3397 1773 3471">
     <span class='ocr_line' id='line_1_64' title="bbox 198 3397 1773 3471; baseline -0.001 -19"><span class='ocrx_word' id='word_1_443' title='bbox 198 3400 479 3471; x_wconf 77' lang='grc' dir='ltr'>ὲτιθηνεῖτο</span> <span class='ocrx_word' id='word_1_444' title='bbox 511 3415 525 3430; x_wconf 78' lang='grc'><strong><em>⁸</em></strong></span> <span class='ocrx_word' id='word_1_445' title='bbox 558 3399 768 3467; x_wconf 84' lang='grc' dir='ltr'>ὀλίγαις</span> <span class='ocrx_word' id='word_1_446' title='bbox 799 3398 855 3452; x_wconf 78' lang='grc' dir='ltr'><strong>δὲ</strong></span> <span class='ocrx_word' id='word_1_447' title='bbox 892 3397 1119 3469; x_wconf 74' lang='grc' dir='ltr'>ὕστερον</span> <span class='ocrx_word' id='word_1_448' title='bbox 1148 3399 1386 3469; x_wconf 75' lang='grc' dir='ltr'>ἡμέραις</span> <span class='ocrx_word' id='word_1_449' title='bbox 1421 3397 1598 3451; x_wconf 82' lang='grc' dir='ltr'>ἔννοια</span> <span class='ocrx_word' id='word_1_450' title='bbox 1627 3399 1773 3466; x_wconf 83' lang='grc' dir='ltr'>γίνε-</span> 
     </span>
    </p>
   </div>
   <div class='ocr_carea' id='block_1_65' title="bbox 196 3488 1772 3563">
    <p class='ocr_par' dir='ltr' id='par_1_65' title="bbox 196 3488 1772 3563">
     <span class='ocr_line' id='line_1_65' title="bbox 196 3488 1772 3563; baseline 0.001 -22"><span class='ocrx_word' id='word_1_451' title='bbox 196 3507 274 3545; x_wconf 77' lang='grc' dir='ltr'><strong>ται</strong></span> <span class='ocrx_word' id='word_1_452' title='bbox 301 3494 364 3562; x_wconf 80' lang='grc' dir='ltr'>τῇ</span> <span class='ocrx_word' id='word_1_453' title='bbox 392 3491 591 3563; x_wconf 77' lang='grc' dir='ltr'>μητρὶ,</span> <span class='ocrx_word' id='word_1_454' title='bbox 628 3490 723 3544; x_wconf 69' lang='grc' dir='ltr'>καὶ</span> <span class='ocrx_word' id='word_1_455' title='bbox 744 3491 843 3561; x_wconf 80' lang='grc' dir='ltr'>τὴν</span> <span class='ocrx_word' id='word_1_456' title='bbox 871 3488 1157 3561; x_wconf 83' lang='grc' dir='ltr'>εὐώνυμον</span> <span class='ocrx_word' id='word_1_457' title='bbox 1188 3489 1340 3559; x_wconf 82' lang='grc' dir='ltr'>αύτῷ</span> <span class='ocrx_word' id='word_1_458' title='bbox 1371 3493 1642 3560; x_wconf 77' lang='grc' dir='ltr'>ἐπισχεῖν,</span> <span class='ocrx_word' id='word_1_459' title='bbox 1679 3490 1772 3543; x_wconf 69' lang='grc' dir='ltr'><strong>καὶ</strong></span> 
     </span>
    </p>
   </div>
   <div class='ocr_carea' id='block_1_66' title="bbox 198 3581 1772 3655">
    <p class='ocr_par' dir='ltr' id='par_1_66' title="bbox 198 3581 1772 3655">
     <span class='ocr_line' id='line_1_66' title="bbox 198 3581 1772 3655; baseline 0 -20"><span class='ocrx_word' id='word_1_460' title='bbox 198 3583 316 3653; x_wconf 75' lang='grc' dir='ltr'>δῆτα</span> <span class='ocrx_word' id='word_1_461' title='bbox 362 3584 620 3655; x_wconf 76' lang='grc' dir='ltr'>δεόμενον</span> <span class='ocrx_word' id='word_1_462' title='bbox 676 3584 858 3637; x_wconf 85' lang='grc' dir='ltr'>ἰδοῦσα</span> <span class='ocrx_word' id='word_1_463' title='bbox 886 3616 889 3617; x_wconf 52' lang='grc' dir='ltr'><strong>ν</strong></span> <span class='ocrx_word' id='word_1_464' title='bbox 915 3582 1103 3651; x_wconf 80' lang='grc' dir='ltr'>θηλῆς,</span> <span class='ocrx_word' id='word_1_465' title='bbox 1131 3582 1223 3635; x_wconf 72' lang='grc' dir='ltr'>τὸν</span> <span class='ocrx_word' id='word_1_466' title='bbox 1249 3581 1540 3653; x_wconf 78' lang='grc' dir='ltr'>ἀριστερὸν</span> <span class='ocrx_word' id='word_1_467' title='bbox 1585 3581 1772 3651; x_wconf 75' lang='grc' dir='ltr'>ἐπέχει</span> 
     </span>
    </p>
   </div>
   <div class='ocr_carea' id='block_1_67' title="bbox 201 3672 1769 3746">
    <p class='ocr_par' dir='ltr' id='par_1_67' title="bbox 201 3672 1769 3746">
     <span class='ocr_line' id='line_1_67' title="bbox 201 3672 1769 3746; baseline -0.002 -18"><span class='ocrx_word' id='word_1_468' title='bbox 201 3676 407 3744; x_wconf 85' lang='grc' dir='ltr'>μαστόν.</span> <span class='ocrx_word' id='word_1_469' title='bbox 431 3675 549 3729; x_wconf 75' lang='grc' dir='ltr'><strong>Καὶ</strong></span> <span class='ocrx_word' id='word_1_470' title='bbox 568 3673 630 3728; x_wconf 86' lang='grc' dir='ltr'>τὸ</span> <span class='ocrx_word' id='word_1_471' title='bbox 649 3674 747 3746; x_wconf 74' lang='grc' dir='ltr'><strong>μὲν</strong></span> <span class='ocrx_word' id='word_1_472' title='bbox 767 3674 865 3744; x_wconf 73' lang='grc' dir='ltr'><strong>οὐχ</strong></span> <span class='ocrx_word' id='word_1_473' title='bbox 888 3674 1113 3744; x_wconf 76' lang='grc' dir='ltr'>ἥπτετο,</span> <span class='ocrx_word' id='word_1_474' title='bbox 1130 3672 1266 3725; x_wconf 82' lang='grc' dir='ltr'>ἀλλὰ</span> <span class='ocrx_word' id='word_1_475' title='bbox 1286 3672 1769 3744; x_wconf 76' lang='grc' dir='ltr'>κλαυθμυριζόμε-</span> 
     </span>
    </p>
   </div>
   <div class='ocr_carea' id='block_1_68' title="bbox 199 3762 1774 3838">
    <p class='ocr_par' dir='ltr' id='par_1_68' title="bbox 199 3762 1774 3838">
     <span class='ocr_line' id='line_1_68' title="bbox 199 3762 1774 3838; baseline -0.001 -21"><span class='ocrx_word' id='word_1_476' title='bbox 199 3782 276 3817; x_wconf 87' lang='grc' dir='ltr'><strong>νον</strong></span> <span class='ocrx_word' id='word_1_477' title='bbox 295 3765 693 3838; x_wconf 76' lang='grc' dir='ltr'>ἁπεστρέφετο·</span> <span class='ocrx_word' id='word_1_478' title='bbox 728 3764 824 3836; x_wconf 76' lang='grc' dir='ltr'><strong>ἠδ’</strong></span> <span class='ocrx_word' id='word_1_479' title='bbox 849 3764 1085 3832; x_wconf 83' lang='grc' dir='ltr'>ἐπέμενε</span> <span class='ocrx_word' id='word_1_480' title='bbox 1121 3762 1322 3833; x_wconf 72' lang='grc' dir='ltr'>μᾶλλον</span> <span class='ocrx_word' id='word_1_481' title='bbox 1346 3762 1640 3832; x_wconf 75' lang='grc' dir='ltr'>ἐπέχουσα.</span> <span class='ocrx_word' id='word_1_482' title='bbox 1686 3762 1774 3826; x_wconf 82' lang='grc' dir='ltr'>Ὦς</span> 
     </span>
    </p>
   </div>
   <div class='ocr_carea' id='block_1_69' title="bbox 200 3852 1774 3926">
    <p class='ocr_par' dir='ltr' id='par_1_69' title="bbox 200 3852 1774 3926">
     <span class='ocr_line' id='line_1_69' title="bbox 200 3852 1774 3926; baseline 0.001 -20"><span class='ocrx_word' id='word_1_483' title='bbox 200 3853 244 3907; x_wconf 76' lang='grc' dir='ltr'><strong>δὲ</strong></span> <span class='ocrx_word' id='word_1_484' title='bbox 276 3857 425 3910; x_wconf 74' lang='grc' dir='ltr'>τοῦτο</span> <span class='ocrx_word' id='word_1_485' title='bbox 457 3857 646 3910; x_wconf 79' lang='grc' dir='ltr'>πᾶσαν</span> <span class='ocrx_word' id='word_1_486' title='bbox 678 3856 896 3926; x_wconf 74' lang='grc' dir='ltr'>ἐκείνην</span> <span class='ocrx_word' id='word_1_487' title='bbox 931 3855 1221 3926; x_wconf 82' lang='grc' dir='ltr'>παρέτεινε</span> <span class='ocrx_word' id='word_1_488' title='bbox 1269 3853 1456 3923; x_wconf 78' lang='grc' dir='ltr'>σχεδὸν</span> <span class='ocrx_word' id='word_1_489' title='bbox 1486 3852 1585 3925; x_wconf 82' lang='grc' dir='ltr'>τὴν</span> <span class='ocrx_word' id='word_1_490' title='bbox 1632 3854 1774 3924; x_wconf 80' lang='grc' dir='ltr'>ὴμέ-</span> 
     </span>
    </p>
   </div>
   <div class='ocr_carea' id='block_1_70' title="bbox 201 3946 1774 4019">
    <p class='ocr_par' dir='ltr' id='par_1_70' title="bbox 201 3946 1774 4019">
     <span class='ocr_line' id='line_1_70' title="bbox 201 3946 1774 4019; baseline 0.001 -21"><span class='ocrx_word' id='word_1_491' title='bbox 201 3962 307 4015; x_wconf 84' lang='grc' dir='ltr'>ραν,</span> <span class='ocrx_word' id='word_1_492' title='bbox 336 3950 431 4001; x_wconf 67' lang='grc' dir='ltr'><strong>καὶ⁹</strong></span> <span class='ocrx_word' id='word_1_493' title='bbox 481 3946 546 4000; x_wconf 82' lang='grc' dir='ltr'>τὸ</span> <span class='ocrx_word' id='word_1_494' title='bbox 590 3947 802 4000; x_wconf 84' lang='grc' dir='ltr'>παιδίον</span> <span class='ocrx_word' id='word_1_495' title='bbox 849 3948 1117 4018; x_wconf 82' lang='grc' dir='ltr'>ἄγευστον</span> <span class='ocrx_word' id='word_1_496' title='bbox 1162 3946 1329 4019; x_wconf 83' lang='grc' dir='ltr'>θηλῆς</span> <span class='ocrx_word' id='word_1_497' title='bbox 1383 3946 1774 4017; x_wconf 85' lang='grc' dir='ltr'>διεμεμενήκει</span> 
     </span>
    </p>
   </div>
   <div class='ocr_carea' id='block_1_71' title="bbox 200 4039 1773 4110">
    <p class='ocr_par' dir='ltr' id='par_1_71' title="bbox 200 4039 1773 4110">
     <span class='ocr_line' id='line_1_71' title="bbox 200 4039 1773 4110; baseline 0.004 -24"><span class='ocrx_word' id='word_1_498' title='bbox 200 4040 285 4109; x_wconf 72' lang='grc' dir='ltr'>τῆς</span> <span class='ocrx_word' id='word_1_499' title='bbox 311 4041 511 4103; x_wconf 80' lang='grc' dir='ltr'>νυκτὸς</span> <span class='ocrx_word' id='word_1_500' title='bbox 539 4040 756 4108; x_wconf 76' lang='grc' dir='ltr'>ἐκείνης</span> <span class='ocrx_word' id='word_1_501' title='bbox 790 4041 878 4109; x_wconf 82' lang='grc' dir='ltr'><strong>(Ὢ</strong></span> <span class='ocrx_word' id='word_1_502' title='bbox 908 4039 1025 4103; x_wconf 80' lang='grc' dir='ltr'><strong>πῶς</strong></span> <span class='ocrx_word' id='word_1_503' title='bbox 1059 4056 1154 4093; x_wconf 87' lang='grc' dir='ltr'><strong>σου</strong></span> <span class='ocrx_word' id='word_1_504' title='bbox 1186 4040 1256 4093; x_wconf 83' lang='grc' dir='ltr'>τὰ</span> <span class='ocrx_word' id='word_1_505' title='bbox 1283 4039 1564 4110; x_wconf 83' lang='grc' dir='ltr'>θαυμάσια</span> <span class='ocrx_word' id='word_1_506' title='bbox 1587 4080 1603 4104; x_wconf 88' lang='grc'><strong>,</strong></span> <span class='ocrx_word' id='word_1_507' title='bbox 1636 4040 1773 4109; x_wconf 88' lang='grc' dir='ltr'>Χρι-</span> 
     </span>
    </p>
   </div>
   <div class='ocr_carea' id='block_1_72' title="bbox 202 4130 1775 4203">
    <p class='ocr_par' dir='ltr' id='par_1_72' title="bbox 202 4130 1775 4203">
     <span class='ocr_line' id='line_1_72' title="bbox 202 4130 1775 4203; baseline 0.002 -21"><span class='ocrx_word' id='word_1_508' title='bbox 202 4130 301 4194; x_wconf 64' lang='lat' dir='ltr'><strong>crs,</strong></span> <span class='ocrx_word' id='word_1_509' title='bbox 330 4132 674 4202; x_wconf 76' lang='grc' dir='ltr'>διηγήσομαι</span> <span class='ocrx_word' id='word_1_510' title='bbox 706 4132 746 4203; x_wconf 89' lang='grc' dir='ltr'>ι)</span> <span class='ocrx_word' id='word_1_511' title='bbox 780 4131 1128 4185; x_wconf 78' lang='grc' dir='ltr'>συστέλλεται</span> <span class='ocrx_word' id='word_1_512' title='bbox 1153 4132 1218 4201; x_wconf 82' lang='grc' dir='ltr'>τῇ</span> <span class='ocrx_word' id='word_1_513' title='bbox 1251 4132 1422 4201; x_wconf 72' lang='grc' dir='ltr'>μητρὶ</span> <span class='ocrx_word' id='word_1_514' title='bbox 1453 4131 1513 4184; x_wconf 74' lang='grc' dir='ltr'>τὸ</span> <span class='ocrx_word' id='word_1_515' title='bbox 1542 4130 1775 4185; x_wconf 80' lang='grc' dir='ltr'>διοιδοῦν</span> 
     </span>
    </p>
   </div>
   <div class='ocr_carea' id='block_1_73' title="bbox 201 4218 1775 4293">
    <p class='ocr_par' dir='ltr' id='par_1_73' title="bbox 201 4218 1775 4293">
     <span class='ocr_line' id='line_1_73' title="bbox 201 4218 1775 4293; baseline 0 -18"><span class='ocrx_word' id='word_1_516' title='bbox 201 4223 284 4275; x_wconf 64' lang='grc' dir='ltr'><strong>καλ⁵</strong></span> <span class='ocrx_word' id='word_1_517' title='bbox 341 4223 651 4291; x_wconf 73' lang='grc' dir='ltr'>ἀνεστηκδς</span> <span class='ocrx_word' id='word_1_518' title='bbox 711 4222 804 4276; x_wconf 77' lang='grc' dir='ltr'>τοῦ</span> <span class='ocrx_word' id='word_1_519' title='bbox 854 4221 1139 4293; x_wconf 70' lang='grc' dir='ltr'>εὐωνύμου</span> <span class='ocrx_word' id='word_1_520' title='bbox 1201 4220 1433 4290; x_wconf 79' lang='grc' dir='ltr'>μαστοῦ,</span> <span class='ocrx_word' id='word_1_521' title='bbox 1464 4224 1564 4275; x_wconf 79' lang='grc' dir='ltr'>εἴτ·</span> <span class='ocrx_word' id='word_1_522' title='bbox 1612 4218 1707 4281; x_wconf 80' lang='grc' dir='ltr'><strong>οὖν</strong></span> <span class='ocrx_word' id='word_1_523' title='bbox 1746 4224 1775 4275; x_wconf 85' lang='grc' dir='ltr'><strong>ό</strong></span> 
     </span>
    </p>
   </div>
   <div class='ocr_carea' id='block_1_74' title="bbox 202 4313 1774 4385">
    <p class='ocr_par' dir='ltr' id='par_1_74' title="bbox 202 4313 1774 4385">
     <span class='ocr_line' id='line_1_74' title="bbox 202 4313 1774 4385; baseline 0.001 -20"><span class='ocrx_word' id='word_1_524' title='bbox 202 4314 644 4385; x_wconf 81' lang='grc' dir='ltr'>ὕποπιπλὰμενος</span> <span class='ocrx_word' id='word_1_525' title='bbox 670 4314 764 4368; x_wconf 76' lang='grc' dir='ltr'>τοῦ</span> <span class='ocrx_word' id='word_1_526' title='bbox 811 4313 1090 4381; x_wconf 82' lang='grc' dir='ltr'>γάλακτος</span> <span class='ocrx_word' id='word_1_527' title='bbox 1122 4313 1345 4376; x_wconf 86' lang='grc' dir='ltr'>κόλπος,</span> <span class='ocrx_word' id='word_1_528' title='bbox 1382 4314 1481 4367; x_wconf 63' lang='grc' dir='ltr'><strong>καλ⁵</strong></span> <span class='ocrx_word' id='word_1_529' title='bbox 1516 4314 1774 4367; x_wconf 86' lang='grc' dir='ltr'>ύπολεαί-</span> 
     </span>
    </p>
   </div>
   <div class='ocr_carea' id='block_1_75' title="bbox 200 4404 1773 4478">
    <p class='ocr_par' dir='ltr' id='par_1_75' title="bbox 200 4404 1773 4478">
     <span class='ocr_line' id='line_1_75' title="bbox 200 4404 1773 4478; baseline -0.001 -19"><span class='ocrx_word' id='word_1_530' title='bbox 200 4425 333 4462; x_wconf 85' lang='grc' dir='ltr'>νεται</span> <span class='ocrx_word' id='word_1_531' title='bbox 372 4410 468 4462; x_wconf 78' lang='grc' dir='ltr'><strong>καὶ</strong></span> <span class='ocrx_word' id='word_1_532' title='bbox 495 4406 835 4478; x_wconf 81' lang='grc' dir='ltr'>ξηραίνεται,</span> <span class='ocrx_word' id='word_1_533' title='bbox 877 4405 971 4459; x_wconf 73' lang='grc' dir='ltr'><strong>καὶ</strong></span> <span class='ocrx_word' id='word_1_534' title='bbox 1004 4404 1238 4477; x_wconf 81' lang='grc' dir='ltr'>ἀνδρείῳ</span> <span class='ocrx_word' id='word_1_535' title='bbox 1259 4404 1319 4457; x_wconf 82' lang='grc' dir='ltr'>τὸ</span> <span class='ocrx_word' id='word_1_536' title='bbox 1351 4406 1461 4457; x_wconf 77' lang='grc' dir='ltr'>πᾶν</span> <span class='ocrx_word' id='word_1_537' title='bbox 1496 4404 1588 4459; x_wconf 86' lang='grc' dir='ltr'><strong>ίσα</strong></span> <span class='ocrx_word' id='word_1_538' title='bbox 1625 4406 1773 4474; x_wconf 85' lang='grc' dir='ltr'>γίνε-</span> 
     </span>
    </p>
   </div>
   <div class='ocr_carea' id='block_1_76' title="bbox 199 4492 1777 4568">
    <p class='ocr_par' dir='ltr' id='par_1_76' title="bbox 199 4492 1777 4568">
     <span class='ocr_line' id='line_1_76' title="bbox 199 4492 1777 4568; baseline 0.001 -19"><span class='ocrx_word' id='word_1_539' title='bbox 199 4514 277 4551; x_wconf 86' lang='grc' dir='ltr'><strong>ται</strong></span> <span class='ocrx_word' id='word_1_540' title='bbox 301 4516 313 4530; x_wconf 75' lang='grc' dir='ltr'><strong>ο</strong></span> <span class='ocrx_word' id='word_1_541' title='bbox 341 4503 369 4554; x_wconf 84' lang='grc' dir='ltr'><strong>ό</strong></span> <span class='ocrx_word' id='word_1_542' title='bbox 398 4499 579 4564; x_wconf 80' lang='grc' dir='ltr'>δεξιὸς</span> <span class='ocrx_word' id='word_1_543' title='bbox 614 4498 691 4564; x_wconf 85' lang='grc' dir='ltr'>δὲ,</span> <span class='ocrx_word' id='word_1_544' title='bbox 721 4497 797 4561; x_wconf 86' lang='grc' dir='ltr'>ὡς</span> <span class='ocrx_word' id='word_1_545' title='bbox 855 4496 951 4551; x_wconf 69' lang='grc' dir='ltr'><strong>καὶ</strong></span> <span class='ocrx_word' id='word_1_546' title='bbox 1003 4497 1268 4568; x_wconf 86' lang='grc' dir='ltr'>πρότερον</span> <span class='ocrx_word' id='word_1_547' title='bbox 1316 4492 1486 4566; x_wconf 84' lang='grc' dir='ltr'>εἶχεν,</span> <span class='ocrx_word' id='word_1_548' title='bbox 1529 4497 1777 4564; x_wconf 76' lang='grc' dir='ltr'>ἀφθόνως</span> 
     </span>
    </p>
   </div>
   <div class='ocr_carea' id='block_1_77' title="bbox 199 4588 1779 4662">
    <p class='ocr_par' dir='ltr' id='par_1_77' title="bbox 199 4588 1779 4662">
     <span class='ocr_line' id='line_1_77' title="bbox 199 4588 1779 4662; baseline -0.002 -19"><span class='ocrx_word' id='word_1_549' title='bbox 199 4589 444 4662; x_wconf 77' lang='grc' dir='ltr'>θηλάζειν</span> <span class='ocrx_word' id='word_1_550' title='bbox 475 4592 539 4645; x_wconf 78' lang='grc' dir='ltr'>τὸ</span> <span class='ocrx_word' id='word_1_551' title='bbox 581 4591 793 4645; x_wconf 83' lang='grc' dir='ltr'>παιδίον</span> <span class='ocrx_word' id='word_1_552' title='bbox 846 4590 1167 4660; x_wconf 85' lang='grc' dir='ltr'>δυνάμενος.</span> <span class='ocrx_word' id='word_1_553' title='bbox 1196 4589 1492 4661; x_wconf 83' lang='grc' dir='ltr'>Μάρτυρες</span> <span class='ocrx_word' id='word_1_554' title='bbox 1523 4588 1618 4641; x_wconf 75' lang='grc' dir='ltr'>τοῦ</span> <span class='ocrx_word' id='word_1_555' title='bbox 1652 4603 1779 4640; x_wconf 83' lang='grc' dir='ltr'>τοσ-</span> 
     </span>
    </p>
   </div>
   <div class='ocr_carea' id='block_1_78' title="bbox 1875 3399 3461 3470">
    <p class='ocr_par' dir='ltr' id='par_1_78' title="bbox 1875 3399 3461 3470">
     <span class='ocr_line' id='line_1_78' title="bbox 1875 3399 3461 3470; baseline 0.001 -16"><span class='ocrx_word' id='word_1_556' title='bbox 1875 3399 2108 3455; x_wconf 87' lang='lat' dir='ltr'><strong>ditabat.</strong></span> <span class='ocrx_word' id='word_1_557' title='bbox 2138 3400 2340 3456; x_wconf 89' lang='lat' dir='ltr'><strong>Paucis</strong></span> <span class='ocrx_word' id='word_1_558' title='bbox 2372 3414 2503 3456; x_wconf 89' lang='lat' dir='ltr'><strong>vero</strong></span> <span class='ocrx_word' id='word_1_559' title='bbox 2531 3409 2657 3470; x_wconf 89' lang='lat' dir='ltr'><strong>post</strong></span> <span class='ocrx_word' id='word_1_560' title='bbox 2715 3400 2915 3456; x_wconf 87' lang='lat' dir='ltr'><strong>diebus</strong></span> <span class='ocrx_word' id='word_1_561' title='bbox 2945 3400 3002 3455; x_wconf 89' lang='lat' dir='ltr'><strong>in</strong></span> <span class='ocrx_word' id='word_1_562' title='bbox 3033 3411 3275 3457; x_wconf 89' lang='lat' dir='ltr'><strong>mentem</strong></span> <span class='ocrx_word' id='word_1_563' title='bbox 3309 3403 3461 3458; x_wconf 88' lang='lat' dir='ltr'><strong>venit</strong></span> 
     </span>
    </p>
   </div>
   <div class='ocr_carea' id='block_1_79' title="bbox 1876 3491 3458 3563">
    <p class='ocr_par' dir='ltr' id='par_1_79' title="bbox 1876 3491 3458 3563">
     <span class='ocr_line' id='line_1_79' title="bbox 1876 3491 3458 3563; baseline 0.004 -19"><span class='ocrx_word' id='word_1_564' title='bbox 1876 3492 2061 3557; x_wconf 79' lang='lat' dir='ltr'><strong>matri,</strong></span> <span class='ocrx_word' id='word_1_565' title='bbox 2091 3491 2332 3547; x_wconf 66' lang='lat' dir='ltr'><strong>sinistrae</strong></span> <span class='ocrx_word' id='word_1_566' title='bbox 2348 3507 2570 3562; x_wconf 85' lang='lat' dir='ltr'><strong>quoque</strong></span> <span class='ocrx_word' id='word_1_567' title='bbox 2595 3506 2844 3547; x_wconf 72' lang='lat' dir='ltr'><strong>mamma:</strong></span> <span class='ocrx_word' id='word_1_568' title='bbox 2869 3492 3164 3549; x_wconf 85' lang='lat' dir='ltr'><strong>admovere</strong></span> <span class='ocrx_word' id='word_1_569' title='bbox 3190 3508 3458 3563; x_wconf 88' lang='lat' dir='ltr'><strong>puerum;</strong></span> 
     </span>
    </p>
   </div>
   <div class='ocr_carea' id='block_1_80' title="bbox 1875 3577 3558 3653">
    <p class='ocr_par' dir='ltr' id='par_1_80' title="bbox 1875 3577 3558 3653">
     <span class='ocr_line' id='line_1_80' title="bbox 1875 3577 3558 3653; baseline 0.001 -14"><span class='ocrx_word' id='word_1_570' title='bbox 1875 3594 2042 3652; x_wconf 89' lang='lat' dir='ltr'><strong>atque</strong></span> <span class='ocrx_word' id='word_1_571' title='bbox 2072 3583 2212 3637; x_wconf 85' lang='lat' dir='ltr'><strong>adeo</strong></span> <span class='ocrx_word' id='word_1_572' title='bbox 2246 3592 2567 3653; x_wconf 88' lang='lat' dir='ltr'><strong>poscentem</strong></span> <span class='ocrx_word' id='word_1_573' title='bbox 2603 3583 2773 3638; x_wconf 84' lang='lat' dir='ltr'><strong>ubera</strong></span> <span class='ocrx_word' id='word_1_574' title='bbox 2821 3599 2880 3638; x_wconf 90' lang='lat' dir='ltr'><strong>re</strong></span> <span class='ocrx_word' id='word_1_575' title='bbox 2914 3583 3033 3653; x_wconf 86' lang='lat' dir='ltr'><strong>ipsa</strong></span> <span class='ocrx_word' id='word_1_576' title='bbox 3063 3585 3359 3640; x_wconf 87' lang='lat' dir='ltr'><strong>admovet:</strong></span> <span class='ocrx_word' id='word_1_577' title='bbox 3404 3596 3461 3640; x_wconf 90' lang='lat' dir='ltr'><strong>at</strong></span> <span class='ocrx_word' id='word_1_578' title='bbox 3555 3577 3558 3579; x_wconf 12' lang='grc' dir='ltr'><strong>Α</strong></span> 
     </span>
    </p>
   </div>
   <div class='ocr_carea' id='block_1_81' title="bbox 1877 3674 3457 3745">
    <p class='ocr_par' dir='ltr' id='par_1_81' title="bbox 1877 3674 3457 3745">
     <span class='ocr_line' id='line_1_81' title="bbox 1877 3674 3457 3745; baseline 0.001 -16"><span class='ocrx_word' id='word_1_579' title='bbox 1877 3675 1970 3730; x_wconf 91' lang='lat' dir='ltr'><strong>ille</strong></span> <span class='ocrx_word' id='word_1_580' title='bbox 1996 3683 2220 3745; x_wconf 80' lang='lat' dir='ltr'><strong>tangere</strong></span> <span class='ocrx_word' id='word_1_581' title='bbox 2246 3690 2510 3739; x_wconf 87' lang='lat' dir='ltr'><strong>renuens,</strong></span> <span class='ocrx_word' id='word_1_582' title='bbox 2538 3675 2875 3745; x_wconf 84' lang='lat' dir='ltr'><strong>ploransque</strong></span> <span class='ocrx_word' id='word_1_583' title='bbox 2905 3674 3106 3730; x_wconf 80' lang='lat' dir='ltr'><strong>faciem</strong></span> <span class='ocrx_word' id='word_1_584' title='bbox 3152 3677 3457 3733; x_wconf 85' lang='lat' dir='ltr'><strong>avertebat.</strong></span> 
     </span>
    </p>
   </div>
   <div class='ocr_carea' id='block_1_82' title="bbox 1875 3752 3462 3837">
    <p class='ocr_par' dir='ltr' id='par_1_82' title="bbox 1875 3752 3462 3837">
     <span class='ocr_line' id='line_1_82' title="bbox 1875 3752 3462 3837; baseline 0.003 -17"><span class='ocrx_word' id='word_1_585' title='bbox 1875 3762 2012 3820; x_wconf 90' lang='lat' dir='ltr'><strong>Cum</strong></span> <span class='ocrx_word' id='word_1_586' title='bbox 2043 3772 2228 3820; x_wconf 89' lang='lat' dir='ltr'><strong>autem</strong></span> <span class='ocrx_word' id='word_1_587' title='bbox 2263 3774 2441 3821; x_wconf 89' lang='lat' dir='ltr'><strong>mater</strong></span> <span class='ocrx_word' id='word_1_588' title='bbox 2473 3752 2883 3836; x_wconf 74' lang='lat' dir='ltr'><strong>perseveraret,</strong></span> <span class='ocrx_word' id='word_1_589' title='bbox 2928 3776 3154 3837; x_wconf 84' lang='lat' dir='ltr'><strong>totoque</strong></span> <span class='ocrx_word' id='word_1_590' title='bbox 3196 3783 3336 3837; x_wconf 87' lang='lat' dir='ltr'><strong>pene</strong></span> <span class='ocrx_word' id='word_1_591' title='bbox 3366 3769 3462 3825; x_wconf 87' lang='lat' dir='ltr'><strong>illo</strong></span> 
     </span>
    </p>
   </div>
   <div class='ocr_carea' id='block_1_83' title="bbox 1876 3853 3461 3926">
    <p class='ocr_par' dir='ltr' id='par_1_83' title="bbox 1876 3853 3461 3926">
     <span class='ocr_line' id='line_1_83' title="bbox 1876 3853 3461 3926; baseline 0.003 -18"><span class='ocrx_word' id='word_1_592' title='bbox 1876 3853 1967 3909; x_wconf 90' lang='lat' dir='ltr'><strong>die</strong></span> <span class='ocrx_word' id='word_1_593' title='bbox 1993 3854 2129 3910; x_wconf 90' lang='lat' dir='ltr'><strong>uber</strong></span> <span class='ocrx_word' id='word_1_594' title='bbox 2149 3855 2440 3911; x_wconf 88' lang='lat' dir='ltr'><strong>sinistrum</strong></span> <span class='ocrx_word' id='word_1_595' title='bbox 2479 3856 2809 3926; x_wconf 80' lang='lat' dir='ltr'><strong>porrigeret,</strong></span> <span class='ocrx_word' id='word_1_596' title='bbox 2838 3866 2897 3911; x_wconf 90' lang='lat' dir='ltr'><strong>et</strong></span> <span class='ocrx_word' id='word_1_597' title='bbox 2920 3873 3060 3925; x_wconf 90' lang='lat' dir='ltr'><strong>puer</strong></span> <span class='ocrx_word' id='word_1_598' title='bbox 3083 3859 3251 3913; x_wconf 91' lang='lat' dir='ltr'><strong>etiam</strong></span> <span class='ocrx_word' id='word_1_599' title='bbox 3299 3867 3461 3913; x_wconf 90' lang='lat' dir='ltr'><strong>nocte</strong></span> 
     </span>
    </p>
   </div>
   <div class='ocr_carea' id='block_1_84' title="bbox 1876 3944 3461 4020">
    <p class='ocr_par' dir='ltr' id='par_1_84' title="bbox 1876 3944 3461 4020">
     <span class='ocr_line' id='line_1_84' title="bbox 1876 3944 3461 4020; baseline 0.001 -19"><span class='ocrx_word' id='word_1_600' title='bbox 1876 3944 2015 4001; x_wconf 87' lang='lat' dir='ltr'><strong>nihil</strong></span> <span class='ocrx_word' id='word_1_601' title='bbox 2069 3947 2306 4001; x_wconf 86' lang='lat' dir='ltr'><strong>materni</strong></span> <span class='ocrx_word' id='word_1_602' title='bbox 2351 3946 2511 4002; x_wconf 88' lang='lat' dir='ltr'><strong>lactis</strong></span> <span class='ocrx_word' id='word_1_603' title='bbox 2559 3955 2836 4017; x_wconf 78' lang='lat' dir='ltr'><strong>gustasset</strong></span> <span class='ocrx_word' id='word_1_604' title='bbox 2866 3948 3166 4016; x_wconf 73' lang='lat' dir='ltr'><strong>(quomodo</strong></span> <span class='ocrx_word' id='word_1_605' title='bbox 3207 3948 3461 4020; x_wconf 78' lang='lat' dir='ltr'><strong>prodigia</strong></span> 
     </span>
    </p>
   </div>
   <div class='ocr_carea' id='block_1_85' title="bbox 1879 4035 3459 4103">
    <p class='ocr_par' dir='ltr' id='par_1_85' title="bbox 1879 4035 3459 4103">
     <span class='ocr_line' id='line_1_85' title="bbox 1879 4035 3459 4103; baseline 0.004 -13"><span class='ocrx_word' id='word_1_606' title='bbox 1879 4035 2097 4091; x_wconf 88' lang='lat' dir='ltr'><strong>Domini</strong></span> <span class='ocrx_word' id='word_1_607' title='bbox 2141 4035 2496 4103; x_wconf 84' lang='lat' dir='ltr'><strong>enarrabol),</strong></span> <span class='ocrx_word' id='word_1_608' title='bbox 2528 4037 2878 4092; x_wconf 87' lang='lat' dir='ltr'><strong>contrahitur</strong></span> <span class='ocrx_word' id='word_1_609' title='bbox 2918 4040 3081 4093; x_wconf 89' lang='lat' dir='ltr'><strong>matri</strong></span> <span class='ocrx_word' id='word_1_610' title='bbox 3155 4040 3459 4096; x_wconf 89' lang='lat' dir='ltr'><strong>distentum</strong></span> 
     </span>
    </p>
   </div>
   <div class='ocr_carea' id='block_1_86' title="bbox 1878 4131 3464 4202">
    <p class='ocr_par' dir='ltr' id='par_1_86' title="bbox 1878 4131 3464 4202">
     <span class='ocr_line' id='line_1_86' title="bbox 1878 4131 3464 4202; baseline 0.001 -15"><span class='ocrx_word' id='word_1_611' title='bbox 1878 4139 2045 4202; x_wconf 89' lang='lat' dir='ltr'><strong>atque</strong></span> <span class='ocrx_word' id='word_1_612' title='bbox 2078 4131 2348 4186; x_wconf 86' lang='lat' dir='ltr'><strong>tumidum</strong></span> <span class='ocrx_word' id='word_1_613' title='bbox 2375 4131 2521 4186; x_wconf 87' lang='lat' dir='ltr'><strong>lacte</strong></span> <span class='ocrx_word' id='word_1_614' title='bbox 2546 4131 2686 4186; x_wconf 89' lang='lat' dir='ltr'><strong>uber</strong></span> <span class='ocrx_word' id='word_1_615' title='bbox 2713 4132 3038 4198; x_wconf 88' lang='lat' dir='ltr'><strong>sinistrum;</strong></span> <span class='ocrx_word' id='word_1_616' title='bbox 3068 4141 3125 4188; x_wconf 90' lang='lat' dir='ltr'><strong>et</strong></span> <span class='ocrx_word' id='word_1_617' title='bbox 3148 4132 3304 4187; x_wconf 88' lang='lat' dir='ltr'><strong>sinus</strong></span> <span class='ocrx_word' id='word_1_618' title='bbox 3338 4142 3464 4189; x_wconf 88' lang='lat' dir='ltr'><strong>ante</strong></span> 
     </span>
    </p>
   </div>
   <div class='ocr_carea' id='block_1_87' title="bbox 1878 4220 3468 4292">
    <p class='ocr_par' dir='ltr' id='par_1_87' title="bbox 1878 4220 3468 4292">
     <span class='ocr_line' id='line_1_87' title="bbox 1878 4220 3468 4292; baseline 0.002 -17"><span class='ocrx_word' id='word_1_619' title='bbox 1878 4220 2273 4292; x_wconf 86' lang='lat' dir='ltr'><strong>protuberans,</strong></span> <span class='ocrx_word' id='word_1_620' title='bbox 2307 4221 2506 4286; x_wconf 87' lang='lat' dir='ltr'><strong>mollis,</strong></span> <span class='ocrx_word' id='word_1_621' title='bbox 2538 4220 2729 4276; x_wconf 88' lang='lat' dir='ltr'><strong>aridus</strong></span> <span class='ocrx_word' id='word_1_622' title='bbox 2781 4229 2839 4276; x_wconf 85' lang='lat' dir='ltr'><strong>et</strong></span> <span class='ocrx_word' id='word_1_623' title='bbox 2860 4221 3010 4278; x_wconf 86' lang='lat' dir='ltr'><strong>virili</strong></span> <span class='ocrx_word' id='word_1_624' title='bbox 3033 4224 3261 4278; x_wconf 92' lang='lat' dir='ltr'><strong>omnino</strong></span> <span class='ocrx_word' id='word_1_625' title='bbox 3313 4225 3468 4278; x_wconf 85' lang='lat' dir='ltr'><strong>simi-</strong></span> 
     </span>
    </p>
   </div>
   <div class='ocr_carea' id='block_1_88' title="bbox 1880 4312 3466 4385">
    <p class='ocr_par' dir='ltr' id='par_1_88' title="bbox 1880 4312 3466 4385">
     <span class='ocr_line' id='line_1_88' title="bbox 1880 4312 3466 4385; baseline 0.004 -19"><span class='ocrx_word' id='word_1_626' title='bbox 1880 4313 1950 4369; x_wconf 90' lang='lat' dir='ltr'><strong>lis</strong></span> <span class='ocrx_word' id='word_1_627' title='bbox 1981 4312 2255 4369; x_wconf 84' lang='lat' dir='ltr'><strong>etIicitur:</strong></span> <span class='ocrx_word' id='word_1_628' title='bbox 2298 4314 2493 4370; x_wconf 82' lang='lat' dir='ltr'><strong>dexter</strong></span> <span class='ocrx_word' id='word_1_629' title='bbox 2515 4330 2668 4380; x_wconf 88' lang='lat' dir='ltr'><strong>vero,</strong></span> <span class='ocrx_word' id='word_1_630' title='bbox 2701 4314 2781 4370; x_wconf 90' lang='lat' dir='ltr'><strong>uti</strong></span> <span class='ocrx_word' id='word_1_631' title='bbox 2811 4314 2984 4385; x_wconf 89' lang='lat' dir='ltr'><strong>prius,</strong></span> <span class='ocrx_word' id='word_1_632' title='bbox 3016 4315 3292 4371; x_wconf 83' lang='lat' dir='ltr'><strong>retinebat</strong></span> <span class='ocrx_word' id='word_1_633' title='bbox 3330 4315 3466 4372; x_wconf 66' lang='lat' dir='ltr'><strong>atra-</strong></span> 
     </span>
    </p>
   </div>
   <div class='ocr_carea' id='block_1_89' title="bbox 1882 4403 3464 4474">
    <p class='ocr_par' dir='ltr' id='par_1_89' title="bbox 1882 4403 3464 4474">
     <span class='ocr_line' id='line_1_89' title="bbox 1882 4403 3464 4474; baseline 0.002 -17"><span class='ocrx_word' id='word_1_634' title='bbox 1882 4405 2005 4469; x_wconf 90' lang='lat' dir='ltr'><strong>tim,</strong></span> <span class='ocrx_word' id='word_1_635' title='bbox 2067 4403 2217 4459; x_wconf 90' lang='lat' dir='ltr'><strong>unde</strong></span> <span class='ocrx_word' id='word_1_636' title='bbox 2267 4419 2406 4473; x_wconf 90' lang='lat' dir='ltr'><strong>puer</strong></span> <span class='ocrx_word' id='word_1_637' title='bbox 2463 4405 2665 4459; x_wconf 89' lang='lat' dir='ltr'><strong>nutriri</strong></span> <span class='ocrx_word' id='word_1_638' title='bbox 2718 4414 2922 4474; x_wconf 87' lang='lat' dir='ltr'><strong>posset.</strong></span> <span class='ocrx_word' id='word_1_639' title='bbox 2965 4404 3157 4461; x_wconf 86' lang='lat' dir='ltr'><strong>Testes</strong></span> <span class='ocrx_word' id='word_1_640' title='bbox 3210 4406 3287 4461; x_wconf 90' lang='lat' dir='ltr'><strong>rei</strong></span> <span class='ocrx_word' id='word_1_641' title='bbox 3356 4414 3464 4461; x_wconf 88' lang='lat' dir='ltr'><strong>tam</strong></span> 
     </span>
    </p>
   </div>
   <div class='ocr_carea' id='block_1_90' title="bbox 1881 4494 3469 4569">
    <p class='ocr_par' dir='ltr' id='par_1_90' title="bbox 1881 4494 3469 4569">
     <span class='ocr_line' id='line_1_90' title="bbox 1881 4494 3469 4569; baseline 0.002 -19"><span class='ocrx_word' id='word_1_642' title='bbox 1881 4494 2225 4551; x_wconf 90' lang='lat' dir='ltr'><strong>admirabilis</strong></span> <span class='ocrx_word' id='word_1_643' title='bbox 2247 4507 2396 4560; x_wconf 86' lang='lat' dir='ltr'><strong>sunt,</strong></span> <span class='ocrx_word' id='word_1_644' title='bbox 2418 4498 2763 4567; x_wconf 90' lang='lat' dir='ltr'><strong>quotquotin</strong></span> <span class='ocrx_word' id='word_1_645' title='bbox 2796 4496 2995 4552; x_wconf 82' lang='lat' dir='ltr'><strong>vicinia</strong></span> <span class='ocrx_word' id='word_1_646' title='bbox 3020 4497 3308 4563; x_wconf 87' lang='lat' dir='ltr'><strong>mulieres;</strong></span> <span class='ocrx_word' id='word_1_647' title='bbox 3345 4499 3469 4569; x_wconf 88' lang='lat' dir='ltr'><strong>qui-</strong></span> 
     </span>
    </p>
   </div>
   <div class='ocr_carea' id='block_1_91' title="bbox 1880 4588 3466 4661">
    <p class='ocr_par' dir='ltr' id='par_1_91' title="bbox 1880 4588 3466 4661">
     <span class='ocr_line' id='line_1_91' title="bbox 1880 4588 3466 4661; baseline 0 -17"><span class='ocrx_word' id='word_1_648' title='bbox 1880 4588 1986 4644; x_wconf 89' lang='lat' dir='ltr'><strong>bus</strong></span> <span class='ocrx_word' id='word_1_649' title='bbox 2002 4596 2183 4643; x_wconf 90' lang='lat' dir='ltr'><strong>mater</strong></span> <span class='ocrx_word' id='word_1_650' title='bbox 2209 4603 2321 4659; x_wconf 65' lang='lat' dir='ltr'><strong>praa</strong></span> <span class='ocrx_word' id='word_1_651' title='bbox 2341 4588 2675 4644; x_wconf 86' lang='lat' dir='ltr'><strong>verecundia</strong></span> <span class='ocrx_word' id='word_1_652' title='bbox 2718 4589 3060 4644; x_wconf 87' lang='lat' dir='ltr'><strong>erubescens</strong></span> <span class='ocrx_word' id='word_1_653' title='bbox 3112 4590 3246 4645; x_wconf 91' lang='lat' dir='ltr'><strong>illud</strong></span> <span class='ocrx_word' id='word_1_654' title='bbox 3286 4591 3466 4661; x_wconf 87' lang='lat' dir='ltr'><strong>ipsum</strong></span> 
     </span>
    </p>
   </div>
   <div class='ocr_carea' id='block_1_92' title="bbox 199 4675 1770 4756">
    <p class='ocr_par' dir='ltr' id='par_1_92' title="bbox 199 4675 1770 4756">
     <span class='ocr_line' id='line_1_92' title="bbox 199 4675 1770 4756; baseline -0.001 -21"><span class='ocrx_word' id='word_1_655' title='bbox 199 4682 343 4738; x_wconf 87' lang='grc' dir='ltr'>ούτου</span> <span class='ocrx_word' id='word_1_656' title='bbox 368 4684 651 4756; x_wconf 84' lang='grc' dir='ltr'>θαύματος</span> <span class='ocrx_word' id='word_1_657' title='bbox 685 4684 808 4737; x_wconf 81' lang='grc' dir='ltr'>ὅσαι</span> <span class='ocrx_word' id='word_1_658' title='bbox 836 4681 945 4736; x_wconf 80' lang='grc' dir='ltr'><strong>τῶν</strong></span> <span class='ocrx_word' id='word_1_659' title='bbox 977 4683 1254 4752; x_wconf 79' lang='grc' dir='ltr'>γυναικῶν</span> <span class='ocrx_word' id='word_1_660' title='bbox 1309 4680 1657 4749; x_wconf 80' lang='grc' dir='ltr'>ὲγγειτόνων,</span> <span class='ocrx_word' id='word_1_661' title='bbox 1689 4675 1770 4743; x_wconf 82' lang='grc' dir='ltr'>αἶς</span> 
     </span>
    </p>
   </div>
   <div class='ocr_carea' id='block_1_93' title="bbox 1877 4675 3363 4756">
    <p class='ocr_par' dir='ltr' id='par_1_93' title="bbox 1885 4678 3363 4751">
     <span class='ocr_line' id='line_1_93' title="bbox 1885 4678 3363 4751; baseline -0.001 -15"><span class='ocrx_word' id='word_1_662' title='bbox 1885 4679 2024 4736; x_wconf 88' lang='lat' dir='ltr'><strong>uber</strong></span> <span class='ocrx_word' id='word_1_663' title='bbox 2046 4678 2397 4745; x_wconf 83' lang='lat' dir='ltr'><strong>monstravit,</strong></span> <span class='ocrx_word' id='word_1_664' title='bbox 2438 4694 2503 4735; x_wconf 91' lang='lat' dir='ltr'><strong>ac</strong></span> <span class='ocrx_word' id='word_1_665' title='bbox 2527 4686 2693 4750; x_wconf 67' lang='lat' dir='ltr'><strong>gestae</strong></span> <span class='ocrx_word' id='word_1_666' title='bbox 2723 4679 2799 4734; x_wconf 92' lang='lat' dir='ltr'><strong>rei</strong></span> <span class='ocrx_word' id='word_1_667' title='bbox 2834 4680 3037 4735; x_wconf 89' lang='lat' dir='ltr'><strong>seriem</strong></span> <span class='ocrx_word' id='word_1_668' title='bbox 3085 4682 3363 4751; x_wconf 77' lang='lat' dir='ltr'><strong>ex‘posuit.</strong></span> 
     </span>
    </p>
   </div>
   <div class='ocr_carea' id='block_1_94' title="bbox 198 4771 1774 4847">
    <p class='ocr_par' dir='ltr' id='par_1_94' title="bbox 198 4771 1774 4847">
     <span class='ocr_line' id='line_1_94' title="bbox 198 4771 1774 4847; baseline -0.003 -18"><span class='ocrx_word' id='word_1_669' title='bbox 198 4775 442 4845; x_wconf 81' lang='grc' dir='ltr'>ἠτούτου</span> <span class='ocrx_word' id='word_1_670' title='bbox 506 4777 713 4847; x_wconf 81' lang='grc' dir='ltr'>μήτηρ,</span> <span class='ocrx_word' id='word_1_671' title='bbox 747 4774 957 4846; x_wconf 71' lang='grc' dir='ltr'>χλωρὸν</span> <span class='ocrx_word' id='word_1_672' title='bbox 988 4773 1094 4826; x_wconf 85' lang='grc' dir='ltr'>ὑπὸ</span> <span class='ocrx_word' id='word_1_673' title='bbox 1149 4773 1305 4837; x_wconf 82' lang='grc' dir='ltr'>δέους</span> <span class='ocrx_word' id='word_1_674' title='bbox 1347 4771 1556 4843; x_wconf 84' lang='grc' dir='ltr'>ὁρῶσα,</span> <span class='ocrx_word' id='word_1_675' title='bbox 1587 4771 1682 4825; x_wconf 88' lang='grc' dir='ltr'><strong>τόν</strong></span> <span class='ocrx_word' id='word_1_676' title='bbox 1715 4787 1774 4824; x_wconf 87' lang='grc' dir='ltr'><strong>τε</strong></span> 
     </span>
    </p>
   </div>
   <div class='ocr_carea' id='block_1_95' title="bbox 202 4862 1706 4936">
    <p class='ocr_par' dir='ltr' id='par_1_95' title="bbox 202 4862 1706 4936">
     <span class='ocr_line' id='line_1_95' title="bbox 202 4862 1706 4936; baseline -0.001 -15"><span class='ocrx_word' id='word_1_677' title='bbox 202 4867 395 4936; x_wconf 77' lang='grc' dir='ltr'>μαστὸν</span> <span class='ocrx_word' id='word_1_678' title='bbox 426 4867 631 4930; x_wconf 78' lang='grc' dir='ltr'>εὐθέως</span> <span class='ocrx_word' id='word_1_679' title='bbox 654 4866 886 4931; x_wconf 73' lang='grc' dir='ltr'>ἐδείκνυ,</span> <span class='ocrx_word' id='word_1_680' title='bbox 914 4866 1007 4919; x_wconf 83' lang='grc' dir='ltr'><strong>καί</strong></span> <span class='ocrx_word' id='word_1_681' title='bbox 1027 4864 1125 4936; x_wconf 82' lang='grc' dir='ltr'>τὴν</span> <span class='ocrx_word' id='word_1_682' title='bbox 1162 4864 1340 4918; x_wconf 88' lang='grc' dir='ltr'>αἰτίαν</span> <span class='ocrx_word' id='word_1_683' title='bbox 1365 4862 1706 4935; x_wconf 79' lang='grc' dir='ltr'>ἐπεξηγείτο.</span> 
     </span>
    </p>
   </div>
   <div class='ocr_carea' id='block_1_96' title="bbox 264 4954 1781 5028">
    <p class='ocr_par' dir='ltr' id='par_1_96' title="bbox 264 4954 1781 5028">
     <span class='ocr_line' id='line_1_96' title="bbox 264 4954 1781 5028; baseline -0.001 -16"><span class='ocrx_word' id='word_1_684' title='bbox 264 4958 326 5013; x_wconf 88' lang='grc' dir='ltr'>θ’.</span> <span class='ocrx_word' id='word_1_685' title='bbox 360 4960 549 5023; x_wconf 81' lang='grc' dir='ltr'>Διετὲς</span> <span class='ocrx_word' id='word_1_686' title='bbox 585 4958 643 5011; x_wconf 79' lang='grc' dir='ltr'><strong>δε</strong></span> <span class='ocrx_word' id='word_1_687' title='bbox 681 4957 902 5027; x_wconf 87' lang='grc' dir='ltr'>γεγονὸς</span> <span class='ocrx_word' id='word_1_688' title='bbox 934 4957 995 5011; x_wconf 87' lang='grc' dir='ltr'><strong>τὸ</strong></span> <span class='ocrx_word' id='word_1_689' title='bbox 1034 4958 1247 5012; x_wconf 88' lang='grc' dir='ltr'>παιδίον</span> <span class='ocrx_word' id='word_1_690' title='bbox 1276 4958 1335 5009; x_wconf 77' lang='grc' dir='ltr'><strong>ἐν</strong></span> <span class='ocrx_word' id='word_1_691' title='bbox 1371 4954 1447 5028; x_wconf 80' lang='grc' dir='ltr'><strong>τῷ</strong></span> <span class='ocrx_word' id='word_1_692' title='bbox 1497 4955 1590 5011; x_wconf 74' lang='grc' dir='ltr'>τοῦ</span> <span class='ocrx_word' id='word_1_693' title='bbox 1635 4957 1781 5027; x_wconf 82' lang='grc' dir='ltr'>Προ-</span> 
     </span>
    </p>
   </div>
   <div class='ocr_carea' id='block_1_97' title="bbox 199 5044 1780 5118">
    <p class='ocr_par' dir='ltr' id='par_1_97' title="bbox 199 5044 1780 5118">
     <span class='ocr_line' id='line_1_97' title="bbox 199 5044 1780 5118; baseline 0.001 -20"><span class='ocrx_word' id='word_1_694' title='bbox 199 5045 392 5118; x_wconf 88' lang='grc' dir='ltr'>δρόμου</span> <span class='ocrx_word' id='word_1_695' title='bbox 420 5046 555 5118; x_wconf 83' lang='grc' dir='ltr'>ναῷ,</span> <span class='ocrx_word' id='word_1_696' title='bbox 587 5044 728 5102; x_wconf 83' lang='grc' dir='ltr'>κατὰ</span> <span class='ocrx_word' id='word_1_697' title='bbox 750 5048 853 5118; x_wconf 78' lang='grc' dir='ltr'>τὴν</span> <span class='ocrx_word' id='word_1_698' title='bbox 886 5046 1099 5099; x_wconf 80' lang='grc' dir='ltr'>ἐκείνου</span> <span class='ocrx_word' id='word_1_699' title='bbox 1126 5046 1491 5118; x_wconf 81' lang='grc' dir='ltr'>προφητείαν,</span> <span class='ocrx_word' id='word_1_700' title='bbox 1557 5047 1619 5101; x_wconf 82' lang='grc' dir='ltr'><strong>τὸ</strong></span> <span class='ocrx_word' id='word_1_701' title='bbox 1678 5044 1780 5117; x_wconf 77' lang='grc' dir='ltr'><strong>βά-</strong></span> 
     </span>
    </p>
   </div>
   <div class='ocr_carea' id='block_1_98' title="bbox 202 5138 1783 5211">
    <p class='ocr_par' dir='ltr' id='par_1_98' title="bbox 202 5138 1783 5211">
     <span class='ocr_line' id='line_1_98' title="bbox 202 5138 1783 5211; baseline 0.004 -19"><span class='ocrx_word' id='word_1_702' title='bbox 202 5155 407 5211; x_wconf 87' lang='grc' dir='ltr'>πτισμα</span> <span class='ocrx_word' id='word_1_703' title='bbox 452 5141 694 5211; x_wconf 82' lang='grc' dir='ltr'>δέχεται,</span> <span class='ocrx_word' id='word_1_704' title='bbox 727 5141 823 5195; x_wconf 76' lang='grc' dir='ltr'>καὶ</span> <span class='ocrx_word' id='word_1_705' title='bbox 857 5138 1086 5211; x_wconf 88' lang='grc' dir='ltr'>Συμεὼν</span> <span class='ocrx_word' id='word_1_706' title='bbox 1113 5139 1411 5210; x_wconf 73' lang='grc' dir='ltr'>ἐπικληθὲν</span> <span class='ocrx_word' id='word_1_707' title='bbox 1472 5139 1682 5195; x_wconf 80' lang='grc' dir='ltr'>ἄνεισιν</span> <span class='ocrx_word' id='word_1_708' title='bbox 1716 5144 1783 5198; x_wconf 83' lang='grc' dir='ltr'>ὲκ</span> 
     </span>
    </p>
   </div>
   <div class='ocr_carea' id='block_1_99' title="bbox 202 5227 1780 5306">
    <p class='ocr_par' dir='ltr' id='par_1_99' title="bbox 202 5227 1780 5306">
     <span class='ocr_line' id='line_1_99' title="bbox 202 5227 1780 5306; baseline 0.004 -25"><span class='ocrx_word' id='word_1_709' title='bbox 202 5227 291 5283; x_wconf 73' lang='grc' dir='ltr'>τοῦ</span> <span class='ocrx_word' id='word_1_710' title='bbox 321 5231 533 5296; x_wconf 77' lang='grc' dir='ltr'>ὓδατος.</span> <span class='ocrx_word' id='word_1_711' title='bbox 575 5232 791 5286; x_wconf 86' lang='grc' dir='ltr'>Γίνεται</span> <span class='ocrx_word' id='word_1_712' title='bbox 811 5233 869 5286; x_wconf 84' lang='grc' dir='ltr'><strong>δέ</strong></span> <span class='ocrx_word' id='word_1_713' title='bbox 893 5250 946 5285; x_wconf 86' lang='grc' dir='ltr'><strong>τι</strong></span> <span class='ocrx_word' id='word_1_714' title='bbox 971 5230 1159 5301; x_wconf 80' lang='grc' dir='ltr'>θαῦμα</span> <span class='ocrx_word' id='word_1_715' title='bbox 1189 5232 1320 5302; x_wconf 79' lang='grc' dir='ltr'>περὶ</span> <span class='ocrx_word' id='word_1_716' title='bbox 1345 5232 1480 5285; x_wconf 77' lang='grc' dir='ltr'>αὐτὸ</span> <span class='ocrx_word' id='word_1_717' title='bbox 1511 5232 1606 5287; x_wconf 81' lang='grc' dir='ltr'>τοῦ</span> <span class='ocrx_word' id='word_1_718' title='bbox 1643 5251 1780 5306; x_wconf 89' lang='grc' dir='ltr'>προ-</span> 
     </span>
    </p>
   </div>
   <div class='ocr_carea' id='block_1_100' title="bbox 203 5322 1786 5397">
    <p class='ocr_par' dir='ltr' id='par_1_100' title="bbox 203 5322 1786 5397">
     <span class='ocr_line' id='line_1_100' title="bbox 203 5322 1786 5397; baseline 0.006 -24"><span class='ocrx_word' id='word_1_719' title='bbox 203 5322 355 5394; x_wconf 81' lang='grc' dir='ltr'>τέρου</span> <span class='ocrx_word' id='word_1_720' title='bbox 405 5323 860 5397; x_wconf 77' lang='grc' dir='ltr'>παραδοξότερον.</span> <span class='ocrx_word' id='word_1_721' title='bbox 936 5323 1162 5397; x_wconf 77' lang='grc' dir='ltr'>Γλώττῃ</span> <span class='ocrx_word' id='word_1_722' title='bbox 1199 5325 1307 5395; x_wconf 84' lang='grc' dir='ltr'>γὰρ</span> <span class='ocrx_word' id='word_1_723' title='bbox 1371 5326 1534 5390; x_wconf 72' lang='grc' dir='ltr'>εὐθὺς</span> <span class='ocrx_word' id='word_1_724' title='bbox 1582 5326 1786 5397; x_wconf 71' lang='grc' dir='ltr'>ἤρξατο</span> 
     </span>
    </p>
   </div>
   <div class='ocr_carea' id='block_1_101' title="bbox 201 5416 1787 5491">
    <p class='ocr_par' dir='ltr' id='par_1_101' title="bbox 201 5416 1787 5491">
     <span class='ocr_line' id='line_1_101' title="bbox 201 5416 1787 5491; baseline -0.001 -22"><span class='ocrx_word' id='word_1_725' title='bbox 201 5420 368 5488; x_wconf 86' lang='grc' dir='ltr'>τρανῇ</span> <span class='ocrx_word' id='word_1_726' title='bbox 400 5418 602 5485; x_wconf 85' lang='grc' dir='ltr'>λέγειν,</span> <span class='ocrx_word' id='word_1_727' title='bbox 629 5418 657 5472; x_wconf 83' lang='grc' dir='ltr'><strong>ὃ</strong></span> <span class='ocrx_word' id='word_1_728' title='bbox 709 5418 802 5471; x_wconf 80' lang='grc' dir='ltr'><strong>καὶ</strong></span> <span class='ocrx_word' id='word_1_729' title='bbox 836 5417 913 5487; x_wconf 83' lang='grc' dir='ltr'><strong>τῷ</strong></span> <span class='ocrx_word' id='word_1_730' title='bbox 950 5416 1231 5487; x_wconf 81' lang='grc' dir='ltr'>Βαπτιστῇ</span> <span class='ocrx_word' id='word_1_731' title='bbox 1294 5416 1496 5490; x_wconf 82' lang='grc' dir='ltr'>δηλαδὴ</span> <span class='ocrx_word' id='word_1_732' title='bbox 1550 5419 1787 5491; x_wconf 83' lang='grc' dir='ltr'>προηγό.</span> 
     </span>
    </p>
   </div>
   <div class='ocr_carea' id='block_1_102' title="bbox 211 5509 1786 5582">
    <p class='ocr_par' dir='ltr' id='par_1_102' title="bbox 211 5509 1786 5582">
     <span class='ocr_line' id='line_1_102' title="bbox 211 5509 1786 5582; baseline 0.001 -20"><span class='ocrx_word' id='word_1_733' title='bbox 211 5524 383 5578; x_wconf 84' lang='grc' dir='ltr'>ρευτο·</span> <span class='ocrx_word' id='word_1_734' title='bbox 415 5511 566 5582; x_wconf 68' lang='lat' dir='ltr'><strong>&quot;Exin</strong></span> <span class='ocrx_word' id='word_1_735' title='bbox 628 5510 841 5582; x_wconf 82' lang='grc' dir='ltr'>πατέρα</span> <span class='ocrx_word' id='word_1_736' title='bbox 887 5509 984 5563; x_wconf 69' lang='grc' dir='ltr'><strong>καὶ</strong></span> <span class='ocrx_word' id='word_1_737' title='bbox 1012 5509 1111 5563; x_wconf 87' lang='grc' dir='ltr'><strong>οὐκ</strong></span> <span class='ocrx_word' id='word_1_738' title='bbox 1140 5510 1269 5580; x_wconf 76' lang='grc' dir='ltr'>ἔχω,</span> <span class='ocrx_word' id='word_1_739' title='bbox 1301 5510 1412 5580; x_wconf 76' lang='grc' dir='ltr'>ἔχω</span> <span class='ocrx_word' id='word_1_740' title='bbox 1446 5510 1659 5582; x_wconf 80' lang='grc' dir='ltr'>μητέρα</span> <span class='ocrx_word' id='word_1_741' title='bbox 1692 5513 1786 5565; x_wconf 74' lang='grc' dir='ltr'>καὶ</span> 
     </span>
    </p>
   </div>
   <div class='ocr_carea' id='block_1_103' title="bbox 207 5601 1786 5674">
    <p class='ocr_par' dir='ltr' id='par_1_103' title="bbox 207 5601 1786 5674">
     <span class='ocr_line' id='line_1_103' title="bbox 207 5601 1786 5674; baseline 0.001 -22"><span class='ocrx_word' id='word_1_742' title='bbox 207 5601 303 5655; x_wconf 81' lang='grc' dir='ltr'><strong>οὐκ</strong></span> <span class='ocrx_word' id='word_1_743' title='bbox 331 5602 440 5673; x_wconf 77' lang='grc' dir='ltr'>ἔχω</span> <span class='ocrx_word' id='word_1_744' title='bbox 465 5620 476 5633; x_wconf 76' lang='grc'><strong><em>⁸</em></strong></span> <span class='ocrx_word' id='word_1_745' title='bbox 502 5603 662 5656; x_wconf 80' lang='grc' dir='ltr'>τοῦτο</span> <span class='ocrx_word' id='word_1_746' title='bbox 715 5602 773 5656; x_wconf 83' lang='grc' dir='ltr'>δὲ</span> <span class='ocrx_word' id='word_1_747' title='bbox 838 5602 933 5656; x_wconf 72' lang='grc' dir='ltr'>καὶ</span> <span class='ocrx_word' id='word_1_748' title='bbox 967 5604 1023 5666; x_wconf 79' lang='grc' dir='ltr'>ἐς</span> <span class='ocrx_word' id='word_1_749' title='bbox 1065 5601 1299 5673; x_wconf 74' lang='grc' dir='ltr'>ἑϐδόμην</span> <span class='ocrx_word' id='word_1_750' title='bbox 1347 5601 1581 5672; x_wconf 76' lang='grc' dir='ltr'>ἐπέμενε</span> <span class='ocrx_word' id='word_1_751' title='bbox 1628 5606 1786 5674; x_wconf 75' lang='grc' dir='ltr'>λέγον</span> 
     </span>
    </p>
   </div>
   <div class='ocr_carea' id='block_1_104' title="bbox 208 5692 1788 5767">
    <p class='ocr_par' dir='ltr' id='par_1_104' title="bbox 208 5692 1788 5767">
     <span class='ocr_line' id='line_1_104' title="bbox 208 5692 1788 5767; baseline 0 -22"><span class='ocrx_word' id='word_1_752' title='bbox 208 5692 440 5763; x_wconf 75' lang='grc' dir='ltr'>ἡμέραν,</span> <span class='ocrx_word' id='word_1_753' title='bbox 476 5697 739 5766; x_wconf 80' lang='grc' dir='ltr'>σημαῖνον</span> <span class='ocrx_word' id='word_1_754' title='bbox 796 5694 1046 5748; x_wconf 75' lang='grc' dir='ltr'>ἐντεῦθεν</span> <span class='ocrx_word' id='word_1_755' title='bbox 1084 5695 1184 5767; x_wconf 77' lang='grc' dir='ltr'>τὴν</span> <span class='ocrx_word' id='word_1_756' title='bbox 1236 5693 1445 5746; x_wconf 80' lang='grc' dir='ltr'>οἰκείαν</span> <span class='ocrx_word' id='word_1_757' title='bbox 1512 5692 1619 5745; x_wconf 77' lang='grc' dir='ltr'>τῶν</span> <span class='ocrx_word' id='word_1_758' title='bbox 1668 5692 1788 5761; x_wconf 80' lang='grc' dir='ltr'>γηΐ-</span> 
     </span>
    </p>
   </div>
   <div class='ocr_carea' id='block_1_105' title="bbox 210 5784 1791 5860">
    <p class='ocr_par' dir='ltr' id='par_1_105' title="bbox 210 5784 1791 5860">
     <span class='ocr_line' id='line_1_105' title="bbox 210 5784 1791 5860; baseline 0.001 -24"><span class='ocrx_word' id='word_1_759' title='bbox 210 5801 311 5839; x_wconf 90' lang='grc' dir='ltr'><strong>νων</strong></span> <span class='ocrx_word' id='word_1_760' title='bbox 365 5787 592 5858; x_wconf 76' lang='grc' dir='ltr'>ἆρνησίν</span> <span class='ocrx_word' id='word_1_761' title='bbox 651 5804 706 5842; x_wconf 81' lang='grc' dir='ltr'><strong>τε</strong></span> <span class='ocrx_word' id='word_1_762' title='bbox 767 5790 857 5843; x_wconf 72' lang='grc' dir='ltr'>καὶ</span> <span class='ocrx_word' id='word_1_763' title='bbox 909 5788 1281 5860; x_wconf 74' lang='grc' dir='ltr'>ἀναχώρησιν,</span> <span class='ocrx_word' id='word_1_764' title='bbox 1338 5789 1431 5840; x_wconf 65' lang='grc' dir='ltr'><strong>καὶ</strong></span> <span class='ocrx_word' id='word_1_765' title='bbox 1492 5784 1589 5855; x_wconf 75' lang='grc' dir='ltr'><strong>τὴν</strong></span> <span class='ocrx_word' id='word_1_766' title='bbox 1654 5785 1791 5853; x_wconf 75' lang='grc' dir='ltr'>πρὸς</span> 
     </span>
    </p>
   </div>
   <div class='ocr_carea' id='block_1_106' title="bbox 211 5874 1787 5950">
    <p class='ocr_par' dir='ltr' id='par_1_106' title="bbox 211 5874 1787 5950">
     <span class='ocr_line' id='line_1_106' title="bbox 211 5874 1787 5950; baseline -0.001 -20"><span class='ocrx_word' id='word_1_767' title='bbox 211 5874 273 5928; x_wconf 78' lang='grc' dir='ltr'>τὰ</span> <span class='ocrx_word' id='word_1_768' title='bbox 317 5878 543 5950; x_wconf 76' lang='grc' dir='ltr'>οὐράνια</span> <span class='ocrx_word' id='word_1_769' title='bbox 612 5881 813 5950; x_wconf 82' lang='grc' dir='ltr'>μᾶλλον</span> <span class='ocrx_word' id='word_1_770' title='bbox 853 5883 1127 5935; x_wconf 79' lang='grc' dir='ltr'>οίκεὶωσιν</span> <span class='ocrx_word' id='word_1_771' title='bbox 1170 5881 1336 5933; x_wconf 72' lang='grc' dir='ltr'>αὐτοῦ</span> <span class='ocrx_word' id='word_1_772' title='bbox 1375 5880 1465 5932; x_wconf 67' lang='grc' dir='ltr'><strong>καὶ</strong></span> <span class='ocrx_word' id='word_1_773' title='bbox 1502 5877 1787 5932; x_wconf 70' lang='grc' dir='ltr'>ἀνάϐασιν.</span> 
     </span>
    </p>
   </div>
   <div class='ocr_carea' id='block_1_107' title="bbox 223 5965 1792 6044">
    <p class='ocr_par' dir='ltr' id='par_1_107' title="bbox 223 5965 1792 6044">
     <span class='ocr_line' id='line_1_107' title="bbox 223 5965 1792 6044; baseline 0.002 -24"><span class='ocrx_word' id='word_1_774' title='bbox 223 5965 306 6036; x_wconf 75' lang='grc' dir='ltr'><strong>Ἓξ</strong></span> <span class='ocrx_word' id='word_1_775' title='bbox 336 5970 541 6026; x_wconf 71' lang='grc' dir='ltr'>ἐκείνου</span> <span class='ocrx_word' id='word_1_776' title='bbox 570 5974 745 6028; x_wconf 64' lang='grc' dir='ltr'>τοίνυν</span> <span class='ocrx_word' id='word_1_777' title='bbox 774 5974 964 6037; x_wconf 68' lang='grc' dir='ltr'>ὁσάκις</span> <span class='ocrx_word' id='word_1_778' title='bbox 1003 5976 1033 6044; x_wconf 73' lang='grc' dir='ltr'>ἡ</span> <span class='ocrx_word' id='word_1_779' title='bbox 1091 5973 1268 6044; x_wconf 66' lang='grc' dir='ltr'>μήτηρ</span> <span class='ocrx_word' id='word_1_780' title='bbox 1318 5971 1492 6044; x_wconf 54' lang='grc' dir='ltr'>κρεῶν</span> <span class='ocrx_word' id='word_1_781' title='bbox 1557 5968 1792 6034; x_wconf 69' lang='grc' dir='ltr'>μεταὶάσ</span> 
     </span>
    </p>
   </div>
   <div class='ocr_carea' id='block_1_108' title="bbox 1966 4926 3482 5006">
    <p class='ocr_par' dir='ltr' id='par_1_108' title="bbox 1966 4926 3482 5006">
     <span class='ocr_line' id='line_1_108' title="bbox 1966 4926 3482 5006; baseline -0.014 -10"><span class='ocrx_word' id='word_1_782' title='bbox 1966 4939 2018 4996; x_wconf 85' lang='grc'><strong>9.</strong></span> <span class='ocrx_word' id='word_1_783' title='bbox 2051 4937 2322 4995; x_wconf 78' lang='lat' dir='ltr'><strong>Cacterum</strong></span> <span class='ocrx_word' id='word_1_784' title='bbox 2365 4944 2555 5006; x_wconf 89' lang='lat' dir='ltr'><strong>postea</strong></span> <span class='ocrx_word' id='word_1_785' title='bbox 2586 4949 2750 5005; x_wconf 89' lang='lat' dir='ltr'><strong>quam</strong></span> <span class='ocrx_word' id='word_1_786' title='bbox 2780 4929 3063 4989; x_wconf 78' lang='lat' dir='ltr'><strong>biennium</strong></span> <span class='ocrx_word' id='word_1_787' title='bbox 3108 4926 3482 4994; x_wconf 79' lang='lat' dir='ltr'><strong>compleverat</strong></span> 
     </span>
    </p>
   </div>
   <div class='ocr_carea' id='block_1_109' title="bbox 1886 5015 3511 5108">
    <p class='ocr_par' dir='ltr' id='par_1_109' title="bbox 1886 5015 3511 5108">
     <span class='ocr_line' id='line_1_109' title="bbox 1886 5015 3511 5108; baseline -0.015 -17"><span class='ocrx_word' id='word_1_788' title='bbox 1886 5048 2045 5108; x_wconf 78' lang='lat' dir='ltr'><strong>puer,</strong></span> <span class='ocrx_word' id='word_1_789' title='bbox 2064 5034 2118 5089; x_wconf 91' lang='lat' dir='ltr'><strong>in</strong></span> <span class='ocrx_word' id='word_1_790' title='bbox 2138 5033 2250 5088; x_wconf 85' lang='lat' dir='ltr'><strong>divi</strong></span> <span class='ocrx_word' id='word_1_791' title='bbox 2274 5022 2964 5090; x_wconf 66' lang='lat' dir='ltr'><strong>Prmcursorismde,veluti</strong></span> <span class='ocrx_word' id='word_1_792' title='bbox 2984 5018 3256 5108; x_wconf 86' lang='lat' dir='ltr'><strong>abcodem</strong></span> <span class='ocrx_word' id='word_1_793' title='bbox 3272 5015 3479 5108; x_wconf 86' lang='lat' dir='ltr'><strong>dictum</strong></span> <span class='ocrx_word' id='word_1_794' title='bbox 3509 5090 3511 5108; x_wconf 13' lang='grc' dir='ltr'><em>ἓ</em></span> 
     </span>
    </p>
   </div>
   <div class='ocr_carea' id='block_1_110' title="bbox 1887 5106 3483 5192">
    <p class='ocr_par' dir='ltr' id='par_1_110' title="bbox 1887 5106 3483 5192">
     <span class='ocr_line' id='line_1_110' title="bbox 1887 5106 3483 5192; baseline -0.016 -8"><span class='ocrx_word' id='word_1_795' title='bbox 1887 5106 2030 5192; x_wconf 73' lang='lat' dir='ltr'><strong>erat,</strong></span> <span class='ocrx_word' id='word_1_796' title='bbox 2053 5139 2214 5182; x_wconf 85' lang='lat' dir='ltr'><strong>sacro</strong></span> <span class='ocrx_word' id='word_1_797' title='bbox 2245 5120 2593 5192; x_wconf 79' lang='lat' dir='ltr'><strong>baptismatis</strong></span> <span class='ocrx_word' id='word_1_798' title='bbox 2619 5117 2863 5173; x_wconf 87' lang='lat' dir='ltr'><strong>abluitur</strong></span> <span class='ocrx_word' id='word_1_799' title='bbox 2891 5114 3060 5175; x_wconf 76' lang='lat' dir='ltr'><strong>fonte,</strong></span> <span class='ocrx_word' id='word_1_800' title='bbox 3097 5125 3161 5165; x_wconf 88' lang='lat' dir='ltr'><strong>ac</strong></span> <span class='ocrx_word' id='word_1_801' title='bbox 3192 5106 3483 5181; x_wconf 83' lang='lat' dir='ltr'><strong>Symconis</strong></span> 
     </span>
    </p>
   </div>
   <div class='ocr_carea' id='block_1_111' title="bbox 1889 5202 3513 5284">
    <p class='ocr_par' dir='ltr' id='par_1_111' title="bbox 1889 5202 3513 5284">
     <span class='ocr_line' id='line_1_111' title="bbox 1889 5202 3513 5284; baseline -0.014 -12"><span class='ocrx_word' id='word_1_802' title='bbox 1889 5216 2112 5272; x_wconf 85' lang='lat' dir='ltr'><strong>nomine</strong></span> <span class='ocrx_word' id='word_1_803' title='bbox 2132 5212 2432 5284; x_wconf 74' lang='lat' dir='ltr'><strong>insignitus</strong></span> <span class='ocrx_word' id='word_1_804' title='bbox 2451 5211 2575 5265; x_wconf 88' lang='lat' dir='ltr'><strong>inde</strong></span> <span class='ocrx_word' id='word_1_805' title='bbox 2592 5202 3069 5275; x_wconf 74' lang='lat' dir='ltr'><strong>cmergit.Accidit</strong></span> <span class='ocrx_word' id='word_1_806' title='bbox 3087 5203 3192 5256; x_wconf 89' lang='lat' dir='ltr'><strong>hoc</strong></span> <span class='ocrx_word' id='word_1_807' title='bbox 3212 5202 3331 5270; x_wconf 91' lang='lat' dir='ltr'><strong>ipso</strong></span> <span class='ocrx_word' id='word_1_808' title='bbox 3345 5207 3483 5252; x_wconf 83' lang='lat' dir='ltr'><strong>tem-</strong></span> <span class='ocrx_word' id='word_1_809' title='bbox 3508 5202 3513 5280; x_wconf 61' lang='grc' dir='ltr'>ξ</span> 
     </span>
    </p>
   </div>
   <div class='ocr_carea' id='block_1_112' title="bbox 1891 5286 3514 5378">
    <p class='ocr_par' dir='ltr' id='par_1_112' title="bbox 1891 5286 3514 5378">
     <span class='ocr_line' id='line_1_112' title="bbox 1891 5286 3514 5378; baseline -0.012 -17"><span class='ocrx_word' id='word_1_810' title='bbox 1891 5323 2026 5378; x_wconf 85' lang='lat' dir='ltr'><strong>pore</strong></span> <span class='ocrx_word' id='word_1_811' title='bbox 2041 5305 2352 5377; x_wconf 77' lang='lat' dir='ltr'><strong>prodigium</strong></span> <span class='ocrx_word' id='word_1_812' title='bbox 2369 5302 2643 5374; x_wconf 87' lang='lat' dir='ltr'><strong>quoddam</strong></span> <span class='ocrx_word' id='word_1_813' title='bbox 2664 5298 3047 5356; x_wconf 87' lang='lat' dir='ltr'><strong>admirabilius</strong></span> <span class='ocrx_word' id='word_1_814' title='bbox 3068 5295 3268 5365; x_wconf 80' lang='lat' dir='ltr'><strong>priore.</strong></span> <span class='ocrx_word' id='word_1_815' title='bbox 3291 5289 3484 5345; x_wconf 88' lang='lat' dir='ltr'><strong>Couti-</strong></span> <span class='ocrx_word' id='word_1_816' title='bbox 3510 5286 3514 5309; x_wconf 69' lang='lat'><strong>‘</strong></span> 
     </span>
    </p>
   </div>
   <div class='ocr_carea' id='block_1_113' title="bbox 1891 5392 3487 5468">
    <p class='ocr_par' dir='ltr' id='par_1_113' title="bbox 1891 5392 3487 5468">
     <span class='ocr_line' id='line_1_113' title="bbox 1891 5392 3487 5468; baseline -0.013 -13"><span class='ocrx_word' id='word_1_817' title='bbox 1891 5414 2002 5456; x_wconf 88' lang='lat' dir='ltr'><strong>nuo</strong></span> <span class='ocrx_word' id='word_1_818' title='bbox 2027 5412 2262 5468; x_wconf 87' lang='lat' dir='ltr'><strong>namque</strong></span> <span class='ocrx_word' id='word_1_819' title='bbox 2282 5397 2433 5451; x_wconf 88' lang='lat' dir='ltr'><strong>clara</strong></span> <span class='ocrx_word' id='word_1_820' title='bbox 2452 5410 2583 5450; x_wconf 87' lang='lat' dir='ltr'><strong>voce</strong></span> <span class='ocrx_word' id='word_1_821' title='bbox 2597 5393 2764 5464; x_wconf 85' lang='lat' dir='ltr'><strong>(quod</strong></span> <span class='ocrx_word' id='word_1_822' title='bbox 2787 5393 2965 5462; x_wconf 88' lang='lat' dir='ltr'><strong>ipsum</strong></span> <span class='ocrx_word' id='word_1_823' title='bbox 3012 5402 3233 5459; x_wconf 85' lang='lat' dir='ltr'><strong>quoque</strong></span> <span class='ocrx_word' id='word_1_824' title='bbox 3257 5392 3487 5441; x_wconf 89' lang='lat' dir='ltr'><strong>sanctus</strong></span> 
     </span>
    </p>
   </div>
   <div class='ocr_carea' id='block_1_114' title="bbox 1891 5472 3485 5559">
    <p class='ocr_par' dir='ltr' id='par_1_114' title="bbox 1891 5472 3485 5559">
     <span class='ocr_line' id='line_1_114' title="bbox 1891 5472 3485 5559; baseline -0.013 -14"><span class='ocrx_word' id='word_1_825' title='bbox 1891 5488 2130 5545; x_wconf 79' lang='lat' dir='ltr'><strong>Joannes</strong></span> <span class='ocrx_word' id='word_1_826' title='bbox 2163 5485 2549 5559; x_wconf 73' lang='lat' dir='ltr'><strong>prmdixerat),</strong></span> <span class='ocrx_word' id='word_1_827' title='bbox 2586 5483 2837 5555; x_wconf 85' lang='lat' dir='ltr'><strong>proloqui</strong></span> <span class='ocrx_word' id='word_1_828' title='bbox 2877 5479 3205 5549; x_wconf 81' lang='lat' dir='ltr'><strong>incipiebat:</strong></span> <span class='ocrx_word' id='word_1_829' title='bbox 3233 5474 3329 5530; x_wconf 84' lang='lat' dir='ltr'><strong>Est</strong></span> <span class='ocrx_word' id='word_1_830' title='bbox 3351 5472 3485 5527; x_wconf 84' lang='lat' dir='ltr'><strong>mihi</strong></span> 
     </span>
    </p>
   </div>
   <div class='ocr_carea' id='block_1_115' title="bbox 1892 5567 3489 5652">
    <p class='ocr_par' dir='ltr' id='par_1_115' title="bbox 1892 5567 3489 5652">
     <span class='ocr_line' id='line_1_115' title="bbox 1892 5567 3489 5652; baseline -0.011 -17"><span class='ocrx_word' id='word_1_831' title='bbox 1892 5588 2129 5652; x_wconf 89' lang='lat' dir='ltr'><strong>pater,ct</strong></span> <span class='ocrx_word' id='word_1_832' title='bbox 2149 5596 2255 5635; x_wconf 83' lang='lat' dir='ltr'><strong>non</strong></span> <span class='ocrx_word' id='word_1_833' title='bbox 2276 5588 2359 5635; x_wconf 90' lang='lat' dir='ltr'><strong>est</strong></span> <span class='ocrx_word' id='word_1_834' title='bbox 2377 5596 2389 5633; x_wconf 84' lang='lat'><strong>:</strong></span> <span class='ocrx_word' id='word_1_835' title='bbox 2413 5586 2498 5635; x_wconf 85' lang='lat' dir='ltr'><strong>est</strong></span> <span class='ocrx_word' id='word_1_836' title='bbox 2520 5577 2651 5633; x_wconf 89' lang='lat' dir='ltr'><strong>mihi</strong></span> <span class='ocrx_word' id='word_1_837' title='bbox 2676 5582 2931 5641; x_wconf 87' lang='lat' dir='ltr'><strong>matcr,et</strong></span> <span class='ocrx_word' id='word_1_838' title='bbox 2950 5588 3057 5628; x_wconf 85' lang='lat' dir='ltr'><strong>non</strong></span> <span class='ocrx_word' id='word_1_839' title='bbox 3078 5580 3162 5627; x_wconf 87' lang='lat' dir='ltr'><strong>cst</strong></span> <span class='ocrx_word' id='word_1_840' title='bbox 3180 5587 3194 5636; x_wconf 91' lang='lat'><strong>;</strong></span> <span class='ocrx_word' id='word_1_841' title='bbox 3211 5567 3489 5625; x_wconf 87' lang='lat' dir='ltr'><strong>eumdem-</strong></span> 
     </span>
    </p>
   </div>
   <div class='ocr_carea' id='block_1_116' title="bbox 1894 5666 3487 5745">
    <p class='ocr_par' dir='ltr' id='par_1_116' title="bbox 1894 5666 3487 5745">
     <span class='ocr_line' id='line_1_116' title="bbox 1894 5666 3487 5745; baseline -0.011 -17"><span class='ocrx_word' id='word_1_842' title='bbox 1894 5688 2002 5745; x_wconf 87' lang='lat' dir='ltr'><strong>que</strong></span> <span class='ocrx_word' id='word_1_843' title='bbox 2024 5672 2078 5727; x_wconf 89' lang='lat' dir='ltr'><strong>in</strong></span> <span class='ocrx_word' id='word_1_844' title='bbox 2103 5674 2392 5743; x_wconf 83' lang='lat' dir='ltr'><strong>septimam</strong></span> <span class='ocrx_word' id='word_1_845' title='bbox 2414 5687 2589 5742; x_wconf 89' lang='lat' dir='ltr'><strong>usque</strong></span> <span class='ocrx_word' id='word_1_846' title='bbox 2605 5669 2748 5726; x_wconf 90' lang='lat' dir='ltr'><strong>diem</strong></span> <span class='ocrx_word' id='word_1_847' title='bbox 2765 5666 3125 5725; x_wconf 82' lang='lat' dir='ltr'><strong>continuabat</strong></span> <span class='ocrx_word' id='word_1_848' title='bbox 3153 5674 3487 5725; x_wconf 83' lang='lat' dir='ltr'><strong>sermonem,</strong></span> 
     </span>
    </p>
   </div>
   <div class='ocr_carea' id='block_1_117' title="bbox 1896 5754 3490 5838">
    <p class='ocr_par' dir='ltr' id='par_1_117' title="bbox 1896 5754 3490 5838">
     <span class='ocr_line' id='line_1_117' title="bbox 1896 5754 3490 5838; baseline -0.014 -13"><span class='ocrx_word' id='word_1_849' title='bbox 1896 5766 2237 5838; x_wconf 78' lang='lat' dir='ltr'><strong>signiﬁcans,</strong></span> <span class='ocrx_word' id='word_1_850' title='bbox 2283 5781 2343 5823; x_wconf 90' lang='lat' dir='ltr'><strong>se</strong></span> <span class='ocrx_word' id='word_1_851' title='bbox 2365 5766 2489 5822; x_wconf 91' lang='lat' dir='ltr'><strong>dein</strong></span> <span class='ocrx_word' id='word_1_852' title='bbox 2511 5764 2680 5820; x_wconf 84' lang='lat' dir='ltr'><strong>rebus</strong></span> <span class='ocrx_word' id='word_1_853' title='bbox 2702 5759 2938 5819; x_wconf 83' lang='lat' dir='ltr'><strong>terrenis</strong></span> <span class='ocrx_word' id='word_1_854' title='bbox 2962 5757 3155 5813; x_wconf 88' lang='lat' dir='ltr'><strong>nuntio</strong></span> <span class='ocrx_word' id='word_1_855' title='bbox 3179 5754 3432 5818; x_wconf 81' lang='lat' dir='ltr'><strong>remisso,</strong></span> <span class='ocrx_word' id='word_1_856' title='bbox 3462 5766 3490 5802; x_wconf 85' lang='lat' dir='ltr'><strong>a</strong></span> 
     </span>
    </p>
   </div>
   <div class='ocr_carea' id='block_1_118' title="bbox 1896 5847 3491 5932">
    <p class='ocr_par' dir='ltr' id='par_1_118' title="bbox 1896 5847 3491 5932">
     <span class='ocr_line' id='line_1_118' title="bbox 1896 5847 3491 5932; baseline -0.01 -14"><span class='ocrx_word' id='word_1_857' title='bbox 1896 5862 2125 5932; x_wconf 71' lang='lat' dir='ltr'><strong>strepitu</strong></span> <span class='ocrx_word' id='word_1_858' title='bbox 2168 5862 2351 5932; x_wconf 89' lang='lat' dir='ltr'><strong>populi</strong></span> <span class='ocrx_word' id='word_1_859' title='bbox 2395 5874 2750 5915; x_wconf 80' lang='lat' dir='ltr'><strong>recessurum</strong></span> <span class='ocrx_word' id='word_1_860' title='bbox 2776 5898 2789 5921; x_wconf 90' lang='lat'><strong>,</strong></span> <span class='ocrx_word' id='word_1_861' title='bbox 2828 5853 3261 5921; x_wconf 72' lang='lat' dir='ltr'><strong>cmlestibusque</strong></span> <span class='ocrx_word' id='word_1_862' title='bbox 3292 5847 3491 5902; x_wconf 82' lang='lat' dir='ltr'><strong>melius</strong></span> 
     </span>
    </p>
   </div>
   <div class='ocr_carea' id='block_1_119' title="bbox 1896 5940 3490 6019">
    <p class='ocr_par' dir='ltr' id='par_1_119' title="bbox 1896 5940 3490 6019">
     <span class='ocr_line' id='line_1_119' title="bbox 1896 5940 3490 6019; baseline -0.015 -9"><span class='ocrx_word' id='word_1_863' title='bbox 1896 5956 2205 6019; x_wconf 71' lang='lat' dir='ltr'><strong>intentum,</strong></span> <span class='ocrx_word' id='word_1_864' title='bbox 2253 5969 2315 6009; x_wconf 85' lang='lat' dir='ltr'><strong>eo</strong></span> <span class='ocrx_word' id='word_1_865' title='bbox 2363 5961 2474 6007; x_wconf 83' lang='lat' dir='ltr'><strong>tota</strong></span> <span class='ocrx_word' id='word_1_866' title='bbox 2513 5958 2693 6007; x_wconf 79' lang='lat' dir='ltr'><strong>tncntc</strong></span> <span class='ocrx_word' id='word_1_867' title='bbox 2727 5962 3106 6005; x_wconf 71' lang='lat' dir='ltr'><strong>asoensurum.</strong></span> <span class='ocrx_word' id='word_1_868' title='bbox 3146 5940 3396 5995; x_wconf 63' lang='lat' dir='ltr'><strong>Prufccto</strong></span> <span class='ocrx_word' id='word_1_869' title='bbox 3425 5952 3490 5991; x_wconf 71' lang='lat' dir='ltr'><strong>eo</strong></span> 
     </span>
    </p>
   </div>
  </div>
