3898 6454
419 494 562 560 2995

1583 510 1644 571 S.
1681 506 2060 571 SYMEONIS
2096 504 2460 567 JUNlORlS

411 608 510 662 illo
540 616 807 676 tempore.
861 611 1078 677 quoties
1103 619 1278 665 mater
1312 626 1531 667 carnem
1583 614 1985 689 plaudnt-asset,

2119 614 2210 679 50:,
2250 614 2381 683 παρ’
2406 612 2536 678 ὅλην
2584 609 2643 661 τὸ
2699 607 2908 660 παιδίον
2956 606 3170 684 ἐκείνην
3220 604 3498 674 ἀπείχετο

410 708 529 759 toto
585 701 682 757 illo
733 700 824 755 die
886 701 1151 786 uberibus
1209 702 1524 759 abstinebat
1588 721 1777 775 puer:
1835 707 1985 787 quod

407 806 535 848 eum
575 791 775 861 saepius
832 790 1036 847 factum
1084 800 1254 857 esset,
1306 809 1636 864 persuasum
1686 798 1850 859 matri
1881 808 1986 865 est,

308 914 311 917 -
407 881 591 954 carnis
615 897 712 936 esu
751 883 978 937 omnino
1002 883 1107 940 sibi
1137 884 1217 939 uti
1254 885 1634 942 interdiceret.
1681 888 1819 943 Cum
1851 904 1986 945 vero

404 987 472 1030 eo
489 972 601 1042 jam
631 983 983 1042 pervenerat,
1008 982 1070 1029 ut
1100 974 1225 1029 aliis
1243 990 1465 1045 quoque
1490 976 1632 1033 eibis
1666 978 1813 1033 vesci
1860 994 1985 1049 pos-

403 1070 508 1126 set,
541 1076 742 1131 panem
773 1062 853 1116 illi
885 1063 1048 1118 melle
1096 1064 1318 1132 illitum,
1343 1073 1400 1120 et
1445 1081 1548 1136 pro
1600 1077 1733 1136 potu
1780 1082 1980 1138 aquam

400 1153 721 1224 porrigebat
740 1163 939 1211 mater.
974 1154 1032 1210 Si
1054 1155 1276 1226 quando
1302 1166 1486 1212 autem
1517 1157 1585 1212 ad
1624 1158 1831 1215 balnea
1879 1160 1979 1214 ad-

408 1247 615 1305 ducere
633 1245 812 1317 ipsum
837 1246 1136 1313 niteretur,
1177 1256 1287 1302 tam
1322 1262 1468 1319 aegre
1493 1248 1827 1318 patiebatur,
1865 1258 1985 1305 tan-

403 1349 634 1407 tamque
666 1352 781 1409 prae
803 1353 863 1394 se
887 1338 1103 1394 ferebat
1131 1332 1596 1411 indignationem,
1639 1348 1702 1395 ut
1738 1341 1986 1397 reniten-

312 1418 327 1456 δ
403 1438 514 1491 tem
566 1430 836 1489 continuo
892 1446 998 1485 vox
1040 1430 1338 1487 deﬁceret:
1400 1445 1513 1501 quo
1574 1431 1980 1509 animadverso,

400 1529 580 1581 mater
598 1520 737 1579 illud
765 1536 987 1593 quoque
1018 1522 1072 1577 in
1097 1531 1381 1592 posterum
1412 1530 1625 1579 tentare
1648 1520 1885 1597 destitit.

2062 692 2068 699 ’
2102 705 2201 776 τὴν
2231 703 2446 774 ἡμέραν
2467 718 2479 732 ·
2522 700 2550 752 ὃ
2582 699 2647 770 δὴ
2671 696 2933 769 πολλάκις
2969 695 3215 777 γεγονρς,
3250 694 3442 769 πείθει
3473 710 3498 744 τ

2101 795 2239 865 τέρα
2296 794 2646 871 παντάπασιν
2692 789 3027 865 ᾀποσχέσθαι
3071 785 3469 871 κρεωφαγίας.

2104 885 2228 938 σθαι
2265 884 2324 948 δὲ
2350 866 2469 955 ’ήδη
2522 883 2616 937 καὶ
2659 886 2867 959 τροφῆς
2910 866 3215 962 δυναμένῳ,
3246 866 3429 957 ἄρτον
3452 877 3490 947 ἡ
3523 931 3539 951 η

2105 975 2286 1046 μέλιτι
2321 976 2573 1046 χρίουσα,
2611 975 2705 1049 καὶ
2729 970 2873 1045 ὕδωρ
2906 973 3056 1045 αὐτῷ
3087 971 3256 1028 ποτὸν
3282 969 3528 1044 ὤρεγεν.
3567 967 3631 1023 El
3655 974 3715 1021 ea.

2101 1064 2199 1119 καὶ
2227 1064 2442 1138 λουτρῷ
2464 1065 2624 1121 τοῦτο
2653 1067 3029 1143 προσαγαγεῖν
3059 1063 3385 1135 πειραθείη,
3409 1058 3567 1133 obsto
3607 1060 3718 1129 δει-

2099 1160 2167 1213 νὰ
2200 1159 2399 1239 ἐποίει,
2424 1160 2517 1215 καὶ
2567 1154 2915 1230 αγανακτοῦν
2960 1157 3233 1227 ἐφαίνετο,
3261 1154 3343 1218 ὡς
3395 1153 3498 1221 καὶ
3540 1150 3717 1222 αὐτὴν

2099 1250 2264 1317 εὐθὺς
2318 1251 2452 1305 αὐτὸ
2488 1251 2589 1320 τὴν
2620 1250 2806 1321 φωνὴν
2853 1248 3160 1302 ἐπιλείπειν
3195 1265 3209 1278 ·
3261 1247 3411 1319 ὅπερ
3464 1244 3563 1299 οὖν
3615 1242 3717 1314 τὴν

2101 1344 2318 1414 μητέρα
2346 1342 2553 1403 εἰδυῖαν
2582 1341 2782 1413 μηκέτι
2825 1339 3090 1413 βαλανείῳ
3138 1340 3199 1395 τὸ
3253 1336 3479 1394 παιδίον
3544 1352 3712 1405 προσ-

2099 1435 2254 1503 ἀγειν
2284 1434 2480 1488 πείθει.

1889 1641 2122 1717 CAPUT
2163 1643 2231 1703 ιι.

653 1768 1028 1843 Terrwmoﬂtm
1057 1766 1261 1845 iusisse.
1290 1763 1471 1841 Ρίιβηέ
1500 1763 1824 1833 Ρβῖάιρρὶειιν,
1857 1765 2001 1824 ίῑιίιηέ

2119 1783 2131 1819 ι
2158 1776 2337 1830 sanat,
2375 1766 2678 1823 columnam
2694 1767 3013 1824 conscendit.
3039 1766 3272 1835 Visiones
3299 1765 3495 1829 ναι-ίαν.

484 1886 572 1954 l0.
596 1883 846 1955 Accidit,
904 1882 1180 1954 Symeone
1237 1887 1431 1936 nostro
1476 1880 1590 1950 jam
1649 1879 2003 1949 quinquenni

411 1978 587 2042 facto,
604 1990 857 2047 magnam
879 1974 1233 2035 Antiochiam
1282 1972 1434 2044 gravi
1467 1978 1782 2027 terraemotu
1814 1970 1890 2040 (2)
1922 1971 2004 2027 sic

412 2069 760 2137 labefactari,
795 2075 859 2125 ut
890 2081 1004 2123 non
1055 2064 1223 2133 modo
1267 2064 1489 2132 domus,
1517 2063 1615 2118 ubi
1645 2066 1911 2134 parentes
1940 2064 2004 2117 il-

2186 1889 2235 1937 t'.
2268 1882 2598 1959 Πενταέτους
2634 1882 2691 1935 δὲ
2717 1882 2821 1953 ἢδη
2851 1884 3041 1937 τούτου
3070 1879 3478 1963 γεγενημένου,
3514 1876 3713 1948 συνέϐη

2114 1972 2323 2044 σεισμῷ
2342 1974 2443 2042 τὴν
2485 1974 2756 2044 Ἀντιόχου
2793 1973 3013 2046 μεγάλῳ
3058 1969 3496 2042 κατενεχθῆναι,
3535 1968 3612 2049 ᾡς
3639 1967 3712 2039 μὴ

2115 2067 2277 2136 μόνον
2304 2066 2395 2120 τὸν
2417 2061 2586 2129 οἷκον,
2617 2068 2694 2142 εἰς
2723 2065 2782 2119 ὃν
2801 2067 2850 2119 οἱ
2871 2064 3063 2119 τούτου
3095 2066 3277 2132 γονεῖς
3300 2062 3596 2135 κατέλυον,
3624 2061 3712 2129 ἕρ-

410 2161 522 2217 lius
549 2158 933 2242 morabantur,
964 2156 1163 2213 eodem
1197 2163 1421 2221 rueret,
1492 2170 1686 2209 verum
1717 2154 1836 2225 ipse
1868 2169 2001 2224 quo-

2119 2173 2209 2225 γον
2247 2154 2341 2209 τοῦ
2381 2155 2587 2209 τοιοῦδε
2632 2154 2862 2225 σεισμοῦ
2907 2154 3186 2225 γενέσθαι,
3232 2152 3380 2225 αλλὰ
3414 2152 3513 2215 καί
3546 2151 3707 2205 αὐτὸν

412 2268 522 2322 que
557 2260 735 2320 pater,
760 2249 945 2307 ruinis
970 2249 1334 2318 interceptus,
1368 2247 1538 2302 vitam
1567 2246 1824 2302 luctuoso
1849 2246 1999 2301 exitu

414 2342 793 2413 concluderet.
823 2341 892 2403 Et
940 2349 1119 2397 mater
1171 2339 1397 2410 quidem
1441 2339 1500 2392 in
1535 2339 1840 2393 oratorium
1873 2346 2004 2392 tunc

413 2443 757 2499 commotum
785 2433 1035 2493 abierat:
1085 2431 1204 2502 ipse
1243 2446 1378 2486 vero
1426 2431 1483 2484 in
1528 2430 1647 2484 aede
1687 2439 2004 2499 protomar-

416 2527 552 2598 tyris
575 2524 842 2605 Stephani
873 2523 1182 2581 Antiochiae
1201 2522 1304 2578 sita
1335 2537 1395 2577 se
1424 2520 1769 2576 continebat.
1799 2520 2029 2575 Verum-

416 2626 733 2695 terramtetu
791 2616 991 2671 urbem
1047 2614 1424 2677 miserandum
1480 2613 1536 2667 in
1584 2611 1810 2673 modum
1843 2627 2003 2667 ever-

414 2709 732 2791 tentc,inde
761 2708 1051 2773 recedens,
1072 2707 1427 2765 errabundus
1464 2705 2002 2777 circumvagabatur,

417 2804 600 2860 donec
633 2800 836 2861 mulier
875 2798 1127 2869 quaedam
1167 2800 1256 2869 pia
1288 2816 1352 2854 ac
1381 2798 1704 2869 parentibus
1759 2798 1878 2869 ejus
1926 2797 2007 2851 l‘a-

415 2897 709 2967 miliariter
753 2909 876 2958 usa,
923 2902 1215 2962 repertum
1267 2891 1413 2946 forte
1460 2892 1518 2945 in
1578 2899 1823 2949 montem
1879 2889 2003 2944 urbi

414 2988 712 3059 admodum
752 2986 997 3045 vicinum
1044 2983 1296 3041 deduxit.
1370 2983 1595 3053 Septem
1644 2983 1831 3052 itaque
1884 2980 2037 3036 dies

416 3092 593 3139 mater
625 3078 923 3151 quaesitum
970 3093 1069 3146 per
1112 3077 1307 3132 urbem
1359 3076 1614 3131 invenire
1656 3075 1810 3130 nullo
1840 3074 2006 3129 modo

414 3183 665 3249 poterat;
719 3180 950 3241 rataque
1001 3167 1359 3225 aediﬁciorum
1438 3167 1644 3237 passim
1696 3166 2002 3249 labentium

416 3266 596 3329 ruinis
633 3263 946 3323 involutum
1004 3258 1264 3331 periisse,
1299 3256 1632 3328 gravissimo
1683 3255 2006 3312 medullitus

416 3358 610 3415 dolore
632 3353 990 3427 premebatur
1010 3392 1026 3417 ,
1056 3351 1234 3409 donec
1267 3348 1388 3405 laeta
1412 3348 1649 3415 visione,
1681 3355 1875 3403 saneto
1906 3345 2008 3400 ite—

421 3464 549 3521 rum
578 3455 882 3519 apparcnte
898 3442 1225 3506 Prodromo,
1244 3448 1514 3503 recreata,
1533 3438 1849 3507 certiorque
1882 3434 2006 3490 red-

2111 2248 2203 2302 τὸν
2238 2247 2430 2299 τούτου
2456 2246 2669 2315 πατέρα
2706 2248 2819 2307 τοῖς
2848 2245 3258 2319 συμπτώμασιν
3294 2242 3711 2313 ὲναποληιρθένυ

2111 2357 2180 2392 τα
2246 2337 2657 2407 συγκαταλῦσαι
2714 2338 2804 2391 τδν
2853 2324 2968 2409 βίον
2996 2378 3009 2392 .
3059 2336 3124 2391 Ἦ
3150 2338 3254 2408 μὲν
3294 2336 3392 2409 οῦν
3424 2338 3611 2408 μήτηρ
3633 2337 3710 2400 είς

2113 2430 2425 2501 προσευχῆς
2472 2428 2777 2501 τηνικαῦτα
2812 2426 2963 2487 οἶκον
2997 2428 3306 2500 ἐτύγχανεν
3352 2427 3621 2493 ἀπιοῦσα,
3651 2425 3710 2479 τὸ

2116 2522 2174 2577 δὲ
2199 2520 2434 2593 παιδίον,
2453 2523 2481 2575 6
2504 2521 2645 2587 κατὰ
2672 2521 2772 2597 τὴν
2809 2522 3082 2599 Ἀντιόχου
3105 2521 3203 2575 τοῦ
3234 2520 3707 2593 πῳτομάρτυρος

2113 2614 2385 2682 Στέφανου
2409 2614 2535 2678 ναὸς
2569 2609 2734 2684 εἶχεν.
2754 2614 2861 2669 Τοῦ
2889 2614 2945 2668 δὲ
2966 2614 3192 2687 σεισμοῦ
3214 2615 3318 2687 τὴν
3350 2615 3510 2669 πόλιν
3522 2612 3708 2678 δεινῶς

2114 2705 2615 2778 καταστρέψαντος,
2633 2702 2723 2760 οἷα
2751 2706 3106 2780 πλανώμενον
3130 2709 3427 2778 περιῆγεν,
3446 2708 3553 2768 ἕως
3572 2705 3704 2775 γυνή

2112 2815 2196 2861 τις
2224 2798 2379 2861 αὐτὸ,
2404 2799 2511 2851 τῶν
2538 2797 2811 2875 θεοσεσῶν
2843 2800 2939 2871 καὶ
2964 2801 3078 2865 τοῖς
3110 2800 3287 2853 αὐτοῦ
3320 2799 3545 2870 γονεῦσι
3571 2815 3708 2867 γνω-

2117 2891 2317 2965 ρίμων,
2346 2890 2607 2962 εὑροῦσα,
2640 2890 2870 2961 πλησίον
2900 2889 2995 2947 τοῦ
3026 2893 3179 2963 παρὰ
3220 2896 3291 2964 τῇ
3349 2892 3506 2946 πόλει
3550 2889 3697 2960 κομίσ

2116 3000 2259 3035 σειεν
2313 2982 2495 3052 ὅρους,
2532 2982 2708 3035 Ἑπτὰ
2758 2984 2918 3039 τοῦτο
2978 2983 3158 3037 τοίνυν
3188 2984 3227 3054 ἡ
3261 2983 3451 3055 μήτηρ
3497 2982 3705 3053 ἡμέρας

2113 3075 2219 3130 ἀνὰ
2259 3074 2358 3146 τὴν
2406 3074 2560 3127 πόλιν
2591 3073 2855 3144 ζητοῦσα,
2884 3076 2961 3139 ὡς
2994 3076 3091 3144 ούχ
3125 3075 3218 3129 οἵα
3246 3093 3308 3128 τε
3339 3072 3409 3147 ἦν
3434 3075 3702 3145 ἀνευρεῖν,

2120 3165 2646 3239 ἒπικατασεισθῆναί
2673 3183 2827 3237 τινας
2855 3166 3007 3236 αὐτῷ
3039 3167 3323 3239 νομίσασα.
3349 3167 3460 3222 τῶν
3498 3165 3701 3221 οἰκοδο-

2118 3258 2257 3327 μῶν,
2304 3257 2373 3310 τά
2406 3272 2467 3309 τε
2521 3254 2807 3327 σπλάγχνα
2856 3255 3048 3319 δεινῶς
3080 3258 3416 3328 ἐστρέφετο,
3460 3257 3555 3310 καὶ
3610 3256 3704 3325 τὴν

2114 3345 2345 3417 καρδίαν
2395 3333 2837 3409 ἐκόπτετο·’ἓως
2867 3346 3073 3418 φαιδρὰ
3122 3364 3207 3411 τις
3254 3348 3381 3419 ὄψις
3434 3338 3572 3417 αύτῇ
3605 3347 3697 3398 καὶ

2115 3440 2279 3496 πάλιν
2318 3440 2348 3490 6
2400 3440 2714 3512 Πρόδρομος
2760 3441 3011 3509 ἐπιστὰς,
3046 3443 3313 3514 γνωρίζει
3370 3443 3461 3497 τὸν
3521 3442 3697 3502 τόπον,

412 3536 532 3615 «lita
560 3542 668 3607 est,
696 3547 806 3602 quo
865 3530 1038 3599 lilium
1071 3529 1194 3583 loco
1234 3527 1527 3599 reperiret.
1559 3526 1766 3581 Abiens
1796 3525 2001 3594 itaque,

2119 3534 2247 3587 ὅπου
2278 3531 2545 3602 γενομένη
2579 3532 2640 3585 τὸ
2685 3533 2897 3610 παιδίον
2927 3535 3175 3607 εὑρήσει.
3227 3524 3566 3589 ’Ᾱπελθοῦσα
3590 3532 3697 3586 τοί-

417 3626 636 3701 invenit
670 3625 825 3693 illum
878 3620 1024 3693 apud
1062 3620 1272 3685 dictam
1305 3620 1620 3685 mulierem,
1650 3618 1767 3673 haec
1789 3617 1857 3673 de
1888 3616 2010 3684 ipso

416 3734 633 3795 summa
667 3712 1194 3787 cumadmiratione
1238 3718 1805 3771 commemorantem,
1857 3705 2010 3776 quod

417 3813 597 3883 spatio
626 3810 846 3865 dierum
875 3813 1112 3876 septem,
1134 3804 1224 3860 bis
1244 3818 1543 3873 persuasus
1572 3799 1823 3856 alimenti
1847 3797 2012 3868 quid-

418 3905 545 3961 dam
573 3915 823 3965 sumere,
851 3898 971 3977 solo
1002 3911 1144 3968 pane
1177 3907 1235 3952 et
1267 3911 1413 3967 aqua
1464 3901 1762 3951 contentus
1791 3891 2008 3947 fuisset.

417 3995 559 4051 Cum
611 4000 836 4062 recepto
886 3988 1195 4067 igitnrlilio
1221 3987 1291 4047 ad
1310 3986 1541 4061 loannis
1582 3984 1845 4054 Baptistae
1871 3991 2011 4037 tem-

422 4088 575 4159 plum
596 4070 960 4156 contendens,
986 4080 1180 4152 gratiis
1208 4079 1319 4137 Deo
1340 4086 1396 4135 et
1418 4084 1632 4145 saneto,
1667 4083 1726 4130 ut
1749 4089 1848 4145 par
1871 4084 2009 4138 erat,

421 4181 626 4251 ibidem
659 4176 979 4250 persolutis.
1030 4174 1223 4235 urbem
1271 4179 1501 4229 remeat.

489 4266 574 4341 ll.
591 4263 733 4331 Dum
758 4262 885 4331 istic
900 4259 1033 4333 agit,
1050 4268 1108 4315 et
1121 4267 1330 4329 quanta
1342 4256 1472 4321 sibi,
1499 4263 1614 4311 tum
1627 4267 1724 4323 per
1741 4251 2003 4319 visiones,

417 4371 532 4423 tum
563 4371 665 4428 per
690 4353 1014 4427 prepbetias
1037 4350 1309 4422 promissa
1335 4348 1402 4423 de
1433 4346 1546 4401 lilio
1567 4352 1773 4406 essent,
1801 4357 2000 4411 quam-

415 4467 523 4519 que
539 4446 814 4519 stupenda
824 4447 935 4518 jam
961 4459 1111 4509 nunc
1128 4443 1277 4498 circa
1309 4439 1564 4497 eumdem
1588 4438 1732 4507 facta
1755 4434 2005 4500 vidisset,

419 4541 749 4619 inanimum
784 4547 1041 4605 revocat;
1098 4534 1417 4607 pendetque
1463 4531 1653 4596 dubia,
1711 4543 1847 4583 num
1893 4527 2007 4582 visa

420 4632 512 4686 illa
544 4631 722 4702 reipsa
749 4628 1048 4698 aliquando
1066 4642 1199 4683 vere
1233 4621 1561 4694 complenda
1582 4629 1774 4676 essent
1804 4637 1817 4673 :
1857 4620 2009 4675 videt

420 4737 520 4791 per
538 4735 793 4776 somnum
846 4734 967 4774 sese
1005 4718 1202 4772 alatam
1253 4716 1309 4771 in
1365 4713 1601 4771 sublime
1647 4711 1855 4774 eli‘erri,
1894 4724 2009 4764 ma-

424 4814 588 4869 nibus
637 4820 987 4884 prensantem
1046 4809 1242 4871 (ilium,
1292 4820 1533 4874 eumque
1569 4804 1738 4860 veluti
1788 4813 2006 4874 gratum

2111 3639 2206 3675 νυν
2260 3623 2293 3693 ἡ
2351 3623 2557 3693 μήτηρ,
2583 3623 2831 3692 εὑρίσκει
2889 3624 3049 3677 τοῦτο
3104 3626 3262 3695 παρὰ
3322 3628 3390 3698 τῇ
3441 3623 3692 3693 γυναικὶ,

2111 3716 2298 3789 ἐκεῖνα
2333 3714 2463 3783 περὶ
2487 3714 2649 3767 αὐτοῦ
2673 3717 2769 3767 σὺν
2806 3716 3065 3789 ἐκπλήξει
3093 3716 3456 3790 διηγουμένη,
3488 3716 3560 3779 ὡς
3593 3715 3694 3785 ἄρα

2111 3786 2323 3869 δὶς-,τὰς
2346 3803 2491 3878 ἐπτᾷ
2525 3805 2743 3877 ἡμέρας
2787 3786 3040 3876 πεισθείη
3082 3786 3307 3879 τροφῆς⁷
3353 3786 3702 3874 μεταλαϐεῖν,

2111 3894 2279 3965 ἄρτου
2334 3895 2430 3948 καὶ
2483 3893 2659 3961 ταῦτα
2705 3896 2871 3965 μόνου
2927 3895 3019 3949 καὶ
3057 3893 3275 3969 ὓδατος.
3319 3894 3691 3961 Ἀπολαϐοῦσα

2112 3987 2404 4059 τοιγαροῦν
2424 3987 2484 4040 τὸ
2515 3988 2727 4041 παιδίον
2749 3989 2782 4058 ἠ
2814 3989 3020 4067 μήτηρ,
3044 3993 3139 4061 καὶ
3164 3991 3320 4063 παρὰ
3348 3992 3438 4044 τὸν
3464 3989 3556 4042 τοῦ
3588 3988 3690 4039 Βα-

2113 4080 2340 4131 πτιστοῦ
2371 4079 2498 4132 ναδν
2524 4079 2863 4143 ἀπελθοῦσα,
2895 4080 3015 4155 Θεῷ
3036 4098 3095 4134 τε
3123 4082 3219 4153 καὶ
3259 4081 3409 4153 αὐτῷ
3444 4080 3511 4133 τὰ
3553 4075 3688 4130 εἰκό-

2112 4186 2181 4221 τα
2211 4168 2682 4241 εύχαριστήσασα,
2719 4172 2966 4225 ἐπάνεισι
2999 4174 3079 4237 είς
3106 4173 3205 4243 τὴν
3236 4173 3416 4229 πόλιν.

2187 4260 2277 4316 ια’.
2309 4262 2444 4315 Καθ’
2479 4249 2676 4334 ἑαυτὴν
2713 4264 2767 4316 δέ
2804 4282 2934 4317 ποτε
2976 4266 3271 4335 γενομένη,
3309 4266 3404 4318 καὶ
3443 4265 3542 4316 ὅσα
3571 4256 3691 4330 περὶ

2112 4354 2205 4408 τοῦ
2235 4354 2452 4409 παιδίου
2475 4356 2613 4427 αὐτῇ
2643 4355 2834 4427 ὀφθείη
2871 4359 2965 4411 καὶ
2998 4357 3282 4430 λαληθείη,
3308 4360 3411 4413 ὃσα
3434 4373 3494 4409 τε
3525 4366 3690 4422 παρα-

2112 4445 2280 4513 δόξως
2312 4446 2402 4500 ἐπ’
2436 4445 2582 4514 αὐτῷ
2629 4448 2902 4517 γενόμενα
2950 4449 3050 4503 ἴδοι
3098 4448 3155 4502 ὲν
3205 4450 3283 4520 νῷ
3326 4446 3685 4518 λαμϐάνουσα.

2114 4538 2210 4592 καὶ
2237 4538 2265 4591 ὃ
2308 4537 2365 4590 τί
2415 4554 2546 4591 ποτε
2581 4538 2691 4609 ἄρα
2724 4540 2785 4593 τὸ
2815 4540 2901 4592 ἐπ’
2932 4540 3085 4613 αύτῷ
3115 4541 3577 4610 τελεσθησὸμενον
3606 4534 3686 4599 εἴη

2114 4630 2473 4702 διαποροῦσα,
2496 4633 2599 4702 ὁρᾷ
2624 4632 2767 4684 κατὰ
2789 4631 2917 4696 τοὺς
2946 4632 3146 4696 ὕπνους
3174 4633 3484 4700 ὑπόπτερον
3505 4623 3689 4691 ἑαυτὴν

2114 4724 2223 4777 ἀπὸ
2251 4723 2355 4793 γῆς
2378 4724 2700 4794 αἰρομένην,
2733 4725 2793 4777 τό
2821 4742 2881 4777 τε
2910 4710 3122 4779 παιδίον
3156 4725 3315 4796 χερσὶ
3347 4723 3686 4793 κατέχουσαν,

2116 4813 2212 4866 καὶ
2239 4812 2414 4883 δῶρον
2456 4811 2644 4880 ὥσπερ
2681 4812 2800 4884 Θεῷ
2827 4814 3012 4867 δεκτδν
3038 4816 3441 4887 ἀναφέρουσαν,
3479 4803 3690 4862 τοιαῦτά

424 4908 535 4961 Deo
566 4904 770 4959 donum
816 4902 1041 4966 offerre,
1064 4908 1229 4968 atque
1254 4898 1410 4952 hisce
1436 4897 1767 4965 compellare
1789 4894 2001 4949 verbis:

2123 4923 2181 4957 τε
2210 4902 2359 4974 αὐτῷ
2379 4903 2855 4976 ἐπιφθεγγομένην
2877 4921 2890 4934 ·
2939 4905 3276 4977 Ἐπεθύμουν
3316 4903 3443 4957 ἰδεῖν
3473 4915 3583 4960 σου,
3606 4893 3689 4945 τέ-

423 5000 594 5055 Unice
619 4993 1004 5052 desiderabam
1036 4991 1189 5045 hunc
1208 4988 1510 5059 gloriosum
1531 5001 1822 5041 ascensum
1842 4996 1998 5040 tuum

428 5093 635 5154 videre,
674 5090 748 5144 lili
792 5105 805 5140 :
861 5087 934 5140 ita
972 5099 1059 5139 me
1092 5082 1356 5137 famulam
1410 5095 1562 5136 suam
1588 5079 1793 5135 liberet
1836 5077 2009 5133 Altis-

424 5185 620 5246 simus,
657 5179 918 5251 quoniam
953 5175 1138 5230 inveni
1184 5173 1416 5245 gratiam
1456 5172 1605 5227 inter
1629 5171 1920 5235 mulieres,
1948 5177 2011 5222 ut

430 5275 531 5346 ipsi
583 5272 785 5344 possim
823 5270 1062 5325 reddere
1099 5269 1241 5322 uteri
1296 5266 1400 5323 mei
1450 5267 1716 5330 fructum,
1765 5263 2007 5327 dolores,

427 5375 485 5419 et
554 5365 790 5417 labores.
849 5356 1168 5415 Istiusmodi
1230 5357 1501 5413 visionem
1568 5366 1755 5411 sancta
1812 5352 2012 5406 mulier

428 5456 768 5526 conspicata,
803 5453 857 5506 in
892 5466 1052 5505 voces
1078 5450 1359 5521 propheta:
1384 5449 1533 5503 illius
1563 5444 1854 5519 Symeonis
1887 5458 2012 5512 per-

425 5564 601 5623 quain
626 5546 855 5611 similes,
899 5543 1056 5614 quasi
1092 5551 1148 5599 et
1212 5542 1332 5612 ipsa
1386 5539 1565 5595 oculis
1618 5537 1736 5593 suis
1768 5535 2010 5591 salutare

428 5640 704 5710 quoddam
768 5639 1025 5702 vidisset,
1095 5633 1460 5706 erumpebat,
1533 5629 2011 5696 conservabatque

429 5735 615 5789 omnia
651 5733 702 5788 in
755 5732 921 5789 corde
974 5746 1096 5787 suo.

507 5893 584 5961 (ἢ)
632 5894 707 5950 De
751 5894 856 5950 hoc
910 5897 1228 5948 terrmmotu
1283 5890 1392 5961 jam
1457 5883 1672 5961 egimus
1719 5881 2020 5961 supra§3,

436 5954 530 6018 ubi
562 5954 627 6021 ile
657 5976 817 6021 attatc
869 5964 1047 6019 saucii
1082 5959 1397 6033 Symconis,
1437 5957 1787 6022 diximusqnc
1821 5954 1891 6008 ad
1924 5969 2023 6008 an-

438 6050 567 6092 num
600 6038 702 6096 59.6
733 6045 1002 6109 spectare.

2118 5011 2264 5055 κνον,
2306 4991 2406 5063 τὴν
2448 4992 2600 5046 θείαν
2638 4993 2842 5063 ταύτην
2882 4993 3173 5059 ἀνάϐασιν,
3207 4994 3354 5055 ὅπως
3378 4989 3475 5059 τὴν
3509 4983 3686 5049 δούλην

2119 5081 2287 5136 αὐτοῦ
2336 5084 2364 5135 6
2411 5082 2673 5151 Ὕψιστος
2721 5065 2983 5152 ἀπολύσῃ
3019 5100 3109 5152 με,
3142 5083 3222 5135 ὃτι
3252 5075 3411 5153 εὗρον
3444 5077 3597 5147 χάριν
3636 5071 3685 5133 ἐν

2118 5173 2364 5244 γυναιᾷν
2403 5172 2697 5226 ἀποδοῦναι
2725 5173 2940 5244 καρπὸν
2965 5174 3116 5242 αὐτῷ
3142 5173 3347 5241 κοιλίας
3385 5166 3542 5240 ἐμῆς,
3569 5160 3685 5223 ὠδῖν’

2119 5284 2238 5329 νας,
2262 5268 2356 5320 καὶ
2387 5267 2602 5329 πόνους.
2634 5265 2849 5335 Ὄφεως
2896 5266 2993 5335 μὲν
3024 5265 3087 5337 δὴ
3115 5265 3371 5330 τοιαύτης
3402 5258 3571 5331 ηὸσια
3598 5268 3683 5299 τυ-

2119 5358 2312 5429 χοῦσα,
2361 5359 2456 5412 καὶ
2500 5358 2888 5430 παραπλησίας
2931 5344 3300 5427 οῦτωίρωνὰς
3331 5354 3407 5423 τῷ
3441 5344 3684 5419 Προφήτῃ

2122 5450 2346 5521 Συμεὼν
2373 5450 2744 5521 φθεγξαμένη,
2772 5450 2866 5503 ἅτε
2890 5452 3001 5511 τοῖς
3030 5451 3227 5519 ἑαυτῆς
3273 5437 3561 5521 ὀφθαλμοῖς
3587 5451 3683 5486 σαν·

2120 5549 2308 5618 τήριον
2348 5543 2532 5597 ἰδοῦσα
2561 5542 2653 5596 καὶ
2684 5540 2848 5613 αὐτὴ,
2876 5544 2957 5607 εἰς
2988 5530 3218 5614 καρδίαν
3254 5540 3426 5594 πάντα
3453 5523 3680 5600 confici}.-

2123 5638 2310 5700 λουσα,
2351 5636 2473 5689 καθ’
2500 5636 2699 5707 ἑαυτὴν
2723 5637 2983 5708 διετήρει.

2199 5886 2273 5941 (Si
2314 5883 2516 5938 Eadem
2557 5882 2696 5955 visio
2729 5893 2983 5940 narratur
3014 5898 3236 5955 quoque
3259 5879 3308 5933 in
3341 5874 3473 5955 γεω,
3490 5869 3674 5955 sancite

2129 5955 2369 6021 Harl/iw,
2428 5971 2578 6009 num.
2627 5954 2681 6026 2,
2720 5972 2819 6011 nec
2872 5939 3104 6011 muluim
3147 5939 3524 6009 'diversimode.
