3898 6380
161 451 274 521 299Ἰ

1143 451 1319 514 νΙΤΛ
1357 457 1405 512 Α
1442 448 1876 513 NICEPHORO
1913 444 2403 509 CONSCRIPTA.

217 564 288 634 ιβ’.
319 562 545 635 Συμσάν
573 563 627 619 δέ
652 563 745 620 τὸν
773 564 999 636 Συμεὼν
1031 563 1171 634 μετά
1196 563 1373 617 ταῦτα
1401 563 1522 616 κατ’
1544 563 1719 613 ἐκεῖνο

1896 558 1980 614 li.
2012 555 2145 614 Post
2174 556 2293 612 haec
2321 556 2584 626 Symcon,
2616 564 2741 608 cum
2766 549 2905 604 forte
2942 547 2999 603 in
3029 546 3124 602 illo
3148 557 3399 599 versare-

158 657 241 723 τῆς
250 652 525 726 Ἀντιοχου
539 654 771 723 διάγειν.
793 655 823 709 δ
842 694 847 697 Α
872 654 1164 724 Χερουϐὶμ
1181 654 1405 716 εἰκότως
1431 652 1539 705 ἀπδ
1557 650 1715 703 Τίτου

161 748 348 827 ἑλόντος
386 746 741 819 Ἱεροσόλυμα
759 746 999 815 λέγεται,
1016 745 1233 807 εἰκόνας
1253 761 1312 797 τε
1339 741 1576 813 περιωνύ
1585 757 1719 809 μους

160 830 249 890 τῶν
283 836 568 908 Χερουϐὶμ
610 838 723 892 ἀπὸ
771 836 867 893 τοῦ
901 840 961 894 ἐν
1000 837 1187 902 αὐτοῖς
1229 835 1553 905 ἀνελομένου
1587 830 1716 886 ναοῦ

158 923 274 996 πρός
313 941 372 978 τε
412 925 519 997 τὴν
570 925 846 996 Ἀντιόχου
913 926 1404 998 μετακομίσαντος,
1438 922 1718 983 κάνταῦθα

157 1015 239 1083 τῆς
275 1015 482 1081 πόλεως
525 1015 603 1080 ὡς
648 1019 709 1071 ἐν
753 1016 1172 1087 ἐπιφανεστάτῳ
1218 1016 1536 1086 στήσαντος.
1579 1012 1718 1083 Τῇδε

154 1105 311 1161 τοίνυν
328 1106 559 1176 διάγων,
590 1109 694 1180 ὁρᾷ
721 1108 841 1162 κατ’
872 1106 1210 1178 ὀφθαλμοὺς,
1235 1108 1330 1161 ἐπὶ
1356 1107 1458 1176 τῆς
1487 1105 1720 1176 ἀρχαίας

155 1200 490 1267 τειχοποιΐας,
525 1200 765 1271 φρικτῆς
784 1199 1001 1271 ἐκείνης
1025 1199 1293 1272 ὁράσεως.
1343 1198 1478 1269 Ὁρᾷ
1500 1213 1720 1268 τοιγαρ-

157 1287 252 1351 οῦν,
283 1290 374 1351 καὶ
408 1289 549 1352 laci),
581 1291 612 1343 6
635 1289 840 1361 Κύριος
869 1291 1126 1357 ἁπάντων
1154 1289 1249 1343 καὶ
1284 1288 1561 1358 Δεσπότης
1586 1288 1721 1357 Χρι-

158 1380 263 1441 στὸς
297 1382 324 1434 6
349 1378 485 1445 Θεὸς
522 1379 665 1451 (πῶς
694 1380 763 1435 ἀν
785 1383 1155 1453 παραστήσειε
1177 1379 1334 1447 λόγος
1362 1377 1424 1433 τδ
1451 1378 1594 1449 μέγα
1620 1377 1720 1446 τῆς

156 1471 461 1540 ἐπιφανείας
504 1473 725 1544 ἐκείνης
767 1472 1026 1545 θέαμας)
1060 1475 1154 1528 ἐπὶ
1186 1472 1378 1545 θρόνου
1420 1470 1627 1543 ὑψηλοῦ
1660 1488 1720 1525 τε

157 1560 236 1614 καὶ
267 1560 577 1633 μετεώρου,
610 1562 763 1633 βῆμά
800 1580 860 1618 τε
898 1563 1005 1634 πρὸ
1030 1563 1195 1617 αὑτοῦ
1229 1563 1457 1634 φοϐερὸν
1487 1563 1721 1633 ἑωρᾶτο,

155 1651 257 1703 τότε
303 1652 412 1705 τῶν
454 1654 691 1708 δικαίων
727 1655 930 1726 πλῆθος
976 1657 1296 1725 συνήρχετο,
1333 1656 1431 1709 καὶ
1466 1656 1500 1725 ἡ
1541 1654 1722 1724 βίϐλος

156 1741 238 1808 τῆς
269 1741 414 1810 ζωῆς
443 1742 761 1814 ἀνεῴγνυτο
785 1762 800 1777 ο
836 1744 933 1799 καὶ
960 1745 1070 1799 ἀπὸ
1106 1746 1206 1815 μὲν
1239 1744 1514 1798 ἀνατολῶν
1555 1746 1584 1798 ὁ
1621 1742 1725 1812 τῆς

157 1834 344 1904 τρυφῆς
379 1836 650 1901 πυκάζων
688 1837 1046 1909 Παράδεισος,
1080 1839 1189 1890 ama
1217 1837 1275 1890 δὲ
1297 1837 1519 1907 δυσμῶν
1555 1836 1721 1907 λίμνη

334 1927 752 1997 ἀναϐράζουσα,
778 1900 1015 2000 ’Πνεῦμά
1031 1900 1097 1983 ’τε
1121 1929 1324 2000 Κυρίου
1345 1900 1433 1981 ἐπ’
1452 1900 1725 1982 αὐτὸν-λὲλ
1758 1900 1799 1956 Β

157 2033 263 2084 γονο
300 2020 505 2072 ’Δκουε
541 2020 641 2074 καὶ
664 2018 822 2084 σύνες
861 2021 1053 2089 λόγους
1094 2021 1239 2089 ζωῆς
1260 2038 1271 2050 ·
1304 2022 1582 2090 συμϐουλὴ
1614 2019 1724 2090 γάρ

159 2126 229 2163 σοι
271 2112 407 2183 πρὸς
461 2112 702 2183 ἐκλογὴν
755 2113 849 2167 τοῦ
884 2112 1052 2166 καλοῦ
1091 2114 1159 2166 τὰ
1196 2110 1470 2182 ὁρώμενα.
1521 2112 1583 2164 Ἦ
1626 2110 1725 2181 μὲν

155 2201 249 2271 γὰρ
294 2201 404 2255 τῶν
461 2203 697 2257 δικαίων
749 2202 1093 2273 λαμπρότης,
1146 2202 1242 2255 καὶ
1289 2204 1318 2255 ὁ
1364 2202 1464 2271 τῆς
1516 2204 1725 2273 τρυφῆς

156 2293 496 2361 Παράδεισος,
538 2295 638 2366 τὴν
682 2294 856 2349 ἀίδιον
889 2294 1210 2362 ἀγαλλίασιν
1255 2292 1722 2361 ἐπαγγέλλονται*

156 2382 252 2451 ἡδὲ
276 2383 369 2437 τοῦ
395 2384 580 2454 πυρὸς
616 2384 833 2453 γέεννα,
872 2384 972 2454 τὴν
1001 2384 1362 2455 ἀτελεύτητον
1391 2383 1608 2438 ἀπειλεί
1640 2401 1725 2437 τι·

159 2474 367 2545 μωρίαν.
409 2474 611 2530 Ἄπιθι
647 2475 852 2541 τοίνυν,
886 2476 951 2529 τὸ
983 2474 1186 2544 ἀγαθὸν
1231 2474 1616 2545 ἐκλεξάμενος,
1648 2474 1725 2539 ὡς

156 2565 210 2619 ἀν
262 2567 335 2640 μὴ
383 2567 500 2622 τῶν
559 2567 847 2623 ἀθανάτων
905 2568 1071 2638 μόνον
1129 2568 1271 2636 μετά
1334 2567 1485 2630 τέλος
1535 2567 1726 2623 δεινῶν

157 2659 484 2731 ἀπαλλαγῇς,
516 2658 655 2720 ἀλλά
694 2659 792 2715 καὶ
823 2658 932 2713 τῶν
960 2658 1399 2730 ἀπηγγελμένων
1441 2660 1556 2723 τοῖς
1587 2660 1727 2727 ἀγα-

158 2750 282 2806 πῶσι
303 2752 393 2805 τὸν
420 2751 562 2806 Θεὸν
584 2751 970 2822 ἀνεκλαλήτων
994 2751 1218 2822 ἀγαθῶν
1246 2752 1528 2823 ἐπιτύχῃς.

220 2937 301 3000 ιγ’.
332 2931 558 3003 Ταύτης
601 2932 680 3001 τῷ
705 2933 930 3003 Συμεὼν
972 2933 1072 3002 τῆς
1109 2932 1348 3002 θεωρίας
1388 2930 1726 3002 ὑποδειχθεί-

163 3039 268 3094 σης,
296 3024 516 3089 σύνεσις
542 3040 603 3078 τι
631 3023 949 3095 παραδόξως
983 3022 1132 3094 αύτῷ
1174 3023 1423 3092 θειοτέρα
1461 3024 1569 3075 καὶ·
1589 3039 1727 3092 κρυ-

163 3116 285 3181 φίων
321 3118 578 3181 ἀθεάτως
625 3116 1027 3186 ἀποκαλύψεων
1072 3116 1455 3187 προσετέθειτο
1501 3116 1723 3184 γνῶσις.

1823 660 1913 706 tur
1969 648 2281 705 Antiochia:
2313 648 2460 714 loco,
2518 644 2614 716 qui
2660 641 3034 715 juremerito
3094 636 3399 694 Cberubim

1819 742 2153 812 appellatur,
2179 748 2474 811 propterea
2497 736 2648 811 quod
2668 735 2852 800 Titus,
2878 747 3078 788 eversa
3131 729 3399 784 Hieroso-

1819 835 1986 905 lyma,
2017 831 2355 891 celebriores
2381 828 2830 885 Cherubinorum
2862 832 3095 888 statuas,
3154 837 3223 875 ex
3263 830 3403 875 tem-

1819 926 1913 996 plo
1940 925 2063 995 ejus
2079 923 2350 988 sublatas,
2392 919 2744 979 Antiochiam
2770 915 3139 978 transtulerit,
3159 911 3400 967 ibidem-

1820 1030 1929 1086 que
1962 1014 2327 1071 oeleberrimo
2381 1012 2542 1067 urbis
2586 1012 2712 1067 loco
2745 1007 3033 1079 posuerit:
3094 1018 3222 1059 cum
3281 1002 3396 1065 illo,

1822 1103 2070 1174 inquam,
2098 1102 2223 1158 loco
2246 1108 2567 1157 versaretur
2602 1098 2868 1171 Symeon,
2902 1094 3168 1165 obiicitur
3195 1091 3394 1160 illiap-

1821 1212 2022 1269 parens
2049 1210 2214 1266 super
2245 1195 2534 1250 ruinosum
2572 1191 2841 1263 parietem
2857 1185 3205 1243 horrendum
3231 1184 3403 1239 hocce

1823 1287 2222 1360 spectaculum.
2266 1285 2583 1357 Apparebat
2624 1296 2757 1339 ecce
2803 1280 3063 1337 Christus
3105 1277 3401 1334 universo-

1824 1393 1948 1433 rum
1963 1377 2248 1433 -Dominus
2270 1375 2389 1447 (sed
2410 1389 2534 1446 quae
2555 1372 2832 1429 sermonis
2860 1370 3116 1426 facundia
3142 1377 3251 1425 tam
3279 1367 3404 1423 illu-

1825 1469 1956 1523 stris
1998 1466 2366 1537 apparitionis
2395 1463 2775 1537 spectaculum
2800 1478 2902 1533 pro
2936 1461 3204 1533 dignitate
3246 1474 3405 1516 enar-

1824 1561 2009 1626 ret?),
2043 1559 2382 1630 apparebat,
2457 1560 2704 1629 inquam,
2754 1557 3013 1613 Christus
3070 1554 3297 1611 sublimi
3348 1555 3406 1607 in

1826 1653 2049 1717 throno,
2110 1660 2239 1706 ante
2266 1665 2434 1720 quem
2484 1650 2728 1705 tribunal
2774 1649 3060 1714 terribile;
3114 1656 3246 1701 tunc
3306 1646 3406 1700 im-

1824 1758 2018 1799 mensa
2039 1744 2315 1814 iustorum
2340 1742 2641 1798 multitudo
2665 1738 3005 1804 conﬂuebat,
3031 1737 3407 1808 pandebatur—

1826 1850 1933 1905 que
1957 1834 2106 1889 liber
2123 1834 2283 1889 vitae:
2311 1832 2669 1903 spectabatur
2697 1830 2769 1884 ab
2800 1837 2927 1883 ortu
2974 1826 3217 1881 refertus
3248 1824 3407 1878 volu-

1829 1935 2039 1998 ptatum
2064 1921 2465 1994 paradisns,sab
2486 1938 2689 1979 occasu
2719 1938 2857 1977 vero
2885 1934 3144 1992 stagnum
3185 1917 3409 1987 ignibus

1825 2028 2100 2083 aestuans;
2127 2025 2183 2072 et
2203 2015 2445 2087 Spiritus
2482 2014 2701 2070 Domini
2759 2013 2981 2069 diccbat
3008 2011 3097 2066 ei:
3139 2009 3403 2064 Ausculta

1826 2120 1884 2165 et
1913 2110 2158 2179 intellige
2186 2108 2358 2163 verba
2382 2108 2541 2173 vitae;
2578 2106 2807 2162 consule
2853 2105 2969 2170 illa,
3013 2116 3137 2173 quae
3161 2101 3255 2155 hic
3274 2113 3402 2154 cer-

1827 2208 1916 2263 nis
1971 2215 2032 2261 ut
2064 2206 2235 2276 eligas
2250 2205 2534 2260 virtutem.
2569 2202 2845 2273 Splendor
2871 2202 2976 2256 iste
3011 2206 3330 2254 sanctorum
3354 2207 3412 2250 ct

1826 2299 2119 2370 paradisus
2179 2297 2480 2365 voluptatis
2535 2296 2931 2366 sempiternam
2980 2292 3409 2348 exsultationem

1828 2392 2144 2465 significant
2193 2392 2343 2446 :ista
2396 2399 2581 2445 autem
2618 2391 2875 2460 gehenna
2930 2386 3078 2457 ignis
3128 2397 3411 2454 nunquam

1831 2482 2178 2540 terminanda
2223 2481 2493 2551 supplicia
2562 2480 2979 2534 interminatur.
3043 2476 3148 2531 Abi
3217 2475 3409 2546 igitur,

1828 2578 2204 2646 virtutemque
2227 2573 2409 2647 elige;
2443 2581 2505 2627 ut
2534 2580 2661 2644 post
2688 2572 2815 2627 vitae
2868 2570 3035 2640 huius
3085 2568 3410 2632 terminum,

1829 2686 1938 2737 non
1982 2670 2168 2725 modo'
2204 2667 2460 2723 libereris
2503 2668 2770 2721 aerumnis
2828 2664 3063 2718 nullum-
3104 2659 3429 2717 terminum

1830 2759 2127 2823 habituris,
2184 2770 2384 2811 verum
2432 2756 2596 2810 etiam
2644 2753 2922 2825 particeps
2975 2752 3074 2805 tias
3134 2750 3432 2804 bonorum.

1830 2848 2218 2912 ineﬂ’abilium,
2253 2845 2667 2916 propositorum
2694 2841 3012 2897 amantibus
3029 2841 3228 2895 Deum:

1902 2941 1990 2996 15.
2013 2937 2493 3007 contemplatione
2524 2936 2626 2990 ista
2660 2933 2923 3003 Symeoni
2969 2933 3209 3001 objecta,
3232 2930 3414 2985 scien»

1833 3034 1906 3089 tia
1931 3032 2180 3104 quaedam
2242 3030 2533 3099 plusquam
2587 3027 2851 3090 humana,
2918 3037 3041 3094 quae
3096 3022 3316 3104 occulta
3358 3030 3415 3076 et

1833 3102 2008 3180 aciem
2038 3130 2284 3177 nostram
2308 3118 2576 3190 fugientia
2603 3117 2898 3178 revelaret,
2944 3102 3281 3169 mirabiliter
3320 3111 3411 3166 ei-

172 3206 393 3276 Ὀλίγαις
433 3208 497 3263 δὲ
543 3208 774 3279 ὕστερον
811 3209 1049 3279 ἡμέραις
1076 3209 1179 3279 ὁρᾷ
1208 3207 1372 3289 πάλιν
1401 3207 1495 3261 ὑπ’
1529 3208 1731 3276 ὀφθαλ-

1839 3216 1967 3272 dem
2003 3214 2268 3269 attributa
2304 3219 2410 3267 est.
2435 3210 2633 3266 Paucis
2658 3216 2786 3281 post
2806 3207 3007 3263 diebus
3038 3205 3189 3261 videt
3221 3206 3409 3260 denuo

165 3294 281 3362 μοὺς
307 3296 476 3367 ἀνδρα
511 3294 989 3366 λευχειμονοῦντα,
1012 3296 1091 3360 ὃς,
1129 3294 1437 3349 Ἀκολούθει
1464 3312 1577 3365 μοι,
1604 3295 1729 3366 ἔφη.

164 3384 258 3448 Καὶ
279 3386 308 3439 6
332 3387 433 3458 μὲν
473 3386 765 3457 ἠκολούθει
793 3388 1137 3461 παραχρῆμα
1164 3390 1232 3459 τῇ
1256 3388 1384 3457 σκιᾷ
1414 3388 1508 3440 τοῦ
1537 3388 1731 3456 ὀφθέν-

166 3491 270 3537 τοςο
304 3477 334 3530 6
364 3476 422 3530 δὲ
462 3476 610 3531 κατά
630 3478 732 3548 τὴν
764 3477 1059 3550 Τιϐερινὴν
1092 3478 1296 3546 ἀπάγει
1337 3478 1522 3547 χώραν
1547 3478 1731 3545 αὐτὸν,

166 3564 247 3633 τὴν
274 3566 376 3618 ὑπὸ
414 3568 487 3638 τῇ
523 3566 725 3636 γείτονι
765 3567 1031 3639 Σελευκίᾳ
1064 3566 1325 3637 κειμένην
1359 3567 1453 3620 ἐπί
1487 3584 1611 3621 τινα
1641 3569 1733 3621 τό·

168 3671 269 3721 πον,
296 3659 351 3711 ἐν
450 3659 678 3729 χωρίον,
701 3658 842 3713 Πίλα
878 3658 1099 3730 συνήθει
1136 3659 1350 3728 γλώττῃ
1378 3658 1733 3728 καλούμενον,

168 3740 242 3817 ἦν.
274 3749 555 3808 Ἐνταῦθα,
567 3749 862 3821 τοιγαροῦν
886 3753 913 3805 ὁ
936 3749 1162 3821 Συμεὼν
1186 3749 1291 3804 ἀνὰ
1319 3750 1422 3817 τὴν
1450 3750 1545 3803 τοῦ
1575 3750 1736 3822 ὅρους

169 3838 383 3912 ἐρημίαν
432 3842 546 3896 ὑπὸ
585 3841 797 3913 θηρίοις
825 3842 1005 3912 διῆγε,
1042 3842 1222 3914 μόνοις
1263 3842 1413 3913 ω)τῷ
1461 3846 1737 3906 κοινωνοῖς

170 3930 251 3999 τῆς
276 3932 509 4004 διαίτης,
542 3932 800 3988 πλουσίου
830 3932 1000 3988 νύκτα
1031 3933 1126 3987 καὶ
1147 3933 1360 4004 ἡμέρας
1414 3931 1593 4001 φωτὸς
1645 3931 1737 3985 ἅν-

171 4020 294 4076 ωθεν
324 4025 642 4089 ἀπολαύων,
678 4025 775 4079 καὶ
807 4019 906 4078 ὑπὸ
938 4022 1032 4078 τοῦ
1055 4023 1313 4093 ὀφθέντος
1335 4022 1484 4093 αὐτῷ
1530 4022 1740 4093 λευχεί-

175 4129 315 4182 μονος
346 4117 543 4188 ἀνδρὸς
563 4116 946 4187 ὀδηγούμενος,
981 4115 1039 4179 ὃς
1070 4115 1219 4185 αὐτῷ
1253 4117 1346 4169 καὶ
1372 4113 1442 4168 τά
1466 4114 1737 4183 ἀναγκαία

171 4204 403 4279 ἐπήρκει.
461 4207 707 4279 Ἡμέρας
758 4206 858 4277 μὲν
895 4206 959 4277 δή
998 4224 1151 4270 τινας
1201 4206 1329 4277 τῇδε
1372 4205 1737 4276 διεκαρτέρει,

170 4291 273 4351 εἶτα
318 4302 419 4356 καὶ
465 4299 616 4370 αὐτῷ
670 4298 1015 4367 προσϐαίνων
1059 4299 1160 4369 ἤδη
1206 4297 1283 4367 τῷ
1315 4298 1456 4367 ὄρει,
1494 4297 1741 4368 εὑρίσκει

173 4386 326 4463 βραχὺ
359 4393 754 4463 μοναστὴριον,
779 4392 840 4447 ἐν
871 4385 916 4460 ᾧ
952 4408 1035 4454 τις
1074 4391 1350 4460 Ἰωάννης,
1376 4383 1580 4461 ἀρετὴν
1614 4405 1743 4459 μετ-

175 4481 255 4537 ιὼν
279 4487 441 4558 ἀνὴρ,
474 4485 567 4538 ἐπὶ
615 4484 827 4555 βάσεως
861 4484 1151 4550 ἱστάμενος
1181 4478 1270 4553 ἦν,
1302 4476 1347 4551 ᾧ
1376 4483 1470 4537 καὶ
1515 4483 1621 4554 πρὸ
1647 4481 1740 4535 τοῦ

1834 3307 2042 3370 virum,
2096 3303 2225 3362 albo
2257 3301 2592 3357 vestimento
2636 3299 2930 3362 amictum,
2987 3297 3411 3365 dicentemque:

1835 3398 2083 3466 Sequere
2112 3407 2220 3447 me.
2256 3391 2353 3447 Ille
2383 3396 2571 3446 autem
2594 3388 2934 3459 sequebatur
2980 3387 3252 3442 continuo
3299 3400 3420 3439 um-

1836 3488 1993 3543 bram
2046 3481 2365 3554 apparentis
2410 3480 2537 3544 sibi,
2588 3479 2957 3548 ducentisque
3010 3478 3068 3532 in
3132 3476 3417 3548 regionem

1838 3576 2181 3638 Tiberinam,
2226 3572 2590 3629 contermina:
2642 3570 2911 3625 Seleucia:
2958 3569 3293 3638 subjectum.
3349 3567 3419 3620 ad

1836 3669 2019 3724 locum
2050 3663 2368 3734 quemdam,
2395 3670 2665 3719 consueto
2720 3660 2919 3714 incolis
2974 3658 3259 3723 idiomate,
3304 3657 3418 3711 Pila

1840 3756 2201 3828 appellatum.
2224 3753 2325 3813 Hic
2356 3753 2595 3824 Symeon
2652 3749 2879 3804 deserto
2904 3749 2961 3801 in
3011 3754 3200 3800 monte
3250 3758 3420 3813 agens

1841 3850 1984 3903 inter
2010 3845 2177 3907 feras,
2207 3859 2345 3914 quas
2368 3843 2514 3898 solas
2534 3841 2666 3903 vitae
2688 3855 2801 3895 suae
2831 3845 3119 3893 consortes
3151 3835 3418 3899 habebat,

1839 3939 2067 4009 cepioso
2138 3935 2348 3989 lumine
2398 3933 2622 3989 cmlitus
2648 3931 2899 3986 immisso
2957 3928 3055 3983 diu
3124 3934 3413 3993 noctuque

1839 4023 2268 4094 perfruebatur;
2301 4021 2542 4076 ducente
2589 4035 2692 4090 per
2744 4016 2929 4074 omn-ia
2977 4015 3100 4071 vino
3166 4013 3283 4077 illo,
3321 4013 3423 4083 qui

1843 4114 2173 4170 candidatus
2200 4121 2630 4183 apparuerat,et
2678 4109 2995 4167 necessaria
3045 4107 3171 4164 vita:
3215 4121 3421 4176 suppe-

1843 4207 2077 4262 ditante.
2102 4204 2331 4275 Aliquot
2358 4203 2481 4261 istic
2508 4204 2614 4262 loci
2661 4204 2783 4259 dies
2826 4201 3173 4274 perduravit,
3219 4198 3425 4255 deinde

1844 4299 2027 4368 ipsum
2054 4312 2281 4368 quoque
2309 4305 2555 4351 montem
2587 4296 2998 4359 conscendens,
3030 4293 3295 4363 exiguum
3332 4290 3419 4351 in:

1844 4390 2418 4449 venitmonesterium
2445 4406 2481 4456 ς,
2508 4389 2568 4445 in
2593 4394 2720 4461 ‘quo
2772 4388 2981 4460 degens
3021 4386 3112 4441 vir
3147 4384 3421 4455 .quidam,

1844 4482 2091 4539 Joannes
2105 4479 2332 4537 nomine
2367 4478 2467 4551 (ί),
2491 4479 2718 4535 virtutis
2754 4476 3056 4533 admodum
3113 4474 3425 4539 studiosus,

172 4574 249 4626 τὸν
272 4575 497 4647 Συμεὼν
528 4576 786 4644 ἐπιϐῆναι
830 4575 925 4629 τοῦ
954 4574 1135 4646 ὅρους,
1170 4575 1363 4628 πολλαὶ
1410 4574 1539 4646 περὶ
1572 4572 1731 4629 αὐτοῦ

1849 4573 2034 4630 stabat
2057 4587 2230 4643 super
2252 4572 2460 4628 basim:
2490 4573 2583 4627 cui
2626 4571 2748 4627 viro
2795 4572 2953 4642 prius
2986 4571 3157 4625 etiam
3215 4568 3285 4624 de
3327 4568 3430 4639 Sy‘

174 4663 415 4731 πολλάκις
443 4668 721 4737 ἐφάνησαν
740 4666 914 4736 ὄψεις.
945 4667 1083 4721 Ποτὲ
1117 4667 1216 4737 μὲν
1246 4665 1358 4737 γάρ
1392 4665 1561 4720 παῖδα
1585 4664 1735 4735 ἐώρα

173 4751 627 4828 λευχειμονοῦντα,
654 4758 740 4811 ἐπ’
761 4757 1037 4831 ὀχήματος
1078 4757 1379 4827 φερόμενον
1406 4754 1503 4809 ἐπὶ
1522 4756 1622 4827 τὴν
1641 4771 1738 4833 μο-

174 4845 288 4915 νήν·
318 4850 449 4904 ποτὲ
477 4850 537 4903 δὲ
568 4850 727 4907 πάλιν
757 4851 817 4903 ἐν
844 4849 970 4920 ἀέρι
1011 4850 1183 4919 μέσῳ,
1218 4846 1396 4918 στύλῳ
1430 4848 1609 4917 φωτὸς
1644 4847 1734 4901 ὁδ-

176 4938 481 5008 ηγούμενον,
525 4942 620 4995 καὶ
658 4939 1218 5013 συμπριῖστάμενον,
1265 4942 1361 4994 καὶ
1418 4940 1515 5010 τῆς
1567 4939 1735 5010 μονῆς

177 5024 507 5088 ἐπιϐαίνοντα.
545 5049 561 5063 ·
620 5031 809 5087 ἄλλοτε
858 5031 917 5085 δέ
975 5032 1322 5102 προσάγοντα
1388 5033 1486 5101 μὲν
1528 5031 1628 5102 ἤδη
1676 5033 1742 5101 τῇ

181 5122 302 5190 μονῇ
361 5122 454 5176 τὸν
505 5122 671 5175 παῖδα
700 5164 716 5188 ,
766 5122 999 5191 ἄγγελον
1050 5122 1107 5176 δὲ
1153 5121 1297 5192 ἀετῷ
1356 5122 1544 5175 τοῦτον
1610 5122 1744 5176 ὑπο-

177 5202 463 5273 δεικνύντα,
497 5211 615 5274 καὶ,
650 5204 822 5274 Οὗτος
851 5212 1083 5276 ἐκεῖνος,
1104 5211 1354 5278 λέγοντα,
1387 5211 1454 5264 δι’
1479 5203 1541 5263 οὗ
1574 5210 1746 5275 σώζε-

182 5296 292 5351 σθαι
338 5300 573 5371 μέλλοις.
614 5302 800 5356 Ταῦτα
851 5304 882 5355 6
936 5303 1037 5372 μὲν
1087 5301 1249 5371 δρῶν,
1296 5300 1409 5366 τοῖς
1458 5303 1555 5355 σὺν
1599 5301 1748 5372 αύτῷ

186 5395 418 5461 μοναχοίς
444 5392 647 5464 διεξῄει
667 5410 679 5423 ο
700 5396 1007 5459 μονωτάτου
1028 5393 1088 5447 δὲ
1122 5393 1225 5465 ῆδη
1247 5396 1313 5464 τῇ
1351 5395 1488 5464 μονῇ
1519 5392 1611 5446 to)
1641 5394 1745 5446 Συ-

246 5524 315 5593 (ι)
340 5525 621 5596 Nusquam
648 5528 990 5583 mentionem
1016 5528 1238 5598 reperio
1262 5528 1428 5593 huius
1452 5528 1558 5582 viri
1595 5529 1744 5598 apud

184 5589 404 5675 Graecos,
444 5589 570 5675 cum
603 5605 789 5675 tamen
821 5608 1026 5675 praeter
1058 5589 1163 5653 alia
1204 5589 1744 5675 virtu-tisnadlnodum

185 5664 425 5744 studiosus
456 5667 573 5744 hie,
596 5664 897 5744 et_pfacide
919 5680 1345 5744 mortuusAnum.
1374 5668 1464 5744 45,
1494 5666 1741 5744 dicatur;

186 5738 233 5804 et
271 5736 320 5786 in
368 5736 485 5791 Vita
531 5736 594 5792 Β.
649 5736 892 5804 Martius,
940 5755 1096 5794 num.
1148 5738 1239 5802 ‘22,
1280 5738 1452 5791 sancti
1519 5737 1744 5791 nomine

186 5798 612 5878 decoretur:_Est
647 5817 830 5862 autem
877 5798 987 5872 ille,
1048 5808 1142 5878 qui
1186 5798 1236 5878 Aa
1279 5807 1495 5878 lladero
1553 5815 1745 5861 nostro

192 5878 330 5937 parte
376 5892 430 5933 tu
463 5875 735 5944 Viridarii,
790 5893 907 5948 cap.
962 5882 1014 5945 4,
1067 5874 1140 5934 Dc
1174 5874 1397 5949 Slylt'lis,
1436 5883 1741 5948 Anonymus

1818 4681 2049 4723 "meone
2068 4665 2392 4735 frequentes
2421 4663 2740 4736 obtigerant
2765 4662 3030 4729 visiones,
3058 4676 3224 4731 quam
3269 4661 3318 4717 is
3357 4659 3445 4717 ad:

1846 4768 2092 4815 montem
2117 4759 2456 4815 advenisset.
2488 4758 2642 4813 Alias
2662 4756 2865 4827 quippe
2882 4770 3136 4827 puerum,
3191 4752 3429 4809 candido

1847 4848 2053 4903 amictu
2082 4846 2512 4912 circumdatum,
2554 4846 2611 4901 in
2630 4844 3029 4900 monasterium
3058 4858 3227 4899 curru
3267 4841 3427 4907 vehi;

1847 4941 1987 4995 alias
2029 4953 2229 4993 rursus
2284 4952 2385 5007 per
2438 4937 2682 4999 medium
2733 4951 2884 5002 aera,
2933 4935 3210 4991 columna-
3239 4932 3445 4989 lucida.

1842 5029 1989 5083 viam
2018 5002 2386 5091 monstrante,
2417 5026 2714 5097 ipsumque
2746 5026 3050 5091 ambiente,
3088 5023 3298 5133 jeodem
3323 5002 3453 5133 ρει-ξ

1845 5127 2070 5174 netrare
2091 5123 2476 5187 conspexerat.
2502 5116 2721 5172 Accidit
2750 5130 2971 5187 quoque
3010 5104 3205 5171 eodem
3249 5104 3452 5187 addu-§

1845 5217 1993 5265 ctum
2026 5209 2223 5265 Joanni
2252 5202 2500 5264 eihiberi
2536 5209 2605 5264 ab
2631 5208 2850 5279 angelo,
2885 5192 3106 5264 dicente
3136 5222 3152 5261 ;
3188 5206 3293 5262 llic
3338 5204 3433 5260 ille

1845 5311 1947 5366 est,
1979 5317 2079 5373 per
2105 5317 2271 5371 quem
2302 5301 2537 5357 salutem
2584 5311 2991 5357 consecuturus
3044 5315 3123 5355 es.
3156 5298 3303 5362 Haec,
3335 5295 3431 5351 illo
3546 5308 3553 5314 ’

1846 5409 1958 5464 quo
1981 5392 2202 5449 videbat
2232 5403 2477 5463 tempore
2509 5393 2676 5450 sociis
2701 5393 2818 5448 suis
2847 5390 3135 5448 monachis
3170 5388 3450 5449 retulerat.

1853 5529 2068 5603 Styla’ta,
2095 5528 2369 5603 Symeonis
2387 5531 2623 5603 Ιιέιιίονίε
2644 5533 2897 5601 magister
2923 5539 3298 5603 nuncupatur,
3323 5547 3433 5586 non

1850 5600 2043 5672 parum
2078 5600 2380 5657 obstrictus
2432 5600 2574 5672 Viue
2604 5600 2758 5672 hujus
2813 5604 3059 5671 scriptori
3116 5600 3433 5672 Nicephora,

1849 5671 1998 5739 quod
2047 5679 2173 5740 post
2219 5679 2302 5727 tot
2330 5672 2529 5727 saecula
2563 5670 2840 5727 beneflcio
2870 5670 3039 5737 illius,
3073 5686 3185 5725 non
3222 5670 3433 5726 tantum

1851 5743 2161 5822 innotescat
2212 5742 2541 5822 nominatim
2574 5741 2809 5822 Latinis,
2838 5741 2943 5822 sed
2985 5741 3184 5796 famam
3204 5754 3436 5811 quoque

1851 5811 2165 5867 sanctitatis
2216 5819 2269 5866 et
2323 5812 2552 5869 odorem
2600 5812 2870 5868 virtutum
2930 5811 3037 5867 late
3084 5820 3323 5882 spargat.

3257 434 3418 500 ,Μ

3436 1008 3444 1037 ⁸.

3435 1042 3444 1099 ι
