3898 6410
487 433 629 505 9999

1688 445 1747 505 S.
1787 441 2085 504 SYMEON
2092 441 2163 502 IS
2198 445 2557 510 JUNIORIS

3595 461 3725 524 3000

488 548 729 613 Joannes
757 569 770 603 :
798 567 946 613 nunc
980 567 1111 607 vero
1157 539 1307 607 cum.
1343 552 1579 625 Symeon
1632 555 1691 610 in
1733 556 2062 611 monasterio

2176 561 2322 629 μεὼν
2355 564 2699 632 ἐπιστάντος,
2733 568 2812 630 εὶς
2836 566 2933 630 τὰς
2955 564 3160 631 οίκείας
3182 568 3545 642 ἀποκαλύψεις
3573 576 3725 637 εὐθὺς

488 641 608 715 ipse
641 642 1012 712 comparebat,
1047 643 1324 713 extemplo
1352 645 1590 700 contulit
1612 646 1790 716 ipsum
1823 662 1947 701 cum
1982 661 2068 701 re-

489 733 859 791 velationibus
885 734 1030 788 suis:
1055 743 1355 805 certusque
1384 736 1639 792 eumdem
1664 752 1807 800 esse,
1829 738 1925 807 qui
1956 738 2069 793 fre-

486 834 725 895 quenter
755 826 931 885 oculis
960 826 1077 881 suis
1117 826 1372 898 objectus
1415 829 1637 893 fuerat,
1667 830 1906 900 spiritali
1937 845 2065 899 per-

485 916 819 972 fundebatur
866 918 1172 987 voluptate,
1216 920 1531 990 gratiasque
1573 923 1683 976 Deo
1735 937 1847 992 pra:
1879 920 2066 976 exsul-

485 1010 690 1088 tatione
726 1008 983 1081 lacrymis
1040 1011 1225 1079 potius
1266 1027 1429 1081 quam
1472 1013 1635 1068 labiis
1691 1014 2061 1084 persolvebat.

557 1099 639 1153 Μ.
675 1099 889 1153 Exinde
913 1099 1153 1170 Sytneon
1191 1100 1392 1156 diebus
1432 1112 1666 1171 septem,
1718 1118 1918 1172 expers
1964 1118 2064 1156 cu-

482 1206 700 1256 rarum,
737 1191 859 1247 sibi.
875 1192 971 1247 uni
1002 1206 1230 1255 vacans,
1262 1208 1447 1262 neque
1483 1194 1717 1248 verbum
1747 1193 2060 1263 promebat,

478 1296 660 1351 neque
707 1282 960 1337 alimenti
1011 1285 1320 1354 quidquam
1381 1284 1745 1348 admittebat;
1792 1283 2061 1351 obstupe-

376 1383 403 1401 ”
478 1384 668 1429 scente
695 1376 959 1444 praedicto
988 1377 1110 1435 viro
1143 1378 1261 1439 Dei,
1319 1376 1601 1446 quomodo
1626 1375 1679 1428 in
1720 1384 1827 1433 tam
1872 1384 2060 1431 tenera

476 1468 791 1537 acjuvenili
814 1477 978 1526 aetate
1005 1468 1242 1525 arduum
1272 1468 1410 1525 adeo
1434 1468 1781 1538 rigidumque
1814 1468 1937 1523 vitae
1978 1467 2062 1521 in-

477 1558 736 1613 stitutum
773 1560 978 1614 sectari
1017 1572 1223 1628 posset.
1280 1559 1553 1627 Deinceps
1600 1557 1851 1627 profecto
1895 1556 2061 1611 tertio

476 1665 700 1720 quoque
730 1650 845 1717 die,
868 1658 967 1704 aut
993 1651 1252 1720 septimo,
1288 1649 1575 1704 autetiam
1625 1648 1845 1703 decimo
1896 1662 2060 1716 repa-

478 1740 641 1798 rabat
684 1748 897 1794 tantum
956 1740 1127 1803 vires,
1187 1741 1380 1810 paucis
1426 1739 1758 1809 quibusdam
1791 1753 1895 1808 pro
1933 1738 2060 1792 cibo

481 1828 782 1884 maceratis
810 1828 1189 1901 leguminibus
1211 1844 1336 1882 cum
1368 1844 1510 1898 aqua
1537 1827 1790 1897 sumptis.
1841 1825 1934 1880 Sic
1960 1825 2061 1879 ita-

2169 652 2198 704 ὁ
2237 651 2379 716 θεῖος
2418 652 2560 724 ἀνὴρ
2590 656 2801 719 ἐκεῖνος
2825 654 3159 725 ἀνενεγκὼν,
3192 660 3286 713 καὶ
3321 661 3505 717 τοῦτον
3530 666 3725 720 ἐκεῖνον

2168 740 2259 794 τὸν
2305 740 2455 812 αὐτῷ
2500 742 2761 809 πολλάκις
2808 747 3041 813 ὀφθέντα
3090 744 3228 802 εἶναι
3280 753 3484 813 συνεὶς,
3534 757 3728 823 μεστὴν

2169 831 2257 882 ἐπ’
2292 831 2441 901 αὐτῷ
2485 832 2582 903 τὴν
2627 833 2805 905 ψυχὴν
2839 835 3033 905 ἡδονῆς
3071 837 3217 907 ἔσχε,
3248 838 3343 891 καὶ
3367 838 3486 910 Θεῷ
3513 841 3728 914 δάκρυσι

2172 922 2373 988 μᾶλλον
2398 924 2773 990 ἀγαλλιάσεως
2796 927 2827 995 ἢ
2854 928 3089 995 χείλεσιν
3117 930 3459 999 ηὑχαρίστει.

2244 1097 2325 1150 ιδ’.
2374 1097 2609 1171 Ἑϐδόμη
2662 1102 2839 1155 τοίνυν
2893 1104 3022 1174 ἐξῆς
3056 1106 3240 1177 ἡμέρᾳ
3282 1109 3567 1178 ἡσυχάζων
3613 1108 3734 1183 ἧνὺ

2168 1188 2413 1258 Συμεὼν,
2445 1191 2537 1243 καὶ
2566 1193 2713 1263 μόνῳ
2738 1194 2910 1247 συνὼν
2936 1197 3115 1264 ἐαυτῷ
3142 1239 3155 1265 ,
3185 1200 3321 1268 μήτε
3347 1218 3399 1252 τι
3425 1203 3753 1273 προϊέμενος

2167 1279 2342 1347 ῥῆμα,
2375 1282 2514 1351 μήτε
2544 1284 2668 1336 τινὰ
2705 1288 2911 1357 τροφὴν
2941 1290 3302 1359 προσιέμενος
3328 1329 3342 1351 ,
3373 1290 3447 1352 ὡς
3474 1294 3736 1364 ἐκπεπλῆκ

2163 1371 2291 1442 χθαι
2320 1374 2412 1425 τὸν
2440 1374 2580 1428 θεῖον
2611 1376 2817 1431 ἐκεῖνον
2838 1379 3026 1451 ἄνδρα,
3049 1380 3198 1444 ὅπως
3220 1384 3277 1434 ἐν
3301 1382 3492 1451 ἁπαλῷ
3512 1384 3604 1452 τῆς
3629 1386 3737 1456 ἡλι-

2163 1462 2288 1526 κίας
2322 1465 2415 1533 καὶ
2448 1466 2629 1537 νεαρῷ
2659 1471 2921 1539 τραχεῖαν
2946 1468 3091 1523 οὕτω
3120 1474 3215 1524 καὶ
3252 1472 3496 1541 σκληρὰν
3526 1474 3733 1547 ἀγωγὴν

2162 1553 2510 1608 ἐπεδείκνυτο
2530 1573 2543 1585 ’
2571 1555 2761 1609 ἔπειτα
2796 1558 2979 1628 μέντοι
3008 1558 3099 1612 διὰ
3124 1560 3337 1630 τρίτης,
3366 1562 3398 1630 ἦ
3421 1561 3671 1634 ἑϐδόμης,
3704 1563 3732 1632 ἢ

2161 1645 2254 1698 καὶ
2277 1647 2509 1716 δεκάτης
2538 1649 2796 1717 ἐτρέφετο
2826 1650 3040 1721 βρεκτῷ
3065 1669 3171 1704 τινι
3199 1651 3394 1722 βραχεῖ
3414 1653 3624 1725 ὀσπρίῳ
3651 1657 3735 1708 καὶ

2164 1732 2336 1787 ὕδατι.
2375 1736 2682 1803 Προέκοπτε
2715 1740 2892 1791 τοίνυν
2923 1740 3111 1812 ὥσπερ
3145 1744 3247 1812 τὴν
3277 1743 3494 1813 ἠλικίαν
3516 1744 3652 1797 οὕτω
3677 1744 3734 1813 δὴ

2162 1827 2258 1878 καὶ
2289 1827 2388 1897 τὴν
2421 1829 2671 1899 ἄσκησιν,
2708 1832 2909 1902 μακρῷ
2941 1833 2998 1885 δὲ
3029 1835 3128 1902 τῆς
3153 1836 3445 1906 ἀσκήσεως
3477 1837 3670 1905 μᾶλλον
3706 1840 3732 1906 ἡ

476 1934 584 1989 que
606 1918 958 1989 proﬁciebat,
986 1919 1151 1979 sicuti
1172 1928 1358 1984 aetate,
1386 1920 1460 1973 ita
1496 1919 1895 1973 exercitatione
1939 1917 2057 1970 Vir-

2171 1916 2348 1985 ᾐλικία
2381 1918 2649 1973 ἐλείπετο.
2676 1915 2782 1973 Ἦν
2810 1922 2865 1974 δέ
2897 1922 2990 1976 καὶ
3028 1922 3126 1994 τὴν
3160 1924 3305 1977 ίδέαν
3354 1929 3377 1979 ἐ
3413 1925 3631 1995 Συμεὼν
3655 1928 3735 1979 εύο

479 2021 686 2078 tutum,
733 2027 1050 2082 quanquam
1076 2012 1195 2066 ba‘c
1222 2012 1383 2081 longe
1417 2011 1591 2081 magis
1638 2010 1797 2063 illam
1831 2023 2061 2077 supera-

480 2104 594 2157 bat.
657 2104 791 2157 Erat
844 2113 1114 2173 prteterea
1159 2104 1406 2172 speciosa
1465 2111 1807 2170 venusteque
1863 2099 2058 2163 forma,

477 2198 694 2267 capillis
714 2214 912 2252 aurum
965 2196 1154 2252 colore
1200 2194 1594 2261 referentibus,
1659 2200 1716 2260 et
1764 2190 2060 2246 oculorum

477 2287 747 2359 dignitate
774 2286 1041 2357 insignis:
1069 2293 1187 2341 erat
1224 2285 1280 2338 in
1309 2282 1634 2339 disserendo
1662 2289 1976 2351 promptus,
2004 2279 2060 2332 in

480 2378 873 2448 respondendo
907 2377 1174 2449 prudens,
1206 2376 1393 2430 divina
1442 2374 1650 2445 ubique
1677 2371 1853 2443 gratia
1896 2370 2055 2424 caeli-

479 2485 567 2527 tus
590 2472 751 2542 plane
780 2471 928 2536 data,
954 2470 1247 2541 perspicue
1273 2468 1328 2522 in
1355 2469 1476 2537 ipso
1522 2467 1904 2521 elucescente.
1935 2461 2061 2527 llaec

481 2564 684 2636 decora
726 2562 841 2631 ille,
871 2563 964 2632 qui
1008 2562 1199 2632 probis
1219 2559 1482 2615 omnibus
1535 2556 1775 2621 invidet;
1830 2554 1945 2617 ille,
1978 2552 2062 2605 in—

477 2668 665 2723 quam,
690 2653 782 2722 qui
812 2653 923 2722 jam
946 2651 1072 2706 inde
1099 2667 1129 2705 a
1164 2665 1350 2715 rerum
1380 2646 1612 2703 exordio
1652 2642 2061 2698 infensissimus

473 2745 695 2816 generis
723 2745 899 2800 nostri
947 2744 1122 2799 hostis
1143 2741 1374 2805 exstitit,
1427 2738 1691 2809 nequibat
1724 2736 1897 2800 ferre;
1962 2731 2059 2788 sed

476 2840 531 2892 in
562 2837 884 2907 quemdam,
911 2836 1061 2890 haud
1092 2835 1282 2905 procul
1330 2830 1667 2887 monasterio
1725 2833 2055 2890 morantem,

472 2944 740 2999 pecorum
779 2938 1078 2999 pastorem,
1111 2926 1365 2990 subdole,
1435 2924 1516 2977 uti
1574 2923 1796 2976 malitiae
1817 2921 1936 2992 ejus
1978 2918 2060 2973 fa-

474 3020 691 3090 miliare.
715 3029 820 3085 est,
856 3021 1182 3090 ingressus;
1213 3025 1363 3071 tanta
1404 3014 1698 3069 hominem
1769 3011 1974 3065 invidia
2006 3011 2061 3064 in

2170 2007 2459 2075 πρόσωπος
2521 2012 2636 2082 καὶ,
2681 2014 2936 2080 τερπνὸς,
2999 2016 3286 2086 ἐπιχρύσῳ
3344 2034 3401 2070 τε
3459 2018 3601 2089 κόμῃ
3651 2022 3735 2071 καὶ

2167 2099 2462 2169 ὀφθαλμῶν
2510 2104 2694 2157 κάλλει
2737 2108 3146 2176 κοσμούμενος·
3203 2104 3275 2179 ἦν
3326 2108 3382 2161 δὲ
3429 2111 3523 2162 καὶ
3572 2110 3734 2177 λέγειν

2167 2188 2404 2259 ἕτοιμος,
2435 2192 2568 2246 ἀλλά
2611 2195 2703 2248 καὶ
2752 2200 2970 2261 ουνετδς
3014 2198 3428 2271 ἀποκρίνεσθαι.
3467 2197 3612 2261 θείας
3640 2200 3733 2253 ῶσ-

2168 2297 2274 2349 περ
2307 2282 2459 2352 αὐτῷ
2489 2286 2711 2355 χάριτος
2747 2287 2955 2343 ἄνωθεν
2998 2290 3045 2357 (ὃ
3077 2290 3171 2344 καὶ
3201 2295 3326 2354 ταῖς
3356 2290 3626 2359 ἀληθείαις
3653 2286 3732 2359 ἦν)

2169 2376 2484 2442 περιφανῶς
2514 2378 2859 2449 ἐπανθούσης
2878 2397 2889 2410 ο
2924 2382 2979 2445 ἃ,
3007 2382 3097 2435 τὸν
3126 2386 3240 2446 τοῖς
3270 2383 3493 2450 ἀγαθοῖς
3525 2381 3736 2452 βασκαί-

2166 2481 2324 2517 νοντα
2372 2469 2529 2532 πᾶσι,
2573 2471 2662 2523 τὸν
2710 2472 2771 2537 ἐξ
2803 2475 2978 2544 ἀρχῆς
3003 2476 3148 2542 λέγω
3195 2477 3276 2546 τῷ
3312 2476 3564 2545 misti-Epig)
3595 2475 3734 2541 γένει

2167 2557 2448 2627 πολέμιον,
2480 2563 2579 2615 οὐκ
2604 2558 2673 2633 ἦν
2700 2565 2961 2632 ἐνεγκεῖν,
2995 2567 3130 2621 ἀλλά
3166 2585 3293 2620 τινα
3330 2568 3479 2637 παρὰ
3515 2568 3578 2634 τῇ
3612 2566 3731 2634 μονῇ

2167 2650 2405 2717 ποιμένα
2430 2651 2764 2721 θρεμμάτων
2794 2655 2820 2705 ὁ
2860 2656 3047 2720 σκαιὸς
3078 2657 3304 2721 ὑποδὺς,
3362 2659 3499 2726 ὅπερ
3535 2657 3595 2725 δὴ
3625 2658 3738 2724 τρό-

2165 2753 2263 2811 πος
2321 2740 2419 2807 τῆς
2471 2743 2679 2796 ἐκείνου
2723 2747 3105 2815 κακοτεχνίας,
3160 2747 3419 2799 τοσοῦτον
3472 2744 3629 2798 αὑτοῦ
3676 2744 3731 2810 τῇ

2162 2830 2306 2904 ψυχῇ
2346 2833 2540 2902 φθόνον
2574 2837 2675 2905 τῆς
2718 2838 2928 2892 ἐκείνου
2965 2842 3165 2910 ἀρετῆς
3196 2842 3529 2903 ύπανάπτει,
3554 2837 3624 2900 ὡς
3651 2837 3735 2888 καὶ

2164 2920 2324 2988 φόνον
2346 2925 2432 2976 ἐπ’
2459 2927 2619 2981 αὐτὸν
2637 2928 2867 2991 ὠδίνειν,
2885 2930 2979 2981 καὶ
3000 2930 3100 3000 ἤδη
3129 2948 3205 2983 πα
3215 2929 3577 3001 ραπειρᾶσθαι
3601 2927 3734 2987 ὅπως

2164 3010 2231 3064 ἂν
2258 3011 2436 3065 ἀνέλοι
2468 3015 2653 3069 τοῦτον
2682 3018 2781 3087 τῆς
2816 3020 2983 3089 μονῆς
3005 3021 3393 3088 ὑπεξαγαγὼν.

476 3113 656 3171 virum
686 3119 938 3166 sanctum
970 3111 1040 3166 ob
1077 3111 1345 3164 virtutum
1376 3110 1497 3177 ejus
1520 3105 1787 3176 fulgorem
1811 3104 2133 3168 inﬂammat,
2158 3110 2221 3156 ut
2259 3113 2493 3158 mortem
2536 3103 2612 3159 illi
2671 3110 2833 3163 anxie
2874 3111 3330 3180 machinaretur;
3362 3114 3578 3184 jamque
3603 3112 3730 3165 viam

485 3203 824 3273 modumque
866 3201 1344 3272 circumspiceret,
1386 3213 1495 3271 quo
1541 3206 1868 3276 conceptum
1911 3194 2094 3248 animo
2123 3193 2305 3249 scelus
2339 3210 2505 3264 opere
2540 3197 2860 3266 compleret,
2901 3216 3070 3271 seque
3098 3218 3128 3257 e
3156 3203 3496 3258 monasterio
3530 3202 3740 3271 impune

481 3298 842 3363 subduceret.
1420 3298 1421 3301 “

556 3391 640 3447 15.
680 3392 822 3447 Dum
849 3393 1040 3447 istbmc
1142 3407 1375 3463 nequam
1457 3391 1546 3445 ille
1580 3388 2056 3448 volxebatanimu,

2241 3388 2318 3433 ιε’.
2357 3379 2543 3435 Ταῦτα
2598 3387 2627 3437 ὁ
2680 3387 2778 3454 μὲν
2823 3387 3051 3458 ἔστρεφε
3105 3391 3226 3445 καθ’
3263 3393 3475 3456 ἑαυτὸν,
3518 3392 3606 3446 καὶ
3655 3390 3732 3444 διὰ

480 3484 839 3555 studioseque
860 3485 1093 3539 actitare
1118 3486 1425 3539 conabatur
1452 3524 1466 3547 ,
1499 3483 1664 3545 Deus,
1709 3481 1804 3551 qui
1838 3480 2062 3549 Symeo-

2172 3476 2410 3546 σπουδῆς
2474 3478 2730 3533 ἐποιεῖτο.
2781 3480 2912 3543 Θεὸς
2972 3482 3028 3536 δέ
3077 3484 3106 3534 ὁ
3155 3486 3255 3538 καὶ
3284 3487 3391 3555 πρὸ
3439 3484 3732 3555 συλλήψεως

492 3594 621 3641 nem
646 3578 965 3648 priusquam
1001 3578 1392 3646 conciperetur
1424 3574 1912 3643 praadestinavcrat
1933 3568 2061 3632 sibi,

478 3686 592 3726 non
619 3668 1032 3725 deeratfamulo
1050 3683 1186 3727 suo:
1217 3684 1342 3721 nam
1360 3666 1602 3721 hominis
1631 3663 1826 3717 nefarii
1846 3676 2060 3720 manus,

481 3765 592 3833 jam
624 3761 875 3832 proxime
929 3759 1124 3813 sceleri
1174 3757 1536 3821 admovenda,
1595 3761 1822 3824 repente
1875 3762 2066 3804 exare-

480 3854 621 3918 scit;
652 3852 801 3923 quod
850 3850 1421 3921 argnmentumjusta:
1472 3846 1568 3902 Dei
1612 3839 2065 3904 comminationis

481 3952 649 4013 atque
721 3941 1121 4013 indignationis
1180 3940 1536 3996 manifestum
1596 3945 1726 3992 est:
1786 3940 2063 3999 tantaeque

479 4035 722 4097 animam
761 4033 938 4103 ipsius
987 4030 1256 4102 angustiae
1288 4029 1579 4093 invadunt,
1609 4035 1669 4083 ut
1697 4027 1873 4094 impar
1906 4021 2065 4075 dolo—

482 4128 639 4188 ribus
670 4123 918 4181 ferendis
949 4123 1440 4179 arcbimandritam
1494 4117 1748 4181 adiverit,
1785 4111 2067 4184 quomodo

480 4232 680 4272 manus
712 4231 810 4271 sua
833 4214 1086 4280 haberet,
1130 4213 1454 4273 ostendens,
1491 4218 1657 4277 atque
1693 4201 2064 4259 infortunium

481 4324 643 4364 suum
681 4305 1429 4361 miserabilitcrlamentans.
1468 4302 1565 4356 lllo
1604 4308 1787 4354 autem
1843 4309 2065 4355 causam

479 4406 878 4470 percunctante
899 4438 914 4462 ,
964 4396 1384 4452 obmutescebat
1414 4434 1427 4457 ,
1461 4405 1737 4446 aerumnas
1788 4402 1917 4442 suas
1952 4400 2066 4455 prae

482 4493 682 4548 timore
713 4491 1155 4560 confusioneque
1187 4487 1494 4543 occultans.
1515 4481 1824 4552 lnterjectis
1855 4480 2067 4549 aliquot

415 4642 419 4647 ,
483 4584 708 4649 diebus,
734 4583 929 4638 dolore
953 4582 1128 4653 magis
1159 4580 1446 4651 magisque
1477 4576 1914 4645 ingravescente,
1944 4586 2067 4625 cor-

482 4689 701 4744 pusque
747 4672 1098 4742 pessumiens
1133 4677 1484 4731 attenuante,
1515 4662 1756 4718 recurrit
1785 4661 1850 4716 ad
1872 4677 2064 4721 mona—

419 4750 430 4781 ²
480 4768 714 4823 sterium
760 4765 898 4821 clam
933 4763 1194 4818 omnibus
1228 4761 1296 4822 ad
1329 4755 1839 4820 archimandritam,
1885 4753 2064 4824 aperit

426 4850 429 4854 ’
480 4859 767 4920 delictum,
814 4854 1025 4911 indicat
1076 4854 1339 4909 acerbum
1400 4849 1586 4906 cordis
1636 4849 1905 4911 dolorem,
1970 4846 2063 4901 ﬂet

481 4964 690 5009 amare,
715 4948 964 5005 levamen
998 4944 1124 5002 mali
1159 4943 1441 5013 implorat.
1491 4940 1631 5007 Quid
1680 4940 1771 4994 hic
1816 4947 1939 5008 agat
1970 4954 2058 4993 ar-

482 5039 888 5095 chimandrita’!
913 5036 1215 5093 Confestim
1260 5035 1527 5089 advocato
1568 5032 1859 5104 Symeone,
1893 5046 2056 5100 quem

480 5124 1093 5197 abundantioriresaneti
1119 5125 1360 5194 Spiritus
1397 5123 1570 5194 gratia
1593 5133 1935 5193 praeventum
1970 5136 2069 5175 no-

481 5230 664 5286 verat,
691 5218 829 5290 quid
849 5227 1058 5283 actum,
1091 5218 1238 5287 quid:
1258 5216 1476 5272 consilii
1509 5223 1731 5285 captum
1761 5214 1855 5278 sit,
1882 5213 2066 5267 deela-

483 5325 569 5369 rat
594 5332 608 5378 ;
633 5312 833 5385 iustam
865 5310 961 5364 Dei
998 5311 1054 5365 in
1108 5311 1373 5367 miserum
1406 5308 1684 5366 hominem
1716 5306 2061 5360 animadver-

482 5408 694 5460 sionem
736 5402 893 5473 ponit
918 5402 992 5458 ob
1017 5403 1239 5471 oculos;
1279 5417 1442 5472 quam
1498 5398 1894 5455 miserabiliter
1914 5398 2066 5468 ejus-

485 5497 610 5553 dem
627 5511 825 5550 manus
846 5494 1042 5570 atl‘ccta
1056 5496 1146 5561 sit,
1175 5503 1571 5549 cnmmonstrat
1594 5510 1606 5545 :
1641 5489 1842 5545 deinde
1859 5489 2062 5558 ipsum,

486 5570 565 5655 uti
619 5587 919 5659 genuinum
991 5588 1183 5667 tilium,
1237 5596 1333 5642 aut
1393 5584 1583 5657 verius
1632 5587 2060 5653 patrem,rogat,

2169 3567 2345 3635 ἐαυτῷ
2369 3568 2462 3621 τὸν
2486 3569 2712 3638 Συμεὼν
2733 3570 3020 3644 ἀφορίσας,
3055 3576 3155 3628 οὐκ
3185 3577 3385 3646 ἠμέλει
3416 3575 3509 3630 τοῦ
3543 3575 3729 3629 οίκείου

2169 3660 2520 3729 θεράποντος,
2557 3660 2673 3713 ἀλλ’
2703 3661 2866 3732 ἔργου
2924 3663 3189 3733 ἄρχεσθαι
3229 3667 3332 3738 ἥδη
3383 3668 3622 3736 μέλλοντι
3664 3663 3733 3733 τῷ

2168 3749 2343 3820 ἀνδρὶ,
2377 3750 2695 3820 ξηραίνεται
2724 3753 2921 3823 ἀθρόον
2951 3757 2983 3825 η
3014 3754 3163 3818 δεξιὰ
3186 3798 3199 3819 ,
3233 3759 3336 3827 τῆς
3371 3760 3462 3810 τοῦ
3508 3754 3635 3809 Θεοῦ
3662 3754 3732 3807 δε-

2169 3841 2332 3905 καίας
2390 3842 2621 3914 ἀπειλῆς
2671 3846 2765 3898 καὶ
2817 3851 3087 3916 κινήσεως
3131 3850 3368 3919 ἐναργὲς
3402 3851 3690 3919 τεκμήριον
3718 3861 3730 3874 ·

2169 3935 2263 3987 ναὶ
2285 3937 2331 3988 οἱ
2362 3936 2517 3989 πόνοι
2543 3937 2801 3991 τοσοῦτον
2829 3939 2997 3992 αὐτοῦ
3020 3941 3119 4010 τῆς
3139 3941 3324 4011 ψυχῆς
3347 3942 3731 4008 καθικνοῦνται,

2168 4026 2244 4088 ὡς
2304 4026 2437 4096 μηδὲ
2486 4030 2594 4080 τῶν
2639 4027 2842 4081 ὀδυνῶν
2900 4032 3188 4108 ἀνέχεσθαι
3242 4033 3554 4092 δύνασθαι,
3617 4028 3734 4083 ἀλλὰ

2170 4119 2488 4189 προσελθεῖν
2548 4120 2628 4189 τῷ
2696 4121 3144 4195 Ἀρχιμανδρίτῃ,
3184 4127 3286 4193 τήν
3342 4144 3399 4178 τε
3462 4127 3612 4195 χεῖρα
3667 4121 3734 4183 ὡς

2170 4208 2281 4273 ἔχοι
2346 4209 2655 4273 δεικνύντα,
2718 4212 2812 4263 καὶ
2862 4210 2982 4265 λίαν
3037 4213 3294 4277 ἐλεεινῶς
3347 4213 3734 4282 ἀποδυρόμενον

2173 4300 2383 4353 ἐαυτὸν.
2421 4301 2528 4354 Καὶ
2555 4301 2584 4354 ὁ
2617 4302 2718 4369 μὲν
2761 4301 3096 4356 ἐπυνθάνετο
3138 4304 3238 4374 τὴν
3280 4305 3482 4365 αἰτίαν,
3513 4305 3540 4353 ὁ
3568 4302 3621 4354 δὲ
3648 4299 3735 4350 οὐκ

2169 4389 2322 4456 ἔλεγε
2346 4430 2359 4449 .
2409 4389 2598 4451 δεινῶς
2650 4390 2756 4443 ὑπὸ
2793 4390 2944 4454 δέους
2967 4392 3311 4466 εἰργόμενος.
3363 4394 3450 4456 Ὠς
3477 4393 3531 4445 δὲ
3563 4387 3736 4443 πολλαὶ

2174 4482 2313 4550 μετὰ
2339 4480 2510 4536 ταῦτα
2522 4480 2741 4549 διῆλθον
2771 4482 2994 4554 ἡμέραι,
3014 4483 3084 4536 τά
3111 4501 3169 4538 τε
3194 4485 3304 4538 τῶν
3386 4483 3586 4538 ὀδυνῶν
3613 4482 3733 4551 μᾶλ-

2170 4572 2260 4625 λον
2313 4570 2463 4641 αὐτῷ
2518 4572 2845 4635 ἐπετείνετο,
2872 4573 2966 4626 καὶ
2995 4574 3056 4626 τὸ
3088 4572 3252 4644 σῶμα
3309 4575 3462 4646 ἔρῥει
3515 4573 3734 4641 τηκόμερ

2174 4678 2284 4723 νον,
2345 4663 2595 4730 πρόσεισι
2654 4662 3195 4735 τῷἊρχιμανδρίτῃ
3259 4666 3403 4719 κατὰ
3463 4665 3624 4734 μόνας
3678 4660 3734 4711 τὰ

2174 4753 2394 4834 παντων
2440 4751 2619 4805 λαθὼν
2641 4753 2886 4821 ὄμματα,
2921 4754 3234 4825 ἐξαγορεύει
3300 4760 3401 4827 τὴν
3455 4754 3732 4825 ἁμαρτίανε

2172 4844 2489 4914 δημοσιεύει
2523 4843 2620 4912 τὴν
2650 4848 2895 4915 πονηρὰν
2928 4849 3147 4920 ἐκείνην
3184 4850 3285 4918 τῆς
3313 4848 3541 4919 καρδίας
3562 4844 3731 4899 ὠδῖνας

2171 4936 2349 4988 κλαίει
2379 4936 2616 5006 πικρῶς.
2646 4938 2789 4989 αἰτεῖ
2824 4938 3123 5007 θεραπείαν
3154 4940 3243 4992 τοῦ
3269 4939 3494 5000 πάθους.
3526 4935 3624 4987 Τὸν
3648 4932 3733 4983 Συ-

2178 5023 2324 5096 μεὼν
2358 5027 2538 5078 τοίνυν
2589 5028 2796 5089 ἐκεῖνος
2843 5029 3042 5082 αὐτίκα
3102 5031 3360 5094 καλέσας,
3393 5021 3437 5094 ᾧ
3465 5028 3556 5080 καὶ
3586 5023 3732 5076 πλουο

2176 5117 2445 5186 σιωτέραν
2475 5112 2591 5182 ᾔδει
2623 5118 2898 5184 φοιτῶσαν
2928 5121 3027 5191 τὴν
3052 5122 3214 5193 χάριν
3263 5120 3358 5173 τοῦ
3409 5117 3731 5187 [Ινεύματος.

2172 5208 2243 5261 τά
2268 5223 2327 5259 τε
2360 5206 2454 5261 τοῦ
2476 5207 2753 5278 δράματος
2784 5211 2932 5280 αὐτῷ
2977 5211 3073 5264 καὶ
3115 5214 3215 5283 τῆς
3249 5210 3537 5277 ἐπιϐουλῆς
3572 5206 3732 5270 ἀπαγ-

2173 5297 2374 5365 γέλλει,
2403 5298 2473 5350 τὰ
2505 5315 2564 5350 τε
2590 5298 2691 5366 τῆς
2725 5299 2822 5351 τοῦ
2845 5301 2980 5352 Θεοῦ
3010 5298 3226 5365 δικαίας
3253 5301 3423 5370 ὀργῆς
3450 5293 3731 5367 -τροστίθη-

2176 5406 2250 5452 σι,
2284 5393 2378 5442 καὶ
2438 5391 2649 5460 ὃπωςὴ
2699 5389 2821 5461 χεὶρ
2868 5392 2944 5461 τῷ
2995 5392 3151 5462 ἀνδρὶ
3194 5390 3454 5445 πεπόνθοι
3501 5382 3731 5441 ἐλεεινῶς

2172 5480 2434 5546 δείκνυσι,
2478 5477 2596 5534 εἶτα
2630 5484 2724 5535 καὶ
2748 5483 2848 5535 ὅσα
2888 5484 3112 5553 γνησίου
3139 5474 3731 5544 δεῖεαιπαιδὸςοῆτάλη’

2171 5571 2427 5641 θέστερον
2488 5570 2690 5640 μᾶλλον
2748 5573 2955 5643 πατρὸς
2989 5570 3342 5642 συγχωρῆσαί
3370 5586 3426 5621 τε
3459 5566 3600 5632 αὐτῷ
3646 5558 3728 5611 καὶ

486 5666 689 5737 amicta
724 5681 937 5737 veniam
964 5689 1024 5736 ut
1054 5660 1340 5752 largiatur,
1368 5674 1710 5731 etmedelam
1738 5672 2062 5727 vulneribus

2171 5664 2465 5737 θεραπείαν
2495 5664 2643 5734 αὐτῷ
2664 5665 2761 5732 τῆς
2785 5664 3001 5733 πληγῆς
3037 5660 3391 5729 ἐπεύξασθαι.

484 5773 734 5853 obtineat
761 5764 1057 5845 precando.

494 5926 499 5927 γ
562 5864 651 5954 ιιι,
680 5852 910 5938 symeon
944 5880 1094 5936 ergo,
1121 5870 1245 5918 ante
1267 5857 1616 5915 nativitatem
1641 5857 1853 5912 electus
1882 5871 1907 5907 a
1933 5856 2064 5913 Deo,

2238 5855 2331 5915 ιζ’.
2362 5845 2584 5917 Συμεὼν
2614 5846 2690 5913 δέ,
2726 5845 2753 5896 ὁ
2780 5845 2854 5915 τῷ
2900 5844 3017 5917 Θεῷ
3052 5839 3442 5909 ἐκλελε·,’;.ιένος
3497 5830 3581 5886 καὶ
3635 5821 3721 5893 πρὸ
