3898 6390
454 422 596 486 3003

1658 420 1719 485 S.
1759 420 2138 487 SYMEONIS
2175 422 2537 485 JUNIORJS

3588 426 3719 491 3004

454 533 732 589 humanas
765 532 911 587 vires
960 527 1401 585 excedentibus?
1449 526 1682 598 Oportet
1709 538 1766 587 et
1794 530 2046 599 corporis

2161 531 2456 602 ivﬂpwnov,
2477 531 2713 585 Δέδωκα
2747 504 2853 601 γὰρ
2886 531 3029 599 ὑμῖν
3063 531 3259 591 πάντα
3287 533 3499 605 φαγεῖν
3534 538 3720 604 (held,-

457 640 647 682 curam
664 638 876 695 gerere,
892 623 1054 691 eique
1071 621 1407 676 mediocrem
1420 633 1674 685 somnum
1688 621 2042 689 alimentum-

2152 641 2308 692 χανα
2332 624 2573 693 χόρτου,
2602 625 2766 693 φησὶν
2795 627 2827 695 ἡ
2854 624 2972 679 θεία
2995 625 3208 695 Γραφή.

458 732 563 785 que.
594 715 903 786 indulgere,
960 725 1021 768 ut
1059 712 1310 771 suﬂicere
1370 713 1659 769 laboribus
1684 716 1937 773 ascetica:
2001 716 2127 771 vita:
2166 717 2362 787 possit.
2411 716 2602 786 Neque
2652 717 2801 775 enim
2849 717 3011 773 cibus
3046 725 3105 772 et
3157 725 3324 787 potus
3377 719 3723 792 coinquinant

458 807 759 873 hominem;
789 822 913 862 nam
943 823 956 858 :
999 805 1131 877 Dedi
1180 806 1321 860 vobis
1364 808 1544 867 omnia
1573 809 1706 867 sicut
1740 808 1889 862 olera
1924 809 2105 877 pabuli
2137 810 2540 873 manducando,
2576 810 2762 880 inquit
2801 824 2956 865 sacra
2988 809 3065 881 (6)
3100 809 3385 881 Scriptura
3421 815 3462 868 ⁸.

532 902 615 955 18.
657 900 738 955 Ad
777 900 969 955 isthzec
998 899 1239 971 Symeon
1283 901 1581 959 admodum
1615 902 1924 978 prudenter
1957 920 2040 959 re-

455 991 736 1063 spondens
771 1010 784 1045 :
817 991 1083 1058 Tametsi,
1137 991 1340 1062 inquit,
1392 993 1487 1049 illa
1538 1008 1651 1053 non
1687 992 2052 1063 coinquinant

456 1085 784 1149 hominem,
846 1083 1221 1143 nihilominus
1278 1083 1710 1153 coinquinantes
1762 1083 2052 1153 cogitatio-

458 1191 558 1231 nes
594 1175 862 1240 excitant,
883 1190 1089 1245 easque
1119 1175 1374 1231 turbidas
1397 1190 1756 1245 morosasque
1784 1175 2050 1242 efﬁciunt,

458 1275 515 1322 et
540 1266 962 1330 subtilissimam
996 1266 1241 1321 hominis
1260 1275 1503 1322 mentem
1534 1278 1696 1323 terrae
1721 1266 1969 1339 adigunt,
1995 1278 2053 1324 et

462 1356 708 1417 tenebris
735 1357 910 1415 veluti
955 1357 1289 1426 quibusdam
1331 1361 1639 1419 involvunt.
1673 1361 1892 1419 Etenim
1925 1378 2051 1419 cum

424 1446 430 1456 ’
460 1450 558 1505 diu
584 1458 867 1520 noctuque
901 1450 1079 1521 legem
1111 1451 1328 1507 Domini
1352 1453 1706 1520 meditemur,
1737 1456 2052 1525 periculum

459 1540 605 1596 haud
635 1551 742 1606 est,
778 1557 849 1597 ne
881 1542 1226 1613 abripiamur
1246 1543 1428 1599 somni
1458 1543 1757 1609 illecebris,
1810 1545 1890 1600 uti
1924 1561 2054 1615 que-

461 1634 607 1687 ritur
640 1633 915 1704 Propheta
943 1634 1137 1690 dicens
1175 1654 1187 1690 :
1220 1634 1542 1691 Dormitavit
1566 1639 1749 1693 anima
1797 1653 1913 1692 mea
1937 1654 2050 1707 pm

462 1726 618 1781 taedio
641 1728 662 1758 ⁸
709 1724 876 1796 (quod
907 1725 1101 1795 utique
1129 1725 1350 1782 taedium
1375 1728 1726 1783 continentes
1756 1743 2048 1798 pravarum

459 1817 856 1887 cogitationum
893 1819 1151 1874 incursus
1202 1818 1463 1883 allerunt,
1528 1819 1725 1876 animae
1780 1822 2050 1877 intcnsio-

2226 904 2317 975 ιη’.
2350 905 2496 975 Πρὸς
2537 905 2682 975 amp
2720 906 2906 959 ἐκεῖνα
2941 905 3035 960 τὸν
3066 906 3293 978 Συμεὼν
3326 907 3420 961 καὶ
3449 907 3565 961 λίαν
3596 927 3723 982 πρε-

2155 998 2424 1063 σϐυτικῶς
2458 999 2872 1070 ἀποκρίνεσθαι.
2924 1000 3012 1063 Ὧς
3044 1001 3094 1054 εί
3113 1001 3209 1054 καὶ
3238 998 3429 1059 ταῦτα,
3456 1002 3636 1071 φησὶν,
3664 1005 3721 1056 οὐ

2112 1146 2121 1149 _
2156 1093 2330 1147 κοινοῖ
2364 1091 2456 1145 τὸν
2489 1090 2799 1165 ἄνθρωπον,
2824 1092 2962 1145 ἀλλὰ
3051 1092 3175 1155 τοὺς
3248 1090 3556 1156 κοινοῦντας
3585 1094 3725 1161 λογι-

2158 1185 2329 1253 σμοὺς
2364 1184 2504 1237 κινεῖ
2537 1183 2632 1237 καὶ
2656 1180 2800 1235 θολεῖ
2817 1178 2909 1233 καὶ
2922 1181 3172 1252 παχύνει,
3198 1180 3384 1236 ενυλόν
3408 1200 3468 1237 τε
3517 1183 3606 1237 τὸν
3639 1184 3721 1238 λε-

2159 1275 2425 1328 πτότατον
2447 1273 2745 1346 ἐργάζεται
2784 1273 2934 1339 νοῦν,
2967 1273 3138 1343 ἀχλὺν
3160 1272 3311 1343 αὐτῷ
3337 1272 3585 1345 καθάπερ
3604 1276 3719 1328 ἀνα-

2159 1368 2489 1439 κεράσαντα.
2523 1366 2712 1420 Νύκτα
2763 1365 2947 1435 μέντοι
2983 1365 3079 1418 καὶ
3125 1364 3340 1435 ἡμέραν
3379 1366 3435 1419 ιν
3478 1365 3555 1433 τῷ
3587 1367 3727 1437 νόμῳ

2160 1461 2364 1532 Κυρίου
2400 1459 2755 1530 μελετῶντες.
2779 1458 2841 1510 ού
2869 1454 3333 1528 συναρπαζόμιθα
3358 1460 3425 1528 τῇ
3447 1457 3540 1511 τοῦ
3568 1455 3726 1511 ὕπνου

2161 1552 2322 1624 μέθῃ.
2341 1548 2678 1613 Ἑνύσταεε
2705 1549 2833 1621 γὰρ,
2848 1548 3035 1617 φησὶν,
3058 1550 3096 1617 ἡ
3116 1548 3290 1617 ψυχή
3315 1566 3433 1618 μου
3455 1549 3573 1604 ἀπὸ
3594 1550 3729 1615 ἀκη-

2157 1642 2293 1709 δίας
2336 1641 2425 1713 (ἢν
2454 1641 2487 1711 ἡ
2524 1639 2753 1711 συνεχὴς
2769 1640 2879 1695 τῶν
2900 1639 3165 1711 ὲμπαθῶν
3193 1639 3476 1710 λογισμῶν
3505 1638 3725 1711 ἐργάζε-

2155 1752 2245 1787 ται
2292 1733 2592 1805 προσϐολὴ,
2638 1733 2730 1786 τὸν
2758 1732 2857 1802 τῆς
2887 1730 3070 1802 ψυχῆς
3098 1731 3254 1784 τόνον
3294 1731 3477 1802 ⁴ίιρέμα
3521 1729 3731 1801 διακαυ-

2156 1824 2343 1895 νοῦσα)
2364 1868 2377 1889 ,
2409 1824 2546 1879 ἀλλά
2583 1823 2648 1876 τὸ
2666 1823 2846 1895 στόμα
2866 1822 3172 1894 τηνικαῦτα
3197 1822 3403 1893 μᾶλλον
3440 1821 3731 1891 ἀνοίγοντες

458 1925 585 1965 nem
634 1909 838 1965 Sensim
888 1910 1239 1977 relaxantes),
1289 1911 1385 1965 scd
1438 1911 1717 1980 aperimus
1774 1913 1960 1981 potius
1990 1929 2053 1968 os

2161 1918 2315 1991 (ὅπερ
2361 1918 2510 1970 ἐστὶν
2547 1918 2575 1970 ό
2607 1916 2738 1987 περὶ
2774 1917 2874 1980 τὰς
2905 1915 3057 1977 θείας
3096 1914 3324 1977 ἐντολὰς
3373 1910 3556 1980 πόθος,
3583 1915 3727 1983 καὶὴ

459 2019 712 2065 nostrum
760 2010 1123 2077 (desiderium
1164 2011 1412 2082 intelligo
1455 2019 1509 2065 et
1552 2011 1738 2065 cordis
1777 2012 2049 2067 fervorem

458 2102 529 2155 ad
581 2100 1010 2157 custodiendum
1045 2111 1320 2173 praecepta
1363 2104 1574 2172 divina)
1608 2113 1671 2159 ut
1702 2104 2050 2159 attrahamus

458 2208 757 2263 supernam
794 2193 1024 2263 gratiam
1062 2209 1160 2249 seu
1201 2195 1468 2264 Spiritum
1514 2206 1784 2251 sanctum.
1841 2196 2045 2251 Verum

458 2283 623 2346 nihil,
661 2283 783 2347 tibi,
820 2284 893 2337 mi
942 2285 1124 2349 Pater,
1166 2301 1265 2356 per
1296 2286 1393 2340 Dei
1444 2301 1711 2353 amorem,
1752 2302 1881 2342 cum
1911 2287 2048 2351 meis

458 2374 615 2430 hisce
660 2373 1053 2440 sermonibus;
1110 2376 1245 2430 mihi
1280 2376 1397 2445 ipse
1446 2378 1596 2448 leges
1628 2378 1728 2433 has
1766 2380 1907 2444 fero,
1940 2395 2052 2434 non

457 2464 617 2519 aliis:
650 2463 787 2518 mihi
815 2463 964 2518 enim
993 2466 1293 2531 necessitas
1316 2467 1610 2533 incumbit,
1648 2468 1721 2524 ob
1747 2469 2054 2539 iuvenilem

456 2563 698 2623 aetatem,
751 2563 861 2611 tam
913 2571 1112 2626 aspere
1146 2573 1350 2629 corpus
1399 2574 1586 2615 meum
1641 2560 1937 2616 tractandi.

2156 2011 2257 2079 τῆς
2308 2009 2535 2081 καρδίας
2575 2011 2703 2079 περὶ
2744 2007 2912 2069 αὐτὰς
2953 2006 3154 2077 θέρμη)
3190 2006 3298 2076 τὴν
3331 2005 3534 2059 ἄνωθεν
3582 2006 3730 2075 χάριν

2151 2094 2254 2153 εἴτ’
2294 2096 2387 2154 οὖν
2415 2099 2638 2170 Πνεῦμα
2666 2099 2988 2170 ἐλκύσομεν.
3030 2098 3211 2164 Ἀλλὰ,
3245 2097 3345 2152 διὰ
3375 2098 3473 2166 τὴν
3510 2096 3601 2150 τοῦ
3634 2098 3729 2151 Κυ-

2153 2193 2273 2263 ρίου
2318 2194 2560 2262 ἀγάπην,
2610 2192 2781 2264 μηδὲν
2839 2209 2920 2245 σοι
2973 2191 3109 2261 πρὸς
3149 2192 3281 2253 τοὺς
3317 2192 3481 2259 ἐμοὺς
3527 2190 3724 2258 λόγους,

2151 2285 2377 2355 ἐμαυτῷ
2396 2286 2506 2356 γὰρ
2533 2281 2811 2353 νομοθετῶ
2837 2284 2933 2337 καὶ
2965 2282 3066 2337 ούκ
3095 2280 3310 2346 ἀλλοις·
3351 2281 3433 2335 δεῖ
3465 2281 3572 2351 γάρ
3622 2299 3722 2351 μοι,

2151 2376 2243 2430 διά
2291 2376 2353 2433 τδ
2395 2376 2516 2429 νέον
2565 2376 2667 2445 τῆς
2719 2374 2961 2447 ἡλικίας,
2990 2374 3262 2445 τοσαύτης
3312 2378 3437 2447 περὶ
3480 2374 3540 2427 τὸ
3578 2374 3723 2443 σῶμα

2156 2468 2292 2539 σκλη
2301 2468 2609 2539 ραγωγίας.

1925 2719 2155 2776 CAPUT
2190 2720 2279 2775 Ill.

1338 2879 1568 2935 Visiones
1597 2880 1759 2946 alite;
1787 2879 2087 2942 miracula;
2120 2880 2551 2935 terriculamenta
2585 2881 2858 2935 dtemonis.

528 3038 618 3093 19.
673 3038 743 3093 Et
805 3036 925 3093 hzec
973 3040 1198 3107 quidem
1260 3037 1550 3110 Symeonis
1594 3038 1793 3105 oratio,
1847 3046 2049 3108 praeter

461 3142 680 3189 aetatem
711 3142 768 3186 et
808 3131 1277 3200 exspectationem
1325 3129 1553 3198 prolata,
1596 3131 1896 3199 percellere
1949 3147 2051 3185 au-

461 3224 680 3279 dientes
703 3230 946 3293 poterat:
981 3220 1238 3279 Christus
1269 3230 1455 3275 autem
1487 3223 1581 3290 qui
1637 3222 1818 3292 ipsum
1847 3223 2054 3278 sancti-

467 3318 750 3379 ﬁcaverat,
775 3316 981 3387 quique
1004 3315 1328 3387 priusquam
1360 3323 1640 3385 pateretur
1683 3317 1891 3373 sanctis
1936 3316 2054 3372 suis

465 3407 756 3478 discipulis
784 3409 1193 3478 ,apostolisque
1264 3407 1479 3463 dixerat
1539 3424 1552 3460 :

2228 3038 2313 3092 ιθ’.
2344 3037 2587 3092 Τοιαῦτα
2650 3036 2750 3106 μὲν
2805 3035 2871 3107 δὴ
2934 3035 3002 3089 τὰ
3048 3035 3140 3089 τοῦ
3189 3037 3462 3108 Συμεὼν,
3492 3038 3581 3094 καὶ
3609 3051 3727 3108 παρ’

2155 3129 2372 3202 ἠλικίαν
2393 3128 2489 3191 καὶ
2525 3128 2697 3198 ἀκοὴν
2737 3126 2881 3180 οὕτω
2916 3129 3099 3183 πᾶσαν
3132 3130 3470 3203 ἐκπλήττειν
3506 3131 3731 3200 δυνάμε-

2154 3235 2260 3273 να*
2311 3219 2547 3289 Χριστὸς
2600 3219 2679 3285 δὲ,
2731 3220 2759 3272 ὁ
2810 3220 2905 3272 καὶ
2954 3220 3047 3275 τὸν
3089 3222 3321 3292 Συμεὼν
3369 3225 3621 3293 ἀγιάσας,
3649 3222 3735 3275 καὶ

2158 3309 2265 3381 πρὸ
2309 3308 2406 3363 τοῦ
2457 3308 2699 3378 παθῆναι
2743 3312 2856 3373 τοῖς
2904 3311 3072 3382 ἱεροῖς
3121 3312 3293 3366 αὑτοῦ
3339 3315 3603 3385 μαθηταῖς
3647 3311 3735 3364 καὶ

1615 3405 1896 3476 Con/idite,
1958 3422 2053 3477 ego

2161 3402 2508 3464 ἀποστόλοιςο
2552 3400 2866 3471 Θαρσεῖτε,
2901 3402 3075 3457 εἰπὼν
3090 3443 3116 3467 ,,
3147 3404 3268 3473 ἐγὼ
3308 3408 3604 3472 νενίκηκα
3638 3402 3737 3457 τὸν

463 3501 566 3555 vici
602 3500 939 3566 mundum';
985 3500 1329 3571 gratiamque
1384 3507 1441 3554 et
1490 3500 1755 3557 virtutem
1798 3497 2053 3570 patrandi

2161 3496 2414 3563 κόσμον,
2463 3495 2561 3546 καὶ
2589 3496 2747 3565 χάριν
2777 3496 2963 3558 αὐτοῖς
3004 3496 3099 3549 κτιιῖ¹
3149 3498 3400 3566 σημείων
3433 3495 3733 3567 ἐμπνεύσας

465 3592 734 3648 miracula
764 3591 1077 3658 infuderat;
1119 3592 1211 3647 ille
1242 3592 1519 3648 similibus
1536 3591 1868 3663 Symeonem
1891 3590 2058 3647 donis

466 3685 876 3755 impertiturus,
899 3684 1207 3755 palmisque
1234 3694 1426 3741 contra
1448 3685 1730 3741 diabolum
1758 3682 2055 3755 pugnando

465 3778 713 3834 obtentis
749 3778 1169 3845 nobilitaturus,
1204 3779 1482 3835 similibus
1521 3778 1689 3834 etiam
1752 3778 1822 3833 ad
1874 3777 2057 3846 ipsum

465 3870 699 3926 vocibus
730 3870 809 3925 uti
838 3868 1098 3940 dignatus
1139 3877 1245 3935 est,
1274 3870 1502 3926 dicens:
1533 3868 1771 3939 Conﬁde,
1818 3884 1913 3939 ego
1962 3868 2057 3921 vici

468 3963 747 4017 mundum.
833 3961 1046 4019 Deinde
1107 3963 1277 4018 etiam
1348 3963 1551 4018 divina:
1607 3961 1751 4018 lucis
1804 3960 2057 4016 claritate

467 4054 980 4120 circumfunditur,
1062 4053 1455 4128 detegiturque
1507 4052 1804 4110 confestim
1879 4051 2061 4107 omnis

470 4144 884 4217 magnificentia
901 4154 1067 4216 atque
1080 4145 1376 4218 imperium
1394 4145 1601 4201 diaboli
1622 4162 1637 4199 :
1664 4145 1781 4215 ipse
1805 4142 2058 4199 diadema

467 4238 526 4293 in
575 4239 759 4309 capite
816 4238 1101 4310 gestabat;
1164 4237 1421 4295 astabant
1472 4238 1706 4308 integrae
1741 4236 2058 4292 daemonum

466 4329 808 4403 phalanges;
873 4330 944 4385 ad
1000 4330 1301 4401 voluptatis
1349 4337 1610 4385 ornatum
1650 4337 1855 4399 praesto
1899 4337 2059 4384 erant

468 4406 688 4484 aurum,
713 4422 946 4493 pretiosi
961 4421 1196 4491 lapides,
1221 4419 1479 4485 uniones,
1504 4428 1697 4490 utpote
1720 4418 1895 4490 magis
1916 4427 2057 4488 aptae

467 4518 537 4573 ad
568 4516 942 4574 inducendam
972 4515 1312 4585 voluptatem
1344 4511 1657 4578 illecebrae;
1723 4509 2057 4565 audiebatur

471 4607 738 4663 tibiarum
795 4606 1221 4674 ﬁstularumque
1265 4616 1459 4663 sonits,
1508 4608 1565 4655 et
1596 4599 1787 4655 varius
1836 4599 2060 4655 musica:

463 4709 809 4766 concentus;
869 4697 1206 4755 cernebatur
1267 4701 1558 4765 peccatum
1614 4691 1801 4764 specie
1831 4692 2054 4763 puellae,

466 4883 792 4941 licientibus
816 4900 829 4934 :
857 4881 972 4936 illic
996 4878 1339 4935 curiositatis
1378 4877 1770 4949 nequitiaeque,
1802 4877 1896 4933 hic
1939 4876 2050 4932 dif-

466 4976 736 5041 ﬁdentiae,
790 4972 1007 5030 inertiae
1039 4979 1096 5026 et
1123 4970 1423 5027 oblivionis
1459 4971 1687 5042 spiritus
1713 4970 2051 5035 residebant;

468 5067 703 5137 spiritus
723 5073 910 5120 autem
938 5062 1184 5118 avaritiae
1230 5061 1471 5117 diductis
1516 5063 1752 5118 immane
1824 5062 2058 5115 rictibus

470 5158 685 5223 hiabat,
703 5155 880 5211 veluti
912 5167 1023 5207 non
1053 5152 1337 5208 satiandus
1377 5154 1483 5208 nisi
1533 5153 1794 5208 universa
1855 5152 2055 5207 absor-

471 5245 704 5317 psisset;
755 5241 852 5312 qui
890 5240 1200 5297 istiusmodi
1234 5258 1415 5297 rerum
1447 5242 1659 5313 species
1702 5242 2052 5305 exhibentes,

472 5334 821 5390 conabantur
845 5330 1173 5401 Symeoncm
1201 5348 1422 5402 quoque
1461 5333 1530 5389 ad
1563 5349 1622 5389 se
1675 5334 1960 5403 pellicere.
1985 5334 2057 5386 At

473 5426 564 5479 ille
586 5422 869 5480 consuetis
895 5422 1086 5488 armis,
1112 5423 1339 5479 salutari
1367 5425 1495 5481 Jcsu
1513 5425 1737 5480 nomine
1761 5422 2053 5492 rrucisque

469 5516 629 5583 signo
677 5526 734 5566 se
797 5510 1073 5578 muniens,
1137 5514 1394 5569 universa
1465 5514 1759 5570 confestim
1835 5522 2053 5583 spectra

549 5667 568 5699 ⁵
598 5666 738 5724 Gen.
764 5685 837 5735 Ix,
871 5669 922 5725 ’5.
1003 5672 1022 5702 ²
1058 5671 1200 5727 Psal.
1252 5687 1435 5736 cxvm,
1469 5670 1560 5723 εδ.
1643 5670 1661 5700 ³
1694 5670 1851 5725 Joan.
1888 5687 1997 5739 xvi,
2028 5670 2119 5726 55.

2157 3588 2407 3659 δύναμιν,
2434 3587 2819 3656 παραπλησίου
2876 3586 3087 3657 μέλλων
3137 3589 3486 3660 χαρίσματος
3532 3587 3625 3641 καὶ
3666 3582 3738 3653 τῷ

2159 3676 2385 3747 Συμεὼν
2440 3676 2786 3745 μεταδοῦναι,
2814 3681 2920 3748 τήν
2944 3695 3004 3731 τι
3050 3679 3194 3731 κατά
3222 3679 3324 3733 τοῦ
3369 3679 3615 3732 διαϐόλου
3642 3692 3739 3728 πασ-

2162 3766 2460 3840 ρασχὲσθαι
2517 3766 2675 3837 νίκην
2733 3766 2904 3837 αὐτῷ,
2950 3767 3047 3837 τῆς
3099 3765 3227 3837 ἴσης
3284 3768 3453 3822 αὐτὸν
3516 3764 3736 3824 ἐκείνοις

2159 3861 2300 3925 ἀξιοῖ
2326 3860 2418 3913 καὶ
2446 3859 2657 3928 φωνῆς,
2703 3858 3048 3928 Θάρσει,καὶ
3064 3859 3203 3930 πρὸς
3225 3860 3394 3914 αὑτὸν
3422 3858 3611 3923 εἰπὼν,
3635 3857 3739 3926 ἐγὼ

2160 3954 2452 4023 νενίκηκα
2490 3956 2598 4010 τὸν
2622 3957 2879 4025 κόσμον.
2916 3948 3051 4009 Εἶτα
3089 3956 3187 4010 καὶ
3244 3956 3374 4011 θεία
3408 3957 3538 4027 περὶ
3587 3953 3737 4009 αὐτὸν

2162 4046 2431 4116 ἐλλαμψις
2459 4047 2694 4114 γίνεται,
2726 4047 2822 4100 καὶ
2842 4047 3020 4100 πᾶσαι
3053 4046 3147 4100 τοῦ
3177 4047 3433 4102 διαϐόλου
3469 4047 3658 4118 ἁθρόον
3686 4043 3739 4097 αῑ

2160 4136 2453 4207 φαντασίαι
2488 4137 2585 4190 καὶ
2616 4137 2890 4207 βασιλεῖαι
2919 4136 3073 4207 αὐτῷ
3119 4137 3545 4193 ύποδείκνυνται
3577 4153 3591 4166 ·
3621 4135 3735 4190 διὰ⁴

2159 4230 2309 4299 δημα
2335 4232 2433 4301 μὲν
2469 4231 2677 4293 ἐκεῖνος
2706 4230 2801 4283 ἐπὶ
2829 4229 3074 4299 κεφαλῆς
3100 4229 3267 4300 ἔχων,
3299 4233 3358 4285 at
3402 4232 3462 4284 δὲ
3493 4231 3601 4284 τῶν
3628 4229 3737 4281 δαι-

2163 4320 2340 4390 μόνων
2374 4320 2525 4391 αύτῷ
2576 4318 2925 4390 παρεστῶσαι
2947 4317 3254 4386 φάλαγγες,
3282 4319 3486 4390 χρυσός
3531 4332 3589 4369 τε
3614 4311 3732 4383 παρ’

2160 4410 2309 4481 αὐτῷ
2335 4409 2472 4479 πρὸς
2499 4409 2592 4463 τὸν
2622 4407 2734 4462 τῶν
2764 4407 2966 4477 ἡδονῶν
2989 4407 3216 4479 κόσμον,
3244 4409 3344 4461 καὶ
3378 4408 3519 4461 λίθοι
3541 4406 3704 4474 τίμιοι
3722 4443 3735 4467 ,

2161 4505 2258 4556 καὶ
2314 4504 2668 4572 μαργαρῖται,
2739 4499 2831 4554 ἵνα
2859 4500 2954 4553 καὶ⁵
2990 4499 3192 4569 μᾶλλον
3222 4496 3336 4554 εἷεν
3395 4496 3735 4568 ἐπαγωγὸτε-

2164 4589 2400 4666 ραι.’Ἦν
2428 4591 2487 4645 δὲ
2513 4590 2612 4644 καὶ
2633 4590 2815 4644 αὐλῶν
2838 4589 3085 4657 ἀκούειν,
3122 4592 3217 4645 καὶ
3245 4591 3533 4662 σύριγγος,
3554 4588 3736 4658 μέλους

2159 4703 2221 4738 τε
2278 4681 2538 4755 μουσικοῦ
2573 4681 2777 4745 παντὸς
2823 4700 2836 4713 ·
2890 4681 2967 4745 ὡς
3012 4682 3292 4753 θυγατέρα
3329 4699 3391 4736 τε
3441 4682 3540 4753 τὴν
3569 4681 3738 4750 ἀμαρ-

350 4809 361 4815 ‘
460 4809 598 4851 cum
626 4792 929 4850 comitibus
963 4789 1102 4855 suis,
1137 4788 1206 4843 ad
1236 4786 1639 4857 turpitudinem
1690 4786 1948 4843 homines
1977 4787 2057 4841 al-

2161 4778 2286 4831 τίαν
2317 4775 2586 4829 συνοῦσαν
2610 4775 2725 4836 τοῖς
2748 4772 2971 4841 ὀλέθρια
2994 4773 3412 4844 δελεαζομένοις
3442 4790 3458 4805 ο
3484 4773 3601 4827 ἐκεῖ
3645 4785 3737 4821 πε-

2163 4866 2412 4938 ριεργίας
2474 4865 2691 4935 πνεῦμα
2751 4865 2846 4918 καὶ
2911 4866 3199 4935 πονηρίας.
3264 4866 3418 4918 Ἐκεῖ
3458 4860 3737 4920 ἀπειθείας

2163 4959 2257 5012 καὶ
2289 4956 2567 5028 ῥᾳθυμίας
2590 4957 2685 5010 καὶ
2712 4956 2906 5026 λήθης,
2940 4957 3001 5010 τδ
3030 4956 3085 5009 δὲ
3112 4956 3214 5027 τῆς
3243 4955 3618 5026 φιλαργυρίας
3646 4950 3730 5003 καὶ

2163 5050 2284 5103 λίαν
2340 5048 2573 5119 φοϐερὸν
2622 5046 2897 5118 ἐκεχῄνει,
2929 5046 3123 5118 ὥσπερ
3189 5047 3300 5101 οὐδ’
3335 5048 3403 5100 ἂν
3460 5048 3510 5098 εἰ
3570 5044 3737 5097 πάντα

2165 5138 2426 5194 καταπίοι
2455 5136 2814 5208 χορτάζεσθαι
2846 5136 3062 5207 μέλλον.
3092 5136 3277 5190 Ταῦτα
3305 5136 3481 5201 οὕτως
3531 5132 3736 5202 δρώμεο

2162 5250 2249 5296 να,
2285 5232 2379 5284 καὶ
2408 5229 2665 5299 τοιαύτην
2690 5228 2995 5297 φαντασίαν
3020 5227 3400 5283 ἐπιδεικνύντα
3426 5272 3441 5295 ,
3468 5222 3735 5293 ἐπαγαγέ-

2162 5324 2289 5379 σθαι
2324 5324 2461 5393 πρὸς
2496 5322 2666 5389 ἑαυτὰ
2686 5323 2782 5375 καὶ
2815 5323 2906 5387 τὸν
2937 5320 3161 5392 Συμεὼν
3188 5323 3451 5387 ἐπειρᾶτο
3483 5336 3497 5350 ·
3533 5322 3562 5373 ὁ
3586 5318 3642 5371 δὲ
3664 5313 3737 5384 τῷ

2164 5417 2382 5488 συνήθει
2416 5416 2511 5469 καὶ
2545 5412 2640 5467 νῦν
2664 5414 2815 5482 ὅπλῳ
2841 5454 2858 5480 ,
2894 5417 2959 5485 τῇ
2986 5415 3080 5467 τοῦ
3120 5413 3361 5484 Χριστοῦ
3400 5412 3736 5484 φραξάμενος

2162 5510 2467 5583 ἐπικλήσει,
2496 5511 2595 5580 τήν
2622 5526 2680 5563 τε
2716 5509 2808 5561 τοῦ
2839 5507 3070 5578 σταυροῦ
3115 5506 3391 5578 σφραγῖδα
3450 5506 3562 5568 τοῖς
3614 5499 3733 5553 θεά·

549 5822 625 5893 (6)
669 5824 748 5881 Ea
775 5828 1028 5884 versione
1053 5828 1213 5887 LXX.
1243 5845 1404 5901 quam
1457 5829 1661 5897 ubique
1689 5827 1847 5882 citari
1876 5828 1931 5882 in
1964 5827 2065 5882 hac
2110 5828 2224 5883 lita
2247 5843 2400 5885 more
2429 5828 2766 5896 Graecorum,
2804 5835 3050 5883 notatum
3097 5825 3285 5883 velim.
