3898 6394
526 445 670 512 3007

1735 449 1794 507 S.
1836 446 2212 508 SYMEONIS
2249 445 2610 508 JUNIORIS

3639 453 3771 519 3008

524 559 732 618 Christi
765 560 1002 631 objecta,
1033 560 1157 615 inde
1187 560 1582 624 exterminans,
1605 559 1889 614 hominem
1913 573 2095 612 sanum

2212 557 2307 611 τοῦ
2333 558 2572 629 Χριστοῦ
2601 560 2871 627 σφραγῖδα
2893 557 3187 622 ἐπιϐαλὼν,
3216 561 3312 613 καὶ
3331 559 3517 616 τοῦτον
3543 564 3777 622 ἐκϐαλὼν

526 669 590 708 ac
620 651 726 707 sibi
765 652 1038 706 redditum
1074 651 1305 706 dimisit.
1359 651 1437 706 ita
1485 653 1558 706 in-
1587 661 1847 721 promptu
1892 665 2110 720 semper

524 751 643 798 erat
664 741 919 812 Symeoni
951 742 1124 812 gratia
1155 743 1396 796 caelestis
1423 761 1434 795 :
1471 732 1773 805 nec'ullus,
1795 742 1890 812 qui
1924 743 2106 812 ipsum

525 830 838 890 accedebat,
893 831 1286 886 revertebatur
1334 846 1562 896 vacuus,
1620 833 1716 886 sed
1765 832 2105 902 reportabat,

522 919 788 988 quidquid
834 922 1091 991 petierat,
1153 923 1266 977 voti
1322 939 1567 994 compos.

587 1024 681 1080 93.
719 1023 966 1093 Cupidus
1024 1043 1188 1096 porro
1236 1029 1472 1100 Symeon
1505 1030 1817 1085 absolutum
1854 1047 1953 1100 per
1987 1047 2106 1084 om-

521 1115 613 1169 nia
652 1116 878 1172 virtutis
900 1118 1195 1173 aedilicium
1229 1122 1503 1182 struendi,
1537 1121 2004 1191 pervcniendique
2038 1123 2105 1176 ad

521 1205 982 1274 perfectissimum
1011 1210 1316 1264 tolerantia?
1349 1211 1609 1278 gradum,
1642 1212 1776 1267 dicit
1811 1213 2105 1283 aliquando

521 1294 586 1346 ad
617 1294 882 1351 Joannem
917 1316 929 1350 :
963 1297 1133 1362 Quam
1163 1299 1270 1352 late
1301 1311 1485 1370 pateat
1515 1301 1824 1356 dominium
1871 1302 2103 1370 Saluum,

519 1394 816 1452 ctquantm
839 1387 1214 1457 sinteiusdem
1242 1389 1566 1458 perniciosae
1617 1391 1842 1454 divitiae,
1899 1403 2105 1463 quanto

521 1473 684 1528 etiam
722 1477 906 1532 studio
935 1493 1152 1532 omnem
1191 1495 1343 1532 suam
1395 1482 1634 1550 applicet
1691 1483 1986 1546 vafritiem,
2046 1494 2106 1540 ut

521 1565 744 1620 virtutis
794 1568 1135 1624 zelatoribus
1179 1571 1380 1626 bellum
1415 1582 1632 1626 moveat
1669 1615 1684 1634 ,
1732 1575 1842 1644 jam
1889 1575 2104 1644 pridem

523 1660 848 1712 monstravit
883 1661 1016 1714 mihi
1064 1663 1344 1718 Dominus.
1383 1664 1470 1719 Ait
1515 1665 1758 1721 Joannes
1792 1683 1804 1719 :
1838 1667 2104 1723 Dominus

523 1757 596 1808 te,
647 1747 743 1812 illi,
792 1752 1149 1820 nequissimis
1203 1754 1352 1808 illius
1392 1755 1852 1812 mazhinamcntis
1881 1758 2102 1828 eripiet.

521 1835 865 1893 Subsumens
906 1840 1142 1912 Symeon
1185 1863 1197 1898 :
1241 1845 1646 1910 Exsecrabilcs,
1698 1847 1898 1916 inquit,
1955 1850 2101 1905 vires

517 1927 662 1996 ejus,
713 1934 1068 1998 quantumvis
1135 1935 1372 1991 sollicite
1421 1938 1572 1993 aliud
1625 1955 1690 1994 ex
1741 1941 1850 1994 alio
1894 1941 2098 1995 malum

517 2019 834 2084 molientes,
895 2024 1096 2080 eﬂ‘cctu
1151 2027 1440 2082 carebunt.
1500 2029 1602 2085 Ubi
1655 2031 1792 2086 vidit
1838 2032 2098 2100 Joannes,

517 2121 684 2176 quam
757 2111 1125 2181 vilipenderet
1180 2116 1410 2172 insidias
1472 2119 1732 2184 inimici,
1804 2124 1973 2180 veluti
2031 2125 2100 2180 ad

516 2209 763 2254 mentem
819 2219 1104 2272 revocare,
1157 2208 1211 2262 in
1268 2209 1557 2280 oﬂicioque
1615 2214 1902 2270 continere
1936 2216 2098 2272 aber-

517 2297 732 2342 rantem
780 2293 1031 2361 cupiens,
1077 2305 1136 2350 ut
1175 2311 1242 2350 ne
1277 2307 1418 2352 teter
1445 2299 1696 2367 Spiritus,
1746 2301 1875 2357 hinc
1903 2305 2100 2360 animae

516 2377 668 2434 illius
713 2377 1080 2451 arrogantiam
1116 2389 1544 2459 superbiamque
1573 2399 1792 2448 tentans
1824 2395 2095 2465 ingerere,

515 2468 714 2525 lateret
763 2472 1166 2531 diutiuszNon
1201 2480 1295 2542 ita,
1329 2481 1530 2551 inquit,
1577 2483 1650 2538 ﬁli
1704 2486 1800 2551 mi,
1847 2487 1924 2542 sis
1974 2489 2096 2542 ani-

513 2568 733 2628 matus;
764 2578 944 2634 neque
977 2575 1082 2620 tam
1115 2569 1322 2624 imbelli
1347 2588 1472 2626 cum
1502 2573 1660 2630 hoste
1687 2577 1965 2646 negotium
1995 2591 2096 2636 nos

495 2648 740 2716 habere,
770 2665 960 2724 putato
995 2675 1008 2711 :
1045 2659 1156 2713 into
1187 2677 1319 2716 vero
1358 2665 1573 2720 calceos
1608 2667 1835 2720 indutus
1869 2670 2096 2737 ferreos,

511 2747 784 2808 perpetuo
813 2746 1098 2801 monachis
1123 2750 1291 2803 struit
1327 2751 1577 2818 insidias,
1614 2766 1669 2811 et
1716 2757 1888 2810 sicubi
1941 2775 2098 2814 occa-

511 2830 729 2887 sionem
759 2847 953 2891 nactus
977 2843 1322 2897 commodam
1357 2845 1544 2904 fuerit.
1571 2848 1842 2902 violenter
1870 2851 2098 2920 impres-

510 2921 723 2978 sionem
745 2925 894 2980 l‘acit.
915 2929 1234 2988 Precandus
1257 2934 1418 2989 nobis
1436 2937 1618 3002 potius
1643 2937 2095 3001 invocandusque

509 3022 596 3070 est
640 3005 962 3075 Enimanuel

509 3105 726 3162 reddet.

581 3200 831 3256 24.11am
887 3204 1184 3275 malignum
1231 3209 1486 3276 Spiritum
1524 3211 1590 3266 ad
1649 3221 1852 3266 tantam
1901 3224 2093 3268 contra
2127 3217 2170 3271 C

513 3293 839 3361 Symeonem
871 3294 1174 3365 adegerunt
1214 3297 1442 3365 rabiem,
1475 3311 1533 3354 ut
1571 3314 1795 3371 repente
1827 3319 2092 3372 superve—

511 3381 694 3446 niens,
723 3384 952 3438 crebros
987 3388 1272 3456 strepitus,
1301 3405 1467 3459 super
1497 3393 1694 3460 pellem
1731 3411 1836 3462 qua
1871 3395 2092 3462 tegcba—
2138 3384 2142 3390 ’

513 3480 627 3536 tur,
665 3472 1008 3530 horribiliter
1054 3478 1390 3546 insonantes,
1440 3483 1643 3549 cieret;
1688 3485 1884 3538 subtus
1910 3494 2092 3538 autem

512 3562 814 3628 daemonas,
847 3567 1016 3621 veluti
1051 3584 1257 3639 angues
1303 3573 1622 3644 subjiceret,
1675 3585 1782 3629 tam
1827 3576 2094 3629 formido-

512 3653 628 3708 losa
683 3655 832 3710 illico
861 3659 1022 3713 sibila
1049 3662 1387 3728 emittentcs,
1423 3674 1588 3733 atque
1635 3667 1773 3721 adeo
1799 3667 2096 3721 vehemen-

517 3753 627 3798 tem
686 3745 1023 3805 incutientes
1075 3760 1366 3818 terrorcm,
1415 3764 1472 3808 ut
1521 3757 1752 3811 auribus
1798 3757 1940 3810 ferre
1985 3773 2092 3811 non

513 3837 853 3894 sustinerent
901 3843 1199 3908 monachi;
1252 3845 1386 3914 quin
1431 3848 1620 3912 etiam,
1679 3863 1803 3902 cum
1846 3848 2093 3912 detracta

513 3927 942 4000 circumquaque
964 3933 1128 4001 pelle,
1162 3935 1298 3990 nihil
1327 3938 1554 3991 omnino
1579 3939 1699 3992 visu
1721 3939 2091 4009 perciperent,

515 4017 930 4089 inexpugnabili
963 4025 1147 4078 crucis
1177 4026 1334 4096 signo
1364 4038 1554 4083 contra
1594 4030 1903 4085 istiusmodi
1939 4032 2096 4086 terri-

512 4109 822 4167 culamenta
868 4129 990 4169 sese
1036 4119 1369 4184 munientes,
1426 4121 1771 4182 recederent,
1821 4121 1940 4176 Non
2002 4121 2094 4182 hic

513 4199 666 4254 stetit
727 4202 974 4258 vafrities
1017 4222 1256 4277 nequam
1313 4209 1490 4265 hostis
1551 4229 1564 4264 :
1621 4211 1948 4280 praeludium
2001 4212 2090 4266 illa

512 4301 690 4344 erant.
720 4293 1021 4362 Serpentes
1063 4297 1268 4370 ingenti
1297 4317 1532 4356 numero
1561 4301 1830 4357 adversus
1867 4301 2094 4378 Symeo-

511 4395 639 4438 nem
669 4398 888 4440 coactos
917 4389 968 4441 in
997 4389 1168 4445 aciem
1210 4391 1422 4454 educit,
1458 4401 1839 4462 nocturnaque
1874 4407 2090 4464 spectra

511 4475 832 4530 multimoda
855 4481 1037 4546 specie
1059 4483 1524 4544 comminiscitur,
1543 4483 1747 4552 quibus
1771 4485 1948 4554 ipsum
1971 4503 2088 4557 per-

510 4571 926 4636 terrere,atque
953 4569 1022 4622 ab
1053 4571 1273 4625 eximiis
1303 4571 1412 4624 illis
1445 4572 1696 4624 asceticaa
1746 4571 1870 4626 vitae
1903 4576 2087 4642 operi—

508 4654 614 4710 bus
634 4657 946 4714 absterrere
967 4660 1062 4716 diu
1085 4673 1333 4716 conatur.
1359 4660 1428 4716 At
1448 4677 1711 4732 generosa
1750 4665 1838 4718 illa
1862 4676 2086 4736 propter

505 4748 788 4805 Christum
833 4752 1036 4817 anima,
1086 4753 1236 4807 hisce
1285 4753 1596 4806 terroribus
1625 4770 1734 4808 non
1781 4750 1943 4812 modo
1975 4775 2082 4814 non

507 4841 732 4906 cedens,
755 4843 852 4896 sed
883 4857 1073 4898 contra
1101 4846 1295 4914 n‘tajori
1325 4848 1490 4902 etiam
1515 4849 1890 4915 contentione,
1919 4867 2081 4921 quam

506 4942 667 4988 antea
689 4933 904 4988 enitens
928 4935 994 4989 ad
1027 4937 1310 5001 virtutem,
1349 4947 1402 4992 et
1444 4939 1645 5008 quibus
1677 4942 1930 4996 terrenda
1975 4959 2080 5014 pu—

507 5018 730 5072 tabatur
756 5018 866 5072 illis
897 5019 1030 5088 ipsis
1077 5020 1333 5078 fiduciam
1371 5026 1665 5097 adaugens,
1703 5045 1894 5086 vocem
1925 5041 2082 5086 extu-

505 5107 570 5162 lit
613 5107 926 5177 cecinitque
954 5127 967 5162 :
1005 5110 1330 5167 Altissimum
1361 5118 1510 5185 posui
1537 5120 1795 5189 refugium
1833 5137 2006 5175 meum
2029 5123 2078 5188 ⁸;

503 5207 798 5268 propterea
828 5215 936 5254 non
971 5203 1177 5258 timebo
1201 5223 1232 5258 a
1271 5208 1458 5262 timore
1500 5221 1779 5275 nocturno,
1811 5229 1842 5264 a
1881 5214 2080 5283 sagitta

506 5292 716 5345 volante
756 5306 849 5358 per
885 5291 1054 5352 diem,
1081 5313 1111 5348 a
1146 5299 1349 5365 negotio
1385 5301 1791 5367 perambulante
1838 5305 1892 5356 in
1939 5315 2081 5356 tene-

507 5383 634 5441 bris,
664 5399 694 5433 a
725 5383 880 5434 ruina
909 5392 957 5434 et
985 5385 1240 5441 drmonio
1277 5392 1568 5444 meridiano
1604 5394 1646 5445 ⁵.

572 5471 660 5524 25.
689 5469 1052 5541 Conspicatus
1085 5477 1254 5546 igitur
1301 5483 1477 5534 malus
1511 5483 1724 5538 dromon
1772 5485 1827 5538 in
1874 5501 2077 5539 vanum

503 5577 562 5615 se
587 5561 860 5629 laborare,
895 5573 1024 5620 tunc
1050 5569 1269 5636 quidem
1313 5571 1621 5626 istiusmodi
1663 5575 2080 5631 machinamen-

505 5653 576 5707 tis
621 5653 902 5711 abstinuit.
950 5658 1155 5714 Dcintlc
1189 5678 1316 5714 vero
1365 5680 1550 5718 mense
1586 5666 1824 5734 Apelmo,
1857 5666 1949 5735 qui
1980 5679 2082 5718 no-

575 5835 592 5862 ~
624 5835 763 5891 m1.
800 5853 882 5897 xc.
929 5839 986 5892 ο.
1065 5822 1270 5893 π’ίιιίιι.
1390 5841 1442 5894 6.

2211 648 2440 716 ἐκεῖθεν,
2475 651 2570 702 καὶ
2599 650 2898 715 ἀπελάσας,
2935 651 3060 718 ὑγιῆ
3099 649 3190 702 τὸν
3220 649 3506 720 ἄνθρωπον
3537 654 3769 713 ἀπολύει.

2212 739 2396 804 Οὕτως
2420 743 2504 795 ἀεὶ
2537 742 2957 811 παραμένουσαν
2986 739 3138 810 αὑτῷ
3166 741 3263 811 τὴν
3302 741 3508 796 ἄνωθεν
3546 741 3656 814 εἶχε
3684 749 3776 817 χά-

2213 852 2320 906 ριν,
2355 836 2446 887 καὶ
2492 834 2599 888 τῶν
2643 833 2792 904 αὑτῷ
2837 835 3170 903 προσιόντων
3187 834 3388 914 οὐδεὶς.
3414 831 3482 906 ἦν
3535 837 3777 910 διακενῆς

2211 925 2584 996 ἀναστρέφων,
2618 926 2754 978 ἀλλὰ
2790 927 3075 994 τυγχάνων
3107 917 3277 996 οὗπερ
3304 925 3575 982 ἐϐούλετο.

2281 1023 2386 1083 κγ’.
2418 1015 2748 1084 Βουλόμενος
2771 1017 2828 1070 δέ
2855 1015 2990 1087 πρὸς
3013 1013 3211 1085 ἀρετὴν
3231 1015 3319 1068 διὰ
3346 1017 3563 1070 πάντων
3586 1019 3777 1094 οἰκοδο·

2213 1107 2452 1176 μεῖσθαι,
2485 1109 2579 1161 καὶ
2613 1107 2886 1177 ὑπομονὴν
2912 1106 2998 1160 ἀεὶ
3029 1105 3471 1176 καταρτίζεσθαι,
3502 1109 3635 1178 φησί
3657 1126 3777 1162 ποτε

2209 1198 2345 1267 πρὸς
2378 1198 2470 1252 τὸν
2507 1197 2781 1268 Ἰωάννην·
2825 1197 2911 1260 Ὠς
2944 1198 3052 1270 ἄρα
3080 1199 3113 1268 ἡ
3150 1198 3250 1268 μέν
3279 1196 3372 1250 τοῦ
3413 1199 3628 1250 Σατανᾶ
3656 1199 3778 1268 κτῆ-

2211 1305 2314 1352 σις,
2361 1289 2456 1341 καὶ
2489 1289 2616 1352 ὅσος
2659 1290 2688 1342 ὁ
2715 1286 2907 1341 τούτου
2937 1286 3180 1356 ὀλέθριος
3209 1283 3466 1352 πλοῦτος,
3500 1284 3780 1356 ὁπδείχθη

2211 1394 2302 1446 μοι
2335 1379 2526 1448 πρώην
2558 1377 2712 1449 παρὰ
2743 1377 2910 1431 Θεοῦ·
2945 1377 3030 1440 τίς
3056 1377 3112 1430 δὲ
3137 1377 3325 1430 λοιπὸν
3375 1378 3411 1446 ἡ
3453 1378 3656 1446 σπουδὴ
3690 1379 3782 1448 τῆς

2206 1467 2416 1522 ἐκείνου
2442 1468 2816 1539 πολυτεκνίας,
2862 1468 2929 1522 δι’
2956 1463 3026 1540 ἧς
3050 1471 3162 1532 τοῖς
3186 1469 3391 1540 ἀρετῆς
3421 1469 3679 1538 ἐρασταῖς
3693 1487 3782 1522 πο-

2206 1558 2405 1628 λέμους
2428 1559 2797 1632 ἀναρριπίζειν.
2819 1560 2926 1612 Καὶ
2955 1561 2984 1612 ὀ
3014 1559 3289 1629 Ἰωάννης·
3323 1561 3385 1612 Ὀ
3413 1559 3639 1631 Κύριος,
3663 1560 3778 1630 ἔφη,

2205 1653 2416 1718 τέκνον,
2449 1651 2713 1714 ἐξελείταί
2738 1668 2796 1704 σε
2823 1650 2924 1720 τῆς
2949 1651 3162 1705 ἐκείνου
3196 1653 3583 1722 κακοτεχνίας.
3627 1651 3780 1706 Ὑπο-

2204 1744 2384 1798 λαϐὼν
2421 1743 2480 1797 δὲ
2507 1744 2534 1796 ὁ
2563 1741 2807 1816 Συμεὼν,
2825 1743 3256 1814 Ἐπικατάρατός
3293 1760 3354 1796 τε
3391 1743 3485 1796 xui.
3520 1743 3783 1814 ἄπρακτος

2206 1836 2378 1898 ἔσται,
2407 1835 2562 1905 φησὶ,
2604 1834 2716 1886 τῶν
2747 1836 2957 1889 ἐκείνου
3003 1834 3351 1903 δυνάμεωνὴ
3394 1830 3638 1903 φροντὶς,
3675 1831 3782 1902 μεθ’

2205 1921 2280 1980 ὧν
2309 1926 2405 1990 τὰς
2437 1925 2678 1996 πονηρὰς
2719 1925 3112 1991 συσκευάζεται
3143 1923 3397 1994 πράξεις.
3446 1923 3586 1977 Ἰδὼν
3616 1923 3783 1976 τοίνυν

2206 2023 2236 2074 ὁ
2270 2021 2520 2089 Ἰωάννης
2545 2021 2691 2081 ὅπως
2715 2018 2774 2071 ἐν
2804 2017 3016 2081 οὐδενὸς
3050 2018 3208 2088 μέρει
3227 2017 3330 2081 τὰς
3363 2015 3657 2079 ἐπιϐουλὰς
3685 2015 3782 2068 ἐτί-

2209 2111 2332 2164 θετο
2370 2111 2461 2163 τοῦ
2488 2109 2703 2180 ἐχθροῦ,
2745 2111 3002 2181 καθάπερ
3039 2109 3204 2163 αὑτοῦ
3239 2110 3304 2162 τὸ
3331 2110 3589 2179 φρόνημα
3625 2124 3780 2161 καταο

2211 2203 2465 2263 στέλλων,
2497 2203 2584 2254 ἵνα
2617 2202 2690 2272 μὴ
2725 2201 2884 2272 λάθῃ,
2913 2205 2979 2272 τῇ
3009 2201 3198 2254 τούτου
3227 2201 3381 2271 ψυχῇ
3411 2201 3600 2268 τῦφον,
3624 2199 3779 2253 ἐντεῦ-

2199 2293 2290 2346 Θεν
2337 2294 2366 2345 ὁ
2404 2293 2588 2354 exuti);
2649 2295 2976 2363 ἐμποιήσας·
3038 2293 3130 2364 Μὴ
3171 2291 3342 2357 οὑτω,
3390 2293 3604 2350 τέκνον,
3675 2289 3774 2360 ἔχε,

2199 2383 2353 2451 φησὶ,
2390 2382 2509 2452 μηδ’
2539 2381 2711 2442 οὕτως
2742 2380 2974 2450 ἀσθενὴς
3007 2383 3036 2434 ὁ
3067 2382 3334 2451 πολέμιος
3361 2381 3658 2450 λογιζέσθω
3687 2395 3776 2442 σοι,

2201 2473 2337 2526 ἀλλὰ
2367 2473 2590 2541 σιδηρᾶς
2623 2471 2823 2539 μᾶλλον
2861 2471 3030 2534 ὁπλὰς
3066 2471 3488 2542 ὑποδεδεμένος,
3519 2467 3687 2541 ταύτῃ
3725 2483 3776 2518 τε

2199 2563 2289 2617 διὰ
2321 2565 2519 2627 παντὸς
2551 2567 2660 2626 τοῖς
2697 2565 2951 2632 μοναχοῖς
2981 2563 3319 2632 ἐφεδρεύων,
3352 2563 3445 2615 καὶ
3463 2563 3517 2614 εἴ
3537 2578 3637 2613 που
3669 2575 3779 2612 και-

2206 2655 2299 2727 ροῦ
2339 2655 2578 2716 λάϐοιτο,
2615 2657 2802 2726 βιαίως
2838 2657 3246 2726 ἐπιτιθέμενος·
3293 2655 3432 2710 ἀλλὰ
3477 2652 3780 2721 ἐπικλητέον

2200 2751 2332 2818 ἡμῖν
2378 2750 2545 2818 φάναι
2590 2750 2678 2800 τιν
2734 2748 3105 2818 Ἐμμανουὴλ,
3162 2749 3254 2800 καὶ
3305 2747 3472 2810 αὑτὸς
3515 2747 3662 2799 ἔσται
3705 2743 3781 2797 διὰ
3846 2780 3854 2788 -

2200 2847 2398 2908 παντὸς
2440 2846 2559 2916 μεϐ⁹
2596 2845 2772 2915 ἡμῶν,
2807 2845 2899 2896 καὶ
2939 2844 3100 2907 αὐτὸς
3128 2843 3303 2896 αὑτοῦ
3351 2846 3418 2914 τῇ
3455 2842 3556 2912 τῆς
3588 2837 3780 2901 οἰκείας

2200 2941 2500 3011 παρουσίας
2530 2939 2820 3009 ἐπιφανείᾳ
2845 2941 3182 3009 καταργήσει
3215 2937 3324 2998 τὰς
3353 2935 3652 3004 ἐνεργείας.

1020 3039 1033 3076 :
1080 3023 1197 3093 ipse
1244 3037 1510 3097 perpetuo
1539 3031 1824 3084 nobiscum
1861 3031 2079 3086 futurus
2119 3042 2235 3098 est;
2271 3035 2386 3103 ipse
2421 3031 2713 3100 prmsentia
2742 3046 2839 3084 sua
2865 3046 3084 3086 onmem
3145 3027 3370 3084 ἰδεῖνιἰοί
3409 3029 3519 3082 vim
3585 3027 3778 3083 irritam

2275 3210 2372 3263 κδ’.
2409 3207 2589 3260 Ταῦτα
2613 3207 2748 3276 πρὸς
2775 3207 3108 3276 τηλικαύτην
3139 3204 3289 3257 κατὰ
3319 3205 3414 3256 τοῦ
3452 3203 3673 3274 Συμεὼν
3704 3207 3783 3259 ἐκ·

2203 3302 2385 3371 μαίνει
2435 3298 2638 3352 λύσσαν
2693 3300 2784 3352 τὸν
2833 3296 3066 3368 πονηρὸν
3107 3295 3180 3357 ὡς
3221 3294 3432 3364 ἁῧρῦον
3481 3294 3778 3354 ἐπιστάντα,

2200 3392 2394 3456 φόνους
2417 3407 2474 3441 τε
2508 3391 2736 3458 συχνοὺς
2775 3389 2981 3442 ἄνωθεν
3013 3387 3114 3452 τῆς
3141 3387 3471 3456 exsuctis-1;;
3493 3385 3653 3439 αὑτὸν
3685 3401 3778 3454 μη·

2197 3481 2372 3550 λωτῆς
2430 3481 2658 3549 φοϐερὸν
2710 3481 2974 3550 ἠχοῦντας
3025 3479 3343 3548 ἐπινοῆσαι,
3402 3477 3498 3530 καὶ
3555 3473 3782 3528 κάτωθεν

2197 3572 2454 3642 δαίμονας
2477 3573 2550 3632 ὼς
2576 3573 2729 3640 ὄφεις
2758 3571 3074 3632 ὑποϐαλεῖν,
3107 3569 3288 3622 δεινόν
3306 3587 3357 3621 τι
3383 3569 3582 3639 κομιδῇ
3617 3567 3782 3638 συρίτ-

2197 3681 2385 3727 τοντας
2413 3665 2505 3716 καὶ
2529 3664 2734 3731 σςόδρα
2760 3662 3186 3731 δεδιττομένους,
3223 3661 3307 3724 ὡς
3343 3662 3483 3730 μηδέ
3506 3661 3605 3730 τὴν
3630 3657 3781 3722 ἀκοὴν

2196 3755 2342 3815 οἴους
2365 3769 2426 3806 τε
2451 3749 2587 3806 εἶναι
2619 3755 2830 3821 στέγειν
2848 3753 2970 3815 τοὺς
3009 3753 3308 3822 μοναχοὺς,
3335 3751 3475 3806 ἀλλὰ
3505 3753 3600 3806 καὶ
3628 3751 3782 3820 αὑτὴν

2196 3843 2368 3913 δήπου
2401 3841 2753 3913 περιελόντας
2779 3843 2876 3912 τὴν
2915 3841 3193 3911 μηλωτὴν,
3225 3843 3359 3896 ἐπεὶ
3397 3844 3573 3916 μηδὲν
3603 3841 3782 3908 :1!an-

2195 3935 2303 3997 τῶς
2332 3937 2465 4005 ὀρᾷν
2496 3929 2662 4003 εἶχον,
2701 3932 2779 4003 τῷ
2811 3935 3010 4003 ἀμάχῳ
3048 3934 3138 3988 τοῦ
3173 3935 3422 4004 σταυροῦ
3463 3937 3625 4005 τύπῳ
3653 3933 3780 3986 κατὰ

2195 4026 2302 4078 τῶν
2356 4025 2627 4094 δειμάτων
2678 4025 2906 4076 ἐκείνων
2979 4025 3423 4095 σημειουμένους
3463 4025 3778 4094 ἀναχωρεῖν.

2196 4111 2290 4179 οἷς
2319 4117 2416 4169 οὑκ
2441 4112 2508 4186 ἦν
2532 4114 2818 4186 ἀρκεῖσθαι
2881 4117 3067 4184 μόνοις
3099 4116 3193 4167 τὸν
3231 4117 3503 4188 πονηρὸν,
3539 4117 3674 4170 ἀλλὰ
3698 4114 3783 4167 καὶ

2196 4207 2399 4278 πλῆθος
2452 4207 2696 4278 ἑρπετῶν
2761 4206 2902 4260 κατὰ
2929 4205 3023 4258 τοῦ
3055 4205 3284 4276 Συμεὼν
3315 4204 3484 4272 αὖθις
3527 4205 3782 4261 ἐπισυνά-

2193 4316 2301 4368 γει,
2342 4298 2435 4350 καὶ
2486 4297 2806 4367 νυκτερινὰς
2857 4297 3066 4349 ἐπινοεῖ
3116 4296 3430 4362 πολυειδεῖς
3466 4299 3782 4368 φαντασίας.

2193 4391 2287 4444 καὶ
2317 4389 2508 4460 χρόνον
2553 4389 2646 4441 ἐπὶ
2689 4387 2900 4458 μακρὸν
2959 4388 3314 4457 ἐκταράττειν
3371 4389 3572 4461 ὥσπερ
3633 4386 3784 4443 αὑτὸν

2193 4481 2456 4551 οἰόμενος,
2497 4481 2586 4534 ἵνα
2619 4480 2754 4549 πρὸς
2786 4481 2913 4542 τοὺς
2949 4479 3249 4548 ὑπερφυεῖς
3279 4481 3542 4544 ἐκείνους
3583 4481 3783 4548 ἀπαγο-

2197 4573 2368 4646 ρεύσῃ
2396 4571 2682 4640 ἀσκήσεως
2717 4569 2932 4634 πόνους.
2980 4570 3044 4624 Ἡ
3073 4571 3128 4624 δὲ
3161 4571 3392 4640 γενναία
3425 4571 3518 4627 διὰ
3559 4571 3784 4644 Χριστὸν

2193 4664 2376 4733 ἐκείνη
2401 4661 2568 4730 ψυχὴ,
2595 4661 2694 4731 οὑχ
2715 4661 2863 4724 ὅπως
2884 4661 3094 4726 τούτοις
3116 4661 3268 4715 οὐδὲν
3299 4664 3616 4727 ἐνδιδοῦσα,
3642 4661 3782 4714 τούν-

2195 4753 2376 4808 αντίον
2438 4755 2534 4822 μὲν
2586 4747 2678 4805 οὖν
2735 4753 2828 4805 καὶ
2883 4752 3296 4824 φιλονεικοτέρα
3373 4757 3520 4828 πρὸς
3593 4753 3786 4824 ἀρετὴν

2191 4847 2390 4916 ἑαυτῆς
2422 4849 2704 4916 γινομένη,
2745 4846 2932 4898 ἐκεῖνα
2963 4846 3162 4915 μᾶλλον
3185 4846 3379 4901 αὐτῶν
3408 4847 3785 4918 τεθαρρηκυῖα

2189 4942 2254 5009 τῇ
2288 4942 2436 5009 φωνῇ
2472 4938 2738 5007 κατεπῇδε
2759 4953 2773 4968 ·
2807 4937 2918 4990 Τὸν
2951 4937 3256 5004 "reﬂatur
3279 4939 3788 5008 ἐθέμὴνκαταφυδ

2181 5029 2298 5099 τήν
2314 5046 2456 5098 μου,
2495 5027 2584 5080 διὰ
2605 5031 2764 5082 τοῦτο
2785 5028 2845 5081 οὐ
2881 5027 3266 5098 φοϐηθήσομαι
3297 5030 3428 5083 ἀπὸ
3465 5031 3663 5098 φόϐου
3688 5043 3786 5078 νυ·-

2179 5119 2471 5189 κτερινοῦ,
2494 5120 2615 5174 ἀπὸ
2626 5119 2856 5186 βέλους
2870 5121 3202 5188 πετομένου
3218 5120 3477 5188 ἡμέρας,
3497 5123 3622 5178 ἀπὸ
3643 5117 3786 5187 πρά-

2179 5228 2393 5281 γματος
2428 5212 2499 5277 ἐν
2533 5212 2740 5266 σκότει
2767 5211 3302 5280 διαπορευομένου,
3345 5213 3470 5266 ἀπὸ
3506 5209 3782 5282 συμπτώ-

2171 5317 2358 5369 ματος
2388 5301 2484 5354 καὶ
2515 5301 2824 5372 δαιμονίου
2846 5303 3285 5373 μεσημϐρὶνοῦ.
3373 5327 3380 5332 ·

2255 5475 2351 5531 κε’.
2409 5477 2576 5539 Εἰδὼς
2629 5477 2807 5531 τοίνυν
2856 5478 3098 5548 ἀνήνυτα
3142 5481 3378 5551 κάμνων
3443 5487 3473 5537 ὁ
3533 5487 3784 5559 πονηρὸς,

2180 5569 2486 5643 τηνικαῦτα.
2519 5573 2616 5640 μέν
2651 5575 2843 5636 αὑταῖς
2893 5573 2967 5638 ὡς
3019 5571 3167 5645 εἶχεν
3209 5574 3433 5649 ἀπέστη
3471 5578 3781 5650 δυνάμεσιν.

2193 5661 2514 5716 ’Δπελλαίου
2549 5663 2602 5716 δέ
2625 5662 2792 5734 μηνὸς
2814 5661 3133 5734 ὕστερονβς
3158 5662 3511 5738 Δεκέμῧριος
3540 5668 3782 5742 ἡμετέρᾳ
