  <div class='ocr_page' id='page_1' title='image "/cluster/home/n/w/nwhite01/storage/ocr_20150623/86:pt.2/coo.31924054869890/632.png"; bbox 0 0 3898 6390; ppageno 0'>
   <div class='ocr_carea' id='block_1_1' title="bbox 112 289 249 353">
    <p class='ocr_par' dir='ltr' id='par_1_1' title="bbox 112 289 249 353">
     <span class='ocr_line' id='line_1_1' title="bbox 112 289 249 353; baseline -0.036 1"><span class='ocrx_word' id='word_1_1' title='bbox 112 289 249 353; x_wconf 64' lang='lat'><strong>3909</strong></span> 
     </span>
    </p>
   </div>
   <div class='ocr_carea' id='block_1_2' title="bbox 1161 256 2420 336">
    <p class='ocr_par' dir='ltr' id='par_1_2' title="bbox 1161 256 2420 336">
     <span class='ocr_line' id='line_1_2' title="bbox 1161 256 2420 336; baseline -0.014 -2"><span class='ocrx_word' id='word_1_2' title='bbox 1161 275 1338 336; x_wconf 79' lang='lat' dir='ltr'><strong>VITA</strong></span> <span class='ocrx_word' id='word_1_3' title='bbox 1376 276 1423 333; x_wconf 79' lang='grc' dir='ltr'><strong>Α</strong></span> <span class='ocrx_word' id='word_1_4' title='bbox 1458 260 1899 331; x_wconf 82' lang='lat' dir='ltr'><strong>NICEPHORO</strong></span> <span class='ocrx_word' id='word_1_5' title='bbox 1932 257 2250 321; x_wconf 73' lang='lat' dir='ltr'><strong>CONSCR]</strong></span> <span class='ocrx_word' id='word_1_6' title='bbox 2266 256 2420 318; x_wconf 74' lang='grc' dir='ltr'><strong>ΡΤᾹ-</strong></span> 
     </span>
    </p>
   </div>
   <div class='ocr_carea' id='block_1_3' title="bbox 3265 250 3407 317">
    <p class='ocr_par' dir='ltr' id='par_1_3' title="bbox 3265 250 3407 317">
     <span class='ocr_line' id='line_1_3' title="bbox 3265 250 3407 317; baseline 0.014 -3"><span class='ocrx_word' id='word_1_7' title='bbox 3265 250 3407 317; x_wconf 76' lang='grc'><strong>3010</strong></span> 
     </span>
    </p>
   </div>
   <div class='ocr_carea' id='block_1_4' title="bbox 112 368 1762 468">
    <p class='ocr_par' dir='ltr' id='par_1_4' title="bbox 112 379 1762 468">
     <span class='ocr_line' id='line_1_4' title="bbox 112 379 1762 468; baseline -0.012 -16"><span class='ocrx_word' id='word_1_8' title='bbox 112 397 389 468; x_wconf 69' lang='grc' dir='ltr'>διαλέκτῳ</span> <span class='ocrx_word' id='word_1_9' title='bbox 422 396 673 451; x_wconf 74' lang='grc' dir='ltr'>καλεῖται</span> <span class='ocrx_word' id='word_1_10' title='bbox 764 395 940 456; x_wconf 84' lang='grc' dir='ltr'>πάσας</span> <span class='ocrx_word' id='word_1_11' title='bbox 979 392 1052 455; x_wconf 86' lang='grc' dir='ltr'>ὼς</span> <span class='ocrx_word' id='word_1_12' title='bbox 1083 389 1261 443; x_wconf 73' lang='grc' dir='ltr'>ἐδόκει</span> <span class='ocrx_word' id='word_1_13' title='bbox 1294 383 1475 447; x_wconf 85' lang='grc' dir='ltr'>καλῶς</span> <span class='ocrx_word' id='word_1_14' title='bbox 1505 381 1605 445; x_wconf 69' lang='grc' dir='ltr'><strong>τὰς</strong></span> <span class='ocrx_word' id='word_1_15' title='bbox 1636 379 1762 439; x_wconf 70' lang='grc' dir='ltr'>στιί</span> 
     </span>
    </p>
   </div>
   <div class='ocr_carea' id='block_1_5' title="bbox 1855 368 3406 468">
    <p class='ocr_par' dir='ltr' id='par_1_5' title="bbox 1858 368 3406 447">
     <span class='ocr_line' id='line_1_5' title="bbox 1858 368 3406 447; baseline -0.005 -16"><span class='ocrx_word' id='word_1_16' title='bbox 1858 388 1939 434; x_wconf 77' lang='lat' dir='ltr'><strong>ira</strong></span> <span class='ocrx_word' id='word_1_17' title='bbox 1985 377 2173 447; x_wconf 78' lang='lat' dir='ltr'><strong>lingua</strong></span> <span class='ocrx_word' id='word_1_18' title='bbox 2224 373 2531 430; x_wconf 90' lang='lat' dir='ltr'><strong>December</strong></span> <span class='ocrx_word' id='word_1_19' title='bbox 2572 380 2949 441; x_wconf 74' lang='lat' dir='ltr'><strong>nuncupatur,</strong></span> <span class='ocrx_word' id='word_1_20' title='bbox 3008 368 3269 426; x_wconf 85' lang='lat' dir='ltr'><strong>omnibus</strong></span> <span class='ocrx_word' id='word_1_21' title='bbox 3323 374 3406 433; x_wconf 88' lang='lat' dir='ltr'><strong>(ut</strong></span> 
     </span>
    </p>
   </div>
   <div class='ocr_carea' id='block_1_6' title="bbox 112 471 1730 558">
    <p class='ocr_par' dir='ltr' id='par_1_6' title="bbox 112 471 1730 558">
     <span class='ocr_line' id='line_1_6' title="bbox 112 471 1730 558; baseline -0.012 -15"><span class='ocrx_word' id='word_1_22' title='bbox 112 489 275 543; x_wconf 68' lang='grc' dir='ltr'>αὑτὸν</span> <span class='ocrx_word' id='word_1_23' title='bbox 308 489 621 558; x_wconf 83' lang='grc' dir='ltr'>φάλαγγας</span> <span class='ocrx_word' id='word_1_24' title='bbox 655 483 982 555; x_wconf 69' lang='grc' dir='ltr'>ἐξαρτύσας,</span> <span class='ocrx_word' id='word_1_25' title='bbox 1009 478 1242 549; x_wconf 77' lang='grc' dir='ltr'>δευτέρα</span> <span class='ocrx_word' id='word_1_26' title='bbox 1270 476 1485 546; x_wconf 78' lang='grc' dir='ltr'>φυλακῇ</span> <span class='ocrx_word' id='word_1_27' title='bbox 1516 471 1617 541; x_wconf 78' lang='grc' dir='ltr'><strong>τῆς</strong></span> <span class='ocrx_word' id='word_1_28' title='bbox 1645 489 1730 525; x_wconf 84' lang='grc' dir='ltr'>νυ-</span> 
     </span>
    </p>
   </div>
   <div class='ocr_carea' id='block_1_7' title="bbox 110 566 1731 652">
    <p class='ocr_par' dir='ltr' id='par_1_7' title="bbox 110 566 1731 652">
     <span class='ocr_line' id='line_1_7' title="bbox 110 566 1731 652; baseline -0.013 -15"><span class='ocrx_word' id='word_1_29' title='bbox 110 583 233 644; x_wconf 70' lang='grc' dir='ltr'>κτος</span> <span class='ocrx_word' id='word_1_30' title='bbox 269 579 684 652; x_wconf 75' lang='grc' dir='ltr'><strong>ἐπιστρατεύει</strong></span> <span class='ocrx_word' id='word_1_31' title='bbox 715 578 796 646; x_wconf 82' lang='grc' dir='ltr'><strong>τῷ</strong></span> <span class='ocrx_word' id='word_1_32' title='bbox 819 576 1067 646; x_wconf 88' lang='grc' dir='ltr'>Συμεὼν,</span> <span class='ocrx_word' id='word_1_33' title='bbox 1102 574 1197 628; x_wconf 72' lang='grc' dir='ltr'><strong>καὶ</strong></span> <span class='ocrx_word' id='word_1_34' title='bbox 1225 570 1318 624; x_wconf 71' lang='grc' dir='ltr'>τὸν</span> <span class='ocrx_word' id='word_1_35' title='bbox 1350 566 1731 638; x_wconf 74' lang='grc' dir='ltr'><strong>γεγλυμμένον</strong></span> 
     </span>
    </p>
   </div>
   <div class='ocr_carea' id='block_1_8' title="bbox 108 652 1730 744">
    <p class='ocr_par' dir='ltr' id='par_1_8' title="bbox 108 652 1730 744">
     <span class='ocr_line' id='line_1_8' title="bbox 108 652 1730 744; baseline -0.014 -15"><span class='ocrx_word' id='word_1_36' title='bbox 108 676 321 729; x_wconf 74' lang='grc' dir='ltr'>αὐτίκα.</span> <span class='ocrx_word' id='word_1_37' title='bbox 353 674 554 744; x_wconf 84' lang='grc' dir='ltr'>μόδιον</span> <span class='ocrx_word' id='word_1_38' title='bbox 580 672 721 741; x_wconf 77' lang='grc' dir='ltr'>ἄρας</span> <span class='ocrx_word' id='word_1_39' title='bbox 746 671 885 739; x_wconf 75' lang='grc' dir='ltr'>αὐτῇ</span> <span class='ocrx_word' id='word_1_40' title='bbox 924 666 1148 737; x_wconf 86' lang='grc' dir='ltr'>μελωπῇ</span> <span class='ocrx_word' id='word_1_41' title='bbox 1184 706 1197 728; x_wconf 94' lang='grc'><strong>,</strong></span> <span class='ocrx_word' id='word_1_42' title='bbox 1222 664 1415 732; x_wconf 66' lang='grc' dir='ltr'>ἁιξίησι</span> <span class='ocrx_word' id='word_1_43' title='bbox 1456 658 1600 712; x_wconf 75' lang='grc' dir='ltr'>κατὰ</span> <span class='ocrx_word' id='word_1_44' title='bbox 1634 652 1730 708; x_wconf 79' lang='grc' dir='ltr'>τοῦ</span> 
     </span>
    </p>
   </div>
   <div class='ocr_carea' id='block_1_9' title="bbox 108 746 1733 836">
    <p class='ocr_par' dir='ltr' id='par_1_9' title="bbox 108 746 1733 836">
     <span class='ocr_line' id='line_1_9' title="bbox 108 746 1733 836; baseline -0.012 -16"><span class='ocrx_word' id='word_1_45' title='bbox 108 764 402 836; x_wconf 76' lang='grc' dir='ltr'><strong>κρημνοῦ.</strong></span> <span class='ocrx_word' id='word_1_46' title='bbox 464 763 627 828; x_wconf 79' lang='grc' dir='ltr'>Δεξιὰ</span> <span class='ocrx_word' id='word_1_47' title='bbox 670 762 728 815; x_wconf 83' lang='grc' dir='ltr'><strong>δὲ</strong></span> <span class='ocrx_word' id='word_1_48' title='bbox 775 761 985 830; x_wconf 80' lang='grc' dir='ltr'>Κυρίου</span> <span class='ocrx_word' id='word_1_49' title='bbox 1018 758 1181 819; x_wconf 77' lang='grc' dir='ltr'>εὐθὺς</span> <span class='ocrx_word' id='word_1_50' title='bbox 1214 755 1301 808; x_wconf 77' lang='grc' dir='ltr'><strong>ἐπ’</strong></span> <span class='ocrx_word' id='word_1_51' title='bbox 1332 753 1523 815; x_wconf 65' lang='grc' dir='ltr'>αὒτξν,</span> <span class='ocrx_word' id='word_1_52' title='bbox 1579 746 1733 812; x_wconf 75' lang='grc' dir='ltr'>δεξιὰ</span> 
     </span>
    </p>
   </div>
   <div class='ocr_carea' id='block_1_10' title="bbox 108 843 1735 930">
    <p class='ocr_par' dir='ltr' id='par_1_10' title="bbox 108 843 1735 930">
     <span class='ocr_line' id='line_1_10' title="bbox 108 843 1735 930; baseline -0.014 -15"><span class='ocrx_word' id='word_1_53' title='bbox 108 862 328 930; x_wconf 78' lang='grc' dir='ltr'>Κυρίου</span> <span class='ocrx_word' id='word_1_54' title='bbox 369 858 618 913; x_wconf 81' lang='grc' dir='ltr'>ποιοῦσα</span> <span class='ocrx_word' id='word_1_55' title='bbox 650 856 911 926; x_wconf 57' lang='grc' dir='ltr'>δύναμιν</span> <span class='ocrx_word' id='word_1_56' title='bbox 944 856 1039 907; x_wconf 74' lang='grc' dir='ltr'>καὶ</span> <span class='ocrx_word' id='word_1_57' title='bbox 1064 854 1092 906; x_wconf 89' lang='lat'><strong>6</strong></span> <span class='ocrx_word' id='word_1_58' title='bbox 1126 852 1223 921; x_wconf 77' lang='grc' dir='ltr'>μὲν</span> <span class='ocrx_word' id='word_1_59' title='bbox 1249 849 1485 909; x_wconf 85' lang='grc' dir='ltr'>ἀκλινῶς</span> <span class='ocrx_word' id='word_1_60' title='bbox 1511 845 1602 898; x_wconf 68' lang='grc' dir='ltr'>ἐπὶ</span> <span class='ocrx_word' id='word_1_61' title='bbox 1634 843 1735 912; x_wconf 81' lang='grc' dir='ltr'>τῆς</span> 
     </span>
    </p>
   </div>
   <div class='ocr_carea' id='block_1_11' title="bbox 110 938 1735 1024">
    <p class='ocr_par' dir='ltr' id='par_1_11' title="bbox 110 938 1735 1024">
     <span class='ocr_line' id='line_1_11' title="bbox 110 938 1735 1024; baseline -0.011 -17"><span class='ocrx_word' id='word_1_62' title='bbox 110 953 334 1024; x_wconf 78' lang='grc' dir='ltr'>βάσεως</span> <span class='ocrx_word' id='word_1_63' title='bbox 385 946 572 1012; x_wconf 78' lang='grc' dir='ltr'>ἑστὼς</span> <span class='ocrx_word' id='word_1_64' title='bbox 603 950 697 1001; x_wconf 72' lang='grc' dir='ltr'><strong>καὶ</strong></span> <span class='ocrx_word' id='word_1_65' title='bbox 738 947 1180 1017; x_wconf 76' lang='grc' dir='ltr'>προσευχόμενος</span> <span class='ocrx_word' id='word_1_66' title='bbox 1209 939 1276 996; x_wconf 61' lang='grc' dir='ltr'>ἦν</span> <span class='ocrx_word' id='word_1_67' title='bbox 1300 958 1311 970; x_wconf 82' lang='grc'><em>’</em></span> <span class='ocrx_word' id='word_1_68' title='bbox 1342 942 1370 992; x_wconf 98' lang='lat'><strong>6</strong></span> <span class='ocrx_word' id='word_1_69' title='bbox 1406 940 1462 1015; x_wconf 81' lang='grc' dir='ltr'>δὲ</span> <span class='ocrx_word' id='word_1_70' title='bbox 1493 938 1735 1007; x_wconf 76' lang='grc' dir='ltr'>ὄμϐρους</span> 
     </span>
    </p>
   </div>
   <div class='ocr_carea' id='block_1_12' title="bbox 109 1028 1737 1113">
    <p class='ocr_par' dir='ltr' id='par_1_12' title="bbox 109 1028 1737 1113">
     <span class='ocr_line' id='line_1_12' title="bbox 109 1028 1737 1113; baseline -0.012 -14"><span class='ocrx_word' id='word_1_71' title='bbox 109 1045 220 1099; x_wconf 71' lang='grc' dir='ltr'><strong>ἀπὸ</strong></span> <span class='ocrx_word' id='word_1_72' title='bbox 253 1045 369 1113; x_wconf 75' lang='grc' dir='ltr'>τῆς</span> <span class='ocrx_word' id='word_1_73' title='bbox 425 1043 710 1112; x_wconf 74' lang='grc' dir='ltr'><strong>θαλάσσης</strong></span> <span class='ocrx_word' id='word_1_74' title='bbox 752 1040 849 1094; x_wconf 74' lang='grc' dir='ltr'><strong>καὶ</strong></span> <span class='ocrx_word' id='word_1_75' title='bbox 894 1039 1155 1107; x_wconf 78' lang='grc' dir='ltr'><strong>ἀνέμους,</strong></span> <span class='ocrx_word' id='word_1_76' title='bbox 1206 1035 1300 1087; x_wconf 77' lang='grc' dir='ltr'><strong>καὶ</strong></span> <span class='ocrx_word' id='word_1_77' title='bbox 1341 1033 1591 1101; x_wconf 71' lang='grc' dir='ltr'>τυφῶνας</span> <span class='ocrx_word' id='word_1_78' title='bbox 1640 1028 1737 1081; x_wconf 78' lang='grc' dir='ltr'>καὶ</span> 
     </span>
    </p>
   </div>
   <div class='ocr_carea' id='block_1_13' title="bbox 109 1121 1735 1208">
    <p class='ocr_par' dir='ltr' id='par_1_13' title="bbox 109 1121 1735 1208">
     <span class='ocr_line' id='line_1_13' title="bbox 109 1121 1735 1208; baseline -0.01 -19"><span class='ocrx_word' id='word_1_79' title='bbox 109 1136 490 1208; x_wconf 70' lang='grc' dir='ltr'>πρηστῆρας,</span> <span class='ocrx_word' id='word_1_80' title='bbox 546 1135 640 1188; x_wconf 76' lang='grc' dir='ltr'><strong>καὶ</strong></span> <span class='ocrx_word' id='word_1_81' title='bbox 686 1130 1009 1197; x_wconf 88' lang='grc' dir='ltr'>καταιγίδας</span> <span class='ocrx_word' id='word_1_82' title='bbox 1069 1128 1279 1182; x_wconf 79' lang='grc' dir='ltr'>ἐκίνει.</span> <span class='ocrx_word' id='word_1_83' title='bbox 1334 1121 1614 1193; x_wconf 78' lang='grc' dir='ltr'>ἀστραπαί</span> <span class='ocrx_word' id='word_1_84' title='bbox 1676 1138 1735 1173; x_wconf 91' lang='grc' dir='ltr'><strong>τε</strong></span> 
     </span>
    </p>
   </div>
   <div class='ocr_carea' id='block_1_14' title="bbox 112 1208 1735 1299">
    <p class='ocr_par' dir='ltr' id='par_1_14' title="bbox 112 1208 1735 1299">
     <span class='ocr_line' id='line_1_14' title="bbox 112 1208 1735 1299; baseline -0.01 -17"><span class='ocrx_word' id='word_1_85' title='bbox 112 1230 394 1299; x_wconf 68' lang='grc' dir='ltr'>διάπυροι</span> <span class='ocrx_word' id='word_1_86' title='bbox 451 1227 549 1280; x_wconf 68' lang='grc' dir='ltr'><strong>καὶ</strong></span> <span class='ocrx_word' id='word_1_87' title='bbox 577 1208 897 1295; x_wconf 77' lang='grc' dir='ltr'>φλογώδεις,</span> <span class='ocrx_word' id='word_1_88' title='bbox 951 1223 1048 1276; x_wconf 80' lang='grc' dir='ltr'><strong>καὶ</strong></span> <span class='ocrx_word' id='word_1_89' title='bbox 1100 1219 1322 1291; x_wconf 66' lang='grc' dir='ltr'>βρονταὶ</span> <span class='ocrx_word' id='word_1_90' title='bbox 1377 1217 1590 1288; x_wconf 79' lang='grc' dir='ltr'>βαρεῖαι</span> <span class='ocrx_word' id='word_1_91' title='bbox 1639 1213 1735 1266; x_wconf 77' lang='grc' dir='ltr'>καὶ</span> 
     </span>
    </p>
   </div>
   <div class='ocr_carea' id='block_1_15' title="bbox 112 1307 1734 1393">
    <p class='ocr_par' dir='ltr' id='par_1_15' title="bbox 112 1307 1734 1393">
     <span class='ocr_line' id='line_1_15' title="bbox 112 1307 1734 1393; baseline -0.01 -18"><span class='ocrx_word' id='word_1_92' title='bbox 112 1322 371 1393; x_wconf 73' lang='grc' dir='ltr'>σκληραὶ</span> <span class='ocrx_word' id='word_1_93' title='bbox 414 1319 850 1390; x_wconf 77' lang='grc' dir='ltr'>ὲξερῤἡγνυντο,</span> <span class='ocrx_word' id='word_1_94' title='bbox 877 1315 954 1376; x_wconf 83' lang='grc' dir='ltr'><strong>ὡς</strong></span> <span class='ocrx_word' id='word_1_95' title='bbox 988 1314 1062 1382; x_wconf 86' lang='grc' dir='ltr'><strong>μὴ</strong></span> <span class='ocrx_word' id='word_1_96' title='bbox 1095 1313 1195 1374; x_wconf 87' lang='grc' dir='ltr'>τὰς</span> <span class='ocrx_word' id='word_1_97' title='bbox 1220 1309 1401 1379; x_wconf 68' lang='grc' dir='ltr'>ψυχὰς</span> <span class='ocrx_word' id='word_1_98' title='bbox 1446 1308 1605 1377; x_wconf 81' lang='grc' dir='ltr'>μόνον</span> <span class='ocrx_word' id='word_1_99' title='bbox 1640 1307 1734 1359; x_wconf 84' lang='grc' dir='ltr'>ἐκ·</span> 
     </span>
    </p>
   </div>
   <div class='ocr_carea' id='block_1_16' title="bbox 115 1394 1736 1483">
    <p class='ocr_par' dir='ltr' id='par_1_16' title="bbox 115 1394 1736 1483">
     <span class='ocr_line' id='line_1_16' title="bbox 115 1394 1736 1483; baseline -0.013 -17"><span class='ocrx_word' id='word_1_100' title='bbox 115 1413 487 1483; x_wconf 78' lang='grc' dir='ltr'>τεταράχθαι</span> <span class='ocrx_word' id='word_1_101' title='bbox 517 1410 644 1470; x_wconf 81' lang='grc' dir='ltr'>τοὺς</span> <span class='ocrx_word' id='word_1_102' title='bbox 681 1406 949 1477; x_wconf 79' lang='grc' dir='ltr'>μοναχοὺς</span> <span class='ocrx_word' id='word_1_103' title='bbox 984 1402 1121 1456; x_wconf 81' lang='grc' dir='ltr'>ἀλλὰ</span> <span class='ocrx_word' id='word_1_104' title='bbox 1149 1403 1244 1453; x_wconf 78' lang='grc' dir='ltr'><strong>καὶ</strong></span> <span class='ocrx_word' id='word_1_105' title='bbox 1274 1399 1339 1452; x_wconf 74' lang='grc' dir='ltr'><strong>τὰ</strong></span> <span class='ocrx_word' id='word_1_106' title='bbox 1368 1394 1482 1451; x_wconf 77' lang='grc' dir='ltr'>ὦτα</span> <span class='ocrx_word' id='word_1_107' title='bbox 1512 1394 1736 1457; x_wconf 81' lang='grc' dir='ltr'>τούτους</span> 
     </span>
    </p>
   </div>
   <div class='ocr_carea' id='block_1_17' title="bbox 111 1484 1737 1569">
    <p class='ocr_par' dir='ltr' id='par_1_17' title="bbox 111 1484 1737 1569">
     <span class='ocr_line' id='line_1_17' title="bbox 111 1484 1737 1569; baseline -0.011 -14"><span class='ocrx_word' id='word_1_108' title='bbox 111 1500 642 1569; x_wconf 64' lang='grc' dir='ltr'>ὲκκεκωφωμένοις</span> <span class='ocrx_word' id='word_1_109' title='bbox 692 1496 1101 1568; x_wconf 80' lang='grc' dir='ltr'>προσεοικέναι.</span> <span class='ocrx_word' id='word_1_110' title='bbox 1150 1494 1207 1545; x_wconf 85' lang='grc' dir='ltr'>ὐ</span> <span class='ocrx_word' id='word_1_111' title='bbox 1255 1491 1355 1560; x_wconf 85' lang='grc' dir='ltr'><strong>μὲν</strong></span> <span class='ocrx_word' id='word_1_112' title='bbox 1388 1484 1482 1542; x_wconf 81' lang='grc' dir='ltr'><strong>οὖν</strong></span> <span class='ocrx_word' id='word_1_113' title='bbox 1510 1485 1737 1557; x_wconf 88' lang='grc' dir='ltr'>Συμεὼν</span> 
     </span>
    </p>
   </div>
   <div class='ocr_carea' id='block_1_18' title="bbox 112 1574 1740 1661">
    <p class='ocr_par' dir='ltr' id='par_1_18' title="bbox 112 1574 1740 1661">
     <span class='ocr_line' id='line_1_18' title="bbox 112 1574 1740 1661; baseline -0.011 -15"><span class='ocrx_word' id='word_1_114' title='bbox 112 1591 440 1661; x_wconf 77' lang='grc' dir='ltr'>ἀκλόνητός</span> <span class='ocrx_word' id='word_1_115' title='bbox 460 1607 521 1642; x_wconf 88' lang='grc' dir='ltr'><strong>τε</strong></span> <span class='ocrx_word' id='word_1_116' title='bbox 549 1590 641 1645; x_wconf 72' lang='grc' dir='ltr'><strong>καὶ</strong></span> <span class='ocrx_word' id='word_1_117' title='bbox 665 1587 1092 1657; x_wconf 85' lang='grc' dir='ltr'>ἁπερίτρεπτος,</span> <span class='ocrx_word' id='word_1_118' title='bbox 1119 1583 1180 1635; x_wconf 72' lang='grc' dir='ltr'>οὗ</span> <span class='ocrx_word' id='word_1_119' title='bbox 1212 1580 1374 1649; x_wconf 86' lang='grc' dir='ltr'>σῶμα</span> <span class='ocrx_word' id='word_1_120' title='bbox 1400 1578 1581 1649; x_wconf 82' lang='grc' dir='ltr'>μόνον,</span> <span class='ocrx_word' id='word_1_121' title='bbox 1602 1574 1740 1630; x_wconf 71' lang='grc' dir='ltr'>ἀλλὰ</span> 
     </span>
    </p>
   </div>
   <div class='ocr_carea' id='block_1_19' title="bbox 114 1673 1315 1753">
    <p class='ocr_par' dir='ltr' id='par_1_19' title="bbox 114 1673 1315 1753">
     <span class='ocr_line' id='line_1_19' title="bbox 114 1673 1315 1753; baseline -0.009 -15"><span class='ocrx_word' id='word_1_122' title='bbox 114 1685 207 1738; x_wconf 73' lang='grc' dir='ltr'>καὶ</span> <span class='ocrx_word' id='word_1_123' title='bbox 232 1684 381 1738; x_wconf 81' lang='grc' dir='ltr'>νοῦν</span> <span class='ocrx_word' id='word_1_124' title='bbox 416 1682 560 1753; x_wconf 80' lang='grc' dir='ltr'>πρὸς</span> <span class='ocrx_word' id='word_1_125' title='bbox 584 1679 923 1752; x_wconf 82' lang='grc' dir='ltr'>τηλικαύτας</span> <span class='ocrx_word' id='word_1_126' title='bbox 958 1678 1145 1731; x_wconf 74' lang='grc' dir='ltr'>ἵστατο</span> <span class='ocrx_word' id='word_1_127' title='bbox 1172 1673 1315 1744; x_wconf 79' lang='grc' dir='ltr'>βίας.</span> 
     </span>
    </p>
   </div>
   <div class='ocr_carea' id='block_1_20' title="bbox 184 1844 1734 1916">
    <p class='ocr_par' dir='ltr' id='par_1_20' title="bbox 184 1844 1734 1916">
     <span class='ocr_line' id='line_1_20' title="bbox 184 1844 1734 1916; baseline 0.001 -19"><span class='ocrx_word' id='word_1_128' title='bbox 184 1852 315 1909; x_wconf 62' lang='grc' dir='ltr'>σις’.</span> <span class='ocrx_word' id='word_1_129' title='bbox 358 1846 425 1899; x_wconf 90' lang='lat'><strong>&#39;0</strong></span> <span class='ocrx_word' id='word_1_130' title='bbox 454 1845 512 1899; x_wconf 77' lang='grc' dir='ltr'>δὲ</span> <span class='ocrx_word' id='word_1_131' title='bbox 561 1844 702 1909; x_wconf 84' lang='grc' dir='ltr'>θεῖος</span> <span class='ocrx_word' id='word_1_132' title='bbox 741 1845 1002 1916; x_wconf 84' lang='grc' dir='ltr'>Ἰωάννης</span> <span class='ocrx_word' id='word_1_133' title='bbox 1038 1846 1301 1900; x_wconf 77' lang='grc' dir='ltr'>ἐκόπτετο</span> <span class='ocrx_word' id='word_1_134' title='bbox 1348 1846 1415 1898; x_wconf 78' lang='grc' dir='ltr'>τὰ</span> <span class='ocrx_word' id='word_1_135' title='bbox 1451 1846 1734 1914; x_wconf 75' lang='grc' dir='ltr'>σπλάγχνα</span> 
     </span>
    </p>
   </div>
   <div class='ocr_carea' id='block_1_21' title="bbox 121 1934 1736 2007">
    <p class='ocr_par' dir='ltr' id='par_1_21' title="bbox 121 1934 1736 2007">
     <span class='ocr_line' id='line_1_21' title="bbox 121 1934 1736 2007; baseline 0.003 -21"><span class='ocrx_word' id='word_1_136' title='bbox 121 1937 251 2005; x_wconf 74' lang='grc' dir='ltr'>περὶ</span> <span class='ocrx_word' id='word_1_137' title='bbox 296 1934 507 1999; x_wconf 70' lang='grc' dir='ltr'>αὐτοῦ,</span> <span class='ocrx_word' id='word_1_138' title='bbox 533 1935 765 1989; x_wconf 72' lang='grc' dir='ltr'>ἁστακτὶ</span> <span class='ocrx_word' id='word_1_139' title='bbox 814 1936 1107 2007; x_wconf 84' lang='grc' dir='ltr'>δακρύων,</span> <span class='ocrx_word' id='word_1_140' title='bbox 1138 1937 1234 1990; x_wconf 74' lang='grc' dir='ltr'><strong>καὶ</strong></span> <span class='ocrx_word' id='word_1_141' title='bbox 1288 1938 1421 2000; x_wconf 83' lang='grc' dir='ltr'>τοὺς</span> <span class='ocrx_word' id='word_1_142' title='bbox 1467 1939 1736 2007; x_wconf 80' lang='grc' dir='ltr'>μοναχοὺς</span> 
     </span>
    </p>
   </div>
   <div class='ocr_carea' id='block_1_22' title="bbox 125 2015 1738 2100">
    <p class='ocr_par' dir='ltr' id='par_1_22' title="bbox 125 2015 1738 2100">
     <span class='ocr_line' id='line_1_22' title="bbox 125 2015 1738 2100; baseline 0.003 -22"><span class='ocrx_word' id='word_1_143' title='bbox 125 2022 380 2080; x_wconf 70' lang='grc' dir='ltr'>καθ’ἓνα</span> <span class='ocrx_word' id='word_1_144' title='bbox 400 2042 463 2078; x_wconf 89' lang='grc' dir='ltr'><strong>τε</strong></span> <span class='ocrx_word' id='word_1_145' title='bbox 492 2022 750 2097; x_wconf 75' lang='grc' dir='ltr'>καὶκοινῇ</span> <span class='ocrx_word' id='word_1_146' title='bbox 773 2027 1082 2094; x_wconf 87' lang='grc' dir='ltr'>συγκαλῶν.</span> <span class='ocrx_word' id='word_1_147' title='bbox 1122 2030 1185 2081; x_wconf 84' lang='grc' dir='ltr'><strong>Οἱ</strong></span> <span class='ocrx_word' id='word_1_148' title='bbox 1224 2015 1282 2082; x_wconf 74' lang='grc' dir='ltr'>δὲ</span> <span class='ocrx_word' id='word_1_149' title='bbox 1322 2030 1399 2099; x_wconf 83' lang='grc' dir='ltr'>τῷ</span> <span class='ocrx_word' id='word_1_150' title='bbox 1440 2030 1738 2100; x_wconf 80' lang='grc' dir='ltr'>παραλόγῳ</span> 
     </span>
    </p>
   </div>
   <div class='ocr_carea' id='block_1_23' title="bbox 122 2115 1738 2189">
    <p class='ocr_par' dir='ltr' id='par_1_23' title="bbox 122 2115 1738 2189">
     <span class='ocr_line' id='line_1_23' title="bbox 122 2115 1738 2189; baseline 0.002 -19"><span class='ocrx_word' id='word_1_151' title='bbox 122 2120 220 2188; x_wconf 77' lang='grc' dir='ltr'><strong>τῆς</strong></span> <span class='ocrx_word' id='word_1_152' title='bbox 254 2117 391 2185; x_wconf 81' lang='grc' dir='ltr'>βίας</span> <span class='ocrx_word' id='word_1_153' title='bbox 431 2115 905 2184; x_wconf 74' lang='grc' dir='ltr'>καταπλαγέντες,</span> <span class='ocrx_word' id='word_1_154' title='bbox 941 2118 1060 2171; x_wconf 82' lang='grc' dir='ltr'>οὐδὲ</span> <span class='ocrx_word' id='word_1_155' title='bbox 1097 2120 1503 2189; x_wconf 76' lang='grc' dir='ltr'>ἀποκρίνασθαι</span> <span class='ocrx_word' id='word_1_156' title='bbox 1537 2118 1639 2173; x_wconf 76' lang='grc' dir='ltr'>οἷοί</span> <span class='ocrx_word' id='word_1_157' title='bbox 1680 2138 1738 2173; x_wconf 85' lang='grc' dir='ltr'><strong>τε</strong></span> 
     </span>
    </p>
   </div>
   <div class='ocr_carea' id='block_1_24' title="bbox 122 2204 1740 2280">
    <p class='ocr_par' dir='ltr' id='par_1_24' title="bbox 122 2204 1740 2280">
     <span class='ocr_line' id='line_1_24' title="bbox 122 2204 1740 2280; baseline 0.002 -20"><span class='ocrx_word' id='word_1_158' title='bbox 122 2204 271 2278; x_wconf 76' lang='grc' dir='ltr'>ἦσαν</span> <span class='ocrx_word' id='word_1_159' title='bbox 290 2225 306 2236; x_wconf 88' lang='grc'><strong>·</strong></span> <span class='ocrx_word' id='word_1_160' title='bbox 352 2207 477 2261; x_wconf 80' lang='grc' dir='ltr'>ἀλλ’</span> <span class='ocrx_word' id='word_1_161' title='bbox 507 2207 539 2276; x_wconf 84' lang='grc' dir='ltr'>ἢ</span> <span class='ocrx_word' id='word_1_162' title='bbox 580 2207 681 2276; x_wconf 83' lang='grc' dir='ltr'>μὲν</span> <span class='ocrx_word' id='word_1_163' title='bbox 702 2208 1055 2262; x_wconf 80' lang='grc' dir='ltr'>ἀποθανεῖται</span> <span class='ocrx_word' id='word_1_164' title='bbox 1089 2210 1204 2273; x_wconf 82' lang='grc' dir='ltr'>νῦν,</span> <span class='ocrx_word' id='word_1_165' title='bbox 1235 2210 1441 2276; x_wconf 81' lang='grc' dir='ltr'>ἔλεγον,</span> <span class='ocrx_word' id='word_1_166' title='bbox 1484 2212 1620 2280; x_wconf 71' lang='grc' dir='ltr'>πρὸς</span> <span class='ocrx_word' id='word_1_167' title='bbox 1651 2212 1740 2266; x_wconf 68' lang='grc' dir='ltr'>ἁλι</span> 
     </span>
    </p>
   </div>
   <div class='ocr_carea' id='block_1_25' title="bbox 126 2295 1743 2373">
    <p class='ocr_par' dir='ltr' id='par_1_25' title="bbox 126 2295 1743 2373">
     <span class='ocr_line' id='line_1_25' title="bbox 126 2295 1743 2373; baseline 0.002 -22"><span class='ocrx_word' id='word_1_168' title='bbox 126 2301 218 2364; x_wconf 75' lang='grc' dir='ltr'><strong>λὴ)</strong></span> <span class='ocrx_word' id='word_1_169' title='bbox 232 2318 364 2364; x_wconf 82' lang='grc' dir='ltr'>ους,</span> <span class='ocrx_word' id='word_1_170' title='bbox 384 2302 413 2351; x_wconf 77' lang='lat'><strong>6</strong></span> <span class='ocrx_word' id='word_1_171' title='bbox 441 2296 692 2367; x_wconf 85' lang='grc' dir='ltr'>Συμεών.</span> <span class='ocrx_word' id='word_1_172' title='bbox 718 2295 850 2352; x_wconf 79' lang='grc' dir='ltr'>Εἶτα</span> <span class='ocrx_word' id='word_1_173' title='bbox 876 2303 969 2354; x_wconf 75' lang='grc' dir='ltr'>καὶ</span> <span class='ocrx_word' id='word_1_174' title='bbox 994 2300 1062 2355; x_wconf 77' lang='grc' dir='ltr'>τὰ</span> <span class='ocrx_word' id='word_1_175' title='bbox 1089 2303 1152 2355; x_wconf 86' lang='grc' dir='ltr'><strong>ὲκ</strong></span> <span class='ocrx_word' id='word_1_176' title='bbox 1173 2302 1269 2355; x_wconf 75' lang='grc' dir='ltr'>τοῦ</span> <span class='ocrx_word' id='word_1_177' title='bbox 1305 2303 1543 2373; x_wconf 74' lang='grc' dir='ltr'>πονηροῦ</span> <span class='ocrx_word' id='word_1_178' title='bbox 1578 2321 1743 2370; x_wconf 81' lang='grc' dir='ltr'>προσ-</span> 
     </span>
    </p>
   </div>
   <div class='ocr_carea' id='block_1_26' title="bbox 128 2389 1746 2464">
    <p class='ocr_par' dir='ltr' id='par_1_26' title="bbox 128 2389 1746 2464">
     <span class='ocr_line' id='line_1_26' title="bbox 128 2389 1746 2464; baseline 0.003 -22"><span class='ocrx_word' id='word_1_179' title='bbox 128 2391 210 2443; x_wconf 79' lang='grc' dir='ltr'><strong>ετί</strong></span> <span class='ocrx_word' id='word_1_180' title='bbox 249 2404 417 2443; x_wconf 75' lang='grc' dir='ltr'>εσαν.</span> <span class='ocrx_word' id='word_1_181' title='bbox 460 2389 572 2442; x_wconf 75' lang='grc' dir='ltr'><strong>Ποῦ</strong></span> <span class='ocrx_word' id='word_1_182' title='bbox 598 2393 881 2462; x_wconf 77' lang='grc' dir='ltr'>,φησ“ιν,ή</span> <span class='ocrx_word' id='word_1_183' title='bbox 927 2394 1069 2462; x_wconf 78' lang='grc' dir='ltr'>ὑπὲρ</span> <span class='ocrx_word' id='word_1_184' title='bbox 1120 2393 1408 2464; x_wconf 78' lang='grc' dir='ltr'>ἄνθρωπον</span> <span class='ocrx_word' id='word_1_185' title='bbox 1453 2394 1619 2447; x_wconf 73' lang='grc' dir='ltr'>αὑτοῦ</span> <span class='ocrx_word' id='word_1_186' title='bbox 1657 2412 1746 2447; x_wconf 81' lang='grc' dir='ltr'>πο-</span> 
     </span>
    </p>
   </div>
   <div class='ocr_carea' id='block_1_27' title="bbox 129 2479 1745 2555">
    <p class='ocr_par' dir='ltr' id='par_1_27' title="bbox 129 2479 1745 2555">
     <span class='ocr_line' id='line_1_27' title="bbox 129 2479 1745 2555; baseline 0.004 -24"><span class='ocrx_word' id='word_1_187' title='bbox 129 2480 316 2534; x_wconf 79' lang='grc' dir='ltr'>λιτεία</span> <span class='ocrx_word' id='word_1_188' title='bbox 356 2479 515 2542; x_wconf 76' lang='grc' dir='ltr'>ςποῦ</span> <span class='ocrx_word' id='word_1_189' title='bbox 584 2481 616 2548; x_wconf 85' lang='grc' dir='ltr'><strong>ὴ</strong></span> <span class='ocrx_word' id='word_1_190' title='bbox 672 2483 771 2550; x_wconf 79' lang='grc' dir='ltr'><strong>τῆς</strong></span> <span class='ocrx_word' id='word_1_191' title='bbox 836 2484 1124 2553; x_wconf 83' lang='grc' dir='ltr'>ἀσκήσεως</span> <span class='ocrx_word' id='word_1_192' title='bbox 1188 2484 1381 2553; x_wconf 80' lang='grc' dir='ltr'>μανίας</span> <span class='ocrx_word' id='word_1_193' title='bbox 1422 2486 1585 2555; x_wconf 74' lang='grc' dir='ltr'><strong>ποῦή</strong></span> <span class='ocrx_word' id='word_1_194' title='bbox 1637 2486 1745 2537; x_wconf 84' lang='grc' dir='ltr'><strong>τῶν</strong></span> 
     </span>
    </p>
   </div>
   <div class='ocr_carea' id='block_1_28' title="bbox 132 2573 1747 2646">
    <p class='ocr_par' dir='ltr' id='par_1_28' title="bbox 132 2573 1747 2646">
     <span class='ocr_line' id='line_1_28' title="bbox 132 2573 1747 2646; baseline 0.002 -21"><span class='ocrx_word' id='word_1_195' title='bbox 132 2573 454 2642; x_wconf 78' lang='grc' dir='ltr'>θαυμάτων</span> <span class='ocrx_word' id='word_1_196' title='bbox 480 2573 746 2637; x_wconf 78' lang='grc' dir='ltr'>ἐπίδειξις</span> <span class='ocrx_word' id='word_1_197' title='bbox 785 2591 799 2635; x_wconf 85' lang='grc'><strong>;</strong></span> <span class='ocrx_word' id='word_1_198' title='bbox 839 2575 1002 2637; x_wconf 75' lang='grc' dir='ltr'>αὐτὸς</span> <span class='ocrx_word' id='word_1_199' title='bbox 1054 2577 1391 2645; x_wconf 66' lang='grc' dir='ltr'>παραστὴτω</span> <span class='ocrx_word' id='word_1_200' title='bbox 1424 2575 1520 2628; x_wconf 78' lang='grc' dir='ltr'><strong>νῦν</strong></span> <span class='ocrx_word' id='word_1_201' title='bbox 1570 2576 1747 2646; x_wconf 81' lang='grc' dir='ltr'>ἑαυτῷ</span> 
     </span>
    </p>
   </div>
   <div class='ocr_carea' id='block_1_29' title="bbox 135 2660 1744 2736">
    <p class='ocr_par' dir='ltr' id='par_1_29' title="bbox 135 2660 1744 2736">
     <span class='ocr_line' id='line_1_29' title="bbox 135 2660 1744 2736; baseline 0.005 -22"><span class='ocrx_word' id='word_1_202' title='bbox 135 2660 372 2733; x_wconf 60' lang='grc' dir='ltr'>βοηθπ,</span> <span class='ocrx_word' id='word_1_203' title='bbox 399 2662 567 2725; x_wconf 75' lang='grc' dir='ltr'>αὐτὸς</span> <span class='ocrx_word' id='word_1_204' title='bbox 601 2660 694 2713; x_wconf 75' lang='grc' dir='ltr'><strong>τὸν</strong></span> <span class='ocrx_word' id='word_1_205' title='bbox 734 2662 873 2732; x_wconf 79' lang='grc' dir='ltr'>ὑπὲρ</span> <span class='ocrx_word' id='word_1_206' title='bbox 905 2663 1148 2732; x_wconf 75' lang='grc' dir='ltr'>κεφαλῆς</span> <span class='ocrx_word' id='word_1_207' title='bbox 1176 2665 1447 2736; x_wconf 81' lang='grc' dir='ltr'>διαὸράτω</span> <span class='ocrx_word' id='word_1_208' title='bbox 1479 2666 1744 2722; x_wconf 75' lang='grc' dir='ltr'>κίνδυνον.</span> 
     </span>
    </p>
   </div>
   <div class='ocr_carea' id='block_1_30' title="bbox 135 2751 1747 2828">
    <p class='ocr_par' dir='ltr' id='par_1_30' title="bbox 135 2751 1747 2828">
     <span class='ocr_line' id='line_1_30' title="bbox 135 2751 1747 2828; baseline 0.001 -21"><span class='ocrx_word' id='word_1_209' title='bbox 135 2752 250 2807; x_wconf 77' lang='grc' dir='ltr'>Τοῦ</span> <span class='ocrx_word' id='word_1_210' title='bbox 292 2754 343 2807; x_wconf 82' lang='grc' dir='ltr'>δ’</span> <span class='ocrx_word' id='word_1_211' title='bbox 372 2751 471 2807; x_wconf 81' lang='grc' dir='ltr'><strong>οὖν</strong></span> <span class='ocrx_word' id='word_1_212' title='bbox 509 2754 761 2807; x_wconf 80' lang='grc' dir='ltr'>Ἰωάννου</span> <span class='ocrx_word' id='word_1_213' title='bbox 788 2754 861 2824; x_wconf 82' lang='grc' dir='ltr'>μὴ</span> <span class='ocrx_word' id='word_1_214' title='bbox 891 2756 1163 2820; x_wconf 81' lang='grc' dir='ltr'>ἀνιέντος,</span> <span class='ocrx_word' id='word_1_215' title='bbox 1190 2757 1323 2810; x_wconf 75' lang='grc' dir='ltr'>ἀλλὰ</span> <span class='ocrx_word' id='word_1_216' title='bbox 1369 2776 1497 2810; x_wconf 81' lang='grc' dir='ltr'>συντ</span> <span class='ocrx_word' id='word_1_217' title='bbox 1518 2758 1747 2828; x_wconf 39' lang='grc' dir='ltr'>λνωτέρα</span> 
     </span>
    </p>
   </div>
   <div class='ocr_carea' id='block_1_31' title="bbox 140 2842 1744 2916">
    <p class='ocr_par' dir='ltr' id='par_1_31' title="bbox 140 2842 1744 2916">
     <span class='ocr_line' id='line_1_31' title="bbox 140 2842 1744 2916; baseline 0.001 -19"><span class='ocrx_word' id='word_1_218' title='bbox 140 2843 361 2914; x_wconf 73' lang='grc' dir='ltr'>μᾶλλον</span> <span class='ocrx_word' id='word_1_219' title='bbox 377 2844 460 2896; x_wconf 74' lang='grc' dir='ltr'>ἔτι</span> <span class='ocrx_word' id='word_1_220' title='bbox 483 2843 577 2896; x_wconf 75' lang='grc' dir='ltr'>καὶ</span> <span class='ocrx_word' id='word_1_221' title='bbox 605 2842 1050 2915; x_wconf 77' lang='grc' dir='ltr'>περιπαθεστέρᾳ</span> <span class='ocrx_word' id='word_1_222' title='bbox 1072 2848 1137 2916; x_wconf 79' lang='grc' dir='ltr'>τῇ</span> <span class='ocrx_word' id='word_1_223' title='bbox 1159 2848 1309 2915; x_wconf 78' lang='grc' dir='ltr'>φωνῇ</span> <span class='ocrx_word' id='word_1_224' title='bbox 1330 2846 1632 2916; x_wconf 79' lang='grc' dir='ltr'>χρωμένου,</span> <span class='ocrx_word' id='word_1_225' title='bbox 1658 2842 1744 2897; x_wconf 60' lang='lat' dir='ltr'><strong>Me</strong></span> 
     </span>
    </p>
   </div>
   <div class='ocr_carea' id='block_1_32' title="bbox 138 2920 1743 3008">
    <p class='ocr_par' dir='ltr' id='par_1_32' title="bbox 138 2920 1743 3008">
     <span class='ocr_line' id='line_1_32' title="bbox 138 2920 1743 3008; baseline 0.001 -20"><span class='ocrx_word' id='word_1_226' title='bbox 138 2931 202 2988; x_wconf 71' lang='grc' dir='ltr'>δὲ</span> <span class='ocrx_word' id='word_1_227' title='bbox 233 2935 344 3005; x_wconf 85' lang='grc' dir='ltr'><strong>μία</strong></span> <span class='ocrx_word' id='word_1_228' title='bbox 375 2952 464 2987; x_wconf 87' lang='grc' dir='ltr'><strong>σοι</strong></span> <span class='ocrx_word' id='word_1_229' title='bbox 493 2920 562 2987; x_wconf 84' lang='grc' dir='ltr'>δι’</span> <span class='ocrx_word' id='word_1_230' title='bbox 589 2934 689 3004; x_wconf 77' lang='grc' dir='ltr'><strong>ἐμὲ</strong></span> <span class='ocrx_word' id='word_1_231' title='bbox 719 2932 885 3002; x_wconf 74' lang='grc' dir='ltr'>λύπη,</span> <span class='ocrx_word' id='word_1_232' title='bbox 918 2936 1121 3006; x_wconf 85' lang='grc' dir='ltr'>Πάτερ,</span> <span class='ocrx_word' id='word_1_233' title='bbox 1157 2937 1289 3007; x_wconf 81' lang='grc' dir='ltr'>μηδὲ</span> <span class='ocrx_word' id='word_1_234' title='bbox 1315 2938 1555 3008; x_wconf 70' lang='grc' dir='ltr'>φροντὶς,</span> <span class='ocrx_word' id='word_1_235' title='bbox 1581 2938 1609 2989; x_wconf 85' lang='grc' dir='ltr'>ὁ</span> <span class='ocrx_word' id='word_1_236' title='bbox 1636 2937 1743 2989; x_wconf 83' lang='grc' dir='ltr'>Συ-</span> 
     </span>
    </p>
   </div>
   <div class='ocr_carea' id='block_1_33' title="bbox 1820 464 3409 541">
    <p class='ocr_par' dir='ltr' id='par_1_33' title="bbox 1820 464 3409 541">
     <span class='ocr_line' id='line_1_33' title="bbox 1820 464 3409 541; baseline -0.006 -14"><span class='ocrx_word' id='word_1_237' title='bbox 1820 472 2041 541; x_wconf 85' lang='lat' dir='ltr'><strong>quidcm</strong></span> <span class='ocrx_word' id='word_1_238' title='bbox 2076 469 2391 533; x_wconf 77' lang='lat' dir='ltr'><strong>videbatur)</strong></span> <span class='ocrx_word' id='word_1_239' title='bbox 2421 464 2788 536; x_wconf 83' lang='lat' dir='ltr'><strong>phalangibus</strong></span> <span class='ocrx_word' id='word_1_240' title='bbox 2822 464 3136 524; x_wconf 86' lang='lat' dir='ltr'><strong>instructis,</strong></span> <span class='ocrx_word' id='word_1_241' title='bbox 3169 464 3409 519; x_wconf 82' lang='lat' dir='ltr'><strong>secunda</strong></span> 
     </span>
    </p>
   </div>
   <div class='ocr_carea' id='block_1_34' title="bbox 1822 556 3412 632">
    <p class='ocr_par' dir='ltr' id='par_1_34' title="bbox 1822 556 3412 632">
     <span class='ocr_line' id='line_1_34' title="bbox 1822 556 3412 632; baseline -0.008 -12"><span class='ocrx_word' id='word_1_242' title='bbox 1822 564 2002 620; x_wconf 87' lang='lat' dir='ltr'><strong>noctis</strong></span> <span class='ocrx_word' id='word_1_243' title='bbox 2032 562 2238 632; x_wconf 76' lang='lat' dir='ltr'><strong>vigilia,</strong></span> <span class='ocrx_word' id='word_1_244' title='bbox 2269 558 2520 614; x_wconf 75' lang='lat' dir='ltr'><strong>adoritur</strong></span> <span class='ocrx_word' id='word_1_245' title='bbox 2568 557 2938 627; x_wconf 78' lang='lat' dir='ltr'><strong>Symeonem;</strong></span> <span class='ocrx_word' id='word_1_246' title='bbox 2986 556 3283 625; x_wconf 88' lang='lat' dir='ltr'><strong>subitoque</strong></span> <span class='ocrx_word' id='word_1_247' title='bbox 3315 570 3412 609; x_wconf 75' lang='lat' dir='ltr'><strong>cx-</strong></span> 
     </span>
    </p>
   </div>
   <div class='ocr_carea' id='block_1_35' title="bbox 1822 646 3410 717">
    <p class='ocr_par' dir='ltr' id='par_1_35' title="bbox 1822 646 3410 717">
     <span class='ocr_line' id='line_1_35' title="bbox 1822 646 3410 717; baseline -0.009 -6"><span class='ocrx_word' id='word_1_248' title='bbox 1822 666 2073 711; x_wconf 85' lang='lat' dir='ltr'><strong>cavatum</strong></span> <span class='ocrx_word' id='word_1_249' title='bbox 2132 651 2400 712; x_wconf 85' lang='lat' dir='ltr'><strong>modium,</strong></span> <span class='ocrx_word' id='word_1_250' title='bbox 2451 663 2577 702; x_wconf 92' lang='lat' dir='ltr'><strong>cum</strong></span> <span class='ocrx_word' id='word_1_251' title='bbox 2636 648 2751 717; x_wconf 87' lang='lat' dir='ltr'><strong>ipsa</strong></span> <span class='ocrx_word' id='word_1_252' title='bbox 2800 646 2941 715; x_wconf 89' lang='lat' dir='ltr'><strong>pelle</strong></span> <span class='ocrx_word' id='word_1_253' title='bbox 2987 655 3294 714; x_wconf 87' lang='lat' dir='ltr'><strong>arreptum.</strong></span> <span class='ocrx_word' id='word_1_254' title='bbox 3354 648 3410 698; x_wconf 88' lang='lat' dir='ltr'><strong>in</strong></span> 
     </span>
    </p>
   </div>
   <div class='ocr_carea' id='block_1_36' title="bbox 1823 737 3415 818">
    <p class='ocr_par' dir='ltr' id='par_1_36' title="bbox 1823 737 3415 818">
     <span class='ocr_line' id='line_1_36' title="bbox 1823 737 3415 818; baseline -0.008 -17"><span class='ocrx_word' id='word_1_255' title='bbox 1823 763 2066 818; x_wconf 72' lang='lat' dir='ltr'><strong>praeceps</strong></span> <span class='ocrx_word' id='word_1_256' title='bbox 2095 744 2206 798; x_wconf 89' lang='lat' dir='ltr'><strong>dat.</strong></span> <span class='ocrx_word' id='word_1_257' title='bbox 2249 744 2483 797; x_wconf 79' lang='lat' dir='ltr'><strong>Dextera</strong></span> <span class='ocrx_word' id='word_1_258' title='bbox 2510 748 2699 793; x_wconf 88' lang='lat' dir='ltr'><strong>autem</strong></span> <span class='ocrx_word' id='word_1_259' title='bbox 2750 737 2970 792; x_wconf 86' lang='lat' dir='ltr'><strong>Domini</strong></span> <span class='ocrx_word' id='word_1_260' title='bbox 3002 738 3271 791; x_wconf 90' lang='lat' dir='ltr'><strong>continuo</strong></span> <span class='ocrx_word' id='word_1_261' title='bbox 3308 738 3415 791; x_wconf 76' lang='lat' dir='ltr'><strong>fuit</strong></span> 
     </span>
    </p>
   </div>
   <div class='ocr_carea' id='block_1_37' title="bbox 1824 829 3416 908">
    <p class='ocr_par' dir='ltr' id='par_1_37' title="bbox 1824 829 3416 908">
     <span class='ocr_line' id='line_1_37' title="bbox 1824 829 3416 908; baseline -0.007 -16"><span class='ocrx_word' id='word_1_262' title='bbox 1824 855 1990 908; x_wconf 88' lang='lat' dir='ltr'><strong>super</strong></span> <span class='ocrx_word' id='word_1_263' title='bbox 2016 837 2217 907; x_wconf 86' lang='lat' dir='ltr'><strong>ipsum,</strong></span> <span class='ocrx_word' id='word_1_264' title='bbox 2246 834 2473 889; x_wconf 78' lang='lat' dir='ltr'><strong>dextera</strong></span> <span class='ocrx_word' id='word_1_265' title='bbox 2498 831 2714 886; x_wconf 88' lang='lat' dir='ltr'><strong>Domini</strong></span> <span class='ocrx_word' id='word_1_266' title='bbox 2749 829 2956 883; x_wconf 82' lang='lat' dir='ltr'><strong>faciens</strong></span> <span class='ocrx_word' id='word_1_267' title='bbox 2980 829 3272 883; x_wconf 75' lang='lat' dir='ltr'><strong>virtutem:</strong></span> <span class='ocrx_word' id='word_1_268' title='bbox 3297 829 3416 897; x_wconf 84' lang='lat' dir='ltr'><strong>ipse</strong></span> 
     </span>
    </p>
   </div>
   <div class='ocr_carea' id='block_1_38' title="bbox 1825 921 3415 1000">
    <p class='ocr_par' dir='ltr' id='par_1_38' title="bbox 1825 921 3415 1000">
     <span class='ocr_line' id='line_1_38' title="bbox 1825 921 3415 1000; baseline -0.008 -15"><span class='ocrx_word' id='word_1_269' title='bbox 1825 931 2098 1000; x_wconf 87' lang='lat' dir='ltr'><strong>siquidem</strong></span> <span class='ocrx_word' id='word_1_270' title='bbox 2130 928 2390 983; x_wconf 84' lang='lat' dir='ltr'><strong>immotus</strong></span> <span class='ocrx_word' id='word_1_271' title='bbox 2420 926 2600 979; x_wconf 79' lang='lat' dir='ltr'><strong>stabat</strong></span> <span class='ocrx_word' id='word_1_272' title='bbox 2630 939 2795 992; x_wconf 91' lang='lat' dir='ltr'><strong>supra</strong></span> <span class='ocrx_word' id='word_1_273' title='bbox 2828 923 3166 987; x_wconf 84' lang='lat' dir='ltr'><strong>columnam,</strong></span> <span class='ocrx_word' id='word_1_274' title='bbox 3190 921 3415 974; x_wconf 84' lang='lat' dir='ltr'><strong>orabat-</strong></span> 
     </span>
    </p>
   </div>
   <div class='ocr_carea' id='block_1_39' title="bbox 1827 1012 3418 1092">
    <p class='ocr_par' dir='ltr' id='par_1_39' title="bbox 1827 1012 3418 1092">
     <span class='ocr_line' id='line_1_39' title="bbox 1827 1012 3418 1092; baseline -0.008 -18"><span class='ocrx_word' id='word_1_275' title='bbox 1827 1038 1971 1092; x_wconf 87' lang='lat' dir='ltr'><strong>que;</strong></span> <span class='ocrx_word' id='word_1_276' title='bbox 2023 1020 2235 1074; x_wconf 76' lang='lat' dir='ltr'><strong>(hemon</strong></span> <span class='ocrx_word' id='word_1_277' title='bbox 2271 1032 2403 1071; x_wconf 85' lang='lat' dir='ltr'><strong>vero</strong></span> <span class='ocrx_word' id='word_1_278' title='bbox 2450 1031 2479 1069; x_wconf 91' lang='lat' dir='ltr'><strong>a</strong></span> <span class='ocrx_word' id='word_1_279' title='bbox 2536 1014 2671 1067; x_wconf 86' lang='lat' dir='ltr'><strong>mari</strong></span> <span class='ocrx_word' id='word_1_280' title='bbox 2742 1012 2970 1075; x_wconf 84' lang='lat' dir='ltr'><strong>imbres,</strong></span> <span class='ocrx_word' id='word_1_281' title='bbox 3023 1018 3241 1074; x_wconf 83' lang='lat' dir='ltr'><strong>ventos,</strong></span> <span class='ocrx_word' id='word_1_282' title='bbox 3290 1025 3418 1078; x_wconf 69' lang='lat' dir='ltr'><strong>pre-</strong></span> 
     </span>
    </p>
   </div>
   <div class='ocr_carea' id='block_1_40' title="bbox 1827 1088 3417 1177">
    <p class='ocr_par' dir='ltr' id='par_1_40' title="bbox 1827 1088 3417 1177">
     <span class='ocr_line' id='line_1_40' title="bbox 1827 1088 3417 1177; baseline -0.01 -9"><span class='ocrx_word' id='word_1_283' title='bbox 1827 1088 2013 1173; x_wconf 82' lang='lat' dir='ltr'><strong>cellas,</strong></span> <span class='ocrx_word' id='word_1_284' title='bbox 2044 1111 2296 1164; x_wconf 87' lang='lat' dir='ltr'><strong>turbines</strong></span> <span class='ocrx_word' id='word_1_285' title='bbox 2321 1108 2510 1177; x_wconf 81' lang='lat' dir='ltr'><strong>igneos</strong></span> <span class='ocrx_word' id='word_1_286' title='bbox 2534 1120 2596 1159; x_wconf 87' lang='lat' dir='ltr'><strong>ac</strong></span> <span class='ocrx_word' id='word_1_287' title='bbox 2618 1111 2975 1172; x_wconf 88' lang='lat' dir='ltr'><strong>tempestates</strong></span> <span class='ocrx_word' id='word_1_288' title='bbox 3000 1088 3201 1161; x_wconf 83' lang='lat' dir='ltr'><strong>ciebat,</strong></span> <span class='ocrx_word' id='word_1_289' title='bbox 3233 1100 3417 1154; x_wconf 78' lang='lat' dir='ltr'><strong>fulmi-</strong></span> 
     </span>
    </p>
   </div>
   <div class='ocr_carea' id='block_1_41' title="bbox 1829 1194 3418 1273">
    <p class='ocr_par' dir='ltr' id='par_1_41' title="bbox 1829 1194 3418 1273">
     <span class='ocr_line' id='line_1_41' title="bbox 1829 1194 3418 1273; baseline -0.009 -14"><span class='ocrx_word' id='word_1_290' title='bbox 1829 1219 2010 1273; x_wconf 90' lang='lat' dir='ltr'><strong>naque</strong></span> <span class='ocrx_word' id='word_1_291' title='bbox 2059 1201 2395 1255; x_wconf 83' lang='lat' dir='ltr'><strong>inﬂammata</strong></span> <span class='ocrx_word' id='word_1_292' title='bbox 2431 1207 2487 1252; x_wconf 90' lang='lat' dir='ltr'><strong>et</strong></span> <span class='ocrx_word' id='word_1_293' title='bbox 2536 1197 2703 1266; x_wconf 79' lang='lat' dir='ltr'><strong>ignita</strong></span> <span class='ocrx_word' id='word_1_294' title='bbox 2732 1214 2744 1247; x_wconf 90' lang='lat'><strong>:</strong></span> <span class='ocrx_word' id='word_1_295' title='bbox 2786 1204 2841 1249; x_wconf 91' lang='lat' dir='ltr'><strong>et</strong></span> <span class='ocrx_word' id='word_1_296' title='bbox 2872 1195 3115 1249; x_wconf 86' lang='lat' dir='ltr'><strong>tonitrua</strong></span> <span class='ocrx_word' id='word_1_297' title='bbox 3149 1202 3255 1247; x_wconf 87' lang='lat' dir='ltr'><strong>tam</strong></span> <span class='ocrx_word' id='word_1_298' title='bbox 3285 1194 3418 1246; x_wconf 87' lang='lat' dir='ltr'><strong>hor-</strong></span> 
     </span>
    </p>
   </div>
   <div class='ocr_carea' id='block_1_42' title="bbox 1830 1281 3420 1362">
    <p class='ocr_par' dir='ltr' id='par_1_42' title="bbox 1830 1281 3420 1362">
     <span class='ocr_line' id='line_1_42' title="bbox 1830 1281 3420 1362; baseline -0.011 -10"><span class='ocrx_word' id='word_1_299' title='bbox 1830 1296 2001 1353; x_wconf 88' lang='lat' dir='ltr'><strong>renda</strong></span> <span class='ocrx_word' id='word_1_300' title='bbox 2053 1302 2219 1362; x_wconf 88' lang='lat' dir='ltr'><strong>atque</strong></span> <span class='ocrx_word' id='word_1_301' title='bbox 2275 1292 2490 1360; x_wconf 80' lang='lat' dir='ltr'><strong>fragosa</strong></span> <span class='ocrx_word' id='word_1_302' title='bbox 2537 1288 2927 1357; x_wconf 80' lang='lat' dir='ltr'><strong>erumpebant,</strong></span> <span class='ocrx_word' id='word_1_303' title='bbox 2986 1292 3045 1340; x_wconf 91' lang='lat' dir='ltr'><strong>ut</strong></span> <span class='ocrx_word' id='word_1_304' title='bbox 3090 1299 3200 1339; x_wconf 86' lang='lat' dir='ltr'><strong>non</strong></span> <span class='ocrx_word' id='word_1_305' title='bbox 3256 1281 3420 1337; x_wconf 87' lang='lat' dir='ltr'><strong>modo</strong></span> 
     </span>
    </p>
   </div>
   <div class='ocr_carea' id='block_1_43' title="bbox 1831 1376 3421 1446">
    <p class='ocr_par' dir='ltr' id='par_1_43' title="bbox 1831 1376 3421 1446">
     <span class='ocr_line' id='line_1_43' title="bbox 1831 1376 3421 1446; baseline -0.012 0"><span class='ocrx_word' id='word_1_306' title='bbox 1831 1392 1962 1446; x_wconf 90' lang='lat' dir='ltr'><strong>totis</strong></span> <span class='ocrx_word' id='word_1_307' title='bbox 1980 1388 2215 1443; x_wconf 83' lang='lat' dir='ltr'><strong>artubus</strong></span> <span class='ocrx_word' id='word_1_308' title='bbox 2233 1384 2729 1439; x_wconf 86' lang='lat' dir='ltr'><strong>contremiseerent</strong></span> <span class='ocrx_word' id='word_1_309' title='bbox 2748 1379 3026 1442; x_wconf 86' lang='lat' dir='ltr'><strong>monachi,</strong></span> <span class='ocrx_word' id='word_1_310' title='bbox 3048 1394 3234 1432; x_wconf 84' lang='lat' dir='ltr'><strong>verum</strong></span> <span class='ocrx_word' id='word_1_311' title='bbox 3253 1376 3421 1430; x_wconf 87' lang='lat' dir='ltr'><strong>etiam</strong></span> 
     </span>
    </p>
   </div>
   <div class='ocr_carea' id='block_1_44' title="bbox 1831 1465 3422 1540">
    <p class='ocr_par' dir='ltr' id='par_1_44' title="bbox 1831 1465 3422 1540">
     <span class='ocr_line' id='line_1_44' title="bbox 1831 1465 3422 1540; baseline -0.012 -3"><span class='ocrx_word' id='word_1_312' title='bbox 1831 1481 2127 1537; x_wconf 88' lang='lat' dir='ltr'><strong>surdorum</strong></span> <span class='ocrx_word' id='word_1_313' title='bbox 2164 1477 2338 1531; x_wconf 84' lang='lat' dir='ltr'><strong>instar</strong></span> <span class='ocrx_word' id='word_1_314' title='bbox 2365 1475 2500 1529; x_wconf 82' lang='lat' dir='ltr'><strong>nihil</strong></span> <span class='ocrx_word' id='word_1_315' title='bbox 2534 1473 2765 1528; x_wconf 88' lang='lat' dir='ltr'><strong>auribus</strong></span> <span class='ocrx_word' id='word_1_316' title='bbox 2809 1470 3298 1540; x_wconf 89' lang='lat' dir='ltr'><strong>persentiscerent.</strong></span> <span class='ocrx_word' id='word_1_317' title='bbox 3334 1465 3422 1520; x_wconf 83' lang='lat' dir='ltr'><strong>ln—</strong></span> 
     </span>
    </p>
   </div>
   <div class='ocr_carea' id='block_1_45' title="bbox 1834 1559 3423 1642">
    <p class='ocr_par' dir='ltr' id='par_1_45' title="bbox 1834 1559 3423 1642">
     <span class='ocr_line' id='line_1_45' title="bbox 1834 1559 3423 1642; baseline -0.011 -13"><span class='ocrx_word' id='word_1_318' title='bbox 1834 1583 1986 1629; x_wconf 86' lang='lat' dir='ltr'><strong>terea</strong></span> <span class='ocrx_word' id='word_1_319' title='bbox 2012 1570 2269 1642; x_wconf 86' lang='lat' dir='ltr'><strong>Symeon,</strong></span> <span class='ocrx_word' id='word_1_320' title='bbox 2304 1568 2666 1622; x_wconf 86' lang='lat' dir='ltr'><strong>inconcussus</strong></span> <span class='ocrx_word' id='word_1_321' title='bbox 2689 1579 2753 1619; x_wconf 91' lang='lat' dir='ltr'><strong>ac</strong></span> <span class='ocrx_word' id='word_1_322' title='bbox 2784 1560 3140 1618; x_wconf 87' lang='lat' dir='ltr'><strong>circumverti</strong></span> <span class='ocrx_word' id='word_1_323' title='bbox 3178 1559 3423 1622; x_wconf 75' lang='lat' dir='ltr'><strong>nescius,</strong></span> 
     </span>
    </p>
   </div>
   <div class='ocr_carea' id='block_1_46' title="bbox 1834 1651 3430 1734">
    <p class='ocr_par' dir='ltr' id='par_1_46' title="bbox 1834 1651 3430 1734">
     <span class='ocr_line' id='line_1_46' title="bbox 1834 1651 3430 1734; baseline -0.012 -12"><span class='ocrx_word' id='word_1_324' title='bbox 1834 1682 1946 1722; x_wconf 89' lang='lat' dir='ltr'><strong>non</strong></span> <span class='ocrx_word' id='word_1_325' title='bbox 1974 1678 2209 1734; x_wconf 87' lang='lat' dir='ltr'><strong>corpore</strong></span> <span class='ocrx_word' id='word_1_326' title='bbox 2242 1670 2477 1723; x_wconf 87' lang='lat' dir='ltr'><strong>tantum,</strong></span> <span class='ocrx_word' id='word_1_327' title='bbox 2503 1658 2601 1713; x_wconf 90' lang='lat' dir='ltr'><strong>sed</strong></span> <span class='ocrx_word' id='word_1_328' title='bbox 2622 1659 2705 1711; x_wconf 80' lang='lat' dir='ltr'><strong>vel</strong></span> <span class='ocrx_word' id='word_1_329' title='bbox 2735 1655 2973 1709; x_wconf 81' lang='lat' dir='ltr'><strong>maxime</strong></span> <span class='ocrx_word' id='word_1_330' title='bbox 2999 1654 3204 1717; x_wconf 86' lang='lat' dir='ltr'><strong>animo,</strong></span> <span class='ocrx_word' id='word_1_331' title='bbox 3237 1651 3430 1706; x_wconf 85' lang='lat' dir='ltr'><strong>adver-</strong></span> 
     </span>
    </p>
   </div>
   <div class='ocr_carea' id='block_1_47' title="bbox 1838 1752 2585 1825">
    <p class='ocr_par' dir='ltr' id='par_1_47' title="bbox 1838 1752 2585 1825">
     <span class='ocr_line' id='line_1_47' title="bbox 1838 1752 2585 1825; baseline -0.013 -12"><span class='ocrx_word' id='word_1_332' title='bbox 1838 1773 1932 1813; x_wconf 88' lang='lat' dir='ltr'><strong>sus</strong></span> <span class='ocrx_word' id='word_1_333' title='bbox 1963 1756 2087 1811; x_wconf 91' lang='lat' dir='ltr'><strong>illos</strong></span> <span class='ocrx_word' id='word_1_334' title='bbox 2114 1756 2354 1825; x_wconf 85' lang='lat' dir='ltr'><strong>impetus</strong></span> <span class='ocrx_word' id='word_1_335' title='bbox 2383 1752 2585 1807; x_wconf 83' lang='lat' dir='ltr'><strong>stabat.</strong></span> 
     </span>
    </p>
   </div>
   <div class='ocr_carea' id='block_1_48' title="bbox 1910 1835 3428 1904">
    <p class='ocr_par' dir='ltr' id='par_1_48' title="bbox 1910 1835 3428 1904">
     <span class='ocr_line' id='line_1_48' title="bbox 1910 1835 3428 1904; baseline -0.01 -1"><span class='ocrx_word' id='word_1_336' title='bbox 1910 1849 2002 1904; x_wconf 73' lang='lat'><strong>26.</strong></span> <span class='ocrx_word' id='word_1_337' title='bbox 2044 1837 2278 1902; x_wconf 86' lang='lat' dir='ltr'><strong>Divinus</strong></span> <span class='ocrx_word' id='word_1_338' title='bbox 2302 1844 2528 1899; x_wconf 89' lang='lat' dir='ltr'><strong>interim</strong></span> <span class='ocrx_word' id='word_1_339' title='bbox 2576 1843 2821 1898; x_wconf 87' lang='lat' dir='ltr'><strong>Joannes</strong></span> <span class='ocrx_word' id='word_1_340' title='bbox 2874 1838 3237 1895; x_wconf 88' lang='lat' dir='ltr'><strong>cruciabatur</strong></span> <span class='ocrx_word' id='word_1_341' title='bbox 3298 1835 3428 1889; x_wconf 51' lang='lat' dir='ltr'><strong>inti-</strong></span> 
     </span>
    </p>
   </div>
   <div class='ocr_carea' id='block_1_49' title="bbox 1840 1929 3424 2008">
    <p class='ocr_par' dir='ltr' id='par_1_49' title="bbox 1840 1929 3424 2008">
     <span class='ocr_line' id='line_1_49' title="bbox 1840 1929 3424 2008; baseline -0.01 -12"><span class='ocrx_word' id='word_1_342' title='bbox 1840 1942 1947 1996; x_wconf 91' lang='lat' dir='ltr'><strong>mis</strong></span> <span class='ocrx_word' id='word_1_343' title='bbox 1975 1939 2287 1994; x_wconf 90' lang='lat' dir='ltr'><strong>visceribus</strong></span> <span class='ocrx_word' id='word_1_344' title='bbox 2317 1936 2609 2008; x_wconf 80' lang='lat' dir='ltr'><strong>Symeonis</strong></span> <span class='ocrx_word' id='word_1_345' title='bbox 2676 1948 2869 1995; x_wconf 87' lang='lat' dir='ltr'><strong>causa,</strong></span> <span class='ocrx_word' id='word_1_346' title='bbox 2921 1932 3171 1985; x_wconf 85' lang='lat' dir='ltr'><strong>ubertim</strong></span> <span class='ocrx_word' id='word_1_347' title='bbox 3234 1929 3424 1997; x_wconf 79' lang='lat' dir='ltr'><strong>lacry-</strong></span> 
     </span>
    </p>
   </div>
   <div class='ocr_carea' id='block_1_50' title="bbox 1844 2023 3425 2097">
    <p class='ocr_par' dir='ltr' id='par_1_50' title="bbox 1844 2023 3425 2097">
     <span class='ocr_line' id='line_1_50' title="bbox 1844 2023 3425 2097; baseline -0.009 -12"><span class='ocrx_word' id='word_1_348' title='bbox 1844 2047 2025 2096; x_wconf 87' lang='lat' dir='ltr'><strong>mans,</strong></span> <span class='ocrx_word' id='word_1_349' title='bbox 2059 2030 2478 2097; x_wconf 86' lang='lat' dir='ltr'><strong>monachosque</strong></span> <span class='ocrx_word' id='word_1_350' title='bbox 2509 2026 2563 2080; x_wconf 91' lang='lat' dir='ltr'><strong>in</strong></span> <span class='ocrx_word' id='word_1_351' title='bbox 2598 2040 2769 2079; x_wconf 88' lang='lat' dir='ltr'><strong>unum</strong></span> <span class='ocrx_word' id='word_1_352' title='bbox 2831 2023 3058 2092; x_wconf 89' lang='lat' dir='ltr'><strong>publice</strong></span> <span class='ocrx_word' id='word_1_353' title='bbox 3110 2028 3377 2076; x_wconf 85' lang='lat' dir='ltr'><strong>convocat</strong></span> <span class='ocrx_word' id='word_1_354' title='bbox 3413 2037 3425 2069; x_wconf 94' lang='lat'><strong>:</strong></span> 
     </span>
    </p>
   </div>
   <div class='ocr_carea' id='block_1_51' title="bbox 1843 2113 3429 2193">
    <p class='ocr_par' dir='ltr' id='par_1_51' title="bbox 1843 2113 3429 2193">
     <span class='ocr_line' id='line_1_51' title="bbox 1843 2113 3429 2193; baseline -0.008 -16"><span class='ocrx_word' id='word_1_355' title='bbox 1843 2125 2270 2193; x_wconf 71' lang='lat' dir='ltr'><strong>quiinopinatze</strong></span> <span class='ocrx_word' id='word_1_356' title='bbox 2329 2119 2683 2189; x_wconf 85' lang='lat' dir='ltr'><strong>tempestatis</strong></span> <span class='ocrx_word' id='word_1_357' title='bbox 2737 2116 3006 2171; x_wconf 82' lang='lat' dir='ltr'><strong>violentia</strong></span> <span class='ocrx_word' id='word_1_358' title='bbox 3061 2113 3429 2173; x_wconf 84' lang='lat' dir='ltr'><strong>consternati,</strong></span> 
     </span>
    </p>
   </div>
   <div class='ocr_carea' id='block_1_52' title="bbox 1847 2206 3433 2282">
    <p class='ocr_par' dir='ltr' id='par_1_52' title="bbox 1847 2206 3433 2282">
     <span class='ocr_line' id='line_1_52' title="bbox 1847 2206 3433 2282; baseline -0.008 -13"><span class='ocrx_word' id='word_1_359' title='bbox 1847 2216 1985 2269; x_wconf 89' lang='lat' dir='ltr'><strong>nihil</strong></span> <span class='ocrx_word' id='word_1_360' title='bbox 2012 2214 2143 2268; x_wconf 90' lang='lat' dir='ltr'><strong>dare</strong></span> <span class='ocrx_word' id='word_1_361' title='bbox 2174 2212 2426 2282; x_wconf 86' lang='lat' dir='ltr'><strong>responsi</strong></span> <span class='ocrx_word' id='word_1_362' title='bbox 2450 2219 2707 2281; x_wconf 82' lang='lat' dir='ltr'><strong>poterant</strong></span> <span class='ocrx_word' id='word_1_363' title='bbox 2730 2208 2978 2263; x_wconf 81' lang='lat' dir='ltr'><strong>universi</strong></span> <span class='ocrx_word' id='word_1_364' title='bbox 3006 2223 3018 2271; x_wconf 85' lang='lat'><strong>;</strong></span> <span class='ocrx_word' id='word_1_365' title='bbox 3056 2206 3150 2260; x_wconf 89' lang='lat' dir='ltr'><strong>sed</strong></span> <span class='ocrx_word' id='word_1_366' title='bbox 3187 2206 3331 2259; x_wconf 88' lang='lat' dir='ltr'><strong>inter</strong></span> <span class='ocrx_word' id='word_1_367' title='bbox 3352 2218 3433 2268; x_wconf 85' lang='lat' dir='ltr'><strong>se,</strong></span> 
     </span>
    </p>
   </div>
   <div class='ocr_carea' id='block_1_53' title="bbox 1846 2284 3434 2376">
    <p class='ocr_par' dir='ltr' id='par_1_53' title="bbox 1846 2284 3434 2376">
     <span class='ocr_line' id='line_1_53' title="bbox 1846 2284 3434 2376; baseline -0.009 -14"><span class='ocrx_word' id='word_1_368' title='bbox 1846 2308 1967 2363; x_wconf 88' lang='lat' dir='ltr'><strong>Jam</strong></span> <span class='ocrx_word' id='word_1_369' title='bbox 2003 2307 2145 2361; x_wconf 80' lang='lat' dir='ltr'><strong>forte</strong></span> <span class='ocrx_word' id='word_1_370' title='bbox 2174 2304 2415 2376; x_wconf 78' lang='lat' dir='ltr'><strong>Symeon</strong></span> <span class='ocrx_word' id='word_1_371' title='bbox 2461 2312 2638 2358; x_wconf 82' lang='lat' dir='ltr'><strong>morte</strong></span> <span class='ocrx_word' id='word_1_372' title='bbox 2690 2300 3037 2362; x_wconf 77' lang='lat' dir='ltr'><strong>oecubuerit,</strong></span> <span class='ocrx_word' id='word_1_373' title='bbox 3083 2284 3434 2367; x_wconf 86' lang='lat' dir='ltr'><strong>inquiebant.</strong></span> 
     </span>
    </p>
   </div>
   <div class='ocr_carea' id='block_1_54' title="bbox 1847 2385 3436 2464">
    <p class='ocr_par' dir='ltr' id='par_1_54' title="bbox 1847 2385 3436 2464">
     <span class='ocr_line' id='line_1_54' title="bbox 1847 2385 3436 2464; baseline -0.01 -11"><span class='ocrx_word' id='word_1_374' title='bbox 1847 2398 2058 2453; x_wconf 88' lang='lat' dir='ltr'><strong>Deinde</strong></span> <span class='ocrx_word' id='word_1_375' title='bbox 2082 2396 2254 2451; x_wconf 89' lang='lat' dir='ltr'><strong>etiam</strong></span> <span class='ocrx_word' id='word_1_376' title='bbox 2287 2394 2540 2464; x_wconf 63' lang='lat' dir='ltr'><strong>quaedam</strong></span> <span class='ocrx_word' id='word_1_377' title='bbox 2568 2409 2597 2447; x_wconf 91' lang='lat' dir='ltr'><strong>e</strong></span> <span class='ocrx_word' id='word_1_378' title='bbox 2634 2392 2877 2461; x_wconf 90' lang='lat' dir='ltr'><strong>pessimo</strong></span> <span class='ocrx_word' id='word_1_379' title='bbox 2933 2389 3182 2459; x_wconf 80' lang='lat' dir='ltr'><strong>profecta</strong></span> <span class='ocrx_word' id='word_1_380' title='bbox 3237 2385 3436 2456; x_wconf 88' lang='lat' dir='ltr'><strong>spiritu</strong></span> 
     </span>
    </p>
   </div>
   <div class='ocr_carea' id='block_1_55' title="bbox 1848 2481 3439 2559">
    <p class='ocr_par' dir='ltr' id='par_1_55' title="bbox 1848 2481 3439 2559">
     <span class='ocr_line' id='line_1_55' title="bbox 1848 2481 3439 2559; baseline -0.007 -16"><span class='ocrx_word' id='word_1_381' title='bbox 1848 2489 2204 2559; x_wconf 86' lang='lat' dir='ltr'><strong>adjiciebant,</strong></span> <span class='ocrx_word' id='word_1_382' title='bbox 2241 2487 2494 2542; x_wconf 89' lang='lat' dir='ltr'><strong>dicentes</strong></span> <span class='ocrx_word' id='word_1_383' title='bbox 2524 2503 2536 2538; x_wconf 92' lang='lat'><strong>:</strong></span> <span class='ocrx_word' id='word_1_384' title='bbox 2568 2485 2670 2540; x_wconf 88' lang='lat' dir='ltr'><strong>Ubi</strong></span> <span class='ocrx_word' id='word_1_385' title='bbox 2694 2499 2843 2537; x_wconf 91' lang='lat' dir='ltr'><strong>nunc</strong></span> <span class='ocrx_word' id='word_1_386' title='bbox 2867 2482 3222 2537; x_wconf 89' lang='lat' dir='ltr'><strong>conversatio</strong></span> <span class='ocrx_word' id='word_1_387' title='bbox 3283 2481 3439 2534; x_wconf 84' lang='lat' dir='ltr'><strong>illius</strong></span> 
     </span>
    </p>
   </div>
   <div class='ocr_carea' id='block_1_56' title="bbox 1851 2572 3438 2636">
    <p class='ocr_par' dir='ltr' id='par_1_56' title="bbox 1851 2572 3438 2636">
     <span class='ocr_line' id='line_1_56' title="bbox 1851 2572 3438 2636; baseline -0.006 -1"><span class='ocrx_word' id='word_1_388' title='bbox 1851 2581 2095 2636; x_wconf 87' lang='lat' dir='ltr'><strong>humana</strong></span> <span class='ocrx_word' id='word_1_389' title='bbox 2148 2576 2487 2632; x_wconf 86' lang='lat' dir='ltr'><strong>sublimior?</strong></span> <span class='ocrx_word' id='word_1_390' title='bbox 2522 2577 2616 2630; x_wconf 84' lang='lat' dir='ltr'><strong>ubi</strong></span> <span class='ocrx_word' id='word_1_391' title='bbox 2661 2576 2797 2630; x_wconf 87' lang='lat' dir='ltr'><strong>illud</strong></span> <span class='ocrx_word' id='word_1_392' title='bbox 2854 2576 3109 2629; x_wconf 89' lang='lat' dir='ltr'><strong>insanum</strong></span> <span class='ocrx_word' id='word_1_393' title='bbox 3162 2572 3438 2627; x_wconf 82' lang='lat' dir='ltr'><strong>exercita-</strong></span> 
     </span>
    </p>
   </div>
   <div class='ocr_carea' id='block_1_57' title="bbox 1851 2664 3437 2741">
    <p class='ocr_par' dir='ltr' id='par_1_57' title="bbox 1851 2664 3437 2741">
     <span class='ocr_line' id='line_1_57' title="bbox 1851 2664 3437 2741; baseline -0.006 -15"><span class='ocrx_word' id='word_1_394' title='bbox 1851 2671 2021 2726; x_wconf 88' lang='lat' dir='ltr'><strong>tionis</strong></span> <span class='ocrx_word' id='word_1_395' title='bbox 2046 2669 2261 2741; x_wconf 78' lang='lat' dir='ltr'><strong>genus?</strong></span> <span class='ocrx_word' id='word_1_396' title='bbox 2293 2669 2390 2723; x_wconf 92' lang='lat' dir='ltr'><strong>ubi</strong></span> <span class='ocrx_word' id='word_1_397' title='bbox 2423 2668 2727 2724; x_wconf 85' lang='lat' dir='ltr'><strong>ostentatio</strong></span> <span class='ocrx_word' id='word_1_398' title='bbox 2745 2667 3131 2737; x_wconf 83' lang='lat' dir='ltr'><strong>prodigiorum</strong></span> <span class='ocrx_word' id='word_1_399' title='bbox 3156 2666 3181 2719; x_wconf 66' lang='grc' dir='ltr'><strong>ί</strong></span> <span class='ocrx_word' id='word_1_400' title='bbox 3234 2664 3437 2727; x_wconf 85' lang='lat' dir='ltr'><strong>Opitu-</strong></span> 
     </span>
    </p>
   </div>
   <div class='ocr_carea' id='block_1_58' title="bbox 1852 2759 3517 2831">
    <p class='ocr_par' dir='ltr' id='par_1_58' title="bbox 1852 2759 3517 2831">
     <span class='ocr_line' id='line_1_58' title="bbox 1852 2759 3517 2831; baseline -0.006 -12"><span class='ocrx_word' id='word_1_401' title='bbox 1852 2763 2002 2819; x_wconf 86' lang='lat' dir='ltr'><strong>letur</strong></span> <span class='ocrx_word' id='word_1_402' title='bbox 2030 2777 2180 2816; x_wconf 91' lang='lat' dir='ltr'><strong>nunc</strong></span> <span class='ocrx_word' id='word_1_403' title='bbox 2212 2762 2319 2815; x_wconf 89' lang='lat' dir='ltr'><strong>sibi</strong></span> <span class='ocrx_word' id='word_1_404' title='bbox 2370 2762 2508 2831; x_wconf 92' lang='lat' dir='ltr'><strong>ipse,</strong></span> <span class='ocrx_word' id='word_1_405' title='bbox 2541 2771 2599 2815; x_wconf 92' lang='lat' dir='ltr'><strong>et</strong></span> <span class='ocrx_word' id='word_1_406' title='bbox 2653 2762 2965 2831; x_wconf 88' lang='lat' dir='ltr'><strong>periculum</strong></span> <span class='ocrx_word' id='word_1_407' title='bbox 3026 2776 3056 2814; x_wconf 87' lang='lat' dir='ltr'><strong>a</strong></span> <span class='ocrx_word' id='word_1_408' title='bbox 3121 2759 3303 2828; x_wconf 91' lang='lat' dir='ltr'><strong>capite</strong></span> <span class='ocrx_word' id='word_1_409' title='bbox 3339 2772 3441 2813; x_wconf 91' lang='lat' dir='ltr'><strong>suo</strong></span> <span class='ocrx_word' id='word_1_410' title='bbox 3508 2789 3517 2795; x_wconf 71' lang='grc'><em>‹</em></span> 
     </span>
    </p>
   </div>
   <div class='ocr_carea' id='block_1_59' title="bbox 1854 2850 3444 2923">
    <p class='ocr_par' dir='ltr' id='par_1_59' title="bbox 1854 2850 3444 2923">
     <span class='ocr_line' id='line_1_59' title="bbox 1854 2850 3444 2923; baseline -0.006 -12"><span class='ocrx_word' id='word_1_411' title='bbox 1854 2855 2169 2911; x_wconf 81' lang='lat' dir='ltr'><strong>amohatur.</strong></span> <span class='ocrx_word' id='word_1_412' title='bbox 2202 2853 2354 2908; x_wconf 85' lang='lat' dir='ltr'><strong>Inter</strong></span> <span class='ocrx_word' id='word_1_413' title='bbox 2378 2854 2497 2907; x_wconf 68' lang='lat' dir='ltr'><strong>haec</strong></span> <span class='ocrx_word' id='word_1_414' title='bbox 2538 2852 2749 2909; x_wconf 80' lang='lat' dir='ltr'><strong>Joanne</strong></span> <span class='ocrx_word' id='word_1_415' title='bbox 2810 2853 3025 2905; x_wconf 90' lang='lat' dir='ltr'><strong>nullum</strong></span> <span class='ocrx_word' id='word_1_416' title='bbox 3062 2850 3291 2923; x_wconf 84' lang='lat' dir='ltr'><strong>dolendi</strong></span> <span class='ocrx_word' id='word_1_417' title='bbox 3322 2864 3444 2903; x_wconf 89' lang='lat' dir='ltr'><strong>mo-</strong></span> 
     </span>
    </p>
   </div>
   <div class='ocr_carea' id='block_1_60' title="bbox 1857 2940 3442 3016">
    <p class='ocr_par' dir='ltr' id='par_1_60' title="bbox 1857 2940 3442 3016">
     <span class='ocr_line' id='line_1_60' title="bbox 1857 2940 3442 3016; baseline -0.006 -15"><span class='ocrx_word' id='word_1_418' title='bbox 1857 2946 1990 3001; x_wconf 93' lang='lat' dir='ltr'><strong>dum</strong></span> <span class='ocrx_word' id='word_1_419' title='bbox 2025 2946 2286 3009; x_wconf 82' lang='lat' dir='ltr'><strong>faciente,</strong></span> <span class='ocrx_word' id='word_1_420' title='bbox 2310 2944 2410 3000; x_wconf 87' lang='lat' dir='ltr'><strong>sed</strong></span> <span class='ocrx_word' id='word_1_421' title='bbox 2438 2944 2614 3016; x_wconf 81' lang='lat' dir='ltr'><strong>magis</strong></span> <span class='ocrx_word' id='word_1_422' title='bbox 2640 2944 2810 2998; x_wconf 89' lang='lat' dir='ltr'><strong>etiam</strong></span> <span class='ocrx_word' id='word_1_423' title='bbox 2841 2944 3057 2997; x_wconf 87' lang='lat' dir='ltr'><strong>iutcnsa</strong></span> <span class='ocrx_word' id='word_1_424' title='bbox 3102 2957 3167 2996; x_wconf 89' lang='lat' dir='ltr'><strong>ac</strong></span> <span class='ocrx_word' id='word_1_425' title='bbox 3220 2940 3442 3009; x_wconf 77' lang='lat' dir='ltr'><strong>lugubri</strong></span> 
     </span>
    </p>
   </div>
   <div class='ocr_carea' id='block_1_61' title="bbox 144 3024 1762 3110">
    <p class='ocr_par' dir='ltr' id='par_1_61' title="bbox 144 3024 1753 3098">
     <span class='ocr_line' id='line_1_61' title="bbox 144 3024 1753 3098; baseline 0.002 -20"><span class='ocrx_word' id='word_1_426' title='bbox 144 3024 303 3096; x_wconf 82' lang='grc' dir='ltr'>μεὼν</span> <span class='ocrx_word' id='word_1_427' title='bbox 351 3024 716 3095; x_wconf 76' lang='grc' dir='ltr'>ἀποκρίνεται</span> <span class='ocrx_word' id='word_1_428' title='bbox 752 3040 768 3054; x_wconf 88' lang='grc'><strong>·</strong></span> <span class='ocrx_word' id='word_1_429' title='bbox 800 3026 826 3078; x_wconf 88' lang='lat'><strong>6</strong></span> <span class='ocrx_word' id='word_1_430' title='bbox 860 3026 961 3095; x_wconf 75' lang='grc' dir='ltr'><strong>μὲν</strong></span> <span class='ocrx_word' id='word_1_431' title='bbox 1004 3026 1114 3093; x_wconf 77' lang='grc' dir='ltr'><strong>γὰρ</strong></span> <span class='ocrx_word' id='word_1_432' title='bbox 1168 3026 1359 3098; x_wconf 67' lang='grc' dir='ltr'>ἐχθρὸς</span> <span class='ocrx_word' id='word_1_433' title='bbox 1409 3028 1753 3097; x_wconf 75' lang='grc' dir='ltr'>κατήργηται</span> 
     </span>
    </p>
   </div>
   <div class='ocr_carea' id='block_1_62' title="bbox 1855 3024 3442 3110">
    <p class='ocr_par' dir='ltr' id='par_1_62' title="bbox 1859 3034 3442 3110">
     <span class='ocr_line' id='line_1_62' title="bbox 1859 3034 3442 3110; baseline -0.005 -17"><span class='ocrx_word' id='word_1_434' title='bbox 1859 3056 1996 3095; x_wconf 82' lang='lat' dir='ltr'><strong>voce</strong></span> <span class='ocrx_word' id='word_1_435' title='bbox 2029 3048 2398 3110; x_wconf 90' lang='lat' dir='ltr'><strong>personante,</strong></span> <span class='ocrx_word' id='word_1_436' title='bbox 2450 3052 2777 3107; x_wconf 84' lang='lat' dir='ltr'><strong>reSponsum</strong></span> <span class='ocrx_word' id='word_1_437' title='bbox 2820 3036 3110 3106; x_wconf 75' lang='lat' dir='ltr'><strong>Syineonis</strong></span> <span class='ocrx_word' id='word_1_438' title='bbox 3168 3034 3442 3088; x_wconf 85' lang='lat' dir='ltr'><strong>auditur:</strong></span> 
     </span>
    </p>
   </div>
   <div class='ocr_carea' id='block_1_63' title="bbox 142 3115 1754 3190">
    <p class='ocr_par' dir='ltr' id='par_1_63' title="bbox 142 3115 1754 3190">
     <span class='ocr_line' id='line_1_63' title="bbox 142 3115 1754 3190; baseline 0.002 -21"><span class='ocrx_word' id='word_1_439' title='bbox 142 3117 253 3187; x_wconf 64' lang='grc' dir='ltr'><strong>ἥδη</strong></span> <span class='ocrx_word' id='word_1_440' title='bbox 284 3116 390 3170; x_wconf 70' lang='grc' dir='ltr'><strong>καὶ</strong></span> <span class='ocrx_word' id='word_1_441' title='bbox 419 3115 855 3185; x_wconf 76' lang='grc' dir='ltr'><strong>καταϐέϐληται⁸</strong></span> <span class='ocrx_word' id='word_1_442' title='bbox 888 3119 1012 3188; x_wconf 72' lang='grc' dir='ltr'>ἐμοὶ</span> <span class='ocrx_word' id='word_1_443' title='bbox 1057 3125 1111 3180; x_wconf 79' lang='grc' dir='ltr'>δὲ</span> <span class='ocrx_word' id='word_1_444' title='bbox 1176 3118 1415 3189; x_wconf 58' lang='grc' dir='ltr'>ἔρρωται</span> <span class='ocrx_word' id='word_1_445' title='bbox 1444 3123 1511 3190; x_wconf 79' lang='grc' dir='ltr'>τῇ</span> <span class='ocrx_word' id='word_1_446' title='bbox 1547 3118 1754 3173; x_wconf 73' lang='grc' dir='ltr'>ἄνωθεν</span> 
     </span>
    </p>
   </div>
   <div class='ocr_carea' id='block_1_64' title="bbox 145 3208 1749 3280">
    <p class='ocr_par' dir='ltr' id='par_1_64' title="bbox 145 3208 1749 3280">
     <span class='ocr_line' id='line_1_64' title="bbox 145 3208 1749 3280; baseline 0.002 -19"><span class='ocrx_word' id='word_1_447' title='bbox 145 3209 345 3279; x_wconf 79' lang='grc' dir='ltr'>χάριτι</span> <span class='ocrx_word' id='word_1_448' title='bbox 408 3208 613 3273; x_wconf 83' lang='grc' dir='ltr'>πάντα,</span> <span class='ocrx_word' id='word_1_449' title='bbox 654 3209 750 3261; x_wconf 81' lang='grc' dir='ltr'>καὶ</span> <span class='ocrx_word' id='word_1_450' title='bbox 775 3208 1037 3277; x_wconf 76' lang='grc' dir='ltr'>ἀσφαλῶς</span> <span class='ocrx_word' id='word_1_451' title='bbox 1089 3208 1160 3260; x_wconf 68' lang='grc' dir='ltr'>τὰ</span> <span class='ocrx_word' id='word_1_452' title='bbox 1196 3212 1295 3280; x_wconf 86' lang='grc' dir='ltr'>τῆς</span> <span class='ocrx_word' id='word_1_453' title='bbox 1326 3210 1568 3274; x_wconf 86' lang='grc' dir='ltr'>στάσεως</span> <span class='ocrx_word' id='word_1_454' title='bbox 1616 3209 1749 3280; x_wconf 78' lang='grc' dir='ltr'>ἔχει.</span> 
     </span>
    </p>
   </div>
   <div class='ocr_carea' id='block_1_65' title="bbox 150 3301 1755 3373">
    <p class='ocr_par' dir='ltr' id='par_1_65' title="bbox 150 3301 1755 3373">
     <span class='ocr_line' id='line_1_65' title="bbox 150 3301 1755 3373; baseline 0.002 -20"><span class='ocrx_word' id='word_1_455' title='bbox 150 3302 314 3371; x_wconf 74' lang='grc' dir='ltr'>Ἅμα</span> <span class='ocrx_word' id='word_1_456' title='bbox 376 3301 434 3354; x_wconf 82' lang='grc' dir='ltr'>δὲ</span> <span class='ocrx_word' id='word_1_457' title='bbox 482 3302 671 3373; x_wconf 81' lang='grc' dir='ltr'>ἡμέρᾳ</span> <span class='ocrx_word' id='word_1_458' title='bbox 711 3301 922 3354; x_wconf 89' lang='grc' dir='ltr'>συνίασι</span> <span class='ocrx_word' id='word_1_459' title='bbox 948 3302 1039 3354; x_wconf 81' lang='grc' dir='ltr'><strong>καὶ</strong></span> <span class='ocrx_word' id='word_1_460' title='bbox 1063 3302 1112 3353; x_wconf 82' lang='grc' dir='ltr'>οἱ</span> <span class='ocrx_word' id='word_1_461' title='bbox 1140 3303 1391 3373; x_wconf 78' lang='grc' dir='ltr'>μοναχοὶ,</span> <span class='ocrx_word' id='word_1_462' title='bbox 1425 3304 1755 3371; x_wconf 78' lang='grc' dir='ltr'>καταλαϐεῖν</span> 
     </span>
    </p>
   </div>
   <div class='ocr_carea' id='block_1_66' title="bbox 151 3392 1754 3480">
    <p class='ocr_par' dir='ltr' id='par_1_66' title="bbox 151 3392 1754 3480">
     <span class='ocr_line' id='line_1_66' title="bbox 151 3392 1754 3480; baseline 0.002 -36"><span class='ocrx_word' id='word_1_463' title='bbox 151 3392 324 3480; x_wconf 48' lang='grc' dir='ltr'>αὐτὴν</span> <span class='ocrx_word' id='word_1_464' title='bbox 378 3392 484 3463; x_wconf 69' lang='grc' dir='ltr'><strong>ηῖη</strong></span> <span class='ocrx_word' id='word_1_465' title='bbox 533 3394 812 3447; x_wconf 87' lang='grc' dir='ltr'>τεθνεῶτα</span> <span class='ocrx_word' id='word_1_466' title='bbox 858 3393 1175 3464; x_wconf 76' lang='grc' dir='ltr'>νομίζοντες</span> <span class='ocrx_word' id='word_1_467' title='bbox 1203 3413 1216 3426; x_wconf 90' lang='grc'><strong>·</strong></span> <span class='ocrx_word' id='word_1_468' title='bbox 1247 3394 1385 3448; x_wconf 73' lang='grc' dir='ltr'>ἀλλὰ</span> <span class='ocrx_word' id='word_1_469' title='bbox 1444 3395 1754 3467; x_wconf 78' lang='grc' dir='ltr'>κρεῖττονῆ</span> 
     </span>
    </p>
   </div>
   <div class='ocr_carea' id='block_1_67' title="bbox 152 3482 1755 3557">
    <p class='ocr_par' dir='ltr' id='par_1_67' title="bbox 152 3482 1755 3557">
     <span class='ocr_line' id='line_1_67' title="bbox 152 3482 1755 3557; baseline 0 -21"><span class='ocrx_word' id='word_1_470' title='bbox 152 3482 306 3536; x_wconf 82' lang='grc' dir='ltr'>κατὰ</span> <span class='ocrx_word' id='word_1_471' title='bbox 370 3482 704 3553; x_wconf 79' lang='grc' dir='ltr'>προσδοκίαν</span> <span class='ocrx_word' id='word_1_472' title='bbox 748 3484 968 3554; x_wconf 80' lang='grc' dir='ltr'>ἀπήντα</span> <span class='ocrx_word' id='word_1_473' title='bbox 1017 3484 1079 3538; x_wconf 83' lang='grc' dir='ltr'>τὸ</span> <span class='ocrx_word' id='word_1_474' title='bbox 1119 3484 1397 3539; x_wconf 84' lang='grc' dir='ltr'>ὲλπισθέν.</span> <span class='ocrx_word' id='word_1_475' title='bbox 1427 3487 1536 3540; x_wconf 72' lang='grc' dir='ltr'><strong>Καὶ</strong></span> <span class='ocrx_word' id='word_1_476' title='bbox 1564 3489 1593 3539; x_wconf 88' lang='lat'><strong>6</strong></span> <span class='ocrx_word' id='word_1_477' title='bbox 1635 3488 1755 3557; x_wconf 77' lang='grc' dir='ltr'>μὲν,</span> 
     </span>
    </p>
   </div>
   <div class='ocr_carea' id='block_1_68' title="bbox 160 3572 1758 3647">
    <p class='ocr_par' dir='ltr' id='par_1_68' title="bbox 160 3572 1758 3647">
     <span class='ocr_line' id='line_1_68' title="bbox 160 3572 1758 3647; baseline 0.002 -21"><span class='ocrx_word' id='word_1_478' title='bbox 160 3572 356 3645; x_wconf 69' lang='grc' dir='ltr'>ψυχὴν</span> <span class='ocrx_word' id='word_1_479' title='bbox 411 3574 531 3645; x_wconf 82' lang='grc' dir='ltr'>ἄμα</span> <span class='ocrx_word' id='word_1_480' title='bbox 568 3575 664 3628; x_wconf 75' lang='grc' dir='ltr'><strong>καὶ</strong></span> <span class='ocrx_word' id='word_1_481' title='bbox 693 3574 815 3644; x_wconf 71' lang='grc' dir='ltr'>ὄψιν</span> <span class='ocrx_word' id='word_1_482' title='bbox 843 3575 1164 3645; x_wconf 78' lang='grc' dir='ltr'>ὴγαλλιᾶτο,</span> <span class='ocrx_word' id='word_1_483' title='bbox 1206 3576 1282 3639; x_wconf 89' lang='grc' dir='ltr'>ὼς</span> <span class='ocrx_word' id='word_1_484' title='bbox 1322 3576 1411 3629; x_wconf 79' lang='grc' dir='ltr'>διὰ</span> <span class='ocrx_word' id='word_1_485' title='bbox 1457 3577 1551 3630; x_wconf 78' lang='grc' dir='ltr'>τοῦ</span> <span class='ocrx_word' id='word_1_486' title='bbox 1589 3594 1758 3647; x_wconf 82' lang='grc' dir='ltr'>προσ-</span> 
     </span>
    </p>
   </div>
   <div class='ocr_carea' id='block_1_69' title="bbox 157 3664 1760 3741">
    <p class='ocr_par' dir='ltr' id='par_1_69' title="bbox 157 3664 1760 3741">
     <span class='ocr_line' id='line_1_69' title="bbox 157 3664 1760 3741; baseline 0.001 -21"><span class='ocrx_word' id='word_1_487' title='bbox 157 3665 320 3720; x_wconf 77' lang='grc' dir='ltr'>ώπου</span> <span class='ocrx_word' id='word_1_488' title='bbox 346 3664 450 3738; x_wconf 82' lang='grc' dir='ltr'><strong>τὴν</strong></span> <span class='ocrx_word' id='word_1_489' title='bbox 483 3666 631 3721; x_wconf 73' lang='grc' dir='ltr'>ἔνδον</span> <span class='ocrx_word' id='word_1_490' title='bbox 659 3667 993 3739; x_wconf 77' lang='grc' dir='ltr'>φαιδρότητα</span> <span class='ocrx_word' id='word_1_491' title='bbox 1026 3668 1494 3741; x_wconf 78' lang='grc' dir='ltr'>παραδείκνυσθαι</span> <span class='ocrx_word' id='word_1_492' title='bbox 1526 3686 1541 3701; x_wconf 79' lang='grc'><strong><em>⁸</em></strong></span> <span class='ocrx_word' id='word_1_493' title='bbox 1581 3670 1630 3722; x_wconf 87' lang='grc' dir='ltr'>οἱ</span> <span class='ocrx_word' id='word_1_494' title='bbox 1682 3670 1760 3736; x_wconf 77' lang='grc' dir='ltr'><strong>δὲ,</strong></span> 
     </span>
    </p>
   </div>
   <div class='ocr_carea' id='block_1_70' title="bbox 160 3756 1760 3831">
    <p class='ocr_par' dir='ltr' id='par_1_70' title="bbox 160 3756 1760 3831">
     <span class='ocr_line' id='line_1_70' title="bbox 160 3756 1760 3831; baseline 0.003 -23"><span class='ocrx_word' id='word_1_495' title='bbox 160 3758 322 3829; x_wconf 61' lang='grc' dir='ltr'>παρὰ</span> <span class='ocrx_word' id='word_1_496' title='bbox 374 3758 469 3811; x_wconf 77' lang='grc' dir='ltr'>τοῦ</span> <span class='ocrx_word' id='word_1_497' title='bbox 523 3758 667 3811; x_wconf 82' lang='grc' dir='ltr'>θείου</span> <span class='ocrx_word' id='word_1_498' title='bbox 708 3756 959 3812; x_wconf 85' lang='grc' dir='ltr'>Ἰωάννου</span> <span class='ocrx_word' id='word_1_499' title='bbox 1003 3760 1073 3813; x_wconf 81' lang='grc' dir='ltr'>τὰ</span> <span class='ocrx_word' id='word_1_500' title='bbox 1127 3760 1313 3814; x_wconf 88' lang='grc' dir='ltr'>είκότα</span> <span class='ocrx_word' id='word_1_501' title='bbox 1356 3759 1760 3831; x_wconf 76' lang='grc' dir='ltr'>ὀνειδιζόμενοι,</span> 
     </span>
    </p>
   </div>
   <div class='ocr_carea' id='block_1_71' title="bbox 164 3849 509 3922">
    <p class='ocr_par' dir='ltr' id='par_1_71' title="bbox 164 3849 509 3922">
     <span class='ocr_line' id='line_1_71' title="bbox 164 3849 509 3922; baseline 0.009 -20"><span class='ocrx_word' id='word_1_502' title='bbox 164 3849 509 3922; x_wconf 80' lang='grc' dir='ltr'>ἀνεχώρουν.</span> 
     </span>
    </p>
   </div>
   <div class='ocr_carea' id='block_1_72' title="bbox 1862 3123 3446 3195">
    <p class='ocr_par' dir='ltr' id='par_1_72' title="bbox 1862 3123 3446 3195">
     <span class='ocr_line' id='line_1_72' title="bbox 1862 3123 3446 3195; baseline -0.005 -11"><span class='ocrx_word' id='word_1_503' title='bbox 1862 3129 2012 3185; x_wconf 81' lang='lat' dir='ltr'><strong>Nihil</strong></span> <span class='ocrx_word' id='word_1_504' title='bbox 2073 3129 2171 3182; x_wconf 90' lang='lat' dir='ltr'><strong>tibi</strong></span> <span class='ocrx_word' id='word_1_505' title='bbox 2227 3143 2347 3182; x_wconf 90' lang='lat' dir='ltr'><strong>mea</strong></span> <span class='ocrx_word' id='word_1_506' title='bbox 2380 3142 2570 3191; x_wconf 88' lang='lat' dir='ltr'><strong>causa,</strong></span> <span class='ocrx_word' id='word_1_507' title='bbox 2628 3128 2702 3180; x_wconf 90' lang='lat' dir='ltr'><strong>mi</strong></span> <span class='ocrx_word' id='word_1_508' title='bbox 2746 3127 2928 3188; x_wconf 86' lang='lat' dir='ltr'><strong>Pater,</strong></span> <span class='ocrx_word' id='word_1_509' title='bbox 2989 3124 3137 3195; x_wconf 87' lang='lat' dir='ltr'><strong>quod</strong></span> <span class='ocrx_word' id='word_1_510' title='bbox 3175 3123 3446 3178; x_wconf 85' lang='lat' dir='ltr'><strong>crucieris</strong></span> 
     </span>
    </p>
   </div>
   <div class='ocr_carea' id='block_1_73' title="bbox 1864 3216 3446 3275">
    <p class='ocr_par' dir='ltr' id='par_1_73' title="bbox 1864 3216 3446 3275">
     <span class='ocr_line' id='line_1_73' title="bbox 1864 3216 3446 3275; baseline -0.006 0"><span class='ocrx_word' id='word_1_511' title='bbox 1864 3229 1961 3275; x_wconf 90' lang='lat' dir='ltr'><strong>aut</strong></span> <span class='ocrx_word' id='word_1_512' title='bbox 2021 3220 2254 3275; x_wconf 86' lang='lat' dir='ltr'><strong>doleas:</strong></span> <span class='ocrx_word' id='word_1_513' title='bbox 2310 3219 2365 3272; x_wconf 90' lang='lat' dir='ltr'><strong>in</strong></span> <span class='ocrx_word' id='word_1_514' title='bbox 2416 3233 2621 3273; x_wconf 88' lang='lat' dir='ltr'><strong>vanum</strong></span> <span class='ocrx_word' id='word_1_515' title='bbox 2681 3217 2931 3272; x_wconf 87' lang='lat' dir='ltr'><strong>recidere</strong></span> <span class='ocrx_word' id='word_1_516' title='bbox 2995 3216 3446 3270; x_wconf 70' lang='lat' dir='ltr'><strong>machinamenta</strong></span> 
     </span>
    </p>
   </div>
   <div class='ocr_carea' id='block_1_74' title="bbox 1864 3307 3450 3380">
    <p class='ocr_par' dir='ltr' id='par_1_74' title="bbox 1864 3307 3450 3380">
     <span class='ocr_line' id='line_1_74' title="bbox 1864 3307 3450 3380; baseline -0.006 -15"><span class='ocrx_word' id='word_1_517' title='bbox 1864 3312 2043 3365; x_wconf 92' lang='lat' dir='ltr'><strong>hostis</strong></span> <span class='ocrx_word' id='word_1_518' title='bbox 2085 3310 2327 3380; x_wconf 87' lang='lat' dir='ltr'><strong>turpiter</strong></span> <span class='ocrx_word' id='word_1_519' title='bbox 2359 3309 2664 3380; x_wconf 77' lang='lat' dir='ltr'><strong>prostrati;</strong></span> <span class='ocrx_word' id='word_1_520' title='bbox 2698 3324 2783 3363; x_wconf 92' lang='lat' dir='ltr'><strong>me</strong></span> <span class='ocrx_word' id='word_1_521' title='bbox 2816 3317 3000 3362; x_wconf 89' lang='lat' dir='ltr'><strong>autem</strong></span> <span class='ocrx_word' id='word_1_522' title='bbox 3043 3307 3086 3360; x_wconf 91' lang='lat' dir='ltr'><strong>si</strong></span> <span class='ocrx_word' id='word_1_523' title='bbox 3148 3317 3364 3376; x_wconf 84' lang='lat' dir='ltr'><strong>spectes</strong></span> <span class='ocrx_word' id='word_1_524' title='bbox 3394 3315 3450 3357; x_wconf 85' lang='lat' dir='ltr'><strong>et.</strong></span> 
     </span>
    </p>
   </div>
   <div class='ocr_carea' id='block_1_75' title="bbox 1865 3392 3450 3471">
    <p class='ocr_par' dir='ltr' id='par_1_75' title="bbox 1865 3392 3450 3471">
     <span class='ocr_line' id='line_1_75' title="bbox 1865 3392 3450 3471; baseline -0.008 -15"><span class='ocrx_word' id='word_1_525' title='bbox 1865 3403 2181 3457; x_wconf 90' lang='lat' dir='ltr'><strong>columnam</strong></span> <span class='ocrx_word' id='word_1_526' title='bbox 2217 3404 2360 3471; x_wconf 77' lang='lat' dir='ltr'><strong>(qua:</strong></span> <span class='ocrx_word' id='word_1_527' title='bbox 2384 3414 2645 3470; x_wconf 86' lang='lat' dir='ltr'><strong>superum</strong></span> <span class='ocrx_word' id='word_1_528' title='bbox 2674 3399 2847 3469; x_wconf 79' lang='lat' dir='ltr'><strong>gratia</strong></span> <span class='ocrx_word' id='word_1_529' title='bbox 2880 3400 3008 3463; x_wconf 71' lang='lat' dir='ltr'><strong>esti,</strong></span> <span class='ocrx_word' id='word_1_530' title='bbox 3043 3395 3189 3450; x_wconf 83' lang='lat' dir='ltr'><strong>salva</strong></span> <span class='ocrx_word' id='word_1_531' title='bbox 3242 3392 3450 3447; x_wconf 82' lang='lat' dir='ltr'><strong>omnia.</strong></span> 
     </span>
    </p>
   </div>
   <div class='ocr_carea' id='block_1_76' title="bbox 1869 3484 3451 3562">
    <p class='ocr_par' dir='ltr' id='par_1_76' title="bbox 1869 3484 3451 3562">
     <span class='ocr_line' id='line_1_76' title="bbox 1869 3484 3451 3562; baseline -0.007 -14"><span class='ocrx_word' id='word_1_532' title='bbox 1869 3494 2046 3549; x_wconf 88' lang='lat' dir='ltr'><strong>Simul</strong></span> <span class='ocrx_word' id='word_1_533' title='bbox 2081 3502 2248 3562; x_wconf 88' lang='lat' dir='ltr'><strong>atque</strong></span> <span class='ocrx_word' id='word_1_534' title='bbox 2275 3491 2478 3553; x_wconf 78' lang='lat' dir='ltr'><strong>illuxit,</strong></span> <span class='ocrx_word' id='word_1_535' title='bbox 2518 3491 2956 3562; x_wconf 80' lang='lat' dir='ltr'><strong>progrediuntur</strong></span> <span class='ocrx_word' id='word_1_536' title='bbox 3012 3503 3118 3542; x_wconf 89' lang='lat' dir='ltr'><strong>una</strong></span> <span class='ocrx_word' id='word_1_537' title='bbox 3172 3484 3451 3544; x_wconf 87' lang='lat' dir='ltr'><strong>monachi.</strong></span> 
     </span>
    </p>
   </div>
   <div class='ocr_carea' id='block_1_77' title="bbox 1868 3574 3453 3655">
    <p class='ocr_par' dir='ltr' id='par_1_77' title="bbox 1868 3574 3453 3655">
     <span class='ocr_line' id='line_1_77' title="bbox 1868 3574 3453 3655; baseline -0.006 -16"><span class='ocrx_word' id='word_1_538' title='bbox 1868 3586 2075 3655; x_wconf 81' lang='lat' dir='ltr'><strong>ipsum,</strong></span> <span class='ocrx_word' id='word_1_539' title='bbox 2108 3592 2170 3638; x_wconf 88' lang='lat' dir='ltr'><strong>ut</strong></span> <span class='ocrx_word' id='word_1_540' title='bbox 2233 3584 2527 3652; x_wconf 86' lang='lat' dir='ltr'><strong>putabant,</strong></span> <span class='ocrx_word' id='word_1_541' title='bbox 2576 3583 2691 3648; x_wconf 81' lang='lat' dir='ltr'><strong>jam</strong></span> <span class='ocrx_word' id='word_1_542' title='bbox 2754 3592 3037 3634; x_wconf 89' lang='lat' dir='ltr'><strong>mortuum</strong></span> <span class='ocrx_word' id='word_1_543' title='bbox 3090 3574 3453 3646; x_wconf 82' lang='lat' dir='ltr'><strong>suscepturi:</strong></span> 
     </span>
    </p>
   </div>
   <div class='ocr_carea' id='block_1_78' title="bbox 1869 3671 3457 3740">
    <p class='ocr_par' dir='ltr' id='par_1_78' title="bbox 1869 3671 3457 3740">
     <span class='ocr_line' id='line_1_78' title="bbox 1869 3671 3457 3740; baseline -0.006 -12"><span class='ocrx_word' id='word_1_544' title='bbox 1869 3690 2063 3729; x_wconf 90' lang='lat' dir='ltr'><strong>verum</strong></span> <span class='ocrx_word' id='word_1_545' title='bbox 2093 3673 2382 3736; x_wconf 89' lang='lat' dir='ltr'><strong>euntibus,</strong></span> <span class='ocrx_word' id='word_1_546' title='bbox 2415 3672 2612 3726; x_wconf 88' lang='lat' dir='ltr'><strong>melior</strong></span> <span class='ocrx_word' id='word_1_547' title='bbox 2633 3671 2897 3740; x_wconf 90' lang='lat' dir='ltr'><strong>opinione</strong></span> <span class='ocrx_word' id='word_1_548' title='bbox 2928 3684 3025 3723; x_wconf 90' lang='lat' dir='ltr'><strong>sua</strong></span> <span class='ocrx_word' id='word_1_549' title='bbox 3058 3682 3206 3737; x_wconf 87' lang='lat' dir='ltr'><strong>spes,</strong></span> <span class='ocrx_word' id='word_1_550' title='bbox 3258 3680 3457 3719; x_wconf 78' lang='lat' dir='ltr'><strong>occur-</strong></span> 
     </span>
    </p>
   </div>
   <div class='ocr_carea' id='block_1_79' title="bbox 1872 3756 3455 3835">
    <p class='ocr_par' dir='ltr' id='par_1_79' title="bbox 1872 3756 3455 3835">
     <span class='ocr_line' id='line_1_79' title="bbox 1872 3756 3455 3835; baseline -0.008 -15"><span class='ocrx_word' id='word_1_551' title='bbox 1872 3765 1946 3820; x_wconf 91' lang='lat' dir='ltr'><strong>rit</strong></span> <span class='ocrx_word' id='word_1_552' title='bbox 1970 3765 2087 3835; x_wconf 91' lang='lat' dir='ltr'><strong>ipse</strong></span> <span class='ocrx_word' id='word_1_553' title='bbox 2119 3764 2379 3832; x_wconf 76' lang='lat' dir='ltr'><strong>Symeon,</strong></span> <span class='ocrx_word' id='word_1_554' title='bbox 2410 3773 2467 3817; x_wconf 91' lang='lat' dir='ltr'><strong>et</strong></span> <span class='ocrx_word' id='word_1_555' title='bbox 2499 3763 2687 3817; x_wconf 89' lang='lat' dir='ltr'><strong>animo</strong></span> <span class='ocrx_word' id='word_1_556' title='bbox 2718 3772 2773 3816; x_wconf 91' lang='lat' dir='ltr'><strong>ct</strong></span> <span class='ocrx_word' id='word_1_557' title='bbox 2804 3762 2961 3815; x_wconf 84' lang='lat' dir='ltr'><strong>vultu</strong></span> <span class='ocrx_word' id='word_1_558' title='bbox 3021 3758 3227 3830; x_wconf 88' lang='lat' dir='ltr'><strong>pariter</strong></span> <span class='ocrx_word' id='word_1_559' title='bbox 3264 3756 3455 3811; x_wconf 76' lang='lat' dir='ltr'><strong>exsul-</strong></span> 
     </span>
    </p>
   </div>
   <div class='ocr_carea' id='block_1_80' title="bbox 1873 3848 3455 3923">
    <p class='ocr_par' dir='ltr' id='par_1_80' title="bbox 1873 3848 3455 3923">
     <span class='ocr_line' id='line_1_80' title="bbox 1873 3848 3455 3923; baseline -0.009 -12"><span class='ocrx_word' id='word_1_560' title='bbox 1873 3866 2041 3923; x_wconf 86' lang='lat' dir='ltr'><strong>tans;</strong></span> <span class='ocrx_word' id='word_1_561' title='bbox 2080 3855 2332 3910; x_wconf 83' lang='lat' dir='ltr'><strong>externis</strong></span> <span class='ocrx_word' id='word_1_562' title='bbox 2362 3857 2548 3909; x_wconf 85' lang='lat' dir='ltr'><strong>vultus</strong></span> <span class='ocrx_word' id='word_1_563' title='bbox 2578 3854 2723 3910; x_wconf 88' lang='lat' dir='ltr'><strong>notis</strong></span> <span class='ocrx_word' id='word_1_564' title='bbox 2749 3854 3033 3908; x_wconf 91' lang='lat' dir='ltr'><strong>internum</strong></span> <span class='ocrx_word' id='word_1_565' title='bbox 3094 3848 3264 3903; x_wconf 86' lang='lat' dir='ltr'><strong>animi</strong></span> <span class='ocrx_word' id='word_1_566' title='bbox 3316 3861 3455 3917; x_wconf 78' lang='lat' dir='ltr'><strong>gau-</strong></span> 
     </span>
    </p>
   </div>
   <div class='ocr_carea' id='block_1_81' title="bbox 166 3936 3459 4017">
    <p class='ocr_par' dir='ltr' id='par_1_81' title="bbox 166 3936 3459 4017">
     <span class='ocr_line' id='line_1_81' title="bbox 166 3936 3459 4017; baseline -0.003 -19"><span class='ocrx_word' id='word_1_567' title='bbox 166 3943 325 3999; x_wconf 87' lang='lat' dir='ltr'><strong>dium</strong></span> <span class='ocrx_word' id='word_1_568' title='bbox 362 3959 477 3999; x_wconf 89' lang='lat' dir='ltr'><strong>non</strong></span> <span class='ocrx_word' id='word_1_569' title='bbox 506 3944 749 4000; x_wconf 89' lang='lat' dir='ltr'><strong>obscure</strong></span> <span class='ocrx_word' id='word_1_570' title='bbox 786 3945 1141 4002; x_wconf 85' lang='lat' dir='ltr'><strong>testantibus.</strong></span> <span class='ocrx_word' id='word_1_571' title='bbox 1166 3944 1422 4001; x_wconf 84' lang='lat' dir='ltr'><strong>Monachi</strong></span> <span class='ocrx_word' id='word_1_572' title='bbox 1466 3961 1657 4017; x_wconf 87' lang='lat' dir='ltr'><strong>porro,</strong></span> <span class='ocrx_word' id='word_1_573' title='bbox 1695 3955 1756 4001; x_wconf 93' lang='lat' dir='ltr'><strong>ut</strong></span> <span class='ocrx_word' id='word_1_574' title='bbox 1797 3948 1983 4002; x_wconf 89' lang='lat' dir='ltr'><strong>meriti</strong></span> <span class='ocrx_word' id='word_1_575' title='bbox 2050 3955 2228 4011; x_wconf 79' lang='lat' dir='ltr'><strong>erant,</strong></span> <span class='ocrx_word' id='word_1_576' title='bbox 2259 3963 2289 4001; x_wconf 89' lang='lat' dir='ltr'><strong>a</strong></span> <span class='ocrx_word' id='word_1_577' title='bbox 2323 3946 2514 4000; x_wconf 82' lang='lat' dir='ltr'><strong>divino</strong></span> <span class='ocrx_word' id='word_1_578' title='bbox 2543 3945 2755 4000; x_wconf 87' lang='lat' dir='ltr'><strong>Joanne</strong></span> <span class='ocrx_word' id='word_1_579' title='bbox 2807 3943 3090 4011; x_wconf 82' lang='lat' dir='ltr'><strong>increpiti,</strong></span> <span class='ocrx_word' id='word_1_580' title='bbox 3117 3940 3182 3993; x_wconf 87' lang='lat' dir='ltr'><strong>ad</strong></span> <span class='ocrx_word' id='word_1_581' title='bbox 3216 3954 3274 3992; x_wconf 87' lang='lat' dir='ltr'><strong>se</strong></span> <span class='ocrx_word' id='word_1_582' title='bbox 3304 3936 3459 4006; x_wconf 81' lang='lat' dir='ltr'><strong>quis—</strong></span> 
     </span>
    </p>
   </div>
   <div class='ocr_carea' id='block_1_82' title="bbox 166 4036 765 4109">
    <p class='ocr_par' dir='ltr' id='par_1_82' title="bbox 166 4036 765 4109">
     <span class='ocr_line' id='line_1_82' title="bbox 166 4036 765 4109; baseline 0.003 -20"><span class='ocrx_word' id='word_1_583' title='bbox 166 4052 279 4109; x_wconf 82' lang='lat' dir='ltr'><strong>que</strong></span> <span class='ocrx_word' id='word_1_584' title='bbox 314 4036 765 4092; x_wconf 84' lang='lat' dir='ltr'><strong>revertebantur.</strong></span> 
     </span>
    </p>
   </div>
   <div class='ocr_carea' id='block_1_83' title="bbox 1642 4148 2005 4225">
    <p class='ocr_par' dir='ltr' id='par_1_83' title="bbox 1642 4148 2005 4225">
     <span class='ocr_line' id='line_1_83' title="bbox 1642 4148 2005 4225; baseline -0.003 -20"><span class='ocrx_word' id='word_1_585' title='bbox 1642 4148 1873 4225; x_wconf 55' lang='lat' dir='ltr'><strong>CAPUT:</strong></span> <span class='ocrx_word' id='word_1_586' title='bbox 1920 4148 2005 4204; x_wconf 82' lang='lat' dir='ltr'><strong>IV.</strong></span> 
     </span>
    </p>
   </div>
   <div class='ocr_carea' id='block_1_84' title="bbox 1174 4267 2485 4341">
    <p class='ocr_par' dir='ltr' id='par_1_84' title="bbox 1174 4267 2485 4341">
     <span class='ocr_line' id='line_1_84' title="bbox 1174 4267 2485 4341; baseline -0.003 -18"><span class='ocrx_word' id='word_1_587' title='bbox 1174 4269 1489 4324; x_wconf 71' lang='lat' dir='ltr'><strong>Exhortatio</strong></span> <span class='ocrx_word' id='word_1_588' title='bbox 1515 4269 1711 4340; x_wconf 76' lang='lat' dir='ltr'><strong>duplex</strong></span> <span class='ocrx_word' id='word_1_589' title='bbox 1736 4267 2030 4341; x_wconf 82' lang='lat' dir='ltr'><strong>Symeom&#39;s,</strong></span> <span class='ocrx_word' id='word_1_590' title='bbox 2069 4277 2116 4321; x_wconf 81' lang='lat' dir='ltr'><strong>et</strong></span> <span class='ocrx_word' id='word_1_591' title='bbox 2160 4268 2485 4333; x_wconf 69' lang='lat' dir='ltr'><strong>pmnitentin.</strong></span> 
     </span>
    </p>
   </div>
   <div class='ocr_carea' id='block_1_85' title="bbox 250 4376 1762 4450">
    <p class='ocr_par' dir='ltr' id='par_1_85' title="bbox 250 4376 1762 4450">
     <span class='ocr_line' id='line_1_85' title="bbox 250 4376 1762 4450; baseline 0.001 -19"><span class='ocrx_word' id='word_1_592' title='bbox 250 4379 355 4442; x_wconf 75' lang='grc' dir='ltr'><strong>κζ’.</strong></span> <span class='ocrx_word' id='word_1_593' title='bbox 403 4376 656 4448; x_wconf 79' lang='grc' dir='ltr'>Ὀμιλίας</span> <span class='ocrx_word' id='word_1_594' title='bbox 675 4377 732 4430; x_wconf 87' lang='grc' dir='ltr'><strong>δέ</strong></span> <span class='ocrx_word' id='word_1_595' title='bbox 756 4394 883 4431; x_wconf 82' lang='grc' dir='ltr'>ποτε</span> <span class='ocrx_word' id='word_1_596' title='bbox 918 4380 1051 4446; x_wconf 74' lang='grc' dir='ltr'>πρὸς</span> <span class='ocrx_word' id='word_1_597' title='bbox 1077 4379 1273 4443; x_wconf 73' lang='grc' dir='ltr'>αὐτοὺς</span> <span class='ocrx_word' id='word_1_598' title='bbox 1296 4382 1323 4434; x_wconf 88' lang='lat'><strong>6</strong></span> <span class='ocrx_word' id='word_1_599' title='bbox 1362 4380 1589 4450; x_wconf 85' lang='grc' dir='ltr'>Συμεὼν</span> <span class='ocrx_word' id='word_1_600' title='bbox 1631 4379 1762 4448; x_wconf 72' lang='grc' dir='ltr'>ἁψά-</span> 
     </span>
    </p>
   </div>
   <div class='ocr_carea' id='block_1_86' title="bbox 1855 4376 3461 4450">
    <p class='ocr_par' dir='ltr' id='par_1_86' title="bbox 1946 4376 3461 4449">
     <span class='ocr_line' id='line_1_86' title="bbox 1946 4376 3461 4449; baseline -0.003 -15"><span class='ocrx_word' id='word_1_601' title='bbox 1946 4377 2194 4434; x_wconf 74' lang='grc' dir='ltr'>27.(]ιιιη</span> <span class='ocrx_word' id='word_1_602' title='bbox 2219 4378 2508 4433; x_wconf 85' lang='lat' dir='ltr'><strong>incidisset</strong></span> <span class='ocrx_word' id='word_1_603' title='bbox 2562 4377 2862 4447; x_wconf 86' lang='lat' dir='ltr'><strong>aliquando</strong></span> <span class='ocrx_word' id='word_1_604' title='bbox 2906 4376 3144 4449; x_wconf 79' lang='lat' dir='ltr'><strong>Symeou</strong></span> <span class='ocrx_word' id='word_1_605' title='bbox 3174 4376 3227 4431; x_wconf 89' lang='lat' dir='ltr'><strong>in</strong></span> <span class='ocrx_word' id='word_1_606' title='bbox 3287 4377 3461 4431; x_wconf 82' lang='lat' dir='ltr'><strong>collo-</strong></span> 
     </span>
    </p>
   </div>
   <div class='ocr_carea' id='block_1_87' title="bbox 185 4468 1770 4542">
    <p class='ocr_par' dir='ltr' id='par_1_87' title="bbox 185 4468 1770 4542">
     <span class='ocr_line' id='line_1_87' title="bbox 185 4468 1770 4542; baseline 0.001 -20"><span class='ocrx_word' id='word_1_607' title='bbox 185 4485 364 4539; x_wconf 86' lang='grc' dir='ltr'>μενος,</span> <span class='ocrx_word' id='word_1_608' title='bbox 399 4468 632 4523; x_wconf 80' lang='grc' dir='ltr'>τοιαῦτα</span> <span class='ocrx_word' id='word_1_609' title='bbox 676 4471 997 4542; x_wconf 77' lang='grc' dir='ltr'>παραδόξως</span> <span class='ocrx_word' id='word_1_610' title='bbox 1053 4472 1237 4535; x_wconf 79' lang='grc' dir='ltr'>αὐτοῖς</span> <span class='ocrx_word' id='word_1_611' title='bbox 1288 4471 1582 4539; x_wconf 81' lang='grc' dir='ltr'>διελέγετο,</span> <span class='ocrx_word' id='word_1_612' title='bbox 1632 4471 1664 4542; x_wconf 82' lang='grc' dir='ltr'>ἢ</span> <span class='ocrx_word' id='word_1_613' title='bbox 1703 4473 1770 4541; x_wconf 83' lang='grc' dir='ltr'>τῇ</span> 
     </span>
    </p>
   </div>
   <div class='ocr_carea' id='block_1_88' title="bbox 180 4559 1775 4632">
    <p class='ocr_par' dir='ltr' id='par_1_88' title="bbox 180 4559 1775 4632">
     <span class='ocr_line' id='line_1_88' title="bbox 180 4559 1775 4632; baseline 0.003 -22"><span class='ocrx_word' id='word_1_614' title='bbox 180 4559 274 4613; x_wconf 84' lang='grc' dir='ltr'>τοῦ</span> <span class='ocrx_word' id='word_1_615' title='bbox 312 4560 477 4628; x_wconf 84' lang='grc' dir='ltr'>άγίου</span> <span class='ocrx_word' id='word_1_616' title='bbox 516 4561 839 4631; x_wconf 84' lang='grc' dir='ltr'>Πνεύματος</span> <span class='ocrx_word' id='word_1_617' title='bbox 876 4561 1106 4631; x_wconf 81' lang='grc' dir='ltr'>δυνάμει</span> <span class='ocrx_word' id='word_1_618' title='bbox 1139 4563 1342 4632; x_wconf 80' lang='grc' dir='ltr'>μᾶλλον</span> <span class='ocrx_word' id='word_1_619' title='bbox 1373 4561 1709 4631; x_wconf 74' lang='grc' dir='ltr'>ἐφθέγγετο,</span> <span class='ocrx_word' id='word_1_620' title='bbox 1747 4560 1775 4614; x_wconf 83' lang='grc' dir='ltr'><strong>ὃ</strong></span> 
     </span>
    </p>
   </div>
   <div class='ocr_carea' id='block_1_89' title="bbox 184 4648 1774 4724">
    <p class='ocr_par' dir='ltr' id='par_1_89' title="bbox 184 4648 1774 4724">
     <span class='ocr_line' id='line_1_89' title="bbox 184 4648 1774 4724; baseline -0.001 -17"><span class='ocrx_word' id='word_1_621' title='bbox 184 4653 272 4707; x_wconf 80' lang='grc' dir='ltr'>καὶ</span> <span class='ocrx_word' id='word_1_622' title='bbox 315 4652 405 4706; x_wconf 75' lang='grc' dir='ltr'>διὰ</span> <span class='ocrx_word' id='word_1_623' title='bbox 439 4650 644 4716; x_wconf 81' lang='grc' dir='ltr'>παντὸς</span> <span class='ocrx_word' id='word_1_624' title='bbox 679 4652 1081 4723; x_wconf 81' lang='grc' dir='ltr'>ὲμφιλοχωρεῖν</span> <span class='ocrx_word' id='word_1_625' title='bbox 1115 4648 1263 4724; x_wconf 85' lang='grc' dir='ltr'>εἶχεν</span> <span class='ocrx_word' id='word_1_626' title='bbox 1283 4650 1453 4723; x_wconf 82' lang='grc' dir='ltr'>-αὐτῷ</span> <span class='ocrx_word' id='word_1_627' title='bbox 1480 4653 1574 4705; x_wconf 77' lang='grc' dir='ltr'>καὶ</span> <span class='ocrx_word' id='word_1_628' title='bbox 1599 4652 1774 4721; x_wconf 76' lang='grc' dir='ltr'>ἡδέως</span> 
     </span>
    </p>
   </div>
   <div class='ocr_carea' id='block_1_90' title="bbox 1874 4466 3458 4538">
    <p class='ocr_par' dir='ltr' id='par_1_90' title="bbox 1874 4466 3458 4538">
     <span class='ocr_line' id='line_1_90' title="bbox 1874 4466 3458 4538; baseline -0.003 -16"><span class='ocrx_word' id='word_1_629' title='bbox 1874 4468 2067 4538; x_wconf 88' lang='lat' dir='ltr'><strong>quium</strong></span> <span class='ocrx_word' id='word_1_630' title='bbox 2096 4482 2220 4521; x_wconf 92' lang='lat' dir='ltr'><strong>cum</strong></span> <span class='ocrx_word' id='word_1_631' title='bbox 2261 4466 2571 4531; x_wconf 88' lang='lat' dir='ltr'><strong>monachis,</strong></span> <span class='ocrx_word' id='word_1_632' title='bbox 2592 4466 2720 4520; x_wconf 85' lang='lat' dir='ltr'><strong>talia</strong></span> <span class='ocrx_word' id='word_1_633' title='bbox 2750 4473 2955 4535; x_wconf 73' lang='lat' dir='ltr'><strong>praeter</strong></span> <span class='ocrx_word' id='word_1_634' title='bbox 2989 4466 3458 4535; x_wconf 78' lang='lat' dir='ltr'><strong>exspectationem</strong></span> 
     </span>
    </p>
   </div>
   <div class='ocr_carea' id='block_1_91' title="bbox 1878 4557 3460 4629">
    <p class='ocr_par' dir='ltr' id='par_1_91' title="bbox 1878 4557 3460 4629">
     <span class='ocr_line' id='line_1_91' title="bbox 1878 4557 3460 4629; baseline -0.003 -14"><span class='ocrx_word' id='word_1_635' title='bbox 1878 4558 2291 4623; x_wconf 87' lang='lat' dir='ltr'><strong>disseruit,aut</strong></span> <span class='ocrx_word' id='word_1_636' title='bbox 2320 4558 2508 4629; x_wconf 89' lang='lat' dir='ltr'><strong>potius</strong></span> <span class='ocrx_word' id='word_1_637' title='bbox 2561 4559 2772 4612; x_wconf 85' lang='lat' dir='ltr'><strong>virtute</strong></span> <span class='ocrx_word' id='word_1_638' title='bbox 2820 4557 3001 4612; x_wconf 88' lang='lat' dir='ltr'><strong>sancti</strong></span> <span class='ocrx_word' id='word_1_639' title='bbox 3062 4557 3327 4627; x_wconf 88' lang='lat' dir='ltr'><strong>Spiritus,</strong></span> <span class='ocrx_word' id='word_1_640' title='bbox 3366 4559 3460 4628; x_wconf 92' lang='lat' dir='ltr'><strong>qui</strong></span> 
     </span>
    </p>
   </div>
   <div class='ocr_carea' id='block_1_92' title="bbox 1877 4649 3460 4721">
    <p class='ocr_par' dir='ltr' id='par_1_92' title="bbox 1877 4649 3460 4721">
     <span class='ocr_line' id='line_1_92' title="bbox 1877 4649 3460 4721; baseline -0.001 -16"><span class='ocrx_word' id='word_1_641' title='bbox 1877 4657 2212 4721; x_wconf 87' lang='lat' dir='ltr'><strong>perpetuam</strong></span> <span class='ocrx_word' id='word_1_642' title='bbox 2263 4650 2319 4704; x_wconf 91' lang='lat' dir='ltr'><strong>in</strong></span> <span class='ocrx_word' id='word_1_643' title='bbox 2374 4650 2495 4720; x_wconf 89' lang='lat' dir='ltr'><strong>ipso</strong></span> <span class='ocrx_word' id='word_1_644' title='bbox 2519 4649 2624 4703; x_wconf 89' lang='lat' dir='ltr'><strong>sibi</strong></span> <span class='ocrx_word' id='word_1_645' title='bbox 2688 4658 3012 4720; x_wconf 83' lang='lat' dir='ltr'><strong>gratamque</strong></span> <span class='ocrx_word' id='word_1_646' title='bbox 3055 4649 3460 4705; x_wconf 87' lang='lat' dir='ltr'><strong>habitationem</strong></span> 
     </span>
    </p>
   </div>
   <div class='ocr_carea' id='block_1_93' title="bbox 192 4739 1788 4811">
    <p class='ocr_par' dir='ltr' id='par_1_93' title="bbox 192 4739 1788 4811">
     <span class='ocr_line' id='line_1_93' title="bbox 192 4739 1788 4811; baseline 0.001 -21"><span class='ocrx_word' id='word_1_647' title='bbox 192 4739 686 4793; x_wconf 78' lang='grc' dir='ltr'>ἐπαναπαύεσθαι·</span> <span class='ocrx_word' id='word_1_648' title='bbox 715 4741 912 4809; x_wconf 80' lang='grc' dir='ltr'>Ἔλεγε</span> <span class='ocrx_word' id='word_1_649' title='bbox 948 4741 1152 4805; x_wconf 81' lang='grc' dir='ltr'>τοίνυν,</span> <span class='ocrx_word' id='word_1_650' title='bbox 1200 4742 1323 4796; x_wconf 89' lang='grc' dir='ltr'><strong>Ὅτι</strong></span> <span class='ocrx_word' id='word_1_651' title='bbox 1374 4741 1788 4811; x_wconf 80' lang='grc' dir='ltr'>δημιουργήσας</span> 
     </span>
    </p>
   </div>
   <div class='ocr_carea' id='block_1_94' title="bbox 188 4828 1790 4899">
    <p class='ocr_par' dir='ltr' id='par_1_94' title="bbox 188 4828 1790 4899">
     <span class='ocr_line' id='line_1_94' title="bbox 188 4828 1790 4899; baseline 0.001 -20"><span class='ocrx_word' id='word_1_652' title='bbox 188 4828 245 4879; x_wconf 81' lang='grc' dir='ltr'><strong>έν</strong></span> <span class='ocrx_word' id='word_1_653' title='bbox 270 4830 415 4898; x_wconf 72' lang='grc' dir='ltr'><strong>ἀρχῇ</strong></span> <span class='ocrx_word' id='word_1_654' title='bbox 443 4828 537 4880; x_wconf 74' lang='grc' dir='ltr'><strong>τὸν</strong></span> <span class='ocrx_word' id='word_1_655' title='bbox 568 4828 1070 4898; x_wconf 72' lang='grc' dir='ltr'>ἄνθρωπονόθεὸς,</span> <span class='ocrx_word' id='word_1_656' title='bbox 1098 4828 1224 4883; x_wconf 84' lang='grc' dir='ltr'>νοῦν</span> <span class='ocrx_word' id='word_1_657' title='bbox 1254 4830 1314 4881; x_wconf 80' lang='grc' dir='ltr'><strong>έν</strong></span> <span class='ocrx_word' id='word_1_658' title='bbox 1346 4830 1495 4899; x_wconf 81' lang='grc' dir='ltr'>αὐτῷ</span> <span class='ocrx_word' id='word_1_659' title='bbox 1523 4828 1790 4896; x_wconf 85' lang='grc' dir='ltr'>κατέστη-</span> 
     </span>
    </p>
   </div>
   <div class='ocr_carea' id='block_1_95' title="bbox 189 4900 1787 4992">
    <p class='ocr_par' dir='ltr' id='par_1_95' title="bbox 189 4900 1787 4992">
     <span class='ocr_line' id='line_1_95' title="bbox 189 4900 1787 4992; baseline 0.001 -23"><span class='ocrx_word' id='word_1_660' title='bbox 189 4934 277 4972; x_wconf 87' lang='grc' dir='ltr'><strong>σεν</strong></span> <span class='ocrx_word' id='word_1_661' title='bbox 298 4921 404 4989; x_wconf 81' lang='grc' dir='ltr'>ὴγε</span> <span class='ocrx_word' id='word_1_662' title='bbox 414 4918 576 4990; x_wconf 83' lang='grc' dir='ltr'>μόνα,</span> <span class='ocrx_word' id='word_1_663' title='bbox 592 4919 932 4989; x_wconf 81' lang='grc' dir='ltr'>δοκιμαστὴν</span> <span class='ocrx_word' id='word_1_664' title='bbox 954 4919 1147 4990; x_wconf 83' lang='grc' dir='ltr'>ὥσπερ</span> <span class='ocrx_word' id='word_1_665' title='bbox 1167 4920 1261 4974; x_wconf 73' lang='grc' dir='ltr'>καὶ</span> <span class='ocrx_word' id='word_1_666' title='bbox 1273 4900 1545 4992; x_wconf 77' lang='grc' dir='ltr'>δικαστὴν</span> <span class='ocrx_word' id='word_1_667' title='bbox 1563 4918 1674 4972; x_wconf 88' lang='grc' dir='ltr'><strong>τῶν</strong></span> <span class='ocrx_word' id='word_1_668' title='bbox 1697 4920 1787 4987; x_wconf 73' lang='grc' dir='ltr'><strong>ἐγ·</strong></span> 
     </span>
    </p>
   </div>
   <div class='ocr_carea' id='block_1_96' title="bbox 188 5010 1782 5083">
    <p class='ocr_par' dir='ltr' id='par_1_96' title="bbox 188 5010 1782 5083">
     <span class='ocr_line' id='line_1_96' title="bbox 188 5010 1782 5083; baseline 0.001 -20"><span class='ocrx_word' id='word_1_669' title='bbox 188 5011 498 5082; x_wconf 83' lang='grc' dir='ltr'>γινομένων</span> <span class='ocrx_word' id='word_1_670' title='bbox 531 5013 665 5081; x_wconf 79' lang='grc' dir='ltr'>ἡμῖν</span> <span class='ocrx_word' id='word_1_671' title='bbox 712 5010 992 5083; x_wconf 81' lang='grc' dir='ltr'>λογισμῶν</span> <span class='ocrx_word' id='word_1_672' title='bbox 1038 5012 1261 5080; x_wconf 83' lang='grc' dir='ltr'>ἀγαθῶν</span> <span class='ocrx_word' id='word_1_673' title='bbox 1302 5029 1360 5065; x_wconf 88' lang='grc' dir='ltr'><strong>τε</strong></span> <span class='ocrx_word' id='word_1_674' title='bbox 1402 5012 1497 5066; x_wconf 75' lang='grc' dir='ltr'>καὶ</span> <span class='ocrx_word' id='word_1_675' title='bbox 1540 5011 1782 5081; x_wconf 68' lang='grc' dir='ltr'>φαύλων,</span> 
     </span>
    </p>
   </div>
   <div class='ocr_carea' id='block_1_97' title="bbox 84 5100 1784 5175">
    <p class='ocr_par' dir='ltr' id='par_1_97' title="bbox 84 5100 1784 5175">
     <span class='ocr_line' id='line_1_97' title="bbox 84 5100 1784 5175; baseline 0 -19"><span class='ocrx_word' id='word_1_676' title='bbox 84 5100 89 5103; x_wconf 72' lang='grc'><em>’</em></span> <span class='ocrx_word' id='word_1_677' title='bbox 187 5100 324 5156; x_wconf 77' lang='grc' dir='ltr'>ὥστε</span> <span class='ocrx_word' id='word_1_678' title='bbox 363 5102 543 5165; x_wconf 74' lang='grc' dir='ltr'>οὐδεὶς</span> <span class='ocrx_word' id='word_1_679' title='bbox 571 5102 800 5171; x_wconf 81' lang='grc' dir='ltr'>ἄγνοιαν</span> <span class='ocrx_word' id='word_1_680' title='bbox 833 5103 979 5174; x_wconf 76' lang='grc' dir='ltr'>ἔχειν</span> <span class='ocrx_word' id='word_1_681' title='bbox 1000 5102 1092 5158; x_wconf 76' lang='grc' dir='ltr'><strong>τοῦ</strong></span> <span class='ocrx_word' id='word_1_682' title='bbox 1116 5104 1282 5158; x_wconf 83' lang='grc' dir='ltr'>καλοῦ</span> <span class='ocrx_word' id='word_1_683' title='bbox 1306 5122 1365 5158; x_wconf 86' lang='grc' dir='ltr'><strong>τε</strong></span> <span class='ocrx_word' id='word_1_684' title='bbox 1393 5106 1485 5158; x_wconf 72' lang='grc' dir='ltr'>καὶ</span> <span class='ocrx_word' id='word_1_685' title='bbox 1509 5104 1586 5175; x_wconf 86' lang='grc' dir='ltr'>μὴ</span> <span class='ocrx_word' id='word_1_686' title='bbox 1606 5104 1784 5158; x_wconf 85' lang='grc' dir='ltr'>τοιού-</span> 
     </span>
    </p>
   </div>
   <div class='ocr_carea' id='block_1_98' title="bbox 190 5192 1780 5263">
    <p class='ocr_par' dir='ltr' id='par_1_98' title="bbox 190 5192 1780 5263">
     <span class='ocr_line' id='line_1_98' title="bbox 190 5192 1780 5263; baseline 0.002 -19"><span class='ocrx_word' id='word_1_687' title='bbox 190 5207 276 5245; x_wconf 86' lang='grc' dir='ltr'><strong>του</strong></span> <span class='ocrx_word' id='word_1_688' title='bbox 302 5193 489 5261; x_wconf 78' lang='grc' dir='ltr'>λέγειν</span> <span class='ocrx_word' id='word_1_689' title='bbox 511 5192 826 5263; x_wconf 86' lang='grc' dir='ltr'>δυνήσεται.</span> <span class='ocrx_word' id='word_1_690' title='bbox 853 5194 915 5247; x_wconf 77' lang='lat' dir='ltr'><strong>Ei</strong></span> <span class='ocrx_word' id='word_1_691' title='bbox 938 5194 1119 5248; x_wconf 78' lang='grc' dir='ltr'>τοίνυν</span> <span class='ocrx_word' id='word_1_692' title='bbox 1148 5194 1204 5247; x_wconf 89' lang='grc' dir='ltr'><strong>αί</strong></span> <span class='ocrx_word' id='word_1_693' title='bbox 1227 5194 1338 5246; x_wconf 87' lang='grc' dir='ltr'><strong>τῶν</strong></span> <span class='ocrx_word' id='word_1_694' title='bbox 1364 5193 1567 5263; x_wconf 78' lang='grc' dir='ltr'>ἡδονῶν</span> <span class='ocrx_word' id='word_1_695' title='bbox 1591 5192 1780 5247; x_wconf 78' lang='grc' dir='ltr'>ἐπιθυ-</span> 
     </span>
    </p>
   </div>
   <div class='ocr_carea' id='block_1_99' title="bbox 194 5282 1787 5355">
    <p class='ocr_par' dir='ltr' id='par_1_99' title="bbox 194 5282 1787 5355">
     <span class='ocr_line' id='line_1_99' title="bbox 194 5282 1787 5355; baseline 0.003 -21"><span class='ocrx_word' id='word_1_696' title='bbox 194 5282 307 5349; x_wconf 83' lang='grc' dir='ltr'>μίαι</span> <span class='ocrx_word' id='word_1_697' title='bbox 347 5283 755 5353; x_wconf 80' lang='grc' dir='ltr'>περιγένωνται</span> <span class='ocrx_word' id='word_1_698' title='bbox 796 5283 974 5354; x_wconf 77' lang='grc' dir='ltr'>ἡμῶν,</span> <span class='ocrx_word' id='word_1_699' title='bbox 998 5286 1090 5338; x_wconf 69' lang='grc' dir='ltr'><strong>καὶ</strong></span> <span class='ocrx_word' id='word_1_700' title='bbox 1123 5285 1214 5339; x_wconf 78' lang='grc' dir='ltr'>ὑπ’</span> <span class='ocrx_word' id='word_1_701' title='bbox 1246 5286 1427 5338; x_wconf 84' lang='grc' dir='ltr'>αὐτῶν</span> <span class='ocrx_word' id='word_1_702' title='bbox 1454 5284 1787 5355; x_wconf 76' lang='grc' dir='ltr'>αἰχμαλωτι-</span> 
     </span>
    </p>
   </div>
   <div class='ocr_carea' id='block_1_100' title="bbox 194 5374 1784 5448">
    <p class='ocr_par' dir='ltr' id='par_1_100' title="bbox 194 5374 1784 5448">
     <span class='ocr_line' id='line_1_100' title="bbox 194 5374 1784 5448; baseline 0.002 -22"><span class='ocrx_word' id='word_1_703' title='bbox 194 5374 425 5445; x_wconf 85' lang='grc' dir='ltr'>σθῶμεν,</span> <span class='ocrx_word' id='word_1_704' title='bbox 458 5379 555 5430; x_wconf 78' lang='grc' dir='ltr'>καὶ</span> <span class='ocrx_word' id='word_1_705' title='bbox 587 5376 664 5448; x_wconf 80' lang='grc' dir='ltr'>μὴ</span> <span class='ocrx_word' id='word_1_706' title='bbox 702 5378 908 5446; x_wconf 76' lang='grc' dir='ltr'>μᾶλλον</span> <span class='ocrx_word' id='word_1_707' title='bbox 936 5376 1204 5445; x_wconf 82' lang='grc' dir='ltr'>γενναίως</span> <span class='ocrx_word' id='word_1_708' title='bbox 1222 5375 1623 5447; x_wconf 82' lang='grc' dir='ltr'>ἀγωνισώμεθα</span> <span class='ocrx_word' id='word_1_709' title='bbox 1647 5376 1784 5447; x_wconf 81' lang='grc' dir='ltr'>πρὸς</span> 
     </span>
    </p>
   </div>
   <div class='ocr_carea' id='block_1_101' title="bbox 194 5466 1785 5542">
    <p class='ocr_par' dir='ltr' id='par_1_101' title="bbox 194 5466 1785 5542">
     <span class='ocr_line' id='line_1_101' title="bbox 194 5466 1785 5542; baseline 0.002 -24"><span class='ocrx_word' id='word_1_710' title='bbox 194 5466 376 5532; x_wconf 70' lang='grc' dir='ltr'>αὐτὰς,</span> <span class='ocrx_word' id='word_1_711' title='bbox 402 5468 543 5540; x_wconf 77' lang='grc' dir='ltr'>μηδὲ</span> <span class='ocrx_word' id='word_1_712' title='bbox 564 5469 795 5538; x_wconf 86' lang='grc' dir='ltr'>δυνάμει</span> <span class='ocrx_word' id='word_1_713' title='bbox 820 5471 885 5541; x_wconf 78' lang='grc' dir='ltr'>τῇ</span> <span class='ocrx_word' id='word_1_714' title='bbox 912 5471 1063 5542; x_wconf 80' lang='grc' dir='ltr'>πάσῃ</span> <span class='ocrx_word' id='word_1_715' title='bbox 1087 5469 1306 5541; x_wconf 87' lang='grc' dir='ltr'>στῶμεν</span> <span class='ocrx_word' id='word_1_716' title='bbox 1329 5469 1467 5540; x_wconf 81' lang='grc' dir='ltr'>πρὸς</span> <span class='ocrx_word' id='word_1_717' title='bbox 1485 5470 1584 5532; x_wconf 76' lang='grc' dir='ltr'>τὰς</span> <span class='ocrx_word' id='word_1_718' title='bbox 1600 5467 1785 5523; x_wconf 84' lang='grc' dir='ltr'>αὐτῶν</span> 
     </span>
    </p>
   </div>
   <div class='ocr_carea' id='block_1_102' title="bbox 196 5560 1785 5633">
    <p class='ocr_par' dir='ltr' id='par_1_102' title="bbox 196 5560 1785 5633">
     <span class='ocr_line' id='line_1_102' title="bbox 196 5560 1785 5633; baseline -0.001 -19"><span class='ocrx_word' id='word_1_719' title='bbox 196 5561 497 5632; x_wconf 74' lang='grc' dir='ltr'>προσϐολὰς</span> <span class='ocrx_word' id='word_1_720' title='bbox 521 5603 537 5629; x_wconf 94' lang='grc'><strong>,</strong></span> <span class='ocrx_word' id='word_1_721' title='bbox 578 5561 814 5632; x_wconf 77' lang='grc' dir='ltr'>ψεῦσται</span> <span class='ocrx_word' id='word_1_722' title='bbox 854 5563 1076 5627; x_wconf 79' lang='grc' dir='ltr'>πάντως</span> <span class='ocrx_word' id='word_1_723' title='bbox 1114 5562 1213 5633; x_wconf 84' lang='grc' dir='ltr'>τῆς</span> <span class='ocrx_word' id='word_1_724' title='bbox 1253 5562 1464 5617; x_wconf 79' lang='grc' dir='ltr'>ἑαυτῶν</span> <span class='ocrx_word' id='word_1_725' title='bbox 1492 5560 1785 5632; x_wconf 83' lang='grc' dir='ltr'>ὁμολογίας</span> 
     </span>
    </p>
   </div>
   <div class='ocr_carea' id='block_1_103' title="bbox 196 5652 1784 5727">
    <p class='ocr_par' dir='ltr' id='par_1_103' title="bbox 196 5652 1784 5727">
     <span class='ocr_line' id='line_1_103' title="bbox 196 5652 1784 5727; baseline 0.001 -21"><span class='ocrx_word' id='word_1_726' title='bbox 196 5652 485 5725; x_wconf 70' lang='grc' dir='ltr'>γινόμεθα,</span> <span class='ocrx_word' id='word_1_727' title='bbox 519 5655 593 5726; x_wconf 69' lang='grc' dir='ltr'>ἢν</span> <span class='ocrx_word' id='word_1_728' title='bbox 615 5655 695 5725; x_wconf 85' lang='grc' dir='ltr'>τῷ</span> <span class='ocrx_word' id='word_1_729' title='bbox 737 5654 962 5727; x_wconf 79' lang='grc' dir='ltr'>Χριστῷ</span> <span class='ocrx_word' id='word_1_730' title='bbox 1006 5655 1095 5711; x_wconf 83' lang='grc' dir='ltr'>διὰ</span> <span class='ocrx_word' id='word_1_731' title='bbox 1141 5654 1237 5709; x_wconf 76' lang='grc' dir='ltr'>τοῦ</span> <span class='ocrx_word' id='word_1_732' title='bbox 1274 5653 1654 5726; x_wconf 83' lang='grc' dir='ltr'>βαπτίσματος</span> <span class='ocrx_word' id='word_1_733' title='bbox 1687 5655 1784 5708; x_wconf 79' lang='grc' dir='ltr'>καὶ</span> 
     </span>
    </p>
   </div>
   <div class='ocr_carea' id='block_1_104' title="bbox 1878 4742 3461 4814">
    <p class='ocr_par' dir='ltr' id='par_1_104' title="bbox 1878 4742 3461 4814">
     <span class='ocr_line' id='line_1_104' title="bbox 1878 4742 3461 4814; baseline -0.002 -16"><span class='ocrx_word' id='word_1_734' title='bbox 1878 4744 2122 4814; x_wconf 77' lang='lat' dir='ltr'><strong>elegerat</strong></span> <span class='ocrx_word' id='word_1_735' title='bbox 2154 4743 2510 4812; x_wconf 84' lang='lat' dir='ltr'><strong>suaviterque</strong></span> <span class='ocrx_word' id='word_1_736' title='bbox 2576 4742 2986 4811; x_wconf 86' lang='lat' dir='ltr'><strong>requiescebat,</strong></span> <span class='ocrx_word' id='word_1_737' title='bbox 3020 4742 3298 4796; x_wconf 80' lang='lat' dir='ltr'><strong>‘elocutus</strong></span> <span class='ocrx_word' id='word_1_738' title='bbox 3326 4748 3411 4795; x_wconf 89' lang='lat' dir='ltr'><strong>est</strong></span> <span class='ocrx_word' id='word_1_739' title='bbox 3446 4759 3461 4807; x_wconf 89' lang='lat'><strong>;</strong></span> 
     </span>
    </p>
   </div>
   <div class='ocr_carea' id='block_1_105' title="bbox 1876 4832 3463 4901">
    <p class='ocr_par' dir='ltr' id='par_1_105' title="bbox 1876 4832 3463 4901">
     <span class='ocr_line' id='line_1_105' title="bbox 1876 4832 3463 4901; baseline -0.001 -14"><span class='ocrx_word' id='word_1_740' title='bbox 1876 4833 2143 4888; x_wconf 85' lang='lat' dir='ltr'><strong>videlicet</strong></span> <span class='ocrx_word' id='word_1_741' title='bbox 2171 4852 2184 4887; x_wconf 92' lang='lat'><strong>:</strong></span> <span class='ocrx_word' id='word_1_742' title='bbox 2212 4832 2392 4899; x_wconf 86' lang='lat' dir='ltr'><strong>Quod,</strong></span> <span class='ocrx_word' id='word_1_743' title='bbox 2431 4849 2556 4887; x_wconf 90' lang='lat' dir='ltr'><strong>cum</strong></span> <span class='ocrx_word' id='word_1_744' title='bbox 2585 4834 2727 4885; x_wconf 90' lang='lat' dir='ltr'><strong>Deus</strong></span> <span class='ocrx_word' id='word_1_745' title='bbox 2760 4833 2815 4884; x_wconf 93' lang='lat' dir='ltr'><strong>in</strong></span> <span class='ocrx_word' id='word_1_746' title='bbox 2885 4832 3163 4901; x_wconf 78' lang='lat' dir='ltr'><strong>principio</strong></span> <span class='ocrx_word' id='word_1_747' title='bbox 3197 4833 3463 4886; x_wconf 90' lang='lat' dir='ltr'><strong>conderet</strong></span> 
     </span>
    </p>
   </div>
   <div class='ocr_carea' id='block_1_106' title="bbox 1879 4922 3463 4988">
    <p class='ocr_par' dir='ltr' id='par_1_106' title="bbox 1879 4922 3463 4988">
     <span class='ocr_line' id='line_1_106' title="bbox 1879 4922 3463 4988; baseline 0 -13"><span class='ocrx_word' id='word_1_748' title='bbox 1879 4922 2188 4988; x_wconf 90' lang='lat' dir='ltr'><strong>hominem,</strong></span> <span class='ocrx_word' id='word_1_749' title='bbox 2256 4931 2499 4977; x_wconf 91' lang='lat' dir='ltr'><strong>mentem</strong></span> <span class='ocrx_word' id='word_1_750' title='bbox 2530 4922 2581 4976; x_wconf 92' lang='lat' dir='ltr'><strong>ei</strong></span> <span class='ocrx_word' id='word_1_751' title='bbox 2619 4922 2841 4986; x_wconf 90' lang='lat' dir='ltr'><strong>ducem,</strong></span> <span class='ocrx_word' id='word_1_752' title='bbox 2876 4922 3173 4987; x_wconf 88' lang='lat' dir='ltr'><strong>arbitrum,</strong></span> <span class='ocrx_word' id='word_1_753' title='bbox 3204 4938 3268 4977; x_wconf 91' lang='lat' dir='ltr'><strong>ac</strong></span> <span class='ocrx_word' id='word_1_754' title='bbox 3308 4922 3463 4976; x_wconf 86' lang='lat' dir='ltr'><strong>velut</strong></span> 
     </span>
    </p>
   </div>
   <div class='ocr_carea' id='block_1_107' title="bbox 1874 5012 3467 5084">
    <p class='ocr_par' dir='ltr' id='par_1_107' title="bbox 1874 5012 3467 5084">
     <span class='ocr_line' id='line_1_107' title="bbox 1874 5012 3467 5084; baseline -0.001 -17"><span class='ocrx_word' id='word_1_755' title='bbox 1874 5013 2123 5084; x_wconf 71' lang='lat' dir='ltr'><strong>iudicem</strong></span> <span class='ocrx_word' id='word_1_756' title='bbox 2141 5013 2542 5083; x_wconf 84' lang='lat' dir='ltr'><strong>cogitationum</strong></span> <span class='ocrx_word' id='word_1_757' title='bbox 2573 5012 2843 5066; x_wconf 90' lang='lat' dir='ltr'><strong>bonarum</strong></span> <span class='ocrx_word' id='word_1_758' title='bbox 2875 5013 3254 5082; x_wconf 88' lang='lat' dir='ltr'><strong>malarumque</strong></span> <span class='ocrx_word' id='word_1_759' title='bbox 3322 5012 3467 5068; x_wconf 85' lang='lat' dir='ltr'><strong>iudi-</strong></span> 
     </span>
    </p>
   </div>
   <div class='ocr_carea' id='block_1_108' title="bbox 1881 5103 3464 5174">
    <p class='ocr_par' dir='ltr' id='par_1_108' title="bbox 1881 5103 3464 5174">
     <span class='ocr_line' id='line_1_108' title="bbox 1881 5103 3464 5174; baseline -0.001 -15"><span class='ocrx_word' id='word_1_760' title='bbox 1881 5104 2047 5167; x_wconf 88' lang='lat' dir='ltr'><strong>derit,</strong></span> <span class='ocrx_word' id='word_1_761' title='bbox 2084 5112 2146 5157; x_wconf 91' lang='lat' dir='ltr'><strong>ut</strong></span> <span class='ocrx_word' id='word_1_762' title='bbox 2179 5119 2248 5158; x_wconf 86' lang='lat' dir='ltr'><strong>ne</strong></span> <span class='ocrx_word' id='word_1_763' title='bbox 2278 5105 2406 5173; x_wconf 89' lang='lat' dir='ltr'><strong>quis</strong></span> <span class='ocrx_word' id='word_1_764' title='bbox 2434 5103 2805 5173; x_wconf 80' lang='lat' dir='ltr'><strong>ignorantiam</strong></span> <span class='ocrx_word' id='word_1_765' title='bbox 2832 5104 3059 5159; x_wconf 87' lang='lat' dir='ltr'><strong>virtutis</strong></span> <span class='ocrx_word' id='word_1_766' title='bbox 3080 5104 3464 5174; x_wconf 90' lang='lat' dir='ltr'><strong>vitiorumque</strong></span> 
     </span>
    </p>
   </div>
   <div class='ocr_carea' id='block_1_109' title="bbox 1880 5190 3466 5263">
    <p class='ocr_par' dir='ltr' id='par_1_109' title="bbox 1880 5190 3466 5263">
     <span class='ocr_line' id='line_1_109' title="bbox 1880 5190 3466 5263; baseline -0.003 -16"><span class='ocrx_word' id='word_1_767' title='bbox 1880 5201 2069 5263; x_wconf 91' lang='lat' dir='ltr'><strong>posset</strong></span> <span class='ocrx_word' id='word_1_768' title='bbox 2102 5191 2469 5263; x_wconf 74' lang='lat' dir='ltr'><strong>pnrtendere.</strong></span> <span class='ocrx_word' id='word_1_769' title='bbox 2509 5191 2564 5245; x_wconf 90' lang='lat' dir='ltr'><strong>Si</strong></span> <span class='ocrx_word' id='word_1_770' title='bbox 2592 5206 2714 5261; x_wconf 68' lang='lat' dir='ltr'><strong>qua:</strong></span> <span class='ocrx_word' id='word_1_771' title='bbox 2758 5191 2927 5261; x_wconf 77' lang='lat' dir='ltr'><strong>igitur</strong></span> <span class='ocrx_word' id='word_1_772' title='bbox 2984 5206 3152 5262; x_wconf 89' lang='lat' dir='ltr'><strong>prava</strong></span> <span class='ocrx_word' id='word_1_773' title='bbox 3210 5190 3466 5260; x_wconf 85' lang='lat' dir='ltr'><strong>volupta-</strong></span> 
     </span>
    </p>
   </div>
   <div class='ocr_carea' id='block_1_110' title="bbox 1886 5280 3466 5353">
    <p class='ocr_par' dir='ltr' id='par_1_110' title="bbox 1886 5280 3466 5353">
     <span class='ocr_line' id='line_1_110' title="bbox 1886 5280 3466 5353; baseline -0.003 -17"><span class='ocrx_word' id='word_1_774' title='bbox 1886 5290 1999 5337; x_wconf 92' lang='lat' dir='ltr'><strong>tum</strong></span> <span class='ocrx_word' id='word_1_775' title='bbox 2025 5282 2302 5337; x_wconf 88' lang='lat' dir='ltr'><strong>desideria</strong></span> <span class='ocrx_word' id='word_1_776' title='bbox 2329 5296 2433 5337; x_wconf 89' lang='lat' dir='ltr'><strong>nos</strong></span> <span class='ocrx_word' id='word_1_777' title='bbox 2483 5281 2768 5347; x_wconf 88' lang='lat' dir='ltr'><strong>invadant,</strong></span> <span class='ocrx_word' id='word_1_778' title='bbox 2826 5281 3005 5353; x_wconf 86' lang='lat' dir='ltr'><strong>iisque</strong></span> <span class='ocrx_word' id='word_1_779' title='bbox 3057 5280 3466 5351; x_wconf 90' lang='lat' dir='ltr'><strong>quodammodo</strong></span> 
     </span>
    </p>
   </div>
   <div class='ocr_carea' id='block_1_111' title="bbox 1884 5372 3469 5445">
    <p class='ocr_par' dir='ltr' id='par_1_111' title="bbox 1884 5372 3469 5445">
     <span class='ocr_line' id='line_1_111' title="bbox 1884 5372 3469 5445; baseline -0.003 -15"><span class='ocrx_word' id='word_1_780' title='bbox 1884 5374 2086 5445; x_wconf 81' lang='lat' dir='ltr'><strong>captivi</strong></span> <span class='ocrx_word' id='word_1_781' title='bbox 2124 5381 2434 5440; x_wconf 88' lang='lat' dir='ltr'><strong>teneamur,</strong></span> <span class='ocrx_word' id='word_1_782' title='bbox 2483 5383 2541 5429; x_wconf 92' lang='lat' dir='ltr'><strong>et</strong></span> <span class='ocrx_word' id='word_1_783' title='bbox 2592 5389 2703 5428; x_wconf 90' lang='lat' dir='ltr'><strong>non</strong></span> <span class='ocrx_word' id='word_1_784' title='bbox 2767 5374 3008 5429; x_wconf 84' lang='lat' dir='ltr'><strong>viriliter</strong></span> <span class='ocrx_word' id='word_1_785' title='bbox 3038 5372 3240 5444; x_wconf 87' lang='lat' dir='ltr'><strong>pedem</strong></span> <span class='ocrx_word' id='word_1_786' title='bbox 3276 5372 3469 5428; x_wconf 81' lang='lat' dir='ltr'><strong>confe-</strong></span> 
     </span>
    </p>
   </div>
   <div class='ocr_carea' id='block_1_112' title="bbox 1884 5463 3467 5535">
    <p class='ocr_par' dir='ltr' id='par_1_112' title="bbox 1884 5463 3467 5535">
     <span class='ocr_line' id='line_1_112' title="bbox 1884 5463 3467 5535; baseline -0.003 -13"><span class='ocrx_word' id='word_1_787' title='bbox 1884 5482 2094 5532; x_wconf 86' lang='lat' dir='ltr'><strong>ramus,</strong></span> <span class='ocrx_word' id='word_1_788' title='bbox 2116 5481 2220 5522; x_wconf 92' lang='lat' dir='ltr'><strong>nec</strong></span> <span class='ocrx_word' id='word_1_789' title='bbox 2240 5475 2355 5521; x_wconf 90' lang='lat' dir='ltr'><strong>tota</strong></span> <span class='ocrx_word' id='word_1_790' title='bbox 2378 5466 2585 5522; x_wconf 85' lang='lat' dir='ltr'><strong>virtute</strong></span> <span class='ocrx_word' id='word_1_791' title='bbox 2605 5465 2995 5522; x_wconf 87' lang='lat' dir='ltr'><strong>invadentium</strong></span> <span class='ocrx_word' id='word_1_792' title='bbox 3020 5465 3262 5521; x_wconf 88' lang='lat' dir='ltr'><strong>insultus</strong></span> <span class='ocrx_word' id='word_1_793' title='bbox 3286 5463 3467 5535; x_wconf 86' lang='lat' dir='ltr'><strong>repri-</strong></span> 
     </span>
    </p>
   </div>
   <div class='ocr_carea' id='block_1_113' title="bbox 1882 5556 3466 5630">
    <p class='ocr_par' dir='ltr' id='par_1_113' title="bbox 1882 5556 3466 5630">
     <span class='ocr_line' id='line_1_113' title="bbox 1882 5556 3466 5630; baseline -0.004 -14"><span class='ocrx_word' id='word_1_794' title='bbox 1882 5572 2142 5624; x_wconf 86' lang='lat' dir='ltr'><strong>mamus;</strong></span> <span class='ocrx_word' id='word_1_795' title='bbox 2175 5557 2340 5613; x_wconf 78' lang='lat' dir='ltr'><strong>fallax</strong></span> <span class='ocrx_word' id='word_1_796' title='bbox 2372 5566 2539 5630; x_wconf 89' lang='lat' dir='ltr'><strong>atque</strong></span> <span class='ocrx_word' id='word_1_797' title='bbox 2578 5558 2817 5614; x_wconf 83' lang='lat' dir='ltr'><strong>mendax</strong></span> <span class='ocrx_word' id='word_1_798' title='bbox 2841 5566 2926 5614; x_wconf 89' lang='lat' dir='ltr'><strong>est</strong></span> <span class='ocrx_word' id='word_1_799' title='bbox 2959 5556 3233 5630; x_wconf 78' lang='lat' dir='ltr'><strong>professio</strong></span> <span class='ocrx_word' id='word_1_800' title='bbox 3256 5564 3466 5621; x_wconf 85' lang='lat' dir='ltr'><strong>nostra,</strong></span> 
     </span>
    </p>
   </div>
   <div class='ocr_carea' id='block_1_114' title="bbox 1885 5649 3471 5725">
    <p class='ocr_par' dir='ltr' id='par_1_114' title="bbox 1885 5649 3471 5725">
     <span class='ocr_line' id='line_1_114' title="bbox 1885 5649 3471 5725; baseline -0.003 -17"><span class='ocrx_word' id='word_1_801' title='bbox 1885 5666 2053 5724; x_wconf 83' lang='lat' dir='ltr'><strong>quam</strong></span> <span class='ocrx_word' id='word_1_802' title='bbox 2082 5649 2307 5707; x_wconf 87' lang='lat' dir='ltr'><strong>Christo</strong></span> <span class='ocrx_word' id='word_1_803' title='bbox 2342 5659 2458 5707; x_wconf 84' lang='lat' dir='ltr'><strong>tum</strong></span> <span class='ocrx_word' id='word_1_804' title='bbox 2492 5667 2594 5723; x_wconf 87' lang='lat' dir='ltr'><strong>per</strong></span> <span class='ocrx_word' id='word_1_805' title='bbox 2622 5652 2984 5725; x_wconf 86' lang='lat' dir='ltr'><strong>baptismum,</strong></span> <span class='ocrx_word' id='word_1_806' title='bbox 3038 5661 3155 5707; x_wconf 89' lang='lat' dir='ltr'><strong>tum</strong></span> <span class='ocrx_word' id='word_1_807' title='bbox 3215 5666 3315 5722; x_wconf 81' lang='lat' dir='ltr'><strong>per</strong></span> <span class='ocrx_word' id='word_1_808' title='bbox 3340 5664 3471 5706; x_wconf 76' lang='lat' dir='ltr'><strong>sus-</strong></span> 
     </span>
    </p>
   </div>
  </div>
