3898 6450
501 291 637 362 3011

1693 290 1753 347 s.
1792 289 2169 351 SYMEONIS
2205 276 2556 352 JUNIORIS

3612 305 3750 369 301?.

501 407 813 478 captionem
845 402 1134 458 monastici
1168 402 1336 469 hujus
1359 400 1585 454 habitus
1632 410 1817 453 coram
1876 400 2070 453 electis

2187 399 2270 450 τοῦ
2307 396 2595 468 μοναδικοῦ
2628 395 2779 449 τοῦδε
2834 396 3134 465 σχήματος,
3161 395 3395 453 ἐνώπιον
3424 402 3533 457 τῶν
3561 408 3753 466 sxta-

504 499 602 553 Dei
624 497 834 566 angelis
856 495 1109 549 fecimus.
1144 492 1347 547 Fateor
1397 489 1622 560 quidem
1658 508 1689 545 a
1740 502 1939 544 natura
1989 490 2075 543 in-

482 562 747 659 ‘genitam
799 586 958 639 nobis
1010 584 1517 653 concupiscentiam
1574 598 1694 637 esse
1723 600 1734 635 :
1767 583 1894 652 quis
1925 582 2072 635 enim

506 692 707 747 negare
747 683 913 732 uueat
969 690 1027 728 se
1075 673 1516 743 concupiscere?
1565 675 1661 727 sed
1722 687 1751 725 a
1811 672 2075 740 concupi-

504 769 731 823 scentiis
758 782 864 821 non
890 765 1163 835 superari.
1224 764 1280 818 id
1334 764 1565 818 rationis
1627 762 2077 832 prazdominantis

507 874 646 928 opus
690 867 796 921 est,
860 866 1217 926 nostramque
1289 856 1344 909 in
1397 856 1598 909 malum
1646 854 2075 924 propensionem

506 950 654 1002 velut
704 949 861 1002 freno
890 947 1346 1017 constringentis.
1405 945 1673 999 Similiter
1705 954 1760 997 et
1784 945 1988 1013 gulam,
2020 951 2077 998 et

504 1056 749 1094 amorem
777 1040 1082 1109 proprium,
1151 1050 1208 1094 ct
1257 1040 1622 1103 iracundiam,
1676 1046 1731 1092 et
1783 1037 2073 1099 invidiam,

502 1140 559 1184 et
589 1132 633 1185 si
675 1146 795 1200 quze
831 1129 933 1185 alia
975 1129 1314 1201 perturbatio
1336 1128 1501 1185 animi
1526 1136 1632 1195 est,
1659 1142 1783 1183 cum
1823 1127 2075 1196 opposita

506 1234 781 1288 quamque
816 1220 1023 1273 virtute
1077 1232 1435 1286 comparare,
1465 1224 1522 1270 et
1550 1215 1621 1269 ab
1651 1229 1716 1269 ea
1761 1214 2077 1269 discernere

500 1310 714 1380 judicio
734 1311 983 1365 valemus
1010 1326 1025 1375 ;
1058 1309 1249 1378 sicque
1274 1323 1340 1361 ex
1363 1308 1534 1362 altera
1559 1314 1716 1376 parte
1738 1305 1885 1376 quod
1906 1306 2079 1375 magis

506 1418 633 1457 cum
665 1403 942 1472 probitate
987 1402 1346 1470 conjunctum
1388 1405 1494 1462 est,
1541 1399 1782 1468 eligere;
1835 1396 1985 1467 quod
2008 1396 2078 1451 ab

504 1510 572 1549 ea
599 1496 859 1555 alienum,
894 1493 1209 1562 reprobare.
1238 1492 1451 1545 Etenim
1484 1490 1751 1544 Dominus
1790 1490 1937 1544 Deus
1973 1504 2079 1543 no-

508 1594 623 1639 ster
651 1585 789 1638 duas
818 1584 979 1637 nobis
1010 1583 1236 1636 semitas
1264 1580 1766 1645 ostentlit,alteram
1789 1586 2076 1650 angustam

468 1710 473 1713 -
505 1685 565 1730 et
598 1676 772 1745 spinis
807 1689 1185 1730 aerumnarum
1243 1674 1502 1737 obsitam,
1557 1684 1681 1741 quae
1727 1687 1828 1741 per
1856 1687 1915 1726 se
1958 1685 2079 1742 gra—
2115 1718 2131 1745 λ

507 1766 727 1819 dientes
773 1764 927 1818 ducit
977 1764 1043 1818 ad
1082 1765 1251 1818 vitam
1281 1783 1292 1816 :
1322 1763 1552 1818 alteram
1602 1778 1736 1818 vero
1792 1773 2077 1832 patentem

505 1857 829 1925 laxumque,
874 1856 1031 1925 cujus
1057 1856 1323 1909 terminus
1366 1854 1689 1909 barathrum
1728 1853 2077 1923 perditionis.

506 1948 701 2017 igitur,
728 1947 949 2009 fratres,
989 1946 1146 2000 nobis
1177 1945 1285 2014 ipsi
1322 1946 1429 1998 vim
1488 1944 1815 2010 inferamus,
1876 1954 1939 1999 ut
1989 1960 2080 2000 ra-

506 2040 725 2109 piamus
774 2038 922 2107 quod
982 2036 1094 2091 vim
1148 2039 1360 2105 patitur
1402 2050 1633 2105 regnum
1683 2036 1804 2101 Dei,
1859 2037 1952 2106 qui
1981 2052 2082 2092 nos

505 2144 701 2182 omnes
738 2136 1174 2182 conservaturus
1224 2137 1309 2180 est
1366 2124 1436 2179 ad
1488 2124 1720 2190 gloriam
1778 2126 2081 2195 majestatis

506 2235 639 2273 sua}.
672 2220 869 2271 Amen.

576 2310 665 2363 28.
701 2311 895 2363 lstlnec
931 2308 1154 2378 quidem
1188 2308 1657 2364 commemorabat
1695 2308 1957 2379 Symeon.
2013 2314 2082 2363 At

504 2396 743 2452 Joannes
776 2411 882 2450 non
908 2396 1197 2467 Symeonis
1226 2396 1339 2462 illa,
1380 2397 1476 2451 sed
1503 2398 1838 2452 sanctissimi
1864 2400 2082 2453 arcani-

503 2504 613 2558 que
651 2488 908 2557 Spiritus.
943 2504 1106 2558 quem
1132 2497 1188 2542 et
1220 2489 1394 2557 ipsius
1425 2504 1521 2543 ore
1542 2490 1832 2557 perspicue
1855 2491 2083 2559 loquen-

510 2584 616 2628 tem
665 2574 898 2638 viderat,
922 2588 1042 2628 esse
1066 2573 1230 2627 verba
1250 2574 1622 2627 asseverabat.
1642 2575 1902 2643 Ephraim
1926 2592 2078 2641 vero,

505 2664 601 2732 qui
631 2678 730 2732 per
760 2662 814 2717 id
846 2663 1107 2732 temporis
1148 2678 1358 2733 magna:
1397 2662 1517 2717 urbi
1549 2662 1855 2719 Antiochia
1894 2667 2083 2735 praesi-

503 2751 673 2807 debat
710 2752 1185 2821 archiepiscopus,
1212 2752 1279 2806 de
1311 2760 1629 2805 sanctorum
1659 2753 1875 2808 illorum
1902 2755 2082 2809 standi

501 2841 927 2906 consuetudine,
945 2848 1001 2894 et
1014 2840 1293 2909 praecipue
1315 2838 1624 2910 Symeonis,
1645 2841 1822 2911 deque
1863 2852 2082 2898 austero

504 2932 672 3003 hujus
724 2924 1121 3001 laboriosoque
1171 2931 1467 2986 admodum
1526 2932 1651 2988 vitae
1709 2934 1980 3001 instituto,
2026 2946 2084 2991 et

502 3024 931 3093 conversatione
971 3023 1196 3077 sublimi
1226 3039 1292 3078 ac
1316 3031 1586 3094 perpetuo
1619 3041 1742 3080 cum
1783 3027 2081 3082 certamine

503 3116 799 3186 conjuncta
835 3116 1039 3171 certior
1065 3116 1266 3180 factus,
1300 3116 1415 3185 ipse
1469 3117 1569 3170 via:
1597 3132 1655 3171 se
1689 3118 1860 3184 dedit,
1895 3134 2080 3173 coram

505 3215 783 3273 spectator
849 3206 1088 3261 futurus.
1179 3204 1430 3274 Cumque
1501 3206 1733 3262 vidisset
1803 3210 2082 3278 quomodo

504 3297 727 3353 Christo
754 3298 1052 3353 crucifixus
1078 3298 1311 3368 Symeon
1345 3297 1401 3350 in
1435 3297 1529 3351 illo
1551 3297 1727 3352 aetatis
1755 3297 1886 3352 ﬂore
1914 3306 2081 3363 esset;

506 3388 699 3443 oculos
729 3388 946 3444 illorum
982 3405 1103 3458 quae
1134 3389 1290 3458 prius
1314 3388 1566 3442 audierat
1592 3404 1742 3443 nunc
1777 3397 1944 3443 testes
1987 3405 2085 3442 na-

499 3488 651 3547 ,Ctus,
689 3480 860 3534 Deum
891 3481 1055 3549 pleno
1098 3494 1195 3533 ore
1233 3479 1636 3549 magniﬁcabat,
1686 3480 2083 3534 confitebatur-

507 3584 615 3638 que
666 3585 774 3624 non
819 3570 1004 3625 minus
1054 3571 1314 3640 laerymis
1360 3586 1524 3640 quam
1576 3570 1762 3625 verbis
1803 3587 1817 3623 :
1854 3585 2084 3643 quaeque

508 3660 766 3728 praesenti
802 3659 1069 3713 miraculo
1096 3659 1337 3723 fuerant,
1369 3660 1438 3714 ad
1480 3675 1579 3715 sua
1611 3660 1911 3714 revertenti
1940 3674 2085 3712 nun-

505 3765 670 3820 quam
710 3765 821 3803 nou
866 3749 921 3803 in
972 3766 1071 3805 ore
1109 3751 1493 3805 versabantur.

574 3841 664 3897 29.
703 3841 843 3907 Quid
890 3856 1058 3911 porro
1089 3841 1369 3911 Symeon?
1408 3837 1881 3907 Quemadmodum
1931 3854 2086 3895 amo-

510 3931 587 3984 ris
611 3930 698 3984 sui
722 3930 779 3984 in
796 3928 1081 3985 Christum
1109 3931 1312 4001 ignem,
1344 3930 1454 3983 alio
1482 3945 1701 3999 semper
1722 3931 1940 4000 alioque
1965 3930 2088 3998 igne

509 4020 744 4091 adjecto,
775 4022 945 4091 magis
977 4024 1317 4077 succendere
1345 4021 1600 4090 cupidus,
1643 4021 1791 4074 nulla
1832 4020 2088 4090 gravissi-

512 4126 728 4163 morum
783 4113 1129 4166 cruciatuum
1157 4112 1410 4166 satietate
1439 4111 1785 4180 capiebatur,
1809 4110 1953 4179 petit
1988 4110 2088 4164 ali-

510 4200 732 4269 quando
759 4201 829 4255 ab
876 4201 1072 4271 aliquo
1104 4196 1167 4257 se
1216 4202 1488 4255 invisente
1535 4200 1742 4263 funem,
1776 4209 2089 4270 acceptum-

509 4306 619 4360 que
649 4290 856 4346 circum
902 4308 1104 4361 corpus
1153 4291 1434 4345 convolvit
1491 4288 1931 4357 constringitque
1978 4297 2086 4343 tam

2174 488 2284 541 τῶν
2315 488 2564 556 ἀγγέλων
2589 530 2602 552 ,
2635 485 3086 557 ὡμολογήσαμεν.
3132 486 3297 540 Φύσει
3350 492 3466 559 μὲν
3496 497 3605 568 γὰρ
3658 503 3749 555 τοδ

2177 580 2576 651 ἐπιθυμητικοῦ
2616 579 2906 649 προσόντος
2944 572 3097 649 ἡμῖν,
3124 577 3300 643 οὐδεὶς
3327 582 3619 655 ἐπιθυμεῖν
3664 594 3751 661 ἀρ.

2178 672 2447 743 νήσασθαι
2492 672 2716 725 δύναται
2741 686 2754 701 ο
2782 669 2844 723 τὸ
2883 669 2938 722 δὲ
2989 667 3065 739 μὴ
3117 668 3225 720 τῶν
3264 671 3576 743 ἐπιθυμιῶν
3603 680 3753 747 qua-

2181 768 2328 825 σθαι,
2360 766 2454 819 τοῦ
2491 764 2914 836 ἐπικρατοῦντός
2953 764 3070 816 ἐστι
3099 762 3388 832 λογισμοῦ,
3426 769 3528 836 τὴν
3553 771 3746 838 ἡμετέ-

2182 876 2281 929 ραν
2320 859 2411 911 ἐπὶ
2451 858 2518 909 τὰ
2558 858 2725 927 χείρω
2761 854 2932 925 ῥοπὴν
2965 853 3329 922 ἀνείργοντος.
3354 858 3751 928 Παραπλησίως

2177 949 2233 1001 δὲ
2262 949 2356 1001 καὶ
2388 946 2851 1018 γαστριμαργίαν,
2870 944 2964 996 καὶ
2988 943 3273 1011 φιλαυτίαν
3298 948 3393 995 καὶ
3440 946 3634 1016 θυμὸν,
3662 954 3751 1003 καὶ

2180 1041 2396 1108 φθόνον,
2425 1041 2516 1091 καὶ
2546 1038 2598 1090 εί
2623 1056 2674 1089 τι
2702 1037 2829 1090 ἄλλο
2861 1037 3038 1107 ψυχῆς
3080 1036 3271 1098 πάθος.
3310 1036 3387 1106 τῷ
3423 1034 3573 1108 αὐτῷ
3607 1041 3748 1109 λογι-

2182 1130 2304 1200 σμῷ
2338 1130 2471 1199 πρὸς
2502 1128 2599 1199 τὴν
2629 1128 3012 1196 ἀντικειμένην
3050 1126 3279 1179 ἕκαστον
3326 1127 3530 1198 ἀρετὴν
3582 1148 3750 1200 παρα.

2179 1222 2389 1273 τιθέναι
2414 1221 2507 1272 καὶ
2540 1220 2747 1288 κρίνειν
2769 1217 3074 1286 δυνάμεθα,
3105 1217 3202 1269 καὶ
3229 1215 3410 1280 οὕτως
3445 1220 3510 1271 ἐκ
3543 1223 3748 1290 παραλ-

2180 1312 2346 1382 λήλου
2376 1315 2437 1364 τὸ
2481 1311 2686 1381 βέλτιον
2732 1309 3024 1379 αἱρεῖσθαι,
3060 1307 3122 1360 τὸ
3151 1306 3357 1375 φαῦλον
3400 1307 3748 1380 διακρουόμε-

2180 1422 2284 1459 νοι.
2321 1405 2475 1458 Ἐπεὶ
2511 1405 2606 1457 καὶ
2642 1405 2669 1456 ὁ
2697 1402 2902 1471 Κύριος
2940 1400 3096 1470 ἡμῶν
3138 1400 3233 1452 καὶ
3263 1398 3398 1462 Θεὸς
3416 1396 3513 1452 δύο
3538 1401 3747 1471 τρίϐους

2180 1494 2313 1564 ἡμῖν
2340 1494 2708 1554 ὑποδείκνυσι,
2737 1493 2835 1563 τὴν
2874 1494 2973 1561 μὲν
3007 1490 3196 1559 στενὴν
3236 1491 3332 1543 καὶ
3362 1490 3743 1559 τεθλιμμένην,

2181 1585 2303 1653 ἥτις
2336 1576 2539 1650 ἀπάγει
2569 1583 2704 1652 πρὸς
2752 1582 2852 1651 τὴν
2898 1580 3044 1648 ζωὴν
3072 1579 3198 1641 τοὺς
3239 1576 3309 1631 δι’
3340 1578 3514 1647 αὐτῆς
3551 1578 3745 1630 ὁδεύονο

2181 1693 2301 1739 τας,
2333 1677 2432 1744 τὴν
2462 1676 2517 1728 δέ
2550 1675 2815 1727 πλατεῖαν
2845 1673 2939 1725 καὶ
2970 1671 3177 1733 ἄνετον,
3209 1668 3334 1739 ἥτις
3361 1670 3451 1722 ἐπ’
3479 1670 3608 1722 αὐτὸ
3656 1670 3744 1736 φέ-

2186 1784 2268 1839 ρει
2291 1767 2390 1834 τῆς
2414 1764 2689 1825 ἀπωλείας
2706 1763 2766 1816 τὸ
2792 1763 3083 1833 βάραθρον.
3111 1757 3446 1828 Βιασώμεθα
3469 1757 3745 1828 τοιγαροῦν

2184 1861 2431 1922 ἑαυτοὺς,
2465 1857 2704 1927 ἀδελφοὶ,
2739 1850 2826 1909 ἴνα
2856 1856 2948 1907 καὶ
2994 1853 3092 1922 τὴν
3150 1848 3384 1923 βιαστῆν
3417 1851 3743 1920 ἁρπάσωμεν

2182 1950 2275 2003 τοῦ
2317 1948 2452 2002 Θεοῦ
2511 1948 2808 2017 βασιλείαν,
2855 1944 2914 2010 ὃς
2969 1945 3192 2013 φυλάξει
3244 1944 3453 2005 πάντας
3493 1941 3633 2011 qui;
3674 1939 3745 1999 είς

2184 2040 2340 2106 δόξαν
2381 2040 2477 2109 τῆς
2510 2039 2674 2092 αὐτοῦ
2709 2037 3117 2109 μεγαλωσύνης.
3165 2035 3363 2105 ’Λμήν.

2257 2313 2361 2376 κη’.
2404 2304 2461 2358 Ὀ
2494 2303 2590 2374 μὲν
2620 2302 2713 2357 οὖν
2765 2302 2989 2373 Συμεὼν
3022 2296 3193 2354 ταῦτα
3257 2296 3390 2369 πρὸς
3437 2294 3628 2359 αὐτοὺς
3673 2295 3739 2349 δι-

2185 2396 2361 2466 εξῄει·
2399 2396 2428 2447 ὁ
2473 2394 2528 2446 δὲ
2570 2391 2819 2461 Ἰωάννης
2847 2391 2946 2444 οὐκ
2971 2390 3180 2442 ἐκείνου
3228 2389 3300 2440 τὰ
3328 2387 3544 2457 ῥήματα
3572 2385 3737 2450 ἔλεγεν

2185 2481 2343 2548 εἶναι,
2369 2481 2504 2536 ἀλλὰ
2528 2481 2623 2535 τοῦ
2652 2479 2916 2547 παναγίου
2940 2478 3032 2531 καὶ
3052 2475 3399 2530 τελειωτικοῦ
3424 2473 3737 2541 Πνεῦματος,

2182 2574 2219 2629 ἃ
2257 2575 2352 2627 καὶ
2387 2574 2456 2627 δι’
2484 2571 2650 2625 αὑτοῦ
2696 2569 2884 2639 σαφῶς
2920 2569 3038 2639 ᾔδει
3072 2567 3463 2638 φθεγγόμενον.
3516 2563 3740 2631 Ἐφραὶμ

2182 2667 2258 2732 δὲ,
2312 2668 2341 2718 ὁ
2384 2667 2504 2718 κατ’
2546 2667 2720 2717 ἐκεῖνο
2758 2660 2949 2731 καιροῦ
2987 2660 3085 2730 τῆς
3109 2658 3524 2729 μεγαλοπόλεως
3561 2657 3740 2707 Ἀντιο·

2184 2757 2339 2827 χείας
2369 2755 2797 2827 ἁρχιεπίσκοπος
2821 2792 2836 2816 ,
2870 2754 2998 2823 περὶ
3027 2748 3126 2821 τῆς
3162 2751 3410 2812 στάσεως
3452 2746 3559 2799 τῶν
3595 2744 3740 2798 ὁσίων

2184 2851 2387 2903 τούτων
2413 2848 2754 2917 πειθόμενος,
2791 2845 2886 2898 καὶ
2922 2843 3155 2913 μάλιστα
3177 2841 3278 2895 τοῦ
3311 2839 3551 2910 Συμεὼν,
3578 2836 3669 2905 τῆς
3688 2850 3739 2884 τε

2185 2942 2441 3014 τραχείας
2468 2938 2634 2994 αὐτοῦ
2663 2939 2754 2991 καὶ
2782 2936 2903 2990 λίαν
2929 2932 3188 2989 ἐπιπόνου
3217 2931 3518 3001 διαγωγῆς,
3545 2926 3633 2980 καὶ
3653 2925 3740 2990 τῆς

2187 3032 2567 3105 ἀπαραμίλλου
2618 3029 2715 3083 καὶ
2770 3025 3084 3098 ὑπερφυοῦς
3130 3025 3432 3089 πολιτείας,
3463 3026 3595 3079 κατὰ
3625 3016 3740 3105 θέαὶί

2182 3124 2384 3177 τούτων
2422 3120 2612 3183 ἐλθὼν,
2644 3121 2790 3183 ὅπως
2832 3137 2891 3172 τε
2931 3118 3008 3190 τῷ
3034 3118 3262 3187 Χριστῷ
3291 3113 3596 3182 ἐσταύρωτο
3624 3104 3740 3175 παρ’

2185 3216 2403 3285 ἡλικίαν
2428 3213 2551 3266 ἰδὼν
2575 3254 2589 3277 ,
2623 3212 2718 3265 καὶ
2749 3212 2900 3282 ὄψεις
2927 3210 3036 3262 τῶν
3068 3209 3449 3263 ἀκουσθέντων
3482 3204 3741 3273 μάρτυρας

2185 3309 2433 3377 θέμενος,
2466 3306 2598 3358 Θεὸν
2624 3302 2691 3376 ἦν
2719 3305 2825 3374 ὅλῳ
2858 3304 3087 3372 στόματι
3116 3300 3457 3371 μεγαλύνων,
3487 3294 3577 3349 καὶ
3607 3288 3741 3358 αὐτῷ

2184 3400 2445 3469 δάκρυσιν
2467 3399 2565 3467 οὐχ
2584 3393 2745 3467 ἦττον
2767 3397 2799 3466 ἢ
2824 3395 3062 3466 ῥήμασιν
3088 3390 3413 3462 ἐξομολογοῦ
3421 3402 3593 3459 μενος,
3612 3378 3737 3449 ἅπερ

2182 3486 2252 3560 ἦν
2282 3488 2431 3557 αὐτῷ
2459 3489 2552 3541 καὶ
2580 3488 2807 3557 παρόντι
2832 3485 3038 3556 θαῦμα,
3063 3485 3157 3538 καὶ
3186 3486 3270 3549 είς
3300 3482 3398 3554 τήν
3420 3477 3569 3532 πόλιν
3590 3477 3733 3526 ἐπαν-

2186 3581 2394 3634 ελθόντι
2417 3582 2676 3651 διήγημα.

2258 3841 2363 3896 κθ’.
2406 3842 2467 3895 '0
2493 3840 2551 3895 δὲ
2583 3841 2696 3912 πῦρ
2737 3841 2928 3911 ὥσπερ
2967 3842 3061 3894 ἐπὶ
3102 3841 3239 3910 πῦρ,
3279 3840 3531 3895 άνάπτων
3557 3832 3637 3886 ἀεὶ
3655 3826 3737 3881 τοῦ

2190 3933 2269 3996 εἷς
2296 3932 2530 4002 Χριστὸν
2569 3931 2791 4003 ἔρωτος,
2822 3930 3014 3984 οὐδένα
3059 3948 3116 3984 τε
3163 3933 3330 4003 κόρον
3361 3929 3447 3982 διὰ
3472 3924 3619 3978 τοῦτο
3642 3918 3737 3971 τῶν

2187 4023 2326 4091 ὑπὲρ
2351 4019 2516 4075 αὑτοῦ
2546 4021 2808 4089 καμάτων
2842 4020 3019 4084 εἰδὼς,
3050 4021 3193 4074 αἰτεῖ
3216 4037 3350 4074 ποτε
3390 4014 3611 4087 σχοινίον
3632 4007 3734 4062 τινὰ

2185 4113 2295 4166 τῶν
2339 4112 2489 4182 αὐτῷ
2525 4111 2858 4184 προσιόντων
2880 4129 2893 4142 ·
2926 4111 2954 4164 ὃ
2976 4112 3070 4164 καὶ
3112 4112 3298 4165 λαϐὼν
3339 4110 3517 4169 εὐθὺς,
3548 4104 3657 4157 ὅλον
3686 4100 3735 4150 ὲν

2188 4203 2304 4274 χρῷ
2337 4203 2398 4257 τὸ
2432 4202 2591 4272 σῶμα
2627 4202 2960 4271 περιελίσσει
2991 4202 3085 4255 καὶ
3117 4202 3429 4274 διασφίγγει
3453 4196 3591 4250 οὕτω
3623 4205 3734 4258 σφο-

2186 4292 2349 4362 δρῶς,
2375 4291 2452 4355 ὡς
2466 4292 2752 4359 διαφαγεῖν
2774 4290 2939 4343 αὐτοῦ
2967 4290 3064 4353 τὰς
3100 4292 3330 4362 σάρκας.
3353 4285 3561 4347 ἁπαλάς
3578 4298 3633 4332 τε
3657 4274 3733 4328 οὖα

510 4388 684 4443 arcte,
724 4391 786 4436 ut
830 4397 992 4437 exesa
1034 4395 1224 4444 carne,
1263 4394 1389 4448 quae
1420 4378 1549 4433 istic
1580 4379 1761 4432 mollis
1786 4380 2081 4435 admodum

2190 4400 2289 4447 σας
2313 4384 2402 4437 καὶ
2434 4380 2737 4453 τρυφερᾶς,
2764 4382 2979 4451 γυμνὰς
3013 4381 3193 4434 αὐτῶν
3222 4383 3323 4444 τὰς
3356 4375 3585 4445 πλευρὰς
3618 4370 3731 4453 ἀπρ-

511 4484 576 4525 ac
606 4478 797 4526 tenera
818 4480 921 4533 est.
938 4472 1114 4549 ’nudre
1141 4479 1308 4524 costa:
1334 4478 1642 4522 exstarent.
1667 4467 1881 4538 Corpus
1903 4471 2085 4540 itaque

510 4560 888 4615 exulceratum
915 4560 1168 4631 .pessime
1217 4558 1451 4623 habere;
1484 4567 1537 4610 et
1595 4557 1841 4611 ulcerum
1885 4561 2083 4628 sanies,

513 4658 777 4704 concreto
799 4651 1065 4721 sanguine
1092 4648 1276 4710 mista,
1301 4660 1548 4716 pannoso
1564 4647 1789 4701 amictui
1821 4650 2088 4719 congluti-

513 4742 656 4795 nari.
715 4742 767 4796 Is
824 4750 957 4794 vero
1014 4740 1109 4808 qui
1158 4739 1276 4792 haec
1318 4737 1653 4805 patiebatur,
1692 4739 1868 4796 nihilo
1914 4743 2087 4813 magis
2127 4811 2133 4816 Δ

512 4830 768 4885 dolorum
788 4828 1089 4885 acerbitate
1105 4826 1572 4893 commovebatur,
1594 4844 1757 4898 quam
1785 4832 1829 4886 si
1840 4833 2084 4889 alienum

513 4936 719 4990 corpus
768 4936 909 4991 aegre
944 4917 1252 4972 habuisset.
1315 4916 1516 4971 Verum
1553 4937 1803 4992 processu
1824 4933 2080 4998 temporis

518 5006 1393 5077 tunlusfetoreputrescentibus
1450 5010 1728 5066 ulceribus
1792 5024 2086 5083 generatus

516 5112 624 5164 cst,
675 5111 734 5154 ut
768 5100 835 5152 ad
892 5098 1194 5152 multorum
1245 5112 1407 5152 nares
1444 5099 1681 5168 delatus,
1729 5108 1910 5173 gravis
1942 5115 2087 5160 esset

515 5191 823 5249 monachis,
862 5189 971 5240 imo
992 5195 1049 5240 et
1070 5185 1171 5256 ipsi
1201 5187 1395 5242 Joanni
1423 5205 1436 5243 :
1464 5193 1821 5260 quamobrem
1855 5210 2088 5266 percun-

515 5281 798 5339 ctantibus
837 5278 946 5330 illis
978 5278 1283 5347 gravissimi
1308 5281 1496 5336 odoris
1522 5299 1762 5347 causam,
1790 5295 2087 5355 praetextas

515 5385 734 5439 semper
755 5368 969 5436 aliquos
990 5384 1088 5437 pro
1115 5371 1197 5425 sui
1226 5373 1544 5444 purgatione
1569 5377 2087 5433 comminiscebatur

514 5464 753 5534 Symeon
779 5476 792 5512 :
818 5458 994 5515 donec
1021 5478 1117 5531 per
1134 5462 1326 5519 rimam
1350 5466 1601 5523 fenestra:
1628 5471 1943 5539 speculatus
1968 5485 2088 5523 mo-

514 5552 823 5608 nachorum
847 5552 1088 5619 quidam,
1124 5558 1583 5629 conspicatusque
1614 5561 1898 5632 sanguinis
1950 5574 2087 5631 pure

514 5643 664 5697 misti
706 5652 982 5713 stagnum,
1030 5647 1191 5704 discit
1224 5648 1635 5723 dolorumejus
1665 5657 1961 5720 arcanum;
2007 5665 2088 5708 at-

2184 4472 2387 4535 δεϊξαν.
2419 4473 2672 4523 Ἥλκωτο
2701 4469 2799 4539 μὲν
2818 4466 2910 4522 οὖν
2937 4467 3083 4536 αῦτῷ
3106 4468 3168 4521 τὸ
3195 4468 3375 4537 σῶμα,
3400 4464 3488 4517 καὶ
3513 4451 3733 4524 πονηρῶς

2187 4561 2365 4632 εἶχεν·
2412 4563 2467 4614 οἵ
2510 4579 2569 4614 τε
2604 4560 2712 4613 τῶν
2748 4559 2921 4615 ἐλκῶν
2964 4560 3157 4630 ἰχῶρες
3209 4561 3403 4630 αἵμασι
3455 4546 3731 4618 πεπηγόσιν

2189 4653 2638 4722 ἅνακιρνάμενοι,
2668 4650 2746 4721 τῷ
2797 4651 3021 4724 τριχίνῳ
3053 4643 3480 4734 συγκεκολληντο
3505 4641 3649 4734 ῥάκει
3668 4633 3732 4734 ’.ὁ

2185 4743 2243 4797 δὲ
2272 4743 2522 4810 καθάπερ
2563 4738 2751 4809 σαφῶς
2801 4738 2961 4791 ἄλλου
3007 4738 3328 4807 πάσχοντος,
3361 4733 3498 4788 οὕτω
3542 4733 3640 4780 των
3678 4733 3730 4770 εκ

2187 4834 2279 4887 τοῦ
2329 4833 2580 4901 σώματος
2635 4829 2943 4903 ᾲλγηδόνων
2982 4830 3289 4900 ὑπερεώρα.
3335 4824 3438 4879 Τοῦ
3479 4810 3730 4903 χρόνον

2188 4923 2283 4976 καὶ
2311 4922 2574 4976 δυσωδίαν
2608 4921 2916 4984 ἐντεκόντος
2947 4924 3057 4982 τοῖς
3094 4921 3326 4982 ἕλκεσιν,
3356 4917 3428 4978 ὡς
3461 4912 3553 4982 ἤδη
3580 4902 3727 4965 πολλὴ

2189 5015 2349 5083 αὕτη,
2385 5016 2480 5067 καὶ
2523 5012 2735 5066 πολλῶν
2767 5011 3031 5081 ὀσφρήσει
3064 5010 3472 5082 προσϐάλλουσα
3504 4990 3729 5083 αἴσθησίν

2187 5123 2248 5158 τε
2286 5080 2398 5167 τοῖς
2434 5106 2687 5173 μοναχοίς
2715 5103 2851 5156 ἀλλὰ
2880 5080 2983 5156 καὶ
3011 5102 3088 5173 τῷ
3110 5080 3340 5171 -Ἰωάννῃ
3376 5094 3637 5165 παρεῖχεν.
3674 5080 3726 5173 Ψ

2193 5197 2291 5267 μὲν
2320 5170 2679 5248 ἐπυνθάνοντο
2701 5193 2797 5263 τῆς
2821 5193 2995 5262 ὀσμῆς
3030 5170 3127 5263 τὴν
3157 5170 3364 5247 αἰτίαν·
3395 5189 3422 5239 ὁ
3449 5186 3501 5238 δὲ
3530 5170 3727 5270 Superba

2189 5262 2494 5357 προφάσεις
2542 5285 2694 5348 τινάς
2743 5286 2821 5347 είς
2864 5262 3163 5352 ἀπολογίαν
3195 5283 3503 5339 ἐπλάττετο,
3531 5262 3724 5365 ἕως-διά

2187 5354 2287 5448 τῆς
2314 5354 2525 5446 θυρίδος
2555 5377 2661 5429 τῶν
2699 5375 2946 5446 μοναχῶν
2976 5393 3059 5439 τις
3087 5373 3536 5448 παραθεωρήσας,
3558 5354 3710 5459 minii:

2193 5446 2329 5541 μνας
2358 5470 2609 5538 αίμάτων
2641 5469 2858 5521 ἕλκεσιν
2888 5446 3347 5539 ἀναπεφυρμένας
3375 5460 3511 5518 ἰδὼν,
3540 5446 3721 5546 pavi)?-

2191 5572 2270 5614 νει
2325 5561 2387 5613 τὸ
2431 5560 2526 5614 τοῦ
2563 5560 2770 5623 πάθους
2813 5562 3132 5629 μυστήριον,
3184 5560 3276 5613 καὶ
3321 5544 3562 5622 παραυτὰ
3641 5544 3721 5602 τῆς

2191 5653 2319 5716 θέας
2346 5649 2670 5721 ἐπαγγέλλει
2693 5644 2773 5715 τῷ
2794 5652 3034 5725 Ἰωάννῃ.
3065 5655 3172 5708 Καὶ
3200 5654 3259 5716 ὃς
3285 5650 3381 5705 οὐκ
3408 5641 3554 5705 ὀλίγα
3576 5633 3711 5686 δεινο⁴
