3898 6384
171 264 287 331 3013

1152 276 1331 336 VITA
1371 279 1416 337 A
1457 277 1895 338 NICEPHORO
1934 279 2418 340 CONSCRIPTAo

3282 279 3426 347 30M

170 383 398 453 καθήσεις
448 382 753 451 ἀναγκάζει
790 385 879 440 τὸν
908 387 1138 459 Συμεὼν
1177 385 1307 462 ἆραι
1355 395 1493 448 κατὰ
1540 396 1736 465 μικρὸν

1844 409 1950 463 que
1988 394 2254 448 continuo
2289 393 2357 447 ab
2392 393 2496 446 hoc
2550 391 2866 461 spectaculo
2898 393 2965 447 ad
2994 395 3255 450 Joannem
3284 414 3426 452 nun-

166 472 218 525 τὸ
236 470 457 541 σχοινίον
479 488 492 501 ·
524 468 756 543 ἀρθῆναι
778 474 887 547 γὰρ
906 477 1100 547 ἀθρόον
1120 479 1220 532 οὐκ
1245 476 1333 551 ἦν,
1353 482 1737 552 ἐκδαπανῆσαν

168 561 251 631 ἠδη
301 560 393 614 καὶ
441 561 716 631 διασῆψαν
749 565 848 628 τὰς
889 564 1121 638 σάρκας,
1169 571 1264 622 καὶ
1314 572 1542 637 ταύταις
1579 576 1738 645 ἄχρις

166 656 351 709 ὀστέων
380 656 761 724 ἐγκοιλανθέν.

219 917 276 972 λ’.
296 919 733 990 Περιερχομένου
757 921 814 975 δὲ
836 922 1049 988 τούτου,
1072 925 1164 977 καὶ
1185 925 1392 995 δάκρυα
1420 928 1735 999 προστιθέν-

165 1025 242 1070 τος
269 1009 499 1078 καρδίας
531 1011 807 1082 δήγματα,
840 1012 1080 1085 ἐπετίμα
1108 1018 1138 1069 ὁ
1173 1017 1428 1088 Ἰωάννης
1454 1023 1547 1074 καὶ
1569 1039 1735 1092 προσ-

162 1098 380 1165 ωνείδιξε
405 1101 905 1175 φιλοστόργωςοΜὴ
931 1106 1087 1177 δῆτα,
1121 1108 1314 1176 λέγων,
1340 1106 1384 1163 ὦ
1413 1113 1619 1178 τέκνον,
1658 1115 1733 1185 μὴ

162 1190 312 1255 οὕτως
332 1193 533 1246 ἑαυτοῦ
557 1197 759 1266 χρῆναι
784 1197 903 1251 λίαν
934 1201 1364 1273 ἀφιλανθρώπως
1394 1206 1556 1276 ἔχειν.
1598 1208 1655 1259 '0
1677 1208 1733 1261 δέ

162 1282 263 1335 τότε
295 1285 390 1354 μὲν
424 1290 725 1357 πατρικαῖς
760 1291 1145 1362 ἐπιτιμήσεων
1188 1295 1361 1367 εἴξας,
1398 1297 1631 1352 ἀπέθετο
1672 1299 1732 1352 τὺ

164 1375 373 1444 σχοινίον
390 1392 406 1407 ·
439 1378 582 1446 μετά
604 1379 661 1432 δὲ
682 1380 856 1435 ταῦτα
876 1383 1170 1454 λαμϐάνων
1191 1386 1325 1440 αὐτὸ
1350 1387 1507 1442 πάλιν
1532 1389 1729 1459 ὁμοίως

163 1468 564 1538 περιειλίσσετο,
600 1473 663 1525 οὐ
702 1475 840 1544 μετά
885 1474 986 1545 τῆς
1022 1477 1192 1547 αὐτῆς
1238 1479 1506 1546 σφίγξεως
1543 1477 1576 1551 ἢ
1617 1480 1731 1533 δια-

161 1559 369 1622 τάσεως,
423 1561 566 1615 ἀλλά
627 1565 953 1634 χαυνέτερόν
1009 1570 1125 1631 πως
1182 1569 1276 1621 καὶ
1330 1570 1725 1641 φορητότερον’

162 1648 438 1715 ἐσπούδαζε
489 1652 600 1722 γὰρ
634 1653 977 1721 ὑπωπιάζειν
1015 1658 1102 1710 ἀεὶ
1134 1658 1195 1710 τὸ
1227 1656 1387 1728 σῶμα
1436 1660 1530 1713 καὶ
1560 1677 1729 1713 κατα-

163 1740 381 1810 τρύχειν,
413 1720 547 1806 τοίις
574 1720 1054 1817 ἐπανισταμένους
1079 1748 1138 1814 ἐξ
1167 1720 1332 1803 αὐτού
1358 1753 1422 1821 τῇ
1447 1751 1591 1823 ψυχῇ
1629 1770 1728 1806 πο·
1756 1720 1805 1778 Β

163 1830 338 1897 λέμους
362 1833 583 1888 ἀκούων
602 1853 615 1867 ·
642 1835 786 1907 ειπερ
808 1836 992 1907 ἐξίστη
1017 1841 1143 1903 τοὺς
1168 1843 1435 1912 μοναχοὺς
1467 1845 1524 1895 ὲν
1546 1845 1731 1915 ἡλικίᾳ

167 1920 379 1987 μάλιστα
417 1924 652 1997 τοιαύτῃ
697 1927 975 1997 γινόμενα.
1022 1932 1240 1986 Αἰτοῠσι
1275 1934 1456 1988 τοίνυν
1500 1936 1730 1989 ἀκοῦσαι

163 2012 333 2078 λόγους
380 2015 517 2085 παρ’
551 2017 713 2072 αὐτοῦ
752 2020 1043 2089 σωτηρίας,
1076 2023 1172 2077 καὶ
1201 2025 1229 2076 ὁ
1260 2024 1488 2094 Συμεὼν
1516 2026 1732 2095 ὁμιλίας

166 2100 301 2168 αὖθις
351 2106 656 2176 ἁψάμενος,
693 2108 725 2181 ἢ
891 2112 1187 2167 ἐνοικοῦντι
1238 2114 1438 2185 μᾶλλον
1478 2117 1733 2186 κινούμεο

165 2212 238 2338 ιιοᾶ
284 2198 590 2268 Πνεύματι,
646 2192 693 2268 ᾧ
749 2201 846 2257 καὶ
894 2202 1003 2273 πρὸ
1061 2207 1343 2275 μητρικῶν
1391 2206 1597 2260 ὠδίνων
1643 2209 1731 2273 ἐξ·

168 2302 206 2337 ε.
239 2303 339 2338 sto.

168 2302 339 2340 ειιιετο.

227 2548 318 2601 λα’.
353 2550 600 2620 Πατέρες
633 2551 761 2622 ἐφη,
793 2554 885 2606 καὶ
911 2554 1151 2623 ἀδελφοὶ,
1178 2557 1239 2610 οὐ
1279 2559 1384 2629 χρὴ
1416 2559 1506 2612 τὸν
1538 2559 1733 2612 ἀσύνε-

167 2653 244 2691 τον
274 2639 370 2709 ἐμὲ
393 2641 529 2711 περὶ
560 2641 838 2712 σωτηρίας
865 2644 1045 2716 ψυχῆς
1072 2650 1138 2718 τῇ
1171 2630 1415 2720 ύμετέρᾳ
1438 2648 1601 2719 πολιᾷ
1620 2648 1734 2703 δια-

110 2794 113 2797 _
169 2727 398 2797 λέγεσθαι
425 2748 440 2762 ·
471 2733 628 2803 ὅμως
654 2734 780 2788 ἐπεὶ
808 2739 1096 2806 πατρικοῖς
1114 2738 1343 2793 οὐκέστι
1358 2741 1432 2811 μὴ
1451 2738 1736 2793 πείθεσθαι

168 2816 348 2887 λόγοις,
379 2822 592 2893 Ἔργον
624 2825 861 2894 μοναχοῦ
899 2825 1000 2897 τὴν
1024 2828 1354 2901 ἐγκράτειαν
1384 2826 1558 2900 οἶμαι,
1593 2830 1735 2884 ὥστε

171 2908 374 2980 ἠρεμεῖν
418 2914 575 2985 αὐτῷ
618 2914 719 2978 τὰς
748 2915 841 2970 τοῦ
889 2916 1141 2989 σώματος
1174 2921 1389 2990 ἡδονὰς,
1421 2922 1598 2993 ἔχοντι
1636 2924 1737 2995 τὴν

170 3000 339 3073 ψυχὴντ
359 3005 417 3058 ἐν
446 3007 667 3078 εἰρήνῃ,
700 3008 764 3061 τό
796 3026 858 3062 τε
903 3011 1146 3083 συνεχῶς
1176 3013 1420 3082 ψάλλειν,
1448 3015 1543 3068 καὶ
1580 3015 1736 3069 ἀδια⁶

173 3090 380 3159 λείπτως
409 3095 491 3167 τῷ
522 3096 600 3167 νῷ
625 3099 1058 3171 προσεύχεσθαιθ
1082 3102 1244 3174 ἔργον
1279 3107 1514 3176 μοναχοῦ
1546 3107 1737 3179 ήάγά-

174 3200 258 3254 πη,
290 3186 381 3240 καὶ
409 3190 443 3259 ή
472 3189 616 3259 μετά
651 3194 915 3263 ταπεινῆς
944 3195 1170 3269 καρδίας
1192 3198 1429 3268 ὑπακοὴ,
1454 3199 1523 3252 δι’
1544 3193 1612 3270 ἦς
1641 3198 1736 3252 καὶ

173 3272 382 3347 Χριστὸς
413 3277 530 3333 είλε
558 3281 653 3335 τὸν
691 3281 945 3349 θάνατον,
971 3286 1262 3356 γενόμενος
1305 3288 1546 3359 ὑπήκοος
1576 3290 1737 3360 μέχρι

176 3362 405 3437 θανάτου,
432 3371 670 3428 θανάτου
691 3373 751 3428 δὲ
776 3378 1034 3447 σταυροῦ,
1061 3378 1150 3433 ἵνα
1185 3379 1286 3443 τὰς
1318 3380 1615 3451 ἐπιθυμίας
1635 3383 1739 3451 τῆς

178 3459 355 3528 σαρκὸς
396 3465 496 3517 καὶ
539 3465 705 3536 ἡμεῖς
744 3466 810 3520 δι’
842 3468 1014 3540 αὐτῆς
1081 3469 1648 3542 θανατώσωμεν,τότε
1679 3474 1738 3524 ἐν

176 3547 540 3626 ἐξομολογήσει
572 3556 802 3623 κλαίειν,
836 3561 934 3611 καὶ
961 3560 1020 3611 ἐν
1043 3561 1305 3634 συντριϐῇ
1337 3563 1567 3635 καρδίας
1596 3564 1674 3629 ὡς
1710 3566 1738 3617 ὁ

178 3639 400 3715 Τελώνης
434 3645 861 3718 προσεύχεσθαι,
898 3651 1051 3721 φωνή
1094 3668 1154 3705 τε
1187 3652 1503 3724 σύμμετρος
1540 3657 1635 3709 καὶ¹
1657 3656 1740 3710 λό-

177 3749 256 3800 γος
283 3736 566 3809 εὔτακτος,
597 3742 696 3796 καὶ
720 3744 755 3815 ἡ
785 3744 842 3796 ἐν
868 3745 1137 3815 πραότητι
1179 3748 1273 3800 καὶ
1301 3748 1501 3819 ἡσυχίᾳ
1536 3749 1737 3819 διαγωέ

180 3826 259 3892 τή.
289 3830 488 3901 Ἔργον
530 3833 790 3904 μοναχοῦ,
823 3835 886 3889 τὸ
925 3836 1000 3907 μὴ
1035 3837 1257 3909 ὀμνύειν
1285 3840 1442 3903 ὅλως,
1470 3841 1612 3912 πλὴν
1642 3841 1738 3897 τοῦ

182 3916 454 3977 Πίστευσον
474 3924 509 3991 ἢ
532 3923 918 3997 Συγχώρησον,
957 3929 992 3999 ἦ
1030 3947 1088 3982 τε
1116 3930 1226 3984 τῶν
1255 3933 1353 4002 τῆς
1375 3932 1741 4004 φιλαργυρίας

183 4013 471 4070 σκανδάλων
495 4016 668 4087 φυγὴ,
701 4019 794 4072 καὶ
818 4019 852 4089 ἡ
880 4019 989 4072 τῶν
1014 4020 1185 4075 ὄντων
1221 4023 1529 4091 μετάδοσις,
1564 4026 1741 4079 καὶτὸ

185 4101 248 4173 μὴ
279 4107 432 4175 μόνον
483 4109 623 4181 μηδέ
673 4111 807 4165 ποτέ
845 4128 992 4174 τινος
1032 4113 1356 4169 καταλαλεϊν
1375 4155 1391 4179 ,
1421 4116 1558 4171 ἀλλὰ
1604 4118 1740 4188 μηδέ

185 4197 594 4264 καταλαλοῦντος
616 4201 925 4273 ἀνέχεσθαι,
952 4206 1295 4275 συμπάσχειν
1319 4224 1378 4261 τε
1408 4211 1523 4272 τοῖς
1545 4211 1604 4263 ἐν
1628 4209 1743 4264 ὀδύ-

182 4297 254 4355 νῃ,
274 4288 362 4342 καὶ
376 4291 625 4360 ἀδελφῶν
645 4292 812 4357 πόδας
830 4295 1063 4362 νίπτειν,
1081 4297 1176 4350 καὶ
1192 4300 1310 4361 ταῖς
1333 4299 1512 4353 αὐτῶν
1531 4300 1742 4371 χρείαις

1846 485 2079 538 tiaturus
2109 483 2342 538 accedit.
2388 484 2436 537 ls
2479 491 2667 536 autem
2716 497 2827 536 non
2878 484 3093 539 modice
3131 485 3324 541 dolens
3371 495 3428 541 et

1841 585 2251 641 consternatus,
2284 576 2455 647 adigit
2486 570 2839 648 Symeonem,
2888 588 2948 630 ut
2996 578 3199 632 sensim
3242 577 3427 632 funem

1778 654 1811 725 -’
1840 668 2080 735 auferat;
2132 683 2262 723 nam
2314 667 2605 723 confestim
2642 668 2890 723 solvendi
2940 668 3089 722 nulla
3118 683 3247 737 spes
3285 679 3424 728 erat,

1840 770 2032 830 utpote
2081 762 2176 830 qui
2207 761 2319 832 jam
2352 761 2697 830 consumptis
2723 770 2778 813 et
2809 759 3137 829 putrefactis
3165 759 3428 813 carnibus

1838 851 1905 904 ad
1953 865 2077 905 ossa
2121 867 2296 920 usque
2331 858 2692 920 penetrasset.

1900 942 1987 996 50.
2024 943 2248 996 Interim
2301 942 2369 995 ad
2405 943 2691 1010 amplexus
2744 948 3130 1011 properantem
3187 938 3421 1009 Symeo-

1837 1048 1984 1098 nem,
2034 1035 2416 1105 lacrymasque
2448 1033 2677 1113 contriq
2707 1033 2890 1087 cordis
2917 1032 3132 1086 indices
3162 1030 3426 1100 adjicien-

1839 1130 1969 1187 tem,
2000 1124 2252 1193 increpat
2280 1125 2520 1179 Joannes
2564 1132 2906 1193 paterneque
2965 1120 3219 1192 objurgat
3254 1138 3267 1174 :
3301 1120 3422 1174 Non

1833 1213 2105 1284 profecto,
2153 1215 2227 1267 mi
2269 1214 2366 1277 fili,
2406 1214 2688 1282 inquiens,
2734 1229 2844 1266 non
2898 1214 2972 1266 ita
3023 1212 3316 1265 barbarum
3367 1209 3423 1262 in

1836 1303 2063 1358 modum
2112 1316 2317 1372 corpus
2359 1312 2597 1357 tractare
2642 1303 2723 1358 fas
2758 1303 2858 1356 tibi
2890 1312 2993 1357 est.
3042 1302 3144 1355 Cui
3178 1309 3422 1369 paterna:

1833 1394 2181 1465 eastigationi
2211 1395 2303 1447 ille
2340 1401 2470 1447 tunc
2495 1392 2721 1463 quidem
2756 1393 2981 1456 cedens,
3012 1391 3196 1445 funem
3229 1390 3418 1445 solvit:

1832 1502 2023 1542 verum
2057 1486 2205 1540 haud
2246 1486 2319 1539 ita
2358 1486 2531 1539 multo
2564 1492 2689 1555 post
2718 1493 3061 1554 resumptum
3107 1483 3289 1537 denuo
3314 1482 3424 1535 cir-

1833 1594 1958 1633 cum
1986 1590 2189 1647 corpus
2223 1576 2504 1637 astrinxit,
2547 1577 2805 1645 quamvis
2852 1590 2961 1629 non
3015 1583 3121 1628 tam
3165 1581 3317 1628 arcte
3366 1580 3423 1625 ct

1832 1671 2129 1732 violenter,
2176 1668 2274 1724 sed
2301 1669 2585 1738 aliquanto
2615 1668 2795 1721 laxius
2826 1664 3280 1733 tolerabiliusque
3314 1680 3326 1715 :
3354 1678 3419 1715 eo

1836 1765 2041 1834 quippe
2069 1759 2356 1831 Symeonis
2380 1774 2511 1814 cura
2542 1761 2722 1813 omnis
2750 1757 3099 1821 intendebat,
3126 1762 3186 1810 ut
3217 1770 3421 1822 corpus

1838 1870 1998 1911 suum
2033 1852 2331 1921 castigaret
2352 1866 2571 1919 semper
2595 1858 2653 1904 et
2675 1850 2729 1903 in
2749 1849 3077 1903 serVitutcm
3114 1844 3417 1913 redigeret,

1838 1947 2009 2018 probe
2034 1944 2248 1998 scilicet
2276 1941 2450 2012 ignari
2476 1950 2683 2009 quanta
2708 1938 2836 1994 inde
2867 1938 3053 2008 praelia
3092 1937 3421 1991 immineant

1838 2037 2052 2093 animae.
2079 2035 2211 2101 Quae
2241 2050 2351 2096 res,
2396 2033 2451 2086 in
2493 2032 2582 2086 tali
2617 2031 2923 2101 praesertim
2959 2038 3142 2091 aztate,
3188 2027 3421 2097 perculit

1837 2129 2198 2184 vehementer
2226 2125 2550 2188 monachos,
2583 2130 2843 2193 regantes
2893 2120 3064 2174 Verba
3106 2118 3305 2172 Salutis
3352 2118 3421 2171 ali

1837 2237 1934 2276 ore
1960 2221 2133 2290 ipsius
2160 2216 2417 2286 excipere
2449 2216 2554 2271 sibi
2594 2214 2779 2268 denuo
2834 2223 2893 2266 ut
2926 2211 3137 2267 liceret.
3182 2208 3295 2263 Nec
3329 2207 3424 2261 a1;-

1838 2324 2021 2366 nuens
2050 2302 2314 2378 Symeon,
2353 2306 2575 2360 interno
2635 2304 2871 2374 Spiritu,
2899 2319 2928 2356 a
2951 2318 3062 2372 quo
3106 2308 3421 2355 maternum

1838 2408 1964 2455 ante
1999 2408 2219 2468 partum
2248 2397 2464 2451 electus
2514 2395 2716 2459 fuerat,
2778 2402 3053 2457 movente,
3101 2390 3422 2462 aggreditur

1838 2492 2050 2545 dicere.
2967 2537 2974 2543 ,

1906 2582 2202 2636 51.Ριιιιέε
2227 2580 2561 2647 fratresque,
2591 2576 2898 2646 inquiebat,
2930 2574 3176 2641 meinati
3200 2576 3421 2641 aequum

1837 2681 1944 2735 cst,
1982 2687 2069 2727 me
2106 2671 2326 2741 ingenio
2368 2678 2476 2723 tam
2519 2666 2784 2721 imbecilli
2854 2665 2924 2719 ad
2978 2662 3127 2718 hunc
3177 2671 3423 2717 vesnum

1839 2752 2038 2818 canitie
2081 2760 2459 2816 venerandum
2478 2767 2683 2813 cretum
2718 2756 2889 2810 verba
2915 2754 3134 2808 facere:
3162 2752 3258 2807 sed
3317 2766 3422 2805 nec

1838 2852 2056 2923 equum
2092 2860 2177 2906 est
2210 2851 2495 2905 seniorum
2519 2848 2684 2903 dictis
2716 2860 2828 2901 non
2891 2845 3296 2914 obtemperare.
3331 2842 3423 2895 Sic

1840 2944 2005 3015 igitur
2052 2942 2309 2997 existimo
2341 2982 2356 3006 ,
2408 2955 2476 2995 eo
2533 2932 2928 2994 connitcndum
2976 2950 3098 2990 esse
3151 2930 3457 2987 monacho’

1764 3062 1807 3118 ρ
1841 3033 2141 3104 praecipue,
2197 3032 2495 3087 continens
2542 3035 2604 3082 ut
2646 3026 2753 3091 sit;
2805 3034 2864 3081 ut
2924 3025 3122 3079 nuntio
3169 3022 3423 3091 corporis

1843 3123 2225 3193 Voluptatibus
2283 3121 2554 3185 remisso,
2608 3117 3061 3188 tranquillitatem
3125 3128 3427 3184 pacemque

1841 3215 2347 3276 animiconservet,
2399 3220 2462 3265 ut
2523 3211 2877 3266 continenter
2929 3207 3149 3278 psallat,
3200 3220 3265 3260 ac
3303 3203 3426 3258 sine

1840 3305 2255 3362 intermissione
2279 3302 2509 3357 mentali
2532 3308 2691 3357 vacet
2731 3299 2992 3354 orationi.
3026 3298 3106 3353 Eo
3135 3294 3429 3350 conniten-

1839 3399 1972 3453 dum
1998 3395 2295 3457 monacho,
2316 3393 2590 3449 charitate
2614 3390 2905 3456 utardeat,
2939 3397 2996 3443 et
3028 3386 3200 3443 corde
3231 3384 3429 3438 lutmili

1838 3487 2187 3560 praecipienti
2210 3486 2478 3543 obediat:
2533 3482 2854 3541 obedientia
2908 3480 3122 3550 quippe
3167 3487 3277 3541 est,
3325 3492 3426 3547 per

1840 3593 2006 3649 quam
2035 3577 2296 3631 Christus
2324 3577 2444 3644 ipse
2501 3573 2646 3628 mori
2702 3571 2893 3642 elegit,
2945 3569 3123 3623 factus
3164 3566 3433 3623 obediens
3508 3562 3512 3567 ’

1841 3682 2018 3738 usque
2049 3666 2117 3721 ad
2141 3673 2399 3730 mortem,
2426 3650 2663 3718 mortem
2691 3670 2879 3717 autem
2915 3659 3121 3721 erucis,
3157 3664 3221 3710 ut
3250 3663 3306 3710 et
3329 3669 3430 3709 nos

1841 3755 2118 3813 desideria
2146 3753 2337 3808 carnis
2358 3759 2563 3806 nostrae
2590 3765 2693 3820 per
2725 3740 2901 3818 ipsam
2933 3746 3098 3800 morti
3111 3744 3425 3798 ficaremus.
3532 3790 3535 3797 .

1842 3848 1925 3904 Eo
1960 3850 2182 3917 quoque
2211 3842 2612 3899 connitendum
2667 3840 2965 3902 monacho,
2995 3846 3058 3891 ut
3104 3836 3162 3890 in
3204 3834 3428 3889 confes--

1843 3937 2000 3993 sione
2024 3935 2226 4005 ploret,
2256 3931 2610 4001 contritaque
2633 3929 2802 3984 corde
2822 3943 2947 3983 cum
2972 3926 3271 3997 publicano
3294 3938 3427 3993 pre-

1843 4031 1937 4085 ces
1957 4041 2089 4082 suas
2140 4023 2340 4080 fundat
2366 4022 2437 4077 ad
2479 4021 2818 4076 Dominum:
2862 4027 2926 4074 ut
2962 4033 3070 4073 vox
3117 4016 3423 4076 moderata,

1842 4132 2029 4175 sermo
2054 4117 2319 4171 decenter
2347 4112 2713 4183 compositus,
2742 4118 2911 4179 atque
2947 4108 3132 4164 omnis
3178 4107 3235 4160 in
3267 4120 3425 4160 man-

1844 4209 2142 4266 suetudine
2161 4215 2219 4262 et
2247 4205 2650 4275 tranquillitate
2670 4201 3023 4257 conversatio
3060 4199 3155 4255 sit.
3180 4199 3261 4275 Eo
3289 4211 3428 4251 con-

1846 4300 2148 4356 nitendum
2176 4298 2476 4362 monacho,
2508 4304 2571 4350 ut
2589 4309 2660 4350 ne
2681 4291 3096 4366 juretomnino,
3131 4289 3227 4345 sed
3248 4289 3428 4343 solum

182 4371 543 4447 διακονεῖσθαι,
560 4378 622 4437 τό
646 4399 705 4437 τε
737 4384 812 4455 μὴ
840 4386 937 4438 τοῦ
958 4385 1197 4457 χαλεποῦ
1227 4388 1433 4454 πάθους
1456 4391 1555 4462 τῆς
1577 4393 1736 4464 ὑπερ-

1848 4394 2019 4458 dicat,
2050 4391 2249 4456 Crede,
2282 4392 2392 4453 vel,
2422 4391 2648 4461 ignosce
2676 4406 2692 4455 ;
2722 4400 2785 4443 ut
2830 4385 3149 4443 scandalum
3188 4381 3431 4439 avaritia:

183 4470 392 4624 ξφαῖσίζς
412 4473 702 4544 ἡττᾶσθαι,
720 4476 856 4531 ἀλλὰ
884 4478 1102 4532 πάντων
1130 4479 1356 4551 ἔσχατον
1384 4483 1577 4538 ἑαυτὸν
1599 4480 1740 4538 εἶναι

216 4572 269 4623 γε
356 4581 430 4621 αι.

216 4572 430 4623 γεῐσυαι.

1847 4486 2130 4552 declinet;
2189 4493 2251 4538 ut
2299 4483 2588 4538 facultates
2647 4496 2776 4536 suas
2824 4479 3156 4545 distribuat;
3208 4484 3272 4530 ut
3318 4491 3431 4529 non

1851 4576 2019 4632 modo
2065 4588 2347 4643 nunquam
2410 4572 2480 4626 de
2531 4570 2758 4626 alterius
2814 4569 2956 4623 fama
3007 4564 3292 4626 detrahat,
3334 4562 3430 4617 sed

184 4652 329 4711 etiam
357 4674 427 4715 ne
459 4661 601 4717 ferat
620 4661 847 4733 quidem
878 4662 1292 4735 detrahentem;
1331 4675 1394 4723 ut
1433 4670 1801 4740 compatiatur
1838 4669 1893 4725 in
1924 4671 2077 4724 luctu
2106 4667 2339 4738 positis;
2376 4675 2437 4720 ut
2467 4665 2697 4720 fratrum
2731 4664 2904 4733 pedes
2925 4664 3072 4718 lavet
3099 4660 3435 4729 utilitatique

187 4752 422 4822 studeat;
459 4764 522 4811 ut
550 4757 867 4828 periculosa
901 4760 996 4816 illa
1024 4761 1192 4816 animi
1238 4759 1517 4831 passione,
1583 4760 1847 4833 superbia
1891 4760 2039 4826 dico,
2080 4772 2193 4812 non
2253 4764 2573 4826 superetur,
2631 4753 2728 4810 sed
2792 4753 3041 4807 omnium
3092 4761 3431 4820 postremum

188 4852 239 4896 Se
272 4860 505 4912 reputet.

248 4938 340 5011 λβ’.
372 4947 573 5019 Ἔργον
612 4950 871 5020 μοναχοῢ,
902 4952 935 5022 ἡ
985 4953 1067 5016 είς
1111 4951 1322 5017 πάντας
1366 4953 1640 5022 μεγάλους
1680 4967 1740 5005 τε

193 5031 276 5084 καὶ
329 5041 557 5111 μικροὺς
582 5081 598 5107 ,
626 5042 874 5108 ἐνδόξους
900 5045 998 5099 καὶ
1042 5043 1284 5110 ἀδόξους,
1321 5045 1616 5109 πλουσίους
1646 5044 1742 5098 καὶ

196 5122 431 5197 πένηταςπ
466 5132 542 5197 ὡς
580 5134 661 5198 είς
686 5135 850 5190 αὐτὸν
873 5136 1109 5208 Χριστὸν
1142 5134 1289 5209 ἁγνὴ
1328 5136 1652 5207 φιλαδελφία
1678 5153 1739 5191 τε

194 5214 275 5269 καὶ
300 5221 590 5292 φιλοξενία,
622 5226 719 5281 καὶ
764 5228 1108 5299 ὑποκρίσεως
1140 5229 1522 5301 καθαρεύουσα
1556 5230 1741 5298 πάσης

195 5301 432 5370 διακονία.
463 5317 712 5388 Μοναχὸς
735 5318 844 5391 γὰρ
877 5320 1019 5391 πρὸς
1068 5319 1168 5392 μὲν
1201 5320 1300 5383 τὰς
1359 5320 1503 5375 κατά
1534 5320 1742 5389 κόσμον

198 5394 387 5464 βλέπων
418 5409 717 5482 ὑπεροχὰς,
742 5411 841 5466 καὶ
865 5413 1135 5485 πρόσωπα
1164 5413 1274 5466 τῶν
1301 5412 1561 5467 τοιούτων
1593 5412 1741 5482 λαμ-

199 5485 375 5561 θάνων.
405 5499 620 5571 πτωχὸν
651 5500 708 5555 δὲ
732 5502 830 5556 καὶ
862 5502 1071 5573 πένητα
1102 5500 1403 5573 προσιόντα
1424 5502 1523 5556 καὶ
1548 5501 1738 5570 δεόμε-

201 5592 276 5632 νον
308 5581 762 5663 ἀπωθούμενος,ὀ
814 5591 1058 5657 τοιοῦτος
1111 5578 1210 5663 οὐχ
1255 5591 1366 5660 ἔξει
1438 5590 1741 5659 παρουσίαν

202 5669 269 5734 εἰς
289 5674 374 5732 τὸν
407 5681 692 5754 νυμφῶνα,
742 5682 866 5739 οὐδὲ
916 5668 1288 5756 ἀπαντήσεται
1315 5722 1330 5747 ,
1363 5679 1484 5735 οὐδέ
1528 5694 1743 5732 συνεισ-

1918 4944 2009 4999 32.
2053 4942 2134 4998 Eo
2183 4938 2583 4994 connitendum
2636 4935 2928 4999 monacho,
2976 4942 3039 4988 ut
3081 4949 3275 4989 omnes
3318 4945 3430 4990 tam

1848 5050 2077 5108 magnos
2105 5048 2270 5103 quam
2303 5046 2523 5100 parvos,
2560 5038 2667 5083 tam
2713 5028 2984 5098 gloriosos
3031 5032 3196 5095 quam
3255 5028 3432 5098 inglo-

1846 5129 1982 5194 rios,
2040 5136 2149 5180 tam
2203 5121 2421 5179 divitiis
2474 5120 2768 5175 afﬂuentes
2823 5134 2987 5188 quam
3042 5133 3268 5188 egenos,
3322 5135 3431 5173 non

1844 5234 2004 5276 secus
2023 5232 2089 5273 ac
2121 5216 2432 5279 Christum,
2459 5212 2732 5269 charitate
2754 5219 2925 5275 casta,
2945 5211 3330 5281 hospitalitate
3368 5218 3433 5265 et

1844 5309 2132 5379 obsequio,
2185 5306 2371 5363 omnis
2410 5304 2774 5376 hypocriseos
2814 5309 3042 5371 experte
3103 5302 3426 5372 praeveniat.

1844 5400 2148 5458 Monachus
2190 5412 2452 5466 namque,
2499 5395 2596 5466 qui
2648 5394 2716 5449 ad
2776 5408 2964 5450 rerum
3021 5394 3433 5448 mundanarum

1844 5492 2192 5564 splendorem
2211 5489 2406 5545 oculos
2434 5486 2673 5549 reﬂexit,
2729 5502 3036 5557 earmnque
3080 5486 3295 5555 species
3332 5501 3432 5541 cu-

1845 5584 1975 5655 pide
2024 5566 2461 5651 contemplatur,
2512 5577 2829 5633 mendicum
2885 5592 3037 5640 vero,
3098 5590 3434 5647 pauperem-

1845 5691 1954 5747 que
1985 5684 2040 5731 et
2078 5690 2313 5747 egenum
2357 5689 2387 5727 a
2427 5687 2487 5729 se
2549 5671 2793 5742 repellit,
2844 5685 2953 5725 non
3015 5666 3433 5727 admitteturad
