3898 6418
457 242 602 316 3015

1662 251 1718 314 S.
1763 247 2144 310 SYMEONIS
2179 249 2538 312 JllNIORIS

3625 257 3760 325 3016

463 359 708 429 nuptias,
741 373 844 414 nec
881 365 1068 430 speret
1099 357 1318 412 obviam
1349 356 1557 410 iturum
1613 373 1672 411 se
1711 373 1835 412 eum
1861 359 2050 412 exsul--

2165 375 2444 429 πλεύσεται
2477 375 2720 447 φαιδρῶς
2761 373 2839 444 τῷ
2878 373 3134 444 ἀθανάτῳ
3174 373 3410 442 νυμφίῳ
3430 414 3442 435 ,
3469 371 3605 426 ἀλλᾶ
3637 372 3762 427 τοῦ-

466 449 675 504 tatione
711 446 1008 502 immortali
1045 446 1281 515 Sponsa,
1307 453 1367 500 ut
1402 461 1618 511 cum,co
1660 446 2003 517 ingrediatur
2034 466 2046 500 :

465 540 562 596 sed
595 541 780 611 potius
820 539 952 592 illud
987 539 1092 592 sibi
1151 539 1318 592 velim
1391 537 1746 608 persuadeat,
1804 539 1921 593 fore
1971 551 2048 600 ut,

474 635 748 688 exstincta
774 633 846 686 ob
874 631 984 686 olei
1019 629 1298 684 defectum
1356 630 1630 700 lampade,
1656 631 2053 686 miserabiliter

469 728 538 781 ab
571 727 689 796 ipso
714 722 1058 778 excludatur.
1091 724 1457 794 Elccmosyna
1507 725 1712 793 quippe
1761 725 2054 780 consuevit

470 815 906 870 misericordiam
943 813 1216 882 consequi
1249 813 1382 878 illis,
1428 813 1520 883 qui
1578 813 1968 868 misericordes
1996 813 2054 867 in

467 922 669 978 egenos
693 913 844 968 sunt,
882 920 1092 974 eosque
1127 906 1396 974 gravibus
1449 905 1715 959 aerumnis
1771 905 2050 970 liberare;

469 1007 706 1052 testante
749 997 802 1050 id
829 997 1010 1066 ipsum
1036 997 1265 1051 Christo
1289 1013 1356 1051 ac
1385 997 1710 1060 confitente,
1753 997 2055 1068 prmstitam

467 1088 699 1158 pauperi
737 1087 1224 1165 misericordiam,‘
1247 1089 1351 1142 sibi
1384 1089 1687 1158 praestitum
1741 1098 2052 1160 reputatum

467 1180 560 1235 iri.
586 1180 731 1236 Dicit
755 1182 901 1235 enim
931 1199 944 1235 :
981 1179 1234 1246 Quandiu
1264 1183 1459 1252 fecistis
1485 1183 1578 1236 uni
1603 1198 1666 1236 ex
1691 1184 1770 1237 Itis
1801 1185 2051 1248 minimis,

467 1271 597 1324 mihi
629 1270 828 1340 fecistis
852 1271 872 1302 ⁶
897 1272 1090 1326 :-adeo
1118 1282 1178 1326 ut
1235 1273 1331 1342 qui
1359 1288 1472 1327 non
1499 1273 1796 1328 miseretur
1845 1273 2054 1336 fratris,

467 1361 667 1416 Filium
704 1363 796 1416 Dei
831 1364 1150 1418 censendus
1196 1365 1266 1418 sit
1293 1366 1472 1434 palam
1501 1367 1810 1436 negavisse,
1835 1365 2054 1421 Saddu-

467 1468 610 1509 τινος
633 1453 1046 1523 quodammodo
1079 1455 1346 1522 imitatus,
1395 1473 1506 1512 non
1556 1458 1838 1512 credendo
1862 1475 2052 1514 resur-

475 1543 780 1599 rectionem
804 1560 946 1610 esse,
979 1562 1164 1616 neque
1193 1546 1248 1600 in
1281 1563 1432 1617 spem
1467 1548 1595 1603 inde
1635 1559 2054 1618 promanantem

469 1636 662 1690 oculos
687 1635 1045 1691 reflectendo.
1098 1638 1178 1704 Ne
1227 1639 1395 1710 igitur
1453 1639 1718 1695 latentem
1783 1643 1886 1696 sub
1918 1658 2057 1696 auro

468 1729 774 1786 dmmonem
822 1732 998 1806 pluris
1051 1731 1318 1797 feceritis,
1385 1751 1552 1804 quam
1624 1737 2052 1791 necessitatibus

465 1821 700 1878 fratrum
743 1825 1134 1892 succurrisse;
1193 1825 1524 1888 dremonem.
1561 1828 1810 1897 inquam,
1843 1831 1936 1898 qui
2004 1825 2060 1883 et

469 1916 647 1984 ipsum
682 1915 964 1971 Christum
1027 1919 1251 1987 aggredi
1282 1933 1394 1971 non
1436 1928 1523 1972 est
1558 1921 1794 1984 veritus,
1843 1920 1921 1972 ita
1971 1918 2056 1972 lo-

466 2019 687 2072 quens:
730 2004 854 2058 Ilwc
885 2005 1063 2058 omnia
1090 2005 1225 2058 dabo
1257 2004 1368 2068 tibi,
1407 2007 1454 2058 si
1507 2007 1701 2059 cadens
1749 2007 2056 2075 adoraveris

469 2114 552 2150 me
576 2097 622 2150 ".
654 2097 734 2152 Ne
756 2096 1040 2151 Christum
1077 2097 1272 2151 mundi
1324 2097 1536 2152 fallacis
1589 2097 1841 2168 opinioni
1893 2114 2054 2154 men-

469 2189 754 2244 dicitatem
799 2191 1062 2258 pauperis
1093 2189 1503 2258 prrefcrentem,
1532 2199 1588 2244 et
1615 2205 1726 2245 non
1760 2191 2056 2247 habentem

471 2279 571 2335 ubi
603 2292 772 2351 caput
809 2281 1130 2348 reclinaret,
1158 2282 1494 2336 contumelia
1531 2281 1825 2348 aﬂiciatis;
1878 2283 2056 2349 illum,

472 2373 720 2442 inquam,
753 2372 1058 2438 Christum,
1098 2373 1152 2426 in
1181 2374 1344 2443 cujus
1382 2381 1665 2442 potestate
1692 2376 1817 2430 εοεΙί
1846 2383 1976 2430 sunt
1999 2391 2068 2429 ac

471 2476 638 2519 terra.
708 2465 924 2520 Etenim
978 2482 1102 2520 cum
1166 2466 1446 2520 Abraham
1504 2467 1941 2537 hospitalitatem
2004 2470 2058 2521 in

469 2571 665 2611 omnes
715 2552 1022 2623 exerceret,
1073 2558 1287 2614 meruit
1336 2559 1532 2624 Deum,
1578 2559 1792 2628 angelis
1840 2559 2060 2614 duolms

471 2648 814 2709 comitatum.
838 2650 939 2705 sub
957 2649 1146 2720 specie
1169 2650 1403 2706 viatoris
1425 2650 1782 2720 conspicere:
1802 2649 2061 2705 similiter

469 2748 528 2793 et
563 2739 687 2806 Lol,
712 2741 807 2809 qui
842 2742 1070 2812 angelos
1096 2741 1343 2810 hospitio
1377 2741 1616 2810 excepit.
1660 2741 2056 2797 Verumtamen

469 2831 598 2886 date
637 2847 860 2902 operam
887 2833 1101 2896 sedulo,
1133 2841 1194 2886 ut
1221 2834 1274 2888 in
1307 2833 1576 2889 divitibus
1627 2842 1795 2904 atque
1852 2850 2061 2906 paupe-

437 2923 628 2980 oribus
670 2925 964 2994 aequaliter
1018 2925 1193 2980 Deum
1260 2925 1557 2995 quaeratis;
1603 2926 1750 2996 quod
1797 2926 2056 2982 ell‘eetum

2161 480 2253 517 τον
2293 464 2476 534 ἑαυτῷ
2519 464 2774 526 ἐλεεινῶς
2815 461 3166 527 ἀποκλείσει,
3203 460 3269 514 δι’
3327 454 3542 514 ἔνδειαν
3577 459 3754 513 ἐλαίου

2163 555 2262 621 τῆς
2305 550 2589 620 λαμπάδος
2633 549 3070 620 ἀποσϐεσθείσης
3093 562 3108 578 '
3141 547 3490 617 ἐλεημοσύνη
3519 545 3632 616 γὰρ
3660 547 3756 598 αύ-

2160 639 2288 702 τοὺς
2314 641 2486 694 ἐλεεῖν
2517 641 2729 709 πέφυκε
2767 639 3016 709 πρώτους
3043 680 3056 702 ,
3098 639 3194 692 καὶ
3227 637 3486 707 μεγάλων
3515 637 3754 706 ἐξαιρεί-

2163 728 2288 782 σθαι
2319 727 2504 782 κακῶν
2535 731 2662 792 τοὺς
2683 730 2886 798 ἑαυτῆς
2909 725 3172 797 ἐργάτας.
3195 725 3363 778 αὑτὸν
3389 725 3602 776 ἐκεῖνον
3623 725 3753 794 ὁμο-

2157 816 2424 882 λογοῦντα
2442 816 2680 887 Χριστὸν
2705 815 2928 884 ἔχουσα,
2956 817 3050 868 καὶ
3083 815 3160 876 είς
3185 813 3383 866 ἑαυτὸν
3420 811 3754 882 ἀναδεχόμε-

2159 919 2289 965 νον,
2335 905 2425 956 τὸν
2463 906 2544 966 εἰς
2593 904 2722 965 τοὺς
2771 906 3012 973 πένητας
3067 901 3235 954 ἔλεον.
3291 902 3424 970 Ἐφ’
3454 899 3609 953 ὅσον
3646 896 3756 970 γὰρ

2159 991 2513 1060 ἐποιήσατε,
2539 993 2726 1061 φησὶν,
2741 991 2830 1044 ἑνὶ
2851 993 3082 1044 τούτων
3103 989 3607 1057 τῶνέλαχίστων,
3627 989 3754 1057 ἐμοὶ

2157 1079 2488 1146 ἐποιήσατε
2509 1097 2523 1110 ο
2577 1079 2768 1150 ὥσπερ
2813 1080 2840 1132 6
2887 1078 2963 1149 μὴ
2989 1079 3079 1131 τὸν
3109 1077 3342 1146 ἀδελφὸν
3372 1077 3544 1130 ἐλεῶν
3570 1076 3752 1140 πάλιν,

2159 1169 2252 1220 τὸν
2279 1169 2404 1220 Υἱὸν
2430 1169 2523 1221 τοῦ
2553 1169 2688 1222 Θεοῦ
2723 1168 2910 1237 σαφῶς
2937 1168 3190 1238 ἤρνηται,
3221 1165 3430 1237 τρόπον
3467 1165 3593 1220 τινὰ
3617 1166 3755 1219 κατὰ
3825 1187 3832 1190 ·

2159 1257 2284 1318 τοὺς
2311 1257 2705 1318 Σαδδουκαίους
2735 1259 2798 1326 τῇ
2828 1255 3124 1307 ἀναστάσει
3153 1253 3248 1306 καὶ
3275 1253 3444 1316 αὐτὸς
3485 1254 3751 1318 ἀπιστῶν,

2159 1345 2254 1395 καὶ
2282 1344 2416 1414 πρδς
2446 1343 2546 1405 τὰς
2596 1343 2805 1396 ἐκεῖθεν
2831 1343 2893 1395 ού
2921 1340 3106 1394 διαὸλέ
3119 1358 3230 1394 πων
3261 1341 3513 1403 ἐλπίδας.
3543 1342 3634 1412 Μὴ
3663 1341 3752 1395 οὖν

2161 1426 2539 1503 προτιμήσητε
2569 1432 2666 1499 τῆς
2699 1429 2793 1483 τοῦ
2839 1428 3070 1498 ἀδελφοῦ
3102 1429 3292 1500 χρείας
3321 1428 3416 1480 τὸν
3445 1428 3751 1499 ὲγκρυπτό-

2163 1537 2327 1590 μενον
2377 1521 2491 1582 τοῖς
2542 1522 2792 1589 χρήμασι
2824 1518 3084 1587 δαίμονα,
3120 1518 3178 1580 ὃς
3217 1517 3310 1570 καὶ
3345 1518 3498 1588 αὐτῷ
3532 1519 3749 1588 Χριστῴ

2157 1608 2466 1678 τετόλμηκε
2497 1607 2829 1678 προσϐαλεῖν
2851 1647 2866 1672 ,
2894 1606 3134 1676 εἰρηκώς
3155 1621 3170 1636 ο
3211 1605 3410 1659 Ταῦτα
3431 1604 3634 1662 πάντα
3654 1621 3748 1660 σοι

2090 1719 2132 1774 Β
2159 1695 2354 1762 δώσω,
2375 1697 2484 1751 ὲαν
2503 1695 2708 1749 πεσὼν
2720 1693 3164 1764 προσκυνήσῃς
3171 1712 3275 1762 μοι
3295 1711 3310 1727 ’
3333 1696 3410 1765 μὴ
3429 1697 3494 1765 τῇ
3516 1698 3745 1765 κοσμικῇ

2161 1781 2437 1852 φαντασία
2465 1781 2556 1833 τὸν
2579 1778 2679 1850 τὴν
2713 1779 2993 1848 πτωχείαν
3023 1778 3116 1830 τοῦ
3157 1778 3396 1848 πένητος
3439 1777 3749 1847 ὑπερχόμε-

2161 1887 2272 1936 νον,
2301 1871 2398 1923 καὶ
2433 1869 2508 1940 μὴ
2530 1869 2723 1938 ἔχοντα
2750 1865 2854 1919 ποῦ
2883 1866 2982 1938 ,τὴν
3011 1865 3258 1936 κεφαλὴν
3279 1865 3488 1929 κλῖναι,
3515 1866 3744 1935 Χριστὸν

2157 1960 2490 2029 ἀτιμάσητε,
2521 1952 2581 2010 οὗ
2621 1957 2762 2008 εἰσιν
2791 1956 2840 2007 οἱ
2869 1955 3092 2024 οὐρανοὶ
3124 1955 3217 2006 καὶ
3253 1955 3288 2022 ὴ
3324 1953 3422 2022 γῆ.
3472 1951 3629 2006 Ἐπεὶ
3656 1955 3744 2006 καὶ

2172 2047 2424 2117 Ἀϐραὰμ
2471 2043 2685 2110 ξενίσας
2722 2038 2829 2096 οἶδε
2869 2042 3003 2095 Θεὸν
3059 2043 3156 2094 σὺν
3210 2041 3475 2110 ἀγγέλοις
3510 2041 3659 2095 δυσὶν
3689 2042 3746 2094 ἐν

2157 2137 2440 2205 ὁδοιπόρου
2463 2135 2704 2204 σχήματι
2725 2147 2738 2162 °
2761 2133 2964 2200 ὁμοίως
2983 2130 3040 2183 δὲ
3066 2131 3162 2184 καὶ
3177 2131 3305 2184 Λὼτ
3327 2130 3596 2199 ἀγγέλους
3617 2131 3742 2184 ὑπο-

2157 2223 2473 2294 δεξάμενος.
2519 2219 2683 2274 Ἀλλὰ
2707 2222 2804 2274 καὶ
2827 2223 2886 2273 ὲν
2915 2219 3158 2290 πλουσίῳ
3183 2220 3280 2272 καὶ
3313 2221 3513 2290 πένητι
3538 2219 3741 2289 ζητεῖτε

2157 2309 2316 2374 Θεὸν,
2337 2307 2578 2376 πένητας
2604 2304 2705 2374 μὲν
2727 2303 2802 2369 ὡς
2837 2303 3153 2366 πλουσίους,
3182 2304 3482 2366 πλουσίους
3511 2304 3567 2356 δὲ
3589 2303 3739 2356 πάλιν

2156 2397 2232 2459 ὡς
2269 2396 2507 2467 πένητας
2530 2394 2892 2464 λογιζόμενοι,
2927 2393 3095 2454 πόδας
3120 2409 3180 2445 τε
3215 2392 3402 2444 αὐτῶν
3438 2392 3556 2462 μετ’
3587 2393 3736 2462 εύχαὲ

2161 2486 2372 2554 ριστίας
2402 2484 2538 2538 Θεοῦ
2571 2487 2662 2536 καὶ
2687 2484 2914 2552 ἀγάπης
2951 2483 3008 2534 ὲν
3049 2479 3295 2534 διαθέσει
3325 2481 3506 2550 ψυχῆς
3530 2479 3731 2534 νίπτον-

2156 2591 2268 2640 τες,
2300 2576 2394 2629 καὶ
2423 2573 2622 2644 ἱλαρῶς
2657 2574 2841 2638 αὐτοῖς
2861 2575 2925 2628 ὲκ
2951 2574 3060 2628 τῶν
3083 2574 3256 2626 ὄντων
3281 2570 3647 2645 ἐπαρκοῦντες
3669 2572 3730 2624 τὰ

2157 2663 2294 2734 πρὸς
2325 2663 2421 2732 τὴν
2450 2663 2662 2734 χρείαν,
2689 2661 2765 2726 ὡς
2796 2663 2893 2716 ἕνα
2925 2679 2984 2715 τε
3015 2665 3140 2726 τοὺς
3170 2663 3386 2725 πάντας
3419 2661 3668 2732 ὁρῶντες,
3698 2661 3726 2730 ἢ

2159 2753 2253 2805 καὶ
2311 2753 2548 2823 Χριστὸν
2604 2754 2662 2805 ὲν
2717 2753 2904 2814 αὐτοῖς
2959 2751 3162 2822 μᾶλλον
3212 2753 3352 2823 ὁρᾷν
3407 2750 3729 2820 νομίζοντες.

2159 2839 2398 2903 Πλοῦτος
2425 2843 2702 2910 μοναχοῖς,
2729 2840 2950 2910 ἀδελφοὶ
2978 2840 3074 2894 καὶ
3098 2839 3370 2912 Πατέρες,
3405 2841 3438 2910 ἡ
3469 2836 3728 2908 ἀκτησίαδ

2158 2931 2208 2982 εί
2237 2928 2298 2981 δὲ
2319 2929 2586 2997 κέκτηται
2611 2945 2716 2992 τις,
2751 2927 2827 2999 μὴ
2867 2928 3045 2998 ἑαυτῷ
3073 2927 3302 2998 μᾶλλον,
3330 2927 3466 2982 ἀλλὰ
3499 2926 3572 2998 τῷ
3599 2925 3730 2998 πλη-

471 3013 696 3078 dabitis,
723 3017 769 3069 si
790 3015 1155 3070 consideretis
1182 3015 1234 3070 in
1265 3031 1510 3085 paupere
1543 3016 1772 3075 divitem
1795 3025 2058 3073 etcontra

2165 3016 2274 3070 σίον
2303 3015 2617 3085 κεκτήσθω.

475 3107 529 3160 in
557 3106 724 3162 divite
756 3123 1088 3177 pauperem;
1125 3108 1171 3163 si
1195 3108 1365 3177 pedes
1397 3123 1591 3163 eorum
1620 3109 1817 3165 lavetis
1842 3125 1971 3165 cum
2019 3108 2320 3180 gratiarum
2351 3108 2570 3162 actione
2606 3105 2954 3162 etcharitate
2979 3105 3036 3161 in
3077 3102 3526 3160 testiﬁcationem
3557 3099 3737 3160 animi.

474 3202 520 3256 si
565 3202 932 3274 suppeditctis
959 3202 1212 3258 hilariter
1233 3203 1302 3258 de
1327 3201 1686 3259 facultatibus
1717 3205 1920 3259 vestris
1945 3203 2216 3274 quidquid
2248 3217 2440 3258 eorum
2475 3215 2608 3254 usus
2627 3199 2899 3270 deposcit,
2941 3203 2984 3254 si
3019 3198 3262 3268 denique
3293 3197 3578 3252 universos
3603 3193 3740 3248 velut

475 3313 646 3352 unum
683 3297 1028 3357 intueamini.
1050 3304 1144 3352 aut
1177 3299 1360 3367 potius
1391 3299 1671 3355 Christum
1702 3301 1755 3354 in
1783 3301 2044 3356 omnibus
2069 3316 2164 3354 vos
2186 3312 2436 3361 cernere,
2465 3296 2814 3351 existimetis.
2851 3296 3064 3352 Divitiae
3094 3294 3518 3357 monachorum,
3565 3291 3740 3346 Patres

475 3393 810 3462 fratresque,
846 3391 982 3445 nihil
1017 3391 1346 3461 possidere:
1392 3394 1436 3449 si
1481 3395 1606 3465 quis
1655 3405 1835 3451 tamen
1882 3397 1950 3452 iis
1983 3395 2251 3458 abundet,
2285 3408 2397 3447 non
2437 3392 2542 3446 sibi
2579 3393 2762 3462 potius
2787 3392 3034 3447 abundet
3077 3401 3242 3462 quam
3275 3388 3543 3462 praximo.

545 3481 634 3536 53.
667 3481 746 3536 Eo
775 3482 1175 3537 connitendum
1231 3485 1524 3550 monacho,
1563 3494 1626 3540 ut
1664 3494 1779 3540 tum
1831 3500 2064 3554 corpore

479 3580 594 3626 tum
624 3573 809 3626 animo
845 3573 1138 3628 continens
1161 3575 1251 3628 sit.
1281 3574 1336 3630 Si
1379 3592 1544 3646 quem
1576 3587 1824 3632 vestrum
1861 3577 2066 3632 lasciva

478 3661 738 3732 cogitatio
791 3661 1051 3723 incessat,
1083 3663 1304 3728 fratres,
1345 3664 1399 3718 in
1448 3665 1728 3720 anxietate
1756 3665 1989 3734 Spiritus
2010 3669 2067 3718 et

479 3753 904 3822 compunctione
929 3753 1114 3808 cordis
1152 3754 1477 3824 confugiens
1509 3755 1576 3809 ad
1609 3756 1806 3813 Deum.
1833 3753 1908 3808 ita
1939 3766 2065 3806 cum

479 3845 736 3916 lacrymis
758 3846 962 3902 clamet
989 3861 1004 3899 :
1033 3846 1263 3901 Domine
1289 3848 1417 3902 Jesu
1454 3848 1696 3913 Christe,
1727 3855 1784 3900 tu
1826 3846 1920 3916 qui
1966 3844 2069 3898 mi-

478 3935 718 3991 sericors
750 3945 807 3991 et
833 3936 1128 3991 miserator
1156 3938 1324 4000 Deus,
1357 3937 1450 4007 qui
1477 3938 1647 3993 totius
1672 3935 2068 3992 consolationis

478 4028 766 4094 Dominus,
817 4036 872 4083 tu
907 4029 1002 4100 qui
1034 4029 1188 4084 fuisti
1243 4044 1482 4099 semper,
1529 4030 1861 4097 futurusque
1903 4041 1964 4082 es
2010 4027 2067 4081 in

478 4127 772 4186 :eternum,
809 4130 864 4177 tu
911 4122 1007 4190 qui
1059 4121 1477 4177 amantissimus
1509 4121 1683 4176 nostri
1735 4121 1919 4181 Pater,
1971 4118 2066 4188 qui

477 4210 820 4266 confidentes
851 4213 906 4266 in
930 4221 982 4266 te
1009 4228 1120 4267 non
1152 4213 1360 4283 pateris
1381 4211 1680 4277 confundi;
1707 4221 1790 4275 tu,
1821 4210 2064 4280 inquam,

477 4302 633 4373 eripe
675 4289 776 4357 ’ωε
821 4319 887 4357 ex
928 4312 1201 4373 ponestale
1252 4305 1521 4369 hostium,
1561 4317 1824 4374 succurre
1871 4303 2068 4358 animae

479 4409 635 4458 meae,
669 4395 880 4458 salvum
921 4411 1008 4451 me
1065 4397 1152 4453 fac
1207 4397 1262 4450 in
1297 4393 1682 4452 misericordia
1709 4401 1824 4457 tua,
1861 4403 1916 4449 tu
1972 4395 2064 4462 qui

476 4488 775 4544 exsultatio
799 4505 928 4555 una
945 4505 1024 4545 es.
1071 4489 1271 4545 Libera
1299 4505 1387 4544 me
1404 4489 1474 4543 ab
1503 4487 1722 4542 insidiis
1745 4503 1937 4542 eorum
1971 4490 2066 4558 qui

477 4577 970 4634 circumdederunt
997 4595 1084 4638 me
1107 4597 1121 4633 :
1148 4589 1204 4633 tu
1230 4581 1436 4649 quippe
1459 4578 1631 4641 nosti,
1657 4577 1750 4646 qui
1777 4579 1926 4634 solus
1947 4595 2066 4634 om-

481 4667 572 4722 nia
597 4669 766 4735 nosti,
792 4678 848 4723 et
871 4686 1038 4739 quem
1069 4686 1139 4726 ne
1169 4668 1495 4724 abscondita
1525 4667 1750 4738 quidem
1775 4671 1959 4725 cordis
1987 4670 2068 4724 la-

2240 3483 2342 3550 λγ⁸.
2377 3483 2580 3550 Ἔργον
2631 3481 2890 3551 μοναχοῦ,
2934 3481 3260 3551 σωφροσύνη
3321 3479 3585 3550 σώματος,
3615 3474 3738 3530 ἀλλᾶ

2171 3574 2458 3645 καὶψυχῆς
2477 3591 2490 3605 ·
2515 3575 2564 3628 εί
2592 3566 2649 3628 δέ
2667 3591 2788 3628 τινα
2815 3573 2992 3642 ὑμῶν,
3026 3573 3274 3642 ἀδελφοὶ,
3302 3572 3556 3643 λογισμὸς
3588 3569 3740 3624 ἀκαθ-

2170 3665 2367 3736 αρσίας
2399 3665 2640 3738 είσέλθῃ,
2671 3666 2728 3718 ὲν
2773 3665 2972 3736 συνοχῇ
3036 3664 3354 3735 πνεύματος
3396 3665 3490 3718 καὶ
3529 3658 3736 3732 καρδίας

2167 3757 2450 3828 όλολυγμῷ
2494 3757 2630 3830 πρὸς
2655 3757 2788 3810 Θεὸν
2824 3757 2961 3828 μετὰ
3007 3755 3266 3824 δακρύων
3311 3757 3494 3810 ἐκεῖνα
3538 3744 3734 3824 βοὰτω³

2168 3850 2415 3904 Δέσποτα
2444 3849 2670 3920 Χριστὲ,
2715 3850 2743 3902 6
2796 3847 2907 3901 τῶν
2955 3829 3262 3918 οἰκτίρμῶν
3307 3847 3403 3900 καὶ
3439 3846 3530 3899 τοῦ
3569 3838 3736 3902 ἐλέους

2169 3942 2324 4010 Θεὸς,
2367 3944 2395 3996 ὁ
2433 3944 2612 4014 πάσης
2659 3940 3057 4012 παρακλήσεως
3097 3940 3327 4010 Κύριος,
3361 3940 3391 3992 6
3427 3939 3512 3991 ἀεὶ
3554 3935 3624 3988 ὣν
3653 3930 3734 3986 καί

2169 4031 2439 4102 διαμένων
2467 4033 2546 4094 εἰς
2581 4032 2710 4094 τοὺς
2743 4029 3036 4094 alimus/6
3065 4029 3219 4099 μόνος
3259 4027 3609 4099 φιλόστοργος
3638 4021 3735 4073 Παλ

2169 4123 2294 4194 τῆρ’
2319 4125 2345 4176 ὁ
2369 4125 2496 4186 τοὺς
2525 4123 2616 4176 ἐπὶ
2649 4123 2732 4175 σοὶ
2764 4123 3092 4182 πεποιθότας
3127 4119 3203 4190 μὴ
3232 4117 3624 4188 καταισχύνων,
3649 4110 3730 4182 {35‘-

2173 4215 2263 4270 σοί
2289 4233 2355 4284 με
2393 4219 2456 4269 ἐκ
2483 4215 2664 4289 χειρὸς
2693 4215 2905 4287 ἐχθρῶν
2935 4232 3059 4285 μου,
3091 4214 3332 4286 πρόσχες
3359 4215 3423 4284 τῇ
3450 4208 3588 4291 ψυχῇ
3622 4221 3732 4276 μου.

2171 4307 2343 4362 σῶσόν
2383 4325 2450 4378 με
2487 4310 2545 4360 ἐν
2567 4307 2646 4376 τῷ
2675 4307 2816 4361 ἐλέει
2837 4323 2932 4360 σου
2963 4305 3023 4360 τὸ
3045 4305 3363 4377 ἀγαλλίαμά
3401 4321 3520 4374 μου,
3550 4299 3721 4370 λύτρω

2171 4401 2260 4453 σαί
2312 4417 2379 4469 με
2426 4400 2534 4452 ἀπὸ
2573 4399 2683 4452 τῶν
2729 4398 3130 4453 κυκλωσάντων
3167 4413 3268 4468 με·
3307 4398 3371 4451 σὺ
3397 4396 3504 4466 γὰρ
3531 4387 3732 4450 οἶδαςιὸ

2172 4491 2330 4561 μόνος
2360 4492 2538 4544 πάντα
2573 4486 2752 4553 είδὼς,
2783 4490 2843 4542 ὃν
2869 4489 3025 4544 οῦδὲν
3087 4489 3205 4545 οὐδὲ
3257 4486 3366 4541 τῶν
3400 4487 3496 4556 τῆς
3527 4479 3731 4552 καρδίας

2168 4576 2416 4648 κρυφίων
2457 4575 2643 4630 λαϐεῖν
2690 4577 2936 4642 δύναται,
2977 4577 3053 4639 ὡς
3099 4577 3199 4628 οὐκ
3248 4577 3388 4646 ἐμῆς
3433 4576 3538 4628 εισι
3572 4567 3727 4623 ταῦτα

2167 4665 2397 4736 γνώμης
2429 4665 2716 4737 γεώργιον,
2750 4666 2888 4721 ἀλλά
2921 4667 3066 4721 κατά
3092 4667 3226 4720 πολύ
3262 4683 3353 4738 μοι
3389 4662 3451 4718 τὺ
3494 4659 3728 4716 ἀκούσιον

481 4770 598 4816 tere
627 4771 884 4831 possunt.
911 4771 994 4828 tu,
1027 4763 1276 4832 inquam,
1303 4761 1476 4823 nosti,
1511 4761 1822 4816 istiusmodi
1848 4763 2059 4834 impura

2171 4756 2409 4826 ἐπεφύη.
2434 4759 2718 4828 Μνήσθητι
2749 4758 2830 4812 ὅτι
2880 4756 3010 4828 χοῦς
3049 4759 3184 4828 εἰμι,
3225 4759 3318 4812 καὶ
3353 4755 3426 4826 μὴ
3467 4755 3545 4815 εἰς
3579 4747 3728 4834 κατὰ·

477 4851 736 4922 eogitata,
767 4869 874 4907 non
907 4869 938 4908 a
969 4869 1056 4909 me
1090 4853 1378 4914 accersita,
1409 4852 1504 4908 sed
1535 4852 1764 4908 invitum
1797 4856 2062 4910 multum-

477 4958 587 5012 que
635 4941 1005 5000 reluctantem
1063 4943 1312 4999 animum
1337 4943 1597 5000 subiisse.
1632 4945 1906 5002 Memento
1933 4947 2062 5018 quia

479 5032 663 5100 pulvis
686 5048 830 5099 sum,
861 5047 985 5097 nec,
1033 5047 1244 5102 quaeso,
1288 5033 1343 5086 in
1373 5035 1886 5092 condemnationem
1927 5036 2062 5090 mihi

481 5122 572 5179 illa
591 5123 813 5179 cedant.
833 5123 1088 5190 Domine,
1105 5123 1354 5190 Domine,
1369 5125 1544 5182 virtus
1563 5127 1754 5182 salutis
1777 5143 1932 5193 mem,
1957 5127 2062 5183 sub

481 5214 679 5270 umbra
713 5221 804 5267 tua
835 5219 1064 5284 protege
1105 5229 1191 5268 me
1223 5215 1278 5269 in
1310 5216 1398 5276 die
1431 5217 1584 5273 belli.
1647 5219 1724 5274 Ne
1760 5218 2064 5275 tradideris

473 5321 588 5366 me.
621 5303 878 5368 Domine,
902 5318 934 5357 a
963 5306 1584 5376 concupiscentiismeis
1605 5311 1884 5382 peccaturi
1916 5327 1932 5366 :
1960 5312 2064 5366 mi-

477 5409 666 5450 serere
689 5393 821 5460 mei,
843 5393 1011 5460 Deus,
1041 5397 1304 5454 miserere
1333 5401 1464 5465 mei,
1486 5401 1748 5472 quoniam
1777 5402 1832 5456 in
1856 5410 1909 5456 te
1927 5416 2062 5456 con-

481 5487 604 5541 ﬁdit
637 5484 822 5540 anima
848 5501 990 5552 mea,
1017 5499 1072 5545 et
1097 5490 1202 5546 sub
1224 5492 1416 5550 umbra
1447 5494 1661 5548 alarum
1686 5503 1905 5548 tuarum
1935 5507 2062 5562 spe-

483 5579 620 5632 rabo
644 5597 660 5630 :
695 5577 840 5632 Deus
864 5593 1039 5648 meus,
1067 5598 1135 5638 ne
1161 5581 1322 5654 longe
1355 5585 1584 5640 recedas
1611 5599 1640 5638 a
1669 5599 1754 5640 me
1785 5601 1798 5637 :
1825 5584 1972 5638 Deus
2003 5583 2058 5637 in

549 5691 790 5748 'Mattb.
828 5708 950 5760 xxv,
1003 5696 1094 5754 40.
1169 5699 1190 5730 '
1242 5697 1433 5755 Matth.
1483 5715 1556 5764 ιν,
1591 5701 1646 5755 9.

2173 4863 2348 4918 κριμα
2405 4846 2710 4914 λογισθήτω
2753 4863 2860 4917 μοι.
2921 4844 3115 4916 Κύριε,
3163 4846 3353 4916 Κύριε,
3383 4843 3603 4910 δύναμις
3641 4833 3728 4903 τῆς

2172 4937 2448 5008 σωτηρίας
2483 4953 2608 5006 μου,
2637 4937 2957 4992 ἑπισκίασον
2995 4938 3090 4990 ἐπὶ
3129 4938 3232 5009 τὴν
3270 4933 3514 5004 κεφαλήν
3549 4940 3646 4998 μου
3677 4924 3727 4973 ἐν

2171 5029 2356 5100 ἡμέρᾳ
2385 5027 2660 5098 πολέμουο
2692 5027 2767 5099 μὴ
2800 5028 3060 5101 παραδῷς
3118 5046 3206 5100 με,
3264 5027 3457 5095 Κύριε,
3501 5015 3604 5074 ἀπὸ
3641 5011 3728 5080 τῆς

2170 5119 2468 5192 ἐπιθυμίας
2493 5137 2596 5190 μου
2624 5121 2935 5193 ἁμαρτωλῷ
2953 5137 2968 5151 ’
2987 5121 3212 5192 ἐλέησόν
3242 5137 3330 5191 με,
3353 5120 3382 5172 6
3411 5113 3558 5172 Θεὸς.
3589 5101 3726 5170 ἐλέη·

2173 5214 2266 5267 σόν
2298 5230 2388 5282 με,
2420 5215 2503 5267 ὅτι
2536 5215 2628 5267 ἐπὶ
2657 5215 2737 5268 σοὶ
2771 5213 3031 5268 πέποιθεν
3062 5216 3096 5286 ή
3130 5213 3274 5286 ψυχή
3319 5227 3442 5282 μου,
3475 5201 3566 5258 καὶ
3589 5195 3722 5263 ἐντῇ

2167 5307 2305 5377 σκιᾷ
2332 5305 2442 5359 τῶν
2471 5307 2759 5378 πτερύγων
2801 5323 2895 5361 σου
2925 5306 3100 5359 ὲλπιῶ
3119 5321 3134 5337 ’
3165 5303 3344 5366 ὀθεός
3375 5313 3494 5370 μου.
3527 5291 3598 5362 μὴ
3631 5299 3722 5357 μα’

2172 5396 2380 5470 κρύνῃς
2411 5399 2507 5456 ἀπ’
2538 5400 2695 5469 ἐμοῦ,
2736 5401 2764 5453 6
2792 5399 2928 5463 Θεός
2961 5415 3084 5469 μου,
3117 5400 3198 5462 είς
3222 5399 3322 5465 τὴν
3361 5383 3720 5470 “donavit?”

2172 5463 2440 5561 πρόσξες·
2510 5463 2706 5563 βοηθός
2782 5507 2885 5562 μου
2911 5463 3006 5545 καὶ
3023 5489 3238 5562 ,ῥύστης
3265 5463 3364 5562 μου
3387 5479 3433 5536 εἶ
3457 5479 3540 5545 σὺ,
3559 5474 3586 5526 ὁ
3603 5463 3723 5528 Θεάΐ

2177 5599 2302 5652 μου,
2334 5580 2408 5654 μὴ
2437 5585 2710 5656 χρονίσῃς.
