3898 6416
196 364 307 433 3017
1189 365 1365 425 VlTA
1404 367 1449 422 Α
1495 364 1540 423 Ν
1552 364 1741 422 l'CEPI

1847 363 1925 422 i0
1957 354 2443 424 ‘CONSCRIPTA.

196 481 493 556 adjutorium
531 488 722 535 meum
797 478 1045 546 intende,
1095 480 1290 550 adjuva
1339 493 1447 541 me,
1506 478 1765 546 quoniam
1805 477 2067 531 liberator
2108 492 2264 531 meus
2310 491 2370 531 es
2425 486 2479 529 ιιι
2521 491 2532 526 :

195 594 353 634 ame.
2554 632 2559 635 .

250 671 331 723 λδν.
360 668 536 722 Ταῦτα
590 669 619 721 ὁ
676 670 947 740 ῥυπαροῖς
999 669 1277 737 λογισμοῖς
1328 666 1729 736 πολεμούμενος

1899 666 1987 719 54.
2022 665 2099 720 Ita
2145 665 2210 718 ad
2245 666 2415 718 Deum
2442 677 2557 724 ora,
2603 660 2851 731 quisquis
2888 660 3118 729 impuris
3138 661 3404 717 sordidis-

194 759 458 829 προσεύχου
493 759 639 830 Θεῷ·
684 757 805 813 εἶτα
856 760 1011 832 ῥίψον
1050 762 1149 830 τὴν
1195 761 1398 814 οίκείαν
1444 760 1726 814 ἀσθένειαν

1847 772 1940 826 rue
1990 755 2419 826 cogitationibus
2472 753 2778 817 infestaris;
2836 750 3038 805 deinde
3101 760 3407 818 prostratus

194 850 390 904 ἐνώπιον
440 851 537 919 τῆς
588 851 755 903 αὐτοῦ
794 849 1151 920 ἀγαθότητος,
1186 850 1281 903 καὶ
1324 850 1487 912 αὐτὸς
1527 851 1583 902 ἐν
1614 851 1727 911 τοῖς

1847 858 1960 902 inte
1990 848 2233 902 divinam
2267 848 2414 902 illam
2460 846 2787 909 bonitatem,
2835 841 3210 897 infirmitatem
3257 852 3405 897 tuam

195 939 514 1010 μεταφρένοις
557 938 725 992 αὐτοῦ
782 938 987 1003 εὐθέως
1039 940 1349 994 ἐπισκιάσει
1396 954 1500 992 σοι.
1566 938 1730 990 Ἀπο-

1847 939 2129 1004 :onfitere;
2159 948 2215 993 et
2253 939 2370 1009 ipsa
2394 937 2660 993 continuo
2691 937 2744 990 in
2780 934 3087 990 visceribus
3131 934 3249 988 suis
3278 949 3407 1004 pro-

1834 1037 1981 1100 teget
2012 1038 2084 1084 te.
2111 1030 2483 1084 Exterminate
2506 1029 2674 1099 igitur
2699 1044 2730 1082 e
2748 1026 3027 1081 mentibus
3048 1025 3269 1089 vestris,
3296 1026 3410 1079 fra-

1836 1128 1969 1185 tres,
1988 1106 2348 1190 cogitationes
2360 1129 2571 1189 turpes,
2590 1133 2726 1188 quas
2742 1115 3075 1173 abundantia
3089 1116 3403 1183 ventrisque

1836 1213 2063 1267 satietas
2088 1213 2229 1267 solet
2254 1227 2448 1281 parere
2473 1228 2487 1265 :
2509 1225 2700 1281 pacem
2728 1223 2859 1263 vero
2882 1215 2939 1262 et
2964 1205 3307 1262 sanctitatem
3326 1219 3412 1258 se-

1836 1302 2063 1356 ctamini
2083 1302 2288 1372 potius,
2306 1303 2425 1357 sine
2452 1301 2655 1371 quibus
2673 1314 2836 1355 nemo
2854 1299 3067 1353 videbit
3095 1295 3407 1357 Dominum,

1835 1395 1931 1463 qui
1952 1394 2387 1448 machinationes
2407 1392 2615 1447 inimici
2635 1407 2744 1446 non
2760 1390 2959 1446 celavit
2979 1402 3110 1444 nos:
3135 1403 3242 1441 non
3266 1386 3409 1441 enim

1838 1486 2156 1555 ignoramus
2178 1484 2406 1539 consilia
2432 1485 2620 1553 ipsius.
2648 1482 2703 1537 Si
2727 1483 2854 1553 quis
2878 1489 3062 1536 autem
3082 1490 3323 1534 vestrum
3345 1478 3411 1533 ad

1837 1576 2254 1631 immoderatam
2291 1577 2399 1632 cibi
2437 1577 2807 1647 appetentiam
2844 1574 3048 1629 irritari
3092 1588 3151 1629 se
3193 1574 3409 1635 sentiat,

1834 1669 2064 1741 cogitet,
2093 1670 2219 1741 quis
2241 1670 2389 1724 illam
2421 1668 2624 1724 excitet
2659 1667 2738 1722 :si
2763 1666 2888 1737 quis
2914 1682 2943 1720 a
2975 1665 3181 1720 carnali
3216 1679 3416 1717 concu-

1842 1760 2111 1829 piscentia
2145 1760 2461 1821 incalescat,
2498 1758 2719 1827 indaget
2740 1756 2864 1826 quis
2888 1756 3068 1825 ignem
3104 1754 3257 1807 illum
3288 1767 3413 1806 suc-

1828 1843 2072 1917 cendat;
2111 1851 2520 1919 constituatque
2552 1847 2693 1918 apud
2725 1863 2783 1902 se
2836 1846 2966 1901 mali
3000 1845 3330 1915 principium
3355 1860 3417 1898 ac

1843 1942 2082 1996 radicem
2131 1941 2352 2011 penitus
2413 1941 2670 1995 evellere.
2735 1939 2885 1993 State
2909 1937 3096 2007 igitur,
3156 1944 3215 1990 ut
3247 1951 3415 2006 gene-

1842 2048 2001 2088 rosos
2035 2033 2247 2102 pugiles
2300 2032 2480 2096 decet,
2504 2030 2868 2101 dijudicantes
2896 2027 3278 2096 vosmetipsos,
3309 2025 3416 2080 fra-

1844 2134 1996 2191 tres;
2052 2132 2109 2180 et
2146 2123 2283 2179 certi
2312 2134 2493 2178 estote
2545 2121 2694 2191 quod
2746 2120 2927 2175 omnis
2956 2118 3194 2173 efﬁcacia
3235 2127 3292 2172 et
3335 2117 3418 2171 vis

1840 2212 2053 2284 peccati
2099 2221 2415 2269 evanescet.
2460 2212 2586 2267 Hmc
2612 2220 2879 2281 perpetuo
2929 2208 3278 2273 meditantes,
3304 2207 3420 2262 haec

1844 2304 2036 2359 sedulo
2075 2304 2219 2373 apud
2264 2303 2626 2372 vosmetipsos
2665 2300 3057 2379 expendentes,
3107 2296 3421 2352 benedicite

1844 2395 2110 2449 Domino:
2137 2404 2196 2449 ut
2227 2395 2504 2465 profectus
2521 2401 2705 2448 vester
2731 2390 3114 2446 manifestetur
3135 2389 3421 2459 gloriando

1847 2487 1902 2540 in
1953 2486 2207 2550 Domino,
2234 2486 2387 2557 juxta
2421 2483 2567 2553 quod
2605 2482 2870 2551 scriptum
2910 2489 3016 2543 est,
3054 2488 3109 2537 et
3142 2480 3417 2534 dicendo:

1844 2578 1905 2632 Si
1948 2580 2047 2632 mei
2071 2594 2173 2631 non
2202 2578 2399 2647 fuerint
2442 2576 2719 2640 dominati,
2747 2583 2870 2628 tunc
2908 2572 3282 2627 immaculata:
3310 2589 3419 2635 ero,

1848 2678 1897 2723 et
1916 2669 2239 2724 emundabor
2262 2687 2294 2723 a
2318 2668 2504 2722 delicta
2535 2683 2743 2737 magno,
2771 2673 2822 2718 et
2848 2672 3061 2733 accepta
3089 2672 3241 2717 erunt
3266 2664 3420 2717 verba

1844 2760 1955 2813 oris
1993 2760 2095 2812 mei
2126 2757 2167 2812 ⁸.
2220 2758 2396 2811 Erunt
2444 2765 2627 2811 autem
2683 2763 2815 2808 tunc
2864 2752 3198 2822 acceptiora,
3232 2753 3423 2807 Patres

1850 2852 2155 2920 fratresque
2189 2849 2316 2913 mei,
2362 2848 2530 2903 verba
2555 2847 2668 2901 or‘is
2700 2846 2895 2910 nostri,
2922 2844 3163 2913 quando.
3200 2843 3420 2898 invictis

1850 2943 2010 2996 nobis
2024 2940 2499 3011 permanentibus,
2538 2938 2795 3009 lacrymis
2820 2951 3038 3007 quoque
3074 2934 3259 2990 cordis
3286 2950 3422 2990 con-

1849 3032 1966 3087 dita
2002 3032 2232 3087 fuerint.

3260 359 3399 425 3018

2588 475 2735 529 Deus
2789 487 2967 539 meus,
3011 489 3078 528 ne
3130 473 3401 547 clongem

195 1029 456 1098 στρέφεσθε
486 1027 687 1092 τοίνυν,
709 1028 1090 1097 ἀδελφοὶηοὺς
1119 1028 1397 1098 ῥυπαροὺς
1414 1027 1728 1095 λογισμοὺς,

190 1094 263 1181 οὓς
305 1094 467 1172 τίκτει
511 1119 573 1171 τὸ
631 1094 907 1189 πλήρωμα
950 1118 1048 1185 τῆς
1086 1094 1321 1186 γαστρός
1346 1132 1361 1147 ·
1403 1094 1622 1168 διώκετε
1672 1115 1730 1168 δὲ

193 1209 361 1276 μᾶλλον
389 1209 485 1278 τὴν
506 1210 729 1279 εἰρήνην
760 1209 856 1261 καὶ
887 1208 978 1261 τὸν
1002 1207 1291 1276 ἁγιασμδν,
1324 1201 1398 1258 ὧν
1438 1207 1607 1278 χωρὶς
1634 1207 1727 1259 οὐ·

188 1298 275 1359 δεὶς
293 1298 472 1366 ἅψεται
502 1297 727 1368 Κύριον,
773 1298 832 1360 ὃς
860 1297 980 1349 οὐδὲ
1009 1297 1107 1360 τὰς
1134 1297 1227 1349 τοῦ
1252 1295 1445 1367 ἐχθροῦ
1482 1296 1729 1366 μηχανὰς

188 1386 469 1456 ἀπέκρυψεν
493 1388 583 1455 ἀφ’
612 1386 768 1458 ἡμῶν
786 1404 801 1419 ο
829 1386 952 1439 οὐδὲ
987 1386 1096 1457 γὰρ
1120 1385 1307 1451 αὐτοῦ,
1336 1385 1490 1455 φησὶ,
1513 1386 1583 1438 τὰ
1608 1387 1732 1455 νοή-

191 1495 310 1547 ματα
341 1477 657 1547 ἀγνοοῦμεν.
698 1478 839 1530 Ἀλλ’
874 1478 968 1531 ἐάν
1022 1495 1105 1540 τις
1164 1478 1317 1548 ὑμῶν
1375 1478 1510 1546 πρὸς
1553 1476 1731 1548 ὄρεξιν

189 1568 463 1638 βρωμάτων
511 1568 898 1638 διερεθίζηται,
944 1568 1135 1621 νοείτω
1185 1568 1268 1631 τίς
1313 1569 1341 1619 ὁ
1394 1567 1589 1632 ξαίνων
1635 1568 1731 1638 τὴν

186 1659 338 1727 ὄρεξιν
358 1678 370 1691 ·
402 1661 496 1714 ἐάν
526 1678 609 1725 τις
641 1661 747 1714 ὑπὸ
782 1659 1049 1730 σαρκικοῦ
1080 1660 1316 1729 πολέμου
1344 1658 1732 1730 διαθερμαίνη-

187 1766 275 1817 ται,
304 1753 704 1819 ἐπιγινωσκέτω
749 1753 830 1814 τίς
881 1754 909 1805 ό
956 1753 1016 1803 τὸ
1046 1751 1158 1821 πῦρ
1184 1751 1480 1812 σὰνάπτων,
1520 1752 1613 1802 καὶ
1638 1752 1733 1819 τῆς

185 1844 250 1906 τίς
272 1843 328 1895 τὸ
357 1843 521 1896 κακὸν
542 1843 800 1912 ἀφορμῆς
821 1843 1062 1910 ἐκκοπὴν
1090 1843 1392 1895 ἐπινοείτω.
1420 1842 1588 1910 Στῆτε
1618 1858 1733 1895 τοι·

188 1935 361 2007 γαροῦν
401 1935 473 1997 ὡς
504 1933 741 2004 ἀθληταὶ
775 1937 1031 2002 γενναῖοι,
1075 1933 1457 2004 ἀνακρίνοντες
1510 1936 1735 1998 ἑαυτοὺς

186 2026 256 2079 διὰ
282 2026 490 2092 παντὸς,
525 2027 763 2095 ἀδελφοὶ,
802 2028 896 2079 καὶ
934 2027 1214 2097 οἰχήσεται
1253 2026 1345 2091 ἀφ’
1374 2026 1527 2096 ὑμῶν
1575 2030 1608 2097 ἡ
1637 2028 1735 2096 τῆς
1770 2020 1810 2075 Β

188 2118 427 2189 ἁμαρτίας
454 2119 709 2189 ἐνέργεια
732 2134 746 2149 '
771 2120 828 2171 ἐν
850 2119 1061 2181 τούτοις
1084 2117 1170 2170 ἀεὶ
1195 2118 1548 2187 μελετῶντες,
1569 2118 1740 2172 ταῦτα

187 2212 288 2265 καθ’
310 2214 529 2275 ἑαυτοὺς
560 2211 923 2280 ἐξετάζοντες,
954 2212 1188 2267 stivam
1215 2210 1291 2281 τῷ
1320 2211 1508 2278 οἰκείῳ
1537 2212 1738 2264 Δεσπό-

185 2319 269 2375 τῃο
304 2306 384 2357 ἵνα
413 2306 510 2359 καὶ
548 2306 581 2376 ἡ
607 2306 859 2377 προκοπὴ
891 2305 1045 2376 ὑμῶν
1149 2301 1378 2375 φανερὰ,
1409 2303 1502 2356 τοῦ
1542 2304 1599 2355 ἐν
1626 2305 1741 2356 Κυ-

186 2395 269 2463 ρίῳ
311 2396 616 2466 καυχᾶσθαι
669 2396 810 2451 κατὰ
858 2398 920 2450 τὸ
963 2397 1370 2469 γεγραμμένον,
1398 2396 1493 2450 καὶ
1540 2395 1741 2463 λέγειν,

192 2482 319 2539 Ἐὰν
355 2486 439 2556 μή
489 2506 610 2556 μου
685 2488 1203 2555 κατακυριεύσωσι
1232 2526 1248 2552 ,
1314 2488 1447 2541 τότε
1505 2486 1745 2555 ἄμωμος

185 2573 408 2644 ἔσομαι,
440 2576 543 2630 καὶ
595 2576 1116 2646 καθαρισθήσομαι
1164 2577 1283 2631 ἀπὸ
1324 2578 1612 2645 ἁμαρτίας
1638 2592 1744 2645 μευ

188 2665 382 2734 τάλης,
427 2668 532 2721 καὶ
577 2669 824 2722 ἔσονται
874 2669 962 2733 είς
993 2666 1278 2722 εὐδοκίαν
1308 2666 1379 2720 τὰ
1418 2666 1595 2735 ,λόγια
1635 2666 1745 2721 τοῦ

186 2760 461 2828 στόματός
480 2776 627 2829 μου’
647 2760 859 2813 ἔσονται
897 2760 956 2813 δὲ
985 2762 1105 2814 τότε
1140 2760 1359 2830 μᾶλλον,
1402 2760 1620 2830 ἀδελφοὶ
1650 2761 1745 2815 καὶ

188 2850 422 2922 Πατέρες,
443 2855 527 2914 εἰς
543 2852 809 2916 εὐδοκίαν,
826 2853 954 2907 ὅταν
974 2851 1112 2922 μετὰ
1131 2850 1225 2905 τοῦ
1250 2853 1746 2923 ἀκατακυριεύτους

188 2943 311 3010 ἡμᾶς
331 2939 488 3010 εἶναι,
518 2943 599 2997 ἔτι
638 2943 706 2997 τὰ
747 2943 906 3012 λόγια
940 2944 1035 2997 τοῦ
1069 2944 1332 3014 στόματος
1367 2944 1462 2996 καὶ
1487 2942 1746 3014 δάκρυσιν

188 3027 217 3105 ᾗ
243 3034 450 3104 καρδίας
494 3050 736 3106 κατηρτυ
747 3034 901 3103 μένα.

244 3124 329 3179 λε’.
369 3125 429 3177 Ἢ
465 3124 761 3193 ψαλμῳδία
788 3124 1083 3190 κατάνυξιν
1117 3126 1291 3195 ἐχέτω
1312 3141 1326 3156 ·
1360 3126 1416 3178 αἱ
1462 3125 1594 3196 πρὸς
1618 3123 1741 3177 Θεὸν

1928 3124 2017 3177 '55.
2051 3123 2391 3178 Psalmorum
2430 3130 2628 3179 cautus
2659 3131 2690 3176 e
2719 3120 2886 3176 corde
2918 3126 3248 3190 compuncto
3293 3133 3423 3189 pro-

189 3216 359 3281 ςωναὶ,
384 3217 479 3266 καὶ
523 3214 584 3265 τὸ
612 3214 720 3265 τῶν
742 3213 942 3282 χειρῶν
975 3214 1156 3284 ἔργον,
1181 3216 1255 3277 ὡς
1317 3216 1565 3283 ἀγγέλων
1610 3231 1741 3284 παρ-

1848 3216 2015 3271 cedat
2036 3235 2049 3270 ;
2071 3217 2382 3271 orationum
2403 3215 2586 3287 jacula
2618 3214 2686 3269 ad
2708 3215 2876 3268 Deum
2896 3212 3154 3275 emittite,
3185 3219 3242 3266 et
3260 3225 3426 3279 opera

191 3304 414 3359 εστώτων
443 3306 575 3375 ὑμῖν
611 3305 934 3358 ἐκτελείσθω
956 3321 969 3335 ⁸
1021 3306 1050 3356 ὁ
1081 3306 1174 3359 δύο
1214 3309 1447 3376 χιτῶνας
1478 3308 1641 3378 ἔχων,
1671 3305 1741 3376 τῷ

1857 3309 2133 3366 manualia
2157 3308 2427 3380 perficite,
2457 3321 2728 3361 memores
2747 3319 2967 3375 semper
2994 3302 3295 3375 pra-sentiae
3327 3318 3426 3356 an-

192 3394 253 3464 μὴ
279 3395 445 3464 ἔχοντι
494 3395 803 3464 μεταδότω·
853 3398 887 3464 ἡ
919 3397 1139 3465 νηστεία
1196 3398 1315 3450 καθ’
1361 3397 1573 3469 ἡμέραν
1618 3397 1741 3469 ὑμῖν

1854 3406 2101 3475 gelorum
2136 3421 2149 3456 :
2178 3402 2270 3472 qui
2301 3402 2438 3456 duas
2464 3401 2632 3455 habet
2655 3398 2895 3463 tunicas,
2910 3396 3075 3451 alteri
3100 3396 3303 3449 nullam
3335 3394 3430 3447 ha—

189 3484 325 3554 ἄχρις
345 3488 575 3556 ὲννᾶτης
599 3485 1010 3556 παρατεινέσθω
1026 3503 1040 3517 ·
1065 3490 1413 3558 νηστεύοντες
1431 3490 1486 3543 δὲ
1510 3491 1584 3561 μὴ
1610 3490 1741 3545 κατὰ

1856 3494 2004 3549 benti
2038 3493 2451 3547 communicet:
2483 3477 2871 3562 quotidianum
2910 3486 3179 3561 jejunium
3222 3486 3278 3540 in
3329 3499 3429 3538 no-

189 3575 296 3637 τοὺς
333 3575 638 3646 ὑποκριτὰς
678 3576 1186 3647 σκυθρωπάζωμεν,
1217 3578 1354 3631 ἀλλὰ
1394 3580 1642 3651 φυλακὴν
1672 3580 1741 3650 τῷ

1854 3601 1979 3640 nam
2016 3601 2191 3653 usque
2221 3584 2412 3639 horam
2437 3583 2549 3638 diei
2585 3583 2928 3638 extrahatur.
2962 3583 3031 3634 At
3064 3593 3188 3635 cum
3217 3577 3433 3650 jejuna-

192 3665 397 3734 στὸματι
427 3666 681 3735 θώμεθα,
728 3667 823 3719 καὶ⁵
865 3669 1128 3738 περιοχῆς
1169 3668 1341 3737 θύραν
1377 3673 1488 3733 τοῖς
1524 3671 1741 3739 χείλεσι.

1856 3692 1996 3740 mus,
2029 3675 2333 3731 cavendum
2364 3682 2446 3729 est
2472 3688 2540 3728 ne
2561 3673 2973 3744 hypocritarum
3008 3686 3159 3725 more
3187 3666 3427 3725 luridum

190 3754 319 3827 Ξένῳ
347 3757 564 3826 ἀδελφῷ
599 3756 967 3833 ὑπαντῶντες,
1000 3758 1208 3828 ταχέως
1239 3760 1529 3828 μετάνοιαν
1560 3760 1741 3830 βάλλε-

1854 3777 2221 3834 maestumque
2257 3764 2616 3834 praeferamus
2637 3763 2872 3823 vultum,
2911 3762 3006 3815 sed
3050 3760 3346 3814 videndum
3370 3770 3430 3814 ut

191 3862 257 3911 τε,
290 3847 559 3915 λέγοντες,
611 3846 735 3911 Πῶς
788 3847 1017 3917 ἔχομεν;
1073 3846 1191 3901 εἶτα
1230 3849 1412 3902 δοτέον
1452 3849 1633 3920 χώραν
1684 3853 1741 3918 τῇ

1851 3855 2161 3911 custodiam
2196 3868 2465 3924 ponamus
2508 3853 2593 3907 ori
2634 3860 2691 3908 et
2751 3853 2954 3907 ostium
2999 3851 3429 3905 circumstantiae

192 3941 348 4007 σιωπῇ
371 3955 386 3970 ο
431 3940 481 3991 εί
516 3938 575 3990 δέ
611 3955 717 3990 τινι
753 3938 849 3991 καὶ
881 3938 1226 4009 διαλεχθῆναι
1266 3941 1584 4007 ἀναγκαῖον,
1622 3957 1741 4016 προ·

1856 3945 2017 3999 labiis
2057 3945 2282 4000 nostris.
2318 3943 2455 3999 Cum
2491 3942 2653 3998 fratri
2709 3958 2938 4012 peregre
2983 3940 3298 3996 advenienti
3338 3956 3432 3994 oc-

189 4025 355 4094 τρὲψει
412 4027 506 4078 τὸν
541 4025 767 4094 ἀδελφὸν
806 4027 1027 4099 ἀγάπην
1069 4028 1253 4081 λαϐεῖν
1275 4046 1288 4058 ·
1318 4030 1416 4082 εἴτ’
1448 4025 1540 4082 οὖν
1588 4030 1750 4096 ἄρτον

190 4113 336 4184 ζωῆς,
372 4119 467 4171 καὶ
494 4117 762 4185 φιλοθὲοις
794 4119 957 4171 αὑτὸν
990 4108 1313 4189 διηγήμασι,
1342 4122 1430 4173 καὶ
1456 4119 1753 4181 πολιτείαις

1856 4037 2100 4100 curritis,
2133 4036 2391 4091 celeriter
2428 4035 2695 4090 inclinato
2724 4048 2955 4104 corpore
2988 4033 3154 4088 dicite
3182 4052 3193 4086 :
3217 4033 3431 4102 Ecquid

692 4134 762 4203 ῥις
794 4121 957 4171 αὐτὸν
990 4121 1313 4189 διηγήμασι,
1342 4122 1430 4173 καὶ
1456 4121 1753 4181 πολιτείαις
1856 4128 2143 4182 valemus?
2183 4127 2381 4181 deinde
2419 4141 2519 4181 vos
2559 4127 2761 4181 iterum
2793 4126 3017 4179 silentio
3055 4124 3200 4179 date.
3243 4121 3299 4177 Si
3341 4124 3431 4178 cui

192 4207 430 4280 Πατέρων
461 4210 763 4263 ἑστιατέον.
793 4212 884 4281 Μὴ
914 4210 1193 4280 γινώμεθα
1224 4209 1491 4275 κενόδοξοι
1521 4213 1587 4280 τῇ
1626 4210 1741 4262 δια-

1854 4227 2035 4272 autem
2058 4217 2268 4272 diutius
2294 4217 2719 4286 colloquendum
2761 4226 2867 4279 est,
2894 4216 2988 4271 ille
3022 4215 3250 4270 fratrem
3288 4214 3429 4268 invi-

191 4297 364 4369 λέκτῳ,
394 4300 515 4354 ἀλλ’
546 4302 580 4370 ἡ
605 4301 712 4352 τῶν
736 4300 967 4353 ἐντολῶν
994 4301 1128 4371 ἡμῖν
1155 4303 1379 4371 τήρησις
1421 4302 1619 4371 μᾶλλον
1653 4300 1741 4370 τὴν

1858 4306 1995 4359 tabit
2046 4306 2113 4360 ad
2175 4307 2529 4361 refectionem
2580 4307 2664 4360 vel
2704 4306 2871 4360 etiam
2921 4304 2992 4359 ad
3049 4318 3249 4373 panem
3309 4302 3434 4356 vita:
3493 4348 3505 4357 .

190 4383 345 4457 ἀληθῆ
372 4386 529 4453 δόξαν
558 4387 972 4458 περιποιείσθω,
1016 4390 1073 4441 ἐν
1105 4387 1363 4455 ἁπλότητι
1394 4387 1620 4459 καρδίας
1657 4404 1741 4438 τα-

1857 4393 2322 4457 manducandum,
2365 4403 2477 4448 tum
2509 4393 2924 4448 narrationibus
2974 4393 3225 4446 divinum
3275 4392 3436 4460 quid-

196 4479 573 4549 πεινουμένοις.
617 4478 688 4530 Τὸ
718 4478 1052 4549 φιλόπτωχον
1087 4480 1218 4548 ἡμῖν
1257 4479 1364 4531 ἀπὸ
1390 4476 1482 4530 τοῦ
1513 4478 1741 4545 ὑστερή-

1861 4484 1985 4538 dam
2006 4486 2369 4555 spirantibus,
2390 4496 2505 4541 tum
2533 4494 2852 4542 sanctorum
2876 4486 3101 4541 Patrum
3118 4485 3250 4540 vitis
3283 4499 3437 4539 men-

194 4582 343 4633 ματος
382 4571 525 4624 ἔστω
549 4570 644 4623 καὶ
677 4568 884 4632 ἐνδείας
909 4586 919 4599 ·
953 4571 986 4640 η
1012 4571 1147 4639 πρὸς
1175 4569 1306 4622 Θεὸν
1333 4568 1651 4640 εὐχαριστία
1679 4568 1741 4637 μ’)

1859 4586 1932 4627 sar
1971 4574 2260 4644 appositis.
2296 4574 2617 4631 Cavendum
2644 4583 2727 4631 est
2773 4592 2843 4631 ne
2872 4576 3164 4646 oblingute
3185 4573 3437 4643 peritiam

188 4656 489 4727 ἐκλειπέτω,
513 4660 627 4713 ἀλλ’
651 4662 710 4713 ὲν
737 4659 814 4730 τῷ
837 4661 1061 4729 στόματι
1090 4659 1243 4731 ὑμῶν
1266 4661 1326 4712 τδ
1350 4661 1520 4729 ὄνομα
1549 4660 1741 4729 Κυρίοι

1862 4679 2000 4721 vana
2034 4666 2206 4735 gloria
2270 4666 2618 4733 eﬂ‘eramur;
2662 4667 2762 4721 sed
2815 4667 2995 4722 danda
3043 4667 3230 4737 potius
3272 4680 3438 4736 Opera

191 4747 272 4801 ἐπὶ
302 4753 463 4804 πᾶσιν
498 4750 829 4819 ἀγιαζέσθω,
862 4750 894 4821 ἢ
935 4752 1029 4804 καὶ
1069 4751 1240 4821 στόμα
1273 4749 1473 4818 μᾶλλον
1502 4750 1630 4820 ὑμῖν
1663 4750 1741 4801 καί

1848 4754 1947 4822 Tit,
1977 4757 2233 4813 mandata
2258 4759 2355 4813 Dei
2384 4760 2439 4813 in
2465 4759 2819 4829 simplicitate
2836 4774 2901 4813 ac
2924 4759 3236 4813 humilitate
3254 4756 3439 4814 cordis

191 4839 400 4909 καρδίαν
426 4843 721 4912 ἁγιαζέτω.
1529 4842 1535 4848 ’

1861 4849 2259 4914 custodientes,
2291 4863 2472 4903 veram
2528 4849 2759 4919 gloriam
2809 4862 3165 4916 assequamur
3192 4861 3257 4901 ac
3304 4860 3439 4900 cor.-

196 4928 486 4989 ser'vemus.
512 4934 683 4989 Amor
706 4935 1033 4990 voluntariae
1070 4934 1415 5006 paupertatis
1455 4931 1524 4987 ab
1552 4928 1664 5002 ipsa
1705 4936 1937 5005 penuria
1971 4948 2134 5009 atque
2164 4939 2347 5008 inepia
2392 4939 2576 5007 capiat
2642 4939 3079 4993 incrementum:
3133 4937 3437 5007 gratiarum

190 5027 317 5082 actio
349 5029 463 5083 Deo
495 5028 682 5084 debita
714 5045 993 5100 nunquam
1015 5029 1237 5085 deﬁciat
1304 5028 1482 5090 vobis.
1540 5027 1635 5084 sed
1662 5029 1715 5082 in
1750 5045 1847 5085 ore
1872 5038 2054 5088 vestro
2078 5048 2279 5087 nomen
2307 5031 2524 5086 Domini
2549 5031 2924 5087 sanctificetur
2950 5031 3004 5086 in
3028 5030 3309 5095 omnibus,
3345 5041 3441 5085 aut

190 5128 246 5168 os
262 5128 503 5174 vestrum
530 5121 716 5191 potius
741 5121 1049 5178 sanctificat
1069 5137 1166 5182 cor
1184 5131 1450 5177 vestrum.

250 5207 355 5273 λς’.
397 5212 636 5282 ’Δδελφῴ
669 5213 801 5285 περί
859 5228 1006 5276 τινος
1069 5213 1273 5281 φαύλου
1318 5215 1644 5285 πράγματος
1675 5210 1750 5285 μὴ

198 5301 550 5369 συνδυαστέον,
572 5303 708 5358 ἀλλά
740 5307 1071 5375 προσεκτέον
1103 5306 1304 5376 μᾶλλον
1344 5308 1580 5369 ἑαυτοῖς,
1610 5306 1758 5358 ἀδελ·

1929 5212 2017 5269 36.
2049 5216 2186 5271 Cum
2218 5213 2387 5270 fratre
2433 5214 2588 5284 pravi
2650 5213 2934 5285 quidpiam
3004 5213 3146 5268 forte
3188 5210 3439 5267 molienti

1861 5306 2030 5360 nolite
2063 5305 2405 5375 conspirare,
2428 5306 2524 5360 sed
2557 5306 2626 5361 ad
2656 5321 2752 5360 vos
2774 5307 2923 5377 ipsos
2953 5305 3138 5376 potius
3157 5303 3435 5366 conversi,

196 5390 298 5455 φλ,
322 5392 416 5445 καὶ
450 5393 626 5447 πάντα
650 5395 1014 5466 δοκιμαστέον
1050 5396 1287 5465 πρῶτον,
1327 5392 1447 5449 εἶτα
1473 5396 1564 5448 τοῦ
1586 5397 1754 5449 καλοῦ

192 5474 405 5549 δυνάμει
434 5486 499 5555 τῇ
530 5487 681 5557 πάσῃ
711 5489 1046 5558 περιεκτὲον.
1078 5487 1288 5560 Μηδεὶς
1312 5490 1369 5541 ἐν
1406 5485 1530 5557 ὑμῖν
1581 5487 1762 5540 διάϐο-

192 5567 273 5633 λος
293 5571 449 5628 ἐστωσ
475 5577 575 5647 τῆς
602 5579 711 5650 γὰρ
740 5579 952 5632 ἐκείνου
988 5580 1204 5652 μερίδος
1226 5582 1374 5635 ἐστὶν
1396 5583 1424 5633 ό
1455 5581 1756 5647 συνταράσ-

257 5723 441 5782 'l’sal.
492 5745 644 5795 xvm,
700 5731 787 5786 Η.

465 5822 729 5885 ΡΑτειοι.
774 5825 891 5884 Gn.
930 5826 1273 5889 LXXXVI.

1861 5386 2146 5466 explorate
2179 5397 2334 5467 prius
2369 5396 2592 5460 omnia;
2630 5406 2746 5451 tum
2795 5397 2943 5467 quod
2992 5394 3223 5467 propius
3272 5393 3436 5449 avir-

1867 5496 1981 5543 tute
2014 5487 2189 5550 abest,
2219 5487 2348 5543 totis
2378 5487 2594 5544 viribus
2620 5488 2929 5545 sectamini.
2954 5487 3151 5543 Nullus
3172 5488 3315 5544 inter
3335 5499 3438 5539 ves

1867 5578 2121 5634 diabolus
2147 5580 2219 5634 sit
2256 5596 2270 5634 :
2301 5579 2502 5634 diaboli
2553 5580 2757 5651 quippe
2794 5590 2979 5652 partes
3006 5588 3137 5641 sunt
3182 5579 3443 5638 fratemi-

3118 5831 3199 5891 95
