3898 6390
525 341 666 409 3019

1719 337 1780 395 S.
1824 333 2202 396 SYMEONIS
2240 331 2603 395 JUNIORIS

3633 332 3765 394 3620

526 459 693 508 tatem
729 440 1063 502 disturbare.
1089 442 1259 497 Lahia
1290 449 1468 496 vestra
1509 455 1723 496 necnon
1750 456 1847 496 cor
1868 450 2089 496 vestrun

2216 458 2325 495 σων
2356 439 2456 509 τὴν
2484 438 2821 507 ἀδελφότητα
2853 453 2865 466 ·
2895 436 3032 491 ἁλλά
3063 436 3129 489 τά
3161 453 3224 488 ’τε
3250 436 3397 506 χείλη
3422 437 3664 507 ἀλήθειαν
3685 445 3767 499 ἁ.ὶ

524 540 815 596 veritatem
848 543 1118 606 perpetuo
1149 534 1428 603 loquatur.
1464 532 1519 586 Si
1571 531 1716 586 inter
1765 531 2106 587 accumben-

524 632 657 685 dum
682 625 947 691 sitiveris,
976 639 1109 679 cave
1127 623 1301 688 dicas,
1339 624 1415 678 Da
1443 622 1592 692 quod
1616 622 1836 678 bibam:
1868 623 1965 679 sed
1997 638 2103 677 nu-

526 722 672 775 tibus
697 716 1002 787 signiﬁcato
1042 715 1141 782 illi,
1171 715 1265 786 qui
1321 714 1779 771 accumbentibus
1806 715 2103 782 ministrat,

524 808 910 865 necessitatem
953 817 1144 871 tuam;
1185 804 1275 860 siti
1326 818 1460 859 vero
1493 804 1736 875 expleta,
1783 806 1949 861 tacite
2004 806 2105 861 de-

522 898 728 953 mittito
774 897 1028 951 calicem.
1065 894 1122 951 Si
1202 895 1499 951 excreandi
1547 896 1852 952 necessitas
1905 906 2101 966 urget,

521 999 800 1045 memento
827 1005 937 1043 non
966 989 1022 1043 in
1079 997 1384 1058 conspectu
1431 989 1667 1043 fratrum
1718 989 1972 1059 pituitam
2005 990 2104 1059 eji-

517 1081 801 1138 cere:sed
816 1081 1059 1151 surgito,
1097 1080 1465 1151 Patribnsque
1494 1082 1930 1152 salvere'jussis,
1976 1097 2105 1151 pro-

521 1176 611 1231 cul
649 1175 777 1231 inde
802 1175 1050 1231 recedito
1069 1190 1336 1244 ;curnque
1374 1176 1695 1232 necessitati
1723 1175 1923 1230 feceris
1945 1175 2100 1238 satis,

518 1266 574 1319 in
608 1265 827 1320 silentio
847 1280 1105 1321 reversus
1136 1266 1258 1319 loco
1287 1275 1382 1319 tuo
1419 1274 1469 1319 te
1495 1280 1723 1335 repone,
1763 1275 1820 1319 et
1847 1280 1971 1334 qua:
2003 1280 2103 1335 ap-

517 1355 699 1425 posita
755 1366 927 1421 sunt,
962 1366 1224 1428 tanquam
1283 1356 1597 1412 ministerio
1648 1356 1973 1426 angelorum
2033 1370 2101 1410 eo

518 1442 723 1508 delata,
778 1446 1040 1517 religiose
1076 1444 1432 1501 manducato.
1485 1444 1612 1499 Vini
1662 1460 1766 1499 usu
1813 1444 2102 1499 monachis

517 1540 748 1595 omnino
779 1540 1143 1595 interdictum
1177 1548 1337 1595 esto:
1379 1540 1426 1594 si
1479 1539 1570 1593 cui
1631 1547 1815 1593 tamen
1872 1545 2101 1609 propter

516 1630 892 1688 inﬁrmitatem
916 1631 1176 1702 corporis
1203 1631 1464 1686 utendum
1519 1638 1649 1696 est,
1688 1640 1875 1686 utator
1930 1645 2098 1701 quam

518 1724 860 1793 parcissime.
890 1723 1010 1779 Non
1042 1724 1193 1779 enim
1230 1723 1484 1795 ignorare
1514 1722 1753 1785 debetis.
1808 1737 1908 1792 per
1935 1721 2097 1776 vino-

2210 530 2303 582 καὶ
2333 530 2366 598 ἡ
2398 528 2597 599 καρδία
2629 526 2879 581 λαλείτω.
2930 527 3056 579 Ἐἀν
3108 529 3166 579 ὲν
3209 530 3277 596 τῇ
3323 527 3564 600 τραπέζῃ
3619 532 3766 602 δαζη.

2211 636 2333 694 σῃς,
2355 621 2456 674 οὐκ
2486 621 2653 690 ἐρεῖς,
2687 621 2787 681 Δός
2818 636 2910 690 μοι
2955 622 3102 673 πιεῖν
3123 636 3136 651 ’
3178 618 3313 672 ἁλλά
3339 619 3566 689 νεύματι
3601 640 3767 693 σημα.

2206 712 2320 774 νεῖς
2378 708 2458 779 τῷ
2504 709 2739 780 διακόνῳ
2776 708 2878 779 τῆς
2917 710 3131 781 χρείας,
3162 709 3256 762 καὶ
3293 712 3417 780 σιγῇ
3437 710 3763 783 παρέξεισοι.

2208 806 2529 876 Φλέγματος
2569 806 3147 868 ὲπικατασπασθέντος
3196 805 3275 875 τῷ
3304 805 3514 875 θώρακι
3560 807 3655 859 οὐκ
3685 810 3768 860 ἐν-

2206 894 2379 948 ὡπιον
2409 894 2635 958 πτύσεις
2660 894 2770 948 τῶν
2794 895 3227 964 ἀδελφῶν,·ἀλλά
3248 896 3512 959 ἀναστὰς,
3541 897 3767 966 Εὑλογή-

2209 1002 2360 1051 σατε,
2398 986 2662 1056 Πατέρες,
2715 987 2887 1056 ἐρεῖς,
2918 988 3108 1058 πόρρω
3143 1004 3202 1039 τε
3233 986 3439 1039 τούτων
3471 990 3766 1058 γενόμενος,

2205 1076 2299 1128 καί¹
2329 1079 2432 1145 τὴν
2478 1062 2668 1147 χρείαν
2710 1076 3027 1147 πληρώσας,
3060 1079 3240 1147 ἠσυχῆ
3286 1078 3448 1131 πάλιν
3485 1079 3668 1143 ἐλθὼν,
3707 1083 3767 1149 τῇ

2204 1168 2456 1240 τραπέζῃ
2504 1168 2700 1223 ἑαυτὸν
2732 1172 3080 1246 παρενείρῃς,
3119 1170 3365 1234 εὐλαὸὦς
3390 1186 3452 1223 τε
3496 1170 3769 1242 μεταλήψῃ

2202 1261 2312 1313 τῶν
2354 1261 2875 1334 προκειμένων,ὠς
2922 1262 3031 1317 ὑπὸ
3077 1262 3461 1333 παραστάταις
3505 1262 3766 1330 ἀγγέλοις.

2203 1347 2361 1416 Divo;
2389 1355 2706 1408 παντάπασι
2742 1359 2998 1425 μοναχοϊς
3026 1355 3437 1426 ἀπαγορευτὲος
3470 1371 3484 1385 ο
3528 1358 3576 1408 εἰ
3603 1356 3656 1409 δέ
3688 1374 3764 1419 τις

2202 1445 2350 1517 αὐτῷ
2398 1446 2490 1499 διά
2542 1446 2801 1518 σώματος
2861 1445 3150 1501 ἀσθένειαν
3214 1447 3434 1517 χρῷτο,
3472 1447 3589 1500 λίαν
3617 1448 3768 1518 ὀλίγῳ

2202 1539 2517 1610 κεχρήσθω’
2550 1539 2821 1610 παροικία
2844 1540 2951 1610 γὰρ
2981 1539 3256 1609 δαιμόνων
3291 1538 3469 1609 σαφὴς
3498 1541 3530 1608 ὴ
3565 1539 3769 1592 πολυοι-

2201 1629 2311 1681 via:
2338 1628 2418 1699 τῷ
2445 1646 2503 1682 τε
2527 1629 2637 1700 γὰρ
2663 1629 2877 1699 σώματι
2900 1629 3202 1701 πυρώσεως
3224 1629 3533 1682 ὐπανάπτει
3559 1629 3767 1696 φλόγας,

2201 1719 2297 1773 καὶ
2346 1718 2517 1791 βαρὺν
2544 1720 2643 1790 μὲν
2683 1720 2774 1774 τὸν
2805 1719 2997 1782 ὕπνον,
3029 1718 3380 1791 ἀμϐλυτέρας
3428 1719 3485 1772 δὲ
3513 1719 3609 1783 τὰς
3653 1720 3769 1787 φρέ-

514 1814 743 1870 lentiani
795 1824 983 1886 aptum
1029 1830 1127 1870 vos
1186 1792 1476 1869 daemoniis
1525 1813 1909 1868 habitaculum
1937 1812 2089 1878 ﬁeri;

2206 1829 2303 1874 νας
2331 1811 2648 1882 ἐργάζεται,
2679 1811 2785 1877 ἔξω
2811 1827 2873 1864 τε
2902 1811 3156 1882 καθάπερ
3179 1811 3377 1865 ἑαυτοῦ
3404 1812 3497 1865 τὸν
3544 1811 3770 1882 ἡγεμόνα

515 1906 608 1960 illa
633 1907 838 1978 quippe
868 1907 921 1961 in
952 1921 1185 1977 corpore
1211 1904 1459 1961 ﬂammas
1497 1905 1746 1961 libidinis
1784 1903 2096 1968 succendit,

2207 1903 2500 1974 καθίστησι
2535 1902 2683 1958 νοῦν.

515 1997 609 2052 illa
660 2000 909 2069 gravium
988 2014 1312 2054 somnorum
1378 2015 1544 2054 causa
1594 2008 1714 2063 est;
1777 1997 1866 2052 illa
1924 1996 2126 2067 pingue
2174 1996 2554 2067 .obtusumque
2604 1995 2787 2051 reddit
2842 1996 3167 2068 ingenium;
3217 2005 3281 2052 ut
3370 1995 3509 2051 nihil
3566 1994 3766 2059 dicam,

512 2086 662 2155 quod
704 2090 967 2151 mentem,

586 2178 676 2230 57.
726 2176 863 2231 Cum
922 2175 1232 2232 inﬁrmatus
1281 2178 1473 2241 fueris,
1519 2177 1768 2233 medicus
1819 2177 1920 2231 tibi
1950 2178 2097 2232 Deus

514 2277 653 2322 esto.
692 2266 829 2321 Cum
860 2266 1094 2322 fratrum
1122 2268 1397 2338 quispiam
1441 2268 1704 2325 inciderit
1734 2270 1792 2323 in
1839 2268 2095 2324 morbum

514 2357 610 2424 qui
657 2358 867 2412 olidum
895 2357 1146 2414 faetorem
1182 2359 1422 2423 emittit,
1448 2376 1517 2416 ne
1557 2361 1888 2430 deprecetur
1931 2360 2095 2415 mini-

515 2448 747 2505 sterium
780 2450 1057 2506 curatoris
1086 2453 1416 2512 monachus.
1460 2468 1531 2508 ne
1560 2462 1821 2508 vereatur
1846 2468 2095 2508 commo-

512 2539 644 2596 dare
675 2557 919 2607 manum,
948 2552 1004 2597 et
1034 2542 1258 2599 deterso
1287 2561 1429 2616 pure
1456 2546 1685 2600 vulnera
1727 2561 1953 2601 curare:
1980 2547 2090 2602 imo

511 2647 644 2686 vero
671 2632 872 2688 inﬁrmi
900 2634 1106 2690 lectum
1138 2638 1396 2702 sternito,
1430 2646 1487 2692 et
1514 2637 1561 2692 si
1591 2653 1700 2707 qua
1729 2654 1788 2693 re
1836 2638 2087 2708 indigere

506 2723 720 2790 audiat,
764 2736 1018 2796 prompte
1075 2728 1451 2799 suppeditato,
1495 2729 1664 2799 idque
1702 2730 1797 2795 ita,
1849 2743 1909 2785 ut
1946 2732 2087 2786 nihil

508 2816 745 2871 convicii
766 2818 955 2888 jaciat,
980 2820 1119 2875 nihil
1146 2820 1330 2891 magni
1367 2836 1476 2876 ase
1505 2820 1710 2876 factum
1762 2823 2087 2890 arbitretur,

509 2905 605 2960 sed
639 2907 717 2961 uti
763 2922 961 2963 servus
984 2909 1213 2964 domino
1230 2927 1332 2966 suo
1359 2910 1598 2982 benigne
1642 2911 1960 2973 famuletur.
1988 2913 2088 2968 do-

1044 2089 1476 2159 pulcberrimam
1521 2088 1765 2143 hominis
1802 2088 2027 2153 ducem,
2062 2103 2092 2141 e
2131 2086 2255 2142 loco
2296 2102 2399 2141 suo
2422 2087 2703 2143 deturbet.

2271 2175 2371 2241 λζ’.
2420 2176 2621 2247 Ἰατρὸς
2645 2178 3017 2251 ἀρῤωστοῦντι
3051 2180 3187 2244 Θεὸς
3214 2181 3362 2234 ἔστω
3390 2198 3492 2234 σοι.
3529 2180 3711 2243 Ἀδελφ
3745 2180 3768 2231 ὖ

2205 2267 2647 2322 πάθειδυσωδίαν
2676 2270 2914 2324 τίκτοντι
2948 2271 3400 2341 περιπίπτοντος,
3429 2270 3502 2340 μὴ
3521 2272 3771 2341 παραιτὴι

2205 2376 2366 2428 σηται
2427 2359 2660 2429 μοναχὺς
2704 2360 2946 2430 ἅψασθαί
2967 2378 3025 2414 τε
3064 2361 3230 2415 αὖτοῦ
3269 2362 3364 2414 καὶ
3453 2360 3770 2429 ἀπαντλῆσαι

2205 2452 2268 2505 τὸ
2300 2452 2704 2523 τραῦμα,ἀλλά
2751 2454 2849 2507 καὶ
2896 2454 3085 2523 κοίτην
3139 2454 3312 2509 αὑτοῦ
3368 2453 3633 2525 στρώσει.
3688 2454 3771 2505 καὶ

2205 2544 2327 2596 ὅτου
2362 2545 2533 2598 δέοιτο
2555 2545 2974 2614 πυνθανόμενος
3000 2545 3239 2614 ἑτοίμως
3273 2528 3475 2615 ὀρέξει,
3506 2542 3603 2595 οὐκ
3650 2542 3774 2593 ὀνει-

2201 2633 2385 2699 δίζων.
2418 2635 2478 2687 οὗ
2511 2635 2653 2705 μέγα
2681 2653 2737 2689 τι
2761 2635 2894 2705 δρᾷν
2927 2636 3193 2706 οἰόμενος,
3237 2635 3378 2688 ἀλλά
3436 2635 3535 2686 ὅσα
3587 2632 3769 2685 δεσπό-

2200 2741 2270 2798 τῃ
2296 2726 2481 2791 δοῦλος
2504 2727 2863 2797 εὐγνωμόνως
2887 2727 3202 2797 ὑπηρετῶν,
3231 2727 3343 2788 ἕως
3362 2728 3391 2778 ό
3416 2725 3590 2785 κοινὸς
3613 2723 3771 2775 ἁπαν-

2195 2834 2305 2870 των
2344 2819 2623 2887 Δεσπότης
2670 2819 3117 2888 ἐπισκεψάμενος
3184 2818 3425 2879 ἀνωθεν,
3463 2816 3650 2886 ἐγείρῃ
3691 2817 3730 2863 τε
3749 2833 3771 2862 ν

2195 2910 2492 2980 κάμνοντα.
2560 2908 2749 2963 Ταῦτα
2797 2909 3039 2981 τηρείτω
3200 2909 3562 2979 ἀδελφότης,
3612 2907 3773 2960 ταῦτα

510 3013 614 3053 nec
638 2999 951 3054 communis
974 3000 1365 3055 universorum
1402 3002 1819 3059 Dominusnos
1857 3006 2089 3062 visitatus

2198 3004 2369 3054 ποιεῖν
2395 3000 2762 3064 σπουδαζέτω,
2788 3002 2837 3053 εί
2859 2999 3151 3071 μέλλοιμεν
3169 3000 3275 3068 τῆς
3296 3000 3557 3061 εὐκταίας
3574 2998 3772 3064 ὲκείνϊες

506 3090 699 3145 exalto
718 3100 930 3160 recreet
957 3091 1174 3163 sibique
1204 3095 1461 3149 restituat
1492 3095 1855 3151 laborantem.
1892 3099 2090 3154 lstlnec

448 3236 455 3243 ,
505 3186 657 3243 sunt,
707 3180 944 3240 fratres.
985 3196 1109 3250 qua:
1164 3180 1463 3236 observare
1516 3198 1612 3237 vos
1645 3183 1839 3237 velim:
1898 3183 2090 3237 isthch

508 3278 772 3339 praestare
817 3271 1074 3343 satagite,
1135 3271 1181 3327 si
1231 3272 1532 3342 optabilem
1598 3274 1750 3328 illam
1794 3273 2098 3344 aliquando

504 3358 701 3416 audire
729 3376 917 3417 vocem
947 3362 1187 3433 cupitis:
1231 3361 1428 3427 Venite,
1458 3365 1713 3420 benedicti
1752 3365 1934 3419 Patris
1968 3367 2091 3429 mei,

507 3453 763 3522 possidete
813 3464 1065 3525 paratum
1129 3455 1269 3509 vobis
1329 3472 1551 3528 regnum
1625 3475 1659 3512 a
1721 3457 2095 3511 constitutione

510 3547 697 3600 mundi
715 3549 734 3579 '
758 3565 771 3603 :
798 3549 927 3618 quia
953 3549 1167 3605 vidistis
1184 3566 1269 3605 me
1290 3551 1651 3618 esurientem,
1676 3561 1733 3607 et
1749 3553 2089 3618 nutrivistis;

506 3635 806 3704 sitientem,
832 3639 1143 3696 etdedistis
1198 3652 1424 3711 potum;
1483 3645 1719 3707 nudum,
1777 3652 1833 3697 et
1882 3658 2087 3712 coope-

2195 3094 2426 3149 ἀκοῦσαι
2449 3098 2659 3166 φωνῆς·
2681 3094 2882 3161 Δεῦτε,
2917 3098 2970 3149 oi
2988 3093 3394 3164 εὐλογημένοι
3412 3093 3526 3148 ⁸τοῦ
3558 3091 3771 3157 Πατρός

2189 3203 2331 3256 μου,
2346 3187 2846 3254 κληρονομήσατε
2861 3185 2977 3255 τὴν
2990 3186 3451 3256 ἡτοιμασμένην
3466 3185 3606 3255 ὑμῖν
3614 3184 3773 3248 ﬁam.

2195 3279 2372 3333 λείαν
2396 3278 2517 3332 ἀπὸ
2538 3279 2882 3349 καταϐολῆς
2921 3280 3178 3349 κόσμου,
3203 3279 3293 3332 ὅτι
3326 3279 3598 3332 πεινῶντα
3624 3294 3687 3346 με
3714 3273 3775 3325 εἴ-

2193 3370 2310 3422 δετε
2334 3371 2428 3422 καὶ
2456 3369 2744 3440 ἐθρέψατε,
2780 3370 3025 3440 διψῶντα
3081 3373 3176 3425 καὶ
3221 3372 3549 3434 ὲποτίσατε,
3582 3367 3773 3437 γυμνὸν

2193 3461 2287 3514 καὶ
2323 3462 2702 3531 περιεϐάλετέ,
2758 3462 2963 3533 ἀσθενῆ
2992 3463 3088 3517 καὶ
3109 3464 3176 3517 ὲν
3212 3465 3438 3536 φυλακῇ
3478 3466 3571 3518 καὶ
3598 3461 3773 3532 ἦλοετε

2193 3554 2327 3622 πρός
2353 3572 2440 3624 με.
2464 3553 2529 3607 "0
2551 3555 2709 3625 ἔχων
2725 3551 2846 3610 ὦτα
2863 3557 3108 3610 ἀκούειν
3132 3556 3427 3623 ἀκουέτω,
3449 3551 3602 3608 εἶπεν
3623 3553 3649 3605 ό
3669 3550 3771 3603 Ko-

2192 3660 2325 3713 ριος’
2355 3646 2561 3716 αὑτῴἡ
2589 3646 2719 3710 δόξα
2757 3649 2837 3710 είς
2858 3648 2986 3711 τοὺς
3007 3646 3236 3711 αἰῶνας.
3270 3648 3470 3719 ’Δμήν.

506 3729 725 3793 ruistis;
761 3731 1042 3787 inﬁrmum
1073 3744 1129 3789 et
1163 3750 1388 3793 carcere
1415 3736 1725 3802 detentum,
1752 3745 1809 3791 et
1849 3735 2165 3791 accessistis
2191 3738 2436 3793 .invisuri
2495 3738 2562 3793 ad
2606 3754 2717 3793 me.
2781 3736 2886 3803 Qui
2932 3738 3088 3793 habet
3151 3756 3313 3794 aures
3374 3737 3624 3793 audiendi
3679 3748 3771 3786 σαι

505 3821 707 3887 dial",
741 3821 1196 3893 dicitDominus,
1223 3826 1311 3881 cui
1344 3827 1524 3897 gloria
1547 3827 1602 3882 in
1638 3827 1859 3883 saecula.
1889 3828 2086 3880 Amen.

1963 3958 2191 4015 CAPUT
2226 3957 2265 4011 ν

891 4074 1050 4140 Visio,
1084 4077 1246 4130 ardor
1267 4079 1521 4149 patiendi,
1555 4086 1793 4148 acceptus
1826 4074 2053 4149 Spiritus
2079 4089 2313 4143 sanctus,
2343 4076 2682 4141 tentationes,
2711 4092 2851 4130 mors
2874 4076 3075 4131 Joanni
3110 4080 3391 4158 ρτιιςιίἱετα.

575 4209 663 4265 '58.
696 4210 862 4267 Hisce
924 4213 1151 4279 auditis,
1201 4225 1430 4287 stupore
1495 4214 1662 4286 atque
1714 4216 2077 4271 admiratione

496 4299 757 4369 completi
784 4311 922 4356 sunt
946 4304 1223 4369 monachi,
1252 4308 1529 4376 praecipue
1554 4307 1816 4370 Joannes,
1841 4307 1936 4376 qui
1978 4306 2080 4379 Sy-

2257 4212 2358 4285 λη’.
2391 4214 2611 4266 Τούτων
2635 4214 2926 4280 ἀκούοντες
2955 4216 3004 4269 oi
3039 4218 3269 4287 μοναχοὶ
3291 4260 3307 4283 ,
3344 4222 3790 4291 κατεπλήττοντο,

2189 4307 2279 4359 καὶ
2314 4305 2515 4376 μᾶλλον
2549 4309 2576 4359 ό
2618 4307 2891 4377 Ἰωάννης,
2917 4308 2976 4369 ὃς
3009 4310 3100 4361 καὶ
3129 4310 3248 4364 νέον
3274 4311 3465 4377 Δαυῒδ,
3491 4313 3593 4366 ὅσα
3614 4330 3674 4382 γε
3704 4316 3777 4375 εἰς

500 4404 778 4456 meonem,
808 4402 1079 4461 quantum
1113 4395 1179 4449 ad
1233 4398 1563 4466 sapientiam
1619 4396 1959 4466 sliiritualem
1995 4401 2079 4454 di-

2198 4399 2567 4470 πνευματικὴν
2609 4401 2801 4468 σοφίαν
2847 4401 2939 4453 καὶ
2976 4401 3137 4470 λόγου
3180 4402 3444 4473 δύναμιν,
3475 4405 3662 4459 ἐκάλει
3696 4405 3775 4457 τὶν

497 4481 773 4552 cendique
804 4482 1102 4539 efﬁcaciam
1133 4488 1351 4543 attinet.
1382 4489 1618 4543 alterum
1672 4490 1929 4545 Davidem
1985 4508 2078 4563 ap-

496 4573 771 4643 pellabat,
838 4577 1210 4645 narrabatque
1277 4578 1557 4647 quomodo
1618 4591 1781 4635 nocte
1841 4583 1930 4637 illa
1979 4599 2078 4653 per

494 4665 776 4719 somnium
817 4665 1007 4720 divina
1029 4665 1281 4736 quietiam
1320 4669 1500 4724 virtus
1520 4670 1703 4726 oblata
1727 4672 1830 4727 sibi
1859 4674 2075 4745 fuisset,

491 4774 617 4836 quae
645 4758 872 4813 dextera
906 4774 1231 4829 expressum
1278 4776 1308 4812 e
1351 4761 1475 4814 favo
1521 4763 1627 4816 mel
1674 4763 1993 4819 effundebat
2016 4781 2073 4822 ac

488 4848 829 4922 Syrueonem
878 4850 1175 4919 multipiici
1232 4851 1462 4905 scientia
1529 4853 1883 4910 informahat.
1924 4857 2075 4915 Alter

493 4942 663 4996 etiam
711 4949 1001 4996 ecarona
1033 4943 1266 4996 fratrum
1322 4944 1484 5000 simul
1535 4950 1868 5015 aStantium,
1918 4959 2076 5008 aetate

492 5034 759 5104 grandior
784 5031 1202 5104 interrogabat,
1223 5052 1358 5089 num
1391 5037 1513 5094 istic
1549 5041 1656 5096 loci
1682 5043 1954 5099 columba:
1985 5061 2076 5099 es-

493 5134 638 5180 sent.
677 5123 1274 5195 Cunctisnegantibus,
1321 5131 1513 5185 retulit
1555 5135 1835 5203 quomodo
1881 5138 2075 5192 candi-

492 5219 619 5272 dam
652 5215 967 5271 coiumbam
988 5232 1087 5287 per
1112 5217 1410 5275 fenestram
1446 5224 1512 5278 ad
1548 5226 1877 5297 Symeoncm
1904 5229 2075 5285 advo-

493 5308 722 5373 lantem,
752 5304 991 5375 indeque
1019 5325 1211 5364 rursus
1235 5313 1540 5368 avolantem
1565 5333 1631 5371 ac
1656 5319 1948 5374 sublimem
1985 5321 2075 5375 ab-

491 5409 719 5454 euntem
742 5400 1094 5468 conspicatus
1124 5403 1336 5461 fuisset.
1361 5408 1496 5461 Dum
1524 5409 1640 5464 haac
1670 5410 1748 5464 illi
1781 5412 1926 5467 inter
1955 5429 2075 5470 sese

490 5491 809 5555 «inferunt,
832 5492 1001 5546 sentit
1028 5493 1267 5566 Symeon
1300 5498 1355 5551 in
1392 5499 1595 5553 caelum
1660 5500 2074 5570 quodammodo

492 5596 553 5634 se
588 5572 807 5653 rapifct
837 5599 936 5654 per
960 5588 1245 5645 universas
1278 5591 1469 5645 mundi
1500 5591 1685 5663 plagas
1719 5593 1734 5647 l
1777 5602 1829 5648 te
1857 5598 2068 5667 vagari;

560 5738 581 5819 "
610 5741 802 5798 Matth.
849 5758 972 5811 xxv,
1010 5746 1098 5800 54.
1181 5749 1220 5777 ’⁵
1247 5745 1381 5801 Luc.
1418 5751 1526 5806 XIV.
1562 5748 1645 5801 55.

2184 4490 2431 4560 Συμεὼν,
2462 4494 2682 4544 κάκεῖνο
2705 4492 2759 4544 δὲ
2790 4493 3121 4563 προσετίθει,
3145 4494 3217 4556 ὡς
3243 4495 3445 4565 ὀφθείη
3466 4498 3567 4568 τῆς
3595 4497 3774 4557 νυκτὸς

2183 4586 2398 4653 ἐκείνης
2430 4583 2577 4654 αὑτῷ
2609 4583 2726 4637 θεία
2761 4586 2902 4638 κατά
2937 4586 3062 4647 τοὺς
3096 4584 3301 4649 ὕπνους
3334 4587 3593 4657 δύναμις,
3626 4585 3775 4641 οἱτινεί

2183 4692 2235 4728 τι
2278 4676 2400 4745 μέλι
2433 4678 2626 4746 κηρίον
2660 4678 2728 4747 τῇ
2762 4675 2912 4747 δεξιᾷ
2941 4677 3273 4748 κατέχουσα,
3310 4681 3412 4735 καὶ
3459 4681 3537 4751 τῷ
3563 4677 3774 4750 Συμεὼν

2184 4768 2425 4837 γνησίως
2458 4768 2834 4836 μεταδιδοῦσα.
2867 4768 3098 4839 Ἕτερος
3148 4770 3316 4823 πάλιν
3351 4772 3450 4825 τοῦ
3496 4772 3606 4831 τῶν
3634 4770 3775 4825 0155).—

2186 4859 2302 4927 φῶν
2330 4859 2493 4928 χοροῦ
2511 4862 2709 4931 γέρων,
2740 4864 2851 4925 τοῖς
2874 4861 3522 4939 λοιποῖςᾼσυμπαρεστὼς
3554 4864 3775 4920 ὲπυνῦἀο

2175 4968 2316 5015 νετο,
2356 4955 2403 5004 εί
2437 4952 2672 5006 ἐνταῦθα
2702 4949 2814 5006 εἷεν
2848 4956 3171 5027 περιστεραί
3195 4972 3208 4986 '
3243 4958 3350 5010 οὐκ
3381 4953 3526 5012 εἶναι
3553 4959 3612 5013 δὲ
3648 4959 3772 5011 πάν-

2134 5114 2137 5117 _
2172 5059 2281 5095 των
2309 5043 2831 5112 διαϐεϐαιουμένων,
2857 5047 3044 5114 ἔλεγεν
3082 5049 3158 5111 ὡς
3188 5043 3224 5119 ἦ
3264 5050 3381 5118 μὴν
3423 5050 3631 5122 λευκήν
3662 5064 3773 5102 tua

2174 5137 2507 5207 περιστερὰν
2531 5137 2692 5200 αὐτὸς
2733 5138 2832 5191 ἴδοι
2876 5140 3012 5209 πρὸς
3039 5141 3133 5195 τὸν
3156 5142 3392 5210 Συμεὼν
3442 5145 3535 5198 διὰ
3563 5145 3661 5214 τῆς
3692 5142 3773 5193 (ω-

2176 5230 2320 5301 ρίδος
2343 5234 2666 5299 εξτπτᾶσαν,
2694 5236 2905 5288 ἐκεῖθέν
2929 5254 2987 5290 τε
3014 5233 3170 5302 αὖθις
3194 5238 3554 5303 ἀποπτᾶσαν,
3584 5241 3680 5293 καὶ
3700 5240 3774 5299 εἰς

2180 5322 2321 5391 ἀέρα
2347 5326 2699 5392 χωρήσασαν.
2757 5327 2844 5379 Ἐν
2878 5328 2989 5400 ὅτῳ
3019 5329 3075 5382 δὲ
3116 5329 3292 5383 ταῦτα
3344 5334 3490 5404 πρὸς
3515 5334 3773 5404 ἀλλήλους

2181 5411 2337 5465 αὐτοὶ
2368 5413 2671 5485 διεξῄεσαν,
2702 5418 2803 5488 ὁρᾷ
2836 5419 3086 5490 καθάπερ
3120 5422 3147 5474 ό
3175 5421 3415 5489 Συμεὼν
3459 5423 3771 5493 ἀρπαζόμευ

2180 5520 2268 5556 νον
2299 5506 2376 5569 είς
2399 5505 2627 5575 οὐρανὸν
2657 5508 2868 5576 ἑαυτὸν,
2902 5512 2994 5565 καὶ
3033 5512 3176 5566 κατά
3207 5514 3418 5575 παντὸς
3448 5512 3546 5573 ,οἷα
3576 5517 3768 5585 μέρους

2180 5600 2278 5669 τῆς
2306 5599 2406 5669 γῆς
2447 5600 2805 5673 ἁπλούμενον,
2831 5600 2950 5661 εἶτα
2977 5606 3062 5661 διὰ
3092 5606 3386 5678 κλιμάκων
3412 5610 3560 5663 ἐτττά
3586 5605 3763 5672 ἀναγό·
