3898 6384
155 328 265 398 3021

1139 341 1311 401 Vl'l‘A
1353 341 1397 397 Α
1437 334 1877 404 NiCEPllOHO
1915 339 2402 411 Ct‘tNSCRtP’t‘A.
2480 300 2485 303 ⁷

3278 310 3421 419 ειοεέ

157 472 328 524 μενονν
363 455 438 519 ὡς
478 456 535 509 δὲ
584 456 952 510 πυνθάνεσθαι
993 459 1044 511 τί
1074 477 1205 511 ποτε
1249 460 1334 530 εἴη
1385 462 1451 514 τὰ
1496 464 1700 532 cup-5w:

1841 475 1963 519 tum
1999 468 2200 521 deinde
2232 485 2331 538 per
2360 480 2568 538 septem
2597 472 2772 529 sra'as
2810 471 3032 532 deduci.
3070 475 3421 531 Percontatur

150 553 324 619 ἐδόκει,
354 555 544 620 φωνῆς
577 549 766 603 ἀκούει
795 550 1084 619 lem/06713;.
1116 551 1189 613 ὡς
1238 552 1344 619 ἄρα
1372 552 1436 604 Οἱ
1464 552 1609 604 ἑπτὰ
1638 554 1725 604 ού-

153 645 284 714 ρανοί
314 646 452 695 εἰσιν
482 640 651 706 οὗτοι,
682 643 749 695 δι’
778 636 853 694 ὧν
878 644 1121 712 ἀνήχθης
1141 659 1154 671 ·
1191 640 1319 712 ἑξῆς
1345 642 1403 695 δὲ
1447 644 1539 696 καὶ
1563 644 1727 697 αὐτὸν

149 736 235 806 ὁρᾷ
257 733 343 786 τὸν
374 734 734 803 παράδεισον,
762 732 1026 785 παλάτιὸν
1056 748 1111 784 τε
1143 733 1320 799 φωτὸς
1348 735 1405 786 ἐν
1438 732 1606 803 αύτῷ,
1635 734 1729 787 καὶ

148 829 309 898 πηγὴν
364 827 529 897 μύρῳ
586 826 908 897 βλύζονσαν,
956 828 1184 896 καμάρα
1228 827 1284 879 δὲ
1323 830 1388 898 τῇ
1435 830 1584 899 πηγῇ
1634 829 1728 896 ἐφ-

148 918 393 986 ειστήκει,
430 916 588 982 θείας
618 917 865 988 ἀκριϐῶς
900 918 1080 987 χειρὸς
1113 918 1293 988 ἔργον,
1323 919 1514 972 οὐδένα
1543 918 1600 970 δὲ
1633 921 1728 972 άν-

146 1010 357 1081 θρὼπων
406 1012 547 1073 ἐκεῖ,
579 1010 662 1063 ὅτι
690 1009 766 1080 μὴ
794 1010 885 1063 τὸν
920 1009 1093 1078 Ἀδὰμ
1131 1011 1228 1063 καὶ
1261 1011 1352 1063 τὸν
1381 1012 1604 1082 Λῃστὴν
1629 1012 1727 1065 ἴδοι

148 1102 337 1172 μόνους.
373 1103 464 1154 Ἐν
484 1101 666 1171 ἐαυτῷ
690 1102 745 1154 δὲ
766 1100 1027 1171 γεγονὼς,
1053 1102 1388 1170 ἀπαγγέλλει
1411 1104 1488 1173 τῷ
1504 1105 1725 1175 Ἰωάννῃ

145 1180 227 1263 τὴν
252 1193 395 1262 ὄψιν·
431 1197 461 1247 ὁ
495 1194 551 1246 δὲ
587 1192 822 1263 χείλεσιν
838 1192 1211 1260 ἀγαλλιάσεως
1234 1190 1301 1264 ἦν
1323 1195 1487 1248 αἰνῶν
1521 1214 1579 1248 τε
1610 1195 1727 1266 ἅμα

143 1286 221 1338 καὶ
246 1284 490 1352 εὐλογῶν
522 1287 613 1337 τὸν
638 1285 791 1351 Θεὸν,
825 1286 884 1348 ὃς
914 1285 1250 1355 τηλικαύτην
1278 1287 1429 1357 αὐτῷ
1457 1288 1728 1360 δεδώρητο

142 1378 300 1446 χάριν.
351 1378 409 1431 'U
445 1379 549 1450 μὲν
585 1375 680 1433 οὖν
706 1377 932 1450 Συμεὼν
965 1380 1324 1450 τηλικαύταις
1358 1380 1559 1452 ύψοῦτο
1588 1386 1725 1454 πρὸς

144 1470 256 1523 θεὸν
290 1470 538 1525 ἀναϐἁσε
548 1489 651 1527 σιν.
860 1472 869 1480 ’

197 1670 288 1724 λθ’.
317 1670 497 1725 Ἐπὰν
543 1672 601 1724 δέ
657 1688 741 1734 τις
783 1669 931 1741 αὐτῷ
976 1668 1265 1740 προσέλθοι
1301 1669 1601 1741 ἐνδύματος
1634 1675 1721 1725 ὲν-

140 1762 265 1832 δεὴς,
296 1763 554 1827 ὲξεόύετο
585 1762 648 1814 τὸ
684 1764 886 1815 οἰκεῖον
926 1764 1155 1824 ἐκεῖνος,
1191 1762 1373 1817 πᾶσαν
1407 1762 1483 1828 ὡς
1512 1758 1624 1817 οἷόν
1662 1782 1719 1816 τε

139 1852 392 1907 λανθάνων
422 1855 687 1924 αἴσθησιν
714 1893 728 1913 ,
763 1856 857 1907 καὶ
891 1855 1119 1924 παρεῖχε
1152 1852 1231 1924 τῷ
1255 1854 1495 1925 δεομένῳ
1520 1870 1533 1885 ⁸
1568 1858 1662 1910 καὶ
1692 1859 1719 1910 6

142 1947 224 2014 μὲν
249 1938 495 2020 ’ἐκάθητο
534 1947 743 2017 γυμνὸς
788 1947 856 1999 τὰ
908 1945 1078 2000 πολλὰ
1124 1950 1215 2000 καὶ
1247 1948 1537 2017 χειμῶνος,
1569 1950 1722 2011 θείας

138 2038 324 2092 ἄνωθεν
346 2040 576 2111 χάριτος
610 2038 875 2110 περιϐολῇ
908 2039 1268 2110 σκεπόμενος.
1309 2040 1529 2095 Ἐλύπει
1569 2042 1625 2095 δὲ
1660 2044 1723 2105 τὸ

141 2134 263 2204 πέρι
292 2133 513 2204 φύσεως
542 2132 704 2186 τοῦτο
734 2133 831 2201 τῆς
861 2131 955 2184 τοῦ
983 2129 1211 2202 Συμεὼν
1235 2132 1608 2198 κακοπαθείας
1630 2136 1721 2188 τὸν

147 2224 400 2297 Ἰωάννην,
439 2227 547 2280 ὅσα
583 2229 680 2279 καὶ
709 2225 892 2297 πατὴρ
921 2224 1086 2279 αὐτοῦ
1122 2226 1217 2278 καὶ
1260 2227 1446 2296 μήτηρ
1482 2228 1718 2298 κηδόμε-

137 2334 230 2370 νον.
251 2318 385 2370 Ποτὲ
418 2318 606 2370 τοίνυν
643 2316 943 2387 βαλόμενος
985 2319 1012 2370 ὁ
1054 2315 1282 2386 Συμεὼν
1311 2319 1405 2370 ἐπὶ
1435 2318 1558 2371 νοῦν
1591 2322 1719 2383 τοὺς

138 2409 226 2462 τῶν
253 2411 426 2475 ἁγίων
451 2410 870 2481 τεσσαράκοντα
913 2410 1209 2480 μαρτύρων
1244 2410 1385 2480 ὑπὲρ
1429 2412 1715 2476 εὐσεϐείας

141 2503 360 2567 ἀγῶνας,
391 2503 550 2565 ὅπως
589 2503 711 2574 ὥρᾳ
749 2502 1017 2572 χειμῶνος
1054 2504 1145 2555 ἐπὶ
1178 2502 1375 2574 λίμνης
1407 2504 1610 2577 αἴθριοι
1638 2505 1718 2575 τῷ

139 2595 340 2665 παγετῷ
376 2596 798 2666 διεκαρτέρουν,
846 2596 906 2648 τό
936 2613 995 2648 τε
1049 2595 1247 2665 στῆθος
1277 2597 1457 2649 παίων
1496 2599 1589 2649 καὶ
1621 2598 1717 2652 δα-

137 2686 315 2755 κρύων,
335 2691 531 2752 ὑετοὺς
564 2688 672 2741 τῶν
701 2687 998 2759 ὀφθαλμῶν
1023 2688 1257 2754 καθιεὶς,
1285 2690 1479 2760 Dium!
1506 2690 1713 2759 ἔλεγεν,

138 2779 297 2848 οἶμοιῑ
331 2781 526 2844 Ὄσοις
551 2781 602 2833 οἱ
641 2781 919 2852 μάρτυρες
962 2780 1146 2844 ἄθλοις
1167 2821 1181 2845 ,
1210 2781 1428 2850 ἡλξκαις
1466 2783 1554 2836 διὰ
1584 2784 1717 2854 Χρι-

139 2871 244 2924 στὸν
266 2872 548 2941 κολάσεσι,
581 2872 681 2935 τάς
706 2889 762 2924 τε
795 2871 1099 2943 μελλούσας
1134 2872 1405 2950 βασάνους
1434 2874 1713 2943 διέφυγον,

137 2963 214 3011 καὶ
232 2963 335 3015 τῶν
366 2962 812 3032 ἐπηγγελμένων
834 2963 1203 3034 τετυχήκασιν
1235 2963 1460 3032 ἀγαθῶν
1480 2965 1496 3019 ι
1527 2967 1638 3034 ἐγὼ
1659 2966 1716 3020 δὲ

137 3050 179 3101 τί
214 3052 418 3123 ὀράσως
483 3055 613 3117 Πῶς
655 3054 745 3106 τὸν
779 3053 1027 3126 βρυγμὸν
1062 3054 1171 3108 τῶν
1199 3055 1430 3109 ὀδόντων
1470 3058 1497 3109 6
1535 3057 1717 3120 ἄθλιος

1830 568 2043 624 autem,
2072 561 2204 630 quid
2232 564 2401 618 rebus
2423 563 2552 627 illis,
2582 578 2705 632 rpite
2732 565 2909 625 oculis
2959 566 3423 634 subjiciebautur,

1833 652 2129 720 aliquando
2161 654 2413 710 futurum
2447 666 2615 720 esset,
2637 656 2826 740 audita
2859 673 2961 711 vos
2981 668 3065 715 est
3088 659 3281 714 dicens
3313 677 3324 711 :
3360 659 3423 713 lli

1832 755 2039 817 septem
2057 749 2182 804 coeli
2205 760 2334 804 sunt
2350 766 2449 820 per
2468 766 2610 820 quos
2625 751 2945 813 ascendisti.
2965 752 3096 809 Post
3110 753 3226 811 haec
3245 754 3423 822 ipsum

1831 841 2186 908 conspicatur
2211 842 2551 910 paradisum,
2601 844 2654 897 in
2686 859 2864 914 eoque
2897 844 3166 913 palatium
3209 844 3425 915 fulgen-

1833 932 1948 986 tissi
1958 947 2104 987 mum
2122 942 2179 988 et
2200 933 2409 989 fontem
2435 944 2715 1005 unguento
2730 936 2973 1005 pretioso
2990 938 3385 995 scaturientcm
3404 956 3421 1003 ;

1829 1021 1970 1077 fonti
2013 1032 2198 1078 autem
2229 1025 2556 1083 imminebat
2581 1025 2787 1091 fornix,
2814 1028 3042 1099 dignum
3084 1028 3297 1084 artiﬁce
3331 1029 3420 1083 di-

1832 1116 1960 1171 vino
1987 1132 2164 1186 opus:
2191 1118 2287 1173 sed
2329 1120 2541 1179 nullum
2568 1121 2706 1176 inibi
2738 1121 3020 1177 hominem
3052 1130 3419 1191 praeterquam

1830 1209 2009 1263 solum
2034 1210 2305 1265 Adamum
2328 1221 2385 1267 et
2407 1212 2612 1267 bonum
2640 1213 2934 1269 Latronem
2962 1213 3314 1269 observabat.
3340 1214 3418 1269 Ad

1829 1316 1888 1355 se
1920 1317 2180 1357 reversus
2205 1302 2444 1374 Symeon
2477 1305 2706 1374 exponit
2727 1305 2928 1360 Joanui
2959 1306 3250 1370 visionem,
3280 1306 3421 1361 laztis

1828 1395 2063 1450 vocibus
2108 1397 2361 1451 laudanti
2397 1396 2693 1453 Dominum
2744 1414 2809 1453 ac
2844 1398 3215 1463 benedicenti,
3269 1399 3420 1468 quod

1832 1488 1995 1541 talem
2018 1487 2224 1544 famulo
2241 1505 2343 1543 suo
2359 1493 2592 1560 gratiam
2622 1491 2942 1561 impertitus
2963 1500 3130 1547 esset.
3160 1493 3341 1563 Atque
3361 1490 3419 1545 hi

1828 1579 2178 1649 suntgradus
2200 1620 2214 1645 ,
2244 1582 2454 1650 quibus
2484 1581 2723 1653 Symeon
2760 1583 3099 1640 efferebatur
3121 1584 3188 1639 ad
3220 1581 3427 1642 Deuiu.'

1898 1671 1988 1725 59.
2027 1672 2082 1725 Si
2113 1672 2341 1740 quando
2393 1672 2571 1740 ipsum
2595 1675 2888 1729 accederet
2926 1674 3203 1744 quispiam
3246 1678 3418 1731 vestis

1828 1763 2067 1835 indigus,
2102 1780 2257 1820 suam
2287 1766 2392 1821 sibi
2429 1767 2547 1838 ipse
2577 1767 2904 1831 detractam,
2931 1768 3081 1823 omni
3118 1770 3414 1825 commise-

1825 1853 2059 1908 ratiouis
2102 1869 2292 1918 sensu,
2319 1865 2586 1925 quantum
2612 1858 2731 1915 ﬁeri
2763 1865 2998 1926 poterat,
3041 1857 3411 1925 dissimulato,

1824 1944 2146 2019 porrigebat
2166 1946 2403 2015 petenti,
2426 1947 2880 2016 perennabatque
2900 1948 3084 2003 nudus
3109 1948 3226 2019 ipsa
3244 1949 3413 2005 etiam

1823 2035 2151 2108 plerumque
2179 2036 2385 2102 hieme,
2414 2036 2618 2103 divinae
2651 2036 2938 2101 cliaritatis
2964 2037 3168 2093 amictu
3195 2038 3414 2093 caelitus

1823 2136 2138 2198 coopertus.
2177 2116 2382 2183 verum
2422 2129 2515 2184 hic
2564 2128 2812 2187 insolens
2842 2144 3123 2199 supraque
3157 2139 3412 2184 naturam

1822 2218 2126 2289 castigandi
2169 2220 2256 2275 sui
2287 2220 2484 2277 modus
2512 2235 2736 2293 gravem
2759 2222 2930 2277 animi
2953 2236 3175 2276 sensum
3200 2221 3415 2293 ingere-

1822 2311 1917 2365 bat
1962 2312 2183 2377 Joauni,
2232 2329 2345 2367 non
2380 2314 2569 2370 minus
2614 2313 2683 2368 de
2727 2312 3019 2387 Symeone,
3053 2330 3218 2384 quam
3255 2325 3414 2386 pater

1823 2414 2067 2460 materve
2105 2406 2269 2467 solet,
2310 2405 2495 2461 anxio.
2539 2406 2790 2472 Quodam
2842 2416 3092 2477 tempore
3147 2423 3413 2465 revocans

1820 2497 1888 2552 ad
1923 2498 2169 2552 animum
2211 2498 2450 2568 Symeon
2502 2499 2873 2571 quadraginta
2911 2509 3229 2556 sanctorum
3261 2518 3410 2557 mar-

1820 2600 2000 2659 tyrum
2055 2590 2342 2660 religionis
2387 2606 2522 2661 ergo
2558 2600 2822 2661 suscepta
2853 2595 3182 2659 certamina,
3229 2598 3411 2664 pensi-

1820 2692 2052 2751 tansque
2066 2698 2232 2751 quam
2264 2698 2463 2737 sereno
2484 2683 2761 2752 hilarique
2790 2684 2947 2739 vultu
2974 2686 3028 2739 in
3052 2686 3177 2742 lacu
3204 2689 3408 2758 frigore

1819 2774 2163 2845 conglaciato
2196 2775 2433 2829 brumali
2465 2785 2790 2845 tempeState
2823 2776 3117 2838 durarent,
3140 2793 3406 2845 percusso

1818 2875 2044 2935 pectore
2096 2867 2577 2938 lacrymarumque
2622 2867 2798 2922 imbre
2846 2869 3025 2923 oculis
3068 2869 3402 2938 proﬂuente,

1820 2957 1919 3011 Hei
1944 2958 2102 3020 mihi,
2126 2957 2327 3027 inquit,
2358 2957 2450 3013 hei
2483 2958 2687 3012 misero
2711 2958 2878 3012 mihi!
2901 2960 3122 3028 quantis
3154 2961 3231 3016 illi
3262 2978 3409 3015 uiar-

1820 3061 1971 3121 tyres
1997 3051 2420 3112 certaminibus,
2444 3066 2609 3120 quam
2632 3051 2851 3106 acerbis
2869 3062 3095 3122 propter
3122 3052 3405 3109 Christum

137 3141 293 3209 φύγω,
327 3144 377 3197 οἳ
409 3144 699 3198 κάνταῦθα
730 3145 792 3199 τὸ
826 3145 988 3216 σῶμα
1022 3144 1249 3208 ἔδονται,
1279 3149 1442 3213 κάκεῖ
1482 3166 1574 3219 μοι
1610 3150 1710 3204 πά-

1821 3141 2165 3197 cruciatibus
2199 3142 2471 3206 toleratis,
2502 3151 2559 3197 et
2592 3150 2865 3198 tormenta
2901 3146 3240 3215 sempiterna
3272 3162 3405 3201 eva-

138 3230 205 3284 λιν
224 3235 278 3287 οὐ
306 3235 726 3304 τελευτήσουσι;
753 3234 937 3288 Ταῦτα
966 3235 1143 3303 ἔλεγε,
1169 3236 1379 3301 τούτοις
1409 3238 1708 3311 ἡδολέσχει,

137 3326 335 3381 τοιαῦτα
361 3326 862 3399 προσανεκλαίετο.
893 3323 1025 3381 Εἶτα
1063 3328 1264 3395 γόνατα
1302 3330 1439 3400 πρὸς
1476 3331 1579 3397 γῆν
1614 3333 1710 3385 καὶ

142 3422 305 3491 χεῖρας
347 3423 596 3491 ἐρείσας,
637 3405 780 3473 οὓτω
814 3421 994 3473 πᾶσαν
1036 3421 1251 3492 εκείνην
1278 3422 1377 3491 τὴν
1411 3426 1584 3477 νύκτα
1614 3443 1706 3477 πι-

138 3512 265 3582 κρῶς
303 3515 500 3568 ἑαυτὸν
538 3512 881 3585 ἀπωδύρετο,
919 3512 1109 3585 ὥσπερ
1153 3515 1304 3587 αὐτῷ
1347 3517 1440 3569 καὶ
1481 3517 1707 3588 καρδίας

139 3608 230 3668 τοῖς
245 3605 477 3676 δάκρυσι
511 3605 967 3675 συνεκχεομένης,
992 3604 1068 3667 ὡς
1100 3605 1192 3657 καὶ
1218 3606 1286 3657 τὰ
1312 3607 1596 3676 σπλάγχνα
1618 3612 1709 3660 τὸν

139 3691 256 3747 θεῖον
290 3698 549 3766 Ἰωάννην
588 3696 853 3759 παθόντα,
887 3695 1153 3766 Μάκαιρά
1188 3712 1270 3749 σοι
1300 3697 1569 3760 λείπεται,
1608 3702 1706 3768 φά-

139 3802 230 3851 ναι,
274 3791 337 3863 ἦν
370 3788 560 3845 λαϐὼν
618 3788 844 3842 σεαυτὸν
896 3787 1285 3859 διαχειρίσεις·
1318 3787 1492 3853 οὕτως
1540 3792 1706 3846 αὑτοῦ

139 3881 348 3945 γνησίως
374 3900 440 3935 πε
451 3882 752 3957 ριεκαίετο.

1821 3242 2038 3299 serunt,
2102 3244 2158 3288 et
2187 3235 2518 3305 promissam
2555 3234 2874 3290 beatitatein
2909 3239 3195 3292 consecuti
3240 3244 3404 3295 sunt!

1820 3324 1935 3395 Ego
1964 3336 2146 3380 autem
2194 3324 2327 3393 quid
2363 3324 2563 3394 agam?
2587 3340 2698 3395 quo
2740 3337 2899 3393 pacto
2936 3326 3235 3385 stridorem
3267 3330 3409 3384 den—

1819 3419 1957 3472 tium
1985 3418 2153 3473 miser
2180 3417 2463 3489 effugiam,
2493 3417 2771 3485 dentium,
2811 3419 2906 3488 qui
2943 3427 3056 3473 tum
3090 3421 3182 3476 hic
3210 3423 3412 3480 roden-

1817 3512 1890 3567 do
1921 3526 2123 3581 corpus
2174 3510 2577 3574 comminuent,
2610 3519 2723 3565 tum
2779 3511 2904 3569 istic
2938 3512 3303 3573 nihilominus
3352 3518 3405 3571 ia

1816 3612 2150 3674 perpetuum
2204 3618 2291 3658 me
2319 3602 2706 3657 dilaniabunt?
2735 3602 2889 3659 Talia
2931 3604 3237 3661 identidem
3279 3624 3402 3678 pro-

1817 3697 2000 3751 mebat
2024 3713 2148 3763 ore,
2181 3695 2312 3750 talia
2336 3695 2711 3750 meditabatur
2737 3695 2949 3759 animo,
2977 3697 3105 3751 talia
3135 3698 3404 3754 miserum

1818 3789 1872 3843 iu
1901 3788 2123 3843 modum
2157 3795 2305 3841 totus
2329 3785 2773 3840 lamentabatur:
2799 3795 2912 3839 tum
2954 3787 3188 3857 genibus
3223 3793 3401 3846 mani.

1817 3886 2033 3955 busque
2066 3881 2218 3937 humi
2249 3879 2446 3949 positis
2485 3891 2711 3948 pronus,
2755 3877 2998 3946 seipsum
3047 3887 3154 3934 tam
3205 3882 3403 3936 acet-hc

140 3981 234 4026 tota
267 3975 359 4029 illa
390 3984 562 4030 nocte
619 3973 966 4043 deplorabat,
998 3973 1168 4027 vitam
1199 3974 1376 4031 veluti
1403 3993 1528 4031 cum
1561 3978 1819 4048 lacrymis
1834 3979 2195 4049 profundens,
2222 3985 2283 4030 ut
2333 3974 2419 4028 vir
2436 3973 2657 4027 divinus
2695 3971 2956 4028 Joannes.
3001 3970 3211 4027 intimis
3227 3975 3403 4025 visce-

140 4062 268 4119 ribus
288 4076 626 4130 commotus,
666 4065 853 4120 dicere
889 4065 1116 4120 auditus
1146 4066 1217 4117 sit
1253 4083 1266 4118 :
1318 4066 1460 4133 Quid
1491 4070 1710 4124 tandem
1740 4110 1755 4133 ,
1797 4070 2070 4143 Symeon?
2127 4068 2361 4123 Ferrum
2412 4062 2762 4119 solummodo
2858 4062 3040 4123 deest,
3100 4066 3401 4134 quominus

138 4159 383 4214 violentas
420 4159 525 4213 tibi
555 4158 671 4227 ipse
706 4173 903 4212 manus
931 4157 1154 4212 inieras.

198 4249 261 4317 μ’.
294 4253 528 4305 Ἔπειτα
560 4251 742 4320 μέντοι
770 4251 908 4320 πρὸς
944 4251 1144 4322 ἑτέραν
1181 4253 1406 4322 μείζονα
1437 4254 1544 4306 τῶν
1571 4271 1705 4322 προ-

136 4342 287 4411 τέρων
311 4345 548 4417 ἄσκησιν
584 4343 778 4398 ἑαυτὸν
803 4345 832 4396 6
857 4343 1082 4413 Συμεὼν
1117 4342 1362 4411 ἐξεπόνει
1396 4364 1408 4378 ·
1433 4348 1572 4415 ἔγνω
1594 4349 1700 4417 γάρ

1880 4242 1966 4304 4οζ
2004 4250 2273 4305 Successu
2325 4248 2527 4303 deinde
2559 4246 2821 4317 temporis
2850 4247 3000 4303 aliud
3047 4251 3399 4310 exercitatio-

1811 4345 1900 4399 nis
1928 4358 2105 4419 genus
2139 4341 2479 4411 excpgilans,
2516 4340 2685 4410 priori
2732 4341 2892 4412 longe
2948 4343 3120 4414 magis
3168 4353 3398 4415 stupen-

136 4432 212 4486 ἐπὶ
235 4438 336 4488 τῶν
364 4436 563 4491 ἑαυτοῦ
593 4436 813 4490 καθίσαι
842 4435 1020 4489 ποδῶν
1044 4452 1058 4468 ο
1076 4435 1106 4488 ὃ
1123 4435 1218 4490 καὶ
1233 4436 1365 4508 παρ’
1384 4438 1504 4493 ὅλον
1525 4442 1700 4493 ἐνιαυο

1819 4437 1964 4501 ἂιιηι,
1995 4434 2063 4489 ad
2095 4433 2230 4488 illud
2257 4448 2380 4497 sese
2413 4432 2811 4489 exstimulavit.
2858 4432 3163 4492 Constituit
3208 4438 3395 4510 igitur,

137 4524 214 4576 τὸν
236 4530 557 4600 πεποίηκεν,
588 4528 888 4590 ἀσάλευτος
918 4529 1131 4597 μείνας,
1163 4528 1419 4600 καθάπερ
1459 4532 1553 4586 ἐπὶ
1596 4534 1693 4585 πέ-

136 4628 248 4682 τραν
262 4617 353 4685 τῆς
367 4621 445 4680 εἰς
465 4615 696 4684 Χριστὸν
708 4617 916 4688 ἀγάπης
930 4618 1176 4689 ἀκριϐῶς
1208 4621 1569 4692 ἡδρασμένος.
1610 4624 1699 4693 Τῷ

139 4704 220 4771 μὲν
251 4707 340 4762 οὖν
381 4709 586 4782 χρονίῳ
618 4710 718 4779 τῆς
751 4709 1042 4780 καθέδρας,
1086 4712 1182 4764 καὶ
1218 4715 1285 4783 τῇ
1320 4713 1429 4766 τῶν
1477 4715 1699 4786 σαρκῶν

136 4796 429 4871 ἀπαλότητι,
489 4805 609 4866 ταῖς
669 4803 907 4874 κνήμαις
951 4803 999 4855 oi
1045 4805 1214 4874 μηρώ⁵
1244 4805 1692 4876 συμπεφύκεσαν.

138 4889 274 4955 μέλος
301 4892 492 4965 ὥσπερ
534 4894 593 4948 ἑν
622 4894 929 4962 γεγονότες,
961 4893 1125 4964 σῆψις
1150 4911 1209 4947 τε
1235 4895 1446 4958 τούτοις
1475 4899 1697 4966 ἐντετη-

138 4982 262 5047 κυῖα,
309 4986 399 5039 τὸν
439 4987 718 5055 Ἰωάννην,
773 4984 915 5038 ἀλλὰ
960 4985 1057 5038 καὶ
1114 4987 1241 5050 τοὺς
1270 4986 1536 5055 ἀδελφοὺς
1577 4990 1698 5044 δυσο

135 5070 275 5139 cubiti;
303 5078 569 5149 ἐπλήρου.
610 5073 720 5141 τΗς
745 5077 868 5132 ὅθεν
904 5095 964 5130 τε
991 5074 1075 5149 ἦν,
1110 5081 1206 5132 καὶ
1233 5080 1382 5144 ὅπως
1415 5077 1526 5152 εἶχε
1552 5099 1695 5151 γνω-

136 5159 350 5237 σθείσης,
391 5170 573 5239 ἰατρόν
599 5187 719 5223 τινα
744 5169 1239 5240 μεταστειλάμενος
1266 5170 1296 5222 6
1331 5170 1599 5243 Ἰωάννης,
1627 5176 1694 5244 τῇ

133 5252 279 5329 τέχνῃ
301 5262 432 5330 πρὸς
458 5262 521 5314 τὸ
553 5261 648 5316 τοῦ
686 5259 913 5330 Συμεὼν
952 5262 1125 5324 πάθος
1157 5260 1392 5333 χρῆσθαι
1422 5263 1597 5333 ἠξίου.
1638 5266 1695 5317 '0

135 5344 183 5396 δὲ
232 5355 525 5422 κατεγέλα·
571 5357 647 5425 Ζῇ
701 5354 908 5425 Κύριος
960 5356 990 5405 6
1036 5353 1169 5416 Θεός
1198 5371 1324 5424 μου,
1368 5354 1563 5421 λέγων,
1594 5360 1695 5411 οὐκ

136 5435 424 5516 ἀνθρωπίνη
463 5464 556 5516 μοι
582 5447 744 5516 τέχνη
770 5444 1031 5515 ψαύσειεν
1068 5445 1101 5515 ἢ
1143 5446 1287 5515 χείρ.
1329 5446 1446 5499 Ἐπ’
1485 5448 1695 5503 ἐκεῖνον

138 5527 228 5602 γὰρ
264 5536 531 5608 saepest;
560 5537 820 5609 ἐμαυτὸν,
845 5539 940 5590 καὶ
958 5537 1136 5600 ἀὐτὸς
1163 5537 1403 5606 ποιήσει.
1440 5532 1693 5593 Ταῦταό

140 5618 225 5686 μὲν
243 5623 440 5695 ἰλεγενσ
471 5629 604 5694 Θεὸς
627 5629 684 5682 δὲ
713 5629 775 5682 οὐ
806 5628 895 5682 διὰ
930 5627 1144 5699 μακροῦ
1172 5629 1434 5700 ἐπλήρου,
1463 5630 1558 5685 καὶ
1585 5632 1694 5685 ἀπὸ

140 5709 224 5780 τῆς
255 5719 459 5793 πλῆγῆς
493 5725 521 5775 6
545 5720 772 5792 Συμεὼν
806 5721 946 5785 ἰᾶτο,
965 5718 1103 5801 ἰτούς
1128 5736 1189 5772 τε
1221 5727 1431 5791 μηροὺς
1460 5721 1689 5793 ἐρρωτο,

144 5806 353 5876 καὶτοῖς
377 5812 614 5886 κνήμαις
635 5814 836 5884 ἐχρῆτο
851 5831 863 5844 ·
892 5814 985 5867 καὶ
1010 5815 1337 5886 χαριστήρια
1359 5813 1478 5885 Θςῷ
1498 5815 1692 5869 τοσαύ-

1806 4527 2043 4598 pedibus
2063 4526 2181 4582 suis
2204 4540 2303 4595 pro
2325 4524 2488 4579 sedili
2517 4524 2618 4588 uti,
2647 4525 3114 4594 quemadmodum
3139 4538 3195 4584 et
3217 4532 3398 4602 reipsa

1806 4635 1939 4679 usus
1968 4628 2053 4674 cst
2082 4633 2230 4672 anno
2257 4617 2495 4686 integro,
2532 4617 2906 4688 immotusque
2928 4621 3193 4689 persedit,
3222 4624 3396 4680 veluti

1802 4725 1971 4780 super
2020 4717 2234 4778 petram
2272 4707 2591 4763 dilectionis
2635 4706 2840 4762 Christi
2896 4711 3071 4779 probe
3119 4711 3388 4770 ﬁrmatus.

1801 4801 2029 4859 Factum
2068 4806 2154 4854 est
2180 4799 2348 4869 igitur
2380 4798 2599 4853 diutino
2629 4799 2723 4853 illo
2751 4800 2862 4857 situ
2891 4814 2947 4855 et
2974 4804 3158 4859 carnis
3187 4807 3392 4861 teneri-

1801 4893 1997 4957 tudine
2034 4892 2196 4948 tibias
2225 4907 2351 4949 cum
2383 4893 2539 4947 coxis
2567 4891 2897 4957 coalescere,
2942 4903 2999 4948 et
3040 4896 3265 4952 unicum
3295 4914 3387 4954 so—

1799 4986 2085 5043 lummodo
2126 4985 2435 5044 membrum
2475 5000 2761 5055 apparere.
2806 4986 2953 5041 unde
2987 5002 3245 5058 generata
3285 5008 3388 5062 pii-

1800 5078 2055 5135 trel‘actio
2072 5088 2218 5135 tetro
2238 5078 2431 5141 odore,
2462 5094 2572 5135 non
2594 5077 2863 5134 Joannem
2890 5079 3090 5147 solum,
3121 5083 3219 5138 sed
3251 5084 3389 5142 alios

1801 5187 2023 5242 quoque
2056 5170 2254 5226 fratres
2286 5170 2619 5240 complebat.
2652 5170 2755 5227 Ubi
2783 5179 2967 5227 autem
2994 5172 3187 5228 fetoris
3220 5192 3383 5234 causa

1800 5264 2052 5333 indagata
2082 5272 2413 5332 repertaque
2443 5270 2548 5326 est,
2577 5262 2852 5318 medicum
2888 5266 3179 5321 accersivit
3215 5268 3385 5323 Joan-

1798 5372 1915 5419 nes,
1947 5364 2067 5410 arte
2092 5370 2192 5409 sua
2214 5355 2484 5409 medelam
2506 5354 2707 5410 affecto
2730 5357 2948 5426 corpori
2975 5357 3383 5415 adhibituruui.

1796 5445 1936 5516 Quid
1963 5447 2032 5501 ad
2063 5447 2182 5503 haec
2206 5445 2487 5518 Symeon?
2512 5446 2571 5501 In
2603 5446 2777 5501 risum
2802 5446 3017 5505 eﬂ‘usus
3050 5466 3062 5501 :
3092 5450 3244 5506 Vivit
3274 5452 3381 5507 Do-

1798 5535 1982 5596 mitius
2002 5555 2179 5603 meus,
2204 5539 2406 5609 inquit,
2435 5553 2501 5593 ac
2521 5539 2667 5594 Deus
2691 5554 2878 5594 meus:
2898 5541 3044 5596 absit
3061 5552 3122 5597 ut
3144 5543 3382 5599 humana

1795 5644 1892 5689 aut
1920 5649 2013 5689 ars
2044 5644 2140 5690 aut
2169 5648 2367 5687 manus
2405 5633 2619 5688 medica
2648 5633 2881 5690 vulnera
2914 5650 3033 5691 mea
3068 5645 3288 5693 tractet.
3327 5641 3384 5695 lu

1797 5725 2092 5780 Dominum
2121 5726 2329 5795 projeci
2350 5740 2542 5779 curam
2569 5725 2699 5790 mei,
2724 5725 2843 5797 ipse
2872 5726 3242 5786 medicabitur
3271 5749 3379 5786 mc.

1795 5818 1922 5873 llaec
1959 5819 2069 5873 ille.
2107 5818 2252 5873 Deus
2272 5827 2454 5874 autem
2477 5818 2823 5888 prredictioni
2852 5820 3019 5879 ﬁdem
3049 5823 3246 5882 deesse
3276 5843 3383 5882 non
