3898 6390
502 363 660 430 3023

1702 342 1766 429 ε.
1807 365 2185 428 SYMEONIS
2221 344 2581 430 JUNrou'ts

3641 372 3770 436 ωλι

509 474 841 535 sivitz'brevi
879 472 1205 545 siquidem'a
1232 472 1560 529 vulneribus
1581 482 1809 531 curatus
1837 485 1942 543 est,
1972 491 2095 531 cor-

2204 492 2301 544 της
2334 474 2673 546 εὒεργεσίας,
2712 472 2898 526 στάσιν
2923 471 3014 525 ἐπὶ
3040 470 3281 541 γονάτων
3314 467 3465 539 αὖθις
3491 477 3580 529 καὶ
3609 480 3767 535 ποδῶν

512 569 785 625 roboratis
817 567 970 624 coxis
1006 574 1063 621 et
1093 565 1360 621 tibiarum
1407 583 1511 622 usu
1544 577 1803 639 recepto:
1840 584 1941 638 pro
1990 578 2135 638 quo‘

515 661 784 717 beneficio
817 658 1034 714 auctori
1059 658 1173 731 Deo
1204 658 1414 727 gratias
1440 659 1731 728 persolvit,
1777 675 1941 713 omne
1965 660 2100 715 illud

2200 568 2453 622 ἀπεδίδου
2484 566 2696 634 καιρὸν,
2740 566 2798 617 ὃν
2834 565 2996 628 αὐτὸς
3040 564 3217 634 ἑαυτῷ
3263 569 3369 620 καὶ
3405 566 3672 639 λογισμοῖς
3702 575 3775 626 οἱ-

2201 659 2370 723 κείοις
2397 659 2656 730 ὡρίσατο.

513 765 751 827 tempus,
794 754 951 824 quod
1006 753 1196 810 solitis
1247 754 1818 824 contemplationibus
1862 754 2301 825 praescripserat,
2370 754 2570 809 stando
2642 753 2972 825 transigens,
3023 754 3257 825 pedibus
3320 756 3655 829 genibusque
3674 774 3769 813 suo

511 862 739 902 munere
760 845 1148 916 fungentibus.

567 941 656 994 41.
707 939 942 1009 Jamque
995 939 1481 1010 appropinquabat
1530 941 1886 995 Pentecostes
1940 954 2098 994 sacra

510 1030 777 1092 qu,cum
829 1028 969 1083 dixit
1022 1029 1296 1102 Symeon:
1352 1032 1559 1101 Ecquis
1582 1032 1783 1102 dignus
1837 1040 1923 1087 est
1971 1032 2099 1102 Spi-

510 1122 675 1176 ritum
718 1131 972 1176 sanctum
1026 1123 1285 1193 recipere
1346 1123 1491 1178 sicut
1533 1125 1688 1179 visus
1738 1133 1825 1179 est
1894 1123 2105 1203 Christi

510 1212 799 1283 discipulis
846 1222 1013 1283 atque
1072 1215 1365 1284 apostolis,
1438 1216 1752 1287 linguarum
1805 1215 2101 1287 ignitarum

510 1304 695 1372 Specie
750 1301 1129 1357 descendens?
1187 1302 1404 1369 Quibus
1463 1314 1769 1375 reponente
1834 1304 2050 1360 Ioanne
2085 1345 2101 1370 ,

514 1393 663 1448 haud
722 1401 905 1448 tutum
956 1408 1080 1449 esse
1134 1394 1450 1457 istiusmodi
1496 1396 1751 1467 prodigia
1812 1395 2100 1466 ﬂagitare,

513 1486 813 1557 resumpsit
848 1486 943 1541 ille
992 1502 1309 1542 sermonem
1344 1488 1583 1544 dicens:
1632 1490 1983 1545 Voluntatem
2044 1492 2105 1545 ti-

458 1574 476 1588 ⁸
511 1580 778 1636 mentium
806 1594 864 1635 se
886 1579 1047 1634 faciet
1072 1581 1362 1648 Dominus,
1389 1597 1581 1653 preces
1597 1599 1791 1639 eorum
1816 1585 2098 1651 exaudiet,

511 1683 565 1725 ct
595 1670 831 1726 salvabit
854 1670 1026 1741 ipsos.
1050 1670 1183 1738 Quae
1205 1688 1332 1727 cum
1363 1674 1615 1735 dixisset,
1663 1678 1867 1733 erectis
1893 1679 1949 1733 in
1979 1693 2094 1734 ca:-

510 1765 622 1817 lum
663 1763 1065 1829 oculis,corde
1092 1780 1156 1819 ac
1182 1780 1441 1836 corpore,
1495 1768 1815 1833 itaoravit:
1858 1772 2094 1827 Domine

510 1858 881 1926 uiiiinipotens,
914 1857 1010 1927 qui
1036 1866 1233 1913 saneto
1264 1866 1360 1915 tuo
1384 1860 1597 1931 Spiritu
1621 1864 1733 1934 jam
1786 1864 1925 1919 olim
1980 1865 2096 1919 vir-

510 1956 682 2002 tutem
725 1949 996 2003 cmlorum
1034 1948 1292 2018 firmasti,
1352 1961 1409 2006 et
1454 1952 1652 2008 faciem
1681 1964 1956 2009 terrarum
2008 1954 2097 2008 in-

511 2041 752 2108 norasti;
802 2041 1014 2097 secutis
1076 2058 1209 2098 vero
1279 2047 1620 2117 temporibus
1669 2045 1824 2102 illum
1891 2048 2098 2104 sanctis

509 2135 775 2210 apostolis
796 2144 965 2205 atque
999 2135 1293 2206 discipulis
1319 2138 1451 2201 tuis,
1474 2139 1718 2208 speciem
1746 2138 1894 2211 ignis
1950 2155 2094 2211 pra:-

511 2228 804 2291 l'erentem,
845 2226 1165 2296 impertitus
1186 2242 1284 2293 es;
1334 2243 1448 2298 quo
1485 2227 1790 2294 factum,ut
1826 2244 1939 2284 non
1973 2244 2098 2284 ver-

512 2320 705 2375 nacula
732 2334 833 2374 sua
882 2328 1119 2387 tantum,
1178 2319 1277 2375 sed
1311 2329 1366 2376 et
1409 2322 1718 2393 peregrinis
1764 2323 1967 2393 linguis
2009 2323 2095 2377 lo-

511 2411 623 2467 cuti
655 2410 771 2465 sint
796 2429 811 2478 ;
836 2410 1069 2467 demitte
1111 2413 1269 2466 illum
1301 2428 1453 2467 nunc
1482 2429 1705 2485 quoque
1742 2414 1875 2468 mihi
1897 2429 2094 2484 pecca-

511 2503 653 2556 .ori:
686 2517 882 2556 servus
918 2512 1053 2558 tuus
1080 2519 1203 2558 sum
1234 2519 1356 2575 ego,
1401 2500 1620 2561 instrue
1660 2521 1767 2571 me,
1816 2516 1874 2560 et
1935 2506 2098 2561 doce-

516 2595 620 2647 hor
646 2594 901 2648 mandata
940 2604 1031 2649 tua
1081 2612 1093 2648 :
1135 2603 1192 2649 tu
1242 2596 1392 2652 enim
1431 2608 1629 2667 potens
1660 2613 1722 2653 es
1752 2601 1821 2651 ab
1853 2596 2094 2651 infantili

510 2703 604 2741 ure
673 2686 867 2741 laudes
919 2687 1020 2741 tibi
1079 2688 1442 2744 concinnare.
1504 2689 1583 2743 Ita
1628 2699 1903 2755 precatus,
1967 2703 2098 2744 ecce

510 2778 801 2833 confestim
845 2778 898 2848 (ο
953 2779 1080 2849 quis
1129 2788 1303 2846 tuam,
1356 2780 1745 2837 universorum
1801 2782 2098 2836 fabricator

445 2859 449 2864 ’
496 2870 676 2931 .Deus,
721 2871 1127 2940 benignitatem
1161 2874 1464 2943 enarret?)
1526 2889 1656 2929 ecce
1708 2874 1877 2929 veluti
1931 2874 2019 2928 fax
2063 2889 2095 2928 e

510 2962 648 3017 coelo
676 2961 941 3017 devolans
974 2971 1124 3017 tanta
1157 2963 1487 3034 Symeonem
1534 2965 1710 3035 gratia
1771 2964 2093 3029 cumulavit,

511 3064 569 3106 ut
598 3070 705 3109 non
744 3063 958 3109 tantum
982 3055 1100 3110 oris
1122 3055 1383 3111 facundia
1413 3066 1472 3111 et
1499 3056 1734 3126 Spiritu,
1758 3074 1868 3127 quo
1904 3058 2098 3127 loque-

2281 947 2392 1009 μα’.
2426 937 2820 1009 Προσαγούσης
2848 937 2905 991 δὲ
2937 938 3036 1010 ἤδη
3076 936 3176 1008 τῆς
3205 935 3352 1001 θείας
3376 938 3769 1010 Πεντηκοστῆς.

2209 1033 2393 1101 ἔλεγεν
2424 1035 2451 1086 ὁ
2501 1031 2749 1103 Συμεὼν,
2780 1032 2876 1095 Τίς
2905 1031 3012 1102 ἄρα
3040 1031 3299 1096 δέξασθαι
3339 1032 3487 1097 ἄξιος
3518 1033 3578 1086 τὸ
3617 1034 3776 1089 [1νεῦ-

2215 1140 2294 1196 μα
2322 1124 2382 1176 τὸ
2417 1123 2573 1191 ἅγιον
2598 1162 2612 1186 ,
2645 1122 2721 1186 ὡς
2754 1124 2866 1186 τοῖς
2898 1122 3135 1195 Χριστοῦ
3175 1121 3450 1194 μαθηταῖς
3497 1126 3593 1178 καὶ⁸
3647 1127 3776 1179 ἀπο·

2211 1217 2421 1280 στόλοις
2476 1216 2655 1286 ὢφθη,
2687 1215 2949 1285 γλωσσῶν
2978 1218 3035 1269 ὲν
3081 1216 3211 1269 εἴδει
3243 1216 3490 1287 πυρίνων
3520 1217 3779 1289 ἐπιδημῆ-

2208 1325 2309 1361 σαν
2339 1326 2353 1375 ;
2397 1308 2511 1377 Ἐφ’
2541 1305 2643 1375 οἷς,
2672 1308 2792 1362 Οὐκ
2822 1308 3083 1376 ἀσφαλὲς,
3110 1303 3155 1361 ὢ
3203 1309 3417 1373 τέκνον,
3451 1309 3522 1363 τὰ
3568 1309 3781 1364 τοιαῦτα

2207 1401 2412 1471 ζητεῖν,
2459 1401 2706 1461 εἰπόντος
2740 1398 2835 1453 τοῦ
2879 1399 3150 1465 Ἰωάννου,
3188 1398 3502 1464 ὑπολαϐὼν,
3533 1400 3778 1471 Θέλημα,

2206 1492 2364 1561 φησὶ,
2388 1490 2593 1563 Κύριος
2619 1491 2728 1545 τῶν
2747 1492 3098 1562 φοϐουμένων
3124 1492 3291 1546 αὐτὸν
3320 1493 3541 1562 ποιήσει
3573 1496 3665 1546 καὶ
3688 1495 3779 1562 τῆς

2205 1582 2445 1651 δεήσεως
2501 1582 2685 1637 αὐτῶν
2730 1583 3141 1649 εἱσακούσεται,
3188 1584 3285 1638 καὶ
3342 1583 3509 1638 σώσει
3573 1586 3778 1649 αὐτούς.

2204 1673 2393 1727 Ταῦτα
2446 1668 2623 1740 εἶπεν,
2652 1676 2747 1727 καὶ
2794 1674 3099 1746 ὀφθαλμοῖς
3146 1676 3227 1739 εἰς
3280 1676 3513 1747 οὐρανὸν
3554 1677 3782 1749 ,καρδίας

2207 1767 2325 1836 ἅμα
2353 1766 2449 1820 καὶ
2496 1764 2751 1836 σώματος
2808 1767 3086 1831 ἀτενίσας,
3116 1768 3349 1822 τοιαῦτα
3398 1770 3737 1840 προσηύχετο
3765 1785 3777 1798 ’

2201 1859 2900 1929 Δέσποταοπαντοκράτωρ,
2936 1860 3060 1930 ὀτῷ
3096 1860 3384 1930 Πνεύματί
3417 1878 3512 1913 σου
3544 1860 3621 1932 τῷ
3650 1860 3780 1931 ἁγίῳ

2201 1950 2469 2021 πρότερον
2506 1950 2605 2020 μὲν
2641 1950 2739 2021 τὴν
2767 1950 2999 2020 δύναμιν
3030 1950 3141 2003 τῶν
3169 1951 3425 2023 οὐρανῶν
3457 1950 3779 2021 στερεώσας,

2200 2042 2297 2097 καὶ
2335 2041 2435 2111 τῆς
2490 2040 2595 2109 γῆς
2652 2041 3015 2104 άνακαινίσας
3060 2042 3123 2096 τὸ
3169 2043 3491 2114 πρόσωπον,
3524 2042 3708 2095 ἔπειτα
3728 2041 3781 2094 δὲ

2201 2137 2316 2197 τοῖς
2371 2131 2549 2201 ἁγίοις
2592 2149 2688 2186 σου
2741 2133 3018 2204 μαθηταῖς
3060 2134 3156 2188 καὶ
3188 2134 3519 2198 ἀποστόλοις
3574 2135 3631 2187 ὲν
3661 2132 3782 2186 εῖδει

2213 2225 2388 2293 πυρὸς
2420 2225 2773 2290 ἀποστείλας,
2806 2226 2884 2289 ὡς
2918 2225 3100 2279 λαλεῖν
3129 2226 3336 2291 αὐτοὺς
3370 2227 3592 2297 ἑτέραις
3614 2223 3780 2294 γλώσ-

2201 2331 2324 2379 σαις
2348 2317 2448 2369 καὶ
2474 2316 2535 2368 οὗ
2564 2316 2843 2387 πατρίοις,
2885 2316 3248 2387 κατάπεμψον
3276 2316 3438 2369 τοῦτο
3457 2315 3553 2369 νῦν
3585 2316 3677 2369 καὶ
3712 2312 3782 2383 τῷ

2190 2407 2515 2480 ,ἁμαρτωλῷ
2564 2408 2689 2478 ἐμοί
2722 2425 2738 2440 ο
2771 2408 2959 2472 δοῦλός
3007 2409 3102 2462 σού
3140 2410 3264 2478 ειμι
3327 2407 3476 2478 ἐγὼ,
3507 2406 3774 2461 συνέτισόν

2198 2518 2292 2571 με,
2328 2502 2423 2555 καὶ
2456 2502 2772 2573 μαθήσομαι
2801 2501 2905 2565 τὰς
2950 2501 3175 2565 ἐντολάς
3206 2519 3332 2567 σου,
3369 2504 3399 2555 ὁ
3430 2503 3526 2555 καὶ
3551 2499 3659 2555 ἀπὸ
3692 2517 3779 2572 νη-

2206 2593 2335 2647 πίου
2394 2594 2663 2663 στόματος
2719 2590 2868 2647 αϊνον
2896 2592 3052 2658 εἰδὼς
3098 2594 3557 2666 καταρτίζεσθαι.
3612 2593 3784 2647 Ταῦτα

2199 2687 2295 2742 τοῦ
2347 2686 2498 2740 ὁσίου
2549 2685 2992 2757 προσευχομένου
3021 2686 3142 2758 ’(τίς
3193 2686 3263 2741 ἄν
3317 2703 3436 2754 σου,
3483 2683 3785 2758 Δημιουργὲ

2197 2777 2308 2831 τῶν
2333 2778 2612 2843 ἁπάντων,
2627 2777 3058 2849 ἐξαριθμήσαιτο
3077 2778 3139 2831 τὸ
3156 2778 3549 2850 φιλάνθρωπον
3564 2778 3605 2849 ;)
3629 2776 3786 2830 καθά-

2200 2887 2307 2943 περ
2341 2889 2423 2933 τις
2465 2870 2688 2941 λαμπὰς
2755 2870 2950 2941 ἁθρόον
2975 2870 3182 2924 ἄνωθεν
3214 2872 3573 2935 καταπτᾶσα,
3599 2867 3788 2923 τοσαύ-

2199 2982 2299 3036 της
2338 2966 2497 3018 αὐτδν
2523 2966 2814 3034 ἐπλήρωσε
2842 2964 3086 3034 χάριτος,
3123 2963 3198 3026 ὡς
3234 2963 3316 3034 μὴ
3352 2966 3420 3033 τῇ
3486 2965 3587 3032 τῆς
3617 2958 3786 3029 γλώτ-

2200 3076 2301 3129 της
2350 3059 2538 3129 ὁμιλίᾳ
2565 3058 2745 3126 μόνον,
2780 3055 2974 3125 καὶτῷ
3004 3054 3292 3125 Ιινεύματι
3315 3050 3361 3124 ᾧ
3385 3055 3589 3120 ἐλάλει,
3624 3068 3787 3106 κατα-

510 3148 671 3200 ιιιιιιιι·
702 3147 997 3201 universes
1027 3162 1186 3202 sacro
1218 3148 1458 3217 quodam
1483 3159 1709 3220 stupore
1742 3150 2094 3220 percelleret,

2205 3150 2462 3219 πλήττειν
2486 3148 2746 3212 επιεικῶς
2765 3147 3035 3211 ἅπαντας,
3062 3144 3199 3199 ἀλλὰ
3226 3147 3331 3199 καὶ
3362 3145 3558 3213 λόγους
3589 3144 3712 3213 περί
3729 3158 3785 3197 τε

510 3239 883 3292 verum-ctiam
911 3239 980 3293 de
1010 3239 1123 3293 vita
1154 3240 1425 3305 solitaria,
1486 3241 1556 3295 de
1621 3242 1971 3311 poenitentia,
2024 3241 2094 3295 de

511 3331 700 3386 futuro
730 3331 963 3403 judicio,
1005 3331 1081 3386 ad
1148 3333 1459 3387 horrorem
1493 3334 1831 3388 dissereret:
1892 3333 2096 3386 multas

510 3440 733 3494 quoque
760 3439 1048 3479 sacrarum
1081 3418 1419 3479 Litterarum
1451 3425 1720 3481 obscuras
1792 3423 2096 3480 sententias

511 3517 1002 3586 interpretabatur,
1048 3525 1383 3585 apertasque
1425 3515 1672 3571 dilucida
1725 3514 2096 3584 explicatione

509 3608 768 3663 omnibus
797 3616 924 3663 ante
959 3607 1154 3662 oculos
1178 3607 1440 3677 ponebat.
1466 3608 1647 3678 Atque
1666 3607 1784 3661 haec
1810 3622 1898 3660 res
1931 3605 2097 3660 Joan-

509 3715 636 3756 nem
672 3699 870 3771 majori
902 3700 1069 3755 etiam
1101 3711 1326 3769 stupore
1356 3700 1679 3768 complevit,
1714 3699 1844 3753 talia
1877 3700 1946 3753 de
1992 3696 2095 3768 Sy-

508 3806 704 3849 meone
733 3791 923 3846 dicere
951 3799 1206 3846 coactum
1235 3808 1249 3843 :
1280 3790 1455 3857 Quam
1489 3789 1763 3845 mirabilia
1793 3790 1885 3844 hic
1926 3804 2095 3859 opera

508 3883 704 3939 faciet!
754 3882 1027 3953 quantulo
1050 3881 1266 3937 minora
1294 3882 1543 3953 ipsorum
1567 3880 1944 3951 apostolorum
1969 3893 2098 3948 pro-

504 3974 708 4045 digiis!
750 3975 1013 4043 quoniam
1062 3983 1119 4028 et
1154 3973 1279 4045 pari
1307 3972 1425 4029 fere
1450 3973 1627 4042 gratia
1658 3980 1972 4041 praeventus
1989 3977 2093 4028 est.

508 4064 617 4120 Sed
653 4067 921 4136 majorem
975 4066 1179 4121 adhuc.
1214 4066 1469 4120 timorem
1531 4063 1627 4116 Dei
1691 4060 2096 4115 monachorum

508 4158 710 4211 animis
766 4158 1020 4223 incussit,
1064 4159 1239 4229 magis
1290 4156 1437 4228 aptis
1507 4151 1750 4209 emt-acia
1810 4152 2095 4223 signorum

507 4267 672 4323 quam
704 4252 757 4306 vi
785 4252 1082 4308 verborum
1113 4251 1349 4307 moveri.

578 4345 672 4402 42.
703 4347 878 4400 Porro
915 4346 1086 4402 etiam
1111 4346 1229 4400 visa
1257 4345 1477 4415 objecta
1502 4341 1793 4398 monachis
1821 4356 1920 4413 per
1938 4339 2096 4412 quie-

510 4448 620 4504 tem
651 4437 1001 4493 admirabilia
1018 4446 1445 4506 suntzquorum
1483 4433 1654 4505 aliqui
1706 4441 1817 4488 tres
1867 4432 2089 4503 gradus,

511 4529 567 4582 in
597 4527 778 4598 iisque
828 4529 1059 4584 totidem
1113 4526 1275 4582 sedes
1325 4526 1517 4580 videre
1568 4524 1677 4579 sibi
1733 4524 2094 4579 videbantur:
2132 4518 2175 4573 D
2208 4521 2377 4598 941‘“,

510 4630 1002 4693 perconttmtesque
1038 4621 1266 4688 eccujus
1308 4618 1428 4673 ista:
1465 4625 1677 4681 essent,
1721 4628 1778 4673 et
1810 4618 1903 4673 cui
1946 4618 2091 4673 reci-

509 4714 711 4783 piendo
727 4712 1133 4782 exaltandoque
1150 4720 1487 4781 pararentur
1511 4752 1525 4775 ,
1555 4711 1852 4766 audierunt
1878 4725 2089 4774 vocem,

507 4805 769 4876 Symeoni
821 4819 1000 4874 puero
1056 4801 1349 4858 destinari.
1410 4801 1512 4857 Hic
1556 4803 1787 4868 interea,
1808 4802 2091 4873 fulgorem

506 4895 669 4951 faciei
692 4895 1034 4963 virtutisuwue
1067 4908 1182 4948 suae
1207 4907 1394 4962 parem
1420 4892 1524 4948 soli
1541 4892 1878 4960 dilundens,
1906 4893 2093 4948 divina

506 4986 776 5041 charitate
795 4984 1016 5054 plenus,
1040 4980 1509 5052 quemadmodum
1528 4982 1886 5039 ascensiones
1911 4982 2094 5036 adhuc

507 5078 868 5134 sublimiores
892 5074 1247 5144 disposuerat
1272 5073 1328 5128 in
1373 5075 1560 5139 corde,
1618 5073 1691 5129 ita
1744 5082 2093 5129 terrenarum

509 5185 695 5227 rerum
749 5165 1173 5224 conversatione
1229 5166 1454 5231 relicta,
1486 5165 1802 5221 columnam
1853 5164 2094 5235 quadra-

509 5260 659 5331 ginta
688 5264 751 5311 ut
774 5253 1067 5309 minimum
1098 5252 1273 5325 pedes
1300 5253 1464 5309 altam
1488 5253 1626 5325 erigi
1661 5251 1909 5307 mandat.
1936 5252 2094 5318 Quod

510 5352 714 5406 factum
737 5348 831 5404 ubi
859 5346 1208 5403 Antiocheno
1234 5357 1354 5402 tum
1387 5347 1656 5416 temporis
1670 5344 2095 5414 archiepiscopo

511 5442 779 5507 innotuit,
821 5449 879 5497 et
914 5441 1032 5511 ipse
1059 5449 1116 5497 et
1145 5441 1443 5511 episcopus
1493 5438 1763 5495 Seleucia:
1793 5445 2093 5499 venerunt,

510 5535 831 5605 crebrisque
864 5534 1114 5590 accensis
1168 5532 1407 5599 facibus,
1464 5530 1645 5586 multo
1708 5543 1834 5585 cum
1885 5521 2096 5583 lumine

510 5638 678 5700 atque
704 5627 928 5700 hymnis
961 5624 1311 5697 Symeonem,
1363 5630 1567 5693 quanta
1603 5622 1696 5675 vix
1750 5618 1861 5674 dici
1890 5627 2093 5689 potest,

512 5738 636 5779 cum
664 5722 960 5778 devotione
986 5719 1055 5774 ad
1077 5734 1234 5774 aram
1264 5715 1591 5778 adductum,
1656 5711 1957 5765 diaconum
2007 5727 2098 5764 or-

512 5815 721 5881 dinant,
752 5816 1150 5884 deducuntque
1184 5810 1253 5866 ad
1280 5809 1427 5864 hanc
1477 5805 1826 5869 columnam;
1881 5811 2099 5870 postea-

2203 3240 2497 3312 μοναδικοῦ
2535 3239 2673 3310 βίοι),
2705 3240 2800 3293 καὶ
2838 3238 3155 3307 μετανοίας,
3195 3238 3299 3291 καὶ⁸
3343 3238 3448 3308 τῆς
3501 3236 3790 3307 μελλούσης

2199 3336 2434 3407 κρίσεως
2460 3336 2676 3388 τάττειν
2699 3353 2713 3366 ο
2742 3335 2913 3389 πολλά
2936 3352 2994 3388 τε
3028 3335 3137 3387 τῶν
3168 3334 3393 3404 βαθέως
3424 3334 3523 3389 καὶ
3553 3331 3789 3403 ἀποκρὺ-

2200 3445 2318 3497 φως
2367 3429 2489 3489 ταῖς
2542 3426 2719 3489 θείαις
2776 3427 3022 3497 Γραφαῖς
3056 3428 3385 3497 εἰρημένων
3416 3422 3790 3495 διερμηνεύεω

2197 3518 2335 3587 δῆλά
2390 3533 2451 3570 τε
2501 3519 2635 3571 πᾶσι
2695 3517 2795 3571 καὶ
2831 3512 2943 3571 οἷον
2974 3518 3068 3570 ὑπ’
3094 3516 3425 3589 ὀφθαλμοὺς
3454 3515 3784 3588 προτιθέναι.

2204 3614 2269 3666 Ὃ
2308 3613 2400 3667 τὸν
2460 3612 2559 3681 μὲν
2603 3612 2859 3681 Ἰωάννην
2909 3612 3157 3681 μείζονος
3207 3612 3304 3664 ἐπ’
3339 3611 3495 3681 αὑτῷ
3555 3606 3789 3679 θάμϐους

2199 3703 2524 3776 πληρῶσαν,
2559 3706 2745 3758 ἐκεῖνα
2778 3704 2909 3773 περὶ
2940 3703 3109 3758 αὐτοῦ
3137 3705 3312 3772 φάναι
3346 3700 3784 3772 παρασκευάζει,

2197 3797 2274 3861 ὡς
2326 3799 2435 3869 ἄρα
2476 3797 2767 3868 θαυμαστά
2800 3792 2956 3861 οὗτος
2991 3796 3130 3869 ἔργα
3172 3800 3426 3870 ποιήσει,
3465 3798 3561 3851 καὶ
3591 3789 3677 3849 οἷα
3705 3811 3788 3863 μι-

2198 3887 2335 3959 κροῦ
2415 3887 2485 3940 τὰ
2543 3887 2652 3940 τῶν
2709 3887 3048 3953 ἀποστόλων,
3111 3888 3195 3941 ὅτι
3253 3888 3355 3941 καὶ.
3408 3883 3791 3957 παραπλησίας

2199 3980 2433 4051 ἠξίωται
2497 3980 2719 4051 χάριτος
2741 3993 2755 4009 °
2811 3978 3035 4032 πλείονα
3062 3978 3294 4032 δεθεοῦ
3329 3978 3503 4048 φόϐον
3533 3980 3651 4039 ταῖς
3693 3973 3793 4026 τῶν

2202 4070 2453 4141 μοναχῶν
2487 4068 2652 4139 ἐνῆκε
2684 4067 2905 4137 ψυχαῖς,
2954 4069 3200 4138 σημείων
3220 4069 3501 4141 ’ἐνεργείᾳ
3534 4061 3791 4139 parum)

2198 4163 2371 4233 λόγων
2403 4162 2631 4233 δυνάμει
2669 4159 3144 4232 καταρτισθείσας.

2271 4318 2385 4390 μβ’.
2411 4319 2644 4372 Ἔπειτα
2677 4318 2864 4387 μέντοι
2888 4314 2983 4370 καὶ
3023 4315 3178 4384 ὄψεις
3210 4316 3270 4368 ἐν
3304 4314 3510 4379 ὕπνοις
3541 4311 3795 4384 ὤφθησαν

2197 4414 2310 4475 τοῖς
2338 4412 2597 4480 μοναχοῖς
2623 4407 2964 4479 παραδόξως,
2996 4408 3089 4460 καί
3117 4424 3264 4470 τινες
3293 4408 3487 4460 αὐτῶν
3515 4406 3649 4478 τρία
3708 4403 3794 4481 βή-

2410 4503 2504 4555 καὶ
2552 4504 2705 4566 τρεῖς
2760 4502 2816 4552 ὲν
2874 4501 3062 4562 αὐτοῖς
3092 4499 3323 4570 θρόνους
3372 4500 3608 4553 ,ἐδόκουν
3629 4497 3793 4568 693v-

2202 4592 2547 4663 πυθομένους
2580 4591 2636 4643 δὲ
2668 4591 2789 4642 τίνα
2814 4588 2991 4643 ταῦτα
3023 4586 3155 4651 εἷεν.
3190 4590 3290 4643 καὶ
3330 4593 3464 4644 ὅτου
3496 4591 3638 4660 πρὸς
3672 4590 3796 4641 ὐπο-

2194 4687 2358 4757 δοχὴν
2411 4684 2505 4736 καὶ
2540 4682 2712 4746 δόξαν
2753 4681 3152 4751 ἑτοιμασθεῖεν,
3189 4682 3434 4735 ἀκοῦσαι
3466 4682 3678 4751 φωνῆς,
3713 4678 3789 4731 ὅτι

2196 4779 2427 4846 Συμεὼν
2488 4774 2584 4829 τοῦ
2638 4773 2851 4837 παιδός.
2894 4772 2955 4829 '0
2985 4773 3215 4843 Συμεὼν
3265 4775 3462 4827 τοίνυν
3522 4776 3615 4827 ι’σα
3672 4769 3799 4839 ήλίῳ

2196 4872 2319 4943 ww
2382 4869 2501 4940 ἅμα
2564 4867 2657 4921 καὶ
2727 4865 2932 4938 ἀρετὴν
2985 4866 3413 4935 ἐξαστράπτων,
3480 4863 3711 4935 χάριτός
3748 4876 3796 4912 τι

2197 4964 2350 5027 θείας
2384 4960 2791 5032 πληρούμενος,
2821 4959 3118 5021 ἀναϐάσεις
3159 4958 3240 5011 ἔτι
3273 4959 3495 5029 μᾶλλον
3521 4958 3721 5026 ὥσπερ
3749 4957 3801 5006 ὲν

2195 5061 2263 5130 τῇ
2297 5056 2494 5127 καρδίᾳ
2530 5053 2761 5117 ἐτίθετο,
2797 5050 2943 5106 οὕτω
2970 5054 3074 5105 κάν
3102 5054 3167 5123 τῇ
3201 5051 3317 5104 τῶν
3348 5054 3566 5123 γηΐνων
3596 5051 3799 5118 άναχωυ

2200 5154 2356 5223 ρήσει
2393 5148 2608 5220 ἀμέλει,
2634 5148 2731 5201 καὶ
2756 5145 2910 5199 κίονα
2961 5145 3131 5207 πόδας
3166 5145 3226 5197 οὐ
3264 5148 3431 5213 μεῖον
3462 5146 3499 5214 ἦ
3542 5141 3798 5211 τετταρά-

2198 5257 2361 5295 κοντα
2394 5242 2456 5294 τὸ
2485 5240 2619 5310 ὕψος
2663 5238 2942 5292 ἐπιτάττει
2977 5236 3255 5303 γενέσθαι.
3286 5237 3357 5289 Ὃ
3377 5237 3447 5307 δὴ
3471 5235 3699 5304 γεγονὸς
3733 5227 3801 5299 τῷ

2197 5333 2502 5403 τηνικαῦτά
2539 5349 2598 5385 τε
2642 5332 2740 5401 τῆς
2805 5331 3128 5399 Ἀντιοχέων
3179 5331 3618 5399 ἀρχιεπισκόπῳ
3672 5344 3799 5394 γνω-

2202 5428 2348 5493 σθὲν,
2405 5425 2576 5479 ἐλθὼν
2630 5425 2841 5486 ἐκεῖνος
2912 5422 3051 5492 μετά
3097 5420 3194 5477 τοῦ
3260 5423 3416 5475 κατὰ
3480 5422 3799 5474 Σελεύκειαν

2203 5514 2503 5569 ἐπισκόπου
2534 5555 2548 5578 ,
2592 5512 2884 5583 λαμπάδας
2914 5529 2972 5566 τε
3010 5511 3213 5582 συχνάς
3267 5512 3671 5582 ἀναψάμενοι,
3707 5506 3809 5563 ὑπὸ

2201 5607 2382 5679 πολλῷ
2402 5609 2541 5678 φωτὶ
2564 5608 2660 5661 καὶ
2688 5607 2879 5676 ὕμνοις
2907 5607 2999 5660 τὸν
3028 5603 3263 5676 Συμεὼν
3311 5604 3397 5674 τῷ
3430 5598 3808 5672 θυσιαστηρίῷ

2204 5701 2324 5773 μεθ’
2351 5703 2483 5771 ὅσης
2518 5700 2625 5754 οὐδ’
2657 5698 2722 5753 ἂν
2753 5701 2897 5752 εἴποι
2940 5715 3024 5761 τις
3071 5695 3369 5760 εὐλαϐείας
3407 5699 3798 5766 προσάγοντες,

2201 5798 2451 5852 διάκονόν
2498 5813 2554 5848 τε
2608 5793 2975 5865 χειροτονοῦσι
2997 5836 3010 5852 .
3046 5793 3137 5848 καὶ
3168 5793 3249 5847 εἰς
3298 5790 3394 5846 τὸν
3431 5793 3592 5847 κίονα
3622 5786 3802 5843 τοῦτον
