3898 6378
1824 220 1851 252 κ

143 371 254 436 εθῦ
1135 386 1311 450 VlTA
1353 390 1395 446 Α
1441 374 1875 446 NlCEPllORO
1914 373 2399 436 cessantem.
2512 373 2519 379 ·
3217 357 3356 423 30%

140 504 417 572 ἀνάγουσιν,
443 504 601 557 ἕκτον
656 506 748 557 ἐπὶ
773 505 868 573 τῆς
901 503 1112 574 βάσεως
1145 505 1358 570 ἐκείνης
1394 498 1494 571 ἤδη
1534 495 1679 567 παρὰ

1828 508 1949 547 uam
1971 492 2025 546 in
2049 493 2138 546 illa
2160 490 2273 545 basi
2293 493 2388 543 sex
2413 501 2587 541 annos
2610 484 2711 538 sub
2739 481 3037 550 disciplina
3053 477 3164 534 divi
3191 478 3358 532 Joan-

140 597 203 666 τῷ
240 596 359 667 θείῳ
402 596 622 669 Ἰωάννῃ
676 596 866 665 χρόνον
917 595 1225 666 διηνυκότα.
1252 592 1462 663 Σπουδὴ
1513 591 1568 643 δὲ
1617 584 1679 657 ἦν

1828 585 1872 638 is
1892 592 2137 637 moratus
2167 582 2364 634 fuerat.
2403 574 2610 645 Volupe
2644 573 2733 627 hic
2758 580 2877 627 erat
2904 566 3089 625 studia
3115 574 3359 637 spectare

140 689 228 742 τῶν
274 688 556 757 παρόντων
612 687 851 757 ἑκάστῳ,
887 687 982 739 καὶ
1048 685 1281 754 μάλιστα
1316 685 1429 747 τοῖς
1463 681 1557 734 τοῦ
1592 680 1679 750 βή·

1825 673 2058 745 ujusqnc
2128 670 2508 743 przesentium,
2585 664 2867 737 praecipue
2925 658 3364 720 ministrantium

145 796 306 849 ματος,
335 777 414 847 τῷ
473 776 592 847 μὲν,
624 749 999 841 διαϐαστάσαι,
1144 775 1200 829 δὲ
1230 776 1323 828 τοῦ
1378 749 1684 841 ἐνδύματος

1826 765 1981 830 lturi;
2010 764 2134 819 aliis
2164 771 2416 817 sanctum
2449 776 2479 813 a
2535 766 2686 813 terra
2749 752 3189 815 sublevantihus,
3240 749 3365 803 aliis

144 841 406 935 θέρεσθαι,
440 841 521 936 τῶ
576 867 633 919 δὲ
692 867 786 919 καὶ
837 841 1091 935 πλησίον-
1121 864 1394 934 γενέσθαι,
1430 862 1683 930 καθάπερ

1828 857 2119 912 estimenta
2144 864 2367 925 tangere
2399 850 2777 923 cupientibus,
2823 848 3102 917 plerisque
3137 841 3367 913 propius

141 959 204 1027 τῷ
228 958 381 1010 πλέον
412 958 741 1030 μετασχόντι
778 956 1019 1021 πλείονος
1050 958 1223 1029 παρὸν
1253 959 1434 1026 τυχεῖν
1469 956 1564 1008 καὶ
1592 954 1680 1025 τῆς

1826 951 2128 1020 ropiusque
2166 948 2359 1001 adesse
2381 942 2733 1007 conantibus,
2790 939 3046 993 omnibus
3090 934 3246 1005 quasi
3281 948 3365 986 ra-

143 1024 383 1115 εὗλογίαςο
414 1024 425 1030 ⁷
591 1024 623 1029 Π
1134 1024 1145 1029 ’
1321 1024 1351 1026 Π
1648 1024 1651 1025 ν
1796 1052 1910 1098 tum
1940 1039 2293 1103 habentibus,
2327 1038 2453 1107 plus
2473 1031 2882 1089 benedictionis
2903 1029 3174 1083 relaturos
3221 1024 3366 1084 illos,

1794 1130 1889 1201 qui
1911 1130 2036 1199 plus
2070 1126 2239 1182 studii
2283 1125 2668 1179 contulissent.

198 1220 297 1283 μγ’.
329 1217 393 1267 Ὀ
412 1212 511 1282 μὲν
538 1211 631 1267 οὖν
663 1214 807 1283 ίερδς
842 1215 1068 1285 Συμεὼν
1099 1216 1193 1269 ἐπὶ
1215 1214 1307 1269 τοῦ
1335 1214 1511 1277 κίονος
1535 1213 1690 1277 στὰς,

1867 1220 1955 1274 45.
1985 1218 2184 1273 Beatus
2215 1217 2401 1285 itaque
2441 1214 2703 1286 Symcon,
2744 1220 2898 1268 stans
2951 1225 3116 1279 super
3158 1207 3373 1262 colum-

141 1306 298 1372 ὃγδοον
330 1306 386 1358 ὲν
416 1304 569 1374 αὐτῷ
594 1305 1024 1377 διεκαρτέρησεν
1059 1306 1196 1370 ἔτος,
1229 1306 1305 1369 ὡς
1334 1304 1459 1377 ἑξῆς
1489 1303 1680 1373 προῖὼν

1837 1331 1947 1378 am,
1972 1327 2149 1368 annos
2178 1320 2305 1365 octo
2332 1307 2540 1363 ibidem
2572 1304 2934 1377 perduravit,
2976 1302 3054 1357 uti
3078 1315 3374 1372 progressu

142 1400 164 1451 ὁ
188 1396 327 1463 λόγος
357 1395 593 1465 δηλώσει
624 1413 733 1465 μοι.
769 1398 825 1450 Ὀ
853 1399 911 1450 δὲ
939 1398 1215 1465 Ἰωάννης,
1239 1398 1415 1450 καίτοι
1434 1396 1681 1465 διαθήκας

1840 1407 2063 1472 einceps
2081 1401 2350 1458 orationis
2370 1400 2663 1455 docebitur
2686 1417 2699 1452 :
2718 1397 2958 1453 Joannes
2977 1404 3379 1461 autcm,quam—

147 1486 264 1558 μετὰ
283 1486 375 1539 τοῦ
404 1485 634 1554 Συμεὼν
661 1486 1001 1556 διαθέμενος,
1037 1487 1278 1558 ἡνῶσοαί
1301 1504 1361 1540 τε
1387 1488 1473 1540 διὰ
1500 1488 1686 1548 παντὸς

1840 1498 1884 1551 is
1910 1503 2103 1566 pactus
2134 1509 2258 1549 cum
2286 1492 2559 1564 Symeone
2594 1497 2761 1553 esset,
2803 1486 3156 1541 adlice-surum
3210 1497 3269 1537 se
3301 1480 3376 1534 illi

146 1577 271 1648 αὐτῷ
299 1578 396 1648 τὴν
426 1578 810 1647 πνευματικὴν
831 1579 1043 1639 ἓνωσιν,
1079 1579 1172 1631 καὶ
1202 1577 1505 1648 ἀχώριστος
1531 1575 1685 1631 αὗτοῐ

1843 1603 2020 1657 smper
2045 1584 2350 1655 spiritualis
2377 1583 2600 1639 vinculo
2636 1575 3068 1649 coniunctionis,
3120 1580 3188 1627 et’
3230 1571 3382 1625 nulla

144 1670 223 1740 τὴν
251 1670 423 1741 ψυχὴν
452 1670 754 1739 διαμένειν,
785 1671 929 1739 ὅμως
969 1671 1051 1722 ὅτι
1099 1671 1173 1741 μὴ
1203 1670 1301 1739 τὴν
1330 1669 1454 1739 ὄψιν
1492 1670 1683 1722 ἐκείνοι

1849 1694 2051 1750 nquam
2082 1687 2328 1745 tempore
2353 1680 2671 1745 separatum
2705 1670 2772 1725 iri
2789 1711 2811 1746 .,
2846 1665 3213 1723 nihilominus
3236 1661 3383 1732 quod

144 1761 371 1826 γλυκεῖαν
426 1762 527 1814 καὶ
587 1760 761 1823 θείαις
813 1758 1086 1813 ἀνθοῦσαν
1131 1759 1351 1830 χάρισιν
1399 1756 1683 1828 ὀφθαλμοῖς

1843 1770 1962 1823 navi
1990 1777 2215 1838 aspectu
2246 1767 2413 1833 illius,
2430 1764 2616 1836 gratia:
2634 1762 2837 1818 divina:
2857 1758 3067 1828 copiam
3091 1755 3382 1827 prodente.

1906 1855 1916 1864 ι
2048 1852 2084 1864 ιι
2278 1852 2314 1864 II
2455 1859 2466 1864 -
2657 1848 2672 1864 1
2734 1856 2745 1864 .
2775 1863 2800 1864 ,,
2859 1844 3011 1864 -aHI-
3063 1841 3382 1864 JAI-I...I~...

138 1849 258 1922 εἶχεν
282 1853 437 1921 ὁρᾷν,
483 1850 741 1902 ἐδάκνετο
770 1850 868 1919 τὴν
908 1849 1137 1919 καρδίαν
1172 1847 1267 1899 καὶ
1311 1845 1574 1907 ὠδυνᾶτο,
1611 1860 1677 1895 κα

1853 1855 1917 1908 ὐἱ
1939 1852 2118 1909 oculis
2146 1868 2255 1907 non
2278 1852 2493 1916 liceret,
2515 1848 2822 1920 angebatur
2850 1844 3037 1907 corde,
3058 1841 3392 1908 dolebatque

141 1945 204 2004 είς
232 1940 436 2010 φανερὰ
472 1937 734 2002 πολλάκις
765 1938 1068 1989 κατέπιπτε
1091 1934 1325 2011 δάκρυα.
1353 1930 1443 2002 Τῷ
1474 1932 1545 1984 Συ
1557 1928 1680 1998 μεὼε

1855 1952 2214 2016 mtopere,’ut
2239 1944 2295 1998 in
2323 1944 2593 2014 lacrymas
2622 1938 3074 2009 conspicuasnon
3109 1948 3234 1989 raro
3266 1946 3394 2001 pro-

137 2037 182 2089 δὲ
228 2034 483 2106 μείζονες
511 2031 622 2086 τῶν
684 2029 967 2100 προτέρων
1017 2026 1230 2094 ἀγῶνες
1278 2025 1371 2077 ἐπὶ
1401 2023 1493 2076 τοῦ
1521 2024 1671 2077 κίονο

1856 2047 2114 2112 umperet.
2146 2039 2362 2094 Interea
2392 2036 2658 2093 virtutum
2691 2032 2874 2089 studia
2904 2029 3165 2103 Symconi
3220 2026 3274 2080 in
3301 2041 3395 2080 co-

138 2125 268 2199 ἦσαν,
296 2127 542 2197 πραότης
584 2141 645 2177 τε
681 2120 881 2174 πλείων
926 2117 1074 2188 αὐτῷ
1120 2117 1494 2189 προσετίθετο,
1546 2114 1677 2168 καὶ·

1858 2147 2001 2187 imna
2033 2134 2238 2202 majora
2264 2137 2425 2184 erant
2450 2126 2766 2199 prioribus:
2792 2124 3194 2178 incrementum
3217 2117 3397 2187 capie-

136 2224 218 2291 τῆς
244 2220 470 2292 καρδίας
514 2216 808 2281 κατάνυξις
834 2214 1050 2284 ηὖξετο,
1083 2213 1152 2267 τά
1182 2229 1242 2265 τε
1272 2211 1484 2281 δάκρυα
1516 2207 1673 2262 ὑετοὺ

1863 2235 1906 2280 1t
1923 2223 2310 2288 mansuetudo,
2329 2221 2660 2293 augescebat
2674 2214 3027 2288 compunctio
3044 2211 3250 2274 cordis,
3269 2209 3402 2264 ube-

140 2314 380 2383 ἐμιμεῖτο,
411 2313 511 2366 καὶ
543 2313 576 2381 ἡ
608 2308 823 2380 γλῶττα
854 2309 966 2370 τοῖς
993 2308 1072 2370 είς
1099 2305 1231 2359 Θεὸν
1257 2303 1445 2376 ὕμνοις
1468 2303 1590 2365 ταῖς
1623 2299 1679 2353 οὗ

1866 2333 1991 2372 ores
2012 2316 2257 2371 fluebant
2279 2314 2536 2385 lacrymze
2561 2310 2872 2382 pluviarum
2897 2305 3129 2361 imbrem
3156 2302 3398 2362 imitatae.

144 2405 324 2476 ρανίαις
352 2404 625 2474 δυνάμεσι
660 2400 847 2471 σαφῶς
876 2399 1148 2470 ὼμοίωτο.

1865 2423 2005 2478 ngua
2038 2407 2095 2461 in
2126 2404 2493 2461 decantandis
2514 2403 2627 2459 Deo
2646 2399 2868 2473 hymnis
2900 2397 3040 2453 nihil
3072 2394 3254 2451 beatis
3274 2391 3404 2448 coeli

1814 2497 2107 2569 spiritibus
2153 2494 2516 2552 concedebat.

199 2588 291 2658 μδ’.
333 2587 419 2650 Ὠς
452 2584 523 2639 ἂν
568 2584 626 2639 δὲ
673 2583 746 2665 μὴ
794 2581 1159 2651 καυχήσηται,
1192 2576 1346 2647 φησι,
1380 2577 1530 2631 πᾶσα
1551 2572 1706 2645 σὰρξ,

1884 2589 1975 2645 ﬂ.
2008 2589 2086 2645 Ne
2125 2597 2333 2655 autem,
2365 2588 2447 2642 uti
2477 2585 2709 2651 dicitur,
2735 2581 3001 2656 glorietur
3031 2577 3212 2634 onmis
3246 2591 3400 2637 caro,

144 2679 563 2751 ἡνίκατοιαύτης
592 2676 889 2746 ἐτύγχανεν
938 2672 1136 2735 ἐπιϐὰς
1172 2669 1410 2740 ἡλικίας,
1456 2669 1577 2739 ἧτις
1607 2665 1677 2734 φύ

1877 2683 2064 2754 Iaajam
2084 2679 2154 2735 ad
2177 2679 2231 2733 id
2253 2678 2432 2734 aetatis
2449 2676 2725 2748 pervenit,
2746 2683 2809 2729 ut
2829 2669 3190 2744 procreandis
3210 2665 3416 2722 liberis-

143 2792 258 2838 σεως
305 2774 520 2843 πέφυκε
566 2770 729 2841 γονὴν
766 2768 1034 2840 προϊέναι,
1067 2763 1342 2818 ὡπλίσατο
1375 2759 1652 2833 κραταιῶς

1871 2784 1942 2829 »ια
1980 2773 2091 2839 sit,
2133 2772 2340 2827 bellum
2381 2769 2641 2843 Symeoni
2671 2768 2903 2825 Satanas
2927 2763 3262 2819 acerrimum
3317 2759 3410 2812 in-

144 2865 395 2929 Σατανᾶς,
428 2863 580 2916 ὥστε
628 2861 822 2924 νυκτὸς
864 2858 1028 2912 αὑτὸν
1065 2854 1340 2918 ἐνυπνίοις
1382 2853 1683 2923 ὲπηρεᾶσαι

1867 2866 1977 2930 ixit,
2000 2879 2176 2935 usque
2198 2862 2336 2918 adeo
2362 2871 2427 2917 ut
2446 2868 2615 2916 noctu
2636 2859 2804 2916 etiam
2824 2854 3120 2913 dormienti
3148 2867 3258 2906 non
3282 2851 3406 2905 leve

142 2953 215 3023 Τῷ
239 2955 314 3019 δὲ,
352 2957 401 3009 εί
441 2954 544 3007 καὶ
570 2952 632 3005 τὸ
660 2950 820 3021 σῶμα
879 2949 998 3004 κατ’
1034 2948 1211 3002 έκεῖνο
1236 2945 1337 3013 τῆς
1365 2943 1511 3016 ὥρας
1542 2941 1681 2996 ὕπνοι

1857 2958 2129 3015 ericulum
2174 2963 2415 3010 tentator
2457 2959 2695 3008 crearet.
2748 2945 3264 3006 Vcrumenimvero,
3321 2948 3396 2992 ta-

144 3046 340 3116 ἧττητο,
367 3045 486 3100 ἀλλ’
520 3046 554 3115 ἠ
581 3042 729 3115 ψυχὴ
755 3040 1029 3114 έγρήγορέ
1048 3057 1109 3094 τε
1137 3039 1233 3092 καὶ
1251 3036 1594 3106 διανέστηκε,
1617 3049 1683 3087 κα

1861 3048 1981 3104 tetsi
2012 3062 2113 3119 per
2143 3045 2280 3101 illud
2308 3053 2530 3115 tempus
2556 3057 2751 3099 somno
2783 3038 3158 3097 succubuerat
3179 3046 3400 3102 corpus,

144 3135 300 3201 οὕτως
352 3138 525 3208 ἑαυτῇ
570 3135 938 3207 προσέχουσα,
1002 3131 1078 3197 ὡς
1116 3130 1191 3203 μὴ
1237 3131 1399 3200 μόνον
1436 3127 1683 3196 ὲνδόσιμο

1863 3142 2005 3197 nima
2034 3139 2402 3197 nihilominus
2426 3135 2708 3209 vigilabat,
2733 3142 2920 3191 erecta
2940 3145 3158 3200 semper
3182 3136 3402 3195 tamque

147 3229 306 3301 μηδὲν,
360 3230 504 3302 μηδὲ
546 3226 788 3297 μαλακὸν
838 3223 1057 3289 παθεῖν,
1089 3221 1226 3278 ἀλλὰ
1271 3220 1367 3274 καὶ
1406 3219 1498 3273 τὸν
1541 3217 1686 3273 ὕπνος

1867 3242 2027 3291 tenta
2050 3233 2221 3290 rebus
2240 3232 2381 3299 suis,
2407 3238 2470 3287 ut
2492 3245 2605 3286 non
2627 3228 2795 3284 modo
2820 3224 2963 3281 nihil
2993 3222 3122 3279 inde
3144 3217 3406 3276 motionis

145 3322 281 3384 εὐθὺς
310 3319 719 3392 ἀπορρίψαντα,
765 3315 1073 3372 κατὼδυνον
1117 3314 1238 3368 ὅλον
1281 3312 1377 3366 καὶ
1416 3308 1684 3382 δακρυώδτ

1866 3324 2123 3381 bidinosre
2143 3332 2447 3396 pateretur,
2467 3336 2664 3377 verum
2681 3317 2845 3373 etiam
2865 3330 3096 3372 excusso
3117 3309 3405 3369 confestim

147 3414 302 3469 παίειν
328 3414 426 3478 τὰς
461 3412 641 3481 ὄψεις,
669 3412 766 3464 καὶ
816 3407 1043 3463 τοιαῦτα
1094 3405 1275 3476 ἑαυτῷ
1313 3401 1671 3475 ὲποδύρεσθαι

1869 3432 2008 3472 ιωηο
2027 3424 2262 3472 moestus
2285 3422 2452 3487 atque
2478 3410 2952 3487 lacrymabundus
2985 3407 3179 3463 facient
3208 3416 3408 3475 percu-

145 3507 230 3561 Φεῦ
264 3503 347 3563 οἷα
376 3508 579 3563 παθεῖν
610 3508 638 3561 ὀ
675 3505 906 3566 δείλαιος
950 3501 1204 3573 έμελλονί
1250 3494 1362 3553 οἷον
1395 3495 1684 3571 προσθετνα

1875 3514 1980 3573 ret,
2022 3515 2187 3576 atque
2220 3504 2295 3560 ita
2329 3518 2520 3560 secum
2557 3501 2674 3573 ipse
2706 3502 3104 3556 lamentaretur
3135 3512 3149 3549 :
3177 3494 3269 3550 Vae
3307 3491 3411 3545 mi-

147 3599 339 3671 τραῦμα
359 3642 373 3666 ,
413 3602 558 3671 ὅπερ
604 3598 718 3659 οὐκ,
749 3596 951 3665 ἰατρὸς,
983 3592 1044 3645 οὐ
1073 3591 1258 3660 τέχνη,
1296 3589 1359 3641 οὐ
1396 3588 1686 3658 φάρμακον

1875 3613 1937 3652 ro
1955 3597 2113 3664 mihi,
2141 3612 2305 3666 quam
2326 3610 2499 3666 prope
2529 3610 2561 3649 a
2594 3589 3024 3655 scelere.abfuil
3054 3601 3218 3658 quam
3271 3598 3409 3654 pene

147 3690 228 3743 οὐκ
251 3691 371 3745 ἄλλο
397 3708 452 3743 τι
481 3687 822 3759 θεραπεῦσαι
850 3684 1068 3754 ἴσχυσεν
1093 3681 1192 3737 ἀνί
1225 3678 1391 3733 Ἀλλὰ
1415 3678 1497 3731 σοὶ
1513 3675 1592 3747 τῷ
1620 3673 1686 3745 μό

1868 3690 2089 3745 ιίῘίΟίΠΠ)
2109 3688 2247 3742 mihi
2264 3687 2469 3742 vulnus
2490 3685 2615 3750 fuit,
2640 3684 2729 3740 cui
2746 3698 2851 3739 nec
2871 3680 3145 3745 medicus,
3169 3693 3273 3733 nec
3297 3695 3407 3734 ars.

151 3799 210 3848 νῳ
233 3783 474 3857 Δεσπότῃ
504 3779 600 3835 καὶ
620 3779 835 3850 Σωτῆρι
862 3776 1071 3847 ψυχῶν,
1098 3773 1177 3845 τῷ
1205 3772 1352 3844 μόνῳ
1374 3769 1590 3841 νεφρῶν
1618 3771 1690 3822 κα

1871 3796 1920 3837 ac
1941 3780 2322 3851 pharmacum,
2342 3791 2447 3833 nec
2464 3775 2613 3832 aliud
2629 3773 2906 3845 quidlibet
2926 3772 3125 3827 aﬂ'erre
3142 3784 3302 3839 opem
3328 3769 3410 3823 ul-

150 3873 358 3943 καρόιῶν
412 3873 618 3943 ὲταστῇ
683 3868 1033 3940 προσπίπτω,
1090 3865 1306 3927 δεικνὺς
1355 3861 1454 3934 τὴν
1508 3859 1689 3915 οίκείαε

1865 3887 1922 3925 ,ιη
1947 3870 2257 3941 potuisset!
2290 3868 2361 3923 At
2393 3866 2517 3934 tibi,
2553 3864 2785 3921 Domine
2814 3873 2871 3919 et
2904 3862 3158 3920 Salvator
3190 3862 3404 3916 anima-

152 3966 428 4031 ἀσθένειαν,
464 3965 594 4019 ἐπεὶ
622 3964 719 4017 καὶ
741 3962 951 4025 πάντας
975 3960 1146 4012 ἐλεεῖν
1172 3953 1351 4024 οἶδας,
1371 3959 1399 4010 ὁ
1420 3954 1515 4010 καί⁸
1540 3955 1691 4009 πάντι

1869 3976 1941 4018 tm
1971 3968 2311 4023 nostrarum,
2339 3956 2440 4012 tibi
2474 3954 2581 4012 soli
2610 3967 2805 4009 renum
2837 3968 2900 4007 ac
2919 3950 3173 4006 cordium
3196 3958 3408 4003 scruta-

152 4059 313 4125 σαφῶς
370 4058 696 4127 δυνάμενος.
732 4053 894 4107 Ταῦτ’
932 4052 1109 4121 ἔλεγε,
1151 4049 1246 4104 καὶ
1293 4048 1427 4113 ίδοὺ,
1461 4048 1563 4119 όρᾷ
1595 4061 1691 4100 τινι

1869 4053 1930 4107 »τί
1965 4051 2197 4121 supplex
2228 4048 2455 4113 accedo,
2494 4047 2759 4118 detegens
2784 4043 3165 4100 inﬁrmitatem
3194 4056 3408 4105 meam;

152 4151 385 4205 κατιόντα
432 4149 576 4221 πρὸς
625 4147 787 4202 αὐτὸν
835 4143 1066 4211 ἄνωθεν,
1099 4143 1161 4196 τὸ
1188 4139 1332 4205 εἶδος
1367 4140 1586 4211 σεμνὸν,
1617 4137 1691 4211 τὴ·

1870 4144 2083 4200 uoniam
2112 4151 2170 4198 tu
2198 4150 2256 4197 et
2289 4139 2545 4196 misereri
2574 4137 2824 4194 omnium
2853 4135 3022 4201 soles,
3050 4142 3108 4190 et
3148 4132 3409 4188 medicari

152 4244 290 4313 τρίχα
312 4243 569 4316 γηραιὸν,
598 4239 662 4293 τὸ
694 4238 885 4310 σχῆμα
918 4237 1013 4290 καὶ
1045 4236 1145 4304 τὴν
1177 4233 1370 4304 στολὴν
1410 4234 1581 4305 ἱερέα,
1617 4249 1688 4285 πο

1870 4237 2083 4292 mnibus
2099 4243 2277 4306 potes.
2312 4234 2475 4289 Hisce
2505 4231 2696 4297 ﬁnitis,
2723 4245 2855 4286 ecce
2882 4230 3084 4285 iterum
3115 4225 3409 4298 quemdam

151 4334 315 4406 τὴριον
345 4333 623 4405 σωτηρίου
646 4331 804 4403 χερσὶ
827 4328 1153 4399 κατέχοντα,
1180 4325 1377 4380 εὐωδία
1397 4342 1456 4378 τε
1483 4324 1689 4395 κατέσχ

1876 4330 2095 4401 inspicit
2144 4329 2314 4406 adAse
2340 4327 2770 4383 descendentem
2800 4325 2871 4381 ab
2911 4323 3141 4389 aethere,
3181 4337 3415 4377 venera-

153 4402 432 4480 τονιτόπον.
471 4402 582 4478 Καὶ
602 4424 632 4477 ὁ
661 4402 851 4492 φανεὶς
883 4419 993 4474 τῶν
1015 4418 1301 4490 ἁχράντων
1331 4417 1494 4471 οἱονεὶ
1519 4433 1692 4488 μυστη

1882 4424 1990 4479 lem
2016 4402 2438 4488 forma,°canitie
2490 4419 2874 4491 conspicuum,
2906 4416 3090 4487 specie
3123 4424 3291 4486 atque
3321 4413 3417 4468 ha-

155 4514 267 4582 ρίων
310 4517 387 4589 τῷ
438 4512 667 4585 Συμεὼν
703 4512 1072 4582 κοινωνήσας,
1108 4508 1409 4577 Ἀνδρίζου,
1439 4508 1536 4562 καὶ
1579 4524 1688 4579 κρα

1877 4516 1946 4569 itu
1973 4513 2342 4577 sacerdotem,
2366 4511 2598 4567 calicem
2621 4509 2971 4567 salutiferam
2996 4507 3255 4564 manibus
3276 4522 3416 4578 prae-

154 4606 423 4672 ταιούσθω,
474 4607 663 4677 φησὶν,
697 4606 731 4676 ἡ
775 4603 974 4676 καρδία
1008 4617 1138 4656 σου·
1188 4603 1287 4672 οὐχ
1326 4599 1573 4671 ὑποπέσῃ
1612 4598 1686 4668 γὰ

1888 4614 2101 4662 rentem
2125 4622 2139 4659 :
2160 4606 2428 4675 locusque
2450 4603 2609 4659 suavi
2631 4601 2822 4658 odoris
2845 4600 3147 4673 fragrantia
3177 4599 3422 4671 repletus

157 4688 401 4748 ἐνυπνίων
435 4693 741 4761 ἐνεργείαις
786 4692 990 4755 οὐκέτι,
1017 4691 1265 4763 φυλακὴν
1293 4693 1385 4745 ἐπὶ
1415 4695 1482 4764 τῇ
1517 4694 1691 4749 ἅνωθε

1883 4705 1972 4753 ἀι.
2006 4698 2076 4751 Et
2110 4696 2180 4764 is,
2212 4697 2306 4768 qui
2339 4695 2664 4767 apparebat,
2712 4694 3041 4750 intemerata
3074 4701 3422 4749 sacramenta

158 4773 313 4831 ἐλπίδι
332 4782 513 4835 πᾶσαν
534 4780 633 4850 τῆς
661 4780 855 4833 ἑαυτοῦ
887 4778 1113 4849 καρδίας
1135 4780 1416 4850 τιθέμενος
1435 4798 1451 4815 ο
1482 4781 1510 4835 ὃ
1538 4784 1697 4838 τοσοῦ

1879 4790 2088 4863 ymeoni
2119 4789 2530 4846 communicare
2550 4788 2741 4842 visus:
2766 4787 3043 4852 Viriliter,
3067 4784 3267 4855 inquit,
3297 4799 3418 4854 age,

158 4881 236 4919 τον
270 4872 357 4924 ἐπὶ
410 4874 599 4925 πένθει
648 4872 842 4935 πένθος
880 4871 958 4942 τῷ
988 4872 1212 4942 Συμεὼν
1246 4874 1617 4945 προστίθησιν,
1646 4876 1697 4930 ὡκ

1883 4921 1887 4933 ,
1925 4881 2271 4937 confortctur
2300 4897 2396 4936 cor
2424 4887 2617 4945 tuum;
2654 4894 2767 4933 non
2818 4877 3148 4933 succumbes
3192 4875 3422 4942 posthac

160 4952 239 5007 ἐπί
264 4975 407 5023 τινας
435 4960 649 5030 ἡμέρας
680 4960 840 5031 ἄχρις
869 4961 1096 5030 ἐννάτης
1120 4960 1269 5031 ὥρας
1332 4963 1468 5032 μηδὲ
1490 4965 1588 5034 τὴν
1625 4965 1699 5019 θυι

1880 4972 2185 5027 lusionibus
2230 4971 2656 5035 insomniorum,
2704 4969 2750 5025 si
2784 4968 2968 5024 cordis
2999 4970 3077 5023 tui
3109 4967 3419 5023 custodiam

164 5046 267 5113 ρίδα
289 5051 534 5107 ὁπωσοῦν
569 5054 943 5125 παρανοίγειν,
979 5055 1095 5107 ἀλλ’
1125 5055 1368 5127 ἀκριϐῶς
1404 5059 1573 5123 αὐτὴν
1598 5061 1703 5114 ἐπι-

1883 5078 1943 5118 eo
1989 5063 2223 5118 firmiter
2250 5060 2525 5133 sperando
2570 5060 2936 5116 commiseris.
2969 5060 3079 5115 lies
3120 5060 3214 5116 illa
3247 5058 3422 5131 priori

163 5136 533 5229 κεκλεισμένην
547 5144 872 5216 ἀνομίλητον
896 5148 1208 5201 παντάπασι
1228 5148 1524 5219 διαμένειν,
1545 5153 1702 5226 έαυτι]

1886 5157 2120 5228 ymeonis
2139 5156 2313 5211 luctui
2350 5155 2690 5226 spiritusque
2724 5152 3048 5210 contritioni
3088 5163 3302 5208 tantum
3328 5153 3425 5208 ad-

165 5226 295 5299 μόνῳ
320 5234 410 5286 καὶ⁸
435 5234 557 5306 Θεῷ
579 5237 1139 5309 προσαδολεσχοῦντα.

1881 5226 1973 5302 idit
1991 5248 2419 5311 incrementum,
2434 5252 2495 5299 ut
2510 5244 2707 5301 diebus
2723 5243 2935 5314 aliquot
2950 5244 3018 5301 ad
3035 5246 3227 5301 horam
3246 5260 3420 5314 usque

166 5332 344 5423 uenam
368 5328 660 5387 fenestram
705 5334 860 5389 nullo
890 5334 1053 5390 modo
1085 5337 1419 5407 adaperiret,
1452 5343 1548 5397 sed
1615 5347 1705 5402 her

1884 5344 2142 5398 ﬁrmatam
2192 5342 2438 5398 retinens
2492 5343 2641 5398 intus
2693 5342 2811 5414 ipse
2881 5345 3102 5411 lateret,
3155 5359 3423 5401 commer-

163 5421 240 5466 cio
282 5421 426 5475 omni
475 5424 717 5480 humano
762 5427 1070 5494 abstinens,
1116 5429 1332 5500 sibique
1377 5435 1477 5488 soli
1526 5446 1582 5491 et
1611 5439 1722 5496 Deo
1760 5451 1983 5493 vacans.

229 5517 344 5614 pe';
371 5513 457 5567 ’Ev
483 5516 658 5586 τούτῳ
683 5517 741 5570 δὲ
774 5519 868 5571 καὶ
896 5518 989 5571 τοῦ
1038 5520 1284 5575 Ἰωάννου
1322 5525 1450 5588 τοὺς
1479 5528 1730 5597 συνήθεις

1898 5526 1987 5581 45.
2021 5526 2171 5580 Inter
2221 5527 2337 5581 haec
2366 5526 2611 5582 Joannes
2651 5542 2874 5597 quoque
2925 5527 2982 5582 in
3013 5527 3273 5582 columna
3321 5542 3423 5584 sua

167 5596 247 5651 ἰπὶ
268 5605 379 5709 ὶτῆς
413 5608 618 5673 οἰκείας
654 5608 864 5678 βάσεως
901 5611 1177 5680 μετιόντος
1202 5613 1442 5682 ἀγῶνας,
1473 5596 1641 5685 ὑγιῶς
1668 5638 1706 5673 τι

1884 5632 2123 5674 insuetas
2143 5619 2249 5674 sibi
2268 5620 2692 5676 exercitationes
2710 5628 2933 5675 strenue
2955 5619 3165 5683 obibat,
3187 5633 3423 5691 corpore

170 5693 292 5745 κατὰ
336 5696 487 5800 σῶμα
547 5702 642 5753 καὶ
692 5701 898 5765 ἀνόσως
950 5702 1185 5772 ἔχοντος,
1246 5705 1570 5774 ἐγγίζουσαν
1626 5711 1709 5780 ἦδτ

1883 5727 1974 5766 ene
2006 5728 2195 5777 sanus,
2227 5728 2329 5768 nec
2359 5712 2752 5768 invaletudinis
2775 5702 2884 5767 ulla
2913 5711 3159 5767 sentiens
3186 5710 3422 5767 indicia:

176 5791 420 5853 προγνοὺς
460 5791 557 5861 τὴν
586 5792 795 5846 ἐκείνου
816 5794 1096 5865 ἐκδημίαν
1135 5798 1162 5850 ὁ
1193 5792 1437 5866 Συμεὼν,
1466 5799 1715 5864 τοιούτοις

1888 5805 1992 5876 ijus
2025 5812 2205 5861 tamen
2233 5805 2576 5877 migrationis
2601 5806 2825 5878 jamjam
2856 5804 3117 5860 instantis
3160 5803 3427 5877 praaseius
