3898 6388
506 398 650 461 30³27

1732 416 1791 475 S.
1836 417 2211 481 SYMEONIS
2246 426 2609 489 JUNJORIS

3623 432 3753 496 3023

503 518 762 588 Symeon,
790 521 990 577 talibus
1019 522 1088 577 ad
1116 540 1241 579 eum
1273 528 1457 582 verbis
1485 546 1617 585 usus
1641 540 1727 587 cst
1757 553 1768 587 :
1802 534 1880 589 Ne
1904 536 2074 591 animi

2196 545 2331 613 πρὸς
2358 546 2519 599 αὐτὸν
2544 544 2826 617 μηνύμασι
2852 543 3050 615 χρῆται
3070 560 3083 574 ο
3116 541 3206 613 Μὴ
3233 542 3533 616 ἀθυμήσῃς,
3560 544 3754 619 Πάτερ,

503 608 747 674 delicias,
770 610 952 677 Pater,
984 615 1030 669 si
1052 616 1239 672 obitus
1266 618 1433 686 diem,
1452 637 1575 692 qua:
1594 640 1769 695 genus
1790 625 2089 683 humanum

504 701 624 755 sine
658 699 982 761 discrimine
1020 708 1343 765 universum
1372 722 1576 779 manet,
1611 715 1709 769 tibi
1741 730 1961 787 quoque
1992 735 2089 790 ap-

503 793 872 861 propinquare
900 796 1180 854 audiveris
1207 817 1222 865 ;
1248 801 1493 858 intellexi
1542 805 1689 859 enim
1713 807 1938 861 citatum
1970 824 2089 865 esse

504 894 554 935 te
583 898 612 935 a
639 883 787 949 Deo;
820 887 967 956 quod
1014 889 1112 944 tibi
1144 892 1367 961 quidem
1414 902 1471 948 et
1518 892 1792 966 quotquot
1820 900 2089 958 virtutum

503 982 717 1028 tuarum
748 978 1097 1036 aemulatores
1118 992 1248 1038 sunt
1284 985 1503 1054 requies
1526 988 1710 1058 potius
1733 1004 1798 1043 ac
1824 991 1934 1044 vita
1964 1002 2085 1058 est;

496 1066 884 1132 peccatoribus
912 1085 1048 1125 vero
1074 1075 1348 1144 angustia,
1392 1076 1598 1142 luctus,
1631 1087 1687 1133 et
1731 1095 1880 1135 mors
1917 1082 2086 1154 (quod

497 1155 708 1212 utinam
742 1175 851 1214 non
877 1172 1024 1218 esset
1048 1165 1087 1227 l)
1106 1167 1435 1223 certissima.
1458 1168 1617 1225 Nunc
1647 1180 1831 1226 autem
1856 1184 2087 1243 paterna

499 1258 591 1303 tua
618 1266 685 1307 ac
716 1252 994 1322 spirituali
1025 1256 1420 1315 benedictione
1449 1277 1537 1317 me
1574 1263 1794 1334 imperti
1828 1285 1841 1321 :
1873 1283 1937 1323 ac
1965 1284 2082 1323 me-

498 1350 685 1395 mento
712 1342 818 1397 mei
842 1345 1070 1413 cumvad
1099 1350 1393 1419 concupita
1426 1350 1521 1406 tibi
1545 1353 1742 1421 gaudia
1772 1357 2082 1425 transieris,

496 1431 765 1503 beataque
800 1434 892 1489 illa
916 1437 1129 1493 visione
1151 1455 1313 1495 omne
1336 1441 1669 1498 desiderium
1695 1450 2086 1506 transcenden-

498 1534 549 1576 Ie
581 1523 841 1597 dignatus
882 1527 1078 1597 fueris,
1120 1541 1181 1586 ut
1225 1549 1327 1588 nos
1359 1550 1581 1605 quoque
1610 1536 1832 1595 devicto
1875 1541 2084 1597 mundo

495 1612 797 1682 aliquando
833 1626 1015 1674 tecum
1047 1637 1115 1674 eo
1153 1629 1515 1693 transeamus,
1553 1636 1610 1681 ct
1643 1627 1773 1683 facti
1803 1644 2085 1701 compotes

494 1711 775 1769 votorum,
811 1717 1006 1763 mutuo
1045 1718 1271 1779 aspectu
1317 1713 1515 1767 iterum
1569 1715 1839 1773 fruamur.
1890 1718 2084 1776 Neuti-

492 1810 657 1861 quam
695 1797 948 1853 turbatus
972 1812 1055 1854 est
1078 1802 1146 1856 ad
1172 1803 1277 1857 hoc
1310 1806 1567 1861 nuntium
1596 1807 1855 1876 Joannes,
1891 1824 2082 1883 utpote

2193 638 2243 687 εί
2271 636 2366 689 τοῦ
2392 637 2623 691 Θανάτου
2653 636 2795 692 κατά
2826 636 3005 707 πάσης
3034 635 3249 706 φύσεως
3283 635 3623 709 ἀνθρωπίνης
3651 658 3757 696 κοι-

2192 730 2298 791 νῶς
2322 730 2618 795 ossam-cog,
2649 729 2971 800 ἐφίστασθαι
2996 728 3096 799 ήδη
3133 729 3314 799 μέλλει
3345 729 3436 782 καὶ
3467 730 3551 783 σοὶ
3572 732 3636 784 τὰ
3660 733 3755 802 τῆς

2197 820 2449 892 τελευτῆς
2470 840 2485 854 υ
2529 822 2751 893 ἑώρακα
2784 821 2893 890 γάρ
2922 836 2981 872 σε
3020 819 3429 890 μετακληθέντα
3471 819 3574 872 ὑπὸ
3605 820 3752 883 Θεοῦ,

2189 909 2327 979 ὅπερ
2357 910 2440 961 σοὶ
2470 910 2570 978 μὲν
2600 910 2695 963 καὶ
2720 911 2866 972 ὅσοις
2894 909 2992 978 τὴν
3016 909 3215 980 ἀρετὴν
3248 909 3386 961 κατά
3429 908 3488 961 σὲ
3516 908 3755 965 ἀνάπαυ-

2191 1014 2276 1059 σις
2305 998 2506 1066 μᾶλλόν
2532 1001 2647 1054 ἐστι
2683 1002 2776 1054 καὶ
2808 1000 2944 1071 ζωὴ.
2973 999 3324 1068 ἁμαρτωλοῖς
3346 1002 3401 1057 δὲ
3419 1002 3755 1070 στενοχωρία,

2189 1091 2284 1143 καὶ
2316 1088 2482 1160 λύπη,
2503 1091 2596 1143 καὶ⁹
2629 1090 2805 1160 σαφὴς
2833 1089 2927 1160 (ὡς
2950 1090 3060 1142 εἴθε
3087 1088 3162 1159 μὴ
3198 1086 3405 1156 ὤφελον
3427 1086 3481 1157 ί)
3518 1087 3756 1154 θάνατος,

2201 1180 2359 1235 Ἀλλά
2387 1181 2481 1235 νῦν
2515 1183 2614 1254 μὲν
2663 1184 2762 1253 τῆς
2793 1182 3067 1253 πατρικῆς
3112 1198 3204 1234 σου
3255 1180 3348 1233 καὶ
3398 1183 3756 1250 πνευματικῆς

2186 1274 2438 1343 εὐλογίας
2470 1276 2699 1346 μετάδος
2735 1293 2847 1346 μοι,
2876 1275 3127 1346 μέμνησο
3169 1273 3226 1329 δέ
3268 1291 3371 1344 μου
3404 1275 3499 1328 καὶ
3531 1274 3663 1345 πρὸς
3695 1276 3755 1327 τὰ

2188 1368 2272 1420 σοὶ
2310 1367 2622 1437 ποθούμενα
2652 1369 2947 1423 διαϐαίνων
2980 1368 3074 1421 καὶ
3115 1368 3213 1436 τῆς
3257 1366 3533 1437 μακαρίας
3559 1367 3760 1435 ἐκείνης

2188 1459 2317 1523 θέας
2371 1462 2481 1513 τῶν
2524 1461 2665 1531 ὑπὲρ
2714 1460 2904 1528 ἔφεσιν
2949 1459 3292 1529 ἀξιούμενος,
3332 1458 3474 1512 ὥστε
3522 1458 3758 1529 διαϐῆναι

2186 1551 2342 1621 παρὰ
2373 1552 2433 1604 σὲ
2466 1552 2558 1605 καὶ
2588 1554 2735 1622 ἡμᾶς
2761 1552 2851 1606 τὸν
2881 1553 3086 1622 κόσμον
3118 1553 3475 1623 νικήσαντας,
3507 1552 3597 1604 καὶ
3618 1551 3761 1619 ἀλλή.

2186 1643 2311 1704 λους
2355 1642 2584 1707 esseea:
2616 1643 2780 1699 πάλιν
2814 1644 2953 1714 μετά
2982 1643 3235 1714 χρηστῶν
3267 1645 3375 1696 τῶν
3412 1642 3658 1696 ἐλπίδων.
3689 1641 3760 1696 Οὐ

2187 1732 2479 1802 ταραχθεὶς
2548 1732 2726 1789 τοίνυν
2788 1734 2926 1804 πρὸς
2977 1733 3075 1804 τὴν
3145 1733 3410 1802 ἀγγελίαν
3462 1735 3490 1784 ὁ
3523 1733 3764 1803 Ἰωάννης

2192 1829 2512 1899 (ἡτοίμαστο
2534 1828 2627 1882 καὶ
2654 1828 2762 1898 γὰρ
2783 1830 2845 1881 ἐκ
2875 1826 3174 1897 πλείονος),
3200 1828 3269 1879 Αἱ
3302 1827 3403 1897 μὲν
3428 1827 3540 1891 σαὶ,
3564 1826 3763 1892 τέκνον,

491 1886 817 1957 jampridem
873 1890 940 1944 ad
983 1892 1074 1947 illa
1127 1895 1312 1951 animo
1360 1910 1763 1969 comparatus:
1811 1903 1915 1960 hoc
1968 1914 2074 1961 tan-

2189 1886 2452 1989 εὐλογίαι,
2487 1922 2642 1991 φησι,
2665 1886 2821 1991 ἷπσὶρά
2843 1919 2934 1973 τοῦ
2961 1886 3218 1973 Θεοῦνκαὶ
3249 1886 3462 1989 [ἰατρὸς
3500 1886 3560 1971 ὃν
3582 1916 3763 1988 ἐζήτη-

495 1988 610 2031 tum
637 1981 853 2050 repenit
882 1999 896 2035 :
922 1983 1220 2041 Benedicat
1248 1997 1319 2053 te,
1347 1987 1422 2043 ﬁli
1446 1992 1542 2055 mi,
1567 1992 1710 2048 Dcus
1730 1993 1893 2049 Pater
1918 2012 2081 2064 quem

492 2071 793 2137 quasivisti
814 2090 829 2140 ;
851 2082 909 2129 et
930 2077 1252 2147 unigenitus
1278 2078 1454 2135 Patris
1476 2080 1651 2137 Filius
1671 2099 1837 2154 quem
1866 2085 2085 2143 deside-

495 2165 651 2228 rasti,
672 2175 729 2220 et
759 2166 1010 2223 viviticus
1029 2171 1268 2240 Spiritus
1285 2174 1443 2245 cujus
1466 2184 1656 2230 sancta
1678 2179 1853 2248 gratia
1876 2178 2084 2236 ditatus

494 2270 582 2321 es;
609 2257 768 2312 unica
793 2257 883 2315 illa
903 2268 959 2327 et
983 2260 1250 2317 immensa
1275 2263 1459 2321 Deitas
1482 2277 1535 2321 te
1560 2267 1727 2323 ducat
1751 2286 1851 2340 per
1872 2272 2078 2339 omnia,

495 2346 586 2400 illa
614 2363 870 2404 securum
893 2361 1136 2421 praestet,
1166 2353 1255 2409 illa
1288 2357 1638 2413 consoletur:
1659 2361 1754 2430 qui
1782 2361 2081 2418 benedixe-

494 2440 605 2493 rint
630 2452 680 2496 te
707 2442 984 2498 benedicti
1026 2445 1095 2501 ab
1126 2447 1217 2502 illa
1249 2459 1435 2517 erunt,
1468 2458 1524 2505 et
1556 2453 1650 2521 qui
1693 2453 2083 2510 maledixerint

493 2531 793 2588 maledicti.
832 2534 1072 2607 Adjiciat
1104 2538 1204 2592 tibi
1238 2539 1387 2594 Deus
1430 2539 1720 2607 honorem,
1755 2553 1982 2613 propter
2014 2546 2080 2598 il-

495 2622 604 2676 lum
629 2639 741 2694 quo
774 2642 861 2682 me
887 2638 1213 2697 prosecutus
1233 2646 1313 2696 es,
1344 2632 1606 2702 quoniam
1642 2650 1730 2690 me
1759 2645 1820 2691 ut
1843 2634 2078 2693 alterum

492 2721 776 2780 parentem
810 2716 1093 2776 honorasti
1127 2738 1140 2772 :
1177 2721 1312 2793 quid
1345 2731 1529 2779 autem
1566 2734 1742 2781 mater
1774 2729 1904 2783 tua?
1952 2745 2073 2801 gra-

493 2803 622 2857 tiam
661 2813 719 2860 et
759 2807 1200 2867 misericordiam
1234 2815 1495 2885 impetret
1535 2832 1565 2872 a
1612 2818 1746 2884 Deo,
1778 2836 1899 2889 qua:
1931 2828 2076 2876 tanta

492 2896 627 2951 mihi
665 2898 984 2970 adjumenta
1039 2905 1509 2965 subministravit.
1551 2909 1689 2965 Cum
1734 2912 2078 2967 audivissent

465 2988 629 3053 'barc,
656 2991 749 3062 qui
783 2993 1016 3049 aderant
1044 2995 1266 3064 fratres,
1298 3014 1667 3072 supremaque
1691 3002 1810 3057 vale
1841 3003 2077 3059 dicentis

489 3080 655 3135 verba
684 3098 805 3137 esse.
827 3087 1370 3155 animadvertissent,
1399 3093 1618 3148 attoniti
1641 3103 1806 3164 atque
1880 3096 2074 3150 exani-

488 3171 620 3225 mati
653 3172 967 3240 haerebant;
1005 3190 1061 3233 et
1088 3180 1178 3234 vix
1216 3181 1676 3256 tandem,ecquid
1703 3187 1769 3241 de
1802 3185 2074 3257 Symeone

489 3263 810 3319 mandatum
837 3268 944 3323 sibi
967 3271 1156 3334 vellet,
1182 3274 1623 3347 interrogabant.
1662 3278 1764 3347 Qui
1796 3280 1905 3334 ait:
1930 3281 2073 3335 illud

486 3366 710 3426 exopto,
773 3368 834 3414 nt
896 3360 1099 3418 ardens
1165 3366 1412 3423 studium
1470 3369 1707 3426 virtutes
1783 3370 2073 3443 Symeonis

485 3449 784 3505 :crnulandi
815 3454 1030 3510 animos
1052 3458 1298 3512 omnium
1339 3460 1663 3526 inﬂammet,
1715 3471 1773 3519 et
1809 3463 2072 3534 precibus

485 3540 607 3610 ejus
636 3543 882 3615 adjuvari
906 3542 1247 3617 mereantur;
1272 3554 1538 3623 quoniam
1575 3562 1835 3626 magnum
1884 3564 1940 3612 et
1970 3557 2072 3612 ho-

487 3635 735 3691 norabile
767 3637 901 3706 Dco,
932 3656 1027 3695 vas
1058 3640 1349 3699 electionis
1409 3656 1513 3701 est.
1559 3646 1863 3718 Postquam
1914 3648 2069 3706 hisce

484 3726 672 3784 verbis
720 3730 1055 3789 inStituisset
1123 3736 1292 3806 ipsos,
1350 3749 1406 3793 et
1458 3740 1622 3795 simul
1676 3740 1938 3810 precibus
1962 3741 2074 3796 Deo

486 3818 950 3889 commendasset,
987 3828 1274 3896 paululum
1308 3831 1540 3902 quievit,
1569 3840 1625 3886 et
1669 3832 1825 3903 quasi
1859 3833 2075 3901 sopitus

455 3933 468 3945 ο
485 3917 592 3970 leni
612 3930 831 3985 somno,
853 3906 1112 3981 decessit.

2188 2032 2308 2082 σας,
2337 2014 2553 2069 καὶτοῦ
2588 2013 2928 2083 Μονογενοῦς
2981 2012 3149 2067 αὐτοῦ
3182 2011 3316 2065 Υἱοῦ
3365 2013 3425 2065 ὃν
3477 2010 3761 2079 ὲπόθησας,

2188 2110 2278 2162 καὶ
2306 2106 2401 2161 τοῦ
2439 2104 2705 2170 ζωοποιοῦ
2740 2105 3055 2176 [Ινεύματος
3093 2099 3153 2159 οὗ
3176 2103 3279 2175 τὴν
3314 2105 3477 2175 χάριν
3513 2102 3764 2171 ὲπλούτητ

2187 2217 2306 2263 σας.
2337 2200 2437 2268 τῆς
2468 2200 2600 2268 μιᾶς
2634 2200 2727 2252 καὶ
2757 2198 3079 2268 ἀμετρήτου·
3107 2196 3390 2265 θεότητος,
3423 2196 3560 2266 αὐτή
3589 2212 3668 2251 σοι
3687 2193 3764 2248 ὁδ-

2185 2291 2317 2360 ηγία
2361 2289 2498 2359 πρὸς
2531 2290 2709 2344 πάντα
2744 2288 2840 2341 καὶ
2871 2286 3142 2355 ἀσφάλεια
3176 2287 3284 2340 καὶ
3319 2284 3691 2356 παράκλησις·
3720 2285 3764 2337 oi

2184 2379 2535 2449 εὐλογοῦντές
2572 2397 2631 2432 σε
2672 2379 3004 2450 ηὐλόγηνται
3034 2378 3166 2448 παρ’
3189 2377 3390 2447 αὐτῆς,
3431 2379 3481 2430 οἱ
3519 2375 3576 2428 δὲ
3609 2391 3765 2428 κατα-

2188 2472 2421 2545 ρώμενοι
2476 2490 2537 2526 σε
2579 2473 2950 2543 κατήρανται·
2996 2471 3332 2542 προστεθείη
3382 2469 3442 2524 δέ
3493 2486 3576 2523 σοι
3626 2468 3765 2537 παρά

2184 2563 2321 2618 Θεοῦ
2354 2562 2448 2616 καὶ¹
2477 2561 2612 2633 τιμὴ
2634 2562 2729 2631 τῆς
2757 2562 2838 2624 είς
2871 2562 2973 2631 ἐμὲ
3001 2561 3170 2631 τιμῆς
3200 2562 3416 2624 ἕνεκεν,
3446 2561 3547 2612 ὅσα
3582 2575 3648 2628 με
3681 2557 3763 2609 καὶ

2184 2648 2399 2719 πατέρα
2436 2648 2761 2719 τετιμηκότι
2784 2664 2799 2678 ·
2831 2650 2862 2719 ἠ
2897 2650 2952 2700 δὲ
2994 2648 3061 2719 σὴ
3098 2649 3310 2719 μήτηρ,
3336 2648 3485 2712 ἕλεος
3516 2649 3650 2718 αὐτῇ
3682 2646 3768 2699 καὶ

2180 2742 2339 2811 χάρις
2360 2740 2509 2812 παρὰ
2529 2738 2818 2812 Θεῷ,[ἒφ’]
2837 2733 2917 2803 οἷς
2945 2740 3184 2793 τοσαῦτά
3204 2758 3300 2811 μοι
3326 2740 3634 2809 διηκόνησε.
3650 2735 3769 2790 Τού-

2178 2847 2286 2886 των
2320 2833 2369 2883 οί
2397 2831 2748 2900 παρεστῶτες
2787 2830 3099 2896 ἀκούοντες,
3137 2831 3230 2885 καὶ
3263 2832 3348 2885 ὅτι
3378 2831 3561 2896 ὲξόδια
3595 2829 3679 2897 εἴη
3705 2827 3768 2883 τὰ

2179 2925 2401 2994 ῥήματα
2429 2923 2721 2987 συνιέντες,
2741 2922 2940 2994 ἄθυμοί
2971 2941 3027 2976 τε
3048 2925 3143 2977 καὶ¹
3163 2927 3440 2996 κατηφεῖς
3455 2925 3767 2994 ἑστήκεσαν.

2180 3016 2412 3069 Ἔπειτα
2437 3017 2644 3086 μέντοι,
2672 3016 2781 3069 Καὶ
2815 3016 2967 3079 τίνας
2998 3017 3373 3087 ἐπισκήπτεις
3398 3017 3530 3087 ἡμῖν
3557 3013 3772 3077 ἐντολὰς

2176 3109 2304 3177 περὶ
2344 3106 2439 3160 τοῦ
2479 3106 2742 3175 Συμεών;
2794 3107 3098 3180 ἐπηρώτων
3125 3125 3137 3138 ·
3170 3109 3199 3161 ὁ
3233 3109 3297 3163 δέ
3337 3126 3528 3181 φησιν,
3559 3108 3656 3161 ”Ιν’
3686 3107 3774 3160 ἁν-

2178 3198 2416 3270 θρώποις
2446 3216 2510 3268 γε
2551 3201 2686 3253 πᾶσι
2730 3201 2937 3273 σπουδὴ
2979 3201 3207 3273 γένηται
3245 3204 3449 3275 φοιτᾷν
3488 3201 3564 3265 ὡς
3597 3199 3770 3261 αὑτὸν,

2178 3291 2273 3344 καλ⁸
2296 3293 2395 3360 τῆς
2431 3293 2560 3360 παρ’
2585 3293 2754 3346 αὐτοῦ
2778 3293 2946 3364 εὐχῆς
2974 3294 3289 3361 ἀξιοῦσθαι,
3315 3297 3401 3348 ὅτι
3431 3296 3576 3365 μέγα
3609 3311 3660 3347 τι
3686 3294 3773 3346 καὶ

2176 3384 2359 3451 τίμιον
2412 3383 2647 3453 ἐκλογῆς
2700 3384 2897 3449 σκεῦός
2954 3388 3074 3439 ἐστι
3132 3385 3210 3456 τῷ
3253 3386 3402 3457 Θεῷ.
3452 3387 3512 3439 'U
3551 3385 3646 3456 μὲν
3686 3378 3772 3437 οὗν

2175 3474 2347 3529 ταῦτα
2372 3475 2560 3540 εἰπὼν,
2588 3475 2683 3529 καὶ
2714 3476 3121 3546 συνταξάμενος
3152 3478 3369 3541 αὐτοῖς,
3399 3478 3523 3547 ἀμα
3558 3476 3655 3530 καὶ
3681 3476 3772 3527 ἐπ.

2174 3564 2494 3634 εὐξάμενος,
2554 3565 2651 3618 καὶ¹
2698 3565 3082 3635 παραθέμενος
3124 3567 3330 3631 αὐτοὺς
3372 3566 3454 3638 τῷ
3483 3566 3625 3637 Θεῷ,
3661 3561 3774 3618 εἶτα

2178 3655 2374 3726 μικρὸν
2408 3657 2706 3726 ἡσυχάσας,
2738 3657 2832 3710 καὶ
2860 3655 3051 3728 ὥσπερ
3077 3656 3232 3730 ὕπνῳ
3258 3658 3665 3737 καταληφθεὶς,
3694 3655 3772 3722 £5-

2181 3747 2272 3819 εδή
2283 3765 2445 3819 μησε.
2704 3753 2709 3757 ’
3612 3768 3615 3769 ⁷

1942 4037 2168 4095 CAPUT
2214 4036 2300 4094 Vl.

657 4146 927 4204 Orationis
963 4159 1202 4224 tempora
1231 4170 1248 4207 :
1283 4155 1548 4208 dwmones
1579 4151 1818 4222 superati
1843 4168 1859 4205 :
1884 4160 2113 4223 potestas
2146 4162 2329 4208 contra
2352 4154 2474 4211 illos
2497 4164 2546 4211 et
2579 4158 2745 4212 virtus
2776 4157 3157 4214 miraculorum
3189 4160 3404 4217 ccelitus
3442 4164 3600 4220 data.

551 4269 640 4323 46.
665 4268 980 4326 Joannisex
1010 4273 1116 4329 hac
1143 4275 1254 4328 Vita
1296 4274 1499 4338 exitus,
1561 4272 1889 4328 austerioris
1941 4274 2066 4329 vitae

481 4359 822 4430 principium
855 4360 1118 4434 Symeoni
1145 4363 1283 4419 fuit:
1311 4366 1430 4436 qui,
1470 4364 1649 4420 dolori
1682 4371 1740 4419 et
1796 4367 2067 4435 Compun-

481 4451 654 4507 ctioni
701 4454 899 4526 majori
949 4470 1009 4510 se
1049 4455 1306 4522 daturus,
1370 4456 1617 4512 modium
1676 4456 1867 4521 alium,
1917 4458 2068 4513 nulla

482 4542 768 4601 fenestella
790 4546 1157 4617 perforatum,
1182 4548 1507 4619 impositum
1551 4546 1826 4604 columna:
1871 4549 2065 4617 subiit,

479 4635 652 4689 veluti
687 4635 861 4707 ipsius
892 4638 1035 4694 lucis
1082 4655 1257 4694 usura
1302 4645 1647 4708 aspectuque
1706 4654 1765 4694 se
1811 4639 2057 4710 privans.

481 4722 583 4778 llic
614 4740 715 4795 per
763 4727 1044 4799 integrum
1089 4744 1234 4798 pene
1275 4727 1447 4794 diem,
1506 4728 1575 4783 ad
1610 4728 1800 4784 horam
1856 4732 2066 4789 scilicet

478 4831 681 4873 nonam
708 4834 903 4890 usque,
956 4821 1265 4877 continenti
1306 4820 1536 4876 vacabat
1595 4822 1873 4878 orationi:
1928 4824 2065 4880 hora

477 4916 662 4964 autem
688 4927 835 4966 nona
866 4911 1300 4967 thuriilcationis
1320 4909 1560 4967 cilicium
1612 4913 1718 4968 alia
1753 4914 2068 4985 excipiebat

476 5002 920 5060 oratio:deinde
950 5006 1065 5060 sole
1083 5006 1195 5074 jam
1239 5006 1608 5065 occumbente
1668 5008 1829 5064 aliam
1880 5009 2066 5064 denuo

476 5093 895 5161 cxordiebatu‘r,
929 5111 1088 5165 aqua
1113 5097 1335 5153 tandem
1387 5101 1502 5157 sole
1555 5101 1701 5157 diem
1751 5101 2057 5157 reducente

474 5183 780 5242 desistebat
818 5205 833 5242 :
868 5203 933 5242 ac
974 5196 1106 5243 tunc
1154 5188 1377 5247 demum
1416 5194 1550 5250 illud
1604 5195 1709 5250 sibi
1750 5195 2061 5251 occinens:

474 5274 539 5328 In
580 5292 709 5346 pace
749 5278 805 5331 in
853 5277 1084 5348 idipsum
1133 5281 1397 5338 dormiam
1441 5296 1488 5339 et
1532 5288 1885 5358 requiescam,
1932 5303 2060 5358 quo-

476 5368 624 5421 niam
654 5377 732 5434 tu,
764 5368 1014 5437 Domine,
1043 5374 1393 5445 singulariter
1414 5379 1469 5432 in
1504 5394 1599 5447 spe
1626 5380 1872 5435 habitare
1894 5377 2065 5447 fecisti

473 5476 556 5513 me
579 5460 660 5527 ‘°;
696 5476 960 5519 somnum
1005 5469 1236 5538 perinde
1287 5487 1352 5527 ac
1397 5471 1665 5527 famulum
1723 5471 2063 5536 accersebat,

476 5551 917 5626 indul'gebatque
939 5556 1017 5613 illi
1046 5562 1393 5630 parcissime,
1422 5562 1491 5618 ad
1508 5563 1887 5618 necessarium
1918 5561 2065 5618 dun-

477 5652 624 5699 taxat
650 5649 905 5718 corporis
926 5667 1110 5711 usum.
1142 5656 1332 5711 Oratio
1358 5665 1545 5711 autem
1568 5656 1692 5728 ejus
1717 5663 1899 5721 erant,
1920 5656 2065 5711 Psal-

476 5736 677 5795 terium
709 5748 885 5797 totum
911 5752 966 5799 et
999 5745 1249 5804 Mosaicae
1273 5748 1583 5814 cautiones,
1609 5747 1889 5818 plagasque
1926 5747 2060 5801 dex-

547 5866 588 5901 "
615 5867 752 5926 Psal.
808 5888 881 5939 ιν,
926 5874 978 5940 9,
1015 5873 1100 5932 10.

2243 4283 2362 4347 pg’.
2387 4276 2614 4348 Συμεὼν
2642 4277 2697 4331 δὲ
2727 4277 2826 4349 τὴν
2854 4279 3124 4350 ἐκδημίαδ
3141 4280 3324 4352 ἀρχὴν
3351 4282 3580 4336 οἰκείων
3606 4281 3772 4336 mea-

2169 4384 2275 4439 περ
2306 4366 2532 4437 ἀγώνων
2562 4368 2966 4440 πεποιημένος,
3026 4369 3106 4441 τῷ
3138 4385 3200 4438 γε
3239 4371 3438 4427 πένθει
3472 4377 3571 4428 καὶ
3625 4372 3777 4436 αὖθις

2180 4459 2525 4531 προστίθησι,
2575 4460 2670 4514 καί
2727 4478 2848 4514 τινα
2901 4460 3037 4532 μηδὲ
3084 4461 3280 4534 θυρίδα
3342 4452 3545 4537 ἔχοντα
3598 4466 3774 4537 μόδιον

2177 4554 2270 4606 ἐπὶ
2302 4553 2395 4607 τοῦ
2424 4554 2603 4618 κίονος
2664 4552 2905 4619 ὕπεισιν,
2937 4547 3027 4608 οἶα
3073 4556 3167 4607 καὶ
3208 4556 3386 4610 αὐτοῦ
3423 4560 3619 4629 φωτὸς
3642 4560 3774 4612 ἀπνε-

2175 4643 2382 4713 στερῶν
2407 4644 2622 4699 ἑαυτόν.
2684 4642 2831 4715 Εὐχή
2882 4643 2938 4695 δὲ
2994 4643 3125 4714 παρ’
3147 4643 3277 4714 ὅλην
3311 4645 3512 4715 σχεδὸν
3556 4646 3772 4717 ἡμέραν
3846 4718 3849 4721 ἰ

2171 4737 2299 4807 ἄχρι
2332 4736 2469 4798 τέως
2490 4732 2712 4802 ὲννάτης
2733 4735 2990 4807 διηνεκὴς
3025 4736 3173 4806 αὐτῷ
3223 4731 3295 4807 ἧν
3330 4755 3344 4767 ’
3388 4736 3543 4795 κατὰ
3598 4739 3776 4808 μέντοι

2170 4829 2270 4901 τὴν
2303 4828 2553 4899 ὲννάτην,
2586 4827 2718 4898 εὐχὴ
2752 4826 2915 4879 πάλιν
2951 4828 2983 4894 ἡ
3015 4826 3110 4879 τοῦ
3141 4820 3503 4895 θυμιάματος
3543 4826 3646 4895 τὴν
3688 4824 3772 4875 εὐ-

2169 4923 2272 4993 χὴν
2304 4919 2603 4991 διεδέχετο·
2639 4913 2758 4971 εἶτα
2789 4917 2940 4988 ἡλίου
2971 4917 3069 4987 ἤδη
3110 4916 3381 4986 δυομένου
3403 4957 3419 4982 ,
3455 4917 3629 4987 εὐχῆς
3661 4913 3775 4970 ἑτέ-

2172 5029 2271 5086 ρας
2291 5011 2614 5083 ἀρχόμενος,
2640 5010 2954 5079 ἀνίσχοντος
2983 5010 3146 5062 πάλιν
3172 5009 3416 5063 ἐπαύετο
3436 5028 3450 5041 ·
3477 5008 3778 5081 τηνικαῦτα

2168 5103 2277 5174 γὰρ
2312 5105 2496 5155 ἐκεῖνα
2527 5102 2702 5172 ἑαυτῷ
2736 5102 3026 5171 ἐπιλέγων,
3046 5102 3149 5155 Ἐν
3175 5102 3395 5171 εἰρήνῃ
3426 5103 3532 5158 ἐπὶ
3575 5102 3643 5156 τὸ
3671 5102 3778 5155 αὺ-

2169 5194 2233 5249 τό
2259 5192 2698 5261 κοιμηθήσομαι
2732 5193 2831 5246 καὶ
2866 5193 3147 5256 ὑπνὼσω,
3178 5192 3265 5246 ὅτι
3298 5195 3410 5256 σὺ,
3447 5197 3649 5261 «me,
3686 5208 3780 5245 κα-

2169 5286 2430 5356 ταμόνας
2456 5286 2549 5338 ἐπ’
2579 5284 2780 5338 ἐλπίδι
2811 5284 3151 5350 κατῴκισάς
3178 5302 3272 5352 με,
3304 5287 3404 5338 τὶν
3464 5284 3639 5339 ὕπνον
3683 5286 3780 5338 ὅσα

2169 5380 2264 5431 καὶ
2301 5378 2521 5448 οἰκέτην
2559 5377 2745 5431 ἐκάλει
2774 5418 2787 5443 ,
2827 5377 3149 5447 διακονῆσαι
3193 5376 3402 5447 μικρὸν
3446 5377 3603 5447 αὐτῷ
3644 5375 3779 5447 πρὸς

2169 5469 2268 5540 τὴν
2304 5469 2607 5537 ἀναγκαίαν
2640 5468 2733 5523 τοῦ
2774 5468 3022 5538 σώματος
3059 5467 3360 5538 χρείαν.”11
3406 5466 3551 5537 εὐχὴ
3598 5466 3692 5530 δὲ,
3724 5462 3781 5515 τό

2168 5589 2227 5624 τε
2254 5568 2570 5638 Ψαλτήριον
2613 5567 2733 5619 ὅλον
2778 5566 2873 5617 καὶ
2917 5565 2972 5617 αἱ
3016 5563 3110 5616 τοῦ
3156 5560 3420 5623 Μωσέως
3452 5561 3597 5631 ᾠδαὶ
3626 5555 3789 5629 ἦσαν,

2170 5663 2376 5734 πληγαί
2410 5677 2469 5714 τε
2498 5658 2639 5713 κατὰ
2672 5658 2783 5711 τῶν
2826 5658 3064 5729 στέρνων
3106 5660 3154 5726 τῇ

2170 5755 2277 5827 γὰρ
2317 5751 2446 5825 πρὸς
2469 5751 2601 5807 Θεὸν
2622 5751 2834 5820 τέτατο)
2860 5749 2953 5804 καὶ
2972 5747 3222 5822 δακρύων
3243 5744 3441 5817 ὀχετοὶ
3466 5744 3528 5797 τὸ
3554 5742 3788 5815 τρίχινον

2924 5675 2986 5729 ρν

2988 5674 3064 5710 ων

3106 5659 3171 5727 τῇ

3203 5655 3231 5708 δ

3281 5653 3333 5718 ξι

3344 5654 3378 5723 ᾇ

3415 5654 3433 5726 (

3454 5656 3487 5723 ἡ

3531 5654 3605 5722 ἀρ

3635 5668 3692 5703 στ
