3898 6450
165 416 287 478 3σὶθ
300 426 311 435 ⁸

1186 420 1358 481 VITA
1399 423 1440 479 Α
1485 418 1919 482 NICEPHORO
1948 420 2439 483 CONSCRIPTA.

3293 414 3434 479 3030

162 530 324 580 ἐκεῖνο
381 523 652 586 ὶούοντες
700 522 927 594 ἔνδυμα,
980 524 1106 593 ἑξῆς
1162 525 1217 578 δὲ
1278 528 1585 594 ἀνάγιηεοτις
1654 529 1749 580 καί

1861 537 1972 581 tera
2001 528 2222 583 inflicta:
2242 529 2454 598 pectori
2493 528 2656 601 (nam
2712 526 2938 580 sinistra
2975 524 3045 580 ad
3088 526 3263 582 Deum
3314 534 3436 579 ten-

158 616 305 667 θείων
337 611 569 682 μελέτη
603 610 818 678 λογίων.
840 611 1102 681 Θυμίαμα
1144 612 1327 681 μέντοι
1356 612 1650 682 λαμϐάνων
1681 614 1745 681 τῇ

153 706 309 775 δεξιᾷ,
351 704 689 773 προσέφερε
744 701 1006 764 πολλάκις
1073 702 1195 772 Θεῷ
1253 705 1347 756 καὶ
1392 706 1420 756 ό
1468 703 1671 766 καπνδς
1701 704 1749 772 (ὁ

153 797 272 859 ﬁeri;
339 813 478 865 μου,
540 796 633 858 τίς
686 794 994 863 ἀπαγγελεῖ
1039 794 1109 847 τὰ
1156 795 1437 865 θαυμάσια
1465 796 1626 865 sou!)
1653 796 1750 848 καὶ

150 888 309 958 χωρὶς
378 886 693 958 ἀνθράκων
760 886 913 957 ἀνῄει
939 901 954 917 ⁶
1037 886 1227 940 ἄλλοτε
1297 887 1357 941 δὲ
1422 887 1517 941 καὶ
1589 886 1746 956 ὄχλου

152 978 573 1045 συμιιάλλοντος
618 977 771 1046 αὐτῷ
838 977 1104 1047 ᾐσθάνετο
1163 979 1259 1032 καὶ
1304 978 1749 1042 συναποδιδύντος

150 1068 201 1119 τὸ
232 1066 599 1135 ’Δλληλούῖα.
636 1066 717 1118 Τὰ
750 1065 923 1118 πολλὰ
960 1066 1017 1119 δὲ
1053 1067 1173 1119 οὐδὲ
1198 1067 1365 1119 ὕπνου
1400 1068 1460 1120 τὸ
1492 1069 1752 1138 παράπαν

150 1156 384 1224 ἐγεύετο,
415 1155 579 1209 ὥστε
601 1157 697 1210 καὶ
718 1156 1014 1224 τριάκοντα
1038 1156 1238 1221 νύκτας
1263 1158 1391 1221 ὅλας
1415 1158 1509 1212 καὶ
1537 1159 1750 1229 ἡμέρας

151 1252 259 1310 In;
289 1247 600 1316 ἐπέμεινε,
633 1249 1076 1318 προσευχόμενος
1105 1249 1492 1318 ἀπαλλαγῆναι
1518 1249 1621 1317 τῆς
1653 1248 1749 1302 τοῦ

151 1338 310 1392 ὕπνου
378 1339 575 1410 μέθης
616 1355 630 1369 ·
672 1340 793 1393 ἀλλ’
851 1340 1050 1412 ἐρρέθη
1118 1342 1396 1410 μυστικῶς
1454 1340 1601 1410 αύτῷ
1656 1340 1751 1394 καὶ

150 1431 485 1500 ἀποῤῥήτως
549 1431 660 1483 ὑπὸ
712 1430 1104 1501 τῆςθχάριτος,
1177 1433 1261 1485 ὅτι
1315 1433 1409 1485 Δεῖ
1466 1448 1526 1485 σε
1571 1431 1746 1501 βραχῦ

152 1524 243 1577 καθ
250 1543 273 1576 ε
281 1524 372 1576 ύδε
382 1542 434 1576 ιν
446 1563 459 1575 .

1856 618 2113 686 debatur)
2159 629 2216 674 et
2257 620 2424 674 veluti
2485 618 2650 672 rivuli
2712 618 3078 688 laerymarum
3138 630 3435 686 pannosam

1854 710 2523 781 detritamquelacernam
2567 712 2893 780 irrigantes:
2927 708 3048 764 haec
3097 724 3230 764 vero
3283 709 3438 764 exci-

1854 801 2041 871 piebat
2057 802 2224 857 lectio
2246 812 2410 872 atque
2425 802 2713 857 meditatio
2728 800 3043 856 divinorum
3064 800 3437 854 oraculorum.

1856 889 2144 945 lncensum
2201 905 2420 960 quoque
2483 889 2712 943 dextera
2772 887 3106 957 prehensum
3169 883 3441 939 oil'erebat

1855 995 1999 1051 saepe
2026 982 2162 1043 Deo,
2184 990 2242 1035 et
2272 981 2459 1035 fumus
2487 980 2539 1047 (o
2571 980 2696 1049 quis
2732 977 3007 1033 mirabilia
3064 976 3280 1030 Domini
3335 991 3439 1029 an-

1859 1072 2203 1142 nuntiabit?)
2231 1073 2350 1127 sine
2394 1073 2593 1141 prunis
2647 1070 2883 1126 sublime
2947 1067 3263 1123 ferebatur:
3302 1066 3438 1120 alias

1851 1179 1985 1219 vero
2017 1163 2348 1219 audiebatur
2382 1166 2546 1220 simul
2586 1164 2818 1234 psallere
2869 1176 2993 1215 cum
3021 1159 3205 1223 turba,
3244 1158 3437 1212 simul-

1851 1270 1961 1324 que
1995 1254 2231 1310 Alleluia
2266 1256 2565 1327 subjicere.
2613 1254 2958 1323 Longissimo
2998 1263 3140 1318 saepe
3191 1258 3437 1316 tempore

1851 1347 1994 1402 nihil
2027 1349 2261 1403 omnino
2295 1349 2476 1403 somni
2510 1348 2690 1403 oculis
2736 1345 2980 1408 videbat,
3038 1343 3175 1397 adeo
3209 1349 3270 1395 ut
3335 1338 3437 1391 tri-

1851 1438 2001 1509 ginta
2032 1440 2320 1495 interdum
2380 1451 2577 1495 noc:es
2630 1441 2873 1509 integras
2932 1426 3269 1501 totidemque
3320 1430 3440 1484 dies

1851 1531 2224 1591 continuaret,
2266 1531 2727 1601 regitansDeum,
2749 1536 3031 1598 expertem
3055 1525 3233 1579 somni
3270 1523 3435 1575 vitam

151 1618 379 1673 ducere:
436 1635 676 1683 verum,
725 1620 900 1689 gratia
938 1617 1088 1672 intus
1151 1619 1434 1688 loquente,
1485 1634 1747 1673 arcanum
1789 1622 2125 1691 tacitumque
2187 1639 2515 1694 responsum
2577 1617 3439 1693 accepit:Oportctaliquantnlm

155 1710 315 1779 quieti
361 1719 418 1766 te
452 1711 672 1765 tradas.

217 1801 322 1869 μζ’.
362 1800 573 1854 Ταῦτα
633 1800 823 1859 δεινῶς
880 1797 1086 1851 ὥπλισε
1150 1798 1313 1851 πάλιν
1380 1798 1469 1849 τὸν
1516 1797 1751 1867 πονηρὸν

1933 1797 2020 1849 47.
2052 1797 2176 1871 Haec
2204 1799 2402 1852 iterum
2421 1797 2688 1852 adversus
2714 1796 2866 1850 illum
2911 1804 3269 1851 armaverunt
3329 1797 3438 1853 dae-

159 1894 234 1944 ἐπ’
265 1892 459 1956 αὑτὸν,
508 1894 638 1959 ὄφει
666 1890 800 1961 πρὸς
821 1890 920 1961 τὴν
956 1888 1248 1959 ἐπιϐουλὴν
1292 1891 1369 1959 τῷ
1399 1889 1619 1957 παλαιῷ
1662 1887 1754 1940 καὶ

1861 1902 2082 1941 nionem
2108 1889 2176 1942 ad
2208 1889 2583 1942 insidiandum
2625 1888 2674 1942 ei
2729 1896 2862 1942 tunc
2915 1902 3138 1956 quoque
3205 1889 3437 1958 antiquo

158 1982 244 2033 νῦν
261 1981 497 2053 ὀργάνῳ
543 1980 831 2053 χρώμενον
864 1997 878 2010 ·
910 1979 1051 2050 πλὴν
1089 1982 1213 2033 ὅσον
1251 1982 1367 2033 ἐκεῖ
1392 1981 1490 2049 μέν
1520 1970 1777 2040 πείθειν,’

163 2072 389 2126 ἐνταῦθα
436 2074 501 2127 δὲ
535 2073 727 2143 φοϐεῖν
775 2072 1021 2142 ἐμεὶλεν.
1067 2072 1461 2141 Ὑποϐεϐλήκει
1501 2071 1611 2141 γὰρ
1631 2071 1755 2140 ὅφιν

164 2165 322 2234 αὐτῷ,
374 2165 626 2235 φοϐερόν
683 2183 738 2219 τι
807 2166 1197 2236 χαίνονταμκαὶ
1264 2166 1622 2234 συρίττοντα,
1663 2165 1751 2216 καὶ

161 2257 335 2309 δακεῖν
387 2256 742 2311 ἀπειλοῦντα
772 2273 786 2288 ’
823 2258 851 2309 ὁ
879 2258 934 2310 δὲ
979 2255 1259 2327 θαρραλέῳ.
1314 2257 1408 2308 καὶ
1462 2255 1608 2326 χειρὶ
1661 2256 1756 2307 καὶ

163 2347 347 2421 γνώμῃ
379 2349 724 2419 λαϐόμενος,
756 2349 934 2402 παίων
958 2344 1027 2418 ἦν
1056 2348 1253 2417 κομιδῇ
1284 2348 1377 2399 καὶ
1423 2345 1747 2414 συντρίϐων,

162 2439 260 2500 tu);
285 2441 398 2493 τῶν
417 2441 597 2494 ὁσίων
620 2439 821 2511 χειρῶν
853 2440 1077 2492 ἐκείνων
1103 2438 1448 2507 διολισθήσας
1486 2440 1581 2491 καὶ
1614 2439 1755 2491 κατᾶ

169 2531 258 2599 γῆς
285 2531 503 2594 πεσὼν,
526 2530 745 2602 ἀφανὴς
792 2530 1056 2598 ἐγεγόνει,
1088 2529 1277 2591 αύταῖς
1323 2528 1398 2591 ὡς
1436 2525 1548 2597 εἶχε
1576 2528 1754 2596 φολίσι

168 2619 221 2670 τὸ
265 2621 474 2673 οἰκεῖον
522 2618 731 2688 ἔνδυμα
785 2620 937 2687 παρὰ
987 2618 1113 2678 τοὺς
1169 2617 1335 2670 αὐτοῦ
1371 2619 1537 2680 πόδας
1570 2618 1752 2686 ἀφεὶς,

170 2713 417 2766 τοσούτου
455 2713 747 2781 θαύματος
778 2710 1009 2779 ἀψευδὲς
1052 2710 1371 2781 μαρτύριον.
1395 2709 1566 2762 Τοῦτο
1592 2709 1753 2779 χαλε-

170 2805 380 2874 πωτέρα
416 2805 642 2873 γίνεται
671 2804 853 2872 πληγὴ
880 2802 958 2873 τῷ
986 2802 1270 2872 βασκάνῳ,
1299 2804 1390 2855 καὶ
1419 2802 1533 2882 τὰς.
1547 2802 1754 2864 οἰκείας

172 2894 420 2965 δυνάμεις
455 2893 816 2964 συναγαγὼν,
846 2894 938 2947 τόν
976 2910 1035 2945 τε
1063 2895 1219 2947 κίονα
1248 2892 1433 2962 κύκλῳ
1455 2890 1752 2955 διαλαϐὼν,

174 2988 494 3059 ἀνατρέπειν
526 2990 696 3044 αὐτὸν
721 2991 802 3052 εἰς
829 2987 1025 3056 ἔδαφος
1057 2988 1341 3057 ἐπειρᾶτο.
1385 2986 1582 3056 Ἀλλ’ὴ
1631 2986 1753 3039 θεία

176 3079 343 3150 χάρις,
379 3080 583 3152 ὥσπερ
610 3098 696 3145 τις
729 3081 937 3136 ἄνωθεν
973 3081 1229 3151 ἀστραπὴ
1274 3080 1589 3150 διᾴττουσα,
1622 3078 1755 3147 φεύ»

1856 1995 1956 2033 suo
1984 1980 2356 2035 instrumento
2389 1996 2571 2041 usum.
2610 1981 2715 2035 sub
2744 1980 2839 2034 illo
2878 1988 3060 2034 tamen
3089 1980 3432 2045 discrimine,

1856 2071 2005 2139 quod
2044 2071 2099 2125 in
2151 2071 2407 2141 paradiso
2465 2071 2682 2125 blandis
2726 2069 3019 2124 lenociniis
3078 2070 3433 2139 persuadere,

1857 2163 1949 2217 hic
1995 2164 2142 2233 gravi
2196 2178 2410 2219 terrore
2459 2163 2697 2233 dejicere
2754 2170 2987 2217 conatus
3020 2161 3111 2217 sit.
3168 2162 3439 2217 Submisit

1858 2252 2044 2322 itaque
2067 2263 2404 2323 serpentem,
2428 2253 2774 2307 horribiliter
2798 2252 3045 2306 hiantem
3098 2252 3437 2308 sibilantem-

1856 2360 1988 2414 que,
2010 2352 2064 2399 et
2088 2345 2342 2399 mordere
2368 2344 2702 2398 minantem:
2727 2357 2890 2412 quem
2921 2343 3006 2397 vir
3052 2352 3302 2407 sanctus,
3330 2359 3436 2399 au-

1856 2436 1979 2491 daci
2020 2451 2181 2490 manu
2209 2437 2364 2507 juxta
2393 2452 2457 2491 ac
2511 2443 2694 2489 mente
2743 2434 3184 2504 apprehensum,
3254 2434 3437 2490 valide

1857 2527 2454 2598 allisitcontrivitque,
2501 2526 2684 2581 donec
2741 2527 2949 2582 sanctis
2979 2526 3129 2581 illius
3180 2526 3438 2581 manibus

1855 2618 2076 2687 elapsus
2098 2619 2153 2672 in
2201 2630 2430 2683 terram,
2483 2618 2712 2673 evanuit
2743 2633 2809 2672 ex
2846 2617 3045 2681 oculis,
3076 2616 3315 2673 demissa
3368 2617 3437 2672 ad

1857 2708 2023 2777 pedes
2050 2709 2224 2763 sancti
2252 2709 2413 2779 pelle,
2451 2717 2509 2763 ut
2538 2715 2657 2762 erat
2684 2706 2933 2777 squamis
2961 2714 3126 2769 tecta,
3153 2723 3256 2777 pro
3291 2707 3435 2762 irre-

1856 2799 2105 2871 fragabili
2134 2800 2451 2856 testimonio
2482 2798 2757 2854 miraculi.
2786 2798 3125 2854 Gravissime
3149 2799 3281 2853 illud
3314 2813 3437 2855 sen-

1854 2894 1928 2947 sit
1952 2893 2251 2964 impostor;
2284 2902 2422 2959 tum,
2455 2908 2648 2950 omnes
2680 2895 2733 2949 in
2763 2908 2935 2950 unum
2967 2895 3116 2949 vires
3147 2892 3433 2963 colligens,

1855 2982 2307 3051 comprehensam
2335 2998 2435 3052 per
2478 2984 2747 3039 ambitum
2799 2984 3109 3039 columnam
3144 2982 3199 3036 in
3230 2990 3435 3036 terram

1853 3076 1987 3130 dare
2033 3075 2284 3132 laborat:
2349 3092 2541 3131 verum
2594 3077 2771 3147 gratia
2832 3076 3044 3141 divina,
3082 3076 3137 3130 in
3203 3074 3430 3129 modum

177 3189 284 3240 γειν
333 3176 436 3230 ὅσα
474 3177 578 3229 καὶ
612 3176 836 3244 μάστιγι
865 3174 1091 3238 τούτους
1127 3174 1521 3243 ἐλαυνομένους
1556 3172 1751 3239 ἐποίει,

1861 3167 2090 3236 fulguris
2112 3167 2352 3223 caelestis
2377 3170 2641 3236 emicans,
2669 3170 3082 3225 machinatores
3107 3168 3232 3222 illos
3280 3167 3435 3222 velut

184 3264 309 3333 μέγα
336 3282 391 3320 τι
436 3268 540 3322 καὶ
588 3266 760 3321 δεινὸν
813 3266 1186 3330 ὀλολύζοντας.
1237 3266 1396 3319 Ἀλλὰ
1428 3267 1517 3319 τὸν
1566 3265 1756 3334 φθόνον

1861 3258 2075 3330 ﬂagello
2120 3260 2486 3331 compellebat
2537 3262 2781 3331 arripere
2817 3261 3026 3332 fugam,
3082 3259 3427 3315 horrendum

186 3355 279 3409 οὐκ
318 3353 387 3428 ἦν
440 3360 706 3430 ἠρεμεῖν,
732 3359 868 3413 ἀλλὰ
904 3359 1184 3430 πτέρυγας
1220 3356 1472 3411 πετεινοῦ
1517 3355 1701 3410 λαϐὼν
1730 3358 1760 3410 ό

186 3443 363 3516 ἐχθρὶις
382 3447 479 3517 (τὸ
510 3447 807 3517 πρόσωπον
850 3447 915 3501 δὲ
957 3445 1173 3500 παιδίου
1213 3446 1434 3500 εἴκαστο
1456 3447 1534 3516 τῷ
1590 3463 1761 3518 προσ-

178 3526 297 3601 ώπῳ
314 3533 352 3601 ),
386 3533 726 3603 προσϐάλλει
749 3532 828 3602 τῷ
855 3532 1081 3602 Συμεών
1103 3551 1118 3565 ·
1143 3534 1173 3586 ὁ
1201 3533 1258 3587 δὲ
1289 3534 1350 3587 τὸ
1388 3534 1481 3587 τοῦ
1523 3532 1760 3605 σταυροῦ

184 3624 389 3689 σημεῖον
416 3623 775 3687 διατυπώσας
794 3663 810 3687 ,
846 3622 978 3677 ὡσεὶ
1009 3624 1218 3678 καπνὸν
1247 3625 1447 3679 αὐτίκα
1472 3626 1760 3682 διασκεδά-

182 3710 516 3774 ζει.Ἕπειτα
563 3717 748 3784 μέντοι
793 3718 1010 3788 κρότοις
1050 3718 1319 3787 ἐναερίοις
1360 3718 1457 3772 καὶ
1504 3719 1753 3789 θορύϐοις

186 3807 266 3858 καὶ
306 3809 460 3879 ἡχοις
510 3810 659 3881 ὑπὲρ
705 3810 947 3881 κεφαλῆς
991 3810 1157 3865 αὑτοῦ
1202 3812 1467 3881 κέχρητο,
1495 3812 1653 3881 δῆθεν
1681 3812 1757 3876 ὡς

185 3898 257 3951 ἐπ’
288 3904 452 3960 αὐτὸν
488 3906 690 3960 ἐπιὼν·
734 3907 797 3960 οὐ
839 3907 946 3979 μὴν
978 3908 1114 3963 ἀλλὰ
1148 3909 1242 3962 καὶ
1277 3907 1474 3978 ἀθρόον
1506 3907 1572 3959 ἐκ
1600 3905 1756 3959 νότου

186 3990 300 4065 ὶὲθῳ
328 4001 553 4070 μεγάλῳ
580 4001 671 4054 τὸν
700 4001 852 4054 κίονα
876 4000 1060 4070 βάλλει
1079 4016 1095 4030 ·
1126 4001 1220 4055 καὶ
1241 4002 1268 4053 ὁ
1295 4001 1392 4070 μὲν
1414 3999 1756 4070 περιτρέπει,

188 4083 215 4150 ἡ
252 4086 369 4141 θεία
416 4091 473 4145 δὲ
519 4093 680 4163 χάρις
730 4094 787 4145 ἐν
832 4091 1137 4162 ὁμοιώματι
1172 4094 1503 4163 περισνερᾶς
1552 4089 1757 4151 εύθεως

190 4177 528 4248 ἐπιφανεῖσα,
573 4188 675 4253 τὴν
718 4185 1060 4255 περιτροπὴν
1104 4184 1335 4255 ἵστησιν.
1355 4184 1514 4255 Ἑξῆς
1559 4185 1617 4238 δὲ
1660 4182 1755 4237 καὶ

190 4270 359 4341 χεῖρας
392 4276 561 4329 αὐτοῦ
608 4268 845 4346 δεσμεῖν
873 4276 969 4330 τοῦ
1004 4278 1240 4348 πονηροῦ
1278 4279 1643 4349 πειρωμένου,
1676 4275 1756 4346 τῷ

194 4362 386 4437 παλαιῷ
433 4370 528 4423 καὶ
576 4369 740 4423 πάλιν
789 4371 1067 4442 φαρμάκῳ
1105 4371 1182 4442 τῷ
1226 4371 1448 4442 σταυρῷ
1475 4369 1757 4427 κάνταῦθα

192 4459 538 4528 χρησάμενος,
575 4461 738 4525 εὐθὺς
769 4463 935 4516 αὐτοῦ
966 4462 1065 4535 τὴν
1095 4462 1325 4533 δύναμιν
1357 4463 1628 4518 σϐέννυσι.

256 4700 361 4765 μηθ.
389 4700 556 4764 Τέλος
607 4695 698 4756 οἷά
728 4719 813 4765 τις
850 4702 1076 4775 ἀναιδὴς
1107 4703 1259 4775 αὐτῷ
1302 4672 1552 4774 πρόσεισι
1602 4712 1754 4776 παϊς,

197 4783 346 4881 μέλας
370 4792 491 4857 ὅλος
522 4793 617 4847 καὶ⁴
647 4794 774 4848 ίδεῖν
802 4794 1046 4866 αἰσχρὸς,
1096 4799 1287 4869 χεῖρας
1322 4799 1532 4868 ἰταμῶς
1564 4799 1756 4855 ἐπιϐα-

199 4879 313 4943 λεῖν,
341 4885 434 4938 καὶ
464 4887 545 4949 είς
572 4887 893 4959 συμπλοκὴν
928 4888 1105 4942 ἐλθεῖν
1134 4891 1512 4960 ἐπειγόμενος,
1544 4892 1667 4945 Ἔτι
1694 4890 1757 4944 τὸ

201 4963 328 5037 ἅπαξ
362 4976 537 5042 τοῦτο,
583 4976 780 5045 λέγων,
812 4978 1065 5033 παλαίσω
1084 4996 1187 5043 σοι,
1212 4982 1309 5034 καὶ
1339 4980 1499 5050 εἴπερ
1536 4982 1597 5035 οὐ
1626 4999 1760 5035 κατ-
1806 5028 1811 5031 .

203 5060 387 5129 ισχύσω
418 5084 536 5131 σου,
560 5070 624 5122 τὸ
648 5068 780 5136 γοῦν
807 5070 982 5140 παρὸν
1014 5070 1409 5140 ἀπελεύσομαι.
1453 5072 1619 5127 Ταῦτ’
1638 5072 1756 5126 ἐλε-

206 5161 277 5212 Y3,
304 5157 391 5209 καὶ
418 5161 555 5229 μετὰ
588 5160 841 5230 μεγάλων
876 5162 1024 5231 ἢχων
1060 5164 1153 5215 καὶ
1176 5162 1426 5234 θορύϐων
1457 5163 1636 5235 ἐπῄει,
1666 5181 1758 5217 τα-

208 5245 356 5314 ωχῆς
386 5252 562 5306 πάντα
607 5252 854 5323 πληρῶν,
880 5253 969 5307 ἵνα
1003 5254 1083 5324 τῷ
1113 5255 1407 5326 παραλόγῳ
1431 5258 1530 5325 τῆς
1565 5257 1756 5325 ἐφόδου

211 5334 289 5386 καὶ
320 5344 651 5414 καταπλήξῃ.
694 5344 753 5397 '0
784 5345 842 5399 δὲ
872 5345 1039 5416 μηδὲν
1081 5348 1410 5418 ὑποτρέσας,
1453 5348 1591 5402 ἀλλὰ
1621 5349 1757 5419 πρὸς

208 5423 261 5510 τὸ
281 5430 465 5489 οἰκεῖον
485 5437 650 5491 ὅπλον
672 5437 834 5501 εὐθὺς
867 5438 968 5502 τᾲς
994 5440 1071 5503 εἰς
1095 5440 1331 5510 Χριστὸν
1368 5441 1568 5509 βλέψας
1601 5441 1778 5495 ἐλπίο.

210 5509 307 5583 δας.
340 5526 587 5599 εὐψύχως
631 5547 693 5583 τε
723 5530 824 5598 τὴν
868 5530 1048 5600 πάλην
1072 5532 1165 5586 καὶ
1188 5532 1454 5596 νεανικῶς
1494 5533 1754 5598 ὑποστὰς,

211 5601 475 5681 λπδόμενος
512 5619 677 5695 αὑτοῦ
705 5620 815 5674 τῶν
846 5621 1066 5690 χειρῶν,
1094 5622 1272 5676 ὀπίσω
1305 5640 1366 5677 τε
1403 5625 1758 5695 περιαγαγὼν

216 5695 357 5781 αὑτὰς
386 5711 477 5762 καὶ
500 5694 798 5779 δὶσμήσας,
828 5710 1011 5781 ἀφανῆ
1039 5710 1242 5781 τίθησι,
1272 5713 1435 5778 κενὰς
1463 5694 1628 5768 αὐτοῦ
1659 5714 1756 5778 τὰς

214 5780 410 5862 ἀπειλὰς
447 5800 752 5867 ἀποδείξας.
785 5797 916 5855 Εἶτα
945 5780 1042 5871 ἡδύ
1079 5820 1131 5856 τι
1154 5780 1299 5874 πρὸς
1343 5806 1569 5877 οὐρανὸν
1609 5807 1801 5870 ἰδὼν,-

1782 4512 1836 4571 D

1859 3350 2158 3408 frementes
2180 3361 2349 3424 atque
2369 3354 2662 3425 ejulantes.
2702 3354 2823 3409 Non
2876 3352 2969 3408 hic
3020 3352 3177 3408 stetit
3230 3350 3449 3421 invidia

1860 3442 2097 3497 inimici:
2130 3445 2244 3499 alas
2269 3445 2517 3500 volueris
2544 3442 2650 3500 silei
2673 3444 2916 3514 adaptat,
2952 3452 3010 3499 et
3038 3443 3237 3500 faciem
3278 3442 3440 3515 pueri

1875 3531 2193 3587 assimilans
2213 3571 2227 3596 ,
2258 3528 2581 3600 conspectui
2613 3526 2903 3598 Symeonis
2930 3540 2994 3581 se
3024 3523 3213 3590 oﬂ‘e‘rt;
3250 3524 3343 3593 qui
3375 3523 3449 3580 οι.

1868 3620 2108 3694 formato
2140 3619 2325 3677 crucis
2355 3621 2515 3691 signo
2544 3618 2837 3674 confestim
2859 3658 2876 3685 ,
2910 3626 2968 3671 ut
2993 3625 3190 3672 ventus
3220 3614 3451 3679 fumum,

1864 3714 2152 3783 dissipavit
2201 3713 2438 3767 hostem.
2467 3711 2623 3765 Tunc
2665 3708 2879 3766 crebris
2924 3707 3210 3778 plausibus
3247 3707 3448 3761 tumul-

1865 3805 2120 3874 tibusque
2148 3820 2270 3859 cum
2302 3803 2510 3874 ingenti
2542 3818 2680 3858 sono
2711 3814 2880 3870 supra
2904 3807 3070 3868 caput
3095 3799 3214 3868 ejus
3241 3798 3296 3852 in
3323 3813 3449 3853 aere

1865 3894 2135 3962 excitatis,
2181 3893 2235 3948 iu
2288 3895 2469 3963 ipsum
2521 3893 2768 3948 facturus
2821 3893 3089 3961 impetum
3122 3889 3449 3945 videbatur:

1867 4001 2073 4053 magnae
2122 4002 2339 4056 quoque
2370 3986 2532 4040 molis
2571 3999 2765 4041 saxum
2810 3999 2876 4039 ex
2929 3990 3085 4053 parte
3133 3980 3365 4056 australi
3399 3982 3451 4036 in

1864 4078 2177 4131 columnam
2211 4055 2344 4145 jacit
2380 4095 2392 4131 :
2430 4091 2551 4146 qua:
2600 4076 2808 4144 impetu
2858 4075 2950 4129 illo
2994 4087 3187 4130 eversa
3232 4055 3450 4141 fuis'set,

1862 4169 1970 4225 nisi
1992 4168 2166 4239 gratia
2182 4168 2385 4233 divina,
2406 4169 2462 4222 in
2481 4167 2844 4224 similitudine
2866 4166 3136 4223 columba:
3155 4181 3448 4236 apparens,

1867 4266 2121 4315 ruentem
2147 4260 2401 4314 stitisset.
2431 4258 2627 4314 Postea
2651 4258 2816 4313 etiam
2840 4298 2855 4323 ,
2883 4255 3074 4315 eodem
3105 4256 3304 4327 spiritu
3327 4257 3448 4313 vin-

1863 4351 2005 4407 culis
2029 4351 2406 4421 constringere
2428 4366 2624 4407 manus
2647 4350 2934 4423 Symeonis
2961 4356 3227 4418 tentante,
3251 4349 3344 4406 hic
3380 4349 3449 4404 ad

1864 4443 2373 4513 pltarmaeum,jam
2401 4443 2611 4513 pridem
2635 4450 2829 4499 contra
2851 4442 2999 4498 illius
3016 4456 3289 4498 venenum
3314 4456 3442 4512 pra:-

1862 4534 2265 4599 sentissimum,
2286 4541 2726 4599 sacrosanctum,
2751 4535 2998 4605 inquam,
3027 4532 3211 4588 crucis
3228 4532 3449 4604 signum

1866 4622 2215 4693 cmifugiens,
2242 4630 2475 4691 cunctas
2502 4625 2770 4680 tentantis
2800 4627 2945 4681 vires
2976 4624 3217 4696 infregit.

1927 4718 2018 4772 48.
2053 4716 2326 4788 Denique,
2351 4718 2433 4772 uti
2455 4720 2639 4789 puella
2662 4720 2912 4790 quaedam
2940 4720 3173 4786 eﬂrons,
3198 4722 3319 4779 viro
3342 4722 3441 4778 Dei

1860 4808 2094 4874 accedit,
2130 4819 2281 4866 totus
2314 4811 2491 4881 niger,
2529 4819 2676 4867 totus
2717 4823 2941 4880 aspectu
2988 4811 3251 4867 deformis
3281 4830 3296 4866 :
3325 4829 3443 4868 ma-

1861 4913 2074 4970 nusque
2098 4899 2243 4955 collo
2263 4900 2486 4971 jamjam
2549 4900 2876 4969 injecturus,
2915 4906 2971 4953 et
3005 4900 3062 4953 in
3092 4900 3437 4968 complexum

1862 5004 2025 5043 ruere
2056 4987 2324 5044 festinans
2355 5007 2368 5042 :
2399 4986 2755 5053 Certaminis,
2791 4987 2988 5057 inquit,
3019 4988 3215 5053 aleam,
3253 4987 3457 5067 adhue_

1860 5078 2030 5134 semel
2058 5088 2239 5134 tecum
2265 5079 2501 5143 luctans,
2527 5078 2726 5148 jaciam
2749 5096 2764 5133 :
2791 5087 2849 5135 et
2867 5077 3140 5148 siquidem
3162 5094 3273 5134 non
3299 5094 3439 5150 prae-

1860 5170 2086 5225 valuere
2143 5168 2262 5233 tibi,
2318 5169 2371 5223 in
2418 5171 2709 5238 praesentia
2760 5169 3033 5228 recedam.
3088 5171 3282 5227 lstbaec
3326 5172 3441 5227 elo-

1861 5269 2022 5316 cutus
2066 5260 2258 5331 grandi
2305 5276 2431 5315 cum
2476 5276 2613 5316 sono
2649 5261 2993 5331 strepituque
3024 5260 3207 5327 irruit,
3253 5264 3438 5319 omnia

1862 5350 2081 5419 replens
2124 5350 2385 5416 tumultu,
2437 5360 2497 5405 ut
2530 5352 2612 5407 vel
2658 5352 2774 5422 ipsa
2816 5351 3115 5409 invasionis
3146 5351 3439 5409 insolentia

1864 5451 2130 5495 terrorem
2187 5442 2479 5498 incuteret.
2533 5443 2602 5498 At
2648 5444 2740 5499 ille
2791 5445 3112 5515 neutiquam
3163 5461 3222 5503 sc
3264 5460 3431 5502 aver-

1865 5541 2007 5598 tens,
2054 5543 2321 5588 consueta
2382 5535 2652 5604 corripuit
2698 5552 2870 5599 artua,
2918 5551 3070 5606 spem
3125 5536 3334 5592 scilicet
3383 5536 3438 5591 in

1859 5624 2081 5679 Christo
2116 5624 2374 5694 positam,
2402 5627 2683 5696 alacrique
2714 5644 2776 5681 ac
2802 5642 3072 5698 generoso
3099 5628 3283 5683 animo
3317 5641 3447 5693 cer:

1863 5724 2042 5771 tamen
2064 5718 2408 5788 aggrediens,
2427 5734 2623 5774 manus
2641 5719 2814 5774 hostis
2834 5719 3219 5788 apprehendit,
3236 5731 3440 5788 easque

1861 5817 1981 5876 post
2035 5816 2247 5878 tergum
2280 5808 2545 5863 adductas
2582 5808 2797 5874 vineiit,
2834 5817 2995 5878 atque
3027 5808 3102 5863 ita
3166 5824 3232 5863 ex
3264 5808 3441 5862 oculis
