3898 6452
431 373 569 442 3031

1602 390 1662 450 S.
1706 389 2082 450 SYMEONIS
2117 391 2478 452 JUNIORIS

3540 385 3688 450 3032
3768 333 3770 336 Ι

410 491 674 547 recedere
709 494 908 564 coegit,
952 494 1209 549 edoctum
1251 511 1420 551 vanas
1465 513 1588 553 esse
1631 502 1750 570 ejus
1796 501 1993 559 minas.

2109 503 2230 566 τοὺς
2257 502 2728 574 εὐχαριστηρίους,
2757 501 2804 552 εί
2835 499 2890 553 δὲ
2945 497 3144 568 βούλει,
3178 495 3488 559 ἐπινικίους
3527 513 3695 567 προσ-

412 583 623 638 Deinde
671 586 916 639 suaviter
948 585 1002 638 in
1034 585 1235 640 caelum
1267 587 1500 644 sublatis
1526 591 1726 655 oculis,
1765 591 1996 661 hymnos

413 674 526 730 Deo
551 676 601 728 in
621 677 914 746 gratiarum
939 677 1234 742 actionem,
1251 688 1366 742 aut,
1390 680 1436 734 si
1460 681 1535 735 ita
1552 683 1655 746 vis,
1678 682 1731 735 in
1752 683 1997 737 victoriae

416 764 652 818 obtenta:
673 767 1278 832 commemorationem,
1299 769 1522 834 cecinit,
1551 786 1781 826 accenso
1797 771 1863 825 ad
1893 772 2000 826 hoc

414 869 578 907 cereo
599 870 761 923 quem
788 866 1021 926 utraque
1051 872 1216 912 manu
1243 860 1486 926 tenebat,
1525 863 1727 932 cuique
1756 862 2002 931 epinicia-

2103 594 2236 662 ἦγεν
2267 593 2468 663 ὕμνους
2491 592 2629 661 Θεῷ,
2657 591 2809 660 φῶτα
2844 591 3073 660 ποιήσας
3111 591 3205 642 καὶ
3246 589 3424 660 κηρὸν
3455 589 3690 660 ἑκατέρᾳ

2104 685 2247 753 χειρὶ
2270 685 2538 753 κατέχων,
2562 678 2645 745 οἷς
2678 684 2999 757 συνεμέτρει
3039 682 3128 734 τὸν
3158 682 3454 734 ὲπινίκιον’
3494 681 3556 733 οὐ
3589 681 3693 752 γὰρ

2106 778 2372 845 πρότερωι
2403 778 2436 844 ὴ
2468 775 2685 842 γλῶττα
2727 775 2838 827 τῶν
2883 774 3066 843 ὓμνων
3114 775 3387 839 πέπαυτο,
3432 773 3540 836 ἕως
3584 776 3693 835 τοῖς

2108 869 2298 934 κηροῖς
2325 867 2572 920 καυθεῖσι
2611 866 2670 919 τὸ
2695 866 2811 935 φῶς
2839 865 3087 920 ἐσϐεστο.

411 963 511 1001 sua
531 950 1172 1017 commensurabat;non
1200 953 1346 1008 enim
1369 956 1796 1025 priuseessabat
1831 973 1862 1010 a
1923 969 2085 1013 cantu
2117 961 2323 1031 lingua,
2354 977 2520 1031 quam
2555 972 2881 1031 consumpta
2947 976 3073 1015 cera
3135 961 3325 1014 lumen
3372 961 3695 1032 exstingue-

414 1049 588 1094 retur.

480 1131 569 1185 49.
603 1132 814 1188 Interea
844 1137 1106 1205 temporis
1128 1137 1340 1207 (verum
1366 1156 1488 1209 quae
1519 1144 1698 1198 oratio
1734 1163 1846 1212 res,
1872 1164 1993 1201 om—

412 1226 468 1278 ni
521 1228 838 1296 eloquentia
893 1230 1234 1299 superiores,
1280 1235 1560 1303 explicet?
1606 1253 1693 1292 me
1724 1249 1872 1294 certe
1923 1241 1990 1294 ad

415 1319 614 1372 nudam
642 1320 856 1376 illarum
899 1325 1222 1378 memoriam
1255 1334 1462 1379 tremor
1498 1331 1778 1399 occupat),
1821 1331 1996 1385 inter-

411 1427 496 1474 ea,
545 1412 788 1480 inquam,
845 1413 998 1468 videt
1033 1415 1306 1470 orientem
1364 1433 1553 1472 versus
1597 1428 1846 1488 apertum
1879 1437 1995 1476 co:-

412 1504 526 1557 lum
563 1515 618 1558 et
650 1504 782 1558 inibi
831 1503 1124 1560 Dominum
1174 1518 1421 1560 nostrum
1455 1508 1636 1562 Jesum
1673 1509 1989 1564 Christum:

413 1593 706 1648 videbatur
734 1603 916 1649 autem
946 1595 1118 1649 veluti
1149 1596 1388 1650 circulus
1413 1598 1635 1666 quidam
1661 1614 1726 1652 ex
1764 1600 1990 1665 electro,

413 1686 587 1739 multo
637 1685 842 1739 lumine
879 1693 935 1739 et
975 1685 1190 1739 flamma
1247 1687 1520 1752 rutilante,
1540 1687 1716 1756 ipsum
1746 1689 1990 1754 ambire;

411 1774 743 1829 videbantur
779 1783 836 1829 et
876 1775 1189 1844 archangeli
1246 1774 1474 1827 Michael
1527 1784 1692 1844 atque
1743 1775 1987 1841 Gabriel,

2181 1146 2288 1216 μθ¹.
2338 1147 2425 1198 Ἐν
2443 1145 2684 1213 τοσούτῳ
2717 1145 2775 1198 δὲ
2807 1147 2907 1216 ὁρᾷ
2937 1145 3094 1214 (ἀλλὰ
3118 1145 3235 1207 πῶς
3269 1145 3338 1198 ἂν
3368 1145 3438 1198 τὰ
3464 1146 3697 1216 κρείττω

2105 1236 2264 1304 λόγου
2303 1236 2460 1303 λόγος
2483 1237 2766 1306 γνωρίσειε
2796 1253 2810 1299 ς
2843 1236 3014 1305 φρίκη
3045 1236 3152 1305 γάρ
3201 1254 3268 1306 με
3301 1238 3564 1306 καὶπρὸς
3600 1238 3695 1306 τὴν

2105 1325 2328 1393 μνήμην
2351 1323 2702 1393 εἰσέρχεται),
2723 1324 2823 1393 ὁρᾷ
2848 1322 3046 1386 τοίνυν,
3068 1324 3161 1375 καὶ
3195 1324 3304 1376 ἰδοὺ
3329 1325 3576 1395 ἀνέῳκτο
3601 1329 3697 1394 μὲν

2101 1413 2161 1477 ἐξ
2189 1414 2464 1466 ἀνατολῶν
2499 1416 2527 1466 6
2557 1413 2805 1482 οὐρανὸς,
2843 1412 2941 1465 καὶ
2975 1415 3002 1464 6
3033 1412 3234 1484 Κύριος
3276 1414 3438 1483 ἡμῶν
3479 1416 3566 1467 ἐπ’
3599 1417 3697 1468 αὐ-

2101 1501 2193 1556 τοῦ
2226 1503 2457 1571 Χριστὸς
2511 1504 2540 1555 6
2580 1502 2743 1564 Θεός·
2780 1504 2970 1571 ὅρασις
3010 1502 3065 1554 δὲ
3105 1503 3178 1565 ὡς
3204 1503 3481 1573 ἠλέκτρου
3517 1503 3698 1574 κύκλῳ

2109 1595 2238 1662 περὶ
2282 1593 2445 1645 αὐτὸν
2484 1593 2543 1644 ὲν
2584 1593 2722 1661 φωτὶ
2753 1593 2850 1644 καὶ
2873 1593 3007 1663 πυρὶ
3041 1593 3442 1662 στρεφομένου,
3480 1593 3700 1664 Μιχαὴλ

2099 1699 2160 1734 τε
2214 1687 2309 1735 καὶ
2358 1683 2596 1753 Γαϐριὴλ
2645 1684 2693 1736 oi
2750 1684 2858 1737 τῶν
2919 1684 3088 1751 ἁγίων
3123 1683 3379 1752 ἀγγέλων
3412 1684 3638 1754 πρῶτοι,
3670 1687 3702 1737 ἁ

2101 1775 2198 1842 μὲν
2228 1777 2290 1826 ὲκ
2311 1772 2500 1837 δεξιῶν
2529 1775 2740 1845 πράως,
2766 1778 2794 1828 6
2817 1775 2862 1827 δ’
2893 1776 2953 1840 ἐξ
2988 1776 3296 1846 ἀριστερῶν
3322 1777 3694 1847 παρεστῶτες,

412 1865 625 1934 placide
666 1881 696 1918 a
734 1864 974 1932 dexteris
1024 1865 1185 1929 alter,
1236 1865 1375 1917 alter
1418 1879 1446 1916 a
1507 1863 1749 1919 sinistris
1795 1866 2000 1919 consti-

2109 1864 2162 1917 τό
2187 1881 2246 1916 τε
2271 1865 2380 1917 τῶν
2407 1867 2645 1932 νεφελῶν
2676 1865 2877 1936 πλῆθος
2905 1866 3199 1920 ὑποπόδιον
3237 1867 3407 1919 αὐτοῦ
3443 1866 3694 1937 καθάπερ

417 1957 557 2021 tuti;
607 1956 938 2011 videbantur
997 1956 1236 2024 denique
1301 1956 1479 2010 nubes
1537 1956 1822 2023 plurimae,
1881 1973 2002 2026 quae

415 2057 574 2102 crant
597 2048 1010 2118 suppedaneum
1037 2047 1183 2100 illius
1209 2048 1659 2116 apparebantque
1682 2047 1851 2101 veluti
1880 2047 2003 2117 pul-

420 2140 502 2192 vis
550 2139 752 2208 pedum
806 2140 946 2209 ejus.
997 2137 1297 2191 Confestim
1350 2137 1517 2206 igitur
1577 2137 1833 2207 Symeon,
1887 2154 2002 2192 ma-

418 2228 585 2280 nibus
635 2228 948 2296 mentisque
997 2227 1176 2281 oculis
1227 2227 1474 2289 elevatis,
1511 2228 1775 2282 adorabat
1824 2229 1999 2294 illum,

418 2319 515 2388 qui
567 2320 673 2373 sibi
709 2319 1029 2388 apparebat,
1070 2327 1128 2371 ut.
1174 2319 1327 2387 juxta
1369 2319 1778 2387 beneplaeitum
1832 2319 2004 2388 ipsius

417 2415 633 2467 fructus
671 2414 834 2467 utiles
883 2413 938 2466 in
987 2427 1044 2466 se
1087 2405 1566 2481 progignerentur.
1617 2411 1754 2477 Quid
1787 2413 1852 2466 ad
1885 2413 2001 2466 hazc

419 2505 533 2567 ille,
559 2504 652 2572 qui
677 2503 1048 2573 gloriﬁcantes
1069 2517 1126 2556 se
1148 2501 1458 2571 gloriﬁcare
1492 2501 1688 2555 solitus
1711 2510 1795 2554 est
1824 2516 2002 2570 quan-

423 2606 762 2664 tumcunque
818 2593 1242 2664 supereminens
1286 2591 1474 2645 Dens?
1516 2590 1710 2661 Digitis
1769 2591 2005 2645 innuens

417 2697 505 2740 ter
554 2686 881 2756 Symeonem
946 2684 1183 2754 signavit
1228 2701 1241 2736 :
1290 2692 1456 2750 atque
1509 2697 1638 2737 ecce
1702 2682 2000 2747 dmmones,

419 2786 681 2844 tanquam
714 2787 1002 2844 caprarum
1037 2786 1450 2842 porcorumque
1490 2785 1704 2840 greges,
1738 2786 1904 2839 super
1927 2770 2005 2824 fa-

418 2868 559 2922 ciem
606 2875 767 2921 terra;
805 2866 1019 2936 (contra
1083 2880 1224 2934 quos
1280 2865 1407 2918 data
1450 2863 1707 2933 Symeoni
1763 2871 2004 2931 potestas

417 2957 545 3018 fuit,
577 2965 632 3011 et
663 2957 718 3009 in
745 2954 1218 3009 conﬁrmationem
1249 2952 1538 3023 potestatis
1572 2951 1721 3020 virga
1750 2950 1804 3003 in
1838 2966 2002 3005 manu

2103 1972 2185 2018 τις
2222 1958 2494 2027 κονιορτὸς
2523 1958 2700 2011 ποδῶν
2739 1957 2926 2014 αὐτοῦ.
2957 1959 3158 2028 Χεῖρας
3190 1959 3489 2029 τοιγαροῦν
3527 1962 3555 2013 6
3594 1963 3694 2012 Συ-

2109 2047 2254 2117 μεὼν
2299 2047 2495 2100 αὐτίκα
2544 2049 2637 2100 καὶ
2679 2048 2904 2117 ὄμματα
2947 2049 3176 2118 καρδίας
3229 2051 3496 2114 πετάσας,
3531 2051 3694 2103 ἐδεῖτο

2105 2139 2199 2190 τοῦ
2231 2138 2506 2206 ὀφθέντος,
2531 2138 2661 2192 ὥστ’
2686 2139 2976 2208 εὐδοκῆσαι
3001 2141 3250 2209 καρποὺς
3275 2141 3517 2206 ἀγαθοὺς
3548 2142 3690 2210 αύτῷ

2105 2230 2170 2283 δι’
2200 2230 2365 2282 αὐτοῦ
2391 2231 2788 2300 προσαχθῆναι.
2813 2231 2878 2282 Τί
2903 2227 2996 2284 οὖν
3035 2231 3274 2285 ἐνταῦθα
3299 2251 3312 2295 ;
3360 2233 3419 2285 Ὀ
3449 2234 3575 2296 τοὺς
3611 2233 3689 2286 δο-

2108 2321 2366 2386 ξάζοντας
2389 2321 2550 2374 αὐτὸν
2571 2322 2936 2387 ἀντιδοξάζειν
2965 2322 3120 2384 εἰδὼς
3149 2323 3248 2376 καὶ
3275 2323 3458 2392 πολλῷ
3484 2323 3562 2392 τῷ
3597 2324 3690 2392 μέ-

2111 2430 2188 2482 σῳ
2216 2413 2367 2479 Θεὸς,
2399 2413 2595 2476 νεύσας
2620 2415 2730 2476 τοῖς
2761 2415 3046 2476 δακτύλοις
3077 2415 3383 2484 ἐσφράγισε
3415 2416 3570 2485 τρίς·
3601 2415 3690 2468 καὶ

2113 2501 2221 2554 ἰδοὺ
2269 2503 2316 2554 οἱ
2351 2502 2622 2571 δαίμονες,
2666 2503 2855 2574 ὥσπερ
2909 2506 3080 2573 αίγῶν
3123 2507 3218 2560 καὶ
3263 2507 3464 2578 χοίρων
3501 2506 3692 2576 βοσκή-

2113 2611 2258 2663 ματα
2289 2595 2381 2646 ὲπὶ
2411 2597 2702 2666 πρόσωπον
2732 2596 2829 2664 τῆς
2862 2596 2966 2664 γῆς
3003 2597 3247 2662 (ἐξουσία
3277 2615 3335 2651 τε
3379 2597 3499 2651 κατ’
3521 2596 3692 2650 αὐτῶν

2107 2684 2184 2754 τῷ
2213 2685 2437 2756 Συμεὼν
2470 2687 2730 2758 δεδομένη
2760 2689 2954 2759 ῥάϐδος
2985 2708 3044 2743 τε
3075 2691 3163 2744 διά
3191 2692 3382 2762 χειρὸς
3424 2691 3572 2760 αὐτῷ
3607 2690 3689 2756 βε-

2107 2775 2480 2860 ϐαιοῦσαμὴν
2524 2778 2817 2848 ἐξουσίαν),
2849 2782 2944 2833 καὶ
2988 2781 3212 2850 φεύγειν
3254 2785 3454 2835 ἐκεῖνοι
3501 2781 3690 2844 πάντες

2107 2865 2354 2933 ἀγεννῶς
2416 2868 2755 2939 ὡρμημένοι,
2806 2870 2904 2922 ὅσα
2956 2887 3017 2922 τε
3059 2872 3271 2936 καπνὸς
3321 2872 3355 2942 ἢ
3412 2870 3539 2942 χοῦς
3589 2868 3692 2924 ἀπὸ

2111 2958 2404 3025 προσώπου
2439 2960 2604 3012 αὐτοῦ
2636 2960 3000 3026 ἐκλείποντες.

417 3049 580 3118 eius),
605 3061 800 3100 omnes
832 3045 1080 3100 imbelles
1109 3022 1266 3110 facti,
1295 3043 1443 3099 illico
1481 3044 1536 3097 in
1572 3041 1760 3113 fugam
1814 3057 1872 3098 se
1938 3022 2374 3116 praecipitabant,
2413 3050 2583 3104 veluti
2628 3049 2813 3107 fumus
2882 3022 2977 3107 aut
3038 3054 3224 3123 pulvis
3263 3071 3294 3109 a
3351 3055 3488 3111 facie
3520 3022 3689 3110 sancti

423 3139 765 3194 deﬁcientes.

490 3233 578 3288 50.
612 3231 894 3287 Visionem
934 3231 1076 3286 banc
1120 3248 1216 3287 sua
1249 3248 1470 3302 quoque
1506 3231 1768 3288 miracula
1811 3245 2003 3287 conse-

2127 3194 2134 3202 Ι
2180 3239 2244 3287 ν’.
2276 3233 2353 3304 Τῇ
2390 3231 2510 3301 ὕψει
2540 3233 2720 3287 τοίνυν
2747 3233 2921 3306 ταύτῃ
2945 3235 3038 3287 καὶ
3072 3234 3141 3289 τὰ
3171 3234 3436 3307 θαύματα
3467 3237 3691 3307 ἠκολούι

422 3335 550 3380 cuta
591 3331 758 3388 sunt;
790 3338 913 3376 nam
948 3332 1222 3392 quotquot
1257 3323 1416 3378 malis
1462 3323 1749 3394 spiritibus
1781 3331 1876 3378 aut
1900 3321 2003 3375 alia

421 3415 614 3486 quavis
637 3414 964 3486 :egritudine
987 3415 1168 3468 vexati
1191 3414 1258 3468 ad
1283 3414 1609 3484 Symeonem
1630 3421 2003 3475 accesserunt,

420 3507 640 3563 liberati
671 3506 904 3576 quisque
952 3505 1096 3559 malo
1155 3521 1257 3559 suo
1297 3506 1510 3560 reversi
1550 3515 1697 3560 sunt.
1735 3503 2009 3558 Viderunt

420 3598 586 3654 etiam
619 3606 671 3653 et
694 3605 916 3652 sanctus
939 3596 1077 3665 ipse,
1104 3603 1160 3650 et
1188 3596 1376 3664 plures
1402 3595 1516 3660 alii,
1543 3595 1749 3664 quibus
1775 3609 1839 3647 ea
1883 3609 2009 3665 gra-

421 3697 496 3751 tia
528 3710 785 3750 concessa
835 3693 959 3757 fuit,
1008 3703 1122 3748 tres
1154 3694 1378 3764 angelos
1413 3693 1532 3758 Dei,
1585 3706 1821 3762 quorum
1870 3691 2010 3744 alter

421 3789 488 3843 ad
524 3788 828 3849 dexteram,
864 3786 1002 3840 alter
1031 3785 1098 3838 ad
1132 3784 1436 3848 sinistram,
1475 3783 1678 3838 tertius
1711 3797 1853 3852 pone
1893 3791 2012 3836 ter-

421 3896 548 3949 gum
587 3877 876 3950 Symeonis
902 3886 1132 3940 stantes,
1176 3883 1546 3930 atramentum
1571 3875 1830 3929 nia-nibus
1860 3883 2010 3928 tene-

422 3971 588 4054 bant;
629 3978 684 4022 et
705 3967 799 4037 qui
832 3966 1122 4022 sanitatem
1171 3965 1529 4020 consecuturi
1568 3975 1751 4028 erant,
1779 3965 2008 4034 jubente

422 4069 634 4123 sancto,
660 4059 813 4118 velut
837 4059 892 4111 in
922 4058 1177 4121 sindone,
1212 4057 1326 4126 ipsa
1348 4056 1475 4110 nive
1499 4055 1844 4118 candidiore,
1875 4055 2012 4109 scri-

423 4151 696 4205 bebantur
726 4167 738 4202 :
763 4163 944 4218 neque
972 4148 1172 4219 singuli
1196 4156 1436 4212 tantum,
1463 4145 1558 4200 sed
1591 4161 1753 4216 quant
1787 4146 2007 4214 plurimi

421 4243 587 4295 etiam
607 4241 792 4305 simul,
809 4241 903 4310 qui
919 4240 1111 4294 salutis
1127 4241 1676 4302 causajaccesserant,
1698 4237 2011 4292 referebant

424 4331 732 4386 obtentam.
770 4330 905 4384 Nam
941 4329 1101 4383 multi
1148 4329 1446 4400 aliquando
1476 4343 1508 4380 a
1532 4327 1880 4385 daemonibus
1922 4329 2011 4382 in-

423 4425 580 4486 sessi,
601 4438 849 4493 spumam
871 4437 967 4476 ore
987 4422 1310 4490 ejectantes,
1335 4420 1664 4490 Symeonem
1686 4419 2006 4486 adiverunt;

423 4515 517 4583 qui
540 4513 821 4583 impressit
843 4512 1074 4582 singulis
1091 4512 1330 4566 salutare
1355 4511 1537 4565 crucis
1560 4509 1772 4579 signum
1791 4527 1804 4575 ;
1820 4511 2008 4579 jussit-

2106 3325 2207 3389 θει,
2234 3325 2328 3378 καὶ
2350 3325 2549 3388 πάντες
2571 3327 2685 3378 ὅσοι
2715 3325 2989 3395 πνεύμασι
3016 3331 3300 3398 πονηροῖς,
3325 3329 3357 3398 ἥ
3393 3329 3484 3381 καλ⁵
3514 3327 3687 3392 ἄλλοις

2107 3415 2304 3470 πάθεσι
2341 3417 2638 3485 κάμνοντες
2677 3416 2871 3486 ἐκείνῳ
2907 3415 3245 3487 προσῄεσαν,
3286 3419 3559 3490 ἐλεύθεροι
3585 3417 3676 3472 τοῦ

2105 3507 2401 3571 λυποῦντος
2443 3508 2670 3572 ἕκαστος
2703 3507 3030 3578 ἐπανῄεσαν.
3078 3509 3364 3579 Ἐωρῶντο
3395 3511 3503 3579 γὰρ
3540 3509 3678 3579 αὐτῷ

2105 3615 2163 3651 τε
2192 3599 2271 3668 τῷ
2313 3599 2500 3668 ’Λγίῳ,
2533 3597 2630 3652 καὶ
2684 3598 2898 3660 πολλοῖς
2939 3599 3054 3651 ὅσοι
3101 3601 3196 3652 καὶ
3239 3601 3465 3654 τοιαῦτα
3495 3599 3684 3669 δηλαδὴ

2110 3690 2327 3760 βλέπειν
2369 3689 2599 3758 ἠξίωντο
2629 3726 2645 3753 ,
2690 3690 2914 3758 ἄγγελοι
2961 3691 3166 3762 Κυρίου
3213 3696 3386 3763 τρεῖς,
3433 3695 3460 3746 6
3493 3692 3589 3762 μὲν
3625 3692 3683 3742 ἐκ

2106 3782 2314 3848 δεξιῶν,
2347 3782 2531 3850 ἔτερος
2559 3780 2607 3833 δ’
2647 3781 2706 3844 ἐξ
2738 3782 3056 3851 εὐωνύμων,
3101 3785 3149 3836 oi
3189 3783 3237 3836 δ’
3276 3785 3496 3838 ὖπισθεν
3527 3783 3685 3836 ἑστῶ-

2109 3891 2197 3936 τες
2230 3875 2324 3926 τοῦ
2365 3873 2613 3942 Συμεὼν,
2647 3873 2706 3925 τό
2751 3883 2808 3925 τε
2856 3875 3026 3943 μέλαν
3061 3876 3248 3938 αὐτοῖς
3279 3878 3337 3929 ὲν
3365 3880 3562 3946 χεροῖν,
3595 3875 3682 3927 καὶ

2106 3965 2216 4016 τῶν
2249 3963 2468 4033 ἰαθῆναι
2501 3961 2804 4033 μελλόντων
2842 3965 3074 4028 ἕκαστος
3101 3967 3193 4019 τοῦ
3225 3968 3384 4033 ἁγίου
3424 3968 3677 4034 λέγοντος.

2109 4055 2183 4116 ὡς
2219 4057 2274 4106 ὲν
2315 4055 2606 4124 σωματείῳ
2627 4056 2932 4127 λευκοτέρῳ
2963 4059 3055 4110 καὶ
3090 4059 3268 4127 χιόνος
3294 4061 3589 4130 ἐγράφετο”
3622 4055 3678 4107 οὐ

2109 4146 2232 4200 καθ’
2267 4147 2364 4199 ἕνα
2393 4147 2450 4199 δὲ
2486 4147 2664 4218 μόνον,
2696 4147 2834 4200 ἀλλά
2858 4149 2951 4200 καὶ
2983 4150 3121 4201 κατά
3159 4149 3362 4219 πλῆθος
3399 4146 3678 4219 θεραπείας

2109 4238 2160 4289 οἱ
2197 4238 2513 4306 προσιόντες
2547 4237 2864 4307 ἐτύγχανον.
2915 4238 3225 4309 Προσῆλθον
3251 4241 3359 4310 γάρ
3395 4255 3521 4290 ποτε
3559 4234 3679 4289 πολ-

2110 4329 2193 4381 λοὶ
2229 4329 2369 4380 κατά
2395 4329 2590 4380 ταυτὸν
2614 4328 2998 4398 δαιμονῶντες,
3031 4329 3125 4382 καὶ
3159 4331 3333 4400 ἀφρὸν
3363 4328 3454 4382 τοῦ
3485 4328 3677 4396 στόμα⁴

2110 4437 2202 4482 τος
2247 4419 2698 4490 παραπτύοντες·
2732 4413 2806 4471 ὧν
2848 4419 3064 4490 ἑκάστῳ
3114 4421 3383 4490 σφραγῖδα
3434 4418 3673 4487 ποιήσας,

2112 4515 2224 4574 τοῖς
2251 4529 2309 4564 τε
2333 4511 2639 4581 πνεύμασιν
2664 4513 2719 4563 ὲν
2750 4511 2972 4580 ὀνόματί
2997 4529 3129 4580 φησι
3153 4511 3244 4563 τοῦ
3269 4510 3397 4564 Υίοῦ
3430 4510 3518 4562 τοῦ
3550 4507 3674 4561 Θεοῦ

423 4622 531 4673 que
567 4605 798 4673 spiritus
827 4603 882 4656 in
910 4602 1133 4656 nomine
1165 4603 1289 4656 Filii
1324 4602 1444 4665 Dei,
1471 4615 1570 4668 pro
1599 4600 1757 4656 nobis
1795 4601 1847 4654 in
1881 4617 2003 4656 (ιι-ιι⁴

2110 4603 2204 4656 τοῦ
2235 4603 2300 4656 δι’
2323 4604 2471 4674 ἡμᾶς
2499 4603 2901 4673 σταυρωθέντος
2931 4602 3251 4674 ἀπαλλαγὴν
3290 4601 3673 4675 παραγγείλας,

423 4713 542 4751 cem
577 4695 774 4756 sufﬁxi,
807 4693 935 4748 inde
957 4693 1232 4747 facessere
1254 4698 1448 4759 :atque
1469 4691 1566 4755 illi,
1592 4692 1740 4746 nulla
1763 4693 2007 4762 interpo-

423 4788 528 4842 sita
548 4803 721 4851 mora,
745 4787 955 4840 abitum
975 4792 1231 4854 parantes
1251 4783 1594 4852 multumque
1618 4783 2002 4847 vociferantes,

424 4881 772 4949 reliquerunt
793 4878 1048 4932 homines
1070 4877 1276 4932 liberos
1305 4884 1360 4929 et
1392 4875 1711 4943 incolumes,
1746 4895 1884 4948 puro
1908 4895 2005 4934 ore

421 4971 618 5026 laudes
656 4972 768 5025 Deo
803 4969 1170 5023 celebrantes.
1224 4967 1493 5023 Caeterum
1541 4970 1640 5038 qui.
1673 4970 2004 5023 circumsta-

425 5064 561 5118 bant
594 5062 922 5132 Symeonem
949 5059 1150 5130 angeli,
1187 5059 1253 5113 ad
1291 5061 1552 5117 miracula
1591 5071 1645 5116 et
1679 5060 2006 5117 medicatio-

426 5171 526 5210 nes
571 5169 728 5223 opem
779 5168 934 5206 suam
1003 5151 1371 5216 conferentes,
1435 5153 1509 5207 ita
1559 5153 1664 5222 ipsi
1711 5155 2009 5206 astiterunt

424 5248 612 5317 aliquo
638 5253 918 5313 tempore;
947 5245 1149 5300 deinde
1169 5261 1268 5315 pro
1295 5261 1448 5300 more
1497 5247 1636 5316 jussi
1687 5246 1934 5300 scribere
1976 5260 2008 5297 a

427 5348 639 5401 sancto,
669 5346 946 5406 negarunt
971 5337 1024 5392 id
1061 5353 1118 5392 se
1171 5337 1414 5391 facturos
1472 5337 1858 5407 imposterum,
1914 5335 2002 5389 di-

425 5437 645 5483 centes:
683 5426 894 5481 Auctus
919 5443 979 5483 es
1006 5429 1296 5497 perspicua
1338 5427 1436 5481 Dei
1469 5426 1713 5496 potentia
1761 5433 1817 5479 et
1887 5423 2004 5475 vir-

427 5524 799 5571 tute:cuncta
815 5516 1078 5587 deinceps
1112 5527 1163 5572 te
1198 5517 1582 5572 intercedente
1620 5515 1882 5570 evenient
1907 5529 2009 5582 pro

430 5609 537 5663 ﬁde
574 5608 952 5663 accedentium
1003 5609 1139 5674 tibi;
1195 5609 1564 5678 patrabuntur
1610 5606 1877 5661 miracula
1911 5621 2011 5674 per

2112 4695 2494 4766 ἀπαλλαγῆναι
2513 4695 2857 4765 παραχρῆμα
2875 4694 3302 4764 παρασκευάζει,
3324 4694 3466 4763 μέγα
3482 4691 3678 4760 βοῶντα

2114 4786 2206 4840 καὶ
2235 4784 2404 4852 ὑγιῶς
2431 4783 2650 4854 ἔχοντας
2679 4784 2802 4847 τοὺς
2831 4783 3030 4854 ἄνδρας
3058 4784 3412 4850 ἀπολιπόντα,
3448 4777 3677 4852 νηφαλίῳ

2117 4877 2344 4947 στόματι
2367 4875 2465 4937 τὰς
2489 4875 2723 4937 αίνέσεις
2755 4874 2846 4927 τοῦ
2879 4873 3014 4927 Θεοῦ
3047 4875 3467 4945 μεγαλύνοντας.
3489 4871 3550 4924 Οἱ
3587 4868 3676 4935 μὲν

2111 4968 2204 5024 οὖν
2247 4967 2572 5029 κυκλοῦντες
2598 4967 2758 5019 αὐτὸν
2779 4965 2999 5034 ἄγγελοι
3027 5007 3041 5030 ,
3064 4967 3158 5019 καὶ
3187 4965 3320 5035 πρὸς
3346 4963 3412 5015 τὰ
3434 4961 3674 5029 θαύματα

2111 5059 2325 5121 καὶτὰς
2353 5058 2525 5117 ἰάσεις
2553 5055 2984 5123 διακονούμενοι,
3008 5056 3315 5126 παρέμενον
3340 5053 3509 5113 οὕτως
3537 5045 3674 5113 αύτῷ

2113 5153 2272 5223 μέχρι
2306 5149 2500 5218 καιροῦ
2521 5165 2536 5180 ο
2574 5143 2692 5201 εἶτα
2719 5147 2859 5201 κατά
2880 5148 2940 5200 τὸ
2974 5148 3202 5217 σύνηθες
3233 5148 3414 5208 αὐτοῖς
3443 5141 3671 5197 εἰπόντος

2107 5243 2316 5314 γράψαι
2345 5242 2438 5294 τοῦ
2464 5240 2688 5310 Συμεών
2709 5258 2722 5272 ·
2751 5239 2967 5307 Οὐκέτι,
3001 5241 3166 5308 φασὶν
3207 5240 3422 5300 ἐκεῖνοι,
3453 5231 3672 5301 γράφειν

2114 5335 2174 5387 οὐ
2203 5334 2276 5404 μὴ
2304 5332 2651 5403 προσθῶμεν
2679 5331 2942 5402 ηὖξηνται
2967 5330 3075 5400 γάρ
3099 5331 3156 5383 ὲν
3183 5331 3265 5383 σοὶ
3291 5323 3591 5396 περιφανῶς
3620 5319 3669 5370 αἱ

2114 5422 2210 5476 τοῦ
2247 5422 2381 5475 Θεοῦ
2416 5423 2744 5483 δυναστεῖαι,
2795 5421 2889 5473 καὶ
2937 5421 3115 5473 πάντα
3163 5421 3304 5489 λόγῳ
3350 5417 3441 5470 καὶ
3459 5411 3668 5478 δυνάμει

2110 5515 2294 5566 λοιπὸν
2329 5513 2469 5567 κατά
2501 5513 2598 5582 τὴν
2625 5512 2734 5566 τῶν
2773 5513 3227 5583 προσερχομένων
3251 5510 3431 5565 πίστιν
3458 5503 3668 5573 γενήσε-

2109 5622 2199 5660 ται
2227 5604 2314 5658 διὰ
2343 5603 2434 5656 σοῦ
2469 5605 2526 5656 ἐν
2555 5603 2797 5656 ὲπιθὲσει
2832 5602 3032 5672 χειρῶν
3062 5619 3180 5668 σου,
3206 5603 3264 5654 ἐν
3299 5600 3408 5668 ἁφῇ
3441 5588 3672 5665 μηλωτῆς

435 5700 837 5767 itnpositionetn
864 5717 1123 5756 manuum
1155 5711 1395 5761 tuarum,
1430 5714 1524 5766 per
1567 5697 1861 5748 tactionem
1905 5708 2003 5747 me-

2109 5715 2221 5757 σου,
2257 5698 2314 5747 ἐν
2346 5694 2639 5766 κρασπέδῳ
2671 5693 2764 5747 τοῦ
2795 5694 3004 5747 σάκκου
3033 5709 3149 5759 σου,
3189 5693 3248 5745 ἐν
3302 5691 3365 5758 τῇ
3405 5685 3554 5754 βαΐνῃ
3589 5691 3671 5767 σοξ

434 5790 592 5859 lous,
640 5811 733 5868 per
765 5797 1033 5854 fimbriam
1089 5796 1267 5862 sacci,
1321 5809 1416 5863 per
1463 5792 1669 5859 virgam
1724 5789 2015 5857 palmeam,

2105 5783 2308 5854 ῥάϐδῳ,
2435 5780 2538 5852 μὴν
2567 5760 2700 5835 ἀλλά
2743 5782 2835 5834 καὶ
2859 5780 2946 5835 διὰ
2979 5780 3142 5852 ψιλῆς
3185 5781 3386 5841 κόνεως
3417 5771 3554 5842 παρὶ
3580 5760 3664 5816 σοῦ
