3898 6378
196 364 328 433 9033

1179 379 1370 441 ΝΙΤΑ
1409 381 1456 437 Α
1494 379 1927 442 NICEPHORO
1964 382 2448 444 CONSCRIPTA.

3319 382 3475 455 3031'

195 479 509 549 δεδομένης,
558 482 653 535 καὶ
702 482 770 536 δι’
800 484 971 555 αὐτῆς
1015 485 1071 538 δέ
1118 487 1216 556 τῆς
1248 487 1345 540 τοῦ
1394 487 1487 541 σοῦ
1517 490 1767 559 ὀνόματος

1880 491 2125 559 quinimo
2148 508 2243 560 per
2271 493 2572 562 pauxillum
2607 495 2848 565 pulveris
2872 497 2949 553 ad
2972 507 3021 553 te
3049 498 3182 566 dati,
3207 502 3459 557 et'solam

195 570 560 642 ἐπικλήσεως·
585 573 718 628 ὅπου
748 577 860 647 γὰρ
891 579 925 649 ή
959 577 1025 649 σὴ
1060 583 1270 649 μνήμη,
1304 580 1423 633 ἐκεῖ
1462 581 1555 634 καὶ
1587 582 1620 649 ὴ
1657 580 1774 634 θεία

193 664 370 735 χάρις,
405 668 591 721 πᾶσαν
618 669 902 724 ἀσθένειαν
936 673 1077 724 κατὰ
1104 674 1284 726 πάντα
1323 675 1513 745 καιρὸν
1543 675 1770 745 ἰωμένη.

195 755 453 827 Ὄψονται
484 758 540 811 δέ
567 776 625 812 σε
660 761 846 815 πολλοὶ
884 763 980 816 καὶ
1031 766 1088 817 ἐν
1147 765 1347 829 οἰκίαις
1395 767 1488 818 καὶ
1525 768 1584 819 ἐν
1614 768 1772 831 ὁδοῖς,

192 848 279 899 καὶ
304 849 398 901 ἐπὶ
423 851 591 904 πᾶσιν
612 851 794 922 ἔργοις
817 855 999 906 αὐτῶν
1015 870 1028 885 ’
1064 856 1157 909 καὶ
1184 857 1388 920 πάντες
1417 858 1532 911 ὅσοι
1554 858 1775 929 δεήσον-

191 953 275 988 ται
311 934 407 990 τοῦ
450 937 587 991 Θεοῦ
643 940 734 993 διὰ
767 941 861 994 σοῦ
891 943 1136 1012 μεσίτου,
1178 945 1236 998 ἐν
1271 946 1518 1016 ἐρήμοις,
1567 948 1624 1001 ἐν
1653 948 1775 1017 δρε-

192 1044 288 1091 σιν,
319 1030 379 1081 ἐν
425 1028 699 1102 θαλάσσῃ,
742 1034 801 1085 ἐν
824 1036 916 1105 γῇ,
970 1035 1028 1086 ἐν
1063 1034 1303 1107 φυλακῇ,
1333 1039 1391 1090 ἐν
1424 1039 1773 1111 αἰχμαλωσίᾳ

192 1119 463 1189 σωτηρίαν
492 1122 645 1191 παρὰ
679 1121 772 1175 σοῦ
801 1125 1122 1194 κομιοῦνται
1144 1142 1156 1154 ’
1186 1128 1321 1180 πᾶσί
1348 1145 1406 1179 τε
1431 1127 1772 1199 θλιϐομένοις

190 1211 282 1281 ἔσῃ
330 1212 649 1284 καταφυγὴ,
686 1216 780 1268 καὶ
822 1218 1103 1289 χαίρουσιν
1147 1219 1437 1286 ἀσφάλεια,
1470 1226 1564 1275 καί
1605 1205 1770 1286 πᾶςέ

192 1305 573 1369 πεπιστευκὼς
624 1306 812 1361 δοῦλον
867 1309 1126 1363 ἐκλεκτὸν
1175 1307 1313 1364 εἶναί
1365 1330 1425 1366 σε
1481 1313 1636 1381 Θεοῦ,
1675 1316 1771 1368 ἐπὶ

190 1394 384 1448 ἀσπίδα
416 1396 515 1450 καὶ
545 1397 861 1466 βασιλίσκον
897 1401 1241 1471 ἐπιϐήσεται,
1267 1403 1363 1457 καὶ
1397 1408 1627 1477 πατήσει
1668 1409 1769 1459 ἐπ-

191 1485 293 1539 άνω
313 1485 498 1554 ὄφεων
525 1489 618 1541 καὶ
644 1493 943 1562 σκορπίων,
967 1493 1061 1546 καὶ
1086 1494 1179 1546 ἐπὶ
1212 1498 1390 1549 πᾶσαν
1417 1498 1514 1568 τὴν
1542 1497 1770 1568 δύναμιν

188 1576 274 1629 τοῦ
304 1578 527 1649 ἐχθροῦ.
563 1580 751 1635 Ταῦτα
784 1584 831 1635 οἱ
875 1584 975 1653 μὲν
1009 1586 1275 1650 είπόντες,
1307 1588 1571 1658 ἀπῆλθον,
1608 1589 1686 1658 τῷ
1714 1590 1767 1643 δὲ

189 1668 405 1738 Συμεὼν
427 1669 509 1723 έτι
535 1671 737 1740 μᾶλλον
762 1672 820 1739 ἐξ
858 1675 1071 1729 ἐκείνου
1102 1678 1170 1731 τὰ
1199 1677 1452 1749 θαύματα
1475 1679 1643 1732 πλείω
1676 1682 1771 1732 ἐπ-

188 1761 350 1832 έρρει,
395 1762 474 1824 ὡς
532 1765 627 1817 καὶ
675 1766 896 1834 τυφλοῖς
947 1768 1243 1840 ὀφθαλμῶν
1298 1772 1415 1840 φῶς
1464 1771 1550 1825 διὰ
1598 1772 1770 1842 μόνης

187 1848 385 1907 ἐκείνου
414 1853 726 1926 προσευχῆς
750 1858 1099 1929 χαρισθῆναι.

1881 577 2121 632 nominis
2153 579 2225 631 tui
2262 579 2700 650 invocationem;
2734 584 3046 654 ubicunque
3075 586 3220 640 enim
3242 603 3464 643 memo-

1880 666 1958 717 ria
1987 672 2076 719 tua
2113 667 2406 730 recoletur,
2440 667 2640 722 ibidem
2682 678 2734 725 et
2764 672 2935 740 gr..tia
2977 670 3075 726 Dei
3107 683 3305 742 prazsto
3333 675 3462 738 erit,

1878 767 2094 807 omnem
2127 754 2273 808 omni
2305 756 2548 820 tempore
2578 756 2951 813 infirmitatem
2985 769 3267 815 curatura.
3305 763 3464 817 Vide-

1877 841 2016 896 bunt
2040 850 2094 897 te
2124 843 2279 897 multi
2325 845 2381 896 in
2429 844 2715 907 domibus,
2750 847 2804 900 in
2837 848 3147 914 itineribus,
3181 851 3234 903 in
3263 852 3462 920 quovis

1862 944 2043 1011 onere
2094 946 2229 996 suo;
2266 940 2321 986 et
2365 932 2684 1003 quicunque
2729 937 3103 1003 precabantur
3152 937 3317 991 Deum
3363 956 3460 1007 per

1877 1017 2327 1073 intercessionem
2374 1029 2546 1084 tuam,
2596 1023 2649 1073 in
2701 1022 3014 1087 solitudine,
3054 1023 3109 1077 in
3155 1027 3455 1091 montibus,

1877 1105 2037 1168 mari,
2069 1113 2236 1172 terra,
2280 1121 2525 1169 carcere,
2556 1108 2822 1163 servitute
2862 1110 3209 1174 exsistentes,
3255 1113 3459 1167 sanita-

1876 1200 1984 1247 tem
2033 1209 2130 1264 per
2173 1203 2227 1249 te
2281 1198 2684 1266 recuperahunt
2724 1214 2738 1249 :
2776 1199 3031 1254 omnibus
3081 1200 3355 1256 aﬂlictatis
3395 1210 3467 1256 tu-

1874 1283 1989 1338 eris
2019 1282 2314 1354 refugium,
2336 1283 2701 1353 gaudentibus
2726 1286 2983 1341 omnibus
3014 1289 3291 1343 securitas
3308 1291 3456 1345 eris:

1876 1372 2127 1443 quisquis
2156 1371 2450 1426 crediderit
2473 1359 2707 1427 elect°um
2738 1372 2832 1426 Dei
2866 1388 3084 1428 servum
3115 1390 3237 1429 esse
3262 1383 3336 1440 te,
3367 1392 3464 1430 su—

1873 1476 1972 1531 per
1995 1459 2291 1515 draconem
2321 1469 2373 1514 et
2400 1460 2719 1523 basiliscum
2753 1463 3051 1531 gradietur,
3080 1473 3133 1517 et
3156 1464 3465 1519 ambulabit

1875 1564 2039 1618 super
2071 1557 2354 1619 serpentes
2397 1557 2453 1602 et
2496 1548 2837 1618 scorpiones,
2888 1551 3140 1621 superior
3184 1553 3333 1607 omni
3368 1568 3464 1607 vc-

1875 1653 2016 1692 neno
2042 1638 2271 1692 inimici.
2299 1637 2396 1693 His
2425 1638 2609 1700 dictis,
2659 1639 2915 1693 abierunt
2962 1640 3175 1712 angeli;
3220 1642 3465 1712 Symeon

1873 1735 2054 1780 autem
2087 1742 2152 1780 ex
2179 1727 2272 1780 illo
2300 1736 2544 1795 tempore
2573 1726 2821 1795 pluribus
2865 1729 3028 1782 etiam
3061 1730 3463 1784 miraculorum

1872 1815 2061 1885 gratiis
2091 1815 2318 1878 allluxit,
2346 1816 2485 1869 adeo
2519 1824 2577 1869 ut
2605 1817 2765 1870 ca‘cis
2799 1831 2896 1886 per
2926 1818 3100 1872 solam
3134 1819 3305 1889 ipsius
3335 1836 3463 1889 pre-

1874 1903 2143 1956 cationem
2197 1902 2378 1956 lumen
2426 1901 2710 1956 oculorum
2758 1907 3172 1964 concederetur.
3231 1908 3339 1964 Sed
3390 1924 3454 1965 ea

1877 2005 2022 2043 nunc
2052 1988 2328 2060 sigillatim
2366 2005 2779 2061 prosequamur.

1628 2144 1863 2201 CAPUT
1901 2141 2010 2197 Vll.

384 2317 659 2375 Mirarula
686 2323 827 2375 circa
860 2337 1259 2391 cncrgumt’nos,
1298 2330 1583 2387 mortuum,
1616 2330 1665 2376 et
1702 2322 1951 2391 veneﬁcia
1976 2341 1996 2389 ;
2027 2322 2137 2378 alia
2172 2340 2265 2393 per
2296 2323 2579 2393 discipulos
2602 2326 2790 2397 facta;
2823 2329 3080 2384 mirabilis
3114 2332 3264 2385 visio.

246 2504 344 2560 να’.
381 2505 508 2559 Ἵνα
560 2504 616 2558 δὲ
664 2504 759 2556 καὶ
825 2504 891 2559 τὰ
941 2495 1066 2557 καθ’
1114 2503 1345 2558 ἕκαστον
1416 2504 1756 2573 ἐπεξίοιμεν,

183 2594 449 2666 προσῆλθέ
477 2613 564 2657 τις
606 2594 754 2665 αὐτῷ
786 2595 944 2666 γυνὴ,
975 2597 1161 2650 τέκνον
1189 2596 1388 2661 ἄλαλον
1436 2597 1537 2650 καὶ
1565 2596 1758 2664 δαίμο-

184 2676 228 2739 νι
258 2686 498 2755 κάτοχον
550 2684 750 2755 ἔχουσα
775 2703 788 2715 ·
824 2689 918 2738 καὶ
949 2687 981 2754 ἡ
1019 2686 1118 2755 μὲν
1183 2685 1608 2756 ἐπιτεθειμένην
1663 2685 1761 2755 τὴν

184 2773 363 2846 θυρίδα
417 2775 627 2839 ἰδοῦσα,
677 2775 859 2844 τίθησι
941 2777 1098 2831 τοῦτο
1156 2776 1307 2848 παρὰ
1336 2779 1401 2848 τῇ
1461 2775 1552 2829 τοῦ
1584 2775 1763 2840 κίονος

187 2867 328 2936 βάσει
354 2886 367 2900 ν
398 2869 750 2941 παραχρῆμα
776 2869 832 2921 δὲ
862 2864 951 2923 οἷά
979 2887 1064 2932 τις
1095 2868 1393 2938 ἐξέλαμψεν
1416 2866 1623 2921 ἄνωθεν
1658 2865 1764 2918 ἀπὸ

183 2961 273 3031 τῆς
306 2963 567 3033 μηλωτῆς
596 2961 876 3034 ἀστραπὴ,
906 2965 972 3030 τῇ
1008 2963 1062 3015 δὲ
1092 2959 1224 3035 ἦλος
1264 2960 1591 3025 συνέζευκτο
1622 2997 1637 3021 ,
1670 2958 1764 3010 καὶ
1800 2953 1808 2961 ’

186 3054 327 3125 φωνὴ
347 3055 586 3108 κατόπιν
614 3052 865 3123 ἠκούετο*
896 3052 1139 3118 Ἔξελθε,
1175 3053 1237 3106 τὸ
1260 3052 1572 3122 ἀκάθαρτον
1600 3047 1765 3102 πνεῦ-

188 3161 292 3213 μα,
320 3144 658 3213 διωκόμενον
689 3143 793 3198 ὑπὸ
814 3142 1053 3215 Χριστοῦ
1084 3142 1174 3196 διὰ
1204 3143 1304 3212 τῆς
1338 3144 1398 3195 ἐν
1429 3141 1507 3210 τῷ
1540 3137 1766 3209 Συμεὼν

186 3237 417 3307 χάριτος,
457 3237 700 3305 λέγουσα
733 3254 746 3267 ο
775 3236 872 3289 καὶ
897 3239 925 3289 ὁ
949 3238 1077 3298 παῖς
1108 3235 1219 3289 ἀπὸ
1251 3235 1353 3305 τῆς
1378 3233 1577 3301 διπλῆς
1600 3230 1765 3293 εὐθὺς

1941 2504 2032 2561 5|.
2086 2495 2336 2562 AccesSit
2384 2508 2505 2565 viro
2548 2517 2740 2564 sancto
2774 2509 2976 2563 mulier
3025 2509 3299 2578 qua-dam,
3327 2523 3450 2578 qua!

1870 2612 2102 2665 puerum
2148 2608 2362 2655 mutum
2421 2608 2479 2657 et
2507 2602 2757 2656 daemone
2814 2601 3102 2655 obsessum
3170 2600 3449 2655 habebat:

1869 2706 2106 2762 cumque
2136 2692 2481 2749 obﬁrmatam
2534 2694 2833 2749 fenestram
2857 2694 3288 2772 conspicaretur,
3320 2708 3458 2763 pue-

1871 2799 1992 2837 rum
2026 2784 2093 2838 ad
2124 2784 2395 2840 columna
2437 2786 2595 2840 basin
2638 2786 2886 2856 deponit.
2944 2785 3221 2840 Continuo
3267 2791 3455 2839 autem

1872 2883 2131 2944 tanquam
2155 2875 2341 2946 fulgur
2369 2876 2667 2947 desupere
2728 2877 2930 2931 melote
2982 2875 3272 2947 Symeonis
3315 2874 3457 2930 emi-

1870 2966 2006 3031 cuit,
2047 2967 2136 3021 cui
2168 2967 2389 3023 additus
2422 2983 2593 3023 sonus
2617 2967 2918 3037 auditaque
2952 2974 3078 3036 post
3104 2975 3319 3036 tergum
3349 2980 3457 3020 vox

1870 3067 1972 3124 est,
2010 3074 2132 3129 quae
2169 3059 2390 3114 dicebat
2414 3077 2428 3113 :
2457 3061 2579 3125 Exi,
2608 3058 2983 3130 impurissime
3009 3059 3258 3128 Spiritus,
3286 3057 3447 3128 fuga-

1870 3158 1961 3204 tus
1985 3166 2012 3203 a
2048 3149 2269 3205 Christo
2292 3166 2391 3220 per
2415 3151 2649 3222 gratiam
2706 3150 3016 3221 Symeonis.
3049 3150 3129 3203 Ita
3172 3164 3309 3219 puer
3333 3148 3442 3203 du-

1869 3241 2030 3310 plicis
2060 3241 2188 3295 mali
2214 3242 2564 3296 curationem
2603 3240 2838 3310 accepit,
2875 3255 2985 3294 non
3020 3248 3234 3294 tantum
3286 3255 3457 3294 vexa-

189 3312 296 3380 ίέῑτο
320 3327 615 3397 μάστιγος,
656 3327 717 3379 οὐ
747 3328 847 3395 τῆς
873 3325 968 3379 τοῦ
1007 3326 1264 3395 δαίμονος
1300 3325 1463 3394 μόνον
1498 3322 1762 3392 ἐπηρείας

1875 3334 2021 3389 tione
2079 3333 2344 3388 daemonis
2400 3333 2692 3398 liberatus,
2755 3332 2850 3387 sed
2900 3332 3047 3386 clara
3099 3330 3266 3386 etiam
3325 3345 3460 3385 voce

190 3416 631 3487 ἀπηλλαγμένος,
668 3416 808 3471 ἀλλὰ
845 3416 940 3471 καὶ
983 3417 1213 3486 λαμπρᾷ
1251 3412 1469 3486 γλώττῃ
1508 3412 1644 3465 Θεὸν
1675 3412 1769 3465 καὶ

187 3508 267 3561 τὸν
298 3510 467 3564 αὐτοῦ
513 3508 823 3581 θεράποντα
875 3507 1226 3579 μεγαλύνων.
1261 3506 1419 3560 Μετὰ
1483 3506 1540 3559 δὲ
1596 3506 1770 3560 ταῦτα

190 3598 432 3667 πρόσεισί
464 3617 551 3663 τις
584 3599 726 3670 ἀνὴρ
754 3599 905 3670 αὐτῷ
952 3600 1054 3668 τῆς
1083 3596 1476 3652 Καππαδοκῶν
1502 3596 1766 3668 ὡρμημέ-

188 3711 266 3758 νος
294 3696 514 3766 δαίμονι
544 3695 732 3759 δεινῶς
783 3696 1133 3765 ἐταζόμενος,
1178 3690 1429 3761 Ἐλέησόν
1477 3707 1566 3760 με,
1615 3689 1769 3744 δοῦλε

190 3786 271 3840 τοῦ
299 3788 461 3855 Θεοῦ,
486 3785 834 3858 κράξων,ὑπὺ
855 3786 1104 3856 δαίμονος
1133 3782 1535 3847 θανατούμενον
1562 3799 1576 3812 ·
1604 3781 1770 3834 τοῦτο

189 3873 240 3928 δὲ
276 3878 367 3932 καὶ
397 3879 484 3941 είς
532 3876 731 3946 τρίτην
762 3877 889 3946 ἑξῆς
912 3876 1129 3946 ἡμέραν
1171 3876 1406 3946 ἐπέμενε
1449 3871 1611 3942 δρῶν.
1656 3873 1766 3924 [Ια-

191 3965 433 4036 ρακύψας
483 3964 664 4018 τοίνυν
693 3967 722 4019 ὁ
755 3966 900 4036 ἱερὸς
963 3953 1215 4035 Συμεὼν,
1242 3964 1321 4035 τῷ
1361 3981 1423 4017 τε
1489 3962 1767 4031 πνεύματι

189 4053 260 4125 τῷ
289 4057 592 4128 ἀκαθάρτῳ
648 4057 1009 4129 ἐπιτιμήσας,
1036 4052 1157 4111 εἶτα
1218 4057 1314 4111 καὶ
1370 4055 1679 4127 κράσπεδον
1716 4071 1770 4106 τι

190 4146 274 4199 ⁶τοῦ
310 4148 517 4202 οἰκείου
546 4149 753 4202 σάκκου
784 4148 1156 4220 φυλακτήριον
1175 4145 1256 4217 τῷ
1286 4146 1441 4218 ἀνδρὶ
1488 4143 1764 4207 δεδωκὼς,

192 4236 308 4311 ὑγιῆ
363 4239 559 4294 τοῦτον
607 4238 793 4292 οἴκαδε
832 4236 1083 4293 ἀπολύει.
1130 4232 1188 4292 ’0
1217 4237 1275 4291 δὲ
1326 4231 1407 4299 οἷς
1447 4236 1512 4291 ἂν
1543 4234 1761 4307 ἐντύχοι

191 4332 342 4385 πάλιν
376 4331 582 4404 ὁμοίως
612 4331 882 4399 πάσχουσι
912 4327 1269 4401 (πεπαίδευτο
1303 4328 1415 4399 γάρ
1456 4325 1518 4380 τὸ
1550 4342 1770 4397 συμπαο

193 4423 276 4487 θὲς
338 4426 398 4492 ἐξ
423 4418 503 4480 ὧν
536 4422 848 4492 πέπονθεν),
876 4421 1112 4491 ἑτοίμως
1152 4420 1215 4473 τὸ
1251 4418 1407 4472 δοθὲν
1437 4418 1714 4488 μετεδίδου
1750 4435 1764 4448 ο

193 4517 236 4570 οἶ
267 4517 564 4591 θεραπείας
593 4517 687 4570 καί
724 4515 879 4569 αὐτοὶ
902 4516 1288 4583 τυγχάνοντες,
1306 4512 1384 4581 τῷ
1408 4511 1575 4584 κοινῷ
1604 4527 1770 4580 προτ-

193 4608 350 4679 ῄεσαν
375 4610 645 4683 εὐεργέτῃ
679 4608 820 4680 Θεῷ,
844 4595 951 4661 καῖ
968 4605 1115 4677 αὐτῷ
1131 4606 1229 4669 τὰς
1254 4603 1606 4675 εὐχαριστίας
1631 4604 1766 4654 ἀποα

193 4698 437 4764 διδόντες.

257 4791 351 4862 νβ’.
385 4788 626 4845 Νεανίαν
675 4789 796 4843 τινὰ
848 4788 1058 4860 δαίμων
1108 4784 1363 4840 τοσοῦτον
1406 4783 1664 4855 ἠνώχλει,
1691 4780 1766 4846 ὡς

198 4879 397 4948 ῥίπτειν
468 4881 660 4934 ἐαυτὸν
724 4880 868 4935 κατὰ
918 4880 1063 4949 -γῆς,
1126 4878 1219 4932 καὶ
1294 4877 1415 4929 λίαν
1441 4874 1769 4945 ἀσχημόνως

199 4973 547 5044 σπαράττειν,
579 4971 678 5044 ήδη
713 4972 769 5024 δὲ
813 4973 910 5024 καὶ
937 4971 1036 5040 τῆς
1063 4967 1272 5031 οἰκείας
1304 4965 1554 5035 γλώττης
1602 4965 1769 5018 ἐλεει-

199 5063 299 5127 νῶς
357 5056 766 5135 παρατρώγειν.
803 5062 1008 5116 Τοῦτον
1056 5059 1354 5131 τοιγαροῦν
1381 5059 1459 5129 τῷ
1489 5058 1620 5129 θείῳ
1664 5058 1769 5112 Συ-

204 5155 339 5222 μεὼν
361 5154 749 5227 προσελθόντα,
779 5156 876 5208 καὶ
901 5153 1120 5224 θερμῶς
1140 5150 1307 5204 αὑτοῦ
1337 5149 1767 5219 καταδεηθέντα,

1872 3424 2045 3477 Deum
2076 3423 2283 3493 pariter
2303 3439 2367 3479 ac
2394 3423 2661 3478 famulum
2687 3423 2808 3493 ejus
2836 3423 3218 3494 magniﬁcans.
3251 3421 3462 3476 Deinde

1870 3515 2088 3571 accedit
2118 3517 2204 3570 vir
2257 3515 2485 3586 quidam
2509 3531 2539 3570 e
2567 3515 2915 3585 Cappadocia
2971 3514 3267 3581 oriundus,
3302 3513 3397 3582 qui
3429 3529 3460 3568 a

1869 3607 2079 3663 diliicili
2130 3606 2379 3660 daemone
2432 3604 2676 3675 graviter
2731 3604 3119 3676 torquebatur,
3176 3605 3456 3660 clamans:

1869 3697 2129 3751 Miserere
2156 3695 2287 3759 mei,
2310 3709 2469 3749 serve
2508 3693 2629 3758 Dei,
2660 3694 2788 3762 quia
2811 3710 2841 3747 a
2877 3693 3125 3747 daemone
3175 3693 3455 3762 perimor:

1869 3788 2035 3858 idque
2067 3786 2244 3840 tribus
2276 3785 2474 3839 diebus
2499 3784 2783 3840 continuis
2846 3783 3103 3837 factitare
3139 3798 3459 3852 persevera—

1868 3878 1981 3932 bat.
2005 3876 2252 3944 Cumque
2293 3874 2513 3928 tandem
2565 3872 2947 3943 prospexisset
2994 3881 3221 3926 sanctus
3274 3871 3458 3941 impii-

1870 3983 2103 4036 rumque
2134 3964 2390 4034 spiritum
2438 3963 2830 4032 increpuisset,
2868 3960 3069 4015 deinde
3125 3968 3180 4014 et
3212 3961 3453 4030 particu-

1868 4061 1975 4115 lam
2013 4058 2156 4114 sacci
2184 4057 2268 4112 sui
2296 4072 2397 4126 pro
2442 4055 2684 4110 amuleto
2716 4054 2962 4109 dedisset
3016 4052 3251 4117 homini,
3302 4052 3459 4107 inco-

1870 4133 2231 4207 lumeinillum
2249 4148 2473 4202 domum
2491 4146 2718 4201 dimisit.
2749 4145 2797 4200 Is
2820 4154 3003 4200 autem
3018 4144 3074 4198 in
3092 4158 3455 4213 quoscunque

1870 4243 2157 4299 incidisset
2183 4242 2350 4297 simili
2384 4240 2530 4296 malo
2556 4240 2875 4295 laborantes
2901 4237 3031 4307 (jam
3055 4236 3202 4290 enim
3225 4250 3294 4289 ex
3315 4234 3459 4287 malo

1869 4352 1970 4393 suo
2022 4336 2257 4391 aliorum
2289 4333 2542 4389 misereri
2569 4330 2894 4400 didicerat),
2923 4329 3108 4384 datam
3140 4327 3245 4383 sibi
3293 4325 3464 4397 parti-

1868 4429 2048 4484 culam
2086 4442 2212 4482 eum
2267 4425 2377 4480 illis
2432 4431 2696 4495 prompte
2750 4422 3239 4478 communicabat:
3288 4420 3466 4490 quiet

1868 4518 1971 4587 ipsi
1999 4514 2253 4571 sanitatis
2286 4513 2588 4583 participes
2612 4512 2765 4578 facti,
2793 4511 2863 4567 ad
2895 4527 3249 4568 communem
3294 4509 3467 4564 bene-

1870 4606 2133 4662 factorem
2165 4605 2359 4670 Deum,
2385 4605 2590 4675 gratias
2610 4603 2814 4675 acturi,
2851 4619 2912 4658 se
2958 4602 3337 4659 conferebant.

1937 4785 2025 4841 52.
2049 4786 2318 4842 Juvenem
2364 4782 2663 4853 quemdam
2702 4780 3048 4835 horrendum
3074 4778 3213 4833 adeo
3260 4777 3317 4831 in
3346 4792 3468 4830 mo-

1867 4875 1999 4931 dum
2040 4874 2341 4930 infestabat
2400 4872 2639 4933 daemon,
2692 4878 2755 4924 ut
2802 4869 2959 4923 humi
3018 4884 3078 4924 se
3149 4866 3466 4938 projiceret,

1871 4968 2109 5039 turpiter
2136 4965 2417 5035 unguibus
2443 4962 2744 5026 laceraret,
2772 4960 3023 5030 linguam
3090 4958 3257 5012 etiam
3308 4974 3465 5013 suam

1877 5055 2268 5113 miserabiliter
2315 5060 2556 5107 voraret.
2610 5050 2845 5105 Isthunc
2903 5049 3186 5104 infelicem
3247 5046 3470 5103 divinus

1879 5149 2118 5223 Symeon
2149 5145 2218 5201 ad
2248 5160 2306 5200 se
2340 5158 2717 5215 progressum,
2736 5142 3129 5211 ferventerqne
3155 5139 3470 5211 deprecan-

203 5247 508 5319 ἐπιτιμήσει
561 5248 705 5301 κατὰ
751 5246 847 5298 τοῦ
901 5244 1139 5315 πονηροῦ
1193 5241 1545 5313 πνεύματος,
1594 5241 1767 5295 τοῦτοι

1881 5251 2014 5303 tem,
2038 5238 2304 5308 castigato
2332 5235 2522 5292 verbis
2551 5236 2695 5290 malo
2718 5233 2941 5305 spiritu,
2992 5233 3217 5296 liberat,
3250 5240 3307 5286 et
3333 5247 3471 5287 con-

205 5336 526 5392 ἀπαλλάττει
548 5337 643 5390 τοῦ
671 5334 1040 5405 ἐνοχλοῦντος,
1062 5335 1158 5387 καὶ
1174 5334 1344 5402 ὑγιῶς
1369 5333 1567 5387 αὐτίκα
1583 5332 1766 5386 δείκνυ

1881 5333 2065 5388 festim
2090 5328 2390 5386 bellissime
2416 5328 2714 5385 habentem
2758 5327 3005 5383 exhibet.
3061 5324 3473 5381 Antiochenum

210 5443 287 5481 σιν
315 5430 523 5501 ἔχοντα.
542 5429 822 5500 Ἀντιοχέα
848 5428 973 5481 τινὰ
996 5430 1217 5497 κατεῖχε
1244 5427 1375 5497 περὶ
1398 5426 1490 5478 τὸν
1519 5427 1767 5499 στόμαχοι

1886 5421 2181 5493 quemdam
2223 5418 2494 5474 stomachi
2548 5417 2707 5473 dolor
2752 5415 3053 5482 invaserat,
3102 5422 3215 5468 tam
3277 5413 3474 5469 acerbe

211 5522 367 5586 ῖὰθος
388 5564 401 5587 ,
432 5523 575 5577 οὓτω
598 5521 795 5583 δεινῶς
812 5519 978 5574 αὑτοῦ
1007 5520 1243 5590 στρέφον
1268 5519 1336 5573 τὰ
1365 5519 1514 5573 ἔνδον
1536 5561 1550 5585 ,
1580 5519 1657 5583 ὡς
1696 5535 1767 5572 κα

1889 5514 2154 5568 intestina
2176 5526 2434 5577 versans,
2467 5518 2531 5566 ut
2562 5518 2724 5565 terrae
2752 5509 2955 5579 saepius
2979 5507 3308 5573 allideretur
3348 5512 3472 5559 tan-

208 5613 278 5679 τεῖι
323 5615 503 5685 ἐδάφει
554 5613 956 5689 προσεῤῥῐφθαι
1004 5613 1296 5679 πολλάκις,
1325 5610 1414 5666 οἶά
1438 5630 1543 5665 τινι
1573 5612 1765 5682 δαίμον

1883 5623 2051 5680 quam
2076 5621 2108 5660 a
2138 5606 2385 5661 daemone
2411 5612 2739 5680 prostratus.
2759 5601 2812 5657 Is
2839 5601 3028 5671 itaque
3058 5606 3311 5654 sanetum
3335 5597 3472 5663 adit,

212 5709 700 5781 καταϐεϐλημέναι.
739 5705 907 5772 θῦτος
958 5708 1246 5785 τοιγαροῦν
1297 5708 1660 5777 προσέρχεται
1713 5705 1767 5775 τᾷ

1882 5699 2141 5771 lacrymis
2167 5704 2375 5754 testans
2396 5696 2580 5751 cordis
2609 5708 2867 5765 angores,
2900 5691 3081 5762 iisque
3133 5687 3306 5744 levari
3344 5703 3474 5759 pre-

194 5800 363 5872 -ἁγίῳ,
380 5804 602 5881 δάκρυσι
625 5800 844 5874 μηνύων
868 5801 961 5873 τὴν
982 5801 1207 5872 καρδίας
1227 5801 1547 5873 ὀδύνην,καῖ
1570 5799 1660 5854 τοῦ
1688 5799 1762 5854 πά

1885 5792 2063 5849 cando
2087 5791 2459 5848 contendens:
2486 5775 2687 5859 quibus
2713 5795 2972 5844 exoratus
3025 5783 3285 5856 Symeon,
3322 5794 3479 5835 oram
