  <div class='ocr_page' id='page_1' title='image "/cluster/home/n/w/nwhite01/storage/ocr_20150623/86:pt.2/coo.31924054869890/645.png"; bbox 0 0 3898 6384; ppageno 0'>
   <div class='ocr_carea' id='block_1_1' title="bbox 413 373 557 435">
    <p class='ocr_par' dir='ltr' id='par_1_1' title="bbox 413 373 557 435">
     <span class='ocr_line' id='line_1_1' title="bbox 413 373 557 435; baseline -0.007 0"><span class='ocrx_word' id='word_1_1' title='bbox 413 373 557 435; x_wconf 63' lang='grc' dir='ltr'><strong>3)ἓὸ</strong></span> 
     </span>
    </p>
   </div>
   <div class='ocr_carea' id='block_1_2' title="bbox 1641 380 2536 448">
    <p class='ocr_par' dir='ltr' id='par_1_2' title="bbox 1641 380 2536 448">
     <span class='ocr_line' id='line_1_2' title="bbox 1641 380 2536 448; baseline 0.006 -6"><span class='ocrx_word' id='word_1_2' title='bbox 1641 382 1703 447; x_wconf 90' lang='lat' dir='ltr'><strong>S.</strong></span> <span class='ocrx_word' id='word_1_3' title='bbox 1747 380 2049 442; x_wconf 71' lang='lat' dir='ltr'><strong>SYMEON</strong></span> <span class='ocrx_word' id='word_1_4' title='bbox 2069 382 2137 441; x_wconf 72' lang='lat' dir='ltr'><strong>IS</strong></span> <span class='ocrx_word' id='word_1_5' title='bbox 2175 385 2536 448; x_wconf 76' lang='lat' dir='ltr'><strong>JUNIORIS</strong></span> 
     </span>
    </p>
   </div>
   <div class='ocr_carea' id='block_1_3' title="bbox 3554 391 3685 456">
    <p class='ocr_par' dir='ltr' id='par_1_3' title="bbox 3554 391 3685 456">
     <span class='ocr_line' id='line_1_3' title="bbox 3554 391 3685 456; baseline 0.023 -3"><span class='ocrx_word' id='word_1_6' title='bbox 3554 391 3685 456; x_wconf 73' lang='lat'><strong>3038</strong></span> 
     </span>
    </p>
   </div>
   <div class='ocr_carea' id='block_1_4' title="bbox 413 486 2018 568">
    <p class='ocr_par' dir='ltr' id='par_1_4' title="bbox 413 486 1993 560">
     <span class='ocr_line' id='line_1_4' title="bbox 413 486 1993 560; baseline 0.009 -26"><span class='ocrx_word' id='word_1_7' title='bbox 413 499 673 555; x_wconf 67' lang='lat' dir='ltr'><strong>pannosae</strong></span> <span class='ocrx_word' id='word_1_8' title='bbox 695 486 866 541; x_wconf 89' lang='lat' dir='ltr'><strong>vestis</strong></span> <span class='ocrx_word' id='word_1_9' title='bbox 896 501 1008 541; x_wconf 75' lang='lat' dir='ltr'><strong>sua:</strong></span> <span class='ocrx_word' id='word_1_10' title='bbox 1039 489 1306 558; x_wconf 80' lang='lat' dir='ltr'><strong>porrigit;</strong></span> <span class='ocrx_word' id='word_1_11' title='bbox 1350 505 1584 560; x_wconf 78' lang='lat' dir='ltr'><strong>moxque</strong></span> <span class='ocrx_word' id='word_1_12' title='bbox 1636 491 1993 550; x_wconf 80' lang='lat' dir='ltr'><strong>incolumitas</strong></span> 
     </span>
    </p>
   </div>
   <div class='ocr_carea' id='block_1_5' title="bbox 2125 486 3683 568">
    <p class='ocr_par' dir='ltr' id='par_1_5' title="bbox 2125 495 3683 568">
     <span class='ocr_line' id='line_1_5' title="bbox 2125 495 3683 568; baseline 0.008 -24"><span class='ocrx_word' id='word_1_13' title='bbox 2125 507 2225 556; x_wconf 51' lang='lat' dir='ltr'><strong>1ou;</strong></span> <span class='ocrx_word' id='word_1_14' title='bbox 2283 495 2671 567; x_wconf 79' lang='grc' dir='ltr'>ἀπαλλαγῆναι</span> <span class='ocrx_word' id='word_1_15' title='bbox 2728 496 3004 567; x_wconf 71' lang='grc' dir='ltr'>δεόμενος.</span> <span class='ocrx_word' id='word_1_16' title='bbox 3075 497 3134 552; x_wconf 85' lang='grc'><strong>’0</strong></span> <span class='ocrx_word' id='word_1_17' title='bbox 3163 497 3219 550; x_wconf 73' lang='grc' dir='ltr'>δὲ</span> <span class='ocrx_word' id='word_1_18' title='bbox 3255 496 3500 568; x_wconf 69' lang='grc' dir='ltr'>πρὸςτὰς</span> <span class='ocrx_word' id='word_1_19' title='bbox 3527 501 3683 556; x_wconf 74' lang='grc' dir='ltr'>αὑτοῦ</span> 
     </span>
    </p>
   </div>
   <div class='ocr_carea' id='block_1_6' title="bbox 412 575 1102 648">
    <p class='ocr_par' dir='ltr' id='par_1_6' title="bbox 412 575 1102 648">
     <span class='ocr_line' id='line_1_6' title="bbox 412 575 1102 648; baseline 0.006 -18"><span class='ocrx_word' id='word_1_20' title='bbox 412 575 693 632; x_wconf 77' lang='lat' dir='ltr'><strong>dolentem</strong></span> <span class='ocrx_word' id='word_1_21' title='bbox 722 579 1102 648; x_wconf 73' lang='lat' dir='ltr'><strong>consequitur.</strong></span> 
     </span>
    </p>
   </div>
   <div class='ocr_carea' id='block_1_7' title="bbox 487 849 2017 923">
    <p class='ocr_par' dir='ltr' id='par_1_7' title="bbox 487 849 2017 923">
     <span class='ocr_line' id='line_1_7' title="bbox 487 849 2017 923; baseline 0.002 -18"><span class='ocrx_word' id='word_1_22' title='bbox 487 851 575 905; x_wconf 81' lang='lat'><strong>5&#39;5.</strong></span> <span class='ocrx_word' id='word_1_23' title='bbox 619 850 792 904; x_wconf 85' lang='lat' dir='ltr'><strong>llomo</strong></span> <span class='ocrx_word' id='word_1_24' title='bbox 811 849 1058 920; x_wconf 87' lang='lat' dir='ltr'><strong>quidam,</strong></span> <span class='ocrx_word' id='word_1_25' title='bbox 1104 852 1264 923; x_wconf 87' lang='lat' dir='ltr'><strong>cujus</strong></span> <span class='ocrx_word' id='word_1_26' title='bbox 1290 852 1431 905; x_wconf 89' lang='lat' dir='ltr'><strong>forte</strong></span> <span class='ocrx_word' id='word_1_27' title='bbox 1457 853 1769 906; x_wconf 75' lang='lat' dir='ltr'><strong>exstinctus</strong></span> <span class='ocrx_word' id='word_1_28' title='bbox 1795 863 1914 908; x_wconf 85' lang='lat' dir='ltr'><strong>crat</strong></span> <span class='ocrx_word' id='word_1_29' title='bbox 1942 855 2017 908; x_wconf 52' lang='lat' dir='ltr'><strong>li»</strong></span> 
     </span>
    </p>
   </div>
   <div class='ocr_carea' id='block_1_8' title="bbox 413 938 2005 1012">
    <p class='ocr_par' dir='ltr' id='par_1_8' title="bbox 413 938 2005 1012">
     <span class='ocr_line' id='line_1_8' title="bbox 413 938 2005 1012; baseline 0.006 -17"><span class='ocrx_word' id='word_1_30' title='bbox 413 941 544 999; x_wconf 83' lang='lat' dir='ltr'><strong>lius.</strong></span> <span class='ocrx_word' id='word_1_31' title='bbox 578 938 808 994; x_wconf 78' lang='lat' dir='ltr'><strong>ﬁrmiter</strong></span> <span class='ocrx_word' id='word_1_32' title='bbox 831 940 934 995; x_wconf 83' lang='lat' dir='ltr'><strong>sibi</strong></span> <span class='ocrx_word' id='word_1_33' title='bbox 951 943 1312 1011; x_wconf 83' lang='lat' dir='ltr'><strong>persuadens,</strong></span> <span class='ocrx_word' id='word_1_34' title='bbox 1335 942 1472 996; x_wconf 89' lang='lat' dir='ltr'><strong>nihil</strong></span> <span class='ocrx_word' id='word_1_35' title='bbox 1499 959 1596 1012; x_wconf 92' lang='lat' dir='ltr'><strong>per</strong></span> <span class='ocrx_word' id='word_1_36' title='bbox 1620 952 1870 998; x_wconf 87' lang='lat' dir='ltr'><strong>sanctum</strong></span> <span class='ocrx_word' id='word_1_37' title='bbox 1893 961 2005 1004; x_wconf 83' lang='lat' dir='ltr'><strong>non</strong></span> 
     </span>
    </p>
   </div>
   <div class='ocr_carea' id='block_1_9' title="bbox 415 1033 2004 1107">
    <p class='ocr_par' dir='ltr' id='par_1_9' title="bbox 415 1033 2004 1107">
     <span class='ocr_line' id='line_1_9' title="bbox 415 1033 2004 1107; baseline 0.005 -23"><span class='ocrx_word' id='word_1_38' title='bbox 415 1033 850 1102; x_wconf 88' lang='lat' dir='ltr'><strong>impetrandum,</strong></span> <span class='ocrx_word' id='word_1_39' title='bbox 877 1034 1024 1104; x_wconf 87' lang='lat' dir='ltr'><strong>quod</strong></span> <span class='ocrx_word' id='word_1_40' title='bbox 1057 1050 1086 1088; x_wconf 91' lang='lat' dir='ltr'><strong>a</strong></span> <span class='ocrx_word' id='word_1_41' title='bbox 1109 1035 1223 1089; x_wconf 85' lang='lat' dir='ltr'><strong>Deo</strong></span> <span class='ocrx_word' id='word_1_42' title='bbox 1254 1036 1590 1105; x_wconf 87' lang='lat' dir='ltr'><strong>postulasset</strong></span> <span class='ocrx_word' id='word_1_43' title='bbox 1610 1037 1896 1107; x_wconf 88' lang='lat' dir='ltr'><strong>(quoniam</strong></span> <span class='ocrx_word' id='word_1_44' title='bbox 1929 1038 2004 1092; x_wconf 90' lang='lat' dir='ltr'><strong>ita</strong></span> 
     </span>
    </p>
   </div>
   <div class='ocr_carea' id='block_1_10' title="bbox 413 1127 2004 1199">
    <p class='ocr_par' dir='ltr' id='par_1_10' title="bbox 413 1127 2004 1199">
     <span class='ocr_line' id='line_1_10' title="bbox 413 1127 2004 1199; baseline 0.003 -21"><span class='ocrx_word' id='word_1_45' title='bbox 413 1133 615 1178; x_wconf 89' lang='lat' dir='ltr'><strong>natura</strong></span> <span class='ocrx_word' id='word_1_46' title='bbox 653 1135 1033 1195; x_wconf 82' lang='lat' dir='ltr'><strong>comparatum</strong></span> <span class='ocrx_word' id='word_1_47' title='bbox 1057 1137 1162 1190; x_wconf 84' lang='lat' dir='ltr'><strong>est,</strong></span> <span class='ocrx_word' id='word_1_48' title='bbox 1201 1138 1261 1181; x_wconf 90' lang='lat' dir='ltr'><strong>ut</strong></span> <span class='ocrx_word' id='word_1_49' title='bbox 1291 1127 1437 1196; x_wconf 90' lang='lat' dir='ltr'><strong>quod</strong></span> <span class='ocrx_word' id='word_1_50' title='bbox 1465 1129 1728 1183; x_wconf 90' lang='lat' dir='ltr'><strong>ardenter</strong></span> <span class='ocrx_word' id='word_1_51' title='bbox 1759 1129 1884 1199; x_wconf 89' lang='lat' dir='ltr'><strong>quis</strong></span> <span class='ocrx_word' id='word_1_52' title='bbox 1907 1145 2004 1184; x_wconf 82' lang='lat' dir='ltr'><strong>cx-</strong></span> 
     </span>
    </p>
   </div>
   <div class='ocr_carea' id='block_1_11' title="bbox 413 1217 2000 1288">
    <p class='ocr_par' dir='ltr' id='par_1_11' title="bbox 413 1217 2000 1288">
     <span class='ocr_line' id='line_1_11' title="bbox 413 1217 2000 1288; baseline 0.005 -21"><span class='ocrx_word' id='word_1_53' title='bbox 413 1217 571 1286; x_wconf 85' lang='lat' dir='ltr'><strong>petit,</strong></span> <span class='ocrx_word' id='word_1_54' title='bbox 605 1217 658 1270; x_wconf 91' lang='lat' dir='ltr'><strong>id</strong></span> <span class='ocrx_word' id='word_1_55' title='bbox 684 1219 978 1288; x_wconf 83' lang='lat' dir='ltr'><strong>impetratu</strong></span> <span class='ocrx_word' id='word_1_56' title='bbox 1007 1218 1169 1274; x_wconf 81' lang='lat' dir='ltr'><strong>facile</strong></span> <span class='ocrx_word' id='word_1_57' title='bbox 1192 1219 1428 1286; x_wconf 84' lang='lat' dir='ltr'><strong>credat),</strong></span> <span class='ocrx_word' id='word_1_58' title='bbox 1465 1219 1619 1274; x_wconf 82' lang='lat' dir='ltr'><strong>illico</strong></span> <span class='ocrx_word' id='word_1_59' title='bbox 1645 1221 1712 1274; x_wconf 90' lang='lat' dir='ltr'><strong>ad</strong></span> <span class='ocrx_word' id='word_1_60' title='bbox 1748 1221 2000 1275; x_wconf 79' lang='lat' dir='ltr'><strong>divinum</strong></span> 
     </span>
    </p>
   </div>
   <div class='ocr_carea' id='block_1_12' title="bbox 416 1306 2004 1383">
    <p class='ocr_par' dir='ltr' id='par_1_12' title="bbox 416 1306 2004 1383">
     <span class='ocr_line' id='line_1_12' title="bbox 416 1306 2004 1383; baseline 0.004 -22"><span class='ocrx_word' id='word_1_61' title='bbox 416 1306 746 1378; x_wconf 82' lang='lat' dir='ltr'><strong>Symeoncm</strong></span> <span class='ocrx_word' id='word_1_62' title='bbox 810 1311 1090 1373; x_wconf 87' lang='lat' dir='ltr'><strong>accurrit,</strong></span> <span class='ocrx_word' id='word_1_63' title='bbox 1145 1310 1400 1366; x_wconf 77' lang='lat' dir='ltr'><strong>dolenter</strong></span> <span class='ocrx_word' id='word_1_64' title='bbox 1461 1312 1706 1382; x_wconf 83' lang='lat' dir='ltr'><strong>plorans,</strong></span> <span class='ocrx_word' id='word_1_65' title='bbox 1753 1314 2004 1383; x_wconf 84' lang='lat' dir='ltr'><strong>cjulans,</strong></span> 
     </span>
    </p>
   </div>
   <div class='ocr_carea' id='block_1_13' title="bbox 415 1401 2004 1476">
    <p class='ocr_par' dir='ltr' id='par_1_13' title="bbox 415 1401 2004 1476">
     <span class='ocr_line' id='line_1_13' title="bbox 415 1401 2004 1476; baseline 0.006 -23"><span class='ocrx_word' id='word_1_66' title='bbox 415 1401 702 1470; x_wconf 76' lang='lat' dir='ltr'><strong>plangens.</strong></span> <span class='ocrx_word' id='word_1_67' title='bbox 735 1403 1031 1472; x_wconf 68' lang='lat' dir='ltr'><strong>multisque</strong></span> <span class='ocrx_word' id='word_1_68' title='bbox 1055 1405 1178 1458; x_wconf 85' lang='lat' dir='ltr'><strong>aliis</strong></span> <span class='ocrx_word' id='word_1_69' title='bbox 1199 1406 1376 1459; x_wconf 80' lang='lat' dir='ltr'><strong>modis</strong></span> <span class='ocrx_word' id='word_1_70' title='bbox 1400 1415 1564 1476; x_wconf 90' lang='lat' dir='ltr'><strong>atque</strong></span> <span class='ocrx_word' id='word_1_71' title='bbox 1595 1406 1756 1462; x_wconf 88' lang='lat' dir='ltr'><strong>factis</strong></span> <span class='ocrx_word' id='word_1_72' title='bbox 1808 1418 2004 1463; x_wconf 62' lang='lat' dir='ltr'><strong>aestum</strong></span> 
     </span>
    </p>
   </div>
   <div class='ocr_carea' id='block_1_14' title="bbox 415 1491 2005 1565">
    <p class='ocr_par' dir='ltr' id='par_1_14' title="bbox 415 1491 2005 1565">
     <span class='ocr_line' id='line_1_14' title="bbox 415 1491 2005 1565; baseline 0.004 -21"><span class='ocrx_word' id='word_1_73' title='bbox 415 1491 604 1546; x_wconf 81' lang='lat' dir='ltr'><strong>cordis</strong></span> <span class='ocrx_word' id='word_1_74' title='bbox 630 1492 716 1546; x_wconf 80' lang='lat' dir='ltr'><strong>sui</strong></span> <span class='ocrx_word' id='word_1_75' title='bbox 759 1494 1110 1561; x_wconf 78' lang='lat' dir='ltr'><strong>exprimens;</strong></span> <span class='ocrx_word' id='word_1_76' title='bbox 1161 1495 1510 1565; x_wconf 85' lang='lat' dir='ltr'><strong>clamatque:</strong></span> <span class='ocrx_word' id='word_1_77' title='bbox 1571 1495 1830 1550; x_wconf 74' lang='lat' dir='ltr'><strong>Miserere</strong></span> <span class='ocrx_word' id='word_1_78' title='bbox 1874 1497 2005 1563; x_wconf 92' lang='lat' dir='ltr'><strong>mei,</strong></span> 
     </span>
    </p>
   </div>
   <div class='ocr_carea' id='block_1_15' title="bbox 418 1585 2010 1660">
    <p class='ocr_par' dir='ltr' id='par_1_15' title="bbox 418 1585 2010 1660">
     <span class='ocr_line' id='line_1_15' title="bbox 418 1585 2010 1660; baseline 0.004 -22"><span class='ocrx_word' id='word_1_79' title='bbox 418 1600 579 1640; x_wconf 81' lang='lat' dir='ltr'><strong>serve</strong></span> <span class='ocrx_word' id='word_1_80' title='bbox 609 1586 728 1650; x_wconf 90' lang='lat' dir='ltr'><strong>Dei,</strong></span> <span class='ocrx_word' id='word_1_81' title='bbox 761 1585 1031 1641; x_wconf 76' lang='lat' dir='ltr'><strong>miserere</strong></span> <span class='ocrx_word' id='word_1_82' title='bbox 1063 1586 1159 1640; x_wconf 80' lang='lat' dir='ltr'><strong>lilii</strong></span> <span class='ocrx_word' id='word_1_83' title='bbox 1213 1589 1340 1653; x_wconf 87' lang='lat' dir='ltr'><strong>mei,</strong></span> <span class='ocrx_word' id='word_1_84' title='bbox 1399 1589 1534 1642; x_wconf 88' lang='lat' dir='ltr'><strong>mihi</strong></span> <span class='ocrx_word' id='word_1_85' title='bbox 1594 1604 1775 1660; x_wconf 84' lang='lat' dir='ltr'><strong>nuper</strong></span> <span class='ocrx_word' id='word_1_86' title='bbox 1830 1599 2010 1646; x_wconf 89' lang='lat' dir='ltr'><strong>morte</strong></span> 
     </span>
    </p>
   </div>
   <div class='ocr_carea' id='block_1_16' title="bbox 419 1679 2012 1749">
    <p class='ocr_par' dir='ltr' id='par_1_16' title="bbox 419 1679 2012 1749">
     <span class='ocr_line' id='line_1_16' title="bbox 419 1679 2012 1749; baseline 0.005 -17"><span class='ocrx_word' id='word_1_87' title='bbox 419 1679 827 1749; x_wconf 89' lang='lat' dir='ltr'><strong>crepti;qucm</strong></span> <span class='ocrx_word' id='word_1_88' title='bbox 880 1679 1167 1747; x_wconf 85' lang='lat' dir='ltr'><strong>nondum,</strong></span> <span class='ocrx_word' id='word_1_89' title='bbox 1240 1681 1320 1735; x_wconf 91' lang='lat' dir='ltr'><strong>uti</strong></span> <span class='ocrx_word' id='word_1_90' title='bbox 1373 1682 1684 1737; x_wconf 88' lang='lat' dir='ltr'><strong>communis</strong></span> <span class='ocrx_word' id='word_1_91' title='bbox 1730 1681 2012 1740; x_wconf 77' lang='lat' dir='ltr'><strong>defunctis</strong></span> 
     </span>
    </p>
   </div>
   <div class='ocr_carea' id='block_1_17' title="bbox 419 1771 2012 1845">
    <p class='ocr_par' dir='ltr' id='par_1_17' title="bbox 419 1771 2012 1845">
     <span class='ocr_line' id='line_1_17' title="bbox 419 1771 2012 1845; baseline 0.003 -21"><span class='ocrx_word' id='word_1_92' title='bbox 419 1772 504 1825; x_wconf 89' lang='lat' dir='ltr'><strong>lex</strong></span> <span class='ocrx_word' id='word_1_93' title='bbox 532 1771 721 1841; x_wconf 77' lang='lat' dir='ltr'><strong>exigit,</strong></span> <span class='ocrx_word' id='word_1_94' title='bbox 753 1771 806 1825; x_wconf 93' lang='lat' dir='ltr'><strong>in</strong></span> <span class='ocrx_word' id='word_1_95' title='bbox 831 1773 1148 1842; x_wconf 82' lang='lat' dir='ltr'><strong>sepulcrum</strong></span> <span class='ocrx_word' id='word_1_96' title='bbox 1203 1773 1399 1840; x_wconf 90' lang='lat' dir='ltr'><strong>intuli,</strong></span> <span class='ocrx_word' id='word_1_97' title='bbox 1441 1790 1545 1829; x_wconf 88' lang='lat' dir='ltr'><strong>nec</strong></span> <span class='ocrx_word' id='word_1_98' title='bbox 1569 1774 1870 1845; x_wconf 85' lang='lat' dir='ltr'><strong>quidquam</strong></span> <span class='ocrx_word' id='word_1_99' title='bbox 1898 1785 2012 1830; x_wconf 83' lang='lat' dir='ltr'><strong>ter-</strong></span> 
     </span>
    </p>
   </div>
   <div class='ocr_carea' id='block_1_18' title="bbox 2105 584 3689 663">
    <p class='ocr_par' dir='ltr' id='par_1_18' title="bbox 2105 584 3689 663">
     <span class='ocr_line' id='line_1_18' title="bbox 2105 584 3689 663; baseline 0.006 -27"><span class='ocrx_word' id='word_1_100' title='bbox 2105 584 2322 654; x_wconf 73' lang='grc' dir='ltr'>δεήσεις</span> <span class='ocrx_word' id='word_1_101' title='bbox 2349 588 3047 660; x_wconf 71' lang='grc' dir='ltr'>ὲπικλασθεὶς,κράσπεδόν</span> <span class='ocrx_word' id='word_1_102' title='bbox 3112 607 3164 640; x_wconf 82' lang='grc' dir='ltr'><strong>τι</strong></span> <span class='ocrx_word' id='word_1_103' title='bbox 3211 589 3304 641; x_wconf 78' lang='grc' dir='ltr'><strong>τοῦ</strong></span> <span class='ocrx_word' id='word_1_104' title='bbox 3345 591 3543 642; x_wconf 76' lang='grc' dir='ltr'>οἰκείου</span> <span class='ocrx_word' id='word_1_105' title='bbox 3598 592 3689 663; x_wconf 80' lang='grc' dir='ltr'><strong>ρά-</strong></span> 
     </span>
    </p>
   </div>
   <div class='ocr_carea' id='block_1_19' title="bbox 2108 678 3690 753">
    <p class='ocr_par' dir='ltr' id='par_1_19' title="bbox 2108 678 3690 753">
     <span class='ocr_line' id='line_1_19' title="bbox 2108 678 3690 753; baseline 0.003 -24"><span class='ocrx_word' id='word_1_106' title='bbox 2108 694 2241 741; x_wconf 84' lang='grc' dir='ltr'>κους</span> <span class='ocrx_word' id='word_1_107' title='bbox 2293 678 2500 750; x_wconf 79' lang='grc' dir='ltr'><strong>ὀρέγει,</strong></span> <span class='ocrx_word' id='word_1_108' title='bbox 2554 680 2649 734; x_wconf 79' lang='grc' dir='ltr'><strong>καὶ</strong></span> <span class='ocrx_word' id='word_1_109' title='bbox 2699 683 2860 736; x_wconf 80' lang='grc' dir='ltr'>τοῦτο</span> <span class='ocrx_word' id='word_1_110' title='bbox 2894 679 3162 749; x_wconf 86' lang='grc' dir='ltr'>θεραπεία</span> <span class='ocrx_word' id='word_1_111' title='bbox 3215 681 3552 750; x_wconf 71' lang='grc' dir='ltr'>παραχρῆμα</span> <span class='ocrx_word' id='word_1_112' title='bbox 3614 683 3690 753; x_wconf 83' lang='grc' dir='ltr'><strong>τῷ</strong></span> 
     </span>
    </p>
   </div>
   <div class='ocr_carea' id='block_1_20' title="bbox 2108 769 2630 839">
    <p class='ocr_par' dir='ltr' id='par_1_20' title="bbox 2108 769 2630 839">
     <span class='ocr_line' id='line_1_20' title="bbox 2108 769 2630 839; baseline 0.008 -17"><span class='ocrx_word' id='word_1_113' title='bbox 2108 769 2370 838; x_wconf 80' lang='grc' dir='ltr'>πάσχοντι</span> <span class='ocrx_word' id='word_1_114' title='bbox 2395 771 2630 839; x_wconf 84' lang='grc' dir='ltr'>γίνεται.</span> 
     </span>
    </p>
   </div>
   <div class='ocr_carea' id='block_1_21' title="bbox 2181 863 3692 936">
    <p class='ocr_par' dir='ltr' id='par_1_21' title="bbox 2181 863 3692 936">
     <span class='ocr_line' id='line_1_21' title="bbox 2181 863 3692 936; baseline 0.003 -21"><span class='ocrx_word' id='word_1_115' title='bbox 2181 869 2281 932; x_wconf 61' lang='grc' dir='ltr'><strong>κμγ’.</strong></span> <span class='ocrx_word' id='word_1_116' title='bbox 2327 864 2629 936; x_wconf 81' lang='grc' dir='ltr'>’Δνθρὼπῳ</span> <span class='ocrx_word' id='word_1_117' title='bbox 2656 867 2764 918; x_wconf 71' lang='grc' dir='ltr'>τινὶ</span> <span class='ocrx_word' id='word_1_118' title='bbox 2799 863 3002 935; x_wconf 84' lang='grc' dir='ltr'>συνέϐη</span> <span class='ocrx_word' id='word_1_119' title='bbox 3027 865 3116 918; x_wconf 73' lang='grc' dir='ltr'><strong>τὸν</strong></span> <span class='ocrx_word' id='word_1_120' title='bbox 3143 865 3258 917; x_wconf 77' lang='grc' dir='ltr'>υἱὸν</span> <span class='ocrx_word' id='word_1_121' title='bbox 3286 865 3627 935; x_wconf 72' lang='grc' dir='ltr'>τελευτῆσαι,</span> <span class='ocrx_word' id='word_1_122' title='bbox 3665 869 3692 920; x_wconf 83' lang='grc' dir='ltr'><strong>δ</strong></span> 
     </span>
    </p>
   </div>
   <div class='ocr_carea' id='block_1_22' title="bbox 2109 952 3692 1025">
    <p class='ocr_par' dir='ltr' id='par_1_22' title="bbox 2109 952 3692 1025">
     <span class='ocr_line' id='line_1_22' title="bbox 2109 952 3692 1025; baseline 0.002 -21"><span class='ocrx_word' id='word_1_123' title='bbox 2109 952 2166 1006; x_wconf 74' lang='grc' dir='ltr'>δὲ</span> <span class='ocrx_word' id='word_1_124' title='bbox 2205 953 2374 1023; x_wconf 79' lang='grc' dir='ltr'>μηδὲν</span> <span class='ocrx_word' id='word_1_125' title='bbox 2402 955 2687 1009; x_wconf 81' lang='grc' dir='ltr'>ἀδυνατεῖν</span> <span class='ocrx_word' id='word_1_126' title='bbox 2730 953 2810 1025; x_wconf 87' lang='grc' dir='ltr'><strong>τῷ</strong></span> <span class='ocrx_word' id='word_1_127' title='bbox 2868 955 3010 1023; x_wconf 76' lang='grc' dir='ltr'>ἁγίῳ</span> <span class='ocrx_word' id='word_1_128' title='bbox 3035 953 3308 1006; x_wconf 87' lang='grc' dir='ltr'>πιστεύων</span> <span class='ocrx_word' id='word_1_129' title='bbox 3334 954 3470 1018; x_wconf 81' lang='grc' dir='ltr'>ὅπερ</span> <span class='ocrx_word' id='word_1_130' title='bbox 3502 952 3566 1007; x_wconf 77' lang='grc' dir='ltr'><strong>ἂν</strong></span> <span class='ocrx_word' id='word_1_131' title='bbox 3601 953 3692 1008; x_wconf 84' lang='grc' dir='ltr'><strong>τοῦ</strong></span> 
     </span>
    </p>
   </div>
   <div class='ocr_carea' id='block_1_23' title="bbox 2109 1043 3696 1118">
    <p class='ocr_par' dir='ltr' id='par_1_23' title="bbox 2109 1043 3696 1118">
     <span class='ocr_line' id='line_1_23' title="bbox 2109 1043 3696 1118; baseline 0.002 -23"><span class='ocrx_word' id='word_1_132' title='bbox 2109 1043 2246 1096; x_wconf 70' lang='grc' dir='ltr'>θεοῦ</span> <span class='ocrx_word' id='word_1_133' title='bbox 2277 1044 2495 1117; x_wconf 76' lang='grc' dir='ltr'><strong>δεηθείη</strong></span> <span class='ocrx_word' id='word_1_134' title='bbox 2535 1047 2680 1118; x_wconf 73' lang='grc' dir='ltr'>(ἐπεὶ</span> <span class='ocrx_word' id='word_1_135' title='bbox 2705 1046 2799 1100; x_wconf 73' lang='grc' dir='ltr'>καὶ</span> <span class='ocrx_word' id='word_1_136' title='bbox 2834 1045 3046 1115; x_wconf 75' lang='grc' dir='ltr'>πέφυκε</span> <span class='ocrx_word' id='word_1_137' title='bbox 3081 1045 3261 1114; x_wconf 81' lang='grc' dir='ltr'>φύσει,</span> <span class='ocrx_word' id='word_1_138' title='bbox 3301 1046 3411 1098; x_wconf 78' lang='grc' dir='ltr'><strong>πᾶν</strong></span> <span class='ocrx_word' id='word_1_139' title='bbox 3437 1043 3464 1098; x_wconf 80' lang='grc' dir='ltr'><strong>ὃ</strong></span> <span class='ocrx_word' id='word_1_140' title='bbox 3498 1044 3696 1114; x_wconf 74' lang='grc' dir='ltr'>σφόδρα</span> 
     </span>
    </p>
   </div>
   <div class='ocr_carea' id='block_1_24' title="bbox 2111 1134 3692 1209">
    <p class='ocr_par' dir='ltr' id='par_1_24' title="bbox 2111 1134 3692 1209">
     <span class='ocr_line' id='line_1_24' title="bbox 2111 1134 3692 1209; baseline 0.001 -22"><span class='ocrx_word' id='word_1_141' title='bbox 2111 1134 2362 1205; x_wconf 85' lang='grc' dir='ltr'>βούλεταί</span> <span class='ocrx_word' id='word_1_142' title='bbox 2415 1154 2518 1202; x_wconf 88' lang='grc' dir='ltr'>τις,</span> <span class='ocrx_word' id='word_1_143' title='bbox 2580 1137 2740 1192; x_wconf 80' lang='grc' dir='ltr'>τοῦτο</span> <span class='ocrx_word' id='word_1_144' title='bbox 2772 1137 2868 1191; x_wconf 70' lang='grc' dir='ltr'><strong>καὶ</strong></span> <span class='ocrx_word' id='word_1_145' title='bbox 2914 1137 3116 1209; x_wconf 73' lang='grc' dir='ltr'>ῥᾳδίως</span> <span class='ocrx_word' id='word_1_146' title='bbox 3161 1135 3487 1206; x_wconf 74' lang='grc' dir='ltr'><strong>πιστεύειν),</strong></span> <span class='ocrx_word' id='word_1_147' title='bbox 3538 1135 3692 1202; x_wconf 75' lang='grc' dir='ltr'>εὐθὺς</span> 
     </span>
    </p>
   </div>
   <div class='ocr_carea' id='block_1_25' title="bbox 2111 1228 3694 1302">
    <p class='ocr_par' dir='ltr' id='par_1_25' title="bbox 2111 1228 3694 1302">
     <span class='ocr_line' id='line_1_25' title="bbox 2111 1228 3694 1302; baseline 0 -21"><span class='ocrx_word' id='word_1_148' title='bbox 2111 1231 2264 1300; x_wconf 73' lang='grc' dir='ltr'>παρὰ</span> <span class='ocrx_word' id='word_1_149' title='bbox 2286 1230 2376 1284; x_wconf 75' lang='grc' dir='ltr'><strong>τδν</strong></span> <span class='ocrx_word' id='word_1_150' title='bbox 2408 1230 2555 1284; x_wconf 82' lang='grc' dir='ltr'>θεῖον</span> <span class='ocrx_word' id='word_1_151' title='bbox 2598 1229 2821 1302; x_wconf 79' lang='grc' dir='ltr'>Συμεὼν</span> <span class='ocrx_word' id='word_1_152' title='bbox 2855 1231 3150 1302; x_wconf 82' lang='grc' dir='ltr'><strong>ἀποτρέχει</strong></span> <span class='ocrx_word' id='word_1_153' title='bbox 3171 1271 3186 1294; x_wconf 96' lang='grc'><strong>,</strong></span> <span class='ocrx_word' id='word_1_154' title='bbox 3223 1230 3426 1283; x_wconf 82' lang='grc' dir='ltr'>κλαίων</span> <span class='ocrx_word' id='word_1_155' title='bbox 3465 1228 3694 1300; x_wconf 79' lang='grc' dir='ltr'>πικρῶς,</span> 
     </span>
    </p>
   </div>
   <div class='ocr_carea' id='block_1_26' title="bbox 2111 1323 3697 1395">
    <p class='ocr_par' dir='ltr' id='par_1_26' title="bbox 2111 1323 3697 1395">
     <span class='ocr_line' id='line_1_26' title="bbox 2111 1323 3697 1395; baseline -0.001 -18"><span class='ocrx_word' id='word_1_156' title='bbox 2111 1323 2404 1388; x_wconf 76' lang='grc' dir='ltr'>ὀλολύζων.</span> <span class='ocrx_word' id='word_1_157' title='bbox 2442 1325 2802 1395; x_wconf 84' lang='grc' dir='ltr'>κοπτόμενος,</span> <span class='ocrx_word' id='word_1_158' title='bbox 2840 1325 2935 1379; x_wconf 74' lang='grc' dir='ltr'>καὶ</span> <span class='ocrx_word' id='word_1_159' title='bbox 2974 1324 3188 1388; x_wconf 78' lang='grc' dir='ltr'><strong>πολλοῖς</strong></span> <span class='ocrx_word' id='word_1_160' title='bbox 3235 1323 3419 1386; x_wconf 78' lang='grc' dir='ltr'>ἄλλοις</span> <span class='ocrx_word' id='word_1_161' title='bbox 3460 1323 3697 1394; x_wconf 82' lang='grc' dir='ltr'>σχήμασί</span> 
     </span>
    </p>
   </div>
   <div class='ocr_carea' id='block_1_27' title="bbox 2113 1395 3699 1488">
    <p class='ocr_par' dir='ltr' id='par_1_27' title="bbox 2113 1415 3699 1488">
     <span class='ocr_line' id='line_1_27' title="bbox 2113 1415 3699 1488; baseline -0.001 -19"><span class='ocrx_word' id='word_1_162' title='bbox 2113 1435 2171 1469; x_wconf 89' lang='grc' dir='ltr'><strong>τε</strong></span> <span class='ocrx_word' id='word_1_163' title='bbox 2214 1419 2308 1470; x_wconf 69' lang='grc' dir='ltr'><strong>καὶ</strong></span> <span class='ocrx_word' id='word_1_164' title='bbox 2338 1418 2630 1488; x_wconf 80' lang='grc' dir='ltr'>πράγμασι</span> <span class='ocrx_word' id='word_1_165' title='bbox 2658 1419 2786 1482; x_wconf 74' lang='grc' dir='ltr'>τοὺς</span> <span class='ocrx_word' id='word_1_166' title='bbox 2818 1417 3107 1480; x_wconf 88' lang='grc' dir='ltr'>καύσωνας</span> <span class='ocrx_word' id='word_1_167' title='bbox 3139 1417 3240 1486; x_wconf 80' lang='grc' dir='ltr'>τῆς</span> <span class='ocrx_word' id='word_1_168' title='bbox 3273 1415 3502 1486; x_wconf 78' lang='grc' dir='ltr'>καρδίας</span> <span class='ocrx_word' id='word_1_169' title='bbox 3524 1431 3699 1484; x_wconf 82' lang='grc' dir='ltr'>παρα·</span> 
     </span>
    </p>
   </div>
   <div class='ocr_carea' id='block_1_28' title="bbox 2116 1501 3700 1579">
    <p class='ocr_par' dir='ltr' id='par_1_28' title="bbox 2116 1501 3700 1579">
     <span class='ocr_line' id='line_1_28' title="bbox 2116 1501 3700 1579; baseline -0.005 -19"><span class='ocrx_word' id='word_1_170' title='bbox 2116 1507 2399 1578; x_wconf 83' lang='grc' dir='ltr'>σημαίνων</span> <span class='ocrx_word' id='word_1_171' title='bbox 2417 1525 2430 1538; x_wconf 85' lang='grc'><strong>⁸</strong></span> <span class='ocrx_word' id='word_1_172' title='bbox 2468 1508 2724 1579; x_wconf 75' lang='grc' dir='ltr'>Ἐλέησόν</span> <span class='ocrx_word' id='word_1_173' title='bbox 2749 1523 2837 1578; x_wconf 83' lang='grc' dir='ltr'><strong>με,</strong></span> <span class='ocrx_word' id='word_1_174' title='bbox 2856 1506 3010 1561; x_wconf 82' lang='grc' dir='ltr'>δοῦλε</span> <span class='ocrx_word' id='word_1_175' title='bbox 3033 1505 3127 1560; x_wconf 72' lang='grc' dir='ltr'><strong>τοῦ</strong></span> <span class='ocrx_word' id='word_1_176' title='bbox 3149 1503 3311 1561; x_wconf 80' lang='grc' dir='ltr'>Θεοῦ.</span> <span class='ocrx_word' id='word_1_177' title='bbox 3336 1503 3530 1572; x_wconf 86' lang='grc' dir='ltr'>λέγων,</span> <span class='ocrx_word' id='word_1_178' title='bbox 3555 1501 3700 1569; x_wconf 79' lang='grc' dir='ltr'>ἐλέη-</span> 
     </span>
    </p>
   </div>
   <div class='ocr_carea' id='block_1_29' title="bbox 2116 1590 3700 1670">
    <p class='ocr_par' dir='ltr' id='par_1_29' title="bbox 2116 1590 3700 1670">
     <span class='ocr_line' id='line_1_29' title="bbox 2116 1590 3700 1670; baseline -0.005 -18"><span class='ocrx_word' id='word_1_179' title='bbox 2116 1617 2208 1652; x_wconf 91' lang='grc' dir='ltr'><strong>σον</strong></span> <span class='ocrx_word' id='word_1_180' title='bbox 2235 1599 2360 1670; x_wconf 84' lang='grc' dir='ltr'>ἄρτι</span> <span class='ocrx_word' id='word_1_181' title='bbox 2400 1600 2617 1670; x_wconf 78' lang='grc' dir='ltr'>θανάτῳ</span> <span class='ocrx_word' id='word_1_182' title='bbox 2673 1600 2766 1653; x_wconf 77' lang='grc' dir='ltr'><strong>τὸν</strong></span> <span class='ocrx_word' id='word_1_183' title='bbox 2792 1599 2958 1652; x_wconf 87' lang='grc' dir='ltr'>παῖδα</span> <span class='ocrx_word' id='word_1_184' title='bbox 2982 1596 3356 1668; x_wconf 79' lang='grc' dir='ltr'>ζημιωθέντα,</span> <span class='ocrx_word' id='word_1_185' title='bbox 3383 1593 3444 1647; x_wconf 82' lang='grc' dir='ltr'>ὃν</span> <span class='ocrx_word' id='word_1_186' title='bbox 3475 1591 3594 1646; x_wconf 73' lang='grc' dir='ltr'>οῦδὲ</span> <span class='ocrx_word' id='word_1_187' title='bbox 3626 1590 3700 1662; x_wconf 85' lang='grc' dir='ltr'><strong>τῷ</strong></span> 
     </span>
    </p>
   </div>
   <div class='ocr_carea' id='block_1_30' title="bbox 2115 1685 3702 1762">
    <p class='ocr_par' dir='ltr' id='par_1_30' title="bbox 2115 1685 3702 1762">
     <span class='ocr_line' id='line_1_30' title="bbox 2115 1685 3702 1762; baseline -0.006 -17"><span class='ocrx_word' id='word_1_188' title='bbox 2115 1691 2280 1759; x_wconf 79' lang='grc' dir='ltr'>κοινῷ</span> <span class='ocrx_word' id='word_1_189' title='bbox 2324 1691 2434 1745; x_wconf 83' lang='grc' dir='ltr'><strong>τῷν</strong></span> <span class='ocrx_word' id='word_1_190' title='bbox 2485 1691 2828 1762; x_wconf 78' lang='grc' dir='ltr'>τεθνηκότων</span> <span class='ocrx_word' id='word_1_191' title='bbox 2874 1689 3082 1759; x_wconf 71' lang='grc' dir='ltr'>ἔθαψαν</span> <span class='ocrx_word' id='word_1_192' title='bbox 3117 1688 3290 1760; x_wconf 87' lang='grc' dir='ltr'>νόμῳ,</span> <span class='ocrx_word' id='word_1_193' title='bbox 3319 1686 3441 1740; x_wconf 67' lang='grc' dir='ltr'>οὐδὲ</span> <span class='ocrx_word' id='word_1_194' title='bbox 3481 1687 3580 1756; x_wconf 76' lang='grc' dir='ltr'>γῆν</span> <span class='ocrx_word' id='word_1_195' title='bbox 3604 1685 3702 1736; x_wconf 79' lang='grc' dir='ltr'><strong>ἒπ-</strong></span> 
     </span>
    </p>
   </div>
   <div class='ocr_carea' id='block_1_31' title="bbox 2115 1778 3699 1854">
    <p class='ocr_par' dir='ltr' id='par_1_31' title="bbox 2115 1778 3699 1854">
     <span class='ocr_line' id='line_1_31' title="bbox 2115 1778 3699 1854; baseline -0.004 -17"><span class='ocrx_word' id='word_1_196' title='bbox 2115 1783 2308 1838; x_wconf 85' lang='grc' dir='ltr'>έϐαλον</span> <span class='ocrx_word' id='word_1_197' title='bbox 2329 1785 2429 1854; x_wconf 71' lang='grc' dir='ltr'>ἤδη</span> <span class='ocrx_word' id='word_1_198' title='bbox 2459 1784 2722 1854; x_wconf 84' lang='grc' dir='ltr'>κειμένῳ,</span> <span class='ocrx_word' id='word_1_199' title='bbox 2747 1783 3018 1838; x_wconf 74' lang='grc' dir='ltr'>πιστεύων</span> <span class='ocrx_word' id='word_1_200' title='bbox 3041 1783 3118 1847; x_wconf 85' lang='grc' dir='ltr'>ὼς</span> <span class='ocrx_word' id='word_1_201' title='bbox 3145 1783 3284 1851; x_wconf 82' lang='grc' dir='ltr'>ὅπερ</span> <span class='ocrx_word' id='word_1_202' title='bbox 3312 1779 3379 1834; x_wconf 75' lang='grc' dir='ltr'><strong>ἂν</strong></span> <span class='ocrx_word' id='word_1_203' title='bbox 3405 1779 3500 1834; x_wconf 76' lang='grc' dir='ltr'><strong>καὶ</strong></span> <span class='ocrx_word' id='word_1_204' title='bbox 3523 1778 3699 1850; x_wconf 82' lang='grc' dir='ltr'>βούλῃ,</span> 
     </span>
    </p>
   </div>
   <div class='ocr_carea' id='block_1_32' title="bbox 420 1856 2018 1958">
    <p class='ocr_par' dir='ltr' id='par_1_32' title="bbox 420 1863 2011 1938">
     <span class='ocr_line' id='line_1_32' title="bbox 420 1863 2011 1938; baseline 0.004 -21"><span class='ocrx_word' id='word_1_205' title='bbox 420 1881 492 1919; x_wconf 78' lang='lat' dir='ltr'><strong>ra:</strong></span> <span class='ocrx_word' id='word_1_206' title='bbox 518 1863 597 1918; x_wconf 91' lang='lat' dir='ltr'><strong>illi</strong></span> <span class='ocrx_word' id='word_1_207' title='bbox 633 1865 832 1936; x_wconf 87' lang='lat' dir='ltr'><strong>injeci;</strong></span> <span class='ocrx_word' id='word_1_208' title='bbox 863 1865 1101 1921; x_wconf 83' lang='lat' dir='ltr'><strong>credens</strong></span> <span class='ocrx_word' id='word_1_209' title='bbox 1133 1866 1279 1937; x_wconf 89' lang='lat' dir='ltr'><strong>quod</strong></span> <span class='ocrx_word' id='word_1_210' title='bbox 1315 1878 1370 1922; x_wconf 93' lang='lat' dir='ltr'><strong>tu</strong></span> <span class='ocrx_word' id='word_1_211' title='bbox 1401 1867 1708 1937; x_wconf 88' lang='lat' dir='ltr'><strong>perfectum</strong></span> <span class='ocrx_word' id='word_1_212' title='bbox 1737 1868 1834 1923; x_wconf 89' lang='lat' dir='ltr'><strong>des</strong></span> <span class='ocrx_word' id='word_1_213' title='bbox 1864 1868 2011 1938; x_wconf 88' lang='lat' dir='ltr'><strong>apud</strong></span> 
     </span>
    </p>
   </div>
   <div class='ocr_carea' id='block_1_33' title="bbox 2125 1856 3702 1958">
    <p class='ocr_par' dir='ltr' id='par_1_33' title="bbox 2125 1870 3702 1958">
     <span class='ocr_line' id='line_1_33' title="bbox 2125 1870 3702 1958; baseline -0.004 -29"><span class='ocrx_word' id='word_1_214' title='bbox 2125 1876 2304 1939; x_wconf 70' lang='grc' dir='ltr'>ἀνύεις</span> <span class='ocrx_word' id='word_1_215' title='bbox 2339 1875 2491 1948; x_wconf 71' lang='grc' dir='ltr'>παρὰ</span> <span class='ocrx_word' id='word_1_216' title='bbox 2527 1875 2647 1947; x_wconf 85' lang='grc' dir='ltr'><strong>Θεῷ</strong></span> <span class='ocrx_word' id='word_1_217' title='bbox 2667 1892 2696 1958; x_wconf 44' lang='grc'><strong>⁸.</strong></span> <span class='ocrx_word' id='word_1_218' title='bbox 2715 1877 2778 1929; x_wconf 83' lang='grc' dir='ltr'><strong>οῦ</strong></span> <span class='ocrx_word' id='word_1_219' title='bbox 2806 1875 2915 1947; x_wconf 78' lang='grc' dir='ltr'><strong>μὴν</strong></span> <span class='ocrx_word' id='word_1_220' title='bbox 2946 1872 3080 1928; x_wconf 78' lang='grc' dir='ltr'>ἀλλὰ</span> <span class='ocrx_word' id='word_1_221' title='bbox 3111 1872 3208 1926; x_wconf 77' lang='grc' dir='ltr'><strong>καὶ</strong></span> <span class='ocrx_word' id='word_1_222' title='bbox 3235 1870 3460 1944; x_wconf 78' lang='grc' dir='ltr'>θαρρῶν</span> <span class='ocrx_word' id='word_1_223' title='bbox 3502 1887 3594 1924; x_wconf 80' lang='grc' dir='ltr'><strong>σου</strong></span> <span class='ocrx_word' id='word_1_224' title='bbox 3638 1871 3702 1940; x_wconf 78' lang='grc' dir='ltr'>τῇ</span> 
     </span>
    </p>
   </div>
   <div class='ocr_carea' id='block_1_34' title="bbox 419 1957 2014 2030">
    <p class='ocr_par' dir='ltr' id='par_1_34' title="bbox 419 1957 2014 2030">
     <span class='ocr_line' id='line_1_34' title="bbox 419 1957 2014 2030; baseline 0.003 -19"><span class='ocrx_word' id='word_1_225' title='bbox 419 1959 614 2023; x_wconf 73' lang='lat' dir='ltr'><strong>lteum,</strong></span> <span class='ocrx_word' id='word_1_226' title='bbox 694 1957 969 2028; x_wconf 81' lang='lat' dir='ltr'><strong>quidquid</strong></span> <span class='ocrx_word' id='word_1_227' title='bbox 1045 1959 1326 2026; x_wconf 87' lang='lat' dir='ltr'><strong>volueris;</strong></span> <span class='ocrx_word' id='word_1_228' title='bbox 1387 1959 1728 2030; x_wconf 89' lang='lat' dir='ltr'><strong>omninoque</strong></span> <span class='ocrx_word' id='word_1_229' title='bbox 1794 1959 2014 2015; x_wconf 81' lang='lat' dir='ltr'><strong>conﬁdo</strong></span> 
     </span>
    </p>
   </div>
   <div class='ocr_carea' id='block_1_35' title="bbox 418 2034 2016 2123">
    <p class='ocr_par' dir='ltr' id='par_1_35' title="bbox 418 2034 2016 2123">
     <span class='ocr_line' id='line_1_35' title="bbox 418 2034 2016 2123; baseline 0.002 -17"><span class='ocrx_word' id='word_1_230' title='bbox 418 2053 488 2106; x_wconf 83' lang='lat' dir='ltr'><strong>de</strong></span> <span class='ocrx_word' id='word_1_231' title='bbox 549 2051 892 2122; x_wconf 73' lang='lat' dir='ltr'><strong>benignitate</strong></span> <span class='ocrx_word' id='word_1_232' title='bbox 938 2060 1055 2116; x_wconf 91' lang='lat' dir='ltr'><strong>tua,</strong></span> <span class='ocrx_word' id='word_1_233' title='bbox 1095 2034 1274 2108; x_wconf 26' lang='lat' dir='ltr'><strong>.forte</strong></span> <span class='ocrx_word' id='word_1_234' title='bbox 1322 2069 1392 2108; x_wconf 90' lang='lat' dir='ltr'><strong>ne</strong></span> <span class='ocrx_word' id='word_1_235' title='bbox 1448 2053 1727 2123; x_wconf 82' lang='lat' dir='ltr'><strong>despicias</strong></span> <span class='ocrx_word' id='word_1_236' title='bbox 1785 2070 1872 2108; x_wconf 91' lang='lat' dir='ltr'><strong>me</strong></span> <span class='ocrx_word' id='word_1_237' title='bbox 1925 2071 2016 2109; x_wconf 86' lang='lat' dir='ltr'><strong>na-</strong></span> 
     </span>
    </p>
   </div>
   <div class='ocr_carea' id='block_1_36' title="bbox 425 2143 2011 2200">
    <p class='ocr_par' dir='ltr' id='par_1_36' title="bbox 425 2143 2011 2200">
     <span class='ocr_line' id='line_1_36' title="bbox 425 2143 2011 2200; baseline 0.002 -3"><span class='ocrx_word' id='word_1_238' title='bbox 425 2143 586 2198; x_wconf 74' lang='lat' dir='ltr'><strong>tttrali</strong></span> <span class='ocrx_word' id='word_1_239' title='bbox 623 2143 677 2198; x_wconf 88' lang='lat' dir='ltr'><strong>in</strong></span> <span class='ocrx_word' id='word_1_240' title='bbox 711 2143 883 2197; x_wconf 78' lang='lat' dir='ltr'><strong>lilium</strong></span> <span class='ocrx_word' id='word_1_241' title='bbox 933 2159 1120 2198; x_wconf 90' lang='lat' dir='ltr'><strong>amore</strong></span> <span class='ocrx_word' id='word_1_242' title='bbox 1154 2143 1284 2197; x_wconf 89' lang='lat' dir='ltr'><strong>totis</strong></span> <span class='ocrx_word' id='word_1_243' title='bbox 1311 2143 1624 2198; x_wconf 80' lang='lat' dir='ltr'><strong>visceribus</strong></span> <span class='ocrx_word' id='word_1_244' title='bbox 1659 2154 2011 2200; x_wconf 71' lang='lat' dir='ltr'><strong>zestuantem.</strong></span> 
     </span>
    </p>
   </div>
   <div class='ocr_carea' id='block_1_37' title="bbox 423 2234 2017 2305">
    <p class='ocr_par' dir='ltr' id='par_1_37' title="bbox 423 2234 2017 2305">
     <span class='ocr_line' id='line_1_37' title="bbox 423 2234 2017 2305; baseline 0.002 -19"><span class='ocrx_word' id='word_1_245' title='bbox 423 2235 628 2288; x_wconf 85' lang='lat' dir='ltr'><strong>&#39;l‘actus</strong></span> <span class='ocrx_word' id='word_1_246' title='bbox 650 2234 1158 2295; x_wconf 86' lang='lat' dir='ltr'><strong>commiseratione,</strong></span> <span class='ocrx_word' id='word_1_247' title='bbox 1203 2235 1536 2305; x_wconf 83' lang='lat' dir='ltr'><strong>cognitoque</strong></span> <span class='ocrx_word' id='word_1_248' title='bbox 1565 2247 1780 2291; x_wconf 79' lang='lat' dir='ltr'><strong>secreto</strong></span> <span class='ocrx_word' id='word_1_249' title='bbox 1816 2236 2017 2290; x_wconf 66' lang='lat' dir='ltr'><strong>divinae</strong></span> 
     </span>
    </p>
   </div>
   <div class='ocr_carea' id='block_1_38' title="bbox 421 2326 2013 2399">
    <p class='ocr_par' dir='ltr' id='par_1_38' title="bbox 421 2326 2013 2399">
     <span class='ocr_line' id='line_1_38' title="bbox 421 2326 2013 2399; baseline 0.002 -20"><span class='ocrx_word' id='word_1_250' title='bbox 421 2326 611 2396; x_wconf 67' lang='lat' dir='ltr'><strong>gratia:</strong></span> <span class='ocrx_word' id='word_1_251' title='bbox 644 2327 931 2392; x_wconf 85' lang='lat' dir='ltr'><strong>instinctu,</strong></span> <span class='ocrx_word' id='word_1_252' title='bbox 964 2342 1313 2381; x_wconf 81' lang='lat' dir='ltr'><strong>reversuram</strong></span> <span class='ocrx_word' id='word_1_253' title='bbox 1357 2328 1412 2381; x_wconf 90' lang='lat' dir='ltr'><strong>in</strong></span> <span class='ocrx_word' id='word_1_254' title='bbox 1463 2345 1696 2399; x_wconf 91' lang='lat' dir='ltr'><strong>puerum</strong></span> <span class='ocrx_word' id='word_1_255' title='bbox 1749 2329 2013 2394; x_wconf 88' lang='lat' dir='ltr'><strong>animam,</strong></span> 
     </span>
    </p>
   </div>
   <div class='ocr_carea' id='block_1_39' title="bbox 422 2420 2013 2491">
    <p class='ocr_par' dir='ltr' id='par_1_39' title="bbox 422 2420 2013 2491">
     <span class='ocr_line' id='line_1_39' title="bbox 422 2420 2013 2491; baseline 0.001 -19"><span class='ocrx_word' id='word_1_256' title='bbox 422 2420 665 2474; x_wconf 78' lang='lat' dir='ltr'><strong>surrexit</strong></span> <span class='ocrx_word' id='word_1_257' title='bbox 691 2433 857 2489; x_wconf 88' lang='lat' dir='ltr'><strong>atque</strong></span> <span class='ocrx_word' id='word_1_258' title='bbox 888 2421 953 2473; x_wconf 93' lang='lat' dir='ltr'><strong>ad</strong></span> <span class='ocrx_word' id='word_1_259' title='bbox 988 2431 1196 2490; x_wconf 87' lang='lat' dir='ltr'><strong>patrem</strong></span> <span class='ocrx_word' id='word_1_260' title='bbox 1225 2436 1528 2475; x_wconf 82' lang='lat' dir='ltr'><strong>conversus</strong></span> <span class='ocrx_word' id='word_1_261' title='bbox 1555 2437 1569 2477; x_wconf 88' lang='lat'>:</span> <span class='ocrx_word' id='word_1_262' title='bbox 1603 2421 1773 2483; x_wconf 81' lang='lat' dir='ltr'><strong>Vade,</strong></span> <span class='ocrx_word' id='word_1_263' title='bbox 1814 2421 2013 2491; x_wconf 87' lang='lat' dir='ltr'><strong>inquit,</strong></span> 
     </span>
    </p>
   </div>
   <div class='ocr_carea' id='block_1_40' title="bbox 425 2512 2018 2580">
    <p class='ocr_par' dir='ltr' id='par_1_40' title="bbox 425 2512 2018 2580">
     <span class='ocr_line' id='line_1_40' title="bbox 425 2512 2018 2580; baseline 0.003 -14"><span class='ocrx_word' id='word_1_264' title='bbox 425 2514 480 2567; x_wconf 88' lang='lat' dir='ltr'><strong>in</strong></span> <span class='ocrx_word' id='word_1_265' title='bbox 521 2512 746 2566; x_wconf 92' lang='lat' dir='ltr'><strong>nomine</strong></span> <span class='ocrx_word' id='word_1_266' title='bbox 777 2513 994 2566; x_wconf 88' lang='lat' dir='ltr'><strong>Domini</strong></span> <span class='ocrx_word' id='word_1_267' title='bbox 1047 2513 1220 2567; x_wconf 88' lang='lat' dir='ltr'><strong>nostri</strong></span> <span class='ocrx_word' id='word_1_268' title='bbox 1253 2513 1381 2568; x_wconf 85' lang='lat' dir='ltr'><strong>Jesu</strong></span> <span class='ocrx_word' id='word_1_269' title='bbox 1413 2514 1657 2580; x_wconf 83' lang='lat' dir='ltr'><strong>Christi,</strong></span> <span class='ocrx_word' id='word_1_270' title='bbox 1711 2513 1856 2568; x_wconf 78' lang='lat' dir='ltr'><strong>filius</strong></span> <span class='ocrx_word' id='word_1_271' title='bbox 1889 2525 2018 2570; x_wconf 87' lang='lat' dir='ltr'><strong>tuus</strong></span> 
     </span>
    </p>
   </div>
   <div class='ocr_carea' id='block_1_41' title="bbox 423 2603 2016 2669">
    <p class='ocr_par' dir='ltr' id='par_1_41' title="bbox 423 2603 2016 2669">
     <span class='ocr_line' id='line_1_41' title="bbox 423 2603 2016 2669; baseline 0.002 -11"><span class='ocrx_word' id='word_1_272' title='bbox 423 2605 582 2658; x_wconf 86' lang='lat' dir='ltr'><strong>vivit.</strong></span> <span class='ocrx_word' id='word_1_273' title='bbox 611 2604 731 2668; x_wconf 85' lang='lat' dir='ltr'><strong>Hie,</strong></span> <span class='ocrx_word' id='word_1_274' title='bbox 757 2604 895 2658; x_wconf 85' lang='lat' dir='ltr'><strong>nihil</strong></span> <span class='ocrx_word' id='word_1_275' title='bbox 923 2604 992 2658; x_wconf 90' lang='lat' dir='ltr'><strong>de</strong></span> <span class='ocrx_word' id='word_1_276' title='bbox 1018 2603 1126 2658; x_wconf 76' lang='lat' dir='ltr'><strong>ﬁde</strong></span> <span class='ocrx_word' id='word_1_277' title='bbox 1153 2606 1449 2660; x_wconf 83' lang='lat' dir='ltr'><strong>verborum</strong></span> <span class='ocrx_word' id='word_1_278' title='bbox 1481 2605 1703 2669; x_wconf 89' lang='lat' dir='ltr'><strong>dubius,</strong></span> <span class='ocrx_word' id='word_1_279' title='bbox 1729 2607 2016 2661; x_wconf 76' lang='lat' dir='ltr'><strong>celeritate</strong></span> 
     </span>
    </p>
   </div>
   <div class='ocr_carea' id='block_1_42' title="bbox 425 2701 2014 2772">
    <p class='ocr_par' dir='ltr' id='par_1_42' title="bbox 425 2701 2014 2772">
     <span class='ocr_line' id='line_1_42' title="bbox 425 2701 2014 2772; baseline 0.001 -18"><span class='ocrx_word' id='word_1_280' title='bbox 425 2715 533 2771; x_wconf 91' lang='lat' dir='ltr'><strong>qua</strong></span> <span class='ocrx_word' id='word_1_281' title='bbox 555 2709 738 2772; x_wconf 85' lang='lat' dir='ltr'><strong>potest</strong></span> <span class='ocrx_word' id='word_1_282' title='bbox 758 2702 994 2756; x_wconf 85' lang='lat' dir='ltr'><strong>maxima</strong></span> <span class='ocrx_word' id='word_1_283' title='bbox 1026 2701 1251 2755; x_wconf 89' lang='lat' dir='ltr'><strong>domum</strong></span> <span class='ocrx_word' id='word_1_284' title='bbox 1272 2701 1502 2756; x_wconf 85' lang='lat' dir='ltr'><strong>revertit</strong></span> <span class='ocrx_word' id='word_1_285' title='bbox 1527 2719 1542 2755; x_wconf 87' lang='lat'><strong>:</strong></span> <span class='ocrx_word' id='word_1_286' title='bbox 1573 2711 1630 2756; x_wconf 90' lang='lat' dir='ltr'><strong>et</strong></span> <span class='ocrx_word' id='word_1_287' title='bbox 1665 2703 1808 2771; x_wconf 66' lang='lat' dir='ltr'><strong>(qua:</strong></span> <span class='ocrx_word' id='word_1_288' title='bbox 1830 2711 2014 2757; x_wconf 91' lang='lat' dir='ltr'><strong>autem</strong></span> 
     </span>
    </p>
   </div>
   <div class='ocr_carea' id='block_1_43' title="bbox 423 2793 2016 2862">
    <p class='ocr_par' dir='ltr' id='par_1_43' title="bbox 423 2793 2016 2862">
     <span class='ocr_line' id='line_1_43' title="bbox 423 2793 2016 2862; baseline 0.001 -14"><span class='ocrx_word' id='word_1_289' title='bbox 423 2809 600 2862; x_wconf 89' lang='lat' dir='ltr'><strong>mens,</strong></span> <span class='ocrx_word' id='word_1_290' title='bbox 627 2810 662 2849; x_wconf 86' lang='lat'><strong>0</strong></span> <span class='ocrx_word' id='word_1_291' title='bbox 683 2795 1012 2850; x_wconf 54' lang='lat' dir='ltr'><strong>saeculorum</strong></span> <span class='ocrx_word' id='word_1_292' title='bbox 1035 2795 1153 2849; x_wconf 79' lang='lat' dir='ltr'><strong>Rex</strong></span> <span class='ocrx_word' id='word_1_293' title='bbox 1176 2793 1504 2848; x_wconf 85' lang='lat' dir='ltr'><strong>immortalis</strong></span> <span class='ocrx_word' id='word_1_294' title='bbox 1525 2802 1581 2848; x_wconf 90' lang='lat' dir='ltr'><strong>et</strong></span> <span class='ocrx_word' id='word_1_295' title='bbox 1604 2795 1784 2861; x_wconf 89' lang='lat' dir='ltr'><strong>unice,</strong></span> <span class='ocrx_word' id='word_1_296' title='bbox 1807 2804 2016 2852; x_wconf 83' lang='lat' dir='ltr'><strong>tantum</strong></span> 
     </span>
    </p>
   </div>
   <div class='ocr_carea' id='block_1_44' title="bbox 425 2883 2018 2955">
    <p class='ocr_par' dir='ltr' id='par_1_44' title="bbox 425 2883 2018 2955">
     <span class='ocr_line' id='line_1_44' title="bbox 425 2883 2018 2955; baseline 0 -16"><span class='ocrx_word' id='word_1_297' title='bbox 425 2883 752 2940; x_wconf 86' lang='lat' dir='ltr'><strong>miraculum</strong></span> <span class='ocrx_word' id='word_1_298' title='bbox 784 2885 1260 2955; x_wconf 88' lang='lat' dir='ltr'><strong>comprehendere</strong></span> <span class='ocrx_word' id='word_1_299' title='bbox 1294 2884 1470 2938; x_wconf 85' lang='lat' dir='ltr'><strong>valeat</strong></span> <span class='ocrx_word' id='word_1_300' title='bbox 1494 2886 1549 2955; x_wconf 86' lang='lat' dir='ltr'><strong>l)</strong></span> <span class='ocrx_word' id='word_1_301' title='bbox 1581 2885 1768 2939; x_wconf 88' lang='lat' dir='ltr'><strong>vivum</strong></span> <span class='ocrx_word' id='word_1_302' title='bbox 1804 2885 2018 2941; x_wconf 78' lang='lat' dir='ltr'><strong>invenit</strong></span> 
     </span>
    </p>
   </div>
   <div class='ocr_carea' id='block_1_45' title="bbox 425 2975 2017 3047">
    <p class='ocr_par' dir='ltr' id='par_1_45' title="bbox 425 2975 2017 3047">
     <span class='ocr_line' id='line_1_45' title="bbox 425 2975 2017 3047; baseline 0.002 -18"><span class='ocrx_word' id='word_1_303' title='bbox 425 2975 635 3042; x_wconf 84' lang='lat' dir='ltr'><strong>tllium;</strong></span> <span class='ocrx_word' id='word_1_304' title='bbox 665 2991 830 3047; x_wconf 89' lang='lat' dir='ltr'><strong>quem</strong></span> <span class='ocrx_word' id='word_1_305' title='bbox 863 2976 1134 3032; x_wconf 89' lang='lat' dir='ltr'><strong>continuo</strong></span> <span class='ocrx_word' id='word_1_306' title='bbox 1153 2983 1462 3045; x_wconf 87' lang='lat' dir='ltr'><strong>acceptum,</strong></span> <span class='ocrx_word' id='word_1_307' title='bbox 1491 2984 1587 3029; x_wconf 88' lang='lat' dir='ltr'><strong>aut</strong></span> <span class='ocrx_word' id='word_1_308' title='bbox 1609 2977 1796 3046; x_wconf 88' lang='lat' dir='ltr'><strong>potius</strong></span> <span class='ocrx_word' id='word_1_309' title='bbox 1819 2989 2017 3047; x_wconf 72' lang='lat' dir='ltr'><strong>praeter</strong></span> 
     </span>
    </p>
   </div>
   <div class='ocr_carea' id='block_1_46' title="bbox 422 3067 2016 3141">
    <p class='ocr_par' dir='ltr' id='par_1_46' title="bbox 422 3067 2016 3141">
     <span class='ocr_line' id='line_1_46' title="bbox 422 3067 2016 3141; baseline 0.001 -18"><span class='ocrx_word' id='word_1_310' title='bbox 422 3079 577 3138; x_wconf 82' lang='lat' dir='ltr'><strong>spem</strong></span> <span class='ocrx_word' id='word_1_311' title='bbox 607 3079 916 3140; x_wconf 88' lang='lat' dir='ltr'><strong>receptum,</strong></span> <span class='ocrx_word' id='word_1_312' title='bbox 949 3069 1148 3123; x_wconf 88' lang='lat' dir='ltr'><strong>itinere</strong></span> <span class='ocrx_word' id='word_1_313' title='bbox 1181 3069 1411 3132; x_wconf 88' lang='lat' dir='ltr'><strong>relecto,</strong></span> <span class='ocrx_word' id='word_1_314' title='bbox 1449 3067 1708 3141; x_wconf 88' lang='lat' dir='ltr'><strong>Symeoni</strong></span> <span class='ocrx_word' id='word_1_315' title='bbox 1743 3069 1914 3125; x_wconf 87' lang='lat' dir='ltr'><strong>sistit.</strong></span> <span class='ocrx_word' id='word_1_316' title='bbox 1956 3071 2016 3125; x_wconf 87' lang='lat' dir='ltr'><strong>lu</strong></span> 
     </span>
    </p>
   </div>
   <div class='ocr_carea' id='block_1_47' title="bbox 425 3161 2014 3232">
    <p class='ocr_par' dir='ltr' id='par_1_47' title="bbox 425 3161 2014 3232">
     <span class='ocr_line' id='line_1_47' title="bbox 425 3161 2014 3232; baseline -0.001 -17"><span class='ocrx_word' id='word_1_317' title='bbox 425 3177 563 3232; x_wconf 83' lang='lat' dir='ltr'><strong>quas</strong></span> <span class='ocrx_word' id='word_1_318' title='bbox 582 3161 673 3216; x_wconf 91' lang='lat' dir='ltr'><strong>hic</strong></span> <span class='ocrx_word' id='word_1_319' title='bbox 693 3177 862 3219; x_wconf 89' lang='lat' dir='ltr'><strong>voces</strong></span> <span class='ocrx_word' id='word_1_320' title='bbox 884 3161 1332 3217; x_wconf 81' lang='lat' dir='ltr'><strong>exsultabundus</strong></span> <span class='ocrx_word' id='word_1_321' title='bbox 1351 3177 1462 3216; x_wconf 89' lang='lat' dir='ltr'><strong>non</strong></span> <span class='ocrx_word' id='word_1_322' title='bbox 1485 3163 1712 3218; x_wconf 83' lang='lat' dir='ltr'><strong>resolvit</strong></span> <span class='ocrx_word' id='word_1_323' title='bbox 1735 3178 1798 3218; x_wconf 88' lang='lat' dir='ltr'><strong>os</strong></span> <span class='ocrx_word' id='word_1_324' title='bbox 1819 3178 1981 3218; x_wconf 89' lang='lat' dir='ltr'><strong>suum</strong></span> <span class='ocrx_word' id='word_1_325' title='bbox 1999 3161 2014 3213; x_wconf 90' lang='lat' dir='ltr'><strong>l</strong></span> 
     </span>
    </p>
   </div>
   <div class='ocr_carea' id='block_1_48' title="bbox 424 3255 2018 3328">
    <p class='ocr_par' dir='ltr' id='par_1_48' title="bbox 424 3255 2018 3328">
     <span class='ocr_line' id='line_1_48' title="bbox 424 3255 2018 3328; baseline 0.001 -21"><span class='ocrx_word' id='word_1_326' title='bbox 424 3272 566 3324; x_wconf 90' lang='lat' dir='ltr'><strong>quos</strong></span> <span class='ocrx_word' id='word_1_327' title='bbox 599 3255 655 3310; x_wconf 91' lang='lat' dir='ltr'><strong>in</strong></span> <span class='ocrx_word' id='word_1_328' title='bbox 679 3256 818 3326; x_wconf 77' lang='lat' dir='ltr'><strong>grati</strong></span> <span class='ocrx_word' id='word_1_329' title='bbox 860 3257 1029 3311; x_wconf 89' lang='lat' dir='ltr'><strong>animi</strong></span> <span class='ocrx_word' id='word_1_330' title='bbox 1058 3256 1435 3312; x_wconf 87' lang='lat' dir='ltr'><strong>testimonium</strong></span> <span class='ocrx_word' id='word_1_331' title='bbox 1471 3256 1708 3328; x_wconf 83' lang='lat' dir='ltr'><strong>hymnos</strong></span> <span class='ocrx_word' id='word_1_332' title='bbox 1745 3256 1860 3312; x_wconf 87' lang='lat' dir='ltr'><strong>Deo</strong></span> <span class='ocrx_word' id='word_1_333' title='bbox 1887 3271 2018 3311; x_wconf 86' lang='lat' dir='ltr'><strong>san-</strong></span> 
     </span>
    </p>
   </div>
   <div class='ocr_carea' id='block_1_49' title="bbox 425 3349 1078 3418">
    <p class='ocr_par' dir='ltr' id='par_1_49' title="bbox 425 3349 1078 3418">
     <span class='ocr_line' id='line_1_49' title="bbox 425 3349 1078 3418; baseline 0 -16"><span class='ocrx_word' id='word_1_334' title='bbox 425 3358 626 3418; x_wconf 90' lang='lat' dir='ltr'><strong>ctoque</strong></span> <span class='ocrx_word' id='word_1_335' title='bbox 681 3363 790 3402; x_wconf 91' lang='lat' dir='ltr'><strong>non</strong></span> <span class='ocrx_word' id='word_1_336' title='bbox 838 3349 1041 3404; x_wconf 87' lang='lat' dir='ltr'><strong>cecinit</strong></span> <span class='ocrx_word' id='word_1_337' title='bbox 1064 3349 1078 3402; x_wconf 77' lang='grc' dir='ltr'><strong>ι</strong></span> 
     </span>
    </p>
   </div>
   <div class='ocr_carea' id='block_1_50' title="bbox 499 3437 2020 3512">
    <p class='ocr_par' dir='ltr' id='par_1_50' title="bbox 499 3437 2020 3512">
     <span class='ocr_line' id='line_1_50' title="bbox 499 3437 2020 3512; baseline 0.001 -20"><span class='ocrx_word' id='word_1_338' title='bbox 499 3440 588 3493; x_wconf 74' lang='grc'><strong>54.</strong></span> <span class='ocrx_word' id='word_1_339' title='bbox 621 3437 1099 3506; x_wconf 81' lang='lat' dir='ltr'><strong>Quemadmodum</strong></span> <span class='ocrx_word' id='word_1_340' title='bbox 1147 3448 1331 3495; x_wconf 80' lang='lat' dir='ltr'><strong>autent</strong></span> <span class='ocrx_word' id='word_1_341' title='bbox 1385 3457 1488 3512; x_wconf 86' lang='lat' dir='ltr'><strong>par</strong></span> <span class='ocrx_word' id='word_1_342' title='bbox 1540 3449 1688 3508; x_wconf 87' lang='lat' dir='ltr'><strong>erat,</strong></span> <span class='ocrx_word' id='word_1_343' title='bbox 1743 3439 2020 3510; x_wconf 80' lang='lat' dir='ltr'><strong>proﬁcere</strong></span> 
     </span>
    </p>
   </div>
   <div class='ocr_carea' id='block_1_51' title="bbox 425 3532 2021 3604">
    <p class='ocr_par' dir='ltr' id='par_1_51' title="bbox 425 3532 2021 3604">
     <span class='ocr_line' id='line_1_51' title="bbox 425 3532 2021 3604; baseline -0.001 -19"><span class='ocrx_word' id='word_1_344' title='bbox 425 3539 637 3586; x_wconf 86' lang='lat' dir='ltr'><strong>tantum</strong></span> <span class='ocrx_word' id='word_1_345' title='bbox 665 3533 839 3601; x_wconf 74' lang='lat' dir='ltr'><strong>gratia</strong></span> <span class='ocrx_word' id='word_1_346' title='bbox 868 3532 1220 3604; x_wconf 85' lang='lat' dir='ltr'><strong>Symconem,</strong></span> <span class='ocrx_word' id='word_1_347' title='bbox 1250 3543 1519 3604; x_wconf 89' lang='lat' dir='ltr'><strong>quantum</strong></span> <span class='ocrx_word' id='word_1_348' title='bbox 1545 3543 1706 3588; x_wconf 66' lang='lat' dir='ltr'><strong>aetate</strong></span> <span class='ocrx_word' id='word_1_349' title='bbox 1729 3575 1742 3593; x_wconf 90' lang='lat'><strong>.</strong></span> <span class='ocrx_word' id='word_1_350' title='bbox 1784 3541 1841 3586; x_wconf 86' lang='lat' dir='ltr'><strong>et</strong></span> <span class='ocrx_word' id='word_1_351' title='bbox 1892 3547 2021 3601; x_wconf 88' lang='lat' dir='ltr'><strong>pro-</strong></span> 
     </span>
    </p>
   </div>
   <div class='ocr_carea' id='block_1_52' title="bbox 428 3624 2019 3696">
    <p class='ocr_par' dir='ltr' id='par_1_52' title="bbox 428 3624 2019 3696">
     <span class='ocr_line' id='line_1_52' title="bbox 428 3624 2019 3696; baseline -0.002 -16"><span class='ocrx_word' id='word_1_352' title='bbox 428 3627 552 3696; x_wconf 85' lang='lat' dir='ltr'><strong>pius</strong></span> <span class='ocrx_word' id='word_1_353' title='bbox 590 3625 856 3681; x_wconf 84' lang='lat' dir='ltr'><strong>accedere</strong></span> <span class='ocrx_word' id='word_1_354' title='bbox 886 3626 952 3680; x_wconf 89' lang='lat' dir='ltr'><strong>ad</strong></span> <span class='ocrx_word' id='word_1_355' title='bbox 986 3627 1182 3692; x_wconf 89' lang='lat' dir='ltr'><strong>Deum,</strong></span> <span class='ocrx_word' id='word_1_356' title='bbox 1215 3625 1310 3696; x_wconf 86' lang='lat' dir='ltr'><strong>qui</strong></span> <span class='ocrx_word' id='word_1_357' title='bbox 1351 3625 1655 3682; x_wconf 88' lang='lat' dir='ltr'><strong>accedebat</strong></span> <span class='ocrx_word' id='word_1_358' title='bbox 1692 3624 1800 3694; x_wconf 89' lang='lat' dir='ltr'><strong>ipsi</strong></span> <span class='ocrx_word' id='word_1_359' title='bbox 1832 3641 1845 3677; x_wconf 91' lang='lat'><strong>:</strong></span> <span class='ocrx_word' id='word_1_360' title='bbox 1881 3638 2019 3678; x_wconf 89' lang='lat' dir='ltr'><strong>con—</strong></span> 
     </span>
    </p>
   </div>
   <div class='ocr_carea' id='block_1_53' title="bbox 425 3715 2023 3789">
    <p class='ocr_par' dir='ltr' id='par_1_53' title="bbox 425 3715 2023 3789">
     <span class='ocr_line' id='line_1_53' title="bbox 425 3715 2023 3789; baseline -0.001 -18"><span class='ocrx_word' id='word_1_361' title='bbox 425 3717 677 3788; x_wconf 80' lang='lat' dir='ltr'><strong>spicatur</strong></span> <span class='ocrx_word' id='word_1_362' title='bbox 712 3733 908 3772; x_wconf 83' lang='lat' dir='ltr'><strong>rursus</strong></span> <span class='ocrx_word' id='word_1_363' title='bbox 940 3719 1157 3789; x_wconf 87' lang='lat' dir='ltr'><strong>(verum</strong></span> <span class='ocrx_word' id='word_1_364' title='bbox 1187 3734 1310 3788; x_wconf 76' lang='lat' dir='ltr'><strong>qua:</strong></span> <span class='ocrx_word' id='word_1_365' title='bbox 1334 3717 1556 3772; x_wconf 87' lang='lat' dir='ltr'><strong>dicendi</strong></span> <span class='ocrx_word' id='word_1_366' title='bbox 1595 3716 1825 3771; x_wconf 78' lang='lat' dir='ltr'><strong>facultas</strong></span> <span class='ocrx_word' id='word_1_367' title='bbox 1849 3715 2023 3784; x_wconf 81' lang='lat' dir='ltr'><strong>expli-</strong></span> 
     </span>
    </p>
   </div>
   <div class='ocr_carea' id='block_1_54' title="bbox 426 3804 2024 3878">
    <p class='ocr_par' dir='ltr' id='par_1_54' title="bbox 426 3804 2024 3878">
     <span class='ocr_line' id='line_1_54' title="bbox 426 3804 2024 3878; baseline -0.003 -16"><span class='ocrx_word' id='word_1_368' title='bbox 426 3817 534 3872; x_wconf 90' lang='lat' dir='ltr'><strong>cet,</strong></span> <span class='ocrx_word' id='word_1_369' title='bbox 575 3809 720 3878; x_wconf 91' lang='lat' dir='ltr'><strong>quod</strong></span> <span class='ocrx_word' id='word_1_370' title='bbox 772 3809 994 3862; x_wconf 86' lang='lat' dir='ltr'><strong>animus</strong></span> <span class='ocrx_word' id='word_1_371' title='bbox 1035 3809 1228 3878; x_wconf 88' lang='lat' dir='ltr'><strong>nequit</strong></span> <span class='ocrx_word' id='word_1_372' title='bbox 1273 3804 1794 3877; x_wconf 84' lang='lat' dir='ltr'><strong>comprehendere?</strong></span> <span class='ocrx_word' id='word_1_373' title='bbox 1825 3805 2024 3873; x_wconf 81' lang='lat' dir='ltr'><strong>caligat</strong></span> 
     </span>
    </p>
   </div>
   <div class='ocr_carea' id='block_1_55' title="bbox 425 3897 2028 3968">
    <p class='ocr_par' dir='ltr' id='par_1_55' title="bbox 425 3897 2028 3968">
     <span class='ocr_line' id='line_1_55' title="bbox 425 3897 2028 3968; baseline -0.002 -14"><span class='ocrx_word' id='word_1_374' title='bbox 425 3901 598 3964; x_wconf 87' lang='lat' dir='ltr'><strong>enim,</strong></span> <span class='ocrx_word' id='word_1_375' title='bbox 633 3901 774 3956; x_wconf 84' lang='lat' dir='ltr'><strong>facta</strong></span> <span class='ocrx_word' id='word_1_376' title='bbox 821 3903 998 3956; x_wconf 87' lang='lat' dir='ltr'><strong>solmn</strong></span> <span class='ocrx_word' id='word_1_377' title='bbox 1045 3902 1121 3956; x_wconf 90' lang='lat' dir='ltr'><strong>rei</strong></span> <span class='ocrx_word' id='word_1_378' title='bbox 1173 3900 1480 3964; x_wconf 87' lang='lat' dir='ltr'><strong>mentione,</strong></span> <span class='ocrx_word' id='word_1_379' title='bbox 1515 3899 1782 3968; x_wconf 87' lang='lat' dir='ltr'><strong>timetque</strong></span> <span class='ocrx_word' id='word_1_380' title='bbox 1835 3897 1902 3954; x_wconf 84' lang='lat' dir='ltr'><strong>ad</strong></span> <span class='ocrx_word' id='word_1_381' title='bbox 1941 3913 2028 3951; x_wconf 84' lang='lat' dir='ltr'><strong>re-</strong></span> 
     </span>
    </p>
   </div>
   <div class='ocr_carea' id='block_1_56' title="bbox 425 3987 2026 4066">
    <p class='ocr_par' dir='ltr' id='par_1_56' title="bbox 425 3987 2026 4066">
     <span class='ocr_line' id='line_1_56' title="bbox 425 3987 2026 4066; baseline -0.004 -17"><span class='ocrx_word' id='word_1_382' title='bbox 425 3995 574 4064; x_wconf 88' lang='lat' dir='ltr'><strong>liqua</strong></span> <span class='ocrx_word' id='word_1_383' title='bbox 609 3995 910 4066; x_wconf 79' lang='lat' dir='ltr'><strong>progredi),</strong></span> <span class='ocrx_word' id='word_1_384' title='bbox 935 3995 1313 4066; x_wconf 88' lang='lat' dir='ltr'><strong>conspicatur,</strong></span> <span class='ocrx_word' id='word_1_385' title='bbox 1353 3995 1600 4062; x_wconf 84' lang='lat' dir='ltr'><strong>inquam,</strong></span> <span class='ocrx_word' id='word_1_386' title='bbox 1633 3987 1928 4045; x_wconf 90' lang='lat' dir='ltr'><strong>Dominum</strong></span> <span class='ocrx_word' id='word_1_387' title='bbox 1961 4004 2026 4044; x_wconf 92' lang='lat' dir='ltr'><strong>ac</strong></span> 
     </span>
    </p>
   </div>
   <div class='ocr_carea' id='block_1_57' title="bbox 427 4083 2024 4154">
    <p class='ocr_par' dir='ltr' id='par_1_57' title="bbox 427 4083 2024 4154">
     <span class='ocr_line' id='line_1_57' title="bbox 427 4083 2024 4154; baseline -0.004 -11"><span class='ocrx_word' id='word_1_388' title='bbox 427 4090 600 4144; x_wconf 85' lang='lat' dir='ltr'><strong>Deum</strong></span> <span class='ocrx_word' id='word_1_389' title='bbox 633 4098 906 4143; x_wconf 83' lang='lat' dir='ltr'><strong>nostrum.</strong></span> <span class='ocrx_word' id='word_1_390' title='bbox 940 4089 1147 4144; x_wconf 72' lang='lat' dir='ltr'><strong>Przesto</strong></span> <span class='ocrx_word' id='word_1_391' title='bbox 1169 4094 1328 4142; x_wconf 91' lang='lat' dir='ltr'><strong>erant</strong></span> <span class='ocrx_word' id='word_1_392' title='bbox 1351 4091 1669 4140; x_wconf 86' lang='lat' dir='ltr'><strong>sanctorum</strong></span> <span class='ocrx_word' id='word_1_393' title='bbox 1705 4083 2024 4154; x_wconf 75' lang='lat' dir='ltr'><strong>angelorum</strong></span> 
     </span>
    </p>
   </div>
   <div class='ocr_carea' id='block_1_58' title="bbox 430 4176 2028 4253">
    <p class='ocr_par' dir='ltr' id='par_1_58' title="bbox 430 4176 2028 4253">
     <span class='ocr_line' id='line_1_58' title="bbox 430 4176 2028 4253; baseline -0.006 -17"><span class='ocrx_word' id='word_1_394' title='bbox 430 4195 646 4248; x_wconf 70' lang='lat' dir='ltr'><strong>turmaz,</strong></span> <span class='ocrx_word' id='word_1_395' title='bbox 689 4181 868 4238; x_wconf 88' lang='lat' dir='ltr'><strong>stabat</strong></span> <span class='ocrx_word' id='word_1_396' title='bbox 913 4197 1094 4253; x_wconf 88' lang='lat' dir='ltr'><strong>equus</strong></span> <span class='ocrx_word' id='word_1_397' title='bbox 1119 4188 1246 4236; x_wconf 88' lang='lat' dir='ltr'><strong>ante</strong></span> <span class='ocrx_word' id='word_1_398' title='bbox 1291 4177 1622 4250; x_wconf 78' lang='lat' dir='ltr'><strong>Symeonem</strong></span> <span class='ocrx_word' id='word_1_399' title='bbox 1673 4176 1860 4231; x_wconf 91' lang='lat' dir='ltr'><strong>colore</strong></span> <span class='ocrx_word' id='word_1_400' title='bbox 1896 4189 2028 4229; x_wconf 85' lang='lat' dir='ltr'><strong>ean-</strong></span> 
     </span>
    </p>
   </div>
   <div class='ocr_carea' id='block_1_59' title="bbox 428 4265 2024 4346">
    <p class='ocr_par' dir='ltr' id='par_1_59' title="bbox 428 4265 2024 4346">
     <span class='ocr_line' id='line_1_59' title="bbox 428 4265 2024 4346; baseline -0.004 -18"><span class='ocrx_word' id='word_1_401' title='bbox 428 4274 580 4338; x_wconf 86' lang='lat' dir='ltr'><strong>dido,</strong></span> <span class='ocrx_word' id='word_1_402' title='bbox 629 4274 954 4346; x_wconf 84' lang='lat' dir='ltr'><strong>angelorum</strong></span> <span class='ocrx_word' id='word_1_403' title='bbox 1021 4273 1188 4344; x_wconf 88' lang='lat' dir='ltr'><strong>primi</strong></span> <span class='ocrx_word' id='word_1_404' title='bbox 1235 4270 1492 4326; x_wconf 88' lang='lat' dir='ltr'><strong>ferebant</strong></span> <span class='ocrx_word' id='word_1_405' title='bbox 1545 4267 1820 4332; x_wconf 86' lang='lat' dir='ltr'><strong>diadema,</strong></span> <span class='ocrx_word' id='word_1_406' title='bbox 1875 4265 2024 4338; x_wconf 87' lang='lat' dir='ltr'><strong>quod</strong></span> 
     </span>
    </p>
   </div>
   <div class='ocr_carea' id='block_1_60' title="bbox 427 4359 2022 4436">
    <p class='ocr_par' dir='ltr' id='par_1_60' title="bbox 427 4359 2022 4436">
     <span class='ocr_line' id='line_1_60' title="bbox 427 4359 2022 4436; baseline -0.004 -15"><span class='ocrx_word' id='word_1_407' title='bbox 427 4375 552 4421; x_wconf 83' lang='lat' dir='ltr'><strong>erat</strong></span> <span class='ocrx_word' id='word_1_408' title='bbox 597 4375 666 4420; x_wconf 85' lang='lat' dir='ltr'><strong>ex</strong></span> <span class='ocrx_word' id='word_1_409' title='bbox 721 4367 966 4436; x_wconf 80' lang='lat' dir='ltr'><strong>pretioso</strong></span> <span class='ocrx_word' id='word_1_410' title='bbox 1008 4364 1213 4434; x_wconf 86' lang='lat' dir='ltr'><strong>lapide,</strong></span> <span class='ocrx_word' id='word_1_411' title='bbox 1259 4377 1508 4431; x_wconf 79' lang='lat' dir='ltr'><strong>cruxque</strong></span> <span class='ocrx_word' id='word_1_412' title='bbox 1539 4361 1694 4416; x_wconf 71' lang='lat' dir='ltr'><strong>allisa</strong></span> <span class='ocrx_word' id='word_1_413' title='bbox 1729 4359 1804 4414; x_wconf 90' lang='lat' dir='ltr'><strong>illi</strong></span> <span class='ocrx_word' id='word_1_414' title='bbox 1861 4369 2022 4425; x_wconf 90' lang='lat' dir='ltr'><strong>erat;</strong></span> 
     </span>
    </p>
   </div>
   <div class='ocr_carea' id='block_1_61' title="bbox 429 4451 2023 4524">
    <p class='ocr_par' dir='ltr' id='par_1_61' title="bbox 429 4451 2023 4524">
     <span class='ocr_line' id='line_1_61' title="bbox 429 4451 2023 4524; baseline -0.004 -14"><span class='ocrx_word' id='word_1_415' title='bbox 429 4465 487 4511; x_wconf 90' lang='lat' dir='ltr'><strong>et</strong></span> <span class='ocrx_word' id='word_1_416' title='bbox 533 4456 712 4520; x_wconf 86' lang='lat' dir='ltr'><strong>stella,</strong></span> <span class='ocrx_word' id='word_1_417' title='bbox 763 4455 816 4510; x_wconf 91' lang='lat' dir='ltr'><strong>in</strong></span> <span class='ocrx_word' id='word_1_418' title='bbox 864 4454 1091 4510; x_wconf 89' lang='lat' dir='ltr'><strong>modum</strong></span> <span class='ocrx_word' id='word_1_419' title='bbox 1121 4451 1355 4524; x_wconf 77' lang='lat' dir='ltr'><strong>fulguris</strong></span> <span class='ocrx_word' id='word_1_420' title='bbox 1400 4451 1768 4516; x_wconf 87' lang='lat' dir='ltr'><strong>coruscantis,</strong></span> <span class='ocrx_word' id='word_1_421' title='bbox 1793 4465 2023 4520; x_wconf 88' lang='lat' dir='ltr'><strong>supere-</strong></span> 
     </span>
    </p>
   </div>
   <div class='ocr_carea' id='block_1_62' title="bbox 2118 1961 3705 2038">
    <p class='ocr_par' dir='ltr' id='par_1_62' title="bbox 2118 1961 3705 2038">
     <span class='ocr_line' id='line_1_62' title="bbox 2118 1961 3705 2038; baseline -0.002 -19"><span class='ocrx_word' id='word_1_422' title='bbox 2118 1967 2446 2038; x_wconf 82' lang='grc' dir='ltr'>χρηστότητι</span> <span class='ocrx_word' id='word_1_423' title='bbox 2485 1967 2668 2033; x_wconf 84' lang='grc' dir='ltr'>πάλιν,</span> <span class='ocrx_word' id='word_1_424' title='bbox 2701 1967 2778 2031; x_wconf 81' lang='grc' dir='ltr'>ὡς</span> <span class='ocrx_word' id='word_1_425' title='bbox 2818 1967 2879 2020; x_wconf 85' lang='grc' dir='ltr'><strong>οὐ</strong></span> <span class='ocrx_word' id='word_1_426' title='bbox 2906 1965 3142 2038; x_wconf 74' lang='grc' dir='ltr'>παρόψει</span> <span class='ocrx_word' id='word_1_427' title='bbox 3186 1981 3277 2035; x_wconf 82' lang='grc' dir='ltr'><strong>με,</strong></span> <span class='ocrx_word' id='word_1_428' title='bbox 3325 1963 3569 2033; x_wconf 74' lang='grc' dir='ltr'>σφοδρῶς</span> <span class='ocrx_word' id='word_1_429' title='bbox 3607 1961 3705 2016; x_wconf 76' lang='grc' dir='ltr'>ὑπὸ</span> 
     </span>
    </p>
   </div>
   <div class='ocr_carea' id='block_1_63' title="bbox 2115 2055 3706 2130">
    <p class='ocr_par' dir='ltr' id='par_1_63' title="bbox 2115 2055 3706 2130">
     <span class='ocr_line' id='line_1_63' title="bbox 2115 2055 3706 2130; baseline -0.003 -18"><span class='ocrx_word' id='word_1_430' title='bbox 2115 2061 2214 2130; x_wconf 75' lang='grc' dir='ltr'>τῆς</span> <span class='ocrx_word' id='word_1_431' title='bbox 2263 2059 2479 2129; x_wconf 85' lang='grc' dir='ltr'>φύσεως</span> <span class='ocrx_word' id='word_1_432' title='bbox 2527 2059 2670 2113; x_wconf 77' lang='grc' dir='ltr'>οὕτω</span> <span class='ocrx_word' id='word_1_433' title='bbox 2721 2060 2789 2113; x_wconf 78' lang='grc' dir='ltr'>τὰ</span> <span class='ocrx_word' id='word_1_434' title='bbox 2840 2058 3128 2130; x_wconf 82' lang='grc' dir='ltr'>σπλάγχνα</span> <span class='ocrx_word' id='word_1_435' title='bbox 3166 2057 3481 2128; x_wconf 77' lang='grc' dir='ltr'>καιόμενον.</span> <span class='ocrx_word' id='word_1_436' title='bbox 3527 2055 3706 2108; x_wconf 82' lang='grc' dir='ltr'>Ἕλεον</span> 
     </span>
    </p>
   </div>
   <div class='ocr_carea' id='block_1_64' title="bbox 2116 2144 3705 2220">
    <p class='ocr_par' dir='ltr' id='par_1_64' title="bbox 2116 2144 3705 2220">
     <span class='ocr_line' id='line_1_64' title="bbox 2116 2144 3705 2220; baseline -0.003 -16"><span class='ocrx_word' id='word_1_437' title='bbox 2116 2153 2308 2206; x_wconf 89' lang='grc' dir='ltr'>τοῦτον</span> <span class='ocrx_word' id='word_1_438' title='bbox 2338 2153 2518 2206; x_wconf 77' lang='grc' dir='ltr'>τοίνυν</span> <span class='ocrx_word' id='word_1_439' title='bbox 2553 2151 2756 2217; x_wconf 81' lang='grc' dir='ltr'>λαϐὼν,</span> <span class='ocrx_word' id='word_1_440' title='bbox 2804 2154 2898 2206; x_wconf 73' lang='grc' dir='ltr'><strong>καὶ</strong></span> <span class='ocrx_word' id='word_1_441' title='bbox 2941 2154 3145 2220; x_wconf 87' lang='grc' dir='ltr'>γόνατα</span> <span class='ocrx_word' id='word_1_442' title='bbox 3176 2149 3296 2215; x_wconf 74' lang='grc' dir='ltr'>θεὶς</span> <span class='ocrx_word' id='word_1_443' title='bbox 3324 2148 3418 2202; x_wconf 78' lang='grc' dir='ltr'>ἐπὶ</span> <span class='ocrx_word' id='word_1_444' title='bbox 3453 2148 3577 2218; x_wconf 85' lang='grc' dir='ltr'>γῆν,</span> <span class='ocrx_word' id='word_1_445' title='bbox 3621 2144 3705 2200; x_wconf 86' lang='grc' dir='ltr'><strong>τοῦ</strong></span> 
     </span>
    </p>
   </div>
   <div class='ocr_carea' id='block_1_65' title="bbox 2118 2235 3708 2310">
    <p class='ocr_par' dir='ltr' id='par_1_65' title="bbox 2118 2235 3708 2310">
     <span class='ocr_line' id='line_1_65' title="bbox 2118 2235 3708 2310; baseline -0.004 -12"><span class='ocrx_word' id='word_1_446' title='bbox 2118 2245 2324 2298; x_wconf 73' lang='grc' dir='ltr'>ἄνωθεν</span> <span class='ocrx_word' id='word_1_447' title='bbox 2353 2245 2516 2298; x_wconf 83' lang='grc' dir='ltr'>πάλιν</span> <span class='ocrx_word' id='word_1_448' title='bbox 2544 2235 2708 2308; x_wconf 73' lang='grc' dir='ltr'>αὺτδς</span> <span class='ocrx_word' id='word_1_449' title='bbox 2729 2244 2914 2307; x_wconf 76' lang='grc' dir='ltr'>ἐλέους</span> <span class='ocrx_word' id='word_1_450' title='bbox 2937 2243 3128 2307; x_wconf 78' lang='grc' dir='ltr'>ἐδεῖτο,</span> <span class='ocrx_word' id='word_1_451' title='bbox 3161 2243 3260 2294; x_wconf 81' lang='grc' dir='ltr'>καὶ</span> <span class='ocrx_word' id='word_1_452' title='bbox 3287 2241 3452 2309; x_wconf 78' lang='grc' dir='ltr'>γνοὺς</span> <span class='ocrx_word' id='word_1_453' title='bbox 3477 2237 3708 2310; x_wconf 76' lang='grc' dir='ltr'>ἀπορρήο</span> 
     </span>
    </p>
   </div>
   <div class='ocr_carea' id='block_1_66' title="bbox 2116 2330 3706 2408">
    <p class='ocr_par' dir='ltr' id='par_1_66' title="bbox 2116 2330 3706 2408">
     <span class='ocr_line' id='line_1_66' title="bbox 2116 2330 3706 2408; baseline 0.003 -20"><span class='ocrx_word' id='word_1_454' title='bbox 2116 2354 2224 2398; x_wconf 81' lang='grc' dir='ltr'><strong>τως</strong></span> <span class='ocrx_word' id='word_1_455' title='bbox 2272 2336 2377 2389; x_wconf 79' lang='grc' dir='ltr'><strong>ὑπὸ</strong></span> <span class='ocrx_word' id='word_1_456' title='bbox 2417 2337 2515 2407; x_wconf 80' lang='grc' dir='ltr'>τῆς</span> <span class='ocrx_word' id='word_1_457' title='bbox 2557 2337 2780 2408; x_wconf 86' lang='grc' dir='ltr'>χάριτος</span> <span class='ocrx_word' id='word_1_458' title='bbox 2815 2335 2915 2406; x_wconf 80' lang='grc' dir='ltr'>τὴν</span> <span class='ocrx_word' id='word_1_459' title='bbox 2944 2338 3022 2399; x_wconf 87' lang='grc' dir='ltr'><strong>είς</strong></span> <span class='ocrx_word' id='word_1_460' title='bbox 3063 2335 3154 2388; x_wconf 76' lang='grc' dir='ltr'>τὸν</span> <span class='ocrx_word' id='word_1_461' title='bbox 3187 2333 3360 2387; x_wconf 86' lang='grc' dir='ltr'>παῖδα</span> <span class='ocrx_word' id='word_1_462' title='bbox 3399 2331 3502 2402; x_wconf 84' lang='grc' dir='ltr'>τῆς</span> <span class='ocrx_word' id='word_1_463' title='bbox 3537 2330 3706 2402; x_wconf 72' lang='grc' dir='ltr'><strong>ψυχῆς</strong></span> 
     </span>
    </p>
   </div>
   <div class='ocr_carea' id='block_1_67' title="bbox 2119 2420 3706 2498">
    <p class='ocr_par' dir='ltr' id='par_1_67' title="bbox 2119 2420 3706 2498">
     <span class='ocr_line' id='line_1_67' title="bbox 2119 2420 3706 2498; baseline -0.003 -17"><span class='ocrx_word' id='word_1_464' title='bbox 2119 2427 2274 2490; x_wconf 84' lang='grc' dir='ltr'>αῦθις</span> <span class='ocrx_word' id='word_1_465' title='bbox 2306 2428 2584 2492; x_wconf 74' lang='grc' dir='ltr'>ἐπάνοδον,</span> <span class='ocrx_word' id='word_1_466' title='bbox 2619 2428 2880 2493; x_wconf 71' lang='grc' dir='ltr'>ἀναστὰς,</span> <span class='ocrx_word' id='word_1_467' title='bbox 2902 2427 3020 2490; x_wconf 69' lang='grc' dir='ltr'>,καὶ</span> <span class='ocrx_word' id='word_1_468' title='bbox 3059 2426 3195 2498; x_wconf 72' lang='grc' dir='ltr'>πρὸς</span> <span class='ocrx_word' id='word_1_469' title='bbox 3226 2426 3323 2480; x_wconf 76' lang='grc' dir='ltr'>τὸν</span> <span class='ocrx_word' id='word_1_470' title='bbox 3369 2424 3584 2496; x_wconf 83' lang='grc' dir='ltr'>πατέρα</span> <span class='ocrx_word' id='word_1_471' title='bbox 3618 2420 3706 2476; x_wconf 83' lang='grc' dir='ltr'><strong>τοῦ</strong></span> 
     </span>
    </p>
   </div>
   <div class='ocr_carea' id='block_1_68' title="bbox 2120 2513 3707 2589">
    <p class='ocr_par' dir='ltr' id='par_1_68' title="bbox 2120 2513 3707 2589">
     <span class='ocr_line' id='line_1_68' title="bbox 2120 2513 3707 2589; baseline -0.002 -19"><span class='ocrx_word' id='word_1_472' title='bbox 2120 2516 2311 2581; x_wconf 83' lang='grc' dir='ltr'>παιδὸς</span> <span class='ocrx_word' id='word_1_473' title='bbox 2345 2519 2724 2588; x_wconf 72' lang='grc' dir='ltr'>ἐπιστραφεὶς,</span> <span class='ocrx_word' id='word_1_474' title='bbox 2769 2517 2858 2571; x_wconf 88' lang='grc' dir='ltr'>Ἐν</span> <span class='ocrx_word' id='word_1_475' title='bbox 2895 2517 3146 2588; x_wconf 69' lang='grc' dir='ltr'>ὀνόματι,</span> <span class='ocrx_word' id='word_1_476' title='bbox 3175 2519 3338 2589; x_wconf 71' lang='grc' dir='ltr'>φησὶ,</span> <span class='ocrx_word' id='word_1_477' title='bbox 3381 2514 3477 2570; x_wconf 84' lang='grc' dir='ltr'><strong>τοῦ</strong></span> <span class='ocrx_word' id='word_1_478' title='bbox 3509 2513 3707 2586; x_wconf 82' lang='grc' dir='ltr'>Κυρίου</span> 
     </span>
    </p>
   </div>
   <div class='ocr_carea' id='block_1_69' title="bbox 2119 2604 3698 2681">
    <p class='ocr_par' dir='ltr' id='par_1_69' title="bbox 2119 2604 3698 2681">
     <span class='ocr_line' id='line_1_69' title="bbox 2119 2604 3698 2681; baseline -0.003 -19"><span class='ocrx_word' id='word_1_479' title='bbox 2119 2610 2276 2680; x_wconf 83' lang='grc' dir='ltr'>ήμῶν</span> <span class='ocrx_word' id='word_1_480' title='bbox 2314 2610 2488 2681; x_wconf 87' lang='grc' dir='ltr'>Ἰησοῦ</span> <span class='ocrx_word' id='word_1_481' title='bbox 2523 2609 2760 2681; x_wconf 79' lang='grc' dir='ltr'>Χριστοῦ</span> <span class='ocrx_word' id='word_1_482' title='bbox 2797 2610 3050 2680; x_wconf 77' lang='grc' dir='ltr'>πορεύου,</span> <span class='ocrx_word' id='word_1_483' title='bbox 3072 2610 3100 2662; x_wconf 77' lang='grc' dir='ltr'>ὁ</span> <span class='ocrx_word' id='word_1_484' title='bbox 3125 2609 3240 2674; x_wconf 82' lang='grc' dir='ltr'>υίὸς</span> <span class='ocrx_word' id='word_1_485' title='bbox 3275 2625 3372 2662; x_wconf 91' lang='grc' dir='ltr'><strong>σου</strong></span> <span class='ocrx_word' id='word_1_486' title='bbox 3401 2607 3492 2679; x_wconf 75' lang='grc' dir='ltr'><strong>ζῇ.</strong></span> <span class='ocrx_word' id='word_1_487' title='bbox 3535 2605 3592 2660; x_wconf 87' lang='lat'><strong>&#39;0</strong></span> <span class='ocrx_word' id='word_1_488' title='bbox 3623 2604 3698 2670; x_wconf 83' lang='grc' dir='ltr'><strong>δὲ,</strong></span> 
     </span>
    </p>
   </div>
   <div class='ocr_carea' id='block_1_70' title="bbox 2117 2697 3710 2774">
    <p class='ocr_par' dir='ltr' id='par_1_70' title="bbox 2117 2697 3710 2774">
     <span class='ocr_line' id='line_1_70' title="bbox 2117 2697 3710 2774; baseline -0.003 -20"><span class='ocrx_word' id='word_1_489' title='bbox 2117 2702 2194 2772; x_wconf 87' lang='grc' dir='ltr'><strong>τῷ</strong></span> <span class='ocrx_word' id='word_1_490' title='bbox 2229 2701 2371 2772; x_wconf 68' lang='grc' dir='ltr'>λόγῳ</span> <span class='ocrx_word' id='word_1_491' title='bbox 2406 2702 2752 2774; x_wconf 72' lang='grc' dir='ltr'>παραχρῆμα</span> <span class='ocrx_word' id='word_1_492' title='bbox 2788 2701 3107 2766; x_wconf 83' lang='grc' dir='ltr'>πιστεύσας,</span> <span class='ocrx_word' id='word_1_493' title='bbox 3142 2701 3241 2754; x_wconf 62' lang='grc' dir='ltr'><strong>καλ⁸</strong></span> <span class='ocrx_word' id='word_1_494' title='bbox 3271 2697 3458 2754; x_wconf 73' lang='grc' dir='ltr'>οἴκαδε</span> <span class='ocrx_word' id='word_1_495' title='bbox 3495 2697 3592 2767; x_wconf 77' lang='grc' dir='ltr'>τὴν</span> <span class='ocrx_word' id='word_1_496' title='bbox 3619 2712 3710 2750; x_wconf 86' lang='grc' dir='ltr'>τα-</span> 
     </span>
    </p>
   </div>
   <div class='ocr_carea' id='block_1_71' title="bbox 2117 2785 3711 2862">
    <p class='ocr_par' dir='ltr' id='par_1_71' title="bbox 2117 2785 3711 2862">
     <span class='ocr_line' id='line_1_71' title="bbox 2117 2785 3711 2862; baseline -0.004 -18"><span class='ocrx_word' id='word_1_497' title='bbox 2117 2792 2310 2862; x_wconf 78' lang='grc' dir='ltr'>χίστην</span> <span class='ocrx_word' id='word_1_498' title='bbox 2337 2791 2652 2846; x_wconf 80' lang='grc' dir='ltr'>ἐπανελθὼν</span> <span class='ocrx_word' id='word_1_499' title='bbox 2688 2789 2864 2862; x_wconf 87' lang='grc' dir='ltr'>(ποία,</span> <span class='ocrx_word' id='word_1_500' title='bbox 2906 2791 3036 2862; x_wconf 86' lang='grc' dir='ltr'>μόνε</span> <span class='ocrx_word' id='word_1_501' title='bbox 3075 2791 3183 2844; x_wconf 85' lang='grc' dir='ltr'><strong>τῶν</strong></span> <span class='ocrx_word' id='word_1_502' title='bbox 3230 2788 3450 2845; x_wconf 79' lang='grc' dir='ltr'>αἰώνων</span> <span class='ocrx_word' id='word_1_503' title='bbox 3487 2785 3711 2842; x_wconf 55' lang='lat' dir='ltr'><strong>suam;</strong></span> 
     </span>
    </p>
   </div>
   <div class='ocr_carea' id='block_1_72' title="bbox 2120 2875 3728 2954">
    <p class='ocr_par' dir='ltr' id='par_1_72' title="bbox 2120 2875 3728 2954">
     <span class='ocr_line' id='line_1_72' title="bbox 2120 2875 3728 2954; baseline -0.003 -20"><span class='ocrx_word' id='word_1_504' title='bbox 2120 2881 2366 2954; x_wconf 80' lang='grc' dir='ltr'>βασιλεῦ,</span> <span class='ocrx_word' id='word_1_505' title='bbox 2384 2883 2522 2954; x_wconf 77' lang='grc' dir='ltr'>ἀκοὴ</span> <span class='ocrx_word' id='word_1_506' title='bbox 2541 2881 2730 2953; x_wconf 81' lang='grc' dir='ltr'>θαῦμα</span> <span class='ocrx_word' id='word_1_507' title='bbox 2753 2881 3006 2936; x_wconf 57' lang='grc' dir='ltr'>τοσαῦτον</span> <span class='ocrx_word' id='word_1_508' title='bbox 3039 2879 3297 2952; x_wconf 80' lang='grc' dir='ltr'>χωρῆσαι</span> <span class='ocrx_word' id='word_1_509' title='bbox 3323 2880 3611 2952; x_wconf 84' lang='grc' dir='ltr'>δυνήσεται</span> <span class='ocrx_word' id='word_1_510' title='bbox 3636 2875 3728 2946; x_wconf 72' lang='grc' dir='ltr'>ί),</span> 
     </span>
    </p>
   </div>
   <div class='ocr_carea' id='block_1_73' title="bbox 2119 2966 3714 3046">
    <p class='ocr_par' dir='ltr' id='par_1_73' title="bbox 2119 2966 3714 3046">
     <span class='ocr_line' id='line_1_73' title="bbox 2119 2966 3714 3046; baseline 0.001 -20"><span class='ocrx_word' id='word_1_511' title='bbox 2119 2973 2301 3039; x_wconf 79' lang='grc' dir='ltr'>ζῶντα</span> <span class='ocrx_word' id='word_1_512' title='bbox 2321 2975 2412 3028; x_wconf 76' lang='grc' dir='ltr'><strong>τδν</strong></span> <span class='ocrx_word' id='word_1_513' title='bbox 2441 2975 2557 3029; x_wconf 74' lang='grc' dir='ltr'>υἱὸν</span> <span class='ocrx_word' id='word_1_514' title='bbox 2587 2973 2832 3046; x_wconf 80' lang='grc' dir='ltr'>εὑρίσκει</span> <span class='ocrx_word' id='word_1_515' title='bbox 2850 2991 2864 3005; x_wconf 82' lang='lat'><strong>&#39;</strong></span> <span class='ocrx_word' id='word_1_516' title='bbox 2898 2973 2956 3028; x_wconf 80' lang='grc' dir='ltr'><strong>δν</strong></span> <span class='ocrx_word' id='word_1_517' title='bbox 2980 2975 3076 3028; x_wconf 75' lang='grc' dir='ltr'>καὶ</span> <span class='ocrx_word' id='word_1_518' title='bbox 3096 2972 3286 3026; x_wconf 82' lang='grc' dir='ltr'>λαϐὼν</span> <span class='ocrx_word' id='word_1_519' title='bbox 3313 2973 3502 3038; x_wconf 80' lang='grc' dir='ltr'>εὐθὺς,</span> <span class='ocrx_word' id='word_1_520' title='bbox 3525 2971 3557 3042; x_wconf 71' lang='grc' dir='ltr'><strong>ἢ</strong></span> <span class='ocrx_word' id='word_1_521' title='bbox 3590 2966 3714 3039; x_wconf 80' lang='grc' dir='ltr'>παρ’</span> 
     </span>
    </p>
   </div>
   <div class='ocr_carea' id='block_1_74' title="bbox 2121 3063 3712 3138">
    <p class='ocr_par' dir='ltr' id='par_1_74' title="bbox 2121 3063 3712 3138">
     <span class='ocr_line' id='line_1_74' title="bbox 2121 3063 3712 3138; baseline -0.004 -17"><span class='ocrx_word' id='word_1_522' title='bbox 2121 3067 2311 3121; x_wconf 77' lang='grc' dir='ltr'>ἐλπίδα</span> <span class='ocrx_word' id='word_1_523' title='bbox 2355 3068 2556 3136; x_wconf 81' lang='grc' dir='ltr'>μᾶλλον</span> <span class='ocrx_word' id='word_1_524' title='bbox 2586 3066 2902 3133; x_wconf 85' lang='grc' dir='ltr'>ἀπολαϐὼν,</span> <span class='ocrx_word' id='word_1_525' title='bbox 2943 3068 3040 3120; x_wconf 76' lang='grc' dir='ltr'>καὶ</span> <span class='ocrx_word' id='word_1_526' title='bbox 3082 3066 3220 3138; x_wconf 78' lang='grc' dir='ltr'>πρὸς</span> <span class='ocrx_word' id='word_1_527' title='bbox 3242 3067 3337 3120; x_wconf 80' lang='grc' dir='ltr'><strong>τὸν</strong></span> <span class='ocrx_word' id='word_1_528' title='bbox 3364 3065 3556 3134; x_wconf 75' lang='grc' dir='ltr'>’Δγιον</span> <span class='ocrx_word' id='word_1_529' title='bbox 3588 3063 3712 3116; x_wconf 80' lang='grc' dir='ltr'>ἀνα-</span> 
     </span>
    </p>
   </div>
   <div class='ocr_carea' id='block_1_75' title="bbox 2127 3155 3714 3230">
    <p class='ocr_par' dir='ltr' id='par_1_75' title="bbox 2127 3155 3714 3230">
     <span class='ocr_line' id='line_1_75' title="bbox 2127 3155 3714 3230; baseline -0.004 -18"><span class='ocrx_word' id='word_1_530' title='bbox 2127 3159 2385 3230; x_wconf 71' lang='grc' dir='ltr'>στρέψας,</span> <span class='ocrx_word' id='word_1_531' title='bbox 2445 3158 2608 3224; x_wconf 86' lang='grc' dir='ltr'>ποίας</span> <span class='ocrx_word' id='word_1_532' title='bbox 2661 3158 3056 3230; x_wconf 86' lang='grc' dir='ltr'>ἀγαλλιωμένῳ</span> <span class='ocrx_word' id='word_1_533' title='bbox 3115 3158 3352 3230; x_wconf 82' lang='grc' dir='ltr'>στόματι</span> <span class='ocrx_word' id='word_1_534' title='bbox 3397 3156 3580 3228; x_wconf 85' lang='grc' dir='ltr'>φωνὰς</span> <span class='ocrx_word' id='word_1_535' title='bbox 3619 3155 3714 3208; x_wconf 83' lang='grc' dir='ltr'>οὐκ</span> 
     </span>
    </p>
   </div>
   <div class='ocr_carea' id='block_1_76' title="bbox 2126 3247 3716 3324">
    <p class='ocr_par' dir='ltr' id='par_1_76' title="bbox 2126 3247 3716 3324">
     <span class='ocr_line' id='line_1_76' title="bbox 2126 3247 3716 3324; baseline -0.001 -21"><span class='ocrx_word' id='word_1_536' title='bbox 2126 3251 2314 3321; x_wconf 55' lang='lat' dir='ltr'><strong>teter;</strong></span> <span class='ocrx_word' id='word_1_537' title='bbox 2345 3251 2496 3316; x_wconf 86' lang='grc' dir='ltr'>τίνας</span> <span class='ocrx_word' id='word_1_538' title='bbox 2537 3253 2636 3305; x_wconf 87' lang='grc' dir='ltr'><strong>οὐκ</strong></span> <span class='ocrx_word' id='word_1_539' title='bbox 2659 3251 3110 3324; x_wconf 84' lang='grc' dir='ltr'>εὐχαριστηρίους</span> <span class='ocrx_word' id='word_1_540' title='bbox 3139 3250 3353 3322; x_wconf 83' lang='grc' dir='ltr'>’ύμνους</span> <span class='ocrx_word' id='word_1_541' title='bbox 3378 3249 3499 3322; x_wconf 87' lang='grc' dir='ltr'>Θεῷ</span> <span class='ocrx_word' id='word_1_542' title='bbox 3531 3250 3623 3304; x_wconf 71' lang='grc' dir='ltr'>καὶ</span> <span class='ocrx_word' id='word_1_543' title='bbox 3645 3247 3716 3319; x_wconf 81' lang='grc' dir='ltr'><strong>τῷ</strong></span> 
     </span>
    </p>
   </div>
   <div class='ocr_carea' id='block_1_77' title="bbox 2123 3347 2641 3416">
    <p class='ocr_par' dir='ltr' id='par_1_77' title="bbox 2123 3347 2641 3416">
     <span class='ocr_line' id='line_1_77' title="bbox 2123 3347 2641 3416; baseline 0.008 -18"><span class='ocrx_word' id='word_1_544' title='bbox 2123 3347 2350 3416; x_wconf 77' lang='grc' dir='ltr'>Συμεὼν</span> <span class='ocrx_word' id='word_1_545' title='bbox 2379 3349 2641 3415; x_wconf 77' lang='grc' dir='ltr'>ἀπεδίδως</span> 
     </span>
    </p>
   </div>
   <div class='ocr_carea' id='block_1_78' title="bbox 2169 3434 3718 3516">
    <p class='ocr_par' dir='ltr' id='par_1_78' title="bbox 2169 3434 3718 3516">
     <span class='ocr_line' id='line_1_78' title="bbox 2169 3434 3718 3516; baseline 0.002 -28"><span class='ocrx_word' id='word_1_546' title='bbox 2169 3439 2288 3494; x_wconf 77' lang='grc' dir='ltr'><strong>.νό¹.</strong></span> <span class='ocrx_word' id='word_1_547' title='bbox 2329 3434 2430 3494; x_wconf 77' lang='grc' dir='ltr'><strong>Οἷα</strong></span> <span class='ocrx_word' id='word_1_548' title='bbox 2478 3440 2536 3494; x_wconf 80' lang='grc' dir='ltr'>δὲ</span> <span class='ocrx_word' id='word_1_549' title='bbox 2585 3441 2733 3505; x_wconf 75' lang='grc' dir='ltr'>εἰκὸς</span> <span class='ocrx_word' id='word_1_550' title='bbox 2785 3442 3122 3512; x_wconf 80' lang='grc' dir='ltr'>προκόπτειν</span> <span class='ocrx_word' id='word_1_551' title='bbox 3164 3439 3366 3516; x_wconf 78' lang='grc' dir='ltr'>ὥσπερ</span> <span class='ocrx_word' id='word_1_552' title='bbox 3414 3440 3600 3512; x_wconf 79' lang='grc' dir='ltr'>ἡλικίᾳ</span> <span class='ocrx_word' id='word_1_553' title='bbox 3632 3437 3718 3492; x_wconf 80' lang='grc' dir='ltr'>τὸν</span> 
     </span>
    </p>
   </div>
   <div class='ocr_carea' id='block_1_79' title="bbox 2123 3529 3718 3606">
    <p class='ocr_par' dir='ltr' id='par_1_79' title="bbox 2123 3529 3718 3606">
     <span class='ocr_line' id='line_1_79' title="bbox 2123 3529 3718 3606; baseline -0.001 -21"><span class='ocrx_word' id='word_1_554' title='bbox 2123 3531 2369 3602; x_wconf 82' lang='grc' dir='ltr'>Συμεὼν,</span> <span class='ocrx_word' id='word_1_555' title='bbox 2407 3532 2548 3586; x_wconf 76' lang='grc' dir='ltr'>οὕτω</span> <span class='ocrx_word' id='word_1_556' title='bbox 2581 3535 2674 3586; x_wconf 71' lang='grc' dir='ltr'><strong>καὶ</strong></span> <span class='ocrx_word' id='word_1_557' title='bbox 2714 3535 2934 3606; x_wconf 82' lang='grc' dir='ltr'>χάριτι,</span> <span class='ocrx_word' id='word_1_558' title='bbox 2959 3536 3054 3590; x_wconf 72' lang='grc' dir='ltr'>καὶ</span> <span class='ocrx_word' id='word_1_559' title='bbox 3093 3533 3302 3606; x_wconf 79' lang='grc' dir='ltr'>μᾶλλον</span> <span class='ocrx_word' id='word_1_560' title='bbox 3335 3533 3576 3603; x_wconf 75' lang='grc' dir='ltr'>ἐγγίζειν</span> <span class='ocrx_word' id='word_1_561' title='bbox 3607 3529 3718 3600; x_wconf 77' lang='grc' dir='ltr'>θεῷ</span> 
     </span>
    </p>
   </div>
   <div class='ocr_carea' id='block_1_80' title="bbox 2125 3616 3720 3694">
    <p class='ocr_par' dir='ltr' id='par_1_80' title="bbox 2125 3616 3720 3694">
     <span class='ocr_line' id='line_1_80' title="bbox 2125 3616 3720 3694; baseline -0.003 -19"><span class='ocrx_word' id='word_1_562' title='bbox 2125 3621 2204 3692; x_wconf 82' lang='grc' dir='ltr'><strong>τῷ</strong></span> <span class='ocrx_word' id='word_1_563' title='bbox 2238 3619 2512 3690; x_wconf 76' lang='grc' dir='ltr'>ἐγγίζοντι</span> <span class='ocrx_word' id='word_1_564' title='bbox 2534 3662 2550 3685; x_wconf 92' lang='grc'><strong>,</strong></span> <span class='ocrx_word' id='word_1_565' title='bbox 2614 3623 2716 3693; x_wconf 74' lang='grc' dir='ltr'><strong>ὁρᾷ</strong></span> <span class='ocrx_word' id='word_1_566' title='bbox 2749 3619 2888 3694; x_wconf 78' lang='grc' dir='ltr'>μετὰ</span> <span class='ocrx_word' id='word_1_567' title='bbox 2914 3621 3088 3677; x_wconf 85' lang='grc' dir='ltr'>ταῦτα</span> <span class='ocrx_word' id='word_1_568' title='bbox 3113 3621 3283 3676; x_wconf 81' lang='grc' dir='ltr'>πάλιν</span> <span class='ocrx_word' id='word_1_569' title='bbox 3318 3621 3479 3694; x_wconf 85' lang='grc' dir='ltr'>(ἀλλὰ</span> <span class='ocrx_word' id='word_1_570' title='bbox 3515 3619 3630 3682; x_wconf 86' lang='grc' dir='ltr'>πῶς</span> <span class='ocrx_word' id='word_1_571' title='bbox 3659 3616 3720 3670; x_wconf 75' lang='grc' dir='ltr'><strong>ἂν</strong></span> 
     </span>
    </p>
   </div>
   <div class='ocr_carea' id='block_1_81' title="bbox 2124 3713 3718 3788">
    <p class='ocr_par' dir='ltr' id='par_1_81' title="bbox 2124 3713 3718 3788">
     <span class='ocr_line' id='line_1_81' title="bbox 2124 3713 3718 3788; baseline -0.002 -22"><span class='ocrx_word' id='word_1_572' title='bbox 2124 3715 2192 3768; x_wconf 73' lang='grc' dir='ltr'><strong>τὰ</strong></span> <span class='ocrx_word' id='word_1_573' title='bbox 2232 3715 2366 3784; x_wconf 78' lang='grc' dir='ltr'>μηδὲ</span> <span class='ocrx_word' id='word_1_574' title='bbox 2409 3715 2486 3786; x_wconf 87' lang='grc' dir='ltr'><strong>νῷ</strong></span> <span class='ocrx_word' id='word_1_575' title='bbox 2552 3715 2736 3782; x_wconf 86' lang='grc' dir='ltr'>ληπτὰ</span> <span class='ocrx_word' id='word_1_576' title='bbox 2791 3715 2950 3784; x_wconf 80' lang='grc' dir='ltr'>λόγος</span> <span class='ocrx_word' id='word_1_577' title='bbox 3001 3713 3349 3788; x_wconf 79' lang='grc' dir='ltr'>ἑρμηνεῦσαι</span> <span class='ocrx_word' id='word_1_578' title='bbox 3403 3714 3718 3784; x_wconf 83' lang='grc' dir='ltr'>δυνήσεται;</span> 
     </span>
    </p>
   </div>
   <div class='ocr_carea' id='block_1_82' title="bbox 2130 3805 3719 3881">
    <p class='ocr_par' dir='ltr' id='par_1_82' title="bbox 2130 3805 3719 3881">
     <span class='ocr_line' id='line_1_82' title="bbox 2130 3805 3719 3881; baseline -0.003 -22"><span class='ocrx_word' id='word_1_579' title='bbox 2130 3807 2336 3878; x_wconf 83' lang='grc' dir='ltr'>ίλιγγιᾷ</span> <span class='ocrx_word' id='word_1_580' title='bbox 2387 3809 2494 3878; x_wconf 74' lang='grc' dir='ltr'><strong>γὰρ</strong></span> <span class='ocrx_word' id='word_1_581' title='bbox 2538 3809 2638 3878; x_wconf 69' lang='grc' dir='ltr'><strong>ήδη</strong></span> <span class='ocrx_word' id='word_1_582' title='bbox 2675 3809 2770 3862; x_wconf 73' lang='grc' dir='ltr'><strong>καὶ</strong></span> <span class='ocrx_word' id='word_1_583' title='bbox 2821 3808 2957 3880; x_wconf 77' lang='grc' dir='ltr'>πρὸς</span> <span class='ocrx_word' id='word_1_584' title='bbox 2997 3808 3098 3880; x_wconf 84' lang='grc' dir='ltr'><strong>τὴν</strong></span> <span class='ocrx_word' id='word_1_585' title='bbox 3147 3809 3406 3881; x_wconf 83' lang='grc' dir='ltr'>μνήμην,</span> <span class='ocrx_word' id='word_1_586' title='bbox 3453 3808 3550 3862; x_wconf 72' lang='grc' dir='ltr'>καὶ</span> <span class='ocrx_word' id='word_1_587' title='bbox 3592 3805 3719 3858; x_wconf 83' lang='grc' dir='ltr'>δέδιε</span> 
     </span>
    </p>
   </div>
   <div class='ocr_carea' id='block_1_83' title="bbox 2130 3895 3722 3972">
    <p class='ocr_par' dir='ltr' id='par_1_83' title="bbox 2130 3895 3722 3972">
     <span class='ocr_line' id='line_1_83' title="bbox 2130 3895 3722 3972; baseline -0.004 -20"><span class='ocrx_word' id='word_1_588' title='bbox 2130 3899 2438 3968; x_wconf 74' lang='grc' dir='ltr'>προσϐῆναι</span> <span class='ocrx_word' id='word_1_589' title='bbox 2469 3901 2578 3962; x_wconf 85' lang='grc' dir='ltr'>τοῖς</span> <span class='ocrx_word' id='word_1_590' title='bbox 2635 3898 2877 3970; x_wconf 72' lang='grc' dir='ltr'>ἐφεξῆς),</span> <span class='ocrx_word' id='word_1_591' title='bbox 2923 3899 3028 3972; x_wconf 75' lang='grc' dir='ltr'><strong>ὁρᾷ</strong></span> <span class='ocrx_word' id='word_1_592' title='bbox 3060 3899 3362 3970; x_wconf 86' lang='grc' dir='ltr'>τοιγαροῦν</span> <span class='ocrx_word' id='word_1_593' title='bbox 3401 3899 3496 3952; x_wconf 76' lang='grc' dir='ltr'>τὸν</span> <span class='ocrx_word' id='word_1_594' title='bbox 3525 3895 3722 3965; x_wconf 83' lang='grc' dir='ltr'>Κύριον</span> 
     </span>
    </p>
   </div>
   <div class='ocr_carea' id='block_1_84' title="bbox 2127 3988 3724 4064">
    <p class='ocr_par' dir='ltr' id='par_1_84' title="bbox 2127 3988 3724 4064">
     <span class='ocr_line' id='line_1_84' title="bbox 2127 3988 3724 4064; baseline -0.003 -20"><span class='ocrx_word' id='word_1_595' title='bbox 2127 3989 2282 4061; x_wconf 82' lang='grc' dir='ltr'>ήμῶν</span> <span class='ocrx_word' id='word_1_596' title='bbox 2311 3993 2404 4044; x_wconf 73' lang='grc' dir='ltr'><strong>καὶ</strong></span> <span class='ocrx_word' id='word_1_597' title='bbox 2443 3991 2577 4044; x_wconf 83' lang='grc' dir='ltr'>Θεὸν</span> <span class='ocrx_word' id='word_1_598' title='bbox 2603 4031 2618 4055; x_wconf 90' lang='grc'><strong>,</strong></span> <span class='ocrx_word' id='word_1_599' title='bbox 2656 3993 3017 4064; x_wconf 85' lang='grc' dir='ltr'>παρειστήκει</span> <span class='ocrx_word' id='word_1_600' title='bbox 3050 3992 3107 4045; x_wconf 82' lang='grc' dir='ltr'>δὲ</span> <span class='ocrx_word' id='word_1_601' title='bbox 3137 3993 3234 4046; x_wconf 71' lang='grc' dir='ltr'>καὶ</span> <span class='ocrx_word' id='word_1_602' title='bbox 3267 3991 3434 4046; x_wconf 84' lang='grc' dir='ltr'>θείων</span> <span class='ocrx_word' id='word_1_603' title='bbox 3485 3988 3724 4060; x_wconf 83' lang='grc' dir='ltr'>ἀγγέλων</span> 
     </span>
    </p>
   </div>
   <div class='ocr_carea' id='block_1_85' title="bbox 2126 4075 3724 4156">
    <p class='ocr_par' dir='ltr' id='par_1_85' title="bbox 2126 4075 3724 4156">
     <span class='ocr_line' id='line_1_85' title="bbox 2126 4075 3724 4156; baseline -0.004 -19"><span class='ocrx_word' id='word_1_604' title='bbox 2126 4084 2405 4154; x_wconf 80' lang='grc' dir='ltr'>τάγματα,</span> <span class='ocrx_word' id='word_1_605' title='bbox 2431 4083 2597 4144; x_wconf 76' lang='grc' dir='ltr'>ἵππος</span> <span class='ocrx_word' id='word_1_606' title='bbox 2617 4101 2676 4138; x_wconf 91' lang='grc' dir='ltr'><strong>τε</strong></span> <span class='ocrx_word' id='word_1_607' title='bbox 2708 4085 2814 4155; x_wconf 84' lang='grc' dir='ltr'><strong>πρὸ</strong></span> <span class='ocrx_word' id='word_1_608' title='bbox 2838 4083 2931 4138; x_wconf 87' lang='grc' dir='ltr'><strong>τοῦ</strong></span> <span class='ocrx_word' id='word_1_609' title='bbox 2965 4083 3191 4155; x_wconf 89' lang='grc' dir='ltr'>Συμεὼν</span> <span class='ocrx_word' id='word_1_610' title='bbox 3216 4085 3472 4156; x_wconf 77' lang='grc' dir='ltr'>εἱστήκει</span> <span class='ocrx_word' id='word_1_611' title='bbox 3502 4081 3564 4136; x_wconf 77' lang='grc' dir='ltr'>τὸ</span> <span class='ocrx_word' id='word_1_612' title='bbox 3592 4075 3724 4142; x_wconf 82' lang='grc' dir='ltr'>εἶδος</span> 
     </span>
    </p>
   </div>
   <div class='ocr_carea' id='block_1_86' title="bbox 2125 4170 3726 4248">
    <p class='ocr_par' dir='ltr' id='par_1_86' title="bbox 2125 4170 3726 4248">
     <span class='ocr_line' id='line_1_86' title="bbox 2125 4170 3726 4248; baseline -0.001 -20"><span class='ocrx_word' id='word_1_613' title='bbox 2125 4174 2318 4237; x_wconf 73' lang='grc' dir='ltr'>λευκὸς</span> <span class='ocrx_word' id='word_1_614' title='bbox 2350 4215 2364 4238; x_wconf 91' lang='grc'><strong>,</strong></span> <span class='ocrx_word' id='word_1_615' title='bbox 2400 4177 2496 4230; x_wconf 75' lang='grc' dir='ltr'><strong>καὶ</strong></span> <span class='ocrx_word' id='word_1_616' title='bbox 2523 4176 2762 4248; x_wconf 79' lang='grc' dir='ltr'>διάδημα</span> <span class='ocrx_word' id='word_1_617' title='bbox 2796 4177 3054 4247; x_wconf 82' lang='grc' dir='ltr'>φέροντες</span> <span class='ocrx_word' id='word_1_618' title='bbox 3079 4176 3190 4230; x_wconf 85' lang='grc' dir='ltr'>τῶν</span> <span class='ocrx_word' id='word_1_619' title='bbox 3216 4173 3480 4247; x_wconf 72' lang='grc' dir='ltr'>ἀγγέλων</span> <span class='ocrx_word' id='word_1_620' title='bbox 3504 4177 3554 4230; x_wconf 78' lang='grc' dir='ltr'>οἱ</span> <span class='ocrx_word' id='word_1_621' title='bbox 3581 4170 3726 4244; x_wconf 84' lang='grc' dir='ltr'>πρῶ·</span> 
     </span>
    </p>
   </div>
   <div class='ocr_carea' id='block_1_87' title="bbox 2124 4265 3723 4341">
    <p class='ocr_par' dir='ltr' id='par_1_87' title="bbox 2124 4265 3723 4341">
     <span class='ocr_line' id='line_1_87' title="bbox 2124 4265 3723 4341; baseline -0.001 -21"><span class='ocrx_word' id='word_1_622' title='bbox 2124 4285 2232 4334; x_wconf 87' lang='grc' dir='ltr'>τοι,</span> <span class='ocrx_word' id='word_1_623' title='bbox 2255 4265 2322 4340; x_wconf 82' lang='grc' dir='ltr'>ἦν</span> <span class='ocrx_word' id='word_1_624' title='bbox 2353 4269 2409 4322; x_wconf 78' lang='grc' dir='ltr'>δὲ</span> <span class='ocrx_word' id='word_1_625' title='bbox 2443 4270 2553 4339; x_wconf 81' lang='grc' dir='ltr'>ἄρα</span> <span class='ocrx_word' id='word_1_626' title='bbox 2583 4268 2735 4323; x_wconf 82' lang='grc' dir='ltr'>λίθου</span> <span class='ocrx_word' id='word_1_627' title='bbox 2771 4269 2978 4341; x_wconf 89' lang='grc' dir='ltr'>τιμίου,</span> <span class='ocrx_word' id='word_1_628' title='bbox 3010 4271 3246 4341; x_wconf 87' lang='grc' dir='ltr'>σταυρός</span> <span class='ocrx_word' id='word_1_629' title='bbox 3279 4285 3340 4324; x_wconf 85' lang='grc' dir='ltr'><strong>τε</strong></span> <span class='ocrx_word' id='word_1_630' title='bbox 3374 4268 3527 4338; x_wconf 86' lang='grc' dir='ltr'>αῦτῷ</span> <span class='ocrx_word' id='word_1_631' title='bbox 3559 4281 3723 4338; x_wconf 85' lang='grc' dir='ltr'>προσ-</span> 
     </span>
    </p>
   </div>
   <div class='ocr_carea' id='block_1_88' title="bbox 2127 4361 3728 4435">
    <p class='ocr_par' dir='ltr' id='par_1_88' title="bbox 2127 4361 3728 4435">
     <span class='ocr_line' id='line_1_88' title="bbox 2127 4361 3728 4435; baseline -0.002 -20"><span class='ocrx_word' id='word_1_632' title='bbox 2127 4365 2418 4434; x_wconf 87' lang='grc' dir='ltr'>επεπήγει,</span> <span class='ocrx_word' id='word_1_633' title='bbox 2443 4363 2538 4416; x_wconf 74' lang='grc' dir='ltr'><strong>καὶ</strong></span> <span class='ocrx_word' id='word_1_634' title='bbox 2556 4363 2734 4434; x_wconf 79' lang='grc' dir='ltr'>ἀστὴρ</span> <span class='ocrx_word' id='word_1_635' title='bbox 2753 4364 2853 4418; x_wconf 83' lang='grc' dir='ltr'>ὅσα</span> <span class='ocrx_word' id='word_1_636' title='bbox 2877 4364 2971 4417; x_wconf 80' lang='grc' dir='ltr'>καὶ</span> <span class='ocrx_word' id='word_1_637' title='bbox 2991 4361 3250 4435; x_wconf 77' lang='grc' dir='ltr'>ἀστραπὴ</span> <span class='ocrx_word' id='word_1_638' title='bbox 3278 4363 3537 4434; x_wconf 78' lang='grc' dir='ltr'>φωτίζων</span> <span class='ocrx_word' id='word_1_639' title='bbox 3565 4361 3728 4430; x_wconf 83' lang='grc' dir='ltr'>ὑπερ-</span> 
     </span>
    </p>
   </div>
   <div class='ocr_carea' id='block_1_89' title="bbox 2127 4449 3726 4526">
    <p class='ocr_par' dir='ltr' id='par_1_89' title="bbox 2127 4449 3726 4526">
     <span class='ocr_line' id='line_1_89' title="bbox 2127 4449 3726 4526; baseline -0.005 -16"><span class='ocrx_word' id='word_1_640' title='bbox 2127 4459 2361 4526; x_wconf 87' lang='grc' dir='ltr'>ανεῑχεν,</span> <span class='ocrx_word' id='word_1_641' title='bbox 2399 4454 2539 4508; x_wconf 84' lang='grc' dir='ltr'>ὥστε</span> <span class='ocrx_word' id='word_1_642' title='bbox 2569 4455 2886 4526; x_wconf 77' lang='grc' dir='ltr'>περιϐαλεῖν</span> <span class='ocrx_word' id='word_1_643' title='bbox 2927 4455 3092 4510; x_wconf 78' lang='grc' dir='ltr'>αὐτὸν</span> <span class='ocrx_word' id='word_1_644' title='bbox 3131 4454 3296 4510; x_wconf 87' lang='grc' dir='ltr'>τοῦτο</span> <span class='ocrx_word' id='word_1_645' title='bbox 3338 4455 3438 4509; x_wconf 71' lang='grc' dir='ltr'><strong>καὶ</strong></span> <span class='ocrx_word' id='word_1_646' title='bbox 3479 4449 3726 4525; x_wconf 80' lang='grc' dir='ltr'>βασιλεῦ·</span> 
     </span>
    </p>
   </div>
   <div class='ocr_carea' id='block_1_90' title="bbox 432 4541 2018 4626">
    <p class='ocr_par' dir='ltr' id='par_1_90' title="bbox 432 4541 2018 4614">
     <span class='ocr_line' id='line_1_90' title="bbox 432 4541 2018 4614; baseline -0.002 -15"><span class='ocrx_word' id='word_1_647' title='bbox 432 4545 698 4612; x_wconf 79' lang='lat' dir='ltr'><strong>minebat,</strong></span> <span class='ocrx_word' id='word_1_648' title='bbox 733 4545 1180 4614; x_wconf 84' lang='lat' dir='ltr'><strong>videbanturque</strong></span> <span class='ocrx_word' id='word_1_649' title='bbox 1247 4544 1342 4597; x_wconf 91' lang='lat' dir='ltr'><strong>illo</strong></span> <span class='ocrx_word' id='word_1_650' title='bbox 1377 4541 1641 4597; x_wconf 87' lang='lat' dir='ltr'><strong>redimire</strong></span> <span class='ocrx_word' id='word_1_651' title='bbox 1692 4541 2018 4612; x_wconf 78' lang='lat' dir='ltr'><strong>Symeoncm</strong></span> 
     </span>
    </p>
   </div>
   <div class='ocr_carea' id='block_1_91' title="bbox 2125 4541 3724 4626">
    <p class='ocr_par' dir='ltr' id='par_1_91' title="bbox 2131 4543 3724 4620">
     <span class='ocr_line' id='line_1_91' title="bbox 2131 4543 3724 4620; baseline -0.006 -17"><span class='ocrx_word' id='word_1_652' title='bbox 2131 4567 2240 4603; x_wconf 90' lang='grc' dir='ltr'>σαι.</span> <span class='ocrx_word' id='word_1_653' title='bbox 2293 4549 2353 4602; x_wconf 82' lang='lat'><strong>&#39;0</strong></span> <span class='ocrx_word' id='word_1_654' title='bbox 2391 4547 2448 4600; x_wconf 83' lang='grc' dir='ltr'><strong>δὲ</strong></span> <span class='ocrx_word' id='word_1_655' title='bbox 2493 4548 2629 4618; x_wconf 75' lang='grc' dir='ltr'>πρὸς</span> <span class='ocrx_word' id='word_1_656' title='bbox 2665 4549 2900 4612; x_wconf 76' lang='grc' dir='ltr'>αὐτοῦς,</span> <span class='ocrx_word' id='word_1_657' title='bbox 2939 4549 3054 4602; x_wconf 74' lang='grc' dir='ltr'>Οὐκ</span> <span class='ocrx_word' id='word_1_658' title='bbox 3089 4545 3502 4620; x_wconf 84' lang='grc' dir='ltr'>ἀφαιρήσεσθε,</span> <span class='ocrx_word' id='word_1_659' title='bbox 3547 4543 3724 4614; x_wconf 73' lang='grc' dir='ltr'>φησὶν,</span> 
     </span>
    </p>
   </div>
   <div class='ocr_carea' id='block_1_92' title="bbox 429 4634 2019 4710">
    <p class='ocr_par' dir='ltr' id='par_1_92' title="bbox 429 4634 2019 4710">
     <span class='ocr_line' id='line_1_92' title="bbox 429 4634 2019 4710; baseline -0.004 -16"><span class='ocrx_word' id='word_1_660' title='bbox 429 4649 486 4694; x_wconf 77' lang='lat' dir='ltr'><strong>ct</strong></span> <span class='ocrx_word' id='word_1_661' title='bbox 530 4650 721 4694; x_wconf 69' lang='lat' dir='ltr'><strong>ci&#39;eare</strong></span> <span class='ocrx_word' id='word_1_662' title='bbox 773 4653 978 4710; x_wconf 78' lang='lat' dir='ltr'><strong>regem.</strong></span> <span class='ocrx_word' id='word_1_663' title='bbox 1032 4637 1136 4692; x_wconf 88' lang='lat' dir='ltr'><strong>llic</strong></span> <span class='ocrx_word' id='word_1_664' title='bbox 1177 4645 1364 4690; x_wconf 89' lang='lat' dir='ltr'><strong>autem</strong></span> <span class='ocrx_word' id='word_1_665' title='bbox 1395 4635 1474 4689; x_wconf 89' lang='lat' dir='ltr'><strong>ita</strong></span> <span class='ocrx_word' id='word_1_666' title='bbox 1517 4634 1640 4689; x_wconf 83' lang='lat' dir='ltr'><strong>illos</strong></span> <span class='ocrx_word' id='word_1_667' title='bbox 1687 4635 2019 4705; x_wconf 90' lang='lat' dir='ltr'><strong>alloquitur:</strong></span> 
     </span>
    </p>
   </div>
   <div class='ocr_carea' id='block_1_93' title="bbox 432 4723 2023 4796">
    <p class='ocr_par' dir='ltr' id='par_1_93' title="bbox 432 4723 2023 4796">
     <span class='ocr_line' id='line_1_93' title="bbox 432 4723 2023 4796; baseline -0.003 -12"><span class='ocrx_word' id='word_1_668' title='bbox 432 4727 552 4784; x_wconf 84' lang='lat' dir='ltr'><strong>Non</strong></span> <span class='ocrx_word' id='word_1_669' title='bbox 607 4727 872 4784; x_wconf 85' lang='lat' dir='ltr'><strong>auferetis</strong></span> <span class='ocrx_word' id='word_1_670' title='bbox 909 4725 1044 4782; x_wconf 89' lang='lat' dir='ltr'><strong>mihi</strong></span> <span class='ocrx_word' id='word_1_671' title='bbox 1099 4724 1288 4778; x_wconf 89' lang='lat' dir='ltr'><strong>tritam</strong></span> <span class='ocrx_word' id='word_1_672' title='bbox 1319 4723 1464 4778; x_wconf 89' lang='lat' dir='ltr'><strong>hanc</strong></span> <span class='ocrx_word' id='word_1_673' title='bbox 1511 4724 1809 4790; x_wconf 86' lang='lat' dir='ltr'><strong>laeernam,</strong></span> <span class='ocrx_word' id='word_1_674' title='bbox 1857 4741 2023 4796; x_wconf 85' lang='lat' dir='ltr'><strong>quam</strong></span> 
     </span>
    </p>
   </div>
   <div class='ocr_carea' id='block_1_94' title="bbox 431 4813 2026 4887">
    <p class='ocr_par' dir='ltr' id='par_1_94' title="bbox 431 4813 2026 4887">
     <span class='ocr_line' id='line_1_94' title="bbox 431 4813 2026 4887; baseline 0.002 -18"><span class='ocrx_word' id='word_1_675' title='bbox 431 4831 534 4885; x_wconf 85' lang='lat' dir='ltr'><strong>pro</strong></span> <span class='ocrx_word' id='word_1_676' title='bbox 575 4816 754 4887; x_wconf 77' lang='lat' dir='ltr'><strong>gloria</strong></span> <span class='ocrx_word' id='word_1_677' title='bbox 795 4816 1000 4873; x_wconf 84' lang='lat' dir='ltr'><strong>Christi</strong></span> <span class='ocrx_word' id='word_1_678' title='bbox 1050 4815 1281 4870; x_wconf 77' lang='lat' dir='ltr'><strong>indotus</strong></span> <span class='ocrx_word' id='word_1_679' title='bbox 1319 4829 1464 4870; x_wconf 90' lang='lat' dir='ltr'><strong>sum.</strong></span> <span class='ocrx_word' id='word_1_680' title='bbox 1500 4813 1584 4870; x_wconf 89' lang='lat' dir='ltr'><strong>Illi</strong></span> <span class='ocrx_word' id='word_1_681' title='bbox 1643 4825 1838 4870; x_wconf 88' lang='lat' dir='ltr'><strong>contra</strong></span> <span class='ocrx_word' id='word_1_682' title='bbox 1873 4834 1886 4872; x_wconf 88' lang='lat'><strong>:</strong></span> <span class='ocrx_word' id='word_1_683' title='bbox 1919 4817 2026 4872; x_wconf 91' lang='lat' dir='ltr'><strong>Per</strong></span> 
     </span>
    </p>
   </div>
   <div class='ocr_carea' id='block_1_95' title="bbox 433 4907 2018 4980">
    <p class='ocr_par' dir='ltr' id='par_1_95' title="bbox 433 4907 2018 4980">
     <span class='ocr_line' id='line_1_95' title="bbox 433 4907 2018 4980; baseline 0.003 -18"><span class='ocrx_word' id='word_1_684' title='bbox 433 4908 560 4973; x_wconf 91' lang='lat' dir='ltr'><strong>hoc,</strong></span> <span class='ocrx_word' id='word_1_685' title='bbox 609 4907 889 4979; x_wconf 88' lang='lat' dir='ltr'><strong>inquiunt.</strong></span> <span class='ocrx_word' id='word_1_686' title='bbox 920 4907 1033 4964; x_wconf 88' lang='lat' dir='ltr'><strong>Deo</strong></span> <span class='ocrx_word' id='word_1_687' title='bbox 1077 4909 1308 4980; x_wconf 83' lang='lat' dir='ltr'><strong>ejusque</strong></span> <span class='ocrx_word' id='word_1_688' title='bbox 1339 4909 1620 4980; x_wconf 81' lang='lat' dir='ltr'><strong>unigenito</strong></span> <span class='ocrx_word' id='word_1_689' title='bbox 1667 4909 1809 4966; x_wconf 90' lang='lat' dir='ltr'><strong>Filio</strong></span> <span class='ocrx_word' id='word_1_690' title='bbox 1863 4926 2018 4966; x_wconf 62' lang='lat' dir='ltr'><strong>eorm</strong></span> 
     </span>
    </p>
   </div>
   <div class='ocr_carea' id='block_1_96' title="bbox 433 5001 2026 5074">
    <p class='ocr_par' dir='ltr' id='par_1_96' title="bbox 433 5001 2026 5074">
     <span class='ocr_line' id='line_1_96' title="bbox 433 5001 2026 5074; baseline 0.003 -20"><span class='ocrx_word' id='word_1_691' title='bbox 433 5008 616 5066; x_wconf 83' lang='lat' dir='ltr'><strong>nator,</strong></span> <span class='ocrx_word' id='word_1_692' title='bbox 677 5007 734 5056; x_wconf 88' lang='lat' dir='ltr'><strong>et</strong></span> <span class='ocrx_word' id='word_1_693' title='bbox 781 5003 1043 5070; x_wconf 84' lang='lat' dir='ltr'><strong>tanquam</strong></span> <span class='ocrx_word' id='word_1_694' title='bbox 1092 5015 1397 5071; x_wconf 87' lang='lat' dir='ltr'><strong>purpuram</strong></span> <span class='ocrx_word' id='word_1_695' title='bbox 1452 5001 1699 5058; x_wconf 85' lang='lat' dir='ltr'><strong>induitor</strong></span> <span class='ocrx_word' id='word_1_696' title='bbox 1753 5001 2026 5074; x_wconf 90' lang='lat' dir='ltr'><strong>Spiritum</strong></span> 
     </span>
    </p>
   </div>
   <div class='ocr_carea' id='block_1_97' title="bbox 434 5090 2026 5158">
    <p class='ocr_par' dir='ltr' id='par_1_97' title="bbox 434 5090 2026 5158">
     <span class='ocr_line' id='line_1_97' title="bbox 434 5090 2026 5158; baseline 0.003 -13"><span class='ocrx_word' id='word_1_697' title='bbox 434 5099 726 5158; x_wconf 82' lang='lat' dir='ltr'><strong>sanctum;</strong></span> <span class='ocrx_word' id='word_1_698' title='bbox 757 5097 815 5145; x_wconf 88' lang='lat' dir='ltr'><strong>et</strong></span> <span class='ocrx_word' id='word_1_699' title='bbox 853 5090 1234 5148; x_wconf 85' lang='lat' dir='ltr'><strong>doininaberis</strong></span> <span class='ocrx_word' id='word_1_700' title='bbox 1277 5108 1402 5148; x_wconf 93' lang='lat' dir='ltr'><strong>cum</strong></span> <span class='ocrx_word' id='word_1_701' title='bbox 1431 5093 1612 5148; x_wconf 87' lang='lat' dir='ltr'><strong>beatis</strong></span> <span class='ocrx_word' id='word_1_702' title='bbox 1659 5094 1940 5150; x_wconf 87' lang='lat' dir='ltr'><strong>mentibus</strong></span> <span class='ocrx_word' id='word_1_703' title='bbox 1970 5095 2026 5150; x_wconf 92' lang='lat' dir='ltr'><strong>in</strong></span> 
     </span>
    </p>
   </div>
   <div class='ocr_carea' id='block_1_98' title="bbox 427 5179 2028 5256">
    <p class='ocr_par' dir='ltr' id='par_1_98' title="bbox 427 5179 2028 5256">
     <span class='ocr_line' id='line_1_98' title="bbox 427 5179 2028 5256; baseline 0.005 -22"><span class='ocrx_word' id='word_1_704' title='bbox 427 5179 612 5252; x_wconf 75' lang='lat' dir='ltr'><strong>regno</strong></span> <span class='ocrx_word' id='word_1_705' title='bbox 637 5193 922 5250; x_wconf 85' lang='lat' dir='ltr'><strong>nunquam</strong></span> <span class='ocrx_word' id='word_1_706' title='bbox 949 5181 1321 5238; x_wconf 88' lang='lat' dir='ltr'><strong>terminando.</strong></span> <span class='ocrx_word' id='word_1_707' title='bbox 1347 5185 1711 5256; x_wconf 88' lang='lat' dir='ltr'><strong>Posteaquam</strong></span> <span class='ocrx_word' id='word_1_708' title='bbox 1731 5183 1852 5240; x_wconf 59' lang='lat' dir='ltr'><strong>haec</strong></span> <span class='ocrx_word' id='word_1_709' title='bbox 1879 5185 2028 5242; x_wconf 87' lang='lat' dir='ltr'><strong>dicta</strong></span> 
     </span>
    </p>
   </div>
   <div class='ocr_carea' id='block_1_99' title="bbox 432 5273 2026 5350">
    <p class='ocr_par' dir='ltr' id='par_1_99' title="bbox 432 5273 2026 5350">
     <span class='ocr_line' id='line_1_99' title="bbox 432 5273 2026 5350; baseline 0.002 -20"><span class='ocrx_word' id='word_1_710' title='bbox 432 5274 653 5344; x_wconf 73' lang='lat' dir='ltr'><strong>excepit</strong></span> <span class='ocrx_word' id='word_1_711' title='bbox 712 5273 990 5346; x_wconf 79' lang='lat' dir='ltr'><strong>Symeon,</strong></span> <span class='ocrx_word' id='word_1_712' title='bbox 1058 5276 1470 5349; x_wconf 82' lang='lat' dir='ltr'><strong>inexplebiliter</strong></span> <span class='ocrx_word' id='word_1_713' title='bbox 1529 5277 1587 5334; x_wconf 88' lang='lat' dir='ltr'><strong>in</strong></span> <span class='ocrx_word' id='word_1_714' title='bbox 1633 5279 2026 5350; x_wconf 88' lang='lat' dir='ltr'><strong>corpusculum</strong></span> 
     </span>
    </p>
   </div>
   <div class='ocr_carea' id='block_1_100' title="bbox 433 5367 2024 5442">
    <p class='ocr_par' dir='ltr' id='par_1_100' title="bbox 433 5367 2024 5442">
     <span class='ocr_line' id='line_1_100' title="bbox 433 5367 2024 5442; baseline 0.004 -22"><span class='ocrx_word' id='word_1_715' title='bbox 433 5381 598 5421; x_wconf 86' lang='lat' dir='ltr'><strong>suum</strong></span> <span class='ocrx_word' id='word_1_716' title='bbox 648 5367 840 5422; x_wconf 79' lang='lat' dir='ltr'><strong>saevire</strong></span> <span class='ocrx_word' id='word_1_717' title='bbox 887 5367 1144 5440; x_wconf 86' lang='lat' dir='ltr'><strong>cupidus.</strong></span> <span class='ocrx_word' id='word_1_718' title='bbox 1197 5370 1497 5442; x_wconf 91' lang='lat' dir='ltr'><strong>divellique</strong></span> <span class='ocrx_word' id='word_1_719' title='bbox 1534 5387 1567 5426; x_wconf 87' lang='lat' dir='ltr'><strong>a</strong></span> <span class='ocrx_word' id='word_1_720' title='bbox 1612 5370 1822 5427; x_wconf 90' lang='lat' dir='ltr'><strong>mundo</strong></span> <span class='ocrx_word' id='word_1_721' title='bbox 1861 5387 2024 5426; x_wconf 85' lang='lat' dir='ltr'><strong>mun-</strong></span> 
     </span>
    </p>
   </div>
   <div class='ocr_carea' id='block_1_101' title="bbox 435 5453 2024 5533">
    <p class='ocr_par' dir='ltr' id='par_1_101' title="bbox 435 5453 2024 5533">
     <span class='ocr_line' id='line_1_101' title="bbox 435 5453 2024 5533; baseline 0.008 -27"><span class='ocrx_word' id='word_1_722' title='bbox 435 5453 604 5523; x_wconf 85' lang='lat' dir='ltr'><strong>dique</strong></span> <span class='ocrx_word' id='word_1_723' title='bbox 634 5455 821 5518; x_wconf 82' lang='lat' dir='ltr'><strong>rebus,</strong></span> <span class='ocrx_word' id='word_1_724' title='bbox 861 5466 918 5513; x_wconf 84' lang='lat' dir='ltr'><strong>et</strong></span> <span class='ocrx_word' id='word_1_725' title='bbox 965 5459 1196 5530; x_wconf 82' lang='lat' dir='ltr'><strong>propius</strong></span> <span class='ocrx_word' id='word_1_726' title='bbox 1254 5461 1322 5516; x_wconf 91' lang='lat' dir='ltr'><strong>ad</strong></span> <span class='ocrx_word' id='word_1_727' title='bbox 1369 5462 1545 5518; x_wconf 88' lang='lat' dir='ltr'><strong>Deum</strong></span> <span class='ocrx_word' id='word_1_728' title='bbox 1607 5461 1909 5533; x_wconf 87' lang='lat' dir='ltr'><strong>divinaque</strong></span> <span class='ocrx_word' id='word_1_729' title='bbox 1931 5477 2024 5518; x_wconf 89' lang='lat' dir='ltr'><strong>ac-</strong></span> 
     </span>
    </p>
   </div>
   <div class='ocr_carea' id='block_1_102' title="bbox 435 5545 2031 5621">
    <p class='ocr_par' dir='ltr' id='par_1_102' title="bbox 435 5545 2031 5621">
     <span class='ocr_line' id='line_1_102' title="bbox 435 5545 2031 5621; baseline 0.01 -22"><span class='ocrx_word' id='word_1_730' title='bbox 435 5545 637 5602; x_wconf 85' lang='lat' dir='ltr'><strong>cedere</strong></span> <span class='ocrx_word' id='word_1_731' title='bbox 688 5545 940 5614; x_wconf 75' lang='lat' dir='ltr'><strong>feStinus,</strong></span> <span class='ocrx_word' id='word_1_732' title='bbox 981 5551 1261 5609; x_wconf 87' lang='lat' dir='ltr'><strong>irretortis</strong></span> <span class='ocrx_word' id='word_1_733' title='bbox 1293 5553 1350 5608; x_wconf 90' lang='lat' dir='ltr'><strong>in</strong></span> <span class='ocrx_word' id='word_1_734' title='bbox 1383 5551 1680 5610; x_wconf 85' lang='lat' dir='ltr'><strong>Dominum</strong></span> <span class='ocrx_word' id='word_1_735' title='bbox 1715 5556 1914 5621; x_wconf 90' lang='lat' dir='ltr'><strong>oculis,</strong></span> <span class='ocrx_word' id='word_1_736' title='bbox 1949 5557 2031 5615; x_wconf 87' lang='lat' dir='ltr'><strong>sic</strong></span> 
     </span>
    </p>
   </div>
   <div class='ocr_carea' id='block_1_103' title="bbox 438 5634 2028 5716">
    <p class='ocr_par' dir='ltr' id='par_1_103' title="bbox 438 5634 2028 5716">
     <span class='ocr_line' id='line_1_103' title="bbox 438 5634 2028 5716; baseline 0.009 -27"><span class='ocrx_word' id='word_1_737' title='bbox 438 5634 618 5704; x_wconf 86' lang='lat' dir='ltr'><strong>inquit</strong></span> <span class='ocrx_word' id='word_1_738' title='bbox 646 5653 666 5695; x_wconf 77' lang='grc' dir='ltr'><strong>ι,</strong></span> <span class='ocrx_word' id='word_1_739' title='bbox 691 5637 926 5698; x_wconf 71' lang='lat' dir='ltr'><strong>&quot;Domine</strong></span> <span class='ocrx_word' id='word_1_740' title='bbox 957 5648 1015 5697; x_wconf 90' lang='lat' dir='ltr'><strong>et</strong></span> <span class='ocrx_word' id='word_1_741' title='bbox 1043 5641 1302 5699; x_wconf 82' lang='lat' dir='ltr'><strong>conditor</strong></span> <span class='ocrx_word' id='word_1_742' title='bbox 1336 5660 1524 5701; x_wconf 87' lang='lat' dir='ltr'><strong>rerum</strong></span> <span class='ocrx_word' id='word_1_743' title='bbox 1552 5645 1820 5712; x_wconf 89' lang='lat' dir='ltr'><strong>omnium,</strong></span> <span class='ocrx_word' id='word_1_744' title='bbox 1851 5661 2028 5716; x_wconf 88' lang='lat' dir='ltr'><strong>quan-</strong></span> 
     </span>
    </p>
   </div>
   <div class='ocr_carea' id='block_1_104' title="bbox 438 5724 2028 5806">
    <p class='ocr_par' dir='ltr' id='par_1_104' title="bbox 438 5724 2028 5806">
     <span class='ocr_line' id='line_1_104' title="bbox 438 5724 2028 5806; baseline 0.009 -29"><span class='ocrx_word' id='word_1_745' title='bbox 438 5724 736 5796; x_wconf 85' lang='lat' dir='ltr'><strong>doquidem</strong></span> <span class='ocrx_word' id='word_1_746' title='bbox 775 5746 863 5786; x_wconf 90' lang='lat' dir='ltr'><strong>me</strong></span> <span class='ocrx_word' id='word_1_747' title='bbox 894 5732 1184 5806; x_wconf 79' lang='lat' dir='ltr'><strong>indignum</strong></span> <span class='ocrx_word' id='word_1_748' title='bbox 1234 5734 1494 5806; x_wconf 82' lang='lat' dir='ltr'><strong>dignatus</strong></span> <span class='ocrx_word' id='word_1_749' title='bbox 1536 5734 1710 5792; x_wconf 89' lang='lat' dir='ltr'><strong>fueris</strong></span> <span class='ocrx_word' id='word_1_750' title='bbox 1748 5736 1867 5806; x_wconf 90' lang='lat' dir='ltr'><strong>pari</strong></span> <span class='ocrx_word' id='word_1_751' title='bbox 1904 5753 2028 5792; x_wconf 88' lang='lat' dir='ltr'><strong>cum</strong></span> 
     </span>
    </p>
   </div>
   <div class='ocr_carea' id='block_1_105' title="bbox 443 5819 2030 5902">
    <p class='ocr_par' dir='ltr' id='par_1_105' title="bbox 443 5819 2030 5902">
     <span class='ocr_line' id='line_1_105' title="bbox 443 5819 2030 5902; baseline 0.011 -30"><span class='ocrx_word' id='word_1_752' title='bbox 443 5819 648 5876; x_wconf 67' lang='lat' dir='ltr'><strong>sanctis</strong></span> <span class='ocrx_word' id='word_1_753' title='bbox 679 5822 788 5880; x_wconf 88' lang='lat' dir='ltr'><strong>tuis</strong></span> <span class='ocrx_word' id='word_1_754' title='bbox 819 5825 995 5898; x_wconf 76' lang='lat' dir='ltr'><strong>gloria</strong></span> <span class='ocrx_word' id='word_1_755' title='bbox 1025 5834 1192 5897; x_wconf 86' lang='lat' dir='ltr'><strong>atque</strong></span> <span class='ocrx_word' id='word_1_756' title='bbox 1237 5841 1441 5898; x_wconf 73' lang='lat' dir='ltr'><strong>regno;</strong></span> <span class='ocrx_word' id='word_1_757' title='bbox 1473 5843 1670 5898; x_wconf 87' lang='lat' dir='ltr'><strong>precor</strong></span> <span class='ocrx_word' id='word_1_758' title='bbox 1720 5830 2030 5902; x_wconf 76' lang='lat' dir='ltr'><strong>benignita-</strong></span> 
     </span>
    </p>
   </div>
   <div class='ocr_carea' id='block_1_106' title="bbox 2133 4633 3728 4711">
    <p class='ocr_par' dir='ltr' id='par_1_106' title="bbox 2133 4633 3728 4711">
     <span class='ocr_line' id='line_1_106' title="bbox 2133 4633 3728 4711; baseline -0.005 -17"><span class='ocrx_word' id='word_1_759' title='bbox 2133 4642 2226 4695; x_wconf 86' lang='grc' dir='ltr'><strong>ἀπ’</strong></span> <span class='ocrx_word' id='word_1_760' title='bbox 2255 4640 2391 4710; x_wconf 81' lang='grc' dir='ltr'>ἐμοῦ</span> <span class='ocrx_word' id='word_1_761' title='bbox 2441 4639 2504 4693; x_wconf 78' lang='grc' dir='ltr'><strong>τὸ</strong></span> <span class='ocrx_word' id='word_1_762' title='bbox 2551 4641 2795 4710; x_wconf 82' lang='grc' dir='ltr'>τρίχινον</span> <span class='ocrx_word' id='word_1_763' title='bbox 2835 4639 3040 4710; x_wconf 77' lang='grc' dir='ltr'>ἔνδυμα</span> <span class='ocrx_word' id='word_1_764' title='bbox 3073 4638 3256 4706; x_wconf 84' lang='grc' dir='ltr'>τοῦτο,</span> <span class='ocrx_word' id='word_1_765' title='bbox 3293 4640 3438 4711; x_wconf 84' lang='grc' dir='ltr'>ὅπερ</span> <span class='ocrx_word' id='word_1_766' title='bbox 3470 4639 3552 4700; x_wconf 81' lang='grc' dir='ltr'><strong>είς</strong></span> <span class='ocrx_word' id='word_1_767' title='bbox 3578 4633 3728 4700; x_wconf 75' lang='grc' dir='ltr'>δόξαν</span> 
     </span>
    </p>
   </div>
   <div class='ocr_carea' id='block_1_107' title="bbox 2132 4725 3730 4802">
    <p class='ocr_par' dir='ltr' id='par_1_107' title="bbox 2132 4725 3730 4802">
     <span class='ocr_line' id='line_1_107' title="bbox 2132 4725 3730 4802; baseline -0.005 -18"><span class='ocrx_word' id='word_1_768' title='bbox 2132 4729 2370 4802; x_wconf 82' lang='grc' dir='ltr'>Χριστοῦ</span> <span class='ocrx_word' id='word_1_769' title='bbox 2409 4730 2743 4802; x_wconf 72' lang='grc' dir='ltr'>ἠμφίεσμαι.</span> <span class='ocrx_word' id='word_1_770' title='bbox 2781 4732 2847 4784; x_wconf 80' lang='lat' dir='ltr'><strong>Ol</strong></span> <span class='ocrx_word' id='word_1_771' title='bbox 2875 4729 2952 4793; x_wconf 82' lang='grc' dir='ltr'><strong>δὲ,</strong></span> <span class='ocrx_word' id='word_1_772' title='bbox 2987 4728 3381 4801; x_wconf 84' lang='grc' dir='ltr'>Στεφανώθητι</span> <span class='ocrx_word' id='word_1_773' title='bbox 3419 4727 3512 4783; x_wconf 75' lang='grc' dir='ltr'>διὰ</span> <span class='ocrx_word' id='word_1_774' title='bbox 3545 4725 3730 4780; x_wconf 87' lang='grc' dir='ltr'>τούτου</span> 
     </span>
    </p>
   </div>
   <div class='ocr_carea' id='block_1_108' title="bbox 2133 4817 3731 4897">
    <p class='ocr_par' dir='ltr' id='par_1_108' title="bbox 2133 4817 3731 4897">
     <span class='ocr_line' id='line_1_108' title="bbox 2133 4817 3731 4897; baseline -0.004 -21"><span class='ocrx_word' id='word_1_775' title='bbox 2133 4822 2254 4894; x_wconf 85' lang='grc' dir='ltr'><strong>Θεῷ</strong></span> <span class='ocrx_word' id='word_1_776' title='bbox 2305 4823 2399 4877; x_wconf 71' lang='grc' dir='ltr'>καὶ</span> <span class='ocrx_word' id='word_1_777' title='bbox 2451 4822 2529 4893; x_wconf 87' lang='grc' dir='ltr'><strong>τῷ</strong></span> <span class='ocrx_word' id='word_1_778' title='bbox 2581 4825 2861 4894; x_wconf 87' lang='grc' dir='ltr'>μονογενεῖ</span> <span class='ocrx_word' id='word_1_779' title='bbox 2901 4821 3016 4897; x_wconf 69' lang='grc' dir='ltr'><strong>Υίῷ</strong></span> <span class='ocrx_word' id='word_1_780' title='bbox 3063 4821 3250 4888; x_wconf 85' lang='grc' dir='ltr'>αὐτοῦ,</span> <span class='ocrx_word' id='word_1_781' title='bbox 3298 4817 3484 4886; x_wconf 75' lang='grc' dir='ltr'>εἷπον,</span> <span class='ocrx_word' id='word_1_782' title='bbox 3517 4821 3612 4874; x_wconf 75' lang='grc' dir='ltr'><strong>καὶ</strong></span> <span class='ocrx_word' id='word_1_783' title='bbox 3639 4819 3731 4872; x_wconf 77' lang='grc' dir='ltr'>ὅσα</span> 
     </span>
    </p>
   </div>
   <div class='ocr_carea' id='block_1_109' title="bbox 2134 4909 3733 4985">
    <p class='ocr_par' dir='ltr' id='par_1_109' title="bbox 2134 4909 3733 4985">
     <span class='ocr_line' id='line_1_109' title="bbox 2134 4909 3733 4985; baseline -0.004 -17"><span class='ocrx_word' id='word_1_784' title='bbox 2134 4914 2427 4984; x_wconf 81' lang='grc' dir='ltr'>πορφύραν</span> <span class='ocrx_word' id='word_1_785' title='bbox 2449 4913 2663 4967; x_wconf 77' lang='grc' dir='ltr'>ἔνδυσαι</span> <span class='ocrx_word' id='word_1_786' title='bbox 2689 4914 2749 4967; x_wconf 76' lang='grc' dir='ltr'><strong>τὸ</strong></span> <span class='ocrx_word' id='word_1_787' title='bbox 2786 4915 2942 4984; x_wconf 70' lang='grc' dir='ltr'>ἅγιον</span> <span class='ocrx_word' id='word_1_788' title='bbox 2971 4913 3216 4985; x_wconf 87' lang='grc' dir='ltr'>Πνεῦμα,</span> <span class='ocrx_word' id='word_1_789' title='bbox 3250 4914 3350 4968; x_wconf 75' lang='grc' dir='ltr'><strong>καὶ</strong></span> <span class='ocrx_word' id='word_1_790' title='bbox 3389 4909 3733 4984; x_wconf 83' lang='grc' dir='ltr'>βασιλεύσεις</span> 
     </span>
    </p>
   </div>
   <div class='ocr_carea' id='block_1_110' title="bbox 2138 5001 3730 5076">
    <p class='ocr_par' dir='ltr' id='par_1_110' title="bbox 2138 5001 3730 5076">
     <span class='ocr_line' id='line_1_110' title="bbox 2138 5001 3730 5076; baseline -0.006 -16"><span class='ocrx_word' id='word_1_791' title='bbox 2138 5008 2235 5060; x_wconf 83' lang='grc' dir='ltr'><strong>σὺν</strong></span> <span class='ocrx_word' id='word_1_792' title='bbox 2297 5005 2474 5074; x_wconf 79' lang='grc' dir='ltr'>ἁγίοις</span> <span class='ocrx_word' id='word_1_793' title='bbox 2533 5004 2810 5076; x_wconf 86' lang='grc' dir='ltr'>βασιλείαν</span> <span class='ocrx_word' id='word_1_794' title='bbox 2869 5007 3124 5060; x_wconf 79' lang='grc' dir='ltr'>οὐδέποτε</span> <span class='ocrx_word' id='word_1_795' title='bbox 3196 5006 3504 5076; x_wconf 80' lang='grc' dir='ltr'>λήγουσαν.</span> <span class='ocrx_word' id='word_1_796' title='bbox 3551 5001 3730 5055; x_wconf 87' lang='grc' dir='ltr'>Ταῦτα</span> 
     </span>
    </p>
   </div>
   <div class='ocr_carea' id='block_1_111' title="bbox 2135 5089 3732 5171">
    <p class='ocr_par' dir='ltr' id='par_1_111' title="bbox 2135 5089 3732 5171">
     <span class='ocr_line' id='line_1_111' title="bbox 2135 5089 3732 5171; baseline -0.006 -18"><span class='ocrx_word' id='word_1_797' title='bbox 2135 5098 2324 5171; x_wconf 68' lang='grc' dir='ltr'>ἐπειδὴ</span> <span class='ocrx_word' id='word_1_798' title='bbox 2355 5097 2546 5170; x_wconf 80' lang='grc' dir='ltr'>ῥηθείη</span> <span class='ocrx_word' id='word_1_799' title='bbox 2572 5097 2650 5168; x_wconf 84' lang='grc' dir='ltr'><strong>τῷ</strong></span> <span class='ocrx_word' id='word_1_800' title='bbox 2669 5099 2740 5150; x_wconf 88' lang='grc' dir='ltr'><strong>Συ</strong></span> <span class='ocrx_word' id='word_1_801' title='bbox 2751 5097 2917 5168; x_wconf 79' lang='grc' dir='ltr'>μεὼν.</span> <span class='ocrx_word' id='word_1_802' title='bbox 2949 5097 3243 5168; x_wconf 80' lang='grc' dir='ltr'>ἀπλήστως</span> <span class='ocrx_word' id='word_1_803' title='bbox 3273 5097 3494 5160; x_wconf 81' lang='grc' dir='ltr'>ἐκεῖνος</span> <span class='ocrx_word' id='word_1_804' title='bbox 3523 5095 3621 5165; x_wconf 77' lang='grc' dir='ltr'>τῆς</span> <span class='ocrx_word' id='word_1_805' title='bbox 3641 5089 3732 5146; x_wconf 82' lang='grc' dir='ltr'><strong>τοῦ</strong></span> 
     </span>
    </p>
   </div>
   <div class='ocr_carea' id='block_1_112' title="bbox 2136 5185 3730 5260">
    <p class='ocr_par' dir='ltr' id='par_1_112' title="bbox 2136 5185 3730 5260">
     <span class='ocr_line' id='line_1_112' title="bbox 2136 5185 3730 5260; baseline -0.006 -16"><span class='ocrx_word' id='word_1_806' title='bbox 2136 5189 2387 5260; x_wconf 83' lang='grc' dir='ltr'>σώματος</span> <span class='ocrx_word' id='word_1_807' title='bbox 2418 5186 2737 5259; x_wconf 81' lang='grc' dir='ltr'>νεκρώσεως</span> <span class='ocrx_word' id='word_1_808' title='bbox 2767 5188 2928 5258; x_wconf 76' lang='grc' dir='ltr'>ἔχων,</span> <span class='ocrx_word' id='word_1_809' title='bbox 2966 5188 3142 5252; x_wconf 85' lang='grc' dir='ltr'>ἄλλως</span> <span class='ocrx_word' id='word_1_810' title='bbox 3176 5204 3234 5240; x_wconf 87' lang='grc' dir='ltr'><strong>τε</strong></span> <span class='ocrx_word' id='word_1_811' title='bbox 3277 5186 3336 5240; x_wconf 71' lang='grc' dir='ltr'><strong>δὲ</strong></span> <span class='ocrx_word' id='word_1_812' title='bbox 3371 5187 3468 5239; x_wconf 67' lang='grc' dir='ltr'>καὶ</span> <span class='ocrx_word' id='word_1_813' title='bbox 3528 5185 3730 5252; x_wconf 77' lang='grc' dir='ltr'>κόσμον</span> 
     </span>
    </p>
   </div>
   <div class='ocr_carea' id='block_1_113' title="bbox 2134 5275 3734 5353">
    <p class='ocr_par' dir='ltr' id='par_1_113' title="bbox 2134 5275 3734 5353">
     <span class='ocr_line' id='line_1_113' title="bbox 2134 5275 3734 5353; baseline -0.001 -17"><span class='ocrx_word' id='word_1_814' title='bbox 2134 5283 2231 5336; x_wconf 76' lang='grc' dir='ltr'><strong>καὶ</strong></span> <span class='ocrx_word' id='word_1_815' title='bbox 2275 5281 2386 5334; x_wconf 86' lang='grc' dir='ltr'><strong>τῶν</strong></span> <span class='ocrx_word' id='word_1_816' title='bbox 2435 5279 2531 5335; x_wconf 89' lang='grc' dir='ltr'><strong>τοῦ</strong></span> <span class='ocrx_word' id='word_1_817' title='bbox 2581 5280 2788 5353; x_wconf 81' lang='grc' dir='ltr'>κόσμου</span> <span class='ocrx_word' id='word_1_818' title='bbox 2825 5279 3128 5352; x_wconf 67' lang='grc' dir='ltr'>ῥήγνυσθαι</span> <span class='ocrx_word' id='word_1_819' title='bbox 3160 5279 3441 5350; x_wconf 72' lang='grc' dir='ltr'>σπεύδων,</span> <span class='ocrx_word' id='word_1_820' title='bbox 3479 5279 3577 5332; x_wconf 70' lang='grc' dir='ltr'><strong>καὶ</strong></span> <span class='ocrx_word' id='word_1_821' title='bbox 3602 5275 3734 5346; x_wconf 65' lang='grc' dir='ltr'>πρὸς</span> 
     </span>
    </p>
   </div>
   <div class='ocr_carea' id='block_1_114' title="bbox 2137 5367 3741 5444">
    <p class='ocr_par' dir='ltr' id='par_1_114' title="bbox 2137 5367 3741 5444">
     <span class='ocr_line' id='line_1_114' title="bbox 2137 5367 3741 5444; baseline -0.006 -18"><span class='ocrx_word' id='word_1_822' title='bbox 2137 5371 2268 5426; x_wconf 79' lang='grc' dir='ltr'>Θεὸν</span> <span class='ocrx_word' id='word_1_823' title='bbox 2299 5374 2394 5427; x_wconf 71' lang='grc' dir='ltr'><strong>καλ⁸</strong></span> <span class='ocrx_word' id='word_1_824' title='bbox 2435 5373 2505 5426; x_wconf 71' lang='grc' dir='ltr'><strong>τὰ</strong></span> <span class='ocrx_word' id='word_1_825' title='bbox 2542 5373 2662 5427; x_wconf 85' lang='grc' dir='ltr'>θεῖα</span> <span class='ocrx_word' id='word_1_826' title='bbox 2709 5373 2909 5444; x_wconf 80' lang='grc' dir='ltr'>μᾶλλον</span> <span class='ocrx_word' id='word_1_827' title='bbox 2949 5373 3280 5442; x_wconf 77' lang='grc' dir='ltr'>ἀνάγεσθαι,</span> <span class='ocrx_word' id='word_1_828' title='bbox 3307 5373 3506 5440; x_wconf 52' lang='lat' dir='ltr'><strong>me;</strong></span> <span class='ocrx_word' id='word_1_829' title='bbox 3543 5373 3620 5431; x_wconf 87' lang='grc' dir='ltr'>εἰς</span> <span class='ocrx_word' id='word_1_830' title='bbox 3654 5367 3741 5418; x_wconf 61' lang='grc' dir='ltr'><strong>τὴν</strong></span> 
     </span>
    </p>
   </div>
   <div class='ocr_carea' id='block_1_115' title="bbox 2137 5455 3742 5535">
    <p class='ocr_par' dir='ltr' id='par_1_115' title="bbox 2137 5455 3742 5535">
     <span class='ocr_line' id='line_1_115' title="bbox 2137 5455 3742 5535; baseline -0.004 -17"><span class='ocrx_word' id='word_1_831' title='bbox 2137 5465 2416 5535; x_wconf 87' lang='grc' dir='ltr'>Δεσπότην</span> <span class='ocrx_word' id='word_1_832' title='bbox 2451 5463 2594 5527; x_wconf 77' lang='grc' dir='ltr'>ἰδὼν,</span> <span class='ocrx_word' id='word_1_833' title='bbox 2623 5464 2873 5518; x_wconf 84' lang='grc' dir='ltr'>Δέσποτα</span> <span class='ocrx_word' id='word_1_834' title='bbox 2915 5464 3155 5531; x_wconf 82' lang='grc' dir='ltr'>πάντων,</span> <span class='ocrx_word' id='word_1_835' title='bbox 3189 5464 3330 5534; x_wconf 62' lang='grc' dir='ltr'>ἔφη,</span> <span class='ocrx_word' id='word_1_836' title='bbox 3389 5463 3481 5515; x_wconf 70' lang='grc' dir='ltr'><strong>καὶ</strong></span> <span class='ocrx_word' id='word_1_837' title='bbox 3528 5455 3742 5531; x_wconf 74' lang='grc' dir='ltr'>ποιητὰ,</span> 
     </span>
    </p>
   </div>
   <div class='ocr_carea' id='block_1_116' title="bbox 2137 5553 3734 5629">
    <p class='ocr_par' dir='ltr' id='par_1_116' title="bbox 2137 5553 3734 5629">
     <span class='ocr_line' id='line_1_116' title="bbox 2137 5553 3734 5629; baseline -0.006 -19"><span class='ocrx_word' id='word_1_838' title='bbox 2137 5556 2260 5610; x_wconf 78' lang='grc' dir='ltr'>ἐπεί</span> <span class='ocrx_word' id='word_1_839' title='bbox 2305 5573 2374 5629; x_wconf 84' lang='grc' dir='ltr'><strong>με</strong></span> <span class='ocrx_word' id='word_1_840' title='bbox 2423 5555 2514 5610; x_wconf 71' lang='grc' dir='ltr'><strong>τὸν</strong></span> <span class='ocrx_word' id='word_1_841' title='bbox 2561 5558 2782 5622; x_wconf 78' lang='grc' dir='ltr'>ἀνάξιον</span> <span class='ocrx_word' id='word_1_842' title='bbox 2812 5555 2986 5624; x_wconf 81' lang='grc' dir='ltr'>ἀξιοῖς</span> <span class='ocrx_word' id='word_1_843' title='bbox 3034 5556 3212 5626; x_wconf 80' lang='grc' dir='ltr'>ἁγίοις</span> <span class='ocrx_word' id='word_1_844' title='bbox 3262 5553 3734 5626; x_wconf 73' lang='grc' dir='ltr'>συμϐασιλεύειν,</span> 
     </span>
    </p>
   </div>
   <div class='ocr_carea' id='block_1_117' title="bbox 2139 5640 3731 5720">
    <p class='ocr_par' dir='ltr' id='par_1_117' title="bbox 2139 5640 3731 5720">
     <span class='ocr_line' id='line_1_117' title="bbox 2139 5640 3731 5720; baseline -0.006 -18"><span class='ocrx_word' id='word_1_845' title='bbox 2139 5647 2331 5716; x_wconf 84' lang='grc' dir='ltr'>δέομαί</span> <span class='ocrx_word' id='word_1_846' title='bbox 2373 5666 2468 5702; x_wconf 86' lang='grc' dir='ltr'><strong>σου</strong></span> <span class='ocrx_word' id='word_1_847' title='bbox 2510 5647 2609 5720; x_wconf 82' lang='grc' dir='ltr'>τῆς</span> <span class='ocrx_word' id='word_1_848' title='bbox 2633 5648 2971 5720; x_wconf 81' lang='grc' dir='ltr'>ἀγαθὸτητος</span> <span class='ocrx_word' id='word_1_849' title='bbox 2999 5649 3196 5720; x_wconf 75' lang='grc' dir='ltr'>μηκέτι</span> <span class='ocrx_word' id='word_1_850' title='bbox 3243 5664 3313 5718; x_wconf 87' lang='grc' dir='ltr'><strong>με</strong></span> <span class='ocrx_word' id='word_1_851' title='bbox 3356 5647 3472 5701; x_wconf 81' lang='grc' dir='ltr'><strong>τῶν</strong></span> <span class='ocrx_word' id='word_1_852' title='bbox 3503 5640 3594 5699; x_wconf 83' lang='grc' dir='ltr'><strong>τοῦ</strong></span> <span class='ocrx_word' id='word_1_853' title='bbox 3621 5641 3731 5714; x_wconf 79' lang='grc' dir='ltr'>βίου</span> 
     </span>
    </p>
   </div>
   <div class='ocr_carea' id='block_1_118' title="bbox 2141 5735 3731 5812">
    <p class='ocr_par' dir='ltr' id='par_1_118' title="bbox 2141 5735 3731 5812">
     <span class='ocr_line' id='line_1_118' title="bbox 2141 5735 3731 5812; baseline -0.008 -17"><span class='ocrx_word' id='word_1_854' title='bbox 2141 5739 2449 5812; x_wconf 82' lang='grc' dir='ltr'>βρωμάτων</span> <span class='ocrx_word' id='word_1_855' title='bbox 2475 5739 2936 5811; x_wconf 78' lang='grc' dir='ltr'>μεταλαμϐάνειν,</span> <span class='ocrx_word' id='word_1_856' title='bbox 2983 5741 3118 5811; x_wconf 74' lang='grc' dir='ltr'>μηδὲ</span> <span class='ocrx_word' id='word_1_857' title='bbox 3148 5740 3342 5802; x_wconf 80' lang='grc' dir='ltr'>σιτίοις</span> <span class='ocrx_word' id='word_1_858' title='bbox 3371 5735 3731 5808; x_wconf 71' lang='grc' dir='ltr'>ἀνθρωπίνοις</span> 
     </span>
    </p>
   </div>
   <div class='ocr_carea' id='block_1_119' title="bbox 2142 5821 3730 5904">
    <p class='ocr_par' dir='ltr' id='par_1_119' title="bbox 2142 5821 3730 5904">
     <span class='ocr_line' id='line_1_119' title="bbox 2142 5821 3730 5904; baseline -0.004 -19"><span class='ocrx_word' id='word_1_859' title='bbox 2142 5832 2395 5903; x_wconf 65' lang='grc' dir='ltr'>χρῆσθαι.</span> <span class='ocrx_word' id='word_1_860' title='bbox 2422 5831 2610 5886; x_wconf 84' lang='grc' dir='ltr'>Ταῦτα</span> <span class='ocrx_word' id='word_1_861' title='bbox 2642 5830 2735 5885; x_wconf 90' lang='grc' dir='ltr'><strong>τοῦ</strong></span> <span class='ocrx_word' id='word_1_862' title='bbox 2753 5832 2888 5888; x_wconf 85' lang='grc' dir='ltr'>Θεοῦ</span> <span class='ocrx_word' id='word_1_863' title='bbox 2916 5833 3149 5904; x_wconf 72' lang='grc' dir='ltr'>δεηθεὶς,</span> <span class='ocrx_word' id='word_1_864' title='bbox 3180 5829 3529 5900; x_wconf 69' lang='grc' dir='ltr'>Δεσποτικῆς</span> <span class='ocrx_word' id='word_1_865' title='bbox 3552 5821 3730 5882; x_wconf 78' lang='grc' dir='ltr'>ἀκούει</span> 
     </span>
    </p>
   </div>
  </div>
