3898 6388
210 417 342 480 Ξθ37

1227 429 1404 488 νιΤΑ
1443 430 1488 488 Α
1528 429 1965 490 ΝΠΣΕΙἪΟΗΟ
2003 429 2495 490 CONSCRIPTA.

3350 431 3490 494 3031i

211 527 388 598 φωνῆς
423 526 763 600 εὐδοκούσης
793 529 893 601 τὴν
928 531 1168 602 αἴτησιν,
1200 535 1294 587 καὶ
1340 537 1686 607 παραχρῆμα

1912 547 2017 592 tem
2051 545 2224 601 tuam,
2261 543 2321 590 ut
2354 551 2422 590 nc
2453 551 2561 606 qua
2591 536 2850 604 deinceps
2884 539 3187 592 necessitas
3219 537 3501 594 incumbat

208 619 420 673 δύουσιν
451 621 622 675 αὑτὸν
666 623 854 676 ἐπάνω
887 623 997 676 τῶν
1029 624 1344 696 ἀσκητικῶν
1379 629 1585 698 ῥακίων
1627 645 1796 682 κατα-

210 710 396 784 στολήν
441 711 619 794 δόξης.
645 716 696 767 ot
757 715 1014 783 ἄγγελοι,
1083 717 1564 788 μεγαλοπρέπειαν
1606 738 1662 773 τε
1705 722 1800 774 καὶ

205 802 543 874 ὡραιότητα,
579 805 640 858 τό
674 822 734 858 τε
763 805 1001 876 διάδημα
1034 807 1277 861 τιθέασιν
1304 810 1396 861 ἐπὶ
1426 810 1524 879 τήν
1553 811 1797 880 κεφαλὴν

206 895 388 960 αὐτοῦ,
429 898 530 950 καὶ
571 898 666 952 ἐπὶ
692 899 783 952 τὸν
814 899 1054 969 φανέντα
1094 900 1260 954 ἵππον
1287 903 1627 966 καθίζουσιν.
1669 903 1800 958 Εἶτα

205 988 292 1039 καὶ
323 987 626 1058 σύμφωνος
667 992 922 1060 ἀγγέλοις
958 996 1115 1053 πᾶσι.
1148 995 1370 1065 Χριστῷ
1405 995 1500 1048 καὶ
1533 995 1611 1064 τῷ
1636 997 1800 1048 αὑτοῦ

203 1077 501 1152 θεράποντι
532 1080 760 1152 Συμεὼν
795 1084 953 1155 ᾔδετο
985 1086 1185 1156 ὕμνος·
1225 1087 1385 1149 αὑτός
1414 1104 1469 1138 τε
1501 1089 1529 1140 ὁ
1561 1089 1799 1158 πονηρὸς

201 1169 274 1240 τῷ
313 1171 486 1242 Ἀγίῳ
519 1176 614 1228 καὶ
647 1175 718 1228 τὰ
749 1175 844 1230 τοῦ
879 1179 1118 1248 πονηροῦ
1147 1179 1455 1248 πνεύματα,
1485 1173 1597 1232 οἷον
1628 1195 1796 1232 κατα-

205 1277 263 1312 πε
271 1261 528 1332 πληγότα
558 1265 854 1321 ἐδείκνυτο.

1907 630 2064 694 mihi,
2096 629 2224 684 vita:
2249 625 2627 682 sustentandae
2653 641 2842 691 causa,
2878 627 3202 684 hominibus
3235 640 3498 686 consueta

1903 721 2109 775 cibaria
2182 718 2460 774 sumendi.
2523 718 2652 774 Hatc
2717 729 2975 788 precatus
3043 720 3258 777 inaudit
3309 739 3500 778 vocem

1907 810 2140 873 Domini,
2204 809 2472 864 benevole
2531 810 2887 864 assentientis
2947 812 3205 879 petitioni

1903 904 2192 970 lautesque
2221 901 2488 955 velociter
2503 900 2680 969 angeli
2704 901 2999 955 ascetieam
3031 919 3198 972 super
3219 903 3498 959 lacernam

1906 993 2143 1048 induunt
2183 1007 2310 1048 eum
2359 993 2497 1048 stola
2529 992 2738 1061 glorim,
2799 995 3105 1063 majestatls
3145 1011 3210 1048 ac
3243 996 3496 1062 decoris;
3534 1063 3540 1067 _

1906 1087 2218 1140 diademate
2266 1085 2501 1156 cingunt
2539 1094 2706 1152 caput
2741 1087 2882 1154 ejus,
2927 1095 2984 1140 et
3048 1101 3215 1155 super
3265 1104 3494 1157 equum,

1905 1179 2000 1247 qui
2037 1179 2360 1248 apparebat,
2393 1178 2686 1248 imponunt
2710 1193 2858 1230 eum.
2909 1178 3036 1230 Post
3081 1178 3193 1231 lure
3220 1193 3498 1234 consonus

1905 1270 2144 1342 hymnus
2193 1270 2405 1340 angelis
2449 1269 2710 1322 omnibus
2761 1267 2982 1324 Christo
3038 1277 3092 1322 et
3125 1269 3330 1323 tantulo
3379 1271 3500 1340 ejus

203 1353 460 1426 Symeoni
500 1359 811 1414 cauebatur
846 1378 859 1414 :
895 1360 1010 1431 ipse
1063 1371 1248 1417 autem
1292 1378 1527 1432 nequam
1578 1361 1808 1433 spiritus
1845 1378 1972 1417 cum
2023 1378 2136 1417 suae
2197 1362 2456 1432 nequitizc
2513 1359 2696 1425 sociis,
2750 1361 2920 1414 veluti
2969 1362 3309 1431 proﬂigatus,
3342 1361 3497 1416 exiti-

201 1451 434 1506 bebatur
481 1462 702 1508 sancto.

266 1551 358 1598 vs'.
393 1547 560 1600 Μετὰ
593 1547 726 1616 γοῦν
753 1547 854 1619 τὴν
887 1548 1038 1602 θείαν
1060 1549 1385 1618 ἐπιφάνειαν
1404 1548 1630 1618 ταύτην,
1661 1548 1794 1602 ἀκό-

201 1635 361 1689 λουθα
388 1637 562 1692 πάλιν
597 1643 711 1704 τοῖς
770 1640 1104 1712 προλαϐοῦσι
1157 1643 1224 1694 τὰ
1272 1641 1613 1711 ὲπαγόμενα.
1661 1641 1792 1694 ’Λν-

203 1727 417 1798 θρωπος
449 1732 562 1801 γάρ
592 1749 678 1796 τις
701 1731 915 1802 γέροντι
941 1733 1134 1797 δεινῶς
1165 1733 1489 1804 ἐχθραίνων,
1524 1734 1618 1785 καὶ
1655 1731 1790 1802 σφό-

1973 1549 2060 1604 55.
2093 1549 2219 1602 Post
2251 1549 2498 1603 divinant
2533 1550 2677 1604 bane
2706 1549 3123 1612 rcvelationcm,
3152 1559 3340 1604 secuta
3367 1559 3498 1604 sunt

1900 1647 2028 1708 alia,
2055 1646 2348 1716 przemissis
2364 1645 2567 1700 similia
2591 1653 2646 1698 et
2671 1641 3022 1698 admiranda.
3052 1638 3226 1696 Homo
3249 1642 3496 1712 quidam,

1901 1737 2050 1807 gravi
2103 1736 2231 1790 odio
2278 1751 2380 1790 nec
2425 1734 2621 1790 leviori
2684 1731 2890 1788 invidia
2937 1747 3128 1786 senem
3180 1731 3494 1800 quempiam

201 1821 294 1892 δρα
321 1823 794 1896 διαφθονούμενος
821 1825 1134 1894 φαρμάκοις
1155 1826 1241 1878 ἐπ’
1281 1827 1444 1878 αὐτὸν
1487 1827 1786 1896 ἐχρήσατο·

1899 1841 2268 1898 prosequens,
2304 1823 2524 1880 veneno
2554 1825 2732 1894 ipsum
2763 1822 2987 1893 aggredi
3021 1831 3290 1878 statuerat
3326 1837 3488 1890 :par-

204 1914 266 1966 τὰ
305 1914 365 1968 δ’
412 1914 530 1986 ἄρα
588 1915 843 1970 τοσοῦτον
901 1916 1155 1988 ἔδρασαν,
1188 1915 1264 1980 ὡς
1305 1917 1495 1970 ἑαυτὸν
1548 1919 1645 1987 μὲν
1697 1918 1793 1969 καὶ

202 2006 390 2071 παῖδας
420 2007 718 2078 (ἐτύγχανε
754 2009 865 2080 γὰρ
893 2011 1042 2073 υἱοὺς
1073 2010 1231 2080 ἔχων)
1263 2012 1342 2072 εἰς
1373 2009 1479 2078 γῆν
1507 2009 1758 2080 καταῤῥή
1778 2037 1792 2049 ·

203 2097 448 2165 γνυσθαι,
483 2099 552 2153 τὰ
581 2099 640 2152 δὲ
672 2099 862 2153 τούτου
923 2102 1094 2172 κτήνη
1131 2101 1270 2154 κατὰ
1289 2100 1550 2172 κρημνῶν
1576 2099 1790 2154 ὲλαυνό·

203 2207 332 2260 μενα
361 2191 653 2262 φέρεσθαι.
700 2189 943 2256 Ἐνδείας
981 2193 1162 2246 τοίνυν
1196 2194 1400 2264 ἄρτων,
1449 2187 1536 2248 οἷα
1561 2193 1794 2263 συμϐαί-

201 2299 306 2335 νειν
346 2285 522 2352 φιλεῖ,
568 2285 705 2356 πρδς
734 2285 832 2355 τὴν
863 2285 972 2338 τῶν
1003 2285 1258 2356 μοναχῶν
1281 2285 1508 2339 καὶτῶν
1541 2285 1792 2354 πενήτων

201 2374 385 2442 χρείαν
438 2377 503 2428 ὲν
533 2378 600 2446 τῇ
641 2379 774 2448 μονῇ
807 2377 1106 2446 γενομένης
1130 2417 1146 2441 ,
1179 2376 1412 2444 ἄγγελος
1443 2379 1498 2429 ἐν
1529 2373 1684 2446 ὕπνῳ
1715 2374 1792 2445 τῷ

207 2464 415 2534 γέροντι
447 2467 762 2538 παραστὰς,
808 2469 1094 2533 Ἀναστὰς,
1136 2469 1291 2538 φησι,
1333 2468 1465 2522 λάϐε
1491 2470 1657 2526 σῖτον.
1695 2467 1792 2521 καὶ

203 2559 346 2629 παρὰ
379 2561 477 2614 τὸν
509 2560 656 2615 θεῖον
710 2559 935 2632 Συμεὼν
969 2561 1278 2631 πορευθεὶς,
1315 2561 1407 2616 τὸν
1463 2563 1563 2631 μὲν
1590 2561 1789 2630 πένησι

205 2651 291 2703 καὶ
318 2655 432 2717 τοῖς
465 2653 730 2723 μοναχοϊς
761 2654 969 2724 τροφὴν
1005 2655 1217 2724 κομιείς
1237 2670 1250 2684 ·
1285 2653 1368 2706 σοὶ
1395 2654 1452 2707 δὲ
1479 2651 1788 2724 κράσπεδον

201 2742 300 2793 ἐῶν
332 2743 602 2816 τριχίνων
649 2747 861 2800 ἐκείνου
916 2745 1134 2800 λαϐόντι
1191 2745 1418 2818 ῥακίων,
1452 2745 1788 2816 ἀφεθήσεται

204 2832 274 2891 τὶ
329 2836 425 2890 τοῦ
493 2837 646 2890 οἴκου
703 2836 900 2905 δεσμὰ.
930 2837 1084 2890 Σῖτον
1117 2837 1217 2906 μὲν
1265 2835 1358 2891 οῦν
1409 2835 1615 2898 εὐθέως
1675 2835 1793 2888 ἐκεῖ

207 2914 474 2996 προθύμῳ
518 2925 661 2991 ποδὶ,
714 2926 1100 2998 προθυμοτέρᾳ
1118 2925 1173 2978 δὲ
1205 2925 1300 2978 καὶ⁵
1325 2923 1518 2995 γνώμῃ
1551 2925 1787 2992 κομίζει.

209 3015 433 3070 Ἔπειτα
461 3017 649 3087 μέντοι
675 3017 896 3087 βώλακα
927 3017 1031 3087 γῆς
1063 3019 1159 3070 καὶ
1188 3014 1334 3086 ὕδωρ
1363 3015 1682 3069 λαϐὼν-ὐπὸ
1711 3014 1791 3086 τῷ

205 3104 331 3156 κίονι
368 3107 592 3176 τίθησιν
619 3123 632 3138 ⁸
675 3103 806 3170 εἶτα.⁴
831 3108 1014 3176 ὲκχέει
1061 3106 1161 3177 τὴν
1191 3106 1401 3160 οἰκείαν
1429 3105 1663 3160 ἐνώπιον
1689 3106 1782 3159 τοῦ

1899 1922 1996 1976 tim
2039 1919 2210 1990 igitur
2239 1927 2451 1973 tantum
2480 1917 2682 1979 effecit,
2717 1925 2777 1970 ut
2801 1930 2970 1970 senex
2998 1931 3123 1969 cum
3157 1913 3284 1968 tiliis
3311 1914 3494 1982 (pater

1895 2011 2102 2081 quippe
2141 2010 2280 2072 erat)
2312 2009 2368 2063 in
2404 2019 2610 2062 terram
2642 2015 2978 2076 prostratus,
3023 2004 3223 2074 partim
3263 2017 3398 2056 vero
3433 2012 3493 2056 ut

1894 2102 2136 2172 pecudes
2167 2102 2286 2171 ejus
2319 2101 2374 2154 in
2411 2098 2710 2169 praecipitia
2743 2105 2878 2152 actze
2923 2097 3057 2152 sint.
3106 2095 3270 2150 Facta
3308 2110 3406 2164 per
3438 2093 3492 2147 id

1898 2203 2135 2262 tempus,
2157 2193 2234 2247 uti
2260 2191 2374 2246 fieri
2401 2190 2630 2254 assolet,
2652 2203 2886 2244 annomc
2907 2187 3175 2242 ebaritate
3201 2187 3254 2240 iu
3278 2201 3492 2245 eremo,

1894 2285 2398 2354 deficientibusque
2430 2280 2716 2338 monachis
2753 2288 2808 2334 et
2845 2282 3176 2350 pauperibus
3236 2279 3494 2350 panibus,

1895 2379 2124 2448 angelus
2154 2378 2206 2432 in
2233 2376 2449 2430 somnis
2493 2374 2672 2430 astitit
2719 2375 2865 2438 seni,
2926 2373 3176 2441 dixitque
3215 2391 3227 2426 :
3290 2371 3492 2441 Surge,

1893 2469 2080 2538 accipe
2133 2468 2496 2532 frumentum,
2558 2474 2614 2520 et
2644 2465 2708 2519 ad
2758 2463 2940 2518 virum
3016 2462 3114 2517 Dei
3162 2462 3494 2533 Symeouem

1896 2561 2254 2631 proﬁciscere
2281 2574 2378 2614 :ac
2407 2558 2745 2612 frumentum
2779 2555 3004 2626 quidem
3055 2554 3314 2609 cibandis
3364 2571 3498 2623 pau-

1895 2653 2122 2723 poribus
2151 2661 2315 2721 atque
2349 2650 2639 2704 monachis
2668 2649 2950 2718 portabis;
2988 2657 3047 2701 tu
3087 2663 3238 2711 vero,
3269 2656 3496 2716 recepto

1892 2743 2130 2798 lacerum
2158 2742 2336 2812 ipsius
2363 2740 2628 2802 frustillo,
2663 2737 2954 2798 familiam,
2993 2736 3199 2806 quibus
3238 2735 3499 2804 astringi-

1896 2847 1986 2898 tur
2017 2835 2254 2890 vinculis
2306 2833 2583 2898 solutam,
2646 2829 2990 2900 postliminio
3060 2828 3344 2898 gaudebis.
3397 2826 3497 2883 Ille

1899 2941 2025 2982 mox
2062 2943 2254 2996 gressu
2286 2925 2476 2990 alacri,
2501 2925 2595 2979 sed
2625 2923 2811 2977 animo
2841 2921 3129 2984 aiaeriore,
3158 2921 3496 2975 fruuteutum

1896 3020 2167 3074 advehit:
2225 3017 2428 3073 deinde
2489 3025 2771 3085 acceptam
2841 3024 3001 3068 terrae
3058 3013 3274 3084 glebam
3329 3023 3498 3084 atque

1895 3109 2094 3183 aquam
2125 3111 2228 3166 sub
2272 3111 2532 3165 columna
2583 3107 2835 3178 deponit.
2881 3107 3024 3161 Tum
3056 3121 3191 3160 vero
3235 3113 3410 3159 totum
3437 3120 3499 3158 se

205 3195 348 3264 ἁγίου
398 3197 620 3270 δέησιν,
686 3199 1025 3267 ἀπαγγέλλει
1080 3200 1181 3268 τὴν
1217 3197 1418 3268 θλίψιν,
1445 3199 1614 3252 δεῖται
1666 3196 1786 3267 θερο

1900 3201 1956 3254 ἰιι
1996 3215 2192 3270 preces
2223 3198 2462 3254 eﬂ‘undit
2494 3211 2685 3253 coram
2717 3204 2932 3261 sancto,
2985 3195 3215 3264 exponit
3263 3195 3496 3248 calami-

211 3285 338 3356 μῶς,
371 3291 520 3346 ὥστε
557 3291 966 3362 προσεύξασθαι
1025 3291 1158 3363 περὶ
1183 3291 1468 3358 αὐτοῦ,τά
1514 3307 1573 3343 τε
1612 3305 1790 3360 παρα-

207 3383 432 3450 κείμενα
489 3385 809 3454 εὐλογῆσαι,
838 3383 934 3438 καί
989 3399 1044 3436 τι
1099 3381 1193 3437 τοῦ
1252 3383 1363 3436 τῶν
1397 3382 1608 3453 ῥακίων
1643 3377 1792 3450 αὐτῷ

211 3476 532 3542 μεταδοῦναι
569 3476 904 3547 κρασπέδου.
939 3476 1124 3548 ’Δπερ
1153 3475 1229 3540 ὡς
1259 3475 1432 3528 ἐδεῖτο
1460 3473 1664 3539 λαϐὼν,
1696 3473 1792 3526 καὶ

207 3567 378 3621 οἶκαδε
407 3569 491 3632 ὡς
536 3563 684 3639 εἶχεν
717 3565 1052 3636 ἐπανελθὼν,
1076 3568 1169 3637 ἀφ’
1196 3565 1396 3622 ἑαυτοῦ
1436 3566 1656 3638 πρώτον
1691 3565 1784 3634 μέ·

209 3674 292 3728 χρι
321 3662 416 3714 καὶ
455 3659 554 3713 τοῦ
598 3660 972 3731 σμικροτάτου
1033 3659 1430 3730 διαῤῥαντίζει,
1480 3660 1619 3728 ὅπερ
1688 3657 1790 3710 οὐκ

209 3749 348 3820 αὐτῷ
381 3753 537 3822 μόνῳ
568 3751 664 3804 καὶ
690 3751 850 3803 παισί¹
875 3751 970 3804 καὶ
1000 3751 1368 3820 βοσκήμασιν,
1403 3747 1542 3802 ἀλλὰ
1565 3747 1662 3800 καὶ
1683 3747 1790 3818 ὅλῳ

209 3842 332 3913 οἴκῳ
359 3845 501 3920 πρὸς
533 3843 837 3918 θεραπείαν
864 3844 963 3914 τῆς
993 3843 1346 3916 φαρμακείας
1369 3843 1625 3914 ἤρκεσεν.

273 4121 376 4176 νς·’.
394 4107 530 4166 Εἶτα
552 4109 736 4164 πολλοὶ
755 4106 894 4162 κατὰ
914 4105 1106 4162 ταυτὸν
1130 4106 1433 4178 προσῆλθον
1454 4105 1603 4177 αὐτῷ
1619 4106 1796 4174 διαφό-

214 4217 317 4268 ροις
337 4203 596 4268 πάθεσιν,
630 4203 679 4256 οί
708 4201 806 4274 μὲν
835 4201 1008 4264 νόσοις
1025 4199 1319 4265 ποικίλαις,
1337 4199 1386 4254 οἱ
1407 4199 1462 4254 δὲ
1489 4201 1585 4253 καὶ
1603 4199 1794 4269 δαίμο-

215 4309 288 4347 σιν
309 4295 712 4368 ὲνοχλούμενοι’
731 4296 759 4348 ό
773 4293 830 4348 δὲ
847 4291 1049 4347 τούτων
1075 4290 1293 4362 ἑκάστῳ
1319 4289 1538 4362 θερμῶς
1563 4290 1795 4356 ἐπευξά-

213 4403 382 4458 μενος,
405 4387 662 4458 ἀλλὰξκαὶ
681 4389 872 4459 χεῖρας
898 4385 1134 4450 ἐπιθεὶς,
1164 4384 1298 4457 πρὸς
1321 4384 1454 4437 Θεὸν
1475 4382 1560 4437 διὰ
1593 4383 1796 4449 παντὸς

211 4475 362 4547 [κατᾶ
377 4481 480 4546 τὰς
497 4477 672 4552 θείας]
687 4477 906 4542 ἐντολὰς
923 4480 976 4531 αξ
983 4495 1045 4550 ρο
1051 4477 1240 4548 μένας,
1256 4475 1502 4539 ἅπαντας
1516 4475 1791 4548 ἀπήλλαξε

1895 3299 2084 3355 tatem,
2117 3300 2239 3346 orat
2269 3290 2678 3345 ferventissime
2699 3305 2800 3359 pro
2823 3303 2884 3344 se
2922 3297 2984 3342 ut
3023 3287 3386 3358 deprecetur,
3440 3293 3498 3339 et

1893 3398 2017 3454 quae
2047 3383 2298 3454 apposita
2325 3392 2490 3438 erant
2519 3381 2731 3436 cibaria
2765 3379 3050 3451 impertiat
3094 3377 3497 3434 benedictione

1894 3491 2014 3540 sua,
2051 3484 2216 3546 atque
2243 3490 2274 3529 e
2303 3477 2548 3543 pannosa
2569 3473 2790 3528 lacerna
2821 3472 2926 3527 sibi
2951 3472 3221 3543 largiatur
3255 3469 3492 3540 aliquid.

1893 3565 2163 3620 Votorum
2214 3570 2403 3618 autem
2465 3574 2691 3634 compos
2745 3561 2958 3625 factus,
3031 3561 3374 3630 domumque
3438 3570 3500 3614 ut

1893 3663 2111 3725 poterat
2173 3666 2452 3716 reversus,
2523 3651 2692 3704 ducto
2754 3666 2785 3704 a
2831 3665 2891 3704 se
2958 3649 3119 3705 initio
3167 3651 3352 3704 omnia
3419 3649 3490 3703 ad

1894 3746 2187 3802 minimum
2219 3759 2393 3814 usque
2416 3742 2635 3798 lustrali
2669 3741 2762 3796 illa
2780 3757 2920 3810 aqua
2948 3742 3267 3813 conspergit
3289 3760 3303 3808 ;
3325 3741 3493 3812 idque

1893 3838 2114 3894 suﬂecit
2142 3835 2412 3892 adversus
2435 3834 2736 3894 veneficia:
2799 3833 3036 3904 integra,
3105 3849 3214 3888 non
3281 3840 3496 3888 tantum

1896 3925 2593 3996 seni.pueris.jumeutis,
2644 3922 2740 3978 sed
2805 3923 3078 3978 universae
3117 3938 3340 3994 quoque
3395 3922 3497 3978 do-

1895 4019 2032 4086 mui,
2067 4018 2300 4074 sanitate
2333 4017 2567 4071 reddita.

1967 4111 2056 4166 56.
2114 4109 2292 4180 Hujus
2349 4107 2556 4162 deinde
2616 4107 2874 4175 exen'plo
2926 4119 3130 4159 venere
3181 4104 3372 4174 plures
3426 4105 3497 4160 ad

1895 4205 2080 4259 virum
2134 4203 2232 4257 Dei
2267 4217 2379 4255 non
2405 4217 2515 4254 uno
2541 4199 2687 4254 malo
2719 4199 3066 4252 laborantes:
3119 4198 3264 4252 alios
3308 4198 3492 4252 morbi

1895 4297 2057 4362 varii,
2095 4295 2232 4349 alios
2264 4293 2546 4348 daemones
2575 4291 2928 4348 infestabant.
2971 4291 3076 4346 Pro
3111 4289 3344 4361 singulis
3402 4290 3498 4346 ille

1899 4391 2129 4460 supplex
2172 4389 2285 4443 Deo
2331 4388 2530 4448 factus,
2585 4385 2972 4456 impositisque
3035 4384 3308 4448 manibus,
3358 4398 3497 4452 quas

1899 4497 2118 4550 semper
2143 4480 2451 4534 secundum
2478 4478 2663 4532 divina
2691 4486 2964 4548 praecepta
3007 4475 3259 4530 sublatas
3325 4475 3500 4530 habeo

209 4570 296 4623 τοῦ
324 4547 800 4642 λυποῦντοςίτῆς
827 4567 884 4622 δὲ
923 4547 1060 4640 περ).
1085 4565 1250 4622 αὐτοῦ
1281 4566 1475 4636 φήμης
1497 4607 1513 4632 ,
1543 4568 1641 4619 καὶ
1677 4565 1788 4618 τῶν

1899 4573 2016 4636 bat,
2057 4571 2268 4626 doloris
2314 4569 2650 4638 causam,ab
2687 4568 2966 4624 universis
3024 4567 3278 4623 removit.
3331 4567 3495 4623 Fama

211 4659 438 4734 ἑκάστης
465 4663 683 4735 ἡμέρας
716 4658 1012 4731 θαυμάτων
1046 4659 1363 4730 πανταχόσε
1403 4656 1786 4723 διαδοθέντων,

211 4751 356 4824 δχλου
415 4773 478 4809 τε
524 4755 662 4826 πρδς
697 4752 860 4808 αὑτὸν
891 4751 1211 4824 συρῥέοντος
1242 4748 1520 4813 πλείστου,
1555 4747 1787 4818 πλήθεσι

211 4846 478 4907 τοσούτοις
511 4844 674 4916 μόνος
709 4843 900 4913 ἀρκεῖν
923 4841 1086 4904 αὐτὸς
1116 4839 1176 4893 σύ
1199 4839 1521 4910 δυνάμενος.
1557 4835 1789 4906 ῥάϐδους

213 4935 509 5010 εὐλογήσας
575 4934 822 5008 παρέσχε
854 4935 969 4997 τοῖς
1031 4933 1306 5004 μαθηταῖς
1345 4929 1518 4986 αὐτοῦ
1539 4971 1554 4994 ,
1587 4929 1653 4994 ἃς
1679 4932 1791 4994 τοῖς

215 5027 504 5100 πάσχουσιν
517 5028 716 5080 ἐκεῖνοι
735 5025 894 5080 πάλιν
910 5023 1272 5086 ἐπιτιθέντες,
1295 5022 1388 5075 καὶ
1417 5021 1656 5088 μάλιστα
1675 5021 1785 5082 τοῖς

217 5117 313 5174 ὑπὸ
343 5121 598 5193 πονηρῶν
624 5118 954 5190 πνευμάτων
983 5117 1374 5186 κατεχομένοις
1407 5154 1422 5179 ,
1456 5113 1596 5168 Τάδε
1617 5113 1788 5180 λέγει,

218 5209 432 5281 ἔφασαν,
465 5214 496 5268 ὁ
523 5211 709 5276 δοῦλος
747 5209 842 5265 τοῦ
875 5209 1011 5263 Θεοῦ
1038 5206 1264 5278 Συμεὼν
1299 5207 1407 5278 (ἴνα
1431 5207 1525 5261 καὶ
1553 5208 1618 5276 τῇ
1649 5206 1792 5275 μνή-

222 5321 291 5378 μῃ
333 5307 442 5362 τῶν
491 5307 592 5376 τῆς
631 5303 933 5376 ἁγγελικῆς
979 5303 1196 5372 ἐκείνης
1229 5299 1478 5370 γλώττης
1531 5299 1792 5371 ῥημάτων

220 5395 602 5471 ἁγιασθῶμεν)·
623 5397 896 5464 Ἐξέλθετε
914 5397 981 5450 τὰ
1005 5397 1292 5466 ἀκάθαρτα
1305 5393 1590 5464 πνεύματα
1604 5396 1666 5446 ἐκ
1683 5393 1792 5445 τῶν

219 5488 543 5564 πλασμάτων
565 5491 660 5546 τοῦ
687 5489 844 5544 Θεοῦ.
877 5491 990 5544 Καὶ
1027 5489 1228 5543 αὐτίκα
1259 5487 1349 5542 διὰ
1381 5488 1562 5557 πάσης
1597 5485 1794 5556 αἰσθή-

223 5593 347 5648 σεως
401 5579 470 5654 ἦν
501 5584 636 5655 ὀρᾷν
681 5581 1040 5652 ἐλαυνόμενα.
1092 5581 1330 5653 Ἐκοὶστῃ
1375 5580 1557 5650 μέντοι
1611 5577 1794 5650 ῥάϐδῳ

221 5664 338 5741 ἄχρι
369 5671 540 5744 τριῶν
587 5670 962 5744 ἀνθρώπωνή
1019 5671 1132 5726 τῶν
1186 5672 1482 5742 θαυμάτων
1542 5669 1796 5742 ἐνέργεια

223 5754 414 5830 ὥριστο
453 5779 467 5793 ·
487 5759 609 5818 εἶτα
636 5762 799 5818 πάλιν
826 5764 1137 5834 ἁπτόμενος
1160 5763 1332 5834 αὐτῆς
1362 5765 1593 5828 ἐκεῖνος,
1625 5761 1792 5834 ηὐλό-

225 5861 321 5920 ϊιι,
353 5855 451 5912 καὶ
477 5856 876 5934 παραπλησίως
920 5856 1058 5926 αὐτή
1090 5857 1251 5912 πάλιν
1277 5859 1387 5921 τοῖς
1413 5855 1661 5930 θαύμασι
1700 5855 1789 5909 κέ·

1894 4680 2062 4734 porro
2088 4663 2155 4718 de
2179 4662 2452 4734 Symconc
2481 4661 2662 4732 deque
2695 4659 2982 4715 miraculis
3012 4661 3134 4730 ejus
3158 4659 3499 4729 quotidiauis

1891 4757 2052 4827 longe
2089 4764 2255 4825 atque
2319 4755 2428 4809 late
2461 4761 2753 4824 pervagata
2791 4794 2806 4825 ,
2863 4749 3276 4806 confluentibus
3317 4750 3387 4804 ad
3437 4768 3496 4806 se

1894 4849 2110 4920 ingenti
2149 4863 2384 4903 numero
2424 4845 2628 4922 turbis,
2669 4860 2794 4898 cum
2853 4843 3107 4900 sufﬁcere
3157 4860 3301 4899 unus
3372 4843 3492 4912 ipse

1892 4945 2155 5012 nequiret
2183 4940 2426 4994 laborem
2451 4954 2576 4993 cum
2603 4936 2892 5007 discipulis
2918 4937 3178 5006 partitus,
3199 4949 3496 5008 consecra-

1893 5041 1978 5088 tas
2011 5033 2078 5088 iis
2107 5032 2288 5102 virgas
2315 5030 2596 5101 porrexit:
2625 5043 2764 5098 quas
2793 5027 2895 5098 ipsi
2919 5044 3064 5099 aegre
3111 5023 3465 5084 habentibus.

1893 5139 1959 5178 ac
1995 5121 2270 5192 praecipue
2321 5136 2351 5174 a
2404 5119 2550 5173 malo
2589 5117 2791 5188 spiritu
2852 5117 3082 5172 insessis
3136 5117 3496 5172 admoventes

1895 5211 2260 5282 inquiebant:
2294 5210 2421 5265 llzrc
2446 5209 2582 5264 dicit
2608 5224 2809 5264 servus
2857 5207 2948 5260 Dei
2983 5205 3223 5278 Symeou
3284 5199 3526 5276 (utnos'

1893 5317 2116 5373 quoque
2147 5300 2448 5356 verborum
2493 5300 2740 5370 angelica
2765 5297 2914 5354 illius
2936 5298 3127 5362 lingua
3151 5297 3494 5368 prolatorum

1895 5391 2419 5448 commemoratione
2489 5388 2922 5456 sanctificemur)
2967 5405 2980 5440 :
3023 5385 3218 5450 Exite,
3289 5385 3494 5456 intpuri

1896 5485 2127 5557 spiritus
2153 5500 2185 5539 e
2213 5483 2486 5539 creaturis
2506 5483 2622 5538 Dei.
2651 5483 2760 5537 Nec
2806 5497 2982 5545 mora,
3031 5479 3366 5534 videbantur
3397 5495 3496 5548 per

1897 5597 2092 5636 omnes
2125 5595 2324 5635 sensus
2351 5577 2577 5652 expelli.
2597 5583 2782 5636 Virtus
2801 5585 2985 5630 autem
3019 5575 3110 5629 illa
3137 5572 3490 5637 miraculosa,

1873 5664 2098 5744 ‘r-uique
2126 5672 2293 5744 virgae
2355 5670 2573 5736 indita,
2637 5671 2802 5724 trium
2855 5667 3144 5722 hominum
3200 5665 3486 5721 sanatione

1899 5764 2466 5823 circumscribebatur
2511 5783 2524 5818 :
2563 5762 2690 5818 dein
2743 5763 2978 5834 Symeon
3013 5761 3213 5816 iterata
3256 5759 3492 5816 [actione

1903 5856 2051 5910 illam
2085 5856 2286 5911 iterum
2317 5853 2702 5920 benedicebat,
2736 5853 2863 5910 inde
2893 5851 3160 5908 miracula
3211 5858 3273 5907 ut
3331 5850 3488 5924 prius

3265 831 3278 868 :
3326 814 3500 868 advoo
3571 802 3575 806 ’
