3898 6382
421 358 567 425 3039

1631 374 1692 433 S.
1733 372 2116 437 SYMEONIS
2149 372 2527 439 IUNIORIS-

3528 346 3663 444 iam

419 479 779 544 operantem:
838 474 1124 531 idiautem
1180 478 1459 548 sapienter
1521 479 1601 534 sic
1672 480 1979 537 instituerat

2101 503 2291 557 χρητο,
2321 484 2499 555 σοφῶς
2542 485 2707 538 αὐτοῦ
2761 487 2854 539 καὶ
2883 483 3040 537 τοῦτο
3062 485 3489 556 οίκονομοῦντος,
3529 489 3663 545 ὥσ·ιί

419 578 646 624 sanctus
675 609 689 633 ,
743 585 814 625 ne
867 570 1048 626 inanis
1094 572 1282 642 gloria:
1327 574 1661 644 cogitatione
1731 575 1995 645 discipuli

419 656 767 713 efferrentur.

2109 576 2184 647 μὴ
2222 577 2468 649 λογισμῷ
2502 577 2625 641 τοὺς
2668 574 2912 647 μαθητὰς
2947 575 3248 642 κενοδοξίας
3276 577 3498 635 ἁλῶναι.

1821 774 2049 835 CAPUT
2094 773 2235 833 vm.
2900 848 2903 851 _
3420 842 3443 859 ,η

557 856 994 937 Αὒὶραηεανιίονᾳξ
1018 870 1072 916 ει
1096 864 1304 931 hostes;
1335 866 1638 923 revelantur
1671 871 2023 938 calamitates,
2039 879 2088 922 et
2118 868 2384 931 eveniunt;
2404 866 2664 921 deseritur
2687 878 2898 922 sanctus
2921 864 3149 939 Symeou
3179 885 3212 921 a
3237 867 3525 941 discipulis.

489 953 575 1007 57.
630 954 836 1009 Verum
891 958 1174 1014 enimvero
1237 962 1362 1031 quis
1419 962 1637 1034 singula
1702 965 1994 1037 Symeonis

416 1049 571 1109 gesta
593 1044 920 1101 miraculosa
943 1051 1267 1104 recenseat?
1289 1067 1412 1120 quae
1431 1053 1619 1124 lingua
1643 1055 1990 1118 enarrandis,

416 1148 537 1197 qua:
563 1149 756 1189 manus
775 1139 1220 1207 conscribendis,
1250 1158 1375 1211 quae
1418 1146 1597 1199 oratio
1650 1147 1992 1216 explicandis

415 1218 683 1274 sufﬁciat?
708 1223 801 1276 Vir
826 1225 1073 1294 quidam,
1101 1228 1368 1300 Georgius
1394 1234 1638 1299 nomine,
1662 1250 1777 1290 non
1806 1236 1994 1290 admo-

414 1310 546 1363 dum
578 1311 739 1383 longe
765 1315 820 1368 in
851 1318 1209 1375 solitudinem
1234 1338 1581 1393 progressus,
1622 1327 1894 1382 inciderat
1936 1328 1992 1383 in

415 1398 592 1457 feras:
627 1420 866 1475 cumque
896 1420 1040 1465 esset
1079 1412 1237 1481 inops
1262 1416 1477 1470 consilii
1508 1458 1522 1483 ,
1573 1419 1748 1474 sancti
1791 1435 1993 1475 nomen

411 1487 467 1541 in
523 1496 806 1562 suppetias
850 1497 1104 1566 advocat,
1157 1518 1268 1570 quo
1332 1504 1480 1559 facto
1525 1508 1697 1562 rictus
1747 1508 1991 1564 ferarum

413 1579 563 1634 illico
618 1587 1095 1657 constringuntur.
1142 1591 1333 1662 Neque
1379 1595 1433 1649 id
1488 1604 1721 1658 tantum.
1759 1600 1857 1653 sed
1922 1600 1988 1654 ad

410 1680 659 1727 sanctum
694 1691 916 1746 quoque
965 1696 1178 1745 omnes,
1235 1683 1310 1737 ita
1374 1693 1434 1738 ut
1497 1697 1685 1753 erant,
1715 1691 1991 1748 curriculo

2170 960 2266 1024 νζ’.
2312 962 2474 1014 Ἀλλὰ
2506 962 2623 1025 πῶς
2649 963 2712 1016 ἄν
2735 978 2818 1023 τις
2847 961 2954 1014 τῶν
2972 962 3064 1014 τοῦ
3097 962 3323 1029 Συμεὼν
3356 967 3669 1034 Θαυμασίων

2098 1055 2307 1109 ἕκαστα
2367 1055 2661 1121 καταλέγοι
2690 1070 2704 1117 ;
2735 1054 2865 1107 ποία
2920 1053 2976 1106 δὲ
3034 1054 3251 1122 γλῶττα
3302 1056 3668 1127 διακονήσειεν

2099 1149 2283 1211 αὐτοῖς
2315 1147 2348 1219 ἢ
2379 1146 2501 1217 χείρ
2529 1164 2544 1211 ;
2572 1144 2605 1216 ἢ
2647 1146 2729 1209 τίς
2759 1148 2838 1209 είς
2881 1147 3176 1216 ἑρμηνείαν
3205 1148 3458 1218 ἀρκέσειε
3483 1150 3668 1216 λόγοςς

2112 1238 2279 1308 Ἀνὴρ
2324 1238 2435 1307 γάρ
2463 1254 2546 1299 τις
2594 1237 2764 1306 ὄνομα
2799 1237 3076 1307 Γεώργιος
3124 1238 3184 1290 οὐ
3217 1238 3305 1291 διὰ
3342 1240 3551 1310 μακροῦ
3575 1244 3672 1309 τῆς

2104 1330 2273 1399 μονῆς
2319 1328 2529 1398 θηρίοις
2578 1327 2989 1398 περιπεπτώκει
3017 1347 3029 1358 ·
3057 1330 3117 1382 ὲν
3175 1330 3445 1401 ἀμηχάνῳ
3498 1331 3672 1385 τοίνυν

2098 1418 2254 1483 είδὼς
2278 1420 2490 1485 ἑαυτὸν,
2527 1419 2589 1472 τὸ
2620 1420 2712 1473 τοῦ
2757 1419 2940 1487 Ἀγίου
2971 1422 3141 1489 ὄνομα
3172 1421 3328 1473 καλεῖ
3373 1422 3510 1491 πρὸς
3534 1422 3672 1492 ἄμυ-

2103 1528 2201 1564 ναν
2232 1527 2246 1541 ·
2290 1512 2383 1563 καὶ
2437 1512 2778 1582 παραχρῆμα
2828 1510 3159 1580 δεσμοῦνται
3201 1514 3318 1572 τοῖς
3381 1512 3587 1583 θηρίοις
3618 1515 3672 1566 αί

2097 1602 2362 1671 σιαγόνες.
2418 1603 2526 1656 Καὶ
2587 1604 2646 1655 οὐ
2681 1601 2839 1654 τοῦτο
2874 1601 3189 1672 θαυμαστὸν
3225 1602 3386 1671 μόνον
3411 1642 3425 1665 ,
3457 1602 3569 1655 ἀλλ’
3594 1605 3672 1656 ὅτι

2098 1692 2195 1744 καὶ
2242 1692 2393 1763 παρὰ
2441 1692 2533 1745 τὸν
2561 1692 2753 1761 Ἀγιον
2789 1691 2864 1756 ὼς
2906 1686 3051 1762 εἶχεν
3091 1692 3255 1755 εὐθὺς
3288 1692 3564 1763 δρομαίως
3608 1692 3674 1747 τὰ

409 1762 722 1827 tendentes,
761 1781 858 1821 ora
891 1784 989 1824 sua
1015 1773 1286 1829 columnae
1334 1775 1457 1830 basi
1500 1777 1812 1848 imponunt,
1869 1790 1979 1836 tan-

2097 1782 2263 1853 θηρία
2325 1762 2571 1846 ἐλθόντα,
2624 1780 2837 1835 τιθέασι
2886 1782 2954 1836 τὰ
3013 1782 3261 1852 στόματα
3300 1782 3455 1853 παρὰ
3484 1786 3547 1853 τῇ
3581 1783 3670 1836 τοῦ

404 1867 570 1920 quam
613 1871 815 1925 gnam,
881 1859 1007 1929 quis
1058 1862 1164 1917 sibi
1200 1864 1253 1918 id
1322 1866 1530 1923 vinculi
1573 1870 1874 1940 iniecisset,
1923 1887 1988 1928 ac

407 1956 557 1997 more
582 1959 903 2013 precantum
947 1951 1153 2007 ibidem
1184 1956 1575 2024 persistentes,
1604 1960 1793 2015 solutae
1830 1969 1981 2017 sunt.

403 2033 582 2103 Atque
615 2038 746 2092 illud
794 2042 959 2095 etiam
984 2044 1107 2110 plus
1148 2045 1532 2101 admirationis
1584 2049 1783 2115 habet,
1833 2051 1982 2122 quod

404 2124 725 2194 priusquam
784 2130 1139 2187 advenissent
1206 2135 1354 2201 ferae,
1404 2138 1539 2207 quid
1602 2139 1711 2195 illis
1770 2141 1995 2198 factum.

403 2225 569 2276 esset.
602 2216 833 2283 Symeon
866 2222 1356 2282 circumstantibus
1393 2231 1838 2296 praenuntiasset.

475 2307 563 2361 5S.
607 2309 777 2379 Regio
807 2312 1115 2370 Antiochire
1145 2318 1390 2388 subjecta
1419 2329 1527 2375 tam
1558 2309 1970 2393 frequentibus
1998 2362 2001 2365 ν

400 2397 645 2453 scatebat
668 2401 815 2466 feris,
833 2405 1015 2473 specie
1034 2406 1420 2464 diversimodis
1437 2423 1492 2465 et
1517 2412 1832 2470 insidiando
1853 2434 1981 2487 per-

401 2488 647 2554 niciosis,
671 2501 731 2545 ut
760 2509 866 2548 non
903 2496 1009 2549 viri
1066 2506 1284 2553 tantum
1340 2502 1670 2574 feminaeque
1728 2510 1831 2563 tuti
1870 2526 1979 2565 non

399 2589 584 2632 essent
615 2580 683 2634 ab
730 2582 950 2637 illorum
998 2585 1240 2654 laniena,
1303 2591 1399 2644 sed
1446 2592 1688 2649 infantes
1759 2613 1981 2667 quoque

397 2665 657 2723 domibus
696 2671 830 2736 suis,
862 2673 957 2728 ubi
992 2675 1256 2744 latebant,
1289 2684 1522 2737 extracti
1558 2683 1753 2740 iisdem
1777 2665 1980 2757 ﬁpneda

398 2759 691 2829 cederent;
743 2765 843 2820 viae
887 2783 1081 2825 omnes
1121 2771 1611 2843 interciperentur,
1661 2783 1980 2852 etagricul-

398 2859 520 2905 tura
539 2864 796 2916 cessaret,
819 2858 926 2913 nisi
953 2858 1096 2915 forte
1123 2870 1276 2919 tanto
1305 2882 1539 2923 numero
1567 2873 1976 2942 convenissent,

395 2950 458 2995 ut
484 2951 609 3011 apta
634 2947 701 2999 ad
730 2949 1099 3007 resistendum
1135 2961 1313 3009 turma
1344 2957 1546 3013 forent.
1588 2960 1866 3031 Legantur
1891 2981 1980 3022 er-

393 3032 649 3102 goistius
681 3039 923 3108 regionis
950 3044 1175 3112 quidam
1208 3046 1275 3101 ad
1308 3060 1582 3117 sanctum,
1608 3063 1887 3125 utrpetant
1909 3058 1978 3113 li-

393 3121 573 3180 berari
600 3136 707 3183 tam
742 3145 883 3187 saeva
913 3134 1219 3191 vicinitate.
1254 3138 1349 3193 Ille
1382 3149 1568 3196 autem
1597 3152 1657 3198 ut
1678 3121 1795 3200 erat
1819 3163 1976 3203 man-

391 3224 605 3283 suetus,
654 3219 760 3276 hoc
790 3224 1081 3280 orantibus
1105 3230 1355 3298 responsi
1387 3220 1578 3289 dedit:
1614 3235 1821 3291 Indicia
1861 3238 1989 3292 haec.

392 3308 696 3380 suutjustze
729 3310 1149 3384 indignationis,
1180 3334 1288 3389 qua
1315 3322 1478 3377 nobis
1498 3336 1788 3382 succenset
1808 3329 1977 3386 Deus.-

390 3397 535 3453 Dieit
567 3401 772 3471 quippe
814 3407 1093 3473 apostolus
1119 3411 1239 3481 ejus
1262 3412 1465 3470 Paulus
1487 3415 1526 3447 “
1560 3433 1575 3469 :
1602 3417 1740 3483 Quia
1762 3430 1980 3491 propter

389 3489 501 3544 hac
534 3495 674 3545 venit
716 3494 797 3547 ira
825 3495 924 3550 Dei
954 3500 1009 3551 εη
1036 3500 1178 3567 ﬁlios
1204 3504 1537 3574 di/ﬁdentiaa;
1567 3489 1981 3583 qualia‘nempe

2100 1876 2277 1938 κίονος
2307 1874 2484 1946 βάσει,
2514 1874 2790 1945 καθάπερ,
2825 1875 2947 1928 ὅθεν
2967 1875 3206 1946 αὐτοίςὴ
3235 1874 3393 1944 πέδη,
3427 1874 3673 1935 αἰσθανόο

2094 1983 2253 2033 μενα,
2282 1965 2541 2018 κάκεῖθεν
2606 1964 2906 2036 αἰτούμενα
2963 1964 3056 2018 καὶ
3114 1963 3467 2035 λαμϐάνοντα
3499 1966 3669 2023 λύσιν.

2088 2056 2328 2109 Κάκεῖνο
2358 2056 2520 2110 πάλιν
2547 2054 3022 2126 θαυμασιώτερον,
3050 2058 3133 2110 ὅτι
3187 2058 3286 2110 καὶ
3317 2058 3424 2126 πρὸ
3449 2059 3545 2127 τῆς
3569 2058 3671 2110 τῶν

2089 2145 2294 2216 θηρίων
2319 2146 2650 2217 παρουσίας,
2682 2148 2903 2219 τὰπερὶ
2928 2147 3111 2200 αὐτῶν
3136 2149 3254 2211 τοῖς
3278 2149 3546 2219 παροῦσιν
3572 2148 3672 2201 ὑπὸ

2090 2236 2184 2291 τοῦ
2220 2237 2445 2307 Συμεὼν
2473 2238 2876 2310 προηγόρευτο.
3652 2306 3659 2309 Α

2162 2336 2264 2399 νη⁹.
2302 2330 2519 2394 Πολλοῖς
2547 2331 2742 2400 ἔϐρυεν
2772 2333 2804 2400 ἡ
2838 2330 2991 2400 χώρα
3014 2330 3224 2401 θηρίοις
3259 2336 3292 2403 ἡ
3325 2332 3426 2385 ὑπὸ
3455 2336 3519 2403 τῇ
3562 2335 3673 2386 Ἀν-

2088 2423 2267 2492 τιοχου
2296 2424 2549 2493 κειμένη,
2575 2422 2635 2476 τό
2654 2433 2715 2474 τε
2729 2418 2866 2486 εἶδος
2895 2424 3178 2487 ποικίλοις,
3208 2426 3307 2478 καὶ
3334 2426 3434 2498 τὴν
3456 2427 3669 2479 ἐπιϐουο

2089 2512 2185 2583 λὴν
2215 2515 2498 2585 ὀλεθρίοις,
2524 2514 2600 2578 ὡς
2632 2515 2732 2568 οὐκ
2764 2515 2962 2585 ἄνδρας
2989 2516 3149 2585 μόνον
3170 2517 3270 2570 καὶ
3297 2520 3561 2585 γυναῖκας
3583 2518 3678 2571 ὑπ”

2089 2605 2270 2659 αὐτῶν
2299 2606 2728 2675 διαφθείρεσθαι,
2754 2606 2888 2659 ἀλλὰ
2919 2610 3011 2660 καὶ
3031 2608 3220 2660 παιδία
3250 2609 3463 2672 τούτοις
3488 2612 3549 2663 ἐκ
3566 2610 3679 2663 τῶν-

2087 2698 2254 2752 οτκων
2288 2699 2559 2769 ἅρπαγμα
2590 2697 2857 2766 γίνεσθαι,
2890 2697 3026 2751 ὁδῶν
3058 2716 3117 2752 τε
3151 2700 3356 2762 αὐτοὺς
3387 2702 3480 2755 xal.
3498 2718 3669 2772 γεωρ-

2088 2786 2213 2857 γίας
2248 2786 2693 2848 ἀποκεκλεῖσθαι,
2721 2788 2769 2839 εἰ
2794 2787 2870 2858 μὴ
2897 2787 3038 2841 κατὰ
3070 2788 3278 2859 πλῆθος
3313 2789 3667 2861 ἀθροισθεῖεν,

2088 2878 2183 2930 καὶ
2211 2877 2332 2949 χεὶρ
2361 2876 2521 2948 ἱκανὴ
2551 2877 2688 2948 πρὸς
2712 2878 3145 2949 ἀντιπαράταξιν
3167 2878 3436 2948 γένοιντο.
3473 2880 3670 2935 Ἀνίασι

2085 2969 2264 3023 τοίνυν
2298 2970 2545 3039 πρὸςλτὸν
2568 2971 2756 3037 Ἀγιον
2787 2970 2836 3022 οί
2870 2970 2965 3039 τῆς
3000 2968 3204 3041 χώρας,
3244 2972 3564 3043 ἀπαλλαγὴν
3593 2974 3671 3026 al-

2084 3061 2305 3123 τοῦντες
2335 3060 2572 3131 χαλεποῦ
2604 3062 3017 3132 γειτονὴματος.
3073 3063 3131 3116 'O
3152 3063 3208 3115 δὲ
3251 3065 3443 3134 πράως
3470 3063 3668 3118 ὑπολα-

2085 3150 2216 3213 ϐὼν,
2257 3150 2502 3218 Ἀδελφοί
2558 3168 2680 3221 μου,
2724 3150 2850 3221 ἔφη,
2881 3153 3158 3223 τεκμήριά
3196 3141 3309 3208 ἒίσι
3358 3155 3526 3209 ταῦτα
3575 3156 3668 3226 τῆς

2084 3239 2176 3294 τοῦ
2197 3240 2331 3293 Θεοῦ
2353 3240 2473 3293 καθ’
2495 3240 2651 3309 ἡμῶν
2677 3242 2893 3306 δικαίας
2911 3243 3081 3314 ὀργῆς
3106 3244 3198 3297 καὶ
3223 3247 3516 3317 κινήσεως·
3541 3248 3667 3315 φησι

2084 3330 2195 3401 γὰρ
2216 3333 2244 3383 ὁ
2274 3330 2415 3394 θεῖος
2451 3333 2748 3399 ἀπόστολος
2785 3327 3038 3401 Παῦλος,
3063 3336 3165 3390 Διὰ
3200 3338 3396 3392 ταῦτα
3438 3338 3666 3408 ἔρχεται

2082 3421 2122 3489 ἡ
2146 3422 2292 3493 ὀργὴ
2320 3424 2425 3478 τοῦ
2453 3424 2603 3479 Θεοῦ
2625 3426 2723 3480 ἐπὶ
2747 3425 2886 3490 τοὺς
2918 3428 3088 3494 υἱοὺς
3108 3428 3222 3495 τῆς
3253 3431 3580 3497 ἀπειθείας,
3615 3430 3668 3484 ἆ-

2084 3515 2206 3567 τινά
2228 3517 2354 3580 εἰσι,
2381 3516 2625 3587 πορνεία,
2651 3519 2981 3592 ἀκαθαρσία,
3002 3520 3193 3584 πάθος,
3213 3523 3485 3594 ἐπιθυμία
3505 3524 3664 3594 κακὴ,

389 3589 541 3646 sunt,
577 3581 884 3653 fornicatio,
910 3588 1281 3659 immnnditia,
1326 3597 1636 3665 passiones,
1671 3617 1840 3670 prava
1884 3601 1979 3658 de-

2088 3606 2388 3673 πλεονεξία,
2421 3581 2544 3680 ἥτις
2596 3610 2746 3663 ἐστὶν
2777 3581 3223 3681 είδωλολατρεία·
3274 3614 3356 3668 διὸ
3388 3581 3538 3689 πάσῃ

389 3671 614 3740 sideria,
637 3677 866 3737 avaritia
889 3695 1009 3749 qua:
1027 3689 1111 3738 est
1139 3683 1415 3741 idolorum
1443 3689 1703 3745 servitus.
1727 3691 1976 3763 Quapro-

388 3771 512 3833 pter
533 3766 683 3820 omni
715 3769 1008 3827 sedulitate
1035 3776 1412 3834 custodiamus
1454 3782 1845 3852 nosmetipsos,
1903 3802 1983 3842 ne

387 3853 650 3926 deinceps
684 3859 900 3916 tristitia
949 3862 1249 3922 afficiamus
1277 3867 1543 3938 Spiritum
1590 3883 1861 3941 sanctum,
1916 3876 1975 3932 in

387 3962 498 4015 quo
525 3947 721 4019 signati
747 3970 938 4011 sumus
976 3956 1032 4011 in
1060 3957 1629 4031 diem‘redemptionis
1655 3965 1719 4031 ¹¹¹,
1760 3966 1816 4020 in
1846 3984 1958 4037 quo

386 4042 676 4098 etarrham
706 4048 1022 4117 accepimus
1050 4048 1116 4103 ad
1147 4065 1301 4119 spem
1320 4051 1445 4106 vita:
1460 4053 1975 4122 sempiternae:qu

387 4132 532 4185 enim
559 4133 718 4189 Pater
744 4138 1273 4206 miscricordiarum,
1297 4150 1358 4196 ut
1383 4156 1509 4207 nes,
1541 4142 1824 4199 libidinosi
1852 4145 1983 4213 lilii,

390 4224 579 4289 procul
606 4225 674 4278 ab
700 4225 820 4296 ipso
849 4228 1195 4296 aberrantes,
1225 4232 1610 4301 pmnitentiam
1636 4250 1882 4305 agamus,
1914 4246 1991 4292 ut.

389 4326 487 4380 per
519 4314 861 4371 sacrificium
885 4317 1154 4373 mundum
1189 4321 1454 4391 unigeniti
1492 4321 1643 4377 illius
1675 4324 1820 4388 Filii,
1869 4327 1976 4381 Do-

387 4404 524 4459 mini
571 4407 745 4460 nostri
787 4416 844 4460 et
880 4408 975 4462 Dei
1006 4417 1062 4463 et
1112 4409 1426 4468 Servatoris
1456 4413 1583 4469 Jesu
1619 4414 1849 4483 Christi,
1903 4417 1971 4472 ad

388 4494 567 4563 ipsum
623 4488 1035 4555 convertamur.
1083 4503 1187 4557 Per
1233 4520 1396 4574 quem
1443 4506 1592 4559 enim
1646 4508 1981 4578 jampridem,

388 4589 771 4647 remissionem
802 4578 1166 4662 obtinuimus,
1198 4607 1254 4651 et
1297 4614 1581 4655 accessum
1628 4602 1696 4658 ad
1750 4604 1971 4659 Patrem

389 4679 700 4749 habuimus,
746 4684 793 4738 is
828 4701 977 4740 nunc
1003 4702 1243 4757 quoque,
1272 4690 1733 4758 propitius-nobis
1762 4700 1966 4763 lactus,

385 4772 671 4841 castigabit
714 4772 856 4829 feras
883 4776 1168 4841 silvarum,
1203 4795 1304 4835 nec
1339 4797 1579 4851 unquam
1614 4793 1736 4854 post
1772 4785 1973 4841 timen-

384 4860 513 4915 dum
541 4864 697 4919 vobis
721 4865 790 4919 ab
822 4866 932 4921 illis
964 4868 1093 4934 erit,
1130 4881 1396 4940 perpetua
1428 4873 1790 4932 indemnitate
1831 4878 1969 4933 frui-

382 4953 543 5007 turis.
570 4953 731 5009 Hisce
763 4956 839 5009 illi
884 4957 1088 5012 auditis
1117 4960 1280 5029 pleno
1321 4978 1416 5017 ore
1455 4965 1566 5020 Deo
1612 4982 1676 5022 ac
1707 4967 1965 5039 Symeoni
1997 4953 2045 5013 D

380 5041 585 5109 gratias
630 5046 1018 5112 persolverunt
1051 5064 1063 5099 :
1098 5047 1226 5104 ferae
1264 5060 1446 5108 autem
1478 5071 1545 5109 ex
1577 5056 1670 5111 illo
1696 5065 1964 5127 tempore,

380 5147 411 5186 e
440 5132 585 5189 dicta
622 5134 845 5204 regione
888 5139 1177 5207 abeuntes,
1214 5144 1390 5199 solum
1441 5156 1744 5204 verterunt.

451 5225 537 5281 59.
566 5225 904 5284 Adolescens
948 5232 1171 5300 quidam
1212 5250 1379 5307 supra
1414 5239 1676 5309 Daphnen
1712 5242 1811 5314 (7),
1861 5245 1968 5301 li'xo

380 5315 578 5371 ebtutu
600 5319 771 5373 solem
796 5322 1067 5378 orientem
1091 5327 1347 5394 intuitus,
1370 5330 1685 5389 facultatem
1705 5335 1969 5391 amiserat

379 5408 605 5463 videndi
630 5426 645 5464 :
673 5412 829 5482 cujus
854 5424 1131 5483 parentes,
1154 5421 1414 5477 omnibus
1434 5424 1558 5479 aliis
1587 5426 1849 5480 remediis
1869 5427 1965 5482 de-

378 5504 635 5572 speratis,
680 5504 734 5558 in
776 5509 998 5564 nomine
1025 5510 1228 5567 Christi
1253 5523 1308 5569 et
1338 5514 1531 5569 famuli
1576 5519 1696 5586 ejus
1730 5518 1958 5589 Symco-

978 5623 1030 5678 6.
1112 5627 1155 5657 "
1210 5627 1412 5697 Ephes.
1464 5645 1536 5691 I-v,
1582 5631 1671 5685 50.

455 5729 527 5811 (7)
560 5730 793 5811 Dubium
821 5744 907 5811 est
965 5745 1169 5811 utrum,
1204 5740 1337 5793 velit
1389 5758 1577 5811 supra,
1614 5744 1667 5796 id
1702 5755 1788 5798 est
1816 5745 1956 5797 ultra

380 5794 624 5862 Daphnes
661 5804 987 5861 suburbium
1044 5809 1319 5864 habitasse
1383 5794 1664 5881 juvenem,
1719 5815 1807 5868 cui
1861 5815 1963 5869 huc

454 5616 495 5648 “
553 5616 750 5686 Ephes.
793 5637 845 5685 ν,

2076 3698 2214 3770 λακῇ
2239 3701 2569 3771 τηρήσωμεν
2597 3703 2846 3765 ἑαυτοὺς,
2875 3704 3072 3771 μηκέτι
3100 3703 3349 3776 λυπῆσαι
3368 3708 3429 3761 τὸ
3450 3706 3665 3776 Πνεῦμα

2075 3789 2136 3843 τὸ
2161 3789 2335 3859 ἅγιον,
2361 3790 2417 3842 ἐν
2444 3783 2488 3858 ᾧ
2516 3791 2974 3860 ὲσφραγίσθημεν
3000 3795 3079 3857 είς
3109 3796 3331 3866 ἡμέραν
3360 3796 3667 3885 ἀσπολυτρώ-

2079 3896 2238 3944 σεως,
2268 3883 2329 3933 ὲν
2358 3874 2402 3949 ᾧ
2436 3881 2526 3934 καὶ
2558 3883 2684 3944 τοὺς
2715 3881 3045 3954 ἀρραϐῶνας
3078 3885 3354 3957 ἐλάϐομεν
3384 3874 3472 3941 ἐπ’
3497 3888 3665 3940 ἑλπίδι

2076 3968 2223 4039 ζωῆς
2248 3971 2492 4025 αἰωνίου·
2527 3971 2671 4025 θέλει
2699 3972 2807 4044 γὰρ
2831 3973 2861 4026 ὁ
2892 3974 3083 4045 Πατὴρ
3107 3976 3219 4028 τῶν
3244 3979 3552 4050 οἰκτιρμῶν
3572 3977 3665 4047 τὴν

2077 4061 2349 4131 ἡμετέραν
2394 4061 2505 4114 τῶν
2553 4061 2780 4116 ἀσώτων
2813 4063 2947 4117 υίῶν
2982 4065 3090 4118 τῶν
3117 4065 3176 4133 ἐξ
3215 4069 3387 4122 αὑτοῦ
3424 4087 3661 4140 μακρυν-

2076 4151 2275 4206 θέντων
2312 4155 2625 4224 μετάνοιαν,
2666 4153 2755 4207 ἴνα
2791 4154 2880 4208 διὰ
2927 4156 3030 4225 τῆς
3063 4158 3318 4230 καθαρᾶς
3350 4160 3542 4225 θυσίας
3573 4157 3662 4214 τοῦ

2078 4243 2398 4312 μονογενοῦς
2421 4245 2584 4298 αὑτοῦ
2611 4244 2764 4311 Υίοῦ,
2795 4246 3001 4317 Κυρίου
3030 4248 3074 4301 δ’
3101 4250 3261 4320 ἡμῶν
3284 4252 3380 4305 καὶ
3408 4252 3541 4306 Θεοῦ
3572 4249 3663 4305 καὶ

2076 4336 2326 4404 Σωτῆρος
2366 4336 2539 4405 Ἰησοῦ
2576 4337 2836 4406 Χριστοῦ,
2872 4339 3007 4409 πρὸς
3028 4340 3190 4393 αὐτὸν
3220 4343 3656 4416 ἐπιστρέψωμεν.

2075 4425 2152 4478 Δι’
2183 4420 2244 4479 οὗ
2272 4427 2366 4480 καί¹
2392 4426 2489 4497 τὴν
2527 4426 2723 4495 ἄφεσιν
2754 4429 2850 4481 καὶ
2880 4429 2979 4500 τὴν
3013 4433 3388 4505 προσαγωγὴν
3422 4436 3658 4505 ἐσχήκαο

2079 4533 2199 4587 μεν,
2233 4516 2291 4581 ὃς
2321 4518 2414 4570 καὶ
2447 4516 2542 4570 νῦν
2573 4519 2703 4587 ἡμῖν
2725 4518 2882 4582 ἵλεως
2900 4520 3161 4588 γεγονὼς,
3197 4523 3523 4595 ἐπιτιμήσει
3551 4526 3660 4581 τοῖς

2074 4608 2284 4679 θηρίοις
2317 4607 2411 4662 τοῦ
2440 4608 2672 4680 δρυμοῦ,
2695 4609 2791 4663 καὶ
2824 4610 3008 4663 οὐκέτι
3037 4611 3371 4684 φόϐος-ὑμῖν
3392 4616 3462 4681 ,ἐξ
3496 4613 3657 4669 αὐτοῦ

2072 4701 2247 4766 οὐδεὶς
2294 4701 2469 4764 ἔσται,
2499 4699 2636 4754 ἀλλὰ
2682 4699 2744 4753 τδ
2777 4700 2963 4757 λοιπὸν
3007 4702 3285 4776 ἐλεύθεροι
3314 4706 3417 4775 τῆς
3457 4706 3658 4760 τούτων

2073 4790 2277 4861 βλάϐης
2329 4791 2659 4860 δωμενείτε.
2692 4790 2881 4845 Ταῦτα
2927 4793 2977 4844 οί
3026 4795 3125 4862 μὲν
3168 4796 3529 4861 ἀκούσαντες,
3559 4797 3658 4862 ὅλῳ

2076 4881 2304 4951 στόματι
2351 4879 2470 4951 Θεῷ
2522 4881 2619 4934 καὶ
2668 4880 2744 4951 τῷ
2804 4881 3028 4952 Συμεὼν
3061 4884 3463 4955 ηὐχαρίστουν·
3507 4887 3565 4940 τὸ
3604 4885 3659 4938 δὲ

2073 4972 2182 5025 τῶν
2231 4971 2436 5042 θηρίων
2500 4969 2703 5042 πλῆθος
2759 4973 2817 5037 ἐξ
2879 4974 3089 5028 ἐκείνου
3146 4976 3246 5046 τῆς
3309 4976 3495 5048 χώρας
3557 4979 3657 5030 ἀπο

2054 5062 2353 5132 ιὴλλακτον

2140 5241 2235 5295 νθ¹ξ
2283 5241 2518 5306 Νεανίας
2570 5259 2655 5306 τις
2706 5242 2913 5297 ἄνωθεν
2961 5244 3059 5315 τῆς
3101 5244 3341 5315 Δάφνης,
3384 5244 3654 5314 ἀνίσχοντι

2068 5334 2417 5405 προσϐλέψας
2463 5335 2650 5398 ἀτενὲς
2687 5336 2764 5399 τῷ
2793 5336 2948 5407 ἡλίῳ,
2976 5337 3077 5409 τὴν
3109 5337 3347 5407 ὀπτεκὴν
3376 5337 3658 5390 σϐέννυται

2065 5427 2297 5497 δύναμιν
2319 5443 2334 5457 ·
2362 5425 2472 5481 τῶν
2505 5427 2682 5481 ἄλλων
2721 5427 2903 5482 τοίνυν
2941 5430 3195 5485 ἁπάντων
3250 5430 3304 5481 οἱ
3336 5428 3534 5481 τούτου
3571 5443 3665 5495 γο-

2064 5522 2174 5582 νεῖς
2217 5517 2567 5588 ἀπογνόντες,
2606 5519 2836 5572 ἅπτουσι
2878 5520 3100 5592 λυχνίαν
3134 5520 3222 5574 ἐπ’
3271 5519 3502 5588 ὀνόματι
3532 5518 3663 5588 Χρι-

2066 5747 2301 5812 accidit;
2359 5764 2438 5802 an
2498 5748 2572 5805 ibi
2628 5749 2925 5805 exsistcnti.
2975 5748 3347 5806 infortunium
3391 5745 3647 5806 caecitatis

2070 5819 2378 5873 obvenisse.
