3898 6412
296 378 440 445 3041

1318 384 1495 445 νιΤΑ
1532 387 1582 445 Α
1623 382 2063 445 NICEPHORO
2101 384 2590 448 CONSCRIPTA.

3448 391 3591 452 3041'.

279 489 441 555 στοῦ,
478 489 573 543 καὶ
601 490 701 545 τοῦ
729 490 1066 563 θεράποντος
1092 492 1259 547 αὑτοῦ
1290 492 1539 565 Συμεὼν,
1568 492 1649 546 ἔτι
1679 491 1776 545 καὶ
1804 490 1888 545 θυ-

1997 491 2102 556 nis,
2171 492 2457 548 candelam
2509 490 3132 565 accendunt,’insuper
3194 505 3251 551 et
3302 496 3588 558 incensum

280 579 474 650 μίαμα
503 583 955 653 προσαγαγόντες
981 602 995 614 ·
1029 584 1126 639 καὶ
1160 585 1362 639 αὐτίκα
1390 585 1468 656 τῷ
1496 585 1766 655 νεανίσκῳ
1796 583 1893 656 (ὼς

276 670 427 722 πολὺ
459 671 522 725 τὸ
552 672 759 743 πλῆθος
785 673 887 744 τῆς
916 675 1293 748 χρηστότητός
1328 694 1445 744 σου,
1478 676 1674 748 Κύριε,
1707 672 1775 747 ἦς
1804 678 1891 742 ἐξ·

277 761 535 830 ειργάσω
577 763 689 826 τοῖς
723 762 1036 828 ἐλπίζουσιν
1067 766 1161 819 ἐπὶ
1197 766 1259 820 σέ
1283 765 1332 833 l)
1361 766 1421 820 τὸ
1455 765 1564 819 τῶν
1593 765 1892 837 ὀφθαλμῶν

280 848 447 916 αὖθις
499 852 750 907 ἐπάνεισι
801 855 918 924 φῶς
944 894 957 908 .
1004 856 1235 927 Ἕτερος
1268 857 1377 910 ὑπό
1419 874 1565 920 τινος
1602 856 1760 911 νόσου
1794 856 1893 928 τὴν

278 943 500 997 κοιλίαν
533 944 818 1013 διώγκωτο
842 963 856 976 ·
890 947 1165 1018 ίατρικατς
1185 949 1369 1001 τοίνυν
1392 948 1611 1018 τέχναις
1633 946 1893 1018 οἰμώζειν

280 1035 462 1088 εἰπὼν
506 1038 597 1091 τὸν
643 1037 790 1091 θεῖον
836 1039 1068 1110 Συμεὼν
1112 1041 1194 1104 είς
1246 1041 1389 1095 ἴασιν
1429 1038 1524 1092 τοῦ
1562 1039 1766 1103 πάθους
1807 1040 1894 1105 ἐξ·

282 1128 562 1180 εκαλεῖτο.
626 1130 736 1182 Καὶ
809 1130 1085 1185 δείκνυσιν
1145 1131 1313 1196 ὕπνος
1371 1131 1519 1204 αὐτῷ
1577 1132 1671 1186 τὸν
1724 1133 1893 1204 ἄνδρα

285 1220 583 1289 σωτήριον,
637 1219 901 1275 ἐπιθέντα
943 1220 1021 1292 τῷ
1064 1218 1230 1276 πάθει
1273 1224 1333 1277 τὸ
1380 1223 1736 1294 Εὐαγγέλιον.
1784 1225 1893 1277 Καὶ

285 1311 618 1380 συναπέπτη
651 1310 731 1381 τῷ
768 1310 923 1383 ὕπνῳ
972 1312 1034 1366 τὸ
1082 1314 1276 1381 πάθος,
1321 1316 1416 1367 καὶ
1448 1314 1606 1387 ὑγιὴς
1646 1317 1674 1368 ό
1707 1315 1893 1379 κακῶς

285 1399 432 1468 ἔχων
476 1401 836 1466 διυπνισθεὶς,
882 1401 962 1473 τῷ
1009 1402 1178 1474 ’Δγίῳ
1210 1402 1525 1475 προσελθὼν
1574 1404 1634 1457 τὸ
1668 1405 1892 1473 γεγονὸς

285 1492 649 1560 ἀπαγγέλλει.

348 1584 429 1651 γε’.
463 1583 621 1636 Οῦτω
641 1582 696 1638 δὲ
723 1583 834 1638 τῶν
863 1585 997 1656 παρ’
1016 1585 1180 1639 αὐτοῦ
1213 1585 1507 1657 θαυμάτων
1544 1584 1633 1637 ίσα
1668 1587 1761 1637 καὶ
1792 1602 1891 1638 πο-

286 1679 490 1747 ταμοῖς
519 1677 819 1747 χεομένων,
854 1680 983 1730 συνέ
992 1679 1228 1749 ρῤευσάν
1252 1694 1382 1730 ποτε
1408 1678 1543 1749 πρὸς
1564 1677 1725 1730 αὐτὸν
1747 1676 1892 1746 ὄχλοι

289 1770 499 1836 πολλοὶ,
549 1772 753 1841 κηροὺς
781 1771 1114 1842 ἁνάψαντες,
1169 1772 1263 1824 καὶ
1306 1770 1529 1834 τούτους
1585 1772 1679 1823 ἐπὶ
1720 1769 1890 1822 καλά-

291 1881 414 1933 μων
437 1863 768 1933 πηξάμενοι,
796 1863 913 1936 Θεῷ
947 1881 1007 1917 τε
1035 1865 1100 1917 δι’
1124 1863 1294 1917 αὐτοῦ
1323 1863 1728 1933 προσφέροντες
1751 1864 1885 1916 ἀνα-
1922 1836 1965 1894 Β

287 1955 517 2025 θήματα
538 1972 551 1984 ·
597 1956 787 2027 ἐπειδὴ
822 1957 919 2009 καὶ
953 1956 1111 2009 τοῦτο
1134 1955 1338 2026 ,δεκτὴν
1378 1955 1616 2017 ,ἕκαστος
1646 1953 1762 2024 ⁴ᾔδει
1797 1952 1889 2005 θυ-

288 2046 436 2111 σίαν,
458 2048 596 2118 ὅπερ
617 2048 682 2101 ἂν
706 2047 773 2099 δι’
798 2048 963 2101 αὐτοῦ
984 2047 1362 2118 προσενέγκοι.
1403 2046 1460 2099 '0
1478 2045 1535 2099 δὲ
1560 2045 1696 2117 πρὸς
1717 2043 1888 2097 ταῦτα

291 2142 394 2210 μὲν
427 2141 520 2192 καὶ
544 2140 665 2193 λίαν
694 2140 1090 2211 ἀπαραδέκτως
1112 2135 1226 2209 εἶχε
1248 2155 1262 2170 ο
1284 2138 1419 2209 πρὸς
1442 2139 1500 2191 δὲ
1523 2139 1647 2201 τοὺς
1673 2137 1885 2208 ὄχλους,

286 2233 351 2286 Ei
384 2233 481 2286 καὶ
528 2232 594 2285 τὰ
622 2234 753 2302 παρ’
791 2231 968 2303 ὐμῶν,
998 2231 1175 2299 ἔλεγε,
1217 2231 1638 2301 προσφερόμενα
1677 2229 1891 2300 λαμϐά-

284 2344 405 2380 νειν
427 2327 612 2391 αὐτὸς,
634 2326 877 2394 ἀδελφοὶ,
904 2324 981 2396 μὴ
1002 2324 1316 2396 βουλοίμην,
1346 2324 1582 2377 παλαιὰν
1605 2322 1888 2392 φυλάττων

288 2422 389 2474 καὶ
422 2420 706 2491 ἡλικιῶτιν
739 2419 1032 2491 συνῂθειαν
1053 2436 1064 2448 ⁸
1105 2420 1241 2473 ἀλλὰ
1265 2419 1431 2472 δεκτά
1459 2419 1753 2488 γεγένηται
1785 2416 1885 2488 ήδη

284 2513 429 2583 Θεῷ,
458 2513 537 2584 τῷ
565 2514 807 2567 ἀνενδεεῖ
840 2513 938 2582 μὲν
971 2512 1254 2576 ἁπάντων,
1283 2512 1453 2582 μόνην
1482 2511 1537 2564 δὲ
1568 2509 1888 2581 προαίρεσιν

276 2606 420 2675 παρ’
452 2604 613 2678 ἡμῶν
648 2606 726 2665 εἰς
751 2603 955 2671 ἀγαθὸν
996 2602 1340 2657 ἀπαιτοῦντι.
1375 2604 1553 2673 Ὅπερ
1595 2602 1782 2655 ἐλύπει
1820 2602 1886 2655 τὰ

286 2695 493 2766 πλήθη,
522 2694 620 2749 καὶ
652 2695 863 2766 σφόδρα
880 2696 979 2764 τῆς
1015 2695 1249 2749 ἑκάστου
1284 2695 1516 2767 καρδίας
1547 2696 1773 2767 ἥπτετο,
1797 2695 1887 2747 εύ-

288 2786 628 2857 προσδέκτου
659 2784 913 2857 καθάπερ
945 2785 1096 2855 αὐτῷ
1134 2786 1234 2856 τῆς
1271 2784 1462 2848 θυσίας
1498 2785 1561 2837 ού
1581 2784 1887 2854 γεγενημέ-

287 2896 408 2948 νης.
438 2877 614 2930 Τοῦτο
645 2878 831 2932 τοίνυν
864 2878 1075 2940 ἰδόντας
1136 2877 1266 2939 τοὺς
1311 2874 1563 2946 μαθητὰς
1597 2874 1889 2945 βουλεύσα-

290 2969 418 3022 οθαι
451 2968 578 3024 καθ’
600 2971 861 3034 ἑαυτοὺς,
898 2968 1041 3023 ὥστε
1076 2967 1260 3039 κρύφα
1288 2967 1591 3038 λαμϐάνειν
1631 2967 1699 3020 τά
1725 2983 1885 3036 κομι-

288 3060 516 3130 ζόμενα.
562 3061 620 3114 Ὀ
652 3061 709 3114 δὲ
744 3062 885 3133 μηδὲ
927 3062 1028 3129 τὴν
1055 3059 1352 3130 ἐνθύμησιν
1385 3059 1565 3112 αὐτῶν
1592 3059 1886 3128 ἀγνοήσας,

1996 584 2240 639 offerunt
2267 604 2279 638 :
2311 600 2437 639 cum
2477 601 2508 639 e
2543 587 2775 657 vestigio
2808 586 3007 659 .(quam
3047 589 3338 659 multiplex
3367 603 3451 648 est
3490 593 3591 649 be-

1994 675 2238 745 nignitas
2275 683 2390 741 tua,
2436 675 2692 740 Domine,
2734 692 2901 745 quam
2931 680 3288 747 sperantibus
3315 681 3369 735 in
3416 689 3468 734 te
3500 697 3596 738 ex-

1998 767 2260 822 hibuisti!
2289 767 2306 838 )
2335 767 2483 822 oculi
2524 767 2894 823 adolescentis
2938 768 3143 823 iterum
3176 770 3591 829 illuminantur.

1994 859 2167 925 Alter,
2208 858 2300 913 cui
2333 866 2528 913 venter
2557 860 2753 914 morbo
2778 858 3019 931 quodam
3056 861 3418 929 intumuerat,
3451 865 3592 919 nihil

1995 958 2113 1004 arte
2139 951 2352 1006 medica
2390 952 2682 1007 levamiuis
2717 962 3000 1022 expertus,
3048 952 3377 1026 Symeonem
3414 971 3594 1011 reme-

1995 1043 2150 1098 dium
2183 1043 2394 1100 doloris
2423 1045 2507 1101 sui
2539 1046 2855 1116 postulabat
2886 1063 2902 1101 :
2937 1060 3069 1103 ecce
3106 1057 3290 1103 autem
3332 1048 3594 1104 salutaris

1995 1151 2225 1192 somnus
2281 1139 2508 1194 exhibet
2535 1139 2615 1195 illi
2660 1139 2887 1206 virum,
2954 1154 3173 1196 sacrum
3228 1140 3591 1211 Evangelium

1994 1225 2206 1281 dolenti
2253 1228 2504 1282 membro
2554 1229 2952 1300 imponentem,
2986 1246 3096 1300 quo
3126 1245 3353 1285 somnus
3379 1231 3593 1300 pariter

1994 1327 2051 1373 et
2093 1319 2252 1373 dolor
2278 1320 2493 1391 depulsi
2524 1330 2677 1376 sunt.
2715 1322 2896 1377 Sanus
2946 1322 3116 1393 igitur
3157 1330 3280 1391 post
3331 1336 3590 1377 somnum

1994 1407 2195 1472 factus,
2228 1409 2321 1479 qui
2358 1411 2499 1465 male
2528 1411 2821 1477 habuerat,
2853 1411 2920 1467 ad
2951 1421 3204 1466 sanctum
3238 1412 3491 1478 accessit,
3535 1423 3594 1467 et

1994 1499 2142 1567 quod
2189 1499 2504 1570 contigerat
2539 1500 2910 1570 renuntiavit.

2068 1588 2155 1644 60.
2194 1589 2334 1643 Dum
2370 1592 2443 1646 ita
2468 1593 2705 1663 Symeon
2739 1592 3070 1647 miraculosa
3122 1591 3391 1648 beneficia
3429 1593 3590 1663 quasi

1995 1681 2162 1752 pleno
2197 1682 2436 1737 effundit
2474 1684 2654 1748 alveo,
2703 1684 2907 1739 accidit
2946 1684 3245 1754 aliquando
3282 1684 3471 1738 turbas
3521 1684 3592 1739 ad

1997 1773 2149 1827 illum
2178 1772 2498 1845 frequentes
2528 1775 2830 1840 conﬂuere,
2854 1791 3118 1830 accensos
3142 1790 3334 1831 cereos
3361 1776 3595 1830 summis

1996 1865 2365 1921 arundinibus
2418 1868 2616 1922 infixos
2658 1867 3036 1937 praeferentes,
3088 1868 3437 1921 anathemata
3477 1867 3589 1921 Deo

1997 1971 2096 2025 per
2142 1956 2468 2028 Symeonem
2504 1957 2791 2013 oblaturas
2836 1976 2851 2014 :
2892 1968 3124 2013 noverat
3174 1960 3322 2014 enim
3353 1961 3591 2030 quisque

1996 2049 2337 2118 acceptabile
2375 2050 2429 2104 id
2454 2050 2785 2105 sacrificium
2823 2049 2964 2116 fore,
3001 2051 3148 2121 quod
3175 2068 3271 2121 per
3304 2053 3454 2107 illius
3476 2068 3592 2107 ma-

1995 2153 2103 2194 nus
2134 2139 2477 2195 immolatum
2515 2141 2731 2197 fuisset.
2781 2142 2849 2196 At
2879 2143 2969 2196 ille
2999 2143 3143 2197 dona
3173 2142 3395 2212 quidem
3427 2143 3594 2198 mini-

1997 2241 2086 2281 me
2114 2235 2231 2284 rata
2281 2229 2478 2285 habuit
2510 2240 2677 2301 atque
2705 2241 2962 2302 accepta;
2996 2233 3185 2287 turbas
3222 2247 3357 2287 vero
3397 2232 3470 2286 ila
3509 2242 3593 2288 est

1997 2318 2271 2377 allocutus
2315 2341 2328 2376 :
2365 2322 2688 2382 Oblationcs
2729 2334 2945 2381 vestras
2979 2342 3080 2397 ego
3120 2342 3230 2380 non
3292 2326 3592 2390 admisero,

1996 2412 2217 2479 fratres,
2233 2416 2474 2487 antiquae
2492 2428 2549 2474 et
2566 2418 2852 2474 hodierna:
2873 2420 3294 2475 consuetudinis
3309 2418 3595 2474 servanda:

1988 2507 2281 2562 studiosus
2307 2526 2321 2564 :
2352 2521 2737 2566 verumtamen
2770 2521 3071 2581 acceptam
3104 2513 3211 2582 iam
3240 2527 3270 2565 a
3297 2512 3411 2566 Deo
3438 2519 3590 2575 sunt,

1996 2598 2092 2667 qui
2125 2614 2313 2653 rerum
2345 2608 2660 2656 nostrarum
2692 2603 2768 2656 nil
2826 2604 3066 2674 indigus,
3106 2604 3281 2659 solam
3324 2603 3591 2660 intentio-

1996 2707 2123 2745 nem
2146 2692 2349 2747 bonam
2376 2693 2507 2748 boni
2541 2694 2801 2749 consulit.
2846 2695 2978 2761 Quae
3003 2697 3182 2750 oratio
3211 2695 3450 2751 tristitiae
3479 2711 3591 2749 non

1996 2784 2265 2840 mediocri
2294 2787 2474 2841 turbis
2506 2787 2637 2853 fuit,
2666 2798 2724 2843 et
2744 2788 2963 2844 animos
2991 2805 3100 2843 non
3138 2791 3302 2845 aliter
3333 2790 3589 2860 pupugit,

1996 2891 2160 2945 quam
2194 2877 2239 2932 si
2287 2879 2583 2947 reprobata
2622 2880 2833 2935 oblatio
2872 2881 3090 2935 fuisset.
3128 2881 3287 2948 Quod
3334 2882 3594 2937 animad-

1995 2975 2277 3022 vertentes
2311 2969 2573 3040 discipuli
2607 2971 2904 3026 consilium
2944 2971 3192 3025 inierunt
3232 2972 3377 3026 inter
3414 2988 3495 3035 se,
3530 2981 3594 3025 ut

1997 3060 2137 3114 clam
2159 3060 2536 3117 subducerent
2559 3078 2681 3132 quae
2704 3062 2867 3117 allata
2891 3070 3070 3117 erant.
3093 3063 3298 3119 Verum
3326 3063 3589 3134 Symeon,

288 3154 676 3227 abnqpoxépgt
710 3156 864 3223 φωνῇ
896 3152 1138 3214 καλέσας
1164 3152 1361 3215 αὐτοὺς
1381 3191 1396 3215 ,
1436 3151 1750 3220 Ἠγνόηταιν
1782 3167 1888 3218 φη-

1997 3169 2162 3223 quem
2198 3155 2566 3224 cogitationes
2608 3156 2831 3210 illorum
2865 3156 3015 3211 haud
3053 3156 3360 3227 fugiebant,
3395 3171 3590 3211 severa

295 3245 404 3309 σίν,
443 3245 594 3316 ὑμῖν,
627 3245 656 3298 ὃ
679 3246 731 3297 τί
760 3263 892 3301 ποτε
932 3247 1038 3316 ἄρα
1071 3245 1332 3297 πεπόνθοι
1361 3244 1513 3316 παρὰ
1538 3245 1614 3314 τῷ
1647 3244 1885 3314 Ἰσραὴλ,

287 3338 317 3389 ὁ
344 3334 422 3406 τῷ
454 3334 680 3406 χαλεπῷ
722 3335 890 3388 πάθει
931 3338 1031 3405 τῆς
1072 3335 1440 3405 φιλαργυρίας
1476 3334 1658 3399 ἁλοὺς,
1693 3335 1788 3386 καὶ
1833 3334 1894 3387 τὸ

290 3426 533 3498 χρυσοῦν
567 3425 919 3498 βούγλωσσον
959 3426 1198 3496 συλήσας
1230 3426 1325 3480 τοῦ
1358 3426 1725 3497 ἁναθέματος;
1751 3425 1803 3478 τί
1835 3424 1893 3479 δὲ

289 3520 455 3591 Γιεζὴ
502 3520 564 3572 τὸ
607 3519 915 3572 Ἐλισσαίου
968 3521 1277 3591 παιδάριον,
1316 3520 1465 3584 ὅπως
1502 3519 1603 3590 τὴν
1641 3519 1895 3589 Ναιεμὰν

289 3612 501 3683 λέπραν
549 3610 956 3681 κατεδικάσθης
1012 3612 1150 3665 ἀλλὰ
1204 3613 1300 3665 καὶ
1337 3610 1541 3674 Ἰούδας
1587 3612 1750 3674 αὐτὸς
1794 3611 1894 3681 τῆς

289 3702 665 3772 ἁποστολικῆς
719 3701 973 3756 ἐκπεσὼν
1007 3703 1231 3775 χάριτός
1261 3720 1320 3757 τε
1367 3703 1466 3755 καὶ³
1494 3703 1723 3766 τάξεως,
1761 3719 1897 3773 προ-

292 3796 454 3857 δότ-ης
478 3811 538 3846 τε
564 3793 658 3846 τοῦ
685 3792 1022 3845 Διδασκάλου
1045 3793 1338 3863 γενόμενος
1366 3791 1463 3844 καὶ
1483 3790 1889 3862 ἁπαγξάμενος,

290 3889 387 3940 καὶ
432 3887 596 3956 μέσος
647 3886 932 3952 λακήσας;
964 3885 1108 3961 Πρὸς
1160 3886 1335 3938 ταῦτα
1373 3884 1483 3938 δέει
1509 3884 1808 3954 ληφθέντες
1843 3885 1892 3937 οἱ

295 3978 565 4048 μαθηταὶ,
599 3976 856 4046 ῥίψαντες
882 3980 959 4040 εἰς
988 3978 1187 4047 ἔδαφος
1218 3978 1445 4040 ἑαυτοὺς
1475 3976 1801 4048 αἰτήσαντές
1832 3993 1893 4030 τε

299 4067 636 4137 συγγνώμην
691 4070 786 4121 καὶ
834 4069 1112 4132 λαϐόντες,
1163 4070 1491 4138 ἀνέστησαν,
1560 4067 1735 4123 πολλὰ
1766 4069 1896 4138 σφίε

294 4179 380 4213 σιν
450 4161 637 4224 αὐτοῖς
705 4160 815 4214 τῶν
884 4162 1168 4233 προτέρων
1231 4161 1678 4233 ἐπιμεμφόμενοι
1740 4161 1892 4229 λογι-

292 4249 466 4319 σμῶν.
567 4253 574 4259 ’
1832 4311 1842 4320 .

365 4341 465 4407 ξω.
521 4342 914 4414 Ἀπεκαλύφθη
945 4343 1076 4396 ποτὲ
1121 4342 1197 4414 τῷ
1240 4342 1473 4415 Συμεὼν
1499 4344 1644 4413 άπερ
1673 4342 1767 4395 ἐπὶ
1793 4342 1895 4411 τὴν

302 4434 580 4505 Ἀντιόχου
611 4433 715 4503 φεῦ
751 4435 764 4488 ί
801 4435 1109 4503 ἐπάγεσθαι
1132 4434 1359 4505 ἦμελλε.
1412 4435 1495 4488 Τὰ
1521 4434 1577 4488 δὲ
1607 4430 1697 4505 ἦν,
1729 4433 1895 4486 πνεῦ-

1994 3261 2130 3300 voce
2159 3246 2448 3301 advocatis
2473 3246 2611 3302 dicit
2649 3265 2662 3301 :
2691 3248 2954 3317 Nunquid
2995 3249 3171 3319 ignari
3201 3250 3359 3313 estis,
3385 3257 3592 3317 quanta

1995 3336 2127 3390 olim
2162 3352 2360 3406 passus
2412 3337 2485 3393 sit
2509 3338 2677 3393 Israel
2728 3347 2960 3408 propter
3010 3355 3159 3404 eum,
3197 3339 3293 3409 qui
3349 3339 3594 3393 avaritiae

1995 3428 2150 3498 gravi
2181 3428 2408 3484 all‘ectui
2434 3445 2493 3485 se
2515 3430 2767 3493 tradidit,
2794 3439 2850 3485 et
2873 3430 3118 3500 linguam
3147 3430 3222 3501 (8)
3248 3446 3471 3485 auream
3502 3446 3594 3484 ra-

1995 3521 2199 3589 puitex
2219 3520 2608 3576 anathemate?
2625 3521 2767 3587 Quid
2793 3521 2969 3585 Giezi,
2995 3538 3133 3591 puer
3161 3522 3340 3576 Elisaei
3366 3523 3593 3577 inonuc

1993 3611 2184 3682 lepraa,
2206 3628 2314 3682 qua
2344 3612 2593 3666 Naaman
2635 3613 2815 3666 fuerat
2839 3611 3099 3677 infectus,
3144 3612 3434 3667 damnatus
3467 3612 3596 3667 est?

1994 3703 2138 3770 Quid
2171 3719 2473 3758 memorem
2505 3704 2728 3767 Judam,
2750 3704 2843 3773 qui
2869 3720 2900 3758 e
2934 3719 3167 3757 numero
3186 3712 3243 3757 et
3261 3705 3436 3773 gratia
3458 3720 3594 3774 apo-

1994 3781 2264 3848 stolorum
2299 3793 2526 3861 excidit,
2557 3794 2809 3862 proditor
2853 3792 3092 3863 Magistri
3136 3793 3222 3847 sui
3268 3792 3484 3857 factus;
3534 3795 3618 3850 et’

1993 3886 2371 3955 strangulatus
2402 3885 2620 3952 crepuit
2650 3885 2907 3938 medius?
2928 3884 3009 3938 Ad
3050 3884 3171 3957 haec
3198 3885 3366 3938 verba
3401 3887 3593 3939 exani-

1994 3976 2125 4030 mati
2179 3976 2374 4030 timore
2405 3973 2685 4044 discipuli,
2720 3975 2882 4043 proni
2923 3991 2983 4030 se
3027 3975 3083 4029 in
3116 3982 3323 4029 terram
3359 3974 3587 4038 dedere,

1996 4067 2214 4122 veniam
2249 4066 2647 4135 deprecantes;
2690 4081 2855 4135 quam
2895 4065 2990 4119 ubi
3023 4066 3414 4134 impetrarunt,
3468 4080 3592 4117 sur-

1995 4166 2189 4229 gentes
2222 4156 2416 4213 multis
2446 4171 2569 4211 sese
2594 4156 2929 4212 incusavere
2954 4156 3028 4211 ob
3047 4156 3235 4225 priora
3272 4170 3374 4210 sua
3427 4155 3586 4226 cogi-

1999 4259 2131 4305 tata.
2418 4313 2423 4319 _

2066 4341 2156 4395 61.
2191 4341 2457 4397 Revelata
2503 4341 2750 4412 quodam
2800 4349 3054 4411 tempore
3114 4339 3378 4411 Symeoni
3448 4347 3584 4393 sunt

1996 4433 2140 4487 mala
2181 4448 2305 4501 quae
2353 4447 2527 4503 super
2588 4432 2942 4488 Antiochiam
3010 4429 3329 4485 inducenda
3375 4439 3584 4484 essent.

293 4544 369 4595 μα
403 4527 687 4597 μάχαιραν
740 4527 1246 4597 ἐγκεχειρισμένον,
1284 4526 1382 4580 καὶ
1423 4525 1633 4579 ἄνωθεν
1671 4526 1759 4577 ἐπ’
1793 4525 1888 4577 αὐ-

1997 4522 2170 4577 Erant
2204 4532 2391 4579 autem
2423 4524 2778 4595 huiusmodi:
2839 4524 3072 4595 angelus
3120 4522 3364 4593 gladium
3398 4528 3591 4576 tenens

288 4620 390 4688 τὴν
457 4618 790 4688 φερόμενον.
862 4617 1087 4687 Ἐϐόησε
1132 4617 1429 4687 τοιγαροῦν
1486 4616 1626 4685 πρὸς
1678 4613 1886 4683 Κύριον

291 4709 435 4778 ὑπὲρ
495 4706 672 4778 αὐτῆς
728 4711 797 4778 τῇ
855 4708 1076 4780 καρδίᾳ,
1101 4706 1233 4778 ἔστη
1263 4723 1323 4759 τε
1357 4706 1499 4760 κατὰ
1522 4705 1615 4759 τὸν
1643 4705 1888 4775 Μωῦσῆν

290 4802 528 4854 ἐνώπιον
591 4800 782 4864 αὐτοῦ,
813 4799 907 4854 τοῦ
969 4797 1315 4871 ἀποστρέψαι
1358 4800 1448 4853 τὸν
1483 4797 1658 4868 θυμὸν
1690 4796 1884 4863 αὐτοῦ,

288 4893 382 4942 καὶ
440 4889 518 4961 μὴ
565 4889 836 4943 ἐκκαῦσαι
897 4892 1081 4945 πᾶσαν
1119 4890 1221 4961 τὴν
1256 4889 1428 4962 ὀργὴν
1487 4887 1676 4942 αὐτοῦ.
1726 4888 1787 4941 Ὀ
1833 4887 1890 4940 δέ

293 4997 429 5051 φησι
454 4980 598 5052 πρὸς
624 4981 816 5036 αὐτόν’
865 4981 997 5037 Ἰδοὺ
1027 4980 1303 5052 ήκραυγὴ
1334 4980 1434 5050 τῆς
1481 4980 1678 5040 κακίας
1719 4978 1891 5047 αὐτῆς

292 5070 463 5142 ἀνέϐη
524 5072 663 5143 πρός
718 5090 812 5143 με,
862 5072 950 5126 ἐπ’
976 5072 1156 5145 ,ὀργήν
1188 5090 1293 5143 μου
1338 5072 1434 5125 καὶ
1461 5072 1556 5124 ἐπὶ
1583 5071 1756 5141 θυμόν
1781 5072 1887 5143 μού

290 5163 488 5234 ἐστινή
518 5163 674 5228 πόλις
694 5164 860 5236 αὕτη,
890 5166 986 5219 καὶ
1009 5164 1226 5239 ἀφανιῶ
1258 5163 1430 5235 αὐτὴν
1459 5166 1516 5217 ὲν
1550 5166 1671 5228 ταῖς
1701 5166 1888 5236 ἁμαρ-

291 5256 432 5320 τίαις
510 5257 707 5328 αὐτῇς,
774 5258 873 5311 καὶ
948 5256 1108 5312 δώσω
1163 5255 1278 5328 πῦρ
1303 5256 1390 5310 ἐπ’
1420 5254 1591 5327 αὐτὴν
1632 5257 1727 5310 καὶ
1755 5259 1891 5326 ῥομ-

295 5352 462 5418 φαίαν
492 5350 593 5404 καὶ
624 5350 861 5409 θάνατον
889 5368 905 5384 ο
938 5351 1081 5423 αὐτὴ
1110 5349 1434 5423 παρώργισέ
1464 5368 1533 5420 με
1562 5352 1620 5405 ὲν
1658 5353 1772 5415 τοῖς
1801 5352 1881 5405 εί-

292 5444 483 5511 δώλοις
507 5447 702 5517 αὐτῆς,
735 5447 950 5502 τιθεῖσα
976 5448 1260 5520 τράπεζαν
1292 5449 1407 5510 τοῖς
1438 5446 1660 5517 δαίμοσι
1688 5449 1787 5502 καὶ
1815 5450 1881 5520 τῇ

293 5535 453 5610 τύχῃ,
478 5535 636 5606 κάγὼ
682 5538 778 5591 ἐπὶ
832 5537 979 5591 ἔθνει
1032 5538 1282 5608 ἀσυνέτῳ
1346 5536 1638 5610 παροργιῶ
1686 5538 1879 5608 αὐτήν.

366 5669 458 5742 (8)-
479 5669 685 5736 Achan,
711 5671 769 5742 gis
804 5671 910 5727 fuit
936 5673 1055 5742 qui,
1087 5672 1256 5728 Josue
1289 5688 1382 5735 vn,
1425 5673 1494 5728 de
1531 5670 1884 5742 anathemate

297 5736 520 5796 Jcricho
550 5741 677 5812 tulit
704 5736 809 5811 (uti
848 5736 1208 5812 Septuaginta
1236 5742 1467 5812 habent)
1497 5741 1746 5810 γλῶτταν
1778 5741 1884 5795 lin-

299 5825 479 5882 quam,
504 5810 654 5881 quod
705 5810 959 5883 vulgatus
1012 5823 1193 5870 textus
1242 5810 1482 5884 regulam
1529 5812 1736 5867 vertit:
1775 5827 1878 5867 ms.

1989 4630 2159 4669 manu
2187 4616 2244 4669 iu
2276 4631 2406 4671 aere
2434 4615 2724 4671 ferebatur
2759 4631 2928 4687 supra
2956 4615 3260 4671 civitatem.
3318 4614 3590 4670 luclama-

1989 4709 2073 4765 vit
2113 4708 2286 4780 igitur
2331 4717 2561 4765 sanctus
2610 4709 2908 4765 Dominum
2948 4724 3052 4778 pro
3105 4723 3171 4763 ea
3231 4714 3351 4762 toto
3400 4705 3589 4769 corde,

1985 4802 2263 4872 stetitque
2299 4811 2362 4857 ut
2395 4803 2539 4858 alter
2574 4801 2790 4873 Moyses
2819 4816 3009 4858 coram
3037 4800 3152 4864 illo,
3195 4809 3259 4853 ut
3306 4806 3592 4853 averteret

1999 4890 2248 4945 furorem
2282 4890 2459 4955 illius,
2494 4888 2906 4958 impediretque
2935 4902 3006 4942 ne
3040 4887 3250 4957 majore
3301 4885 3591 4948 iracundia

1999 4984 2465 5039 inﬂammaretur.
2490 4982 2641 5036 Dicit
2686 4990 2875 5036 autem
2928 4976 3202 5035 Dominus
3263 4977 3333 5032 ad
3395 4979 3588 5033 illum:

1999 5074 2145 5132 Ecce
2177 5076 2390 5130 clamor
2412 5082 2770 5143 peccatorum
2807 5071 2966 5127 urbis
3009 5070 3163 5127 illius
3224 5069 3478 5125 ascendit
3521 5069 3589 5124 ad

1999 5183 2110 5233 me,
2143 5167 2280 5222 iram
2309 5181 2375 5221 ac
2396 5165 2640 5220 furorem
2667 5180 2852 5219 meum
2881 5163 3121 5219 incurrit
3144 5161 3342 5233 impia;
3375 5161 3592 5231 disper-

1997 5260 2127 5315 dam
2163 5259 2338 5329 ipsam
2364 5258 2420 5313 in
2448 5259 2693 5328 peccatis
2733 5257 2882 5313 suis:
2942 5255 3238 5311 immittam
3298 5254 3502 5324 ignem,
3533 5262 3591 5308 et

1996 5352 2265 5422 gladium,
2308 5359 2366 5406 et
2389 5358 2661 5406 mortem:
2700 5350 2818 5420 ipsa
2874 5349 3117 5405 irritavit
3164 5364 3255 5404 me
3305 5334 3405 5419 per
3444 5347 3589 5403 idola

1993 5460 2115 5507 sua,
2143 5459 2355 5513 ponens
2391 5459 2637 5498 mensam
2669 5443 3018 5499 daemonibus
3065 5450 3121 5496 et
3156 5441 3428 5508 fortunae;
3484 5455 3588 5511 ego

1994 5552 2216 5610 quoque
2245 5553 2346 5606 per
2381 5546 2602 5609 gentem
2663 5537 3020 5608 insipientem
3094 5535 3327 5590 irritabo
3382 5536 3584 5606 ipsam,

1992 5683 2249 5729 nostrum
2314 5673 2679 5744 βούγλωσσον,
2737 5691 2858 5745 quae
2912 5674 3082 5732 herba
3129 5690 3255 5730 cum
3317 5673 3479 5733 ﬂoret
3526 5678 3581 5735 in

1991 5759 2219 5869 secap‘um
2243 5747 2503 5822 assurgit,
2541 5746 2809 5818 longioris
2846 5746 3024 5802 instar
3049 5746 3238 5817 virgae,
3275 5756 3488 5803 rectum
3516 5764 3582 5804 ac

2049 5829 2107 5871 re
2137 5829 2246 5869 em.
