4018 6432
1512 234 1531 257 ι

426 326 451 383 7
471 323 559 389 ita}

1625 323 1685 381 S.
1729 319 2103 379 SYMEONIS
2142 315 2502 375 JUNlORlS

3542 307 3684 369 30ίᾷ

427 438 572 490 llam:
600 434 867 489 visionem
924 450 1033 489 non
1066 442 1281 504 poterat
1331 443 1555 503 propter
1609 431 1989 486 comminatio-

2102 428 2310 494 Ταύτην
2335 427 2363 477 ὁ
2387 427 2482 494 μὲν
2518 424 2614 491 τὴν
2647 425 2768 492 ὗξιν
2799 424 2894 492 οὐχ
2925 416 3033 484 οἷός
3080 439 3135 473 τε
3166 419 3240 471 ῶν
3271 423 3331 473 ἐν
3374 418 3528 488 αὐτῷ
3564 420 3686 471 στέ-

424 543 552 580 num
589 512 936 580 atrocitatem
965 526 1315 594 supprimere
1348 523 1621 594 Symeon;
1678 524 1771 577 sed
1827 524 1994 576 adve-

423 614 704 668 nientibus
729 612 1053 682 quibusdam
1078 611 1381 665 Antiochia:
1404 610 1469 663 ad
1502 625 1560 665 se
1583 611 1715 663 viris
1766 611 1960 679 integri
1978 639 1993 648 -

424 712 535 757 tate
581 704 704 755 vita:
756 700 1084 770 insignibus,
1130 714 1242 750 rem
1299 707 1466 750 totam
1517 712 1641 750 cum
1697 695 1864 749 animi
1909 694 1993 748 sui

422 795 572 865 gravi
603 808 764 846 sensu
794 792 1079 849 narravit:
1107 799 1311 845 eventu
1345 804 1566 859 quoque
1622 803 1795 858 prope
1850 787 1993 841 diem

423 886 817 951 subsequente.
844 882 964 936 Non
996 883 1229 935 multum
1265 883 1412 936 enim
1439 881 1755 935 intercessit
1785 886 1996 947 tempo-

424 976 521 1037 ris,
578 989 700 1027 cum
766 974 911 1028 Deus
957 972 1243 1027 Chosroeu
1307 974 1602 1027 Persarum
1670 985 1891 1040 regem,
1938 978 1997 1022 et

423 1064 710 1119 Clzaldreos
739 1066 815 1117 illi
842 1065 1113 1128 subditos,
1148 1074 1365 1134 gentem
1425 1065 1570 1118 bello
1618 1078 1799 1116 acrem
1842 1062 1996 1130 juxta

416 1170 485 1207 ac
517 1156 756 1209 celerem
790 1155 1117 1225 (velociores
1141 1170 1377 1224 namque
1427 1155 1693 1207 dicuntur
1719 1151 1848 1221 equi
1872 1150 1996 1204 illo-

422 1259 547 1297 rum
609 1244 919 1312 pantheris,
978 1255 1035 1298 et
1085 1244 1384 1300 ferociores
1433 1245 1647 1298 Arabia:
1683 1242 1871 1312 lupis),
1906 1257 1999 1294 vc-

423 1335 507 1387 lut
553 1336 795 1404 aquilam
849 1345 1103 1405 prompte
1167 1336 1511 1389 advolantem
1555 1334 1623 1388 ad
1668 1350 1871 1398 escam,
1930 1348 1998 1385 ex

417 1426 647 1480 Oriente
674 1428 751 1493 (9)
792 1427 1063 1492 suscitat;
1099 1428 1191 1496 qui
1220 1426 1369 1497 gravi
1420 1427 1662 1481 exercitu
1718 1424 1996 1477 civitatem

422 1519 741 1571 cinxerunt.
779 1518 1012 1589 Symeon
1032 1518 1200 1588 igitur
1226 1518 1295 1572 ad
1330 1518 1622 1572 Dominum
1667 1530 1861 1569 rursus
1887 1516 1999 1568 ele-

423 1609 571 1662 vavit
594 1625 783 1662 vocem
813 1625 966 1663 suam
994 1625 1097 1677 pro
1138 1610 1250 1673 illa,
1285 1609 1329 1663 si
1366 1608 1508 1662 forte
1559 1622 1726 1676 super
1779 1606 1846 1659 iis
1878 1621 1999 1675 quae

421 1700 574 1768 prius
622 1708 740 1752 erat
798 1699 1162 1752 comminatus
1221 1698 1561 1767 paeniteret,
1609 1705 1666 1751 et
1723 1696 1998 1765 propitius

424 1792 580 1842 lieret
613 1789 862 1858 peccatis
883 1790 1145 1852 civitatis,
1184 1805 1283 1843 nec
1311 1787 1657 1858 disperderet
1711 1788 1859 1841 illam
1905 1794 2000 1839 aut
2030 1779 2071 1832 Β

350 1924 357 1927 .
425 1880 667 1933 traderet
704 1880 898 1948 gladiis
957 1879 1327 1949 Assyriorum.
1381 1878 1579 1932 Verum
1618 1878 1757 1931 nihil
1816 1876 1993 1931 mani-

421 1969 544 2022 festi
574 1970 711 2040 signi
740 1969 1006 2024 reddebat
1037 1970 1326 2034 Dominus,
1364 1970 1618 2039 quoniam
1664 1972 1745 2022 ira
1789 1968 1997 2022 furoris

422 2061 890 2129 ejusabundabat,
938 2071 995 2116 et
1026 2062 1407 2117 misericordia
1454 2059 1817 2114 absconderat
1867 2074 1925 2113 se
1967 2074 1997 2111 a

425 2150 565 2205 facie
592 2152 762 2206 illius.
792 2151 1094 2208 Constituit
1148 2169 1280 2224 ergo
1326 2153 1562 2224 Symeon
1612 2153 1798 2205 denuo
1843 2151 1997 2203 illum

425 2242 681 2309 precibus
718 2243 1100 2312 interpellare;
1131 2259 1435 2299 cumccce:
1469 2244 1588 2297 Non
1612 2258 1697 2296 me
1721 2242 1998 2312 paenituit,

426 2333 625 2401 inquit,
662 2334 754 2385 sed
785 2344 937 2387 certo
969 2336 1176 2390 certius
1205 2336 1506 2391 traditurus
1542 2350 1663 2388 sum
1692 2334 1994 2398 civitatem,

428 2425 599 2478 etalii
623 2426 840 2494 quidem
879 2427 934 2478 in
964 2442 1059 2481 ore
1086 2426 1250 2497 gladii
1287 2427 1540 2481 occasuri
1587 2426 1753 2487 ’sunt,
1788 2424 1911 2478 aliis
1940 2425 1996 2477 in

427 2515 748 2570 servitutem
786 2516 1027 2584 abreptis
1064 2534 1078 2570 :

430 2607 502 2659 ita
533 2606 622 2658 diu
655 2614 775 2674 post
804 2606 1038 2661 videbis.

497 2699 584 2750 6‘2.
620 2699 781 2752 Videt
819 2700 1000 2769 itaque
1041 2702 1093 2755 in
1139 2711 1295 2771 raptu
1343 2701 1544 2757 mentis
1584 2702 1816 2772 gratiam
1872 2716 1998 2754 san-

427 2790 656 2842 ctissimi
689 2789 950 2859 Spiritus,
982 2809 1203 2847 crucem
1232 2811 1394 2847 manu
1424 2793 1805 2863 praeferentem
1831 2792 1895 2845 ad
1910 2808 2001 2845 vo-

430 2882 741 2950 lantelnque
765 2882 829 2934 ad
849 2898 907 2936 se
933 2899 946 2944 ;
976 2883 1125 2937 videt
1177 2893 1235 2938 et
1270 2885 1495 2954 angelos
1552 2883 1712 2937 binos
1750 2882 1999 2937 eamdem

2096 537 2211 585 γειν
2239 518 2326 570 διὰ
2351 518 2447 586 τὴν
2474 516 2724 585 ἀπειλὴν,
2761 512 3169 582 παραόαλοῦσιν
3218 511 3371 580 αὐτῷ
3426 526 3573 562 τισιν
3624 513 3688 561 ἐκ

2098 610 2195 677 τῆς
2240 609 2533 676 Ἀντιόχου,
2576 606 2687 675 βίον
2724 604 2928 672 εὐλείῖῆ
2963 603 3128 668 ζῶσιν
3152 602 3442 671 ἀνδράσιν,
3474 603 3534 652 ἐν
3565 599 3684 652 ὀδύ-

2099 717 2165 769 νῃ
2193 698 2372 770 ψυχῆς
2422 696 2759 766 ἐξηγήσατο,
2784 694 2924 747 κατὰ
2957 691 3125 751 πόδας
3158 690 3216 742 δὲ
3253 691 3352 742 καὶ
3385 690 3419 757 ἡ
3457 686 3690 753 ἔκϐασις

2096 789 2381 862 ἠκολούθει
2412 807 2425 820 θ
2458 790 2517 840 ού
2568 789 2698 839 πολὺ
2734 786 2839 856 γὰρ
2886 785 2947 836 τί)
2981 785 3037 836 ὲν
3079 784 3232 852 μέσῳ
3277 781 3375 833 καὶ
3407 781 3554 832 κινεῖ
3585 779 3690 830 Χο-

2100 885 2266 955 σρόην
2300 882 2523 951 βασιλέα
2564 879 2792 950 Περσῶν
2814 880 2841 931 ὁ
2860 877 3016 940 Θεὸς,
3047 876 3109 927 τό
3137 892 3193 927 τε
3227 875 3321 927 ὑπ’
3343 871 3515 924 αὐτὸν
3535 870 3690 931 ἔθνος

2099 975 2192 1027 καὶ
2220 972 2522 1033 Χαλδαίους
2547 972 2607 1021 τὸ
2666 969 2861 1038 πικρῖιν
2898 967 2992 1020 καὶ⁷
3041 964 3102 1017 τὸ
3149 964 3371 1032 ταχινὶν
3403 958 3687 1031 (ἐξαλοῧνο

2099 1082 2187 1117 ται
2211 1063 2341 1132 γὰρ,
2375 1063 2560 1131 φησὶν,
2592 1060 2733 1130 ὑπὲρ
2762 1058 3051 1131 παρδάλεις
3072 1057 3119 1108 οἱ
3154 1057 3315 1107 ἵπποι
3345 1051 3556 1113 αὐτῶν,
3590 1052 3686 1102 καὶ

2098 1156 2341 1222 ὀξύτεροι
2378 1155 2517 1224 ὑπὲρ
2563 1153 2688 1214 τοὺς
2717 1151 2914 1212 λύκους
2941 1148 3040 1216 τῆς
3080 1148 3136 1197 Ἀ
3149 1143 3391 1215 ραδίας),
3420 1143 3499 1203 ὡς
3525 1142 3688 1193 ἀετὸν

2100 1247 2379 1317 πρόθυμον
2428 1246 2522 1297 ἐπὶ
2568 1245 2629 1297 τὸ
2678 1247 2870 1312 φαγεῖν
2924 1244 2987 1293 ὲκ
3021 1241 3119 1308 τῆς
3158 1237 3296 1298 "Em,
3330 1235 3389 1296 ὃς
3419 1233 3583 1303 βαρεῖ
3612 1232 3690 1299 τῷ

2102 1337 2317 1407 στρατῷ
2365 1338 2431 1407 τῇ
2488 1334 2639 1388 πόλει
2691 1332 3158 1402 παρεμϐεΰλὴκει.
3202 1326 3437 1395 ’ῐίϐόησε
3500 1324 3688 1377 τοίνυν

2100 1426 2236 1495 πρὸς
2295 1426 2497 1497 Κύριον
2545 1422 2697 1487 αὖθις
2726 1425 2867 1493 ὑπὲρ
2907 1423 3075 1489 αὐτῆς
3123 1418 3372 1486 Συμεὼν,
3408 1418 3458 1468 εί
3495 1418 3580 1482 ἐφ’
3607 1408 3689 1476 οῖς

2099 1519 2265 1585 ἔδειξε
2328 1519 2593 1589 πρότερον
2642 1515 2793 1584 αὑτῷ
2855 1510 3279 1584 μεταμεληθείη,
3309 1507 3412 1561 καὶ
3440 1506 3688 1558 ἱλάσεται

2099 1613 2217 1673 ταῖς
2249 1608 2762 1682 ἁμαρτίαιςάύτῆῖ,
2818 1606 2914 1659 καὶ
2951 1606 3012 1657 οὐ
3069 1603 3375 1672 διαφθερεῖ,
3403 1599 3528 1652 οὐδὲ
3575 1614 3685 1649 πα-

2104 1701 2333 1772 ραδώσει
2364 1702 2475 1763 τοῖς
2518 1701 2822 1769 Ἀσσυρίοις
2851 1699 2907 1749 ἐν
2941 1694 3187 1766 ῥομφαίᾳ
3206 1693 3308 1763 τὴν
3339 1692 3501 1743 πόλιν
3522 1705 3536 1720 ο
3570 1688 3687 1742 ἀλλ’

2100 1794 2198 1844 οῦκ
2223 1788 2291 1861 ἦν
2319 1791 2549 1859 δήλωσις
2587 1791 2736 1859 παρὰ
2769 1789 2995 1857 Κυρίου,
3023 1788 3103 1839 ὅτι
3131 1790 3164 1855 ἡ
3203 1784 3348 1854 ὀργὴ
3378 1781 3475 1834 τοῦ
3509 1780 3685 1849 θυμοῦ

2102 1875 2264 1928 αὐτοῦ
2298 1876 2531 1949 πλήρης,
2565 1878 2659 1928 καὶ
2688 1876 3035 1943 παράκλησις
3078 1874 3363 1943 κέκρυπτο
3399 1870 3460 1935 ἐξ
3484 1868 3684 1936 ὀφθαλ-

2105 1968 2220 2036 μῶν
2274 1967 2460 2022 αὺτοῦ.
2494 1967 2802 2039 Προσέθετο
2851 1966 3030 2019 τοίνυν
3081 1966 3209 2034 περὶ
3266 1962 3447 2030 αὐτῆς
3512 1976 3684 2030 προσο

2100 2059 2356 2124 εύξασθαι
2375 2059 2538 2111 πάλιν
2551 2057 2886 2128 ἁποκριθείς·
2905 2059 2979 2111 Οὐ
3002 2055 3491 2126 μεταμεμέλημαι,
3509 2048 3679 2112 εἶπεν,

2101 2156 2236 2209 ἀλλὰ
2269 2154 2592 2224 παραδιδοὺς
2616 2152 2926 2223 παραδώσω
2946 2152 3133 2222 αὐτὴν,
3161 2150 3307 2203 ὥστε
3345 2147 3476 2209 τοὺς
3507 2145 3605 2214 μὲν
3627 2146 3682 2194 ἐν

2106 2246 2333 2313 στόματι
2365 2246 2637 2318 μαχαίρας
2678 2244 2984 2307 πεσεῖσθαι,
3014 2245 3140 2307 τοὺς
3187 2243 3243 2295 δὲ
3284 2244 3367 2303 είς
3398 2237 3683 2309 αἰχμαλω-

2108 2337 2229 2388 σίαν
2261 2338 2606 2405 πορευθῆναι,
2627 2340 2706 2390 σοὶ
2732 2338 2788 2390 δὲ
2817 2338 2907 2388 τὸν
2936 2336 3166 2407 σταυρόν
3196 2351 3302 2404 μου
3319 2332 3381 2384 τὸ
3410 2333 3509 2401 τῆς
3530 2331 3679 2399 εἰρή-

2105 2443 2201 2494 νης
2233 2425 2477 2494 βραϐεῖον
2503 2427 2736 2495 θήσομαι
2771 2427 3006 2493 φύλακα,
3032 2425 3107 2486 ὡς
3136 2427 3197 2477 ού
3219 2424 3360 2494 μετὰ
3378 2423 3514 2475 πολὺ
3538 2420 3674 2488 ὄψει.

1125 2518 1220 2571 tibi
1270 2532 1400 2571 vero
1458 2532 1681 2572 crucem
1732 2531 1910 2570 meam
1978 2516 2185 2585 insigne
2245 2516 2396 2585 pacis
2444 2516 2794 2583 constituam;
2842 2530 2963 2583 qua:
3018 2526 3071 2570 te
3101 2524 3433 2579 conservet;
3475 2513 3678 2566 utinon

2175 2703 2269 2772 53’.
2314 2704 2446 2774 'tipq‘t
2478 2705 2655 2757 τοίνυν
2687 2705 2742 2755 ὲν
2788 2705 3043 2757 ἐκστάσει
3075 2704 3234 2756 πάλιν
3268 2705 3299 2755 ὁ
3328 2702 3554 2772 Συμεὼν
3584 2702 3676 2770 τὴν

2102 2794 2195 2844 τ·νῦ
2252 2796 2520 2860 παναγίου
2578 2794 2892 2862 Πνεύματος
2945 2794 3103 2863 χάριν
3156 2792 3396 2862 σταυρὸν
3442 2794 3679 2860 ἐγκεχῖι-

2108 2888 2368 2956 ρισμένην
2429 2888 2522 2939 καὶ
2568 2889 2702 2956 πρὸς
2754 2886 2915 2939 αὑτὸν
2962 2885 3353 2950 καταπτᾶσαν,
3421 2883 3678 2951 ἀγγέλους

429 2972 732 3039 eingentes,
797 2974 850 3025 in
910 2989 1145 3046 quorum
1195 2975 1454 3028 manibus
1509 2989 1670 3028 arcus
1722 2975 1883 3039 tensi,
1946 2982 1999 3028 et

2103 2998 2163 3032 τε
2187 2980 2280 3032 δύο
2313 2979 2784 3050 παρεμϐαλόντας,
2818 2979 2946 3043 τόξα
2974 2977 3030 3030 δὲ
3062 2980 3248 3041 αὐτοῖς
3294 2980 3353 3029 ἐν
3381 2979 3558 3047 χεροῖν
3590 2993 3676 3027 τε·

421 3065 603 3134 jacnla
628 3065 806 3117 emitti
840 3075 1053 3133 parata.
1117 3066 1216 3119 lllo
1268 3075 1477 3130 autem,
1522 3066 1652 3135 quid
1706 3067 1883 3121 isthoc
1922 3067 2001 3120 rei

426 3165 568 3210 esset
599 3165 998 3225 percontante:
1029 3158 1197 3222 Crux,
1248 3158 1527 3226 inquiunt,
1581 3160 1791 3212 salvum
1846 3167 1897 3213 te
1948 3168 2005 3213 ct

427 3261 685 3300 securum
728 3247 993 3302 adversus
1042 3249 1227 3303 hostes
1286 3265 1647 3319 quoscunque
1682 3250 2000 3319 praestabit;

431 3340 542 3392 tela
600 3355 731 3391 vero
769 3340 1033 3408 impetum
1099 3357 1315 3407 eorum,
1380 3341 1476 3410 qui
1519 3342 1705 3397 hostili
1736 3343 1899 3396 modo
1950 3350 2003 3393 te

430 3430 689 3483 invadere
713 3440 1004 3493 conantur,
1039 3432 1339 3486 retundcnt
1363 3433 1769 3504 inexpugnabili
1795 3434 2001 3485 virtute

430 3522 552 3586 Dei,
594 3523 688 3589 qui
726 3523 799 3574 lui
825 3524 1130 3577 custodiam
1171 3523 1377 3592 ubique
1421 3525 1579 3579 nobis
1630 3522 1999 3577 denatndavit.

431 3613 546 3668 Hac
592 3613 902 3667 admirabili
951 3616 1164 3668 visione
1226 3625 1417 3668 saneto
1477 3616 1758 3676 exhibita,
1829 3614 2001 3666 altera

428 3705 684 3773 protinus
709 3705 955 3760 succedit
980 3706 1318 3774 huiusmodi.
1342 3707 1648 3761 Videbatur
1679 3705 1781 3759 sibi
1816 3704 2004 3758 videre

429 3794 619 3845 urbem
663 3795 825 3848 scalis
857 3794 923 3846 ad
953 3795 1149 3850 mtenia
1179 3796 1463 3864 applicatis
1486 3794 1789 3863 oppugnari
1816 3833 1831 3854 ,
1877 3793 2006 3846 Bar-

434 3885 694 3953 barisque
728 3886 843 3955 jam
877 3885 1156 3955 ingressis,
1189 3886 1338 3939 intus
1364 3885 1605 3938 lamenta
1641 3893 1689 3936 et
1711 3897 2002 3951 vasperso-

432 3988 598 4038 nare;
649 3982 908 4042 tantaque
928 3975 1204 4029 anxietate
1231 3975 1395 4045 plena
1428 3987 1549 4026 esse
1572 3973 1775 4033 omnia,
1811 3981 1867 4024 ut
1894 3989 2001 4026 non

424 4064 590 4131 pauci
618 4066 839 4119 emuris
867 4066 1011 4120 foras
1041 4083 1098 4120 se
1141 4068 1195 4120 in
1246 4082 1487 4136 praeceps
1526 4065 1726 4119 misere
1785 4066 1999 4126 darent,

429 4156 658 4208 salutem
707 4171 860 4208 suam
910 4155 1049 4225 fuga:
1098 4156 1391 4209 credituri.
1436 4153 1596 4207 Videt
1623 4153 1826 4207 deinde
1865 4155 2004 4209 duas

434 4245 585 4298 urbis
631 4257 835 4314 portas,
886 4263 991 4315 qua
1057 4248 1493 4315 septentrionem
1554 4259 1660 4312 qua
1714 4247 1999 4299 nteridiem

2105 3071 2311 3140 ταμένα
2344 3072 2439 3122 καὶ
2470 3071 2597 3139 βέλη
2625 3070 2993 3140 στρεφόμενα·
3022 3069 3051 3122 ὃ
3103 3087 3156 3122 τι
3179 3069 3234 3120 δὲ
3270 3067 3446 3121 ταῦτα
3468 3067 3552 3135 εἴη
3579 3084 3674 3118 πυ-

2106 3162 2355 3230 θομένου,
2402 3160 2461 3213 '0
2495 3162 2591 3229 μὲν
2642 3161 2898 3231 σταυρὸς,
2938 3162 2972 3229 ἡ
3020 3160 3270 3231 σωτηρία
3332 3160 3427 3213 xal.
3455 3162 3487 3225 ἡ
3542 3158 3676 3210 κατὰ

2106 3253 2321 3306 πάντων
2354 3250 2563 3320 ἐχθρῶν
2596 3252 2882 3320 ἀσφάλεια,
2916 3247 3102 3305 εἷπον·
3139 3253 3204 3304 τὰ
3250 3252 3317 3306 δὲ
3364 3252 3513 3323 βέλη.
3541 3251 3677 3303 κατα

2104 3339 2212 3391 τῶν
2240 3340 2335 3391 ἐπὶ
2366 3340 2423 3391 σὲ
2455 3340 2736 3411 πολεμίοις
2783 3344 2978 3412 ὁρμαῖς
3008 3341 3339 3412 χρωμένων,
3364 3342 3506 3396 ῶστε
3545 3345 3677 3394 ἀπο-

2108 3429 2360 3499 στρέφειν
2424 3431 2721 3502 αύτοὺς,τῇ
2756 3432 2850 3484 τοῦ
2880 3432 3015 3485 Θεοῦ
3067 3434 3272 3503 ἀμάχῳ
3305 3436 3470 3503 ἰσχύϊ,
3508 3433 3594 3486 τοῦ
3622 3450 3676 3483 σε

2106 3522 2194 3575 διὰ
2246 3523 2448 3587 παντὸς
2499 3527 2630 3594 ἡμῖν
2670 3524 2961 3593 φυλάττειν
3018 3527 3433 3594 ἐντειλαμένου.
3470 3525 3677 3591 Ταύτης

2096 3610 2175 3682 ’τῷ
2200 3611 2365 3679 Ἀγῐῳ
2386 3612 2703 3682 παραδόξως
2739 3612 2839 3680 τῆς
2876 3610 3143 3671 ὀπτασίας
3178 3610 3471 3678 φανείσης,
3503 3609 3680 3665 ἔπειτα

2102 3704 2283 3773 μέντοι
2310 3704 2582 3756 δείκνυταί
2607 3721 2689 3766 τις
2717 3703 2865 3773 αὐτῷ
2894 3702 2989 3754 καὶ
3015 3701 3148 3770 ἄλλη
3189 3700 3443 3769 τοιαύτη.
3484 3699 3676 3751 Ἑδὸκί

2099 3793 2198 3864 τὴν
2236 3795 2387 3846 πόλιν
2426 3795 2512 3847 διὰ
2550 3796 2838 3863 κλιμάκων
2876 3794 2968 3844 ἐπὶ
3007 3792 3083 3860 τῷ
3134 3793 3308 3862 τείχει
3366 3791 3674 3860 πολιορκου-

2104 3886 2273 3954 μένην
2310 3886 2442 3955 ὁρᾷν
2468 3925 2482 3947 ,
2523 3887 2655 3938 εἴσω
2698 3903 2757 3937 τε
2802 3884 2972 3950 αὐτῆς
3007 3885 3133 3945 τοὺς
3172 3883 3493 3954 βαρϐάρους
3529 3897 3672 3949 γεγε.

2105 3977 2388 4043 νημένους,
2432 3973 2629 4043 θρῆνόν
2655 3992 2714 4026 τε
2743 3973 2838 4027 καὶ⁹
2864 3974 2987 4025 οὐαὶ
3023 3976 3116 4027 καὶ
3164 3975 3395 4043 συνοχὴν
3424 3976 3480 4026 ὲν
3513 3974 3666 4039 αὐτῇ,

2103 4065 2176 4127 ὼς
2233 4064 2326 4117 καὶ
2384 4066 2611 4127 πολλοὺς
2665 4065 2755 4117 διὰ
2807 4066 2915 4117 τῶν
2969 4064 3165 4134 τειχῶν
3200 4065 3401 4131 ἔξωθεν
3450 4063 3669 4121 ἑαυτοὺς

2102 4157 2300 4220 ἀθλίως
2350 4156 2838 4225 κατακρημνίζειν,
2893 4159 3038 4227 φυγῇ
3104 4156 3204 4226 τὴν
3262 4157 3533 4227 σωτηρίαν
3583 4169 3667 4204 πι-

2108 4248 2415 4312 στεύονταςο
2440 4245 2557 4300 εἶτα
2583 4248 2677 4299 καὶ
2704 4246 2796 4298 δύο
2821 4247 2993 4310 πύλας
3020 4248 3188 4316 αὐτῆς
3225 4249 3364 4302 κατά
3387 4264 3446 4301 τε
3478 4247 3666 4316 ἄρκτον

432 4344 661 4405 spectat,
689 4347 907 4405 apertas
960 4346 1015 4391 et
1044 4338 1364 4406 frequentes
1393 4335 1687 4389 admodum
1748 4353 1844 4404 per
1879 4339 1997 4397 illas

2104 4340 2197 4392 καὶ
2246 4338 2593 4409 μεσημϐρίαν
2611 4339 2991 4405 διανοιγείσας,
3046 4339 3139 4392 καὶ
3185 4339 3413 4402 πολλοὺς
3441 4338 3528 4391 διὰ
3551 4336 3668 4391 τούσ

430 4442 552 4481 sese
572 4428 980 4484 subducentcs:
1014 4438 1272 4498 tanquam
1306 4437 1563 4497 parcente
1604 4430 1716 4483 Deo
1749 4432 1997 4499 sanguini

426 4519 700 4586 justorum
739 4520 873 4574 inihi
909 4520 1337 4580 versantium,et
1359 4534 1467 4571 non
1492 4519 1797 4574 sustinente
1827 4521 1999 4576 bonos

429 4623 555 4662 cum
585 4609 767 4679 impiis
801 4608 1166 4678 disperditum
1222 4608 1310 4660 iri.
1343 4606 1681 4661 Ostendebat
1728 4610 1803 4662 illi
1857 4612 1998 4665 visit)

424 4697 736 4751 monachos
769 4710 989 4766 quoque
1030 4712 1060 4749 e
1089 4710 1315 4750 suorum
1348 4710 1577 4749 numero
1627 4696 1783 4761 duos,
1851 4709 1997 4756 metu

430 4786 800 4841 barbarorum
832 4785 1115 4855 profugos,
1170 4800 1339 4852 seque
1381 4800 1412 4838 e
1454 4789 1681 4840 fratrum
1742 4790 1999 4845 sodalitio

431 4894 531 4947 per
593 4877 1111 4948 pusillanimitatem
1190 4876 1599 4944 proripientes,
1656 4895 1890 4948 quorum
1944 4882 1999 4935 in

426 4970 796 5025 barbarorum
849 4959 1044 5019 manus
1107 4965 1510 5033 incidentium,
1579 4970 1719 5025 alter
1771 4974 1998 5042 quidem

429 5060 611 5132 gladio
684 5057 913 5113 ﬁniebat
954 5056 1146 5117 vitam,
1198 5057 1335 5111 alter
1369 5059 1423 5112 in
1471 5061 1843 5130 captivitatem
1893 5064 1997 5119 ab-

428 5151 763 5206 ducebatur.

502 5243 591 5296 65.
626 5241 693 5294 Et
716 5238 831 5291 haec
856 5236 1165 5292 divinarum
1192 5242 1580 5307 revelationum
1604 5261 1814 5300 summa
1836 5260 1955 5302 erat
1979 5265 1992 5301 :

430 5333 878 5402 sequebaturquc
905 5343 1019 5380 non
1043 5332 1213 5384 undto
1237 5341 1357 5400 post
1415 5334 1646 5389 eﬂ‘ectus
1678 5336 1807 5407 (10).
1858 5337 1994 5390 Muri

505 5485 897 5573 ς9)ξςιι-ἰοςοιῐι
928 5485 1201 5571 Chosroeu
1238 5492 1618 5573 laicnintellige,
1665 5513 1825 5551 avum
1882 5498 1997 5573 ejus

432 5563 739 5630 quipostca
785 5568 1002 5630 crucem
1048 5563 1189 5628 cepit
1245 5579 1257 5613 :
1313 5563 1403 5616 ille
1457 5563 1639 5618 autem
1695 5583 1841 5620 anno
1893 5563 1996 5621 5.39

434 5623 1045 5707 Syriamynepopttlatus.
1075 5623 1174 5695 est,
1206 5647 1312 5700 qua
1343 5632 1409 5687 dc
1445 5650 1499 5687 re
1532 5635 1899 5705 Tltcephancs
1928 5636 1992 5689 ad

436 5691 641 5750 annum
666 5692 731 5746 1‘2
759 5691 1068 5751 Justiniani.

2106 4446 2214 4480 των
2244 4426 2584 4493 ὐπεξιόντας,
2611 4426 2704 4478 τοῦ
2734 4424 2867 4478 Θεοῦ
2907 4425 3159 4496 καθάπερ
3191 4426 3287 4480 τοῦ
3316 4426 3425 4479 τῶν
3452 4428 3509 4479 ὲν
3535 4424 3663 4491 αὐτῇ

2105 4521 2330 4572 δικαίων
2375 4520 2609 4588 αἵματος
2655 4518 3010 4587 φεισαμένου,
3041 4519 3135 4570 καὶ
3167 4519 3241 4588 μὴ
3280 4516 3665 4572 συναπολέσθαι

2105 4612 2197 4663 καὶ
2229 4611 2426 4672 αὐτοὺς
2473 4610 2570 4661 σὺν
2618 4609 2873 4663 ἀσεϐέσιν
2922 4609 3292 4679 ἀνασχομένου
3326 4625 3339 4638 ο
3376 4609 3583 4680 ἐδείκνυ
3611 4607 3664 4658 δὲ

2102 4702 2179 4771 τῷ
2222 4701 2386 4770 ’Λγίῳ
2420 4703 2452 4772 ἡ
2488 4700 2630 4765 ὄψις,
2663 4701 2872 4753 καὶδύο
2920 4701 3030 4756 τῶν
3061 4703 3159 4754 σὺν
3197 4701 3347 4770 αὐτῷ
3399 4699 3660 4769 μοναχῶν,

2103 4794 2211 4845 δέει
2241 4793 2349 4844 τῶν
2380 4791 2667 4861 βαρϐάρων
2691 4792 3217 4861 λιποτακτήσαντας,
3248 4791 3457 4861 καὶτῆς
3482 4807 3541 4845 τε
3571 4806 3663 4859 μο-

2102 4884 2199 4950 νῆς
2227 4883 2335 4933 καὶ·
2359 4883 2455 4950 τῆς
2481 4879 2839 4947 ἁδελφότητος
2870 4882 3659 4951 μικροψύχωςάποῤῥαγέντας,

2102 4970 2196 5031 οὓς
2232 4970 2325 5021 καὶ
2380 4967 2720 5037 βαρϐαρικῆς
2771 4970 3025 5036 γενέσθαι
3054 4969 3235 5038 χειρὸς
3262 4969 3441 5039 ἔργον,
3458 4968 3548 5021 τὸν
3572 4968 3663 5035 μὲν

2108 5060 2353 5128 μαχαίρᾳ
2398 5060 2655 5122 πεσόντα,
2708 5062 2799 5112 τὸν
2837 5061 2892 5112 δὲ
2947 5063 3025 5123 είς
3105 5061 3479 5131 αἰχμαλωσίαν
3559 5062 3662 5112 ἀπ-

2105 5152 2362 5219 αχθέντα.
2690 5190 2741 5205 ...

2176 5243 2276 5308 ξγ’.
2304 5243 2385 5294 Τὰ
2417 5243 2515 5312 μὲν
2543 5239 2635 5296 οὖν
2656 5244 2765 5298 τῶν
2793 5244 2952 5298 θείων
2976 5247 3368 5321 ἀποκαλύψεων
3388 5250 3445 5300 ἐν
3465 5243 3660 5298 τούτοις

2102 5331 2193 5405 ἦν.
2215 5335 2414 5387 Εἵπετο
2436 5337 2493 5388 δὲ
2519 5336 2626 5405 ἄρα
2651 5338 2749 5389 οὐκ
2774 5340 2850 5399 είς
2878 5343 3094 5410 μακρὰν
3119 5343 3213 5396 καὶ
3235 5343 3300 5395 τὰ
3328 5341 3478 5411 ἔργα.
3503 5331 3657 5399 Τείᾷίη

2175 5498 2284 5574 (ιο)
2318 5499 2589 5574 D_cscribi_t
2628 5500 2747 5574 fuse
2797 5504 3098 5567 obsessam,
3130 5514 3366 5574 captam,
3410 5506 3657 5574 vastatam

2106 5569 2297 5621 urbem
2343 5571 2642 5639 Procopius
2695 5571 2788 5624 lib.
2824 5575 2858 5626 ‘2
2902 5576 2963 5626 de
3000 5575 3133 5628 bello
3189 5567 3414 5631 Persico,
3449 5582 3562 5639 cap.

2104 5639 2249 5691 libro
2280 5639 2448 5712 etiam
2481 5637 2532 5692 2⁷
2573 5640 2659 5712 De
2699 5638 2953 5708 aediﬁciis.
3005 5659 3126 5712 cap.
3178 5646 3230 5707 8,
3285 5641 3372 5694 ubi
3407 5638 3568 5712 multa
3597 5637 3656 5683 de

2108 5710 2506 5763 restauratioue
2540 5710 2692 5765 urbis
2732 5704 2831 5780 per
2871 5704 3236 5768 Iustinianum
3278 5712 3509 5772 locutus,
3551 5704 3655 5755 lucc
