4018 6390
272 349 424 413 5045

1301 342 1476 400 V'l'l‘A
1516 343 1563 399 A
1599 338 2037 400 NICEPHORO
2077 336 2567 398 CONSCRIPTA.

3417 333 3570 402 30-16

266 476 327 512 τε
353 460 471 531 γᾶρ
498 458 598 526 τῆς
627 455 834 517 πόλεως
872 456 1072 508 ἔκαυσε
1108 451 1236 521 πῦρ.
1269 451 1362 502 καὶ
1395 449 1706 518 κατέφαγεν
1734 448 1882 518 ἄμφ-

1992 446 2191 515 quippe
2253 444 2617 503 Antiochena:
2656 444 2810 498 urbis
2850 445 3266 515 conﬂagrarunt
3312 444 3448 515 igni,
3474 465 3571 505 eo-

266 549 364 602 οδα
396 548 593 617 αὐτῆς,
621 546 717 601 καὶ
745 546 944 598 ἔπεσον
974 546 1031 596 ὲν
1068 542 1351 603 πλατείαις
1389 542 1557 613 αὐτῆς
1582 541 1877 603 νεανίσκοι,

266 643 364 695 καὶ
391 639 750 708 ἐπλήσθησαν
784 638 842 692 αἱ
871 638 980 689 ὁδοὶ
1002 634 1238 704 νεκρῶν,
1270 634 1361 685 καὶ
1389 632 1533 686 οὕτω
1556 632 1677 685 κατ’
1704 632 1881 701 ἄκρας

265 734 379 787 ὑπὸ
425 733 539 786 τῶν
571 731 879 801 ’Δσσυρίων
911 728 1074 787 ἑάλω.
1101 726 1175 789 ὡς
1200 728 1325 789 τοὺς
1370 727 1468 795 μὲν
1511 725 1620 778 τῶν
1653 726 1712 775 ὲν
1740 726 1876 795 αὐτῇ

266 826 547 895 ῥίψαντας
597 823 686 877 διὰ
740 821 855 874 τῶν
905 819 1100 890 τειχῶν
1130 818 1527 879 ὲαυτοὺς.τοὺς
1555 817 1611 869 δὲ
1657 816 1744 869 διὰ
1781 816 1878 885 τῆς

266 918 415 987 πρὸς
468 916 672 985 ἄρκτον
703 913 807 982 τῆς
850 930 910 965 τε
945 912 1084 981 πρὸς
1122 910 1471 979 μεσημϐρίαν
1509 908 1683 977 πύλης
1708 907 1874 971 ὑπεξ-

264 1010 534 1074 ελθόντας
565 1008 874 1076 διαφυγεῖν,
906 1005 999 1058 δύο
1031 1022 1090 1056 τε
1121 1005 1228 1056 τῶν
1260 1005 1388 1074 περὶ
1430 1001 1593 1055 αὐτὸν
1626 1000 1878 1070 μοναχῶν

262 1101 562 1163 δείσαντας
602 1099 815 1153 ἐκεῖθεν
864 1097 1241 1167 ἀναχωρῆσαι,
1277 1097 1369 1147 καὶ
1416 1094 1506 1146 τὸν
1555 1093 1654 1162 μὲν
1699 1092 1880 1155 ζῶντα

262 1197 385 1255 τοῖς
426 1193 728 1264 βαρϐάροις
759 1190 986 1249 ἁλῶναι.
1017 1189 1108 1241 τὸν
1137 1188 1195 1240 δὲ
1233 1190 1439 1249 πεσεῖν,
1471 1185 1615 1253 ξίφει
1656 1185 1757 1255 τὴν
1784 1199 1877 1237 κε-

264 1285 456 1354 φαλὴν
499 1282 829 1336 ἐκκοπέντα.
862 1282 1092 1353 Ἕτερον
1129 1279 1310 1349 μέντοι
1345 1277 1457 1332 τῶν
1508 1276 1670 1331 αὑτοῦ
1714 1293 1879 1347 μονα-

265 1375 408 1445 χῶν,
438 1373 694 1427 τοσοῦτον
718 1358 936 1443 ’ἀπέσχε
967 1372 1139 1425 δεινόν
1178 1387 1230 1421 τι
1267 1370 1404 1440 πρδς
1444 1368 1554 1421 τῶν
1586 1367 1878 1438 βαρϐάρων

268 1464 499 1528 παθεῖν,
525 1464 636 1533 ὅσῳ
675 1463 774 1516 καὶ
819 1464 944 1524 τοὺς
976 1462 1068 1513 ὑπ’
1104 1460 1329 1514 ἐκείνων
1366 1459 1643 1530 ἀνήκεστα
1678 1475 1879 1510 πεπον-

270 1556 465 1620 θότας,
499 1555 634 1623 παρ’
664 1554 833 1608 αὐτὸν
867 1554 1201 1625 ἐρχομένους
1234 1552 1534 1622 θεράπειαν
1563 1551 1875 1621 τυγχάνειν.

271 1648 600 1720 Παρέϐαλον
634 1649 744 1718 γάρ
784 1664 933 1710 τινες
987 1645 1139 1716 αύτῷ
1184 1645 1537 1715 στρατιῶται,
1581 1645 1709 1707 τοὺς
1744 1643 1878 1714 βαρ-

271 1742 484 1811 ϐάρους
513 1740 897 1809 διαφυγόντες,
925 1733 1000 1792 ὧν
1026 1734 1129 1802 εἷς,
1152 1738 1213 1791 οὐ
1238 1737 1330 1789 τὸν
1357 1737 1531 1807 μηρὸν
1558 1735 1877 1789 παντάπασι

1978 538 2216 607 demque
2246 552 2344 607 per
2362 536 2662 591 circuitum
2688 536 2978 607 absumpta
3003 536 3119 607 ipsa
3158 546 3285 603 est;
3328 539 3568 609 juvenes

1980 630 2304 683 ceciderunt
2334 629 2387 682 in
2421 628 2620 699 plateis
2642 627 2812 692 illius,
2844 636 2902 682 et
2949 628 3052 682 via:
3085 629 3454 684 cadaveribus
3474 646 3573 700 ονε

1984 724 2146 791 plet-a2
2179 733 2349 788 sunt;
2382 728 2762 791 occupataque
2786 735 3003 775 summo
3028 720 3152 775 loco
3209 721 3278 775 ab
3334 721 3577 794 Assyriis

1980 814 2278 883 urbe,pars
2307 814 2613 868 incolarum
2639 830 2669 867 c
2692 814 2866 867 muris
2887 828 2945 867 se
2977 814 3415 883 prmcipitarunt,
3449 832 3577 885 pars

1980 922 2078 976 per
2100 906 2479 976 aquilonarem
2515 913 2680 975 atque
2712 906 3009 960 australem
3040 914 3231 976 portas
3254 908 3464 977 egressi
3514 924 3572 961 se

1977 998 2121 1067 fuga:
2151 997 2722 1068 dederunt.Contigit
2772 1006 2959 1051 autem
3004 998 3145 1052 duos
3181 998 3330 1052 illius
3381 1015 3574 1053 mona-

1979 1093 2123 1157 chos
2150 1093 2446 1147 formidine
2495 1102 2687 1162 captos
2722 1094 3005 1157 recedere,
3038 1109 3273 1163 quorum
3319 1094 3460 1149 alter
3490 1097 3571 1146 vi-

1979 1201 2081 1239 vus
2111 1187 2163 1239 in
2200 1185 2570 1239 barbarorum
2599 1185 2752 1239 venit
2778 1200 2995 1249 manus,
3026 1185 3165 1238 alter
3197 1185 3378 1254 gladio
3410 1197 3575 1255 caput

1980 1287 2300 1346 amputatus
2319 1276 2553 1341 interiit;
2583 1284 2792 1329 tantum
2828 1285 3011 1329 autem
3032 1275 3209 1329 abfuit
3230 1277 3402 1345 utqui
3426 1276 3573 1346 apud

1982 1367 2309 1437 Symeonem
2347 1376 2725 1423 remanserant
2754 1366 3021 1420 molestia:
3065 1365 3346 1435 quidpiam
3377 1383 3405 1421 a
3442 1368 3571 1421 bar-

1981 1460 2133 1515 baris
2164 1461 2524 1524 sustinerent,
2558 1467 2617 1513 ut
2648 1459 2812 1513 etiam
2846 1458 2924 1511 illi
2954 1458 3048 1527 qui
3078 1458 3221 1526 passi
3256 1459 3574 1528 gravissima

1980 1555 2037 1601 et
2069 1547 2139 1601 ab
2180 1547 2375 1602 iisdem
2411 1559 2567 1602 erant
2614 1546 2680 1601 ad
2735 1546 2913 1617 ipsum
2948 1546 3253 1611 venientes,
3287 1548 3579 1609 incolumi-

1982 1648 2148 1694 tatem
2184 1647 2596 1710 recuperarent.
2625 1638 2885 1693 Nonnulli
2918 1638 3123 1708 quippe
3152 1640 3357 1694 milites
3390 1656 3546 1695 acces
3567 1669 3579 1679 -

1989 1737 2184 1783 serunt
2227 1729 2293 1783 ad
2327 1729 2891 1793 illum,.barbarorum
2917 1728 3175 1783 manibus
3203 1729 3374 1798 elapsi
3400 1746 3415 1795 ;
3441 1746 3580 1800 qun—

274 1834 465 1902 μόνον,
499 1832 637 1885 ἀλλὰ
675 1833 773 1884 καὶ
817 1831 938 1884 ὅλον
983 1830 1120 1883 πόδα
1168 1832 1419 1899 παρεῖτο,
1470 1828 1736 1899 χαλεπαῖς
1777 1827 1878 1896 τὴν

1992 1835 2106 1872 rum
2143 1835 2304 1883 unus,
2338 1818 2587 1888 undique
2614 1834 2723 1872 non
2759 1825 2971 1872 tantum
3005 1819 3191 1874 luxato
3222 1819 3452 1887 femore,
3481 1821 3576 1875 sed

269 1922 461 1991 ψυχὴν
504 1922 721 1984 ὀδύναις
764 1920 1114 1991 βαλλόμενος.
1166 1918 1459 1990 Συμπαθὲς
1506 1921 1797 1989 τοιγαροῦν
1849 1920 1877 1972 ό

274 2013 427 2077 θεῖος
465 2012 693 2082 Συμεὼν
727 2014 810 2075 εἰς
841 2012 1006 2064 αὐτόν
1052 2011 1196 2073 ἰδὼν,
1231 2010 1422 2082 βατνην
1470 2029 1525 2063 τε
1561 2010 1756 2080 ῥάϐδον
1798 2009 1879 2061 ἐνὶ

273 2104 392 2157 τῶν
419 2103 680 2174 μαθητῶν
711 2101 1049 2173 ἐγχειρίσας,
1081 2102 1384 2171 σφραγίσαι
1410 2103 1555 2155 κατὰ
1580 2102 1673 2153 τοῦ
1700 2100 1878 2172 μηροῦ

277 2196 499 2250 κελεύει
522 2195 617 2249 τδν
641 2197 943 2265 πάσχοντα,
978 2193 1074 2247 καὶ
1102 2197 1134 2263 ὴ
1163 2195 1422 2263 σφραγὶς,
1454 2194 1516 2246 οὐ
1544 2193 1652 2247 τῶν
1680 2192 1881 2247 ὀδυνῶν

282 2288 585 2358 ἀπαλλαγὴ
622 2288 806 2355 μόνον,
832 2284 969 2339 ἀλλὰ
1002 2286 1096 2337 καὶ
1127 2284 1292 2355 ρῶσις
1313 2282 1476 2347 εὐθὺς
1499 2283 1592 2336 τοῦ
1620 2301 1677 2336 τε
1701 2283 1880 2355 μηροῦ

284 2380 385 2432 καὶ
419 2379 510 2431 τοῦ
546 2378 706 2441 ποδὸς
736 2376 814 2446 τῷ
840 2375 1152 2447 στρατιώτῃ
1183 2374 1415 2442 γίνεται.

357 2578 457 2645 ξδ’.
496 2578 622 2630 Τῶν
648 2577 693 2631 δ’
726 2570 821 2629 οὖν
858 2574 1159 2645 Ἀσσυρίων
1194 2572 1263 2626 τὰ
1304 2573 1435 2643 περὶ
1463 2573 1561 2644 τὴν
1609 2573 1881 2642 Ἀντιόχου

286 2675 762 2746 κατατρεχόντων,
788 2672 850 2725 τό
872 2688 931 2724 τε
960 2670 1086 2739 δρος
1118 2668 1602 2741 περινοστοῦντων,
1627 2669 1719 2721 καὶ
1736 2669 1880 2737 ὁρμῇ

287 2766 430 2838 πρός
477 2782 539 2818 τε
586 2764 678 2818 τὸν
714 2765 871 2817 κίονα
908 2763 1012 2835 ήδη
1043 2763 1138 2815 καὶ
1171 2762 1270 2832 τὴν
1306 2762 1473 2832 μονὴν
1503 2761 1881 2831 κεχρημένων,

285 2861 406 2921 τοῖς
458 2856 730 2926 παροῦσιν
786 2855 952 2926 εὐχὴν
997 2853 1402 2925 παραγγείλας,
1448 2853 1653 2921 γόνατά
1705 2869 1762 2903 τε
1808 2849 1885 2921 τῷ

289 2948 481 3017 ὲδάφει
504 2947 722 3018 πρῶτος
769 2946 866 2998 καὶ
894 2944 1047 3015 ὄψεις
1085 2945 1324 3017 ἐρείσας,
1386 2941 1726 3011 ἀπελαθῆναι
1760 2940 1887 2993 τούς

289 3059 419 3105 τους
449 3039 663 3093 ἐκεῖθεν
692 3040 1067 3110 προσηύχετο’
1094 3038 1190 3092 καὶ
1220 3036 1562 3109 παραχρῆμα
1585 3036 1665 3098 εἰς
1688 3034 1793 3104 γῆν
1811 3033 1886 3098 ὡς

1980 1917 2098 1965 toto
2131 1912 2296 1965 etiam
2348 1912 2606 1967 diffracto
2651 1926 2837 1975 crure,
2892 1912 3234 1982 gravissimis
3267 1914 3581 1983 jactabatur

1981 2004 2345 2059 cruciatibus.
2387 2004 2883 2059 Commiseratione
2914 2013 3096 2059 autem
3134 2012 3311 2059 tactus
3341 2006 3579 2077 Symeon

1983 2098 2049 2153 ad
2088 2106 2197 2153 tam
2230 2099 2551 2153 luctuosum
2588 2100 2988 2169 spectaculum,
3022 2100 3239 2154 cuidam
3272 2101 3577 2173 discipulo-

1985 2208 2106 2245 rum
2135 2191 2403 2261 palmeam
2435 2192 2644 2263 virgam
2681 2207 2835 2246 suam
2869 2193 3034 2247 tradit
3061 2194 3115 2246 in
3160 2209 3377 2260 manus,
3400 2196 3582 2266 jubet-

1983 2302 2093 2357 que
2140 2286 2400 2341 affectum
2455 2286 2637 2340 femur
2670 2287 2761 2340 illa
2808 2286 3049 2356 signari;
3091 2303 3202 2356 quo
3246 2288 3408 2354 facto,
3471 2306 3580 2343 non

1986 2387 2199 2431 tantum
2236 2377 2482 2431 vaeuilas
2504 2393 2533 2430 a
2565 2376 2874 2443 doloribus,
2912 2376 3007 2431 sed
3032 2377 3197 2431 etiam
3229 2379 3398 2432 robur
3420 2394 3580 2433 suum

1984 2469 2183 2523 femori
2235 2468 2475 2538 pedique
2519 2467 2703 2523 rediit.

2057 2581 2146 2635 ϐξ.
2180 2579 2520 2634 lnfestabant
2555 2580 2759 2651 Assyrii
2794 2580 3212 2637 incursionibus
3239 2583 3447 2638 circum
3470 2586 3584 2640 An-

1987 2672 2249 2728 tiochiam
2304 2673 2413 2727 late
2470 2673 2654 2726 omnia
2700 2672 2994 2742 ipsumque
3029 2674 3369 2729 oberrabant
3422 2692 3582 2731 mon-

1987 2773 2117 2829 tem,
2164 2765 2388 2835 jamque
2421 2763 2476 2817 in
2511 2763 2823 2818 columnam
2857 2774 2913 2819 et
2939 2767 3335 2821 monasterium
3371 2768 3579 2839 impetu

1988 2855 2189 2909 ruituri
2227 2863 2416 2917 erant,
2445 2870 2571 2908 cum
2629 2854 2887 2926 Symeon,
2919 2858 3287 2925 praesentibus
3328 2860 3581 2915 oratione

1990 2946 2218 3011 indicta,
2241 2946 2452 3016 primus
2479 2946 2595 3016 ipse
2620 2961 2797 3016 genua
2828 2961 2893 3000 ac
2929 2946 3123 3001 faciem
3175 2964 3386 3017 pronus
3429 2951 3584 3005 humi

1990 3036 2183 3107 figens,
2206 3038 2401 3107 expelli
2426 3036 2652 3091 infestos
2686 3036 2818 3091 inde
2843 3037 3030 3092 hostes
3054 3050 3310 3107 precatus
3334 3050 3438 3096 est.
3467 3042 3584 3097 Nec

293 3131 462 3206 εἶχον,
499 3133 684 3196 αὐτοῖς
719 3131 933 3203 ἅρμασι
961 3131 1055 3184 καὶ
1082 3131 1270 3193 ἵπποις
1302 3127 1744 3198 κατενεχθέντες,
1774 3126 1875 3197 τῆς

1993 3130 2318 3197 interposita
2353 3144 2505 3182 mora
2543 3128 2674 3192 ulla,
2703 3143 2770 3181 ex
2813 3127 2972 3197 equis
2999 3129 3367 3198 curribusque
3397 3130 3587 3185 detur-

290 3242 352 3279 τε
384 3225 575 3296 πρόσω
601 3224 829 3294 πορείας
860 3223 1334 3293 μεταμεμέληντο,
1364 3223 1457 3275 καὶ
1482 3224 1710 3290 ἄσμενοι
1741 3222 1881 3292 μᾶλ-

291 3318 383 3371 λον
414 3319 479 3388 ἢν
501 3312 666 3388 ἦλθον
697 3315 1052 3385 ἀνέστρεφον.
1087 3314 1310 3368 Ἀλλοτε
1362 3315 1523 3369 πάλιν
1569 3315 1679 3368 τῶν
1709 3315 1888 3369 αὐτῶν

305 3409 609 3479 ’Δσσυρίων
638 3407 783 3470 τινὲς
814 3407 1049 3478 ἀνῄεσαν
1076 3407 1155 3470 είς
1182 3407 1243 3460 τὸ
1276 3407 1429 3479 ὅρος·
1459 3409 1487 3461 ὁ
1515 3407 1572 3460 δὲ
1598 3408 1790 3475 ’Ἄγιος
1810 3407 1889 3478 τῷ

296 3499 516 3568 συνήθει
570 3498 668 3550 καὶ⁵
714 3498 811 3550 νῦν
862 3498 1163 3567 φαρμάκῳ,
1209 3499 1275 3566 τῇ
1308 3496 1445 3567 πρὸς
1469 3496 1603 3550 Θεὸν
1634 3498 1768 3568 εὐχῇ
1798 3499 1889 3552 κέ-
1916 3479 1941 3504 ⁹

296 3607 488 3661 χρητο,
524 3590 773 3642 Δέσποτα
798 3589 919 3653 Θεὲ,
952 3588 1150 3655 λέγων,
1177 3590 1360 3658 πάσης
1397 3587 1620 3661 σαρκὸς,
1655 3590 1683 3640 ὁ
1705 3590 1889 3660 γνόφῳ

292 3683 355 3737 τὸ
379 3684 512 3736 Σινᾶ
539 3682 665 3751 ὅρος
689 3681 782 3734 ἐπὶ
809 3680 905 3734 τοῦ
932 3680 1263 3751 θεράποντάς
1290 3698 1383 3733 σου
1406 3683 1650 3745 Μωσέως
1680 3684 1889 3737 σκεπά-

296 3792 419 3839 σας,
457 3775 623 3839 αὐτὸς
670 3774 766 3828 νῦν
804 3776 872 3843 τῇ
922 3774 1108 3844 χάριτί
1138 3791 1233 3827 σου
1272 3775 1548 3828 σκέπατον
1594 3777 1689 3829 καὶ
1717 3777 1887 3847 ἡμᾶς,

297 3864 438 3918 ὥστε
469 3864 739 3925 ἀθεάτους
771 3865 952 3935 μεῖναι
1000 3865 1115 3926 τοῖς
1152 3862 1261 3916 τῶν
1296 3864 1509 3918 ἀσεϐῶν
1538 3864 1743 3919 τούτων
1786 3867 1889 3936 6y.-

301 3975 453 4026 μασι.
485 3957 597 4011 Καὶ
632 3957 832 4011 αὐτίκα
867 3954 933 4024 (ὦ
984 3956 1225 4009 ἀϐύσσου
1252 3957 1654 4028 χρηστότητοςῑ
1679 3957 1725 4011 ὦ
1753 3957 1889 4012 Θεοῦ

296 4045 484 4109 ὢτων,
538 4048 759 4117 δεήσεσι
809 4048 917 4099 τῶν
971 4046 1324 4116 φοϐουμένων
1376 4046 1539 4100 αὐτὸν
1576 4048 1666 4101 διὰ
1693 4047 1892 4112 παντὸς

299 4136 750 4208 προσεχόντωνί)
788 4136 958 4207 ἀχλὺς
999 4134 1209 4189 ἄνωθεν
1256 4136 1362 4189 ὑπὸ
1391 4136 1590 4208 νεφέλῃ
1655 4154 1891 4208 καταχε-

300 4229 451 4283 θεῖσα
471 4271 487 4295 ,
520 4230 619 4299 οὐχ
641 4230 789 4292 ὅπως
810 4229 973 4282 αὐτὸν
999 4230 1109 4292 τοῖς
1140 4227 1459 4298 βαρϐάροις,
1490 4228 1605 4282 ἀλλ’
1639 4229 1760 4281 οὐδὲ
1783 4229 1892 4283 τῶν

300 4321 429 4390 περὶ
472 4320 638 4375 αὐτόν
684 4336 806 4372 τινα
842 4318 997 4372 εἴασε
1033 4316 1317 4386 θεαθῆναι.
1367 4319 1473 4370 Καὶ
1506 4320 1551 4371 oi
1588 4318 1686 4387 μὲν
1717 4316 1893 4381 οὕτως

300 4412 565 4482 ἀπῆλθον,
598 4413 735 4482 μηδὲ
798 4414 878 4475 είς
916 4412 1009 4464 τὸν
1055 4410 1211 4463 κίονα
1245 4411 1338 4464 καὶ
1378 4411 1449 4462 τὰ
1482 4410 1588 4462 me.
1617 4410 1709 4463 τὸν
1739 4411 1891 4464 κίονα

1995 3221 2108 3274 bati
2133 3222 2187 3275 in
2211 3230 2435 3284 terram,
2458 3218 2596 3272 nihil
2629 3217 2888 3289 progredi
2915 3218 3150 3273 ulterius
3174 3231 3466 3284 curarunt,
3489 3222 3583 3277 sed

1993 3313 2264 3367 citissime
2295 3327 2403 3381 qua
2426 3319 2695 3367 venerant
2724 3310 2933 3365 reversi
2980 3320 3130 3364 sunt.
3173 3309 3326 3366 Alias
3362 3328 3588 3368 eorum-

1992 3404 2119 3460 dem
2167 3404 2520 3475 Assyriorum
2574 3402 2801 3472 quidam
2858 3401 3147 3456 redierunt
3195 3402 3263 3457 ad
3320 3414 3588 3473 montem,

1991 3497 2259 3551 adversus
2273 3512 2413 3566 quos
2435 3503 2657 3550 sanctus
2688 3495 2809 3547 solo
2842 3495 3227 3562 medicamine,
3248 3499 3587 3566 precatione,

1993 3591 2241 3659 inquam,
2269 3603 2426 3652 usus,
2452 3587 2628 3644 dixit:
2654 3587 2887 3642 Domine
2920 3589 3066 3643 Deus
3089 3588 3361 3644 universae
3381 3592 3588 3654 carnis,

1991 3682 2086 3751 qui
2118 3689 2362 3734 montem
2394 3678 2547 3733 Sinai
2582 3687 2827 3748 tempore
2849 3678 3058 3749 Moysis
3082 3679 3226 3733 servi
3253 3682 3329 3733 tui
3363 3683 3589 3750 ορατιιὶ-

1992 3773 2063 3829 sti
2095 3772 2351 3842 caligine,
2381 3770 2538 3840 operi
2590 3768 2646 3824 in
2676 3770 2969 3840 prgasentia
3018 3786 3121 3825 nos
3155 3787 3375 3842 quoque
3413 3776 3590 3843 gratia

1994 3874 2109 3930 tua,
2127 3873 2276 3919 utne
2292 3863 2778 3933 deprehendamur
2798 3862 2867 3917 ab
2885 3862 3073 3933 impiis
3096 3864 3267 3918 hisee.
3291 3864 3404 3919 Nec
3428 3867 3588 3935 plura

1994 3955 2049 4026 (ο
2071 3956 2327 4026 abyssum
2363 3954 2648 4019 bonitatis,
2692 3950 2926 4008 o’aures
2973 3955 3211 4020 divinas,
3250 3958 3585 4024 precationi-

1992 4046 2099 4103 bus
2158 4046 2475 4101 timentium
2529 4046 2702 4100 Deum
2758 4061 3044 4115 nunquam
3105 4062 3214 4101 non
3273 4048 3587 4121 intentas!)

1995 4138 2292 4211 caliginosa
2348 4138 2528 4193 nubes
2573 4137 2714 4192 cwlo
2747 4137 2922 4192 effusa
2977 4155 3086 4193 non
3138 4139 3303 4195 modo
3359 4143 3586 4213 Symeo-

2000 4247 2126 4286 nem
2176 4246 2286 4284 non
2326 4230 2577 4300 permisit
2634 4229 2808 4283 videri
2859 4245 2889 4283 a
2948 4230 3223 4297 barbaris,
3281 4232 3374 4289 sed
3409 4250 3587 4301 neque

1997 4325 2273 4379 sociorum
2305 4324 2427 4392 ejus
2447 4337 2802 4392 quemquam.
2832 4321 2911 4375 Ita
2949 4322 3025 4376 illi
3056 4322 3279 4392 quidem
3314 4324 3588 4381 discesse-

2000 4424 2151 4481 runt,
2182 4431 2287 4469 nec
2309 4416 2622 4470 columnam
2660 4423 2755 4469 aut
2784 4430 2907 4484 qua:
2940 4413 3082 4468 infra
3115 4415 3427 4472 Columnam
3463 4433 3589 4490 age-

302 4506 512 4576 βλέψαι,
553 4506 689 4577 μηδὲ
746 4506 1007 4576 προσχεῖν
1033 4503 1169 4564 ὅλως
1210 4501 1692 4572 συγχωρηθέντες’
1732 4502 1885 4555 πλου-

1999 4514 2196 4561 rentur
2234 4522 2487 4570 eernere,
2520 4521 2623 4560 nec
2659 4505 2853 4561 audire
2879 4506 3179 4576 quidquam
3214 4510 3441 4564 omnino
3467 4526 3589 4580 per-

303 4600 391 4651 σία
420 4598 483 4650 δὲ
515 4598 611 4651 καὶ
637 4595 728 4649 τοῦ
761 4594 989 4665 Συμεὼν
1020 4596 1304 4662 κατεχεῖτο
1333 4593 1516 4664 χάρις,
1552 4594 1652 4663 τήν
1681 4610 1742 4646 τε
1769 4592 1891 4662 ὄψιν

302 4692 418 4745 κατ’
472 4692 653 4744 ἐκεῖνο
699 4690 799 4758 τῆς
848 4687 999 4758 ὥρας
1046 4686 1445 4756 ὲκλάμποντος,
1504 4687 1598 4741 καὶ
1642 4685 1791 4754 ἥδιόν
1838 4704 1891 4739 τι

305 4780 660 4837 παντοδαπῶν
697 4780 886 4852 μύρων
909 4780 1232 4844 ἀπάξοντος·
1262 4776 1337 4840 ὡς
1367 4778 1463 4829 καὶ
1491 4778 1599 4830 τῶν
1632 4778 1891 4848 μαθητῶν

302 4891 419 4927 τινα
450 4874 581 4945 περὶ
601 4872 799 4944 ὄρθρον
832 4871 1033 4934 ἰδόντα,
1057 4871 1204 4932 ὅπως
1237 4868 1336 4939 μὲν
1364 4870 1491 4940 περὶ
1522 4868 1619 4938 τὴν
1643 4868 1767 4939 ὄψιν
1788 4871 1891 4923 αὐ-

302 4968 424 5035 γῆς,
454 4966 606 5031 ὅπως
652 4964 710 5019 δὲ
740 4963 860 5026 ὅλος
901 4962 1128 5026 εὐωδίας
1161 4962 1298 5031 ἔχει,
1329 4964 1388 5016 ὲν
1436 4960 1713 5031 θαύματος
1748 4962 1892 5034 λόγῳ

303 5060 411 5120 τοῖς
442 5058 651 5119 λοιποῖς
674 5054 1062 5126 διηγήσασθαι.

374 5258 466 5326 ξὲ.
504 5252 608 5312 οἷα
630 5258 685 5311 δὲ
716 5256 1000 5321 πολλέκις,
1028 5259 1119 5309 καὶ
1160 5257 1281 5328 μηδ’
1303 5257 1482 5310 ὁτιοῦν
1515 5258 1709 5311 ἀνῦσαι
1737 5258 1894 5312 δύνα-

305 5347 426 5404 σθαι
458 5346 771 5400 γ.ατήαὑτοῦ
807 5345 1171 5415 πεπεισμένος
1200 5348 1226 5397 ὁ
1253 5344 1532 5421 [δαίμιυν],
1570 5351 1668 5418 τὴν
1700 5351 1799 5419 μὲν
1828 5352 1893 5403 ἐκ

303 5534 539 5589 subdit:
571 5532 658 5587 Ita
698 5529 1038 5604 Justinienus
1079 5533 1212 5601 Aug.
1260 5537 1528 5604 prospexit
1575 5539 1741 5591 muris
1776 5538 1892 5593 An-

305 5606 528 5663 tiochiae.
582 5618 745 5672 quam
807 5609 855 5672 et
899 5602 1008 5672 ipse
1064 5604 1312 5666 restituit,
1358 5602 1478 5659 cum
1540 5624 1658 5660 eam
1719 5611 1891 5663 hostes

301 5678 523 5750 ﬂamina
550 5669 788 5750 funditus
822 5669 1152 5750 defecissent.
1190 5672 1358 5750 "regis
1392 5676 1530 5750 enim
1569 5684 1892 5750 ronsmnptis

305 5741 559 5800 omnibus
579 5744 890 5816 penitusque
925 5741 1171 5804 sublatis,
1202 5743 1333 5796 nihil
1368 5756 1414 5798 et
1448 5747 1589 5800 urbis
1638 5741 1885 5815 inrcu'sn’,

1995 4598 2150 4655 missi
2185 4617 2199 4652 :
2234 4600 2513 4668 copiosior
2541 4606 2728 4654 autem
2760 4599 3087 4670 Symeonem
3138 4600 3381 4670 perfundit
3413 4606 3606 4677 gratia,

1994 4704 2119 4745 cum
2146 4699 2204 4745 et
2231 4691 2403 4746 facies
2429 4692 2553 4761 ejus
2577 4690 2909 4746 mirabiliter
2945 4692 3218 4757 rutilaret,
3246 4701 3303 4747 et
3328 4694 3590 4749 suavissi-

1993 4797 2144 4837 mum
2168 4784 2465 4852 quemdam
2497 4786 2635 4839 varii
2667 4787 2934 4856 unguenti
2964 4786 3189 4839 odorem
3212 4787 3586 4845 diffunderet:

1994 4873 2145 4942 quod
2179 4874 2346 4929 etiam
2382 4875 2783 4945 discipulorum
2813 4891 2926 4931 non
2959 4892 3145 4943 nemo,
3187 4879 3291 4933 sub
3330 4895 3586 4935 auroram

1999 4966 2709 5036 animadvertensquantus
2731 4966 2761 5022 ιι
2788 4969 2941 5022 vultu
2976 4969 3262 5039 splendor,
3285 4982 3487 5041 quanta
3520 4975 3589 5028 ab

2000 5055 2122 5125 ejus
2149 5070 2387 5124 corpore
2426 5056 2725 5127 fragrantia
2764 5054 3137 5127 promanaret,
3191 5062 3590 5134 condiscipulis

2003 5147 2370 5201 mirabundus
2416 5149 2682 5204 narravit.

2071 5261 2159 5315 65.
2193 5260 2463 5316 Czeterum
2520 5279 2646 5318 cum
2702 5267 2812 5338 jam
2870 5267 3070 5337 smpius
3126 5278 3336 5325 tentato
3392 5274 3587 5340 prce-lin

2000 5368 2325 5422 persuasum
2392 5356 2626 5411 haberet
2679 5360 3051 5422 cacediemon,
3086 5362 3221 5416 nihil
3285 5365 3585 5434 quidquam

2017 5546 2255 5621 omnibus
2286 5549 2597 5621 penitusque
2620 5549 2866 5614 sublatis,
2896 5550 3030 5610 nihil
3060 5557 3118 5602 ut
3164 5549 3306 5604 urbis
3336 5552 3583 5621 incensm,

2017 5619 2118 5671 nisi
2154 5618 2398 5672 ruderum
2432 5618 2643 5683 tumuli,
2676 5622 2868 5689 passim
2904 5630 3163 5681 exstaret;
3195 5637 3295 5688 quo
3335 5618 3588 5687 cuiusque

2015 5688 2199 5739 domus
2248 5700 2402 5743 ﬂiilf’ﬂ
2452 5693 2676 5745 Melisse!
2731 5693 2874 5755 loco,
2932 5692 3233 5762 dignoscere
3280 5692 3585 5745 Auliorkrui

2019 5774 2117 5811 non
2148 5773 2384 5820 potero-nl
2397 5804 2408 5815 .
