4018 6400
424 315 569 383 8047

1632 320 1704 381 s.
1745 317 2130 380 SYMEONIS
2167 288 2527 383 murenis

3553 334 3696 397 3048

425 427 697 482 adversus
725 431 977 481 sanetum
999 424 1264 494 proﬁcere
1290 440 1350 481 se
1390 440 1583 497 posse;
1614 441 1813 499 aperto
1843 437 1994 484 maru

2120 431 2211 484 τοῦ
2242 431 2478 501 φανεροῦ
2514 432 2647 502 πρὸς
2678 434 2841 488 αὐτὸν
2864 435 2926 488 οὐ
2951 436 3146 508 θαρρεῖ
3173 439 3370 510 πάλην,
3394 443 3480 497 διὰ
3508 446 3561 499 δὲ
3584 451 3697 503 τῶν

428 516 691 588 congredi
719 532 843 571 non
886 531 1075 581 ausus,
1101 516 1289 571 dolose
1324 532 1423 587 per
1450 516 1755 589 discipulos
1780 520 2010 574 insidias

428 610 616 675 struit,
645 607 795 678 gravi
817 615 1031 661 mentes
1056 606 1275 663 illorum
1303 616 1511 663 terrore
1538 610 1885 677 succutiens;
1914 611 2011 665 ad-

420 700 769 768 inveutoque
811 706 1078 767 praetextu
1131 698 1280 768 quod
1333 700 1617 755 continuis
1655 702 2008 773 Assyriorum

429 790 743 845 incursibus
763 789 995 857 expositi
1029 798 1238 855 essent,
1268 791 1544 859 persuasit
1571 792 1653 847 eis
1678 802 1739 847 ut
1770 794 2007 848 transfe-

422 880 626 933 rendas
676 879 731 931 in
777 878 959 933 locum
1018 880 1361 934 securiorem
1407 882 1567 937 sedes
1622 883 2005 940 decernerent.

424 969 643 1022 Adeunt
673 982 805 1037 ergo
846 968 984 1022 bene
1019 983 1182 1022 mane
1214 969 1565 1039 Symeonem,
1608 977 1886 1042 rogantes,
1919 988 2009 1029 se-

415 1070 547 1110 ‘cum
585 1054 851 1125 tantisper
883 1055 1008 1109 loco
1042 1065 1103 1110 ut
1130 1055 1314 1120 cedat,
1350 1056 1480 1110 dum
1515 1057 1569 1110 in
1589 1059 1827 1126 patriam
1855 1074 2007 1113 suam

426 1147 721 1202 rediisseut
741 1147 949 1217 Assyrii
975 1165 988 1201 :
1016 1149 1206 1218 Neque
1225 1150 1371 1204 enim
1384 1167 1701 1221 possumus.
1732 1153 2006 1223 inquiunt,

422 1238 625 1291 morari
642 1238 853 1294 diutius
870 1241 923 1293 in
944 1240 1050 1295 hoc
1065 1250 1272 1307 monte,
1289 1245 1753 1312 proptercrebras
1770 1246 2006 1299 hostium

420 1328 795 1384 incursiones.
831 1331 1069 1385 Tantum
1117 1349 1249 1387 vero
1283 1334 1487 1399 abfuit,
1538 1344 1599 1389 ut
1650 1336 1696 1389 is
1736 1337 1840 1391 tale
1874 1337 2005 1406 quid

420 1420 776 1486 admitteret,
814 1430 876 1476 ut
897 1438 1114 1476 onmem
1138 1426 1321 1493 potius
1352 1426 1586 1499 lapidem
1613 1428 1865 1491 moverit,
1896 1444 2007 1496 quo

416 1512 570 1581 ipsos
590 1512 874 1566 retineret.
899 1513 1148 1582 Cumque
1173 1517 1341 1569 multa
1362 1516 1587 1571 dixisset
1613 1526 2002 1588 tentassetque,

417 1621 523 1659 nec
553 1606 904 1673 acquieturos
925 1607 1026 1661 sibi
1064 1624 1301 1676 unquam
1329 1609 1542 1664 videret
1568 1628 1581 1663 :
1606 1611 1764 1675 ltote,
1802 1612 2000 1680 inquit,

420 1696 644 1761 fratres,
682 1697 735 1750 in
781 1712 947 1766 pace;
983 1699 1026 1751 si
1057 1714 1159 1764 vos
1185 1716 1442 1769 namque,
1479 1703 1640 1757 amici
1672 1719 1735 1757 ac
1767 1706 1997 1773 proximi

419 1789 549 1852 mei,
578 1789 797 1842 eminus
826 1798 970 1844 stare
995 1791 1319 1857 malueritis,
1350 1810 1450 1865 ego
1472 1796 1831 1854 nihilominus
1859 1815 2000 1854 sem-

419 1894 515 1945 per
551 1886 732 1931 mente
766 1878 1052 1933 vobiscum
1091 1897 1235 1935 sum.
1272 1883 1408 1938 Cum
1445 1888 1559 1941 ltazc
1598 1886 1826 1943 dixisset
1868 1905 1997 1944 san-

417 1980 560 2033 ctus,
586 1970 930 2025 dimittentcs
957 1971 1135 2040 ipsum
1164 1974 1219 2029 in
1248 1975 1500 2031 columna
1528 1977 1787 2049 discipuli
1812 1997 1997 2036 reces-

417 2071 632 2114 serunt.
669 2061 1066 2118 lnvadentibus
1097 2074 1280 2120 autem
1308 2069 1570 2123 continuo
1598 2074 1995 2127 monasterium

422 2153 696 2216 barbaris,
752 2155 1042 2224 porrigens
1082 2156 1316 2227 Symeon
1365 2158 1432 2214 ad
1499 2162 1699 2215 cmlum
1752 2178 1994 2219 manus:

419 2242 668 2306 Domine,
704 2242 906 2311 inquit,
933 2247 1302 2314 omnipotens,
1328 2247 1422 2315 qui
1450 2248 1505 2302 in
1530 2248 1760 2304 brachio
1776 2252 1997 2308 virtutis

418 2340 524 2385 tuae
565 2331 936 2400 disperdidisti
968 2332 1217 2390 inimicos
1250 2345 1408 2400 tuos,
1464 2339 1811 2396 confortetur
1849 2358 1997 2397 nunc

416 2435 639 2491 quoque
672 2438 868 2476 manus
891 2438 1004 2485 tua,
1029 2424 1305 2480 exaltetur
1335 2427 1561 2484 dextera
1599 2438 1710 2486 tua.
1738 2432 1993 2486 Nondum

419 2515 509 2569 itle
570 2516 785 2584 precari
830 2514 1120 2577 desierat,
1164 2527 1222 2570 et
1281 2518 1504 2572 barbari
1550 2522 1662 2591 jam
1720 2522 1991 2589 imbelles,

413 2605 540 2675 fuga
570 2621 632 2660 se
666 2606 793 2659 inde
827 2606 1239 2676 proripiebant;
1266 2608 1497 2665 dixisses
1515 2611 1723 2681 potenti
1755 2613 1992 2682 quadam

418 2712 583 2750 manu
617 2697 900 2766 expulsos.

483 2785 570 2840 66.
602 2786 847 2841 Tametsi
878 2802 1046 2857 porro
1073 2788 1315 2845 famulus
1334 2790 1430 2846 Dei
1466 2808 1495 2847 a
1542 2792 1829 2866 discipulis
1876 2794 1992 2851 Suis

2116 522 2371 590 μαθητῶν
2443 522 2635 585 δολίως
2676 524 3036 591 ἐπιϐουλεύει,
3079 528 3242 583 πάθει
3286 531 3488 597 δειλίας
3511 538 3694 591 αὐτῶν

2112 616 2211 674 τὰς
2254 612 2431 682 ψυχὰς
2482 615 2827 680 κατασείσας,
2879 618 3149 686 πρόφασιν
3196 621 3294 689 τὴν
3346 626 3544 696 συνεχῆ
3582 629 3695 680 τῶν

2125 703 2423 773 Ἀσσυρίων
2470 703 2646 775 εὑρὼν
2689 708 2942 776 πάροδον,
2991 712 3243 766 κάκεῖθεν
3280 716 3599 786 ἀπάραντας
3632 723 3694 773 ὲν

2111 792 2188 860 τῷ
2233 794 2468 861 ἀσφαλεῖ
2521 799 2858 865 καταστῆναι
2918 801 3147 865 σκολιῶς
3178 806 3501 872 ἀναπείσας.
3532 813 3597 864 Oi
3633 812 3694 865 δὲ

2116 883 2404 945 προσίασιν
2456 884 2570 953 ἅμα
2623 885 2826 957 ὄρθρῳ,
2862 892 3172 960 συναπᾶραι
3216 910 3367 961 σφισι
3404 898 3497 950 καὶ
3528 901 3695 953 αὐτὸν

2112 971 2408 1037 ἀξιοῦντες,
2440 972 2567 1043 ἄχρι
2622 976 2719 1045 τῆς
2765 978 2859 1030 ἐπὶ
2910 980 3009 1050 τὴν
3049 985 3253 1036 οἰκείαν
3284 987 3543 1043 ἐπανόδου
3577 990 3693 1044 τῶν

2124 1063 2422 1134 Ἀσσυρίων
2444 1082 2458 1096 ·
2485 1066 2604 1119 οὐδὲ
2642 1068 2750 1138 γάρ
2812 1065 2923 1123 οἷόν
2958 1075 3016 1125 τέ
3050 1090 3183 1142 φασι
3222 1079 3550 1147 προσμένειν
3600 1082 3683 1135 ἔτι

2110 1154 2185 1223 τῷ
2207 1154 2347 1223 ὄρει,
2373 1155 2546 1220 οὕτως
2580 1159 2759 1210 αὐτῶν
2795 1160 2938 1214 κατὰ
2971 1164 3031 1215 τὸ
3057 1167 3279 1235 συνεχὲς
3309 1171 3589 1226 ἐπιόντων.
3628 1174 3691 1227 Ὀ

2108 1245 2163 1299 δὲ
2191 1246 2441 1300 τοσοῦτον
2467 1248 2672 1317 ἀπέσχε
2698 1251 2994 1318 προσέσθαι
3023 1270 3074 1305 τι
3102 1257 3229 1325 περὶ
3258 1258 3455 1313 ἑαυτοῦ
3510 1263 3691 1315 τοιοῦ-

2110 1351 2222 1395 τον,
2254 1335 2364 1405 ὅσῳ
2396 1337 2492 1389 καὶ
2523 1338 2722 1400 αὐτοὺς
2751 1339 2999 1409 ἐπισχεῖν
3036 1342 3237 1405 μᾶλλον
3274 1347 3399 1415 περὶ
3431 1346 3686 1403 πλείστου

2109 1428 2393 1491 πεποίητο.
2431 1429 2586 1482 Ἐπεὶ
2619 1429 2676 1481 δὲ
2713 1430 2890 1505 πολλὰ.
2919 1432 3088 1485 εἰπών
3130 1451 3188 1487 τε
3229 1435 3324 1490 καὶ
3355 1437 3582 1507 δράσας,
3622 1443 3687 1494 οὐ

2111 1520 2712 1590 μεταπεισθησομένους
2761 1521 2927 1592 ἑώρα,
2951 1525 3275 1594 Πορεύεσθε,
3303 1529 3488 1599 φησὶν,
3524 1532 3684 1586 ἀδελ-

2106 1609 2217 1677 φοὶ,
2240 1611 2300 1661 ὲν
2338 1612 2528 1681 εἰρήνη
2554 1627 2570 1644 ο
2600 1614 2648 1663 εἰ
2686 1614 2792 1683 γὰρ
2822 1614 2916 1667 καὶ
2946 1616 2996 1667 οἲ
3031 1616 3174 1683 φίλοι
3207 1635 3309 1687 μου
3333 1621 3426 1672 καὶ
3447 1622 3496 1674 οί
3522 1621 3681 1692 ἔγγι-

2107 1703 2207 1754 στά
2238 1718 2339 1769 μου
2376 1702 2483 1754 ἀπὸ
2525 1703 2802 1772 μακρόθεν
2830 1704 3020 1775 στῆναι
3062 1709 3388 1779 προῄρεσθε,
3431 1713 3547 1766 ἀλλ’
3572 1716 3686 1783 ἐγὼ

2100 1791 2178 1862 τῷ
2212 1791 2483 1860 πνεύματι
2514 1792 2601 1844 ἀεὶ
2639 1792 2757 1861 μεθ’
2790 1794 2943 1862 ὑμῶν
2971 1797 3108 1865 εἰμι.
3138 1798 3325 1852 Ταῦτα
3353 1801 3446 1854 τοῦ
3497 1801 3683 1872 Ἀγίου

2100 1883 2365 1948 εἰπόντος,
2392 1884 2440 1935 oi
2472 1883 2572 1952 μὲν
2594 1884 2822 1951 ἀφέντες
2851 1885 3012 1938 αὑτὸν
3040 1887 3133 1939 ἐπὶ
3163 1888 3252 1941 τοῦ
3276 1890 3453 1956 κίονος
3475 1894 3686 1966 ἀνεχώ-

2101 1991 2295 2045 ρησαν.
2342 1977 2711 2029 Ἐπιστάντων
2765 1978 2821 2030 δὲ
2874 1979 3015 2033 κατὰ
3059 1980 3226 2045 πόδας
3277 1988 3343 2055 τῇ
3394 1990 3529 2063 μονῇ
3569 1988 3684 2043 τῶν

2101 2066 2411 2137 βαρϐάρων,
2463 2070 2651 2138 χεῖρας
2711 2069 2923 2139 οὐρανῷ
2974 2071 3101 2135 δοὺς
3143 2074 3368 2141 ἐκεῖνος,
3407 2076 3679 2143 Δέσποτα,

2100 2155 2255 2225 φησὶ,
2289 2155 2459 2227 Κύριε
2490 2159 2888 2230 παντοκράτορ.
2925 2159 2952 2211 ὀ
2979 2162 3037 2213 ὲν
3075 2161 3153 2231 τῷ
3178 2162 3422 2234 βραχίονι
3456 2167 3557 2236 τῆς
3584 2169 3681 2223 δυ·

2098 2245 2313 2313 νάμεὼς
2335 2263 2431 2300 σου
2455 2247 2846 2319 διασκορπίσας
2866 2254 2990 2314 τοὺς
3012 2251 3237 2323 ἐχθρούς
3260 2272 3373 2321 σου,
3402 2274 3649 2326 κραταιω
3665 2288 3680 2300 -

2099 2335 2245 2405 θήτω
2278 2336 2373 2389 καὶ
2398 2335 2493 2389 νῦν
2525 2339 2556 2406 ἡ
2589 2339 2710 2408 χείρ
2740 2357 2854 2403 σου,
2891 2340 3161 2413 ὑψωθὴτω
3188 2345 3220 2414 ἡ
3249 2345 3397 2410 δεξιά
3423 2365 3537 2404 σου.
3571 2349 3680 2403 Οὕ-

2098 2446 2184 2480 πω
2207 2426 2357 2490 τέλος
2382 2424 2526 2498 εἶχεν
2554 2430 2701 2499 αὐτῷ
2728 2432 2759 2499 ἡ
2784 2432 2934 2503 εὐχὴ,
2968 2434 3058 2485 καὶ
3082 2436 3130 2486 οί
3158 2434 3423 2507 βάρϐαροι
3452 2440 3678 2508 φεύγειν

2096 2518 2305 2573 ἐκεῖθεν
2335 2520 2572 2587 ἀγεννῶς
2608 2523 2948 2593 ἐπεχείρουν,
2986 2525 3238 2596 καθάπερ
3267 2527 3372 2582 ὑπό
3395 2547 3538 2594 τινος
3573 2531 3678 2601 βα-

2099 2608 2248 2679 ρείας
2285 2610 2467 2680 χειρὸς
2491 2610 2859 2682 ἐλαυνόμενοι.

2165 2789 2270 2857 ξς’.
2315 2793 2375 2845 '0
2417 2793 2515 2861 μὲν
2556 2788 2671 2845 οὖν’
2693 2792 2786 2845 τοῦ
2833 2793 2967 2845 Θεοῦ
3033 2793 3307 2865 θεράπων,
3346 2797 3396 2850 εί
3439 2800 3674 2853 καὶτῶν

413 2873 488 2928 ita
529 2874 831 2931 destitutus
897 2877 1266 2947 desertusque
1327 2880 1516 2945 fuerit,
1584 2885 1756 2952 gratia
1808 2894 1988 2941 tamen

2102 2884 2306 2937 οἰκείων
2365 2881 2511 2937 οὕτω
2562 2883 2821 2955 μαθητῶν
2859 2883 3064 2955 ἕρημος
3115 2886 3501 2954 ἀπολέλειπτο,
3533 2889 3674 2945 ἀλλά

412 2966 618 3033 divina,
644 2968 942 3022 admodum
980 2984 1246 3038 praesens,
1277 2986 1306 3023 a
1329 2971 1509 3025 latere
1552 2975 1671 3043 ejus
1708 2991 1988 3046 nunquam

2094 2974 2379 3044 παροῦσαν
2419 2970 2533 3044 εἶχε
2577 2975 2763 3043 σαφῶς
2812 2974 2911 3044 τὴν
2940 2976 3088 3043 θείαν
3112 2974 3319 3030 ἄνωθεν
3354 2978 3534 3049 χάριν,
3567 2981 3673 3034 οὐκ

411 3058 710 3124 abscessit;
743 3074 855 3113 non
917 3067 1128 3114 tantum
1166 3070 1405 3115 mentem
1461 3063 1610 3119 illius
1664 3066 1851 3122 laetitia
1903 3085 1987 3123 re-

2102 3064 2419 3133 ἀγαλλίασιν
2470 3066 2627 3135 μόνον
2669 3066 3024 3134 ἐμποιοῦσαν,
3055 3067 3192 3121 ἀλλά
3236 3085 3357 3122 τινα
3390 3070 3487 3124 καὶ
3530 3072 3675 3140 ἄφα-

412 3149 593 3219 plens,
656 3150 750 3204 sed
811 3148 1147 3204 ineﬂ‘abilem
1210 3152 1528 3218 quamdam,
1593 3156 1671 3209 uti
1728 3157 1987 3221 diximus,

414 3240 741 3295 diﬂ‘undens
770 3239 1148 3309 fragrantiam,
1177 3257 1297 3310 qua
1345 3243 1575 3299 lacernae
1603 3263 1709 3315 qua
1753 3250 1989 3303 amictus

409 3340 532 3385 erat
566 3331 634 3384 ad
667 3340 975 3385 extremum
1001 3347 1178 3401 usque
1223 3333 1460 3387 inhmsit.
1486 3334 1771 3391 Gaudebat
1803 3340 1987 3409 itaque

410 3421 739 3487 solitudine,
767 3438 830 3476 ac
859 3423 1035 3476 tribus
1098 3426 1569 3493 consequentibus
1619 3428 1815 3484 diebus
1884 3429 1987 3484 soli

411 3518 646 3573 orationi
677 3529 730 3574 et
779 3519 885 3575 Deo
920 3536 1121 3577 vacans
1168 3523 1365 3593 (usque
1410 3540 1476 3580 eo
1510 3526 1656 3581 enim
1689 3538 1870 3595 potens
1902 3543 1979 3591 es,

414 3608 653 3665 Domine.
678 3621 725 3665 et
752 3614 943 3666 veritas
973 3624 1062 3666 tua
1092 3614 1147 3668 in
1176 3617 1399 3671 circuitu
1431 3626 1518 3672 tua
1546 3618 1608 3689 ³³)
1634 3619 1983 3689 conspicatur

420 3694 696 3763 utrimque
740 3708 962 3752 sanctos
995 3701 1220 3770 angelos
1247 3702 1405 3769 duos,
1426 3705 1661 3759 alterum
1689 3721 1716 3758 a
1741 3707 1997 3770 dexteris,

417 3782 653 3837 alterum
678 3801 709 3838 a
732 3785 993 3849 sinistris,
1017 3788 1266 3844 dicentes
1289 3791 1391 3861 ipsi
1415 3810 1427 3844 :
1450 3790 1700 3855 Conﬁde,
1724 3808 1833 3846 non
1850 3794 1999 3847 enim

416 3872 572 3929 solus
595 3887 694 3939 es;
745 3875 841 3929 sed
876 3891 979 3930 nos
1012 3884 1193 3933 terum
1227 3896 1439 3949 sumus.
1477 3881 1694 3935 Interea
1740 3882 1997 3939 barbaris

418 3962 660 4017 reditum
699 3965 756 4019 in
810 3968 1047 4035 patriam
1111 3972 1533 4036 meditantibus,
1588 3983 1885 4027 servantur
1939 3990 1996 4031 et

414 4049 708 4121 discipuli:
755 4056 991 4125 visoque
1036 4069 1242 4128 quanta
1303 4064 1542 4132 Symeon
1582 4062 1774 4117 laetitia
1828 4072 1993 4134 atque

414 4144 590 4213 gratia
628 4145 992 4212 redundaret,
1018 4149 1158 4205 laetis
1182 4152 1413 4206 vocibus
1461 4151 1568 4220 ipsi
1611 4168 1833 4223 quoque
1866 4170 1991 4225 gra-

413 4231 521 4289 tias
540 4236 653 4291 Deo
692 4236 1078 4294 reddiderunt.

2096 3173 2207 3220 τον,
2245 3157 2319 3218 ὡς
2341 3156 2573 3225 ἔφημεν,
2628 3158 2852 3209 εὐωδίαν
2901 3158 3067 3210 αὐτοῦ
3120 3161 3516 3230 καταχέουσαν,
3547 3162 3673 3233 ἥτις

2097 3247 2324 3306 καὶτοῖς
2349 3246 2575 3316 ῥακίοις,
2606 3242 2687 3309 οἷς
2725 3248 2932 3310 ἐκεῖνος
2977 3249 3249 3317 ἠμφίεστο
3292 3291 3309 3317 ,
3371 3253 3672 3326 παρέμεινε

2095 3333 2181 3387 διὰ
2202 3333 2407 3396 τέλους.
2435 3330 2550 3389 οτΗν
2579 3337 2758 3388 τοίνυν
2783 3337 2986 3406 χαίρων
3014 3340 3076 3408 τῇ
3102 3339 3229 3408 περὶ
3253 3340 3414 3392 αὐτὸν
3439 3342 3670 3412 ἐρημίᾳ,

2058 3424 2191 3489 ,καὶ
2219 3425 2409 3496 τρίτην
2437 3424 2565 3495 ἑξῆς
2603 3426 2815 3497 ἡμέραν
2847 3429 2981 3499 εὐχῇ
3022 3430 3160 3499 μόνῃ
3192 3430 3287 3483 καὶ
3319 3430 3440 3501 Θεῷ
3473 3433 3672 3501 σχολά-

2088 3531 2196 3593 ζων
2223 3529 2304 3602 (ὲν
2334 3528 2574 3600 τοσούτῳ
2597 3528 2655 3582 δὲ
2688 3528 2949 3595 δυνατὸς
2976 3525 3059 3596 εἴ,
3091 3532 3286 3600 Κύριε,
3315 3534 3413 3587 καὶ
3444 3536 3483 3604 ἠ
3515 3536 3676 3604 ἀλή-

2090 3618 2217 3674 θειά
2245 3636 2361 3675 σου
2408 3621 2614 3685 κύκλῳ
2658 3620 2797 3689 σου)
2842 3623 2945 3692 ὁρᾷ
2992 3621 3086 3675 δύο
3129 3623 3282 3686 τινὰς
3330 3626 3676 3696 ἑκατέρωθεν

2107 3706 2293 3771 ἁγίους
2324 3708 2586 3775 ἀγγέλους
2611 3749 2626 3774 ,
2661 3711 2752 3764 τὸν
2787 3712 2886 3781 μὲν
2913 3716 2977 3766 ὲκ
3003 3713 3193 3781 δεξιῶν
3223 3757 3239 3783 ,
3268 3719 3358 3771 τὸν
3380 3719 3425 3772 δ’
3460 3722 3521 3786 ἐξ
3568 3724 3683 3794 ἀρι.

2115 3795 2344 3863 στερῶν,
2414 3797 2674 3866 λέγοντας
2739 3802 2926 3872 αὐτῷ·
2984 3805 3211 3878 Θάρρει,
3269 3808 3390 3862 οὐδὲ
3446 3812 3556 3884 γὰρ
3605 3810 3682 3878 εἴ,

2103 3889 2258 3957 φησὶ,
2296 3889 2474 3957 μόνος,
2518 3890 2654 3946 ἀλλά
2705 3893 2844 3961 μετά
2900 3895 2992 3948 σοῦ
3037 3902 3131 3949 καὶ
3169 3899 3350 3969 ἡμεῖς.
3392 3902 3482 3956 Ἐν
3502 3903 3682 3974 τούτῳ

2101 3977 2156 4029 δὲ
2180 3979 2288 4032 τῶν
2336 3979 2626 4051 βαρϐάρων
2657 3982 2918 4037 ἐπανόδου
2959 3987 3331 4056 μνησθέντων,
3361 3992 3676 4058 ἀνασώζον-

2098 4070 2305 4123 ταικαὶ
2358 4072 2620 4143 μαθηταὶ,
2656 4074 2747 4127 καὶ
2781 4076 2971 4131 τοῦτον
3018 4080 3174 4144 ὅπως
3221 4082 3594 4151 ἀγαλλιάσεως
3614 4104 3679 4140 τε

2097 4163 2193 4214 καὶ
2247 4162 2469 4235 χάριτος
2521 4160 2667 4235 εἶχεν
2718 4166 2935 4235 ἰδόντες,
2970 4170 3358 4243 ἀγαλλομένοις
3408 4177 3526 4247 Θεῷ
3581 4180 3679 4232 καὶ

2098 4251 2252 4303 αὐτοὶ
2276 4251 2510 4320 χείλεσιν
2537 4255 2921 4324 ηὐχαρίστουν.

1856 4362 2082 4422 CAPUT
2128 4366 2221 4421 IX.

971 4467 1241 4527 Liberatio
1278 4475 1646 4544 captivorum;
1677 4480 1933 4534 transitus
1956 4481 2012 4534 in
2044 4490 2271 4535 montem
2312 4482 2641 4551 mirabilem;
2684 4488 2794 4543 alia
2825 4493 3108 4549 miracula.

485 4575 577 4632 67.
602 4576 811 4632 Verum
847 4580 976 4648 quis
1018 4597 1203 4639 sermo
1226 4601 1317 4640 res
1349 4602 1379 4640 a
1417 4587 1609 4641 divino
1654 4590 1876 4646 homine
1929 4607 1994 4647 ea

2169 4592 2267 4660 ξξ.
2310 4594 2471 4648 Ἀλλά
2503 4597 2587 4660 τίς
2641 4598 2709 4653 ἂν
2761 4600 2919 4670 λόγος
2950 4604 3020 4657 τὰ
3053 4606 3356 4679 τηνικαῦτα
3387 4612 3539 4681 παρά
3573 4616 3669 4669 τοῦ

413 4675 741 4738 tempestate
767 4677 970 4740 gestas,
994 4683 1130 4741 quot
1171 4676 1429 4732 servituti
1465 4679 1714 4737 addictos
1742 4683 1990 4739 libertati

420 4761 750 4829 restituerit,
775 4770 832 4816 et
849 4779 948 4833 per
982 4766 1198 4823 medios
1228 4768 1420 4825 hostes
1465 4772 1644 4827 salvos
1708 4774 1986 4843 eduxerit,

411 4853 607 4922 paucis
626 4861 796 4924 queat
824 4855 896 4909 ob
928 4856 1123 4912 oculos
1165 4861 1408 4927 ponere?
1461 4878 1631 4917 unum
1681 4864 1990 4924 alterumve

408 4956 635 4999 necesse
665 4951 751 4998 est
782 4957 1114 5002 memorare.
1151 4946 1347 5002 Frater
1380 4950 1494 5016 ille,
1526 4954 1687 5022 cujus
1710 4970 1744 5010 a
1777 4956 1977 5011 barba-

408 5032 487 5087 ris
535 5035 681 5102 capti
758 5034 1104 5090 mentionem
1164 5038 1398 5095 fecimus
1451 5045 1614 5113 paulo
1665 5047 1779 5116 (ll)
1831 5059 1981 5115 ante,

408 5122 685 5179 mirabilia
731 5125 910 5179 sancti
938 5140 1105 5193 opera
1138 5128 1238 5200 (ita
1272 5133 1419 5188 enim
1448 5135 1569 5190 ﬁeri
1610 5142 1904 5194 consuevit
1924 5152 1986 5197 ut

412 5210 617 5276 anima,
642 5209 1099 5267 intolerabilibus
1133 5220 1397 5275 aerumnis
1459 5224 1669 5292 pressa,
1695 5241 1819 5281 cum
1845 5243 1984 5297 qua-

410 5299 538 5355 dam
572 5301 860 5371 voluptate
891 5299 946 5355 in
973 5308 1294 5364 memoriam
1327 5311 1418 5367 illa
1452 5325 1697 5382 revocet,
1725 5332 1846 5387 quae
1872 5333 1985 5373 me-

408 5387 610 5447 liorem
657 5392 858 5447 aﬂ'erre
930 5409 1083 5465 spem
1138 5410 1263 5457 nata
1338 5409 1489 5477 sunt)
1540 5407 1759 5464 cuidam
1822 5409 1984 5464 militi

484 5544 530 5577 ⁸³
571 5545 717 5602 Psal.
746 5559 1001 5613 Lxxxvm,
1049 5550 1103 5605 9.

483 5674 596 5746 (ll)
628 5690 822 5748 supra,
855 5690 1005 5733 num.
1037 5681 1125 5737 63.

2093 4685 2237 4739 θείου
2259 4686 2484 4757 Συμεὼν
2522 4691 2805 4758 γεγονότα,
2849 4694 2942 4747 καὶ
2984 4696 3130 4761 ὅπως
3154 4699 3263 4753 τῶν
3293 4702 3673 4771 αἰχμαλωτισ-

2096 4775 2295 4832 θέντων
2327 4777 2543 4842 πολλοῖς
2592 4780 2959 4854 ὀπτανόμενος
2979 4786 3116 4841 ἀνίει
3168 4792 3266 4859 τῆς
3289 4792 3668 4861 αἰχμαλωσίας

2094 4867 2314 4931 αὐτοὺς,
2339 4868 2434 4922 καὶ
2490 4870 2582 4923 διὰ
2644 4873 2824 4940 μέσων
2875 4874 3049 4940 ἔσωζε
3091 4878 3202 4932 τῶν
3265 4881 3579 4952 βαρϐάρων,
3607 4887 3668 4938 ὲν

2097 4955 2288 5026 βραχεῖ
2338 4961 2779 5031 παραστήσειενς
2808 4963 2927 5027 ἑνὸς
2976 4965 3062 5030 δὲ,
3099 4966 3131 5036 ἢ
3165 4969 3262 5021 καὶ
3316 4969 3410 5023 δύο
3457 4972 3667 5027 τούτων

2094 5048 2391 5115 ἀναγκαῖον
2445 5052 2871 5123 ἐπιμνησθῆναι.
2940 5055 3000 5109 '0
3048 5059 3152 5114 ὑπὸ
3197 5060 3308 5115 τῶν
3371 5061 3667 5136 βαρϐάρίνν
3711 5116 3724 5126 ,

2091 5137 2320 5207 ἔναγχος
2376 5138 2604 5209 ληφθεὶς
2666 5144 2915 5214 ἀδελφὸς,
2947 5140 3009 5201 οὗ
3056 5149 3150 5201 καὶ
3213 5151 3398 5223 μικρῷ
3428 5152 3667 5223 πρόσθεν

2090 5231 2119 5282 ὁ
2147 5229 2308 5297 λόγος
2339 5229 2492 5284 ἔθετο
2518 5233 2761 5305 μνήμην,
2807 5236 2877 5290 τὰ
2925 5238 3020 5292 τοῦ
3057 5241 3213 5308 ἁγίου
3243 5241 3543 5311 θαυμάσια,
3573 5240 3665 5300 οἷα

2092 5320 2280 5375 εἴωθεν
2308 5324 2365 5376 ἐν
2397 5325 2700 5394 ἀμηχάνοις
2731 5331 2925 5393 κακοῖς
2956 5330 3091 5385 οὖσα
3114 5333 3260 5405 ψυχὴ
3303 5335 3410 5387 τῶν
3432 5353 3665 5407 χρηστο-

2090 5413 2253 5485 τέραν
2294 5415 2488 5495 ἐλπίδα
2515 5419 2906 5491 παρεχομένων
2928 5423 3102 5494 ἡδέως
3123 5426 3663 5499 ἀναμιμνήσκεσθαι,
