4018 6386
401 324 540 390 3055
606 362 613 367 ο

1715 325 2106 385 SYMEONIS‘
2133 326 2494 386 JUNlORiS

3533 334 3670 401 3056

400 460 513 500 uno
535 442 921 500 admirabilius
945 444 1206 499 omnibus
1234 450 1321 498 est.
1347 460 1361 495 :
1387 457 1584 513 nempe
1606 443 1755 513 quod
1782 443 1967 497 exinde

2090 445 2169 506 εἰς
2227 446 2325 513 τὴν
2383 443 2478 498 τοῦ
2523 443 2706 510 Ἀγίου
2761 442 3003 515 μάνδραν
3047 442 3278 514 ἐτησίως
3323 445 3530 514 ἔφθιται
3568 452 3671 520 πρὸ

396 537 560 592 statis
590 551 689 605 per
721 550 923 589 annum
963 534 1308 603 temporibus
1345 533 1503 587 solita
1551 532 1719 591 fuerit
1755 533 1868 588 fera
1914 532 1980 587 ad

398 625 573 679 sancti
628 624 912 676 mandram
945 622 1153 682 venire,
1191 629 1430 689 aptaque
1480 634 1581 689 pro
1611 620 1827 675 foribus
1851 636 1986 676 vote

356 760 360 768 .
397 714 544 767 edita
598 713 1025 767 submissionem
1056 726 1121 765 ac
1168 709 1539 765 obedientiam
1579 711 1985 780 quodammodo

399 803 714 867 testiﬁcari,
783 814 897 858 tum
952 801 1079 857 inde
1113 803 1263 857 mitis
1297 813 1352 857 et
1389 803 1687 857 tractabilis
1740 802 1806 857 ad
1856 819 1986 870 pro-

396 895 576 962 prium
636 894 979 949 domicilium
1029 894 1246 959 redire,
1300 903 1357 950 et
1400 895 1446 950 si
1486 911 1625 966 quos
1688 895 1830 950 forte
1887 912 1987 966 per

2095 538 2281 589 πυλῶν
2312 553 2369 588 τε
2396 537 2564 605 αὐτῆς
2596 535 2797 599 ἱκανῶς
2824 534 3156 605 ὡρυόμενος,
3190 538 3284 588 καὶ
3314 538 3379 588 τὲ
3417 540 3669 606 τῆς-ὑπο)-

2090 626 2268 694 ταγῆς
2324 620 2437 679 οἷον
2486 625 2799 688 ἐπιδεικνὺς
2854 624 3066 678 ἐκεῖθεν
3120 628 3213 677 καὶ
3252 626 3459 697 ἥμερος
3502 630 3580 690 εἰς
3606 632 3674 683 τὰ

2093 720 2268 773 οἰκεῖα
2290 718 2453 771 πάλιν
2481 718 2579 787 ἧδη
2606 716 2823 786 ἐχώρει,
2843 716 3012 769 εἵπου
3038 717 3178 769 τισὶν
3203 718 3305 772 ἀνὰ
3333 718 3430 789 τὴν
3450 719 3565 772 ὁδὸν
3593 722 3674 773 ἐν-

2091 811 2264 882 τύχοι,
2297 811 2436 864 αἰδοῖ
2461 810 2622 864 εἴκων
2646 810 2739 864 καὶ
2772 808 2943 880 αὐτῆς
2980 808 3352 879 ἐξιστάμενος.

393 989 536 1043 viam
592 986 788 1041 obvios
822 985 1082 1051 habebat,
1143 1001 1269 1041 cum
1322 987 1698 1041 venerationis
1727 989 1885 1058 signo
1915 988 1982 1042 de
2023 986 2116 1042 illa
2152 985 2443 1041 decedere.

462 1083 550 1136 74.
585 1081 797 1137 Interea
834 1080 1102 1150 pestilens
1139 1078 1250 1151 (l6)
1286 1081 1512 1135 morbus
1538 1081 1793 1137 homines
1821 1081 1975 1137 inva-

391 1182 558 1233 serat,
584 1172 677 1242 qui
716 1171 902 1234 urbes,
928 1187 1109 1241 agros,
1145 1187 1312 1242 pagos
1342 1171 1619 1235 inliciens,
1652 1182 1975 1242 praesentem

392 1263 500 1319 illis
518 1252 787 1317 ali'erebat
806 1262 1131 1333 perniciem,
1155 1273 1439 1330 artemque
1458 1278 1676 1317 omnem
1697 1263 1974 1319 eludebat.

388 1356 657 1428 Cognovit
685 1355 779 1409 Dei
813 1354 1072 1419 famulus,
1102 1355 1248 1425 quod
1278 1355 1548 1409 Dominus
1580 1356 1847 1410 adversus
1876 1372 1976 1426 po-

389 1448 581 1519 pulum
607 1463 768 1502 suum
798 1446 876 1501 ira
902 1462 1204 1502 succensus
1230 1454 1377 1501 esset
1406 1464 1419 1500 :
1446 1454 1736 1517 lar-tusque
1761 1448 1980 1503 misera-

386 1540 539 1593 tione
556 1554 769 1603 eorum,
797 1538 1108 1608 exetnplum
1144 1537 1380 1591 l‘binecs
1410 1537 1526 1608 (l7)
1548 1537 1749 1591 imitari
1774 1538 1981 1592 cunsti-

390 1631 529 1698 tuit;
574 1646 640 1686 ac
672 1630 946 1701 supplices
977 1645 1071 1685 seu
1113 1630 1296 1700 potius
1327 1629 1740 1699 proprtiatorias
1782 1646 1980 1685 manus

385 1724 452 1781 ad
490 1724 660 1779 Deum
699 1723 950 1787 tetendit,
976 1722 1320 1777 donceluctn
1354 1730 1694 1792 grassantem
1729 1722 1972 1783 sisteret,
2003 1711 2051 1770 B

383 1824 441 1870 et
465 1813 721 1885 progredi
755 1814 988 1868 ulterius
1012 1812 1356 1883 prohiberet.
1376 1811 1492 1881 Qua
1526 1812 1580 1865 in
1614 1828 1674 1867 re
1695 1827 1804 1867 non
1838 1813 1972 1867 illud

386 1912 598 1959 tantum
651 1902 1017 1958 admiratione
1056 1901 1329 1973 dignum,
1365 1902 1512 1971 quod
1565 1902 1780 1956 obicem
1831 1904 1975 1959 malo

382 1995 664 2068 posuerit;
697 1993 790 2049 sed
830 1992 962 2047 illud
1010 2007 1229 2062 quoque
1260 1992 1346 2045 vel
1394 1992 1651 2057 maxime,
1687 1992 1837 2063 quod
1894 1992 1973 2047 illi

382 2087 548 2142 etiam
611 2086 738 2140 data
798 2085 872 2141 sit
926 2083 1106 2156 gratia
1162 2084 1397 2139 curandi
1438 2093 1742 2139 contactos.
1820 2085 1971 2139 Multi

383 2186 588 2255 quippe
633 2200 705 2241 ex
741 2183 835 2239 illo
879 2192 1128 2253 tempore
1159 2182 1429 2252 ejusmodi
1476 2181 1671 2236 morbo
1704 2181 1969 2252 correpti,

385 2280 641 2333 invocato
655 2276 829 2332 sancti
855 2275 1141 2348 Symeonis
1173 2275 1412 2339 nomine,
1433 2274 1767 2329 videbantur
1792 2274 1971 2344 ipsum

383 2367 534 2422 domi
568 2382 680 2422 suae
702 2366 930 2429 intueri,
950 2365 1101 2419 velut
1119 2363 1441 2418 alierentem
1477 2365 1588 2433 (res
1608 2362 1801 2431 mira!)
1824 2379 1970 2417 mor-

381 2459 532 2513 bidis
575 2457 844 2512 medelam
880 2471 951 2509 ac
993 2455 1305 2510 sanitatem.
1347 2454 1412 2511 Et
1445 2467 1578 2508 vero
1608 2453 1750 2509 visio
1791 2454 1971 2524 reipsa

380 2551 688 2615 constabat,
720 2564 783 2604 ac
805 2548 1006 2603 veritas
1023 2545 1569 2617 reprwscntationem
1594 2546 1795 2601 mentis
1819 2561 1969 2600 com-

379 2644 685 2717 probabat,
734 2642 886 2697 omni
919 2640 1261 2695 infirmitatis
1290 2639 1553 2711 languore
1582 2655 1609 2692 a
1644 2638 1971 2708 corporibus

380 2737 632 2808 depulso.
668 2735 819 2788 Multi
854 2749 1075 2809 quoque
1107 2731 1232 2786 aliis
1262 2738 1428 2805 atque
1460 2730 1585 2785 aliis
1616 2730 1965 2801 mgritudini-

379 2830 483 2884 bus
537 2828 934 2897 doloribusque
987 2825 1205 2897 pressi,
1240 2822 1477 2880 'lucerna
1540 2823 1689 2878 domi
1735 2839 1966 2879 accensa

377 2920 673 2989 eblatoque
734 2918 1133 2990 thymiamate,
1198 2915 1295 2970 Dei
1360 2930 1459 2985 per
1515 2911 1964 2969 intercessionem

378 3012 563 3067 famuli
584 3011 703 3082 ejus
722 3025 882 3080 opem
906 3008 1229 3079 poscebant,
1257 3018 1314 3062 et
1338 3006 1626 3061 doloribus
1645 3004 1966 3060 eximeban-
1992 3061 2011 3082 Δ

377 3114 487 3159 tur.
526 3102 810 3172 Quotquot
836 3117 967 3155 vero
995 3100 1101 3155 olei
1139 3098 1467 3154 laborabant
1496 3096 1751 3168 penuria,
1779 3094 1963 3149 tantil-

373 3197 489 3251 lum
515 3194 646 3266 quid
672 3194 777 3250 sibi
802 3201 1210 3268 comparantes,
1238 3189 1617 3254 accendebant
1650 3188 1958 3258 lampadem

294 3312 299 3319 ί
376 3291 431 3345 in
462 3289 639 3346 sancti
671 3287 919 3352 nomine,
952 3293 1008 3341 et
1041 3283 1625 3353 triduoconsequenti
1673 3290 1769 3335 aut
1792 3279 1961 3336 etiam

373 3383 671 3459 quatriduo
703 3385 1033 3453 plerumque
1063 3380 1250 3452 (quam
1289 3376 1639 3433 admirabilis
1671 3376 1727 3430 in
1756 3373 1962 3430 sanctis

373 3474 490 3530 suis
517 3475 717 3541 Deusl)
744 3472 938 3529 lumen
983 3486 1093 3524 non
1124 3467 1584 3539 exstinguebatur
1610 3466 1808 3538 :.quod
1854 3465 1961 3519 mi-

375 3566 689 3622 raculosum
732 3552 1061 3621 beneﬁcium
1083 3560 1368 3631 ii,quibus
1404 3559 1704 3630 obtigerat,
1735 3556 1802 3612 ad
1827 3572 1955 3613 san-

373 3668 521 3713 etum
556 3676 678 3715 mox
711 3659 1002 3721 abeuntes,
1034 3653 1464 3709 annuntiabant.

2155 1080 2245 1135 (ιδ’.
2282 1082 2372 1134 Ἐν
2404 1082 2580 1150 τούτῳ
2629 1079 2686 1132 δὲ
2719 1079 2976 1148 λοιμικῆς
3009 1064 3166 1131 νόσου
3214 1082 3326 1143 τοῖς
3369 1080 3675 1153 ἀνθρώπως

2082 1173 2490 1244 ἐπισκηψάσης,
2527 1171 2709 1235 πόλεις
2741 1189 2800 1224 τε
2842 1172 2937 1225 καὶ
2961 1173 3164 1243 ἀγροὺς
3187 1173 3283 1225 καὶ
3307 1173 3500 1245 κώμας
3528 1176 3678 1244 φθει-

2084 1265 2285 1336 ρούσης
2313 1264 2555 1335 ἀτεχνῶς
2581 1264 2676 1317 καὶ
2709 1265 3134 1335 λυμαινομένης,
3169 1266 3331 1332 γνοὺς
3353 1265 3383 1317 ό
3416 1265 3509 1319 τοῦ
3540 1255 3672 1322 Θεοῦ

2083 1359 2338 1427 θεράπων
2368 1359 2449 1411 ὃτι
2480 1357 2731 1428 ὠργίσθη
2759 1357 2917 1428 θυμῷ
2941 1357 3146 1428 Κύριος
3174 1359 3266 1411 ἐπὶ
3299 1357 3392 1411 τὸν
3416 1358 3549 1413 λαὸν
3576 1361 3675 1413 αύ-

2082 1452 2198 1516 τιιῦ,
2224 1452 2295 1505 τά
2318 1469 2377 1504 τε
2411 1453 2697 1522 σπλάγχνα
2721 1450 2910 1505 παθὼν
2950 1454 3037 1505 ἐπ’
3068 1454 3273 1520 αὐτοῖς,
3303 1456 3555 1524 μιμεῖται
3583 1456 3675 1526 τὸν

2081 1546 2264 1609 Φινεὲς
2297 1545 2390 1598 καὶ
2423 1546 2608 1609 αὐτὸς,
2635 1545 2729 1598 καὶ
2752 1547 2941 1615 χεῖρας
2975 1545 3306 1616 ίκετηρίους,
3339 1548 3389 1599 εἰ
3418 1545 3675 1616 βούλειδὲ

2085 1635 2457 1708 ίλαστηρίους,
2491 1636 2737 1698 ἐκτείνας
2756 1635 2896 1705 Θεῷ,
2921 1636 3082 1706 μέχρι
3108 1634 3301 1690 τούτου
3324 1637 3403 1690 τὰ
3423 1635 3522 1706 τῆς
3539 1637 3674 1707 πλη-

2078 1729 2184 1800 γῆς
2210 1729 2413 1799 ίστησι,
2443 1728 2639 1799 μηκέτι
2670 1728 2983 1799 περαιτέρω
3008 1727 3468 1799 ταύτηννόδεῦσαι
3500 1747 3674 1800 παρα-

2077 1822 2371 1893 χωρήσας.-
2392 1819 2506 1875 Καὶ
2547 1821 2610 1874 ού
2640 1819 2797 1873 τοῦτο
2831 1820 2992 1890 μόνον
3036 1820 3313 1891 Θαυμάσαι
3346 1820 3522 1886 ἄξιον,
3555 1821 3672 1875 ἀλλ’

2077 1914 2158 1966 ὅτι
2193 1914 2287 1966 καὶ
2322 1913 2391 1965 τὰ
2422 1912 2520 1982 τῆς
2553 1912 2748 1974 ἰάσεως
2788 1910 2939 1982 αὑτῴ
2973 1910 3186 1964 δέδοτοο
3232 1911 3422 1966 πολλοὶ
3459 1914 3568 1984 γὰρ
3611 1913 3669 1981 ἐξ

2077 2006 2286 2057 ἐκείνου
2313 2002 2419 2056 τῶν
2450 2002 2556 2057 ὑπὸ
2583 2001 2685 2072 τῆς
2705 2000 2965 2072 τοιαύτης
2994 2002 3151 2055 νόσου
3181 2002 3664 2073 κατειλημμένων,

2074 2095 2136 2149 τὸ
2163 2094 2258 2147 τοῦ
2297 2094 2442 2147 θείου
2490 2091 2715 2163 Συμεὼν
2746 2092 3170 2164 ἐπικαλούμενοι
3202 2092 3405 2163 ὄνομα,
3444 2095 3665 2148 ἐδόκουν

2072 2184 2211 2244 οἴκοι
2251 2184 2439 2240 τοῦτον
2492 2187 2626 2257 όρᾷν
2651 2184 2732 2257 (ὣ
2758 2186 2851 2238 τοῦ
2880 2175 3230 2256 θαύματοςί)
3261 2188 3667 2257 ἐπισκεπτόμεο

2074 2297 2165 2334 νον
2195 2280 2386 2350 ὥσπερ
2416 2279 2510 2333 καὶ⁸
2539 2280 2637 2349 τὴν
2659 2278 2811 2332 νόσον
2840 2278 3023 2341 αὐτοῖς
3063 2278 3446 2348 θεραπεύοντα
3470 2297 3484 2310 ·
3510 2280 3605 2333 καὶ
3624 2282 3664 2351 ἡ

2072 2373 2196 2443 ὄψις
2225 2372 2386 2444 ἔργον
2407 2366 2494 2443 ἦν,
2523 2374 2617 2424 καὶ
2647 2372 2747 2441 τὴν
2776 2369 3078 2438 φαντασίαν
3107 2368 3343 2439 ἀλήθεια
3377 2370 3661 2441 διεδέχετο,

2072 2465 2167 2517 καὶ
2198 2462 2297 2533 τὴν
2321 2464 2477 2518 νόσον
2516 2460 2680 2522 εὐθὺς
2719 2459 3059 2513 ἀπετίθεντο.
3105 2459 3302 2513 Πολλοὶ
3331 2459 3390 2513 δὲ
3431 2462 3529 2514 καὶ
3556 2458 3664 2513 τῶν

2071 2553 2280 2625 ἑτέροις
2313 2552 2512 2606 πάθεσι
2551 2552 2645 2605 καὶ
2682 2552 2859 2614 νόσοις
2895 2550 3262 2619 ὲταζομένων,
3291 2549 3522 2621 λυχνίαν
3543 2551 3665 2606 κατ’

2069 2644 2216 2699 οἶκον
2248 2646 2531 2707 ἆπτοντες,
2571 2642 2824 2714 θυμίαμά
2851 2659 2911 2695 τε
2932 2642 3368 2713 προσφέροντες,
3393 2642 3485 2697 διὰ
3515 2642 3667 2714 μεσί-

2068 2757 2162 2795 του
2212 2739 2301 2792 τὸν
2340 2735 2475 2792 Θεὸν
2514 2734 2608 2789 τοῦ
2644 2735 2848 2790 οἰκείου
2891 2734 3224 2806 θεράποντος
3269 2735 3666 2804 ἐπεκαλοῦντο,

2068 2833 2165 2886 καὶ
2194 2830 2290 2885 τοῦ
2324 2828 2624 2893 λυποῦντος
2685 2827 2919 2891 ἕκαστος
2952 2828 3372 2899 ἀπηλλάττετοι
3418 2828 3567 2894 ὅσοις
3609 2830 3667 2885 δὲ

2069 2925 2163 2983 τοῦ
2189 2925 2288 2997 μὲν
2301 2908 2645 2997 ἀρκοῦντοςή
2667 2921 2791 2991 χεὶρ
2821 2918 3004 2975 ελαίου
3038 2920 3256 2992 ἠπόρει,
3305 2920 3482 2993 βραχὺ
3517 2921 3573 2976 δέ
3613 2938 3667 2977 τι

2068 3014 2383 3086 πορίζοντες
2432 3014 2665 3077 ἑαυτοῖς,
2697 3009 2921 3083 λυχνίαν
2954 3010 3043 3064 ἐπ’
3077 3011 3315 3083 ὀνόματι
3338 3012 3434 3067 τοῦ
3482 3012 3664 3082 Ἀγίου

2067 3105 2259 3181 ἧπτον,
2300 3107 2378 3170 είς
2403 3106 2594 3177 τρίτην
2622 3105 2749 3175 ἑξῆς
2778 3104 3016 3176 ἡμέραν,
3041 3103 3075 3175 ἢ
3103 3105 3198 3159 καὶ
3227 3107 3508 3178 τετάρτην
3528 3107 3665 3182 αὐτῇ

2069 3201 2137 3257 τὰ
2170 3198 2336 3253 πολλὰ
2362 3198 2457 3268 (ὡς
2486 3196 2799 3267 θαυμαστὸς
2843 3198 2872 3248 ό
2922 3195 3057 3260 Θεὸς
3090 3199 3148 3250 ὲν
3168 3200 3290 3261 τοῖς
3323 3198 3531 3269 ’Δγίοις
3566 3200 3664 3264 αὐτ

2069 3291 2164 3345 τοῦ
2189 3288 2243 3359 ι)
2276 3288 2343 3371 τδ
2364 3286 2480 3357 φῶς
2515 3288 2615 3339 οὐκ
2646 3284 2953 3342 ἐσϐέννυτο·
2987 3285 3130 3357 ἆπερ
3149 3286 3199 3340 οί
3223 3287 3343 3343 τῶν
3369 3288 3667 3360 θαυμάτων

2070 3383 2434 3445 ἀπολαύοντες
2466 3379 2696 3446 τούτων,
2738 3381 2887 3451 παρᾶ
2926 3379 3019 3435 τὸν
3059 3381 3251 3451 ’Δτιον
3294 3381 3462 3450 εὐθὺς
3492 3382 3669 3438 ἀνιόν-

2067 3496 2156 3544 τες
2177 3474 2542 3548 ἀπήγγελλον.

1826 3765 2052 3823 CAPUT
2083 3762 2157 3817 Κ.

514 3908 519 3913 '
581 3894 956 3950 Pr'redictioues
985 3889 1403 3960 variw;inﬁrmi
1432 3888 1496 3943 ab
1521 3886 1723 3960 angelis
1751 3887 1822 3941 ad
1858 3895 2101 3939 sanctum
2127 3878 2436 3951 Symeoncm
2469 3875 2613 3932 missi
2637 3894 2655 3942 ;
2684 3876 3041 3932 misericordia
3061 3878 3117 3931 in
3147 3895 3438 3950 pauperes.

440 4010 528 4064 73.
565 4006 897 4063 Convocatis
927 4005 1227 4076 aliquando
1265 4004 1370 4060 sub
1397 4004 1628 4076 hymnos
1655 4000 1958 4061 matutinos

368 4100 632 4155 fratribus
650 4117 662 4154 :
679 4098 939 4163 Oremus,
964 4096 1167 4167 inquit,
1197 4095 1418 4161 fratres,
1441 4111 1543 4167 pro
1565 4092 1810 4149 Ecclesia
1826 4091 1953 4145 Dei:

367 4192 615 4263 pontifex
664 4190 869 4262 quippe
902 4189 1052 4245 illius
1076 4188 1439 4259 ‘Ephraemius
1475 4186 1592 4258 (18)
1633 4196 1956 4254 supremum

366 4285 510 4339 diem
546 4283 804 4339 obiturus
835 4292 920 4338 est
961 4300 974 4336 :
1018 4298 1147 4336 nam
1177 4283 1289 4338 vidi
1320 4297 1423 4353 ego
1455 4295 1544 4335 me
1577 4278 1694 4349 ipse
1748 4278 1804 4331 in
1847 4273 1959 4345 ψί-

364 4376 475 4430 ritu
523 4385 759 4431 stantem
805 4374 872 4429 ad
906 4384 1071 4444 caput
1102 4377 1254 4439 lecti,
1292 4389 1402 4445 quo
1433 4371 1770 4427 decumbere
1819 4382 2031 4462 con-_D

364 4466 578 4531 suevit;
601 4480 665 4519 ac
691 4464 803 4518 dixi
837 4481 850 4518 :
880 4463 972 4519 Vae
1004 4464 1126 4519 urbi
1165 4464 1277 4530 isti,
1311 4461 1572 4517 defuncto
1606 4459 1947 4528 prrsemio!

363 4557 477 4611 vzel
511 4558 619 4610 vari
650 4567 708 4611 et
736 4555 1025 4611 decessum
1067 4555 1219 4610 illius
1246 4551 1658 4624 quodammodo
1683 4552 1952 4605 lamenta-

363 4658 453 4703 tus
471 4647 570 4702 l'ui.
594 4645 800 4702 Deinde
820 4646 887 4702 ad
907 4662 994 4700 me
1016 4660 1296 4709 reversus,
1321 4644 1583 4698 inventus
1595 4643 1677 4698 fui
1707 4641 1946 4709 ﬂevisse,

362 4737 670 4793 manifestis
692 4738 1061 4808 lacrymarum
1082 4736 1253 4807 signis
1273 4734 1534 4790 adhuc'in
1559 4735 1715 4805 genis
1737 4734 1951 4788 hmren-

364 4831 527 4886 tibus.
562 4830 703 4885 Tum
739 4845 936 4883 rursus
964 4838 1124 4899 extra
1152 4842 1238 4881 me
1272 4824 1459 4894 rapior
1487 4842 1502 4884 :
1547 4835 1605 4881 et
1636 4839 1828 4879 rursus
1854 4823 1949 4878 'la-

361 4934 547 4978 menta
573 4923 765 4979 eadem
818 4922 1202 4993 lacrymaaque.
1229 4917 1441 4973 Deinde
1472 4918 1695 4973 tertium
1724 4932 1943 4988 quoque

362 5020 684 5066 recurreute
731 5010 926 5065 eadem
977 5009 1213 5072 visione,
1258 5008 1430 5063 talem
1484 5008 1942 5079 aliquam‘audivi

362 5104 759 5172 vacem:~Quis
791 5104 946 5162 novit
980 5116 1150 5171 quare
1185 5100 1282 5172 qui
1304 5110 1572 5156 venturus
1624 5114 1711 5156 est
1766 5100 1947 5156 absit?

366 5195 437 5250 Ita
467 5195 703 5267 Symeon
735 5194 802 5249 ad
838 5194 1039 5248 fratres
1077 5211 1089 5245 :
1132 5193 1225 5263 qui
1252 5209 1351 5265 per
1379 5193 1533 5248 illum
1566 5194 1807 5264 tempus
1856 5193 1946 5248 in—

369 5287 694 5342 tellexerant
720 5286 788 5341 de
822 5284 937 5354 Eph
948 5285 1134 5338 τετηίο
1161 5284 1306 5356 quod
1328 5292 1475 5338 recte
1490 5285 1717 5339 valeret.
1740 5282 1948 5347 Deinde

424 5422 554 5493 με)
604 5419 776 5493 Hujus
826 5427 1181 5493 symptomata
1241 5427 1291 5473 et
1336 5419 1766 5493 circumstantias
1838 5416 1946 5493 late

365 5488 611 5548 describit
649 5488 933 5555 Proco;:ius
961 5491 1054 5543 lib.
1092 5505 1151 5554 ιι,
1185 5506 1302 5555 cap.
1328 5488 1418 5553 22,
1451 5490 1514 5542 dc
1534 5488 1669 5541 bello
1709 5488 1942 5546 Persico.

364 5573 413 5617 et
456 5562 717 5631 Euagrius
767 5558 857 5613 lib.
912 5576 985 5631 tv,
1034 5577 1151 5629 cap.
1200 5561 1291 5616 ‘29.
1343 5560 1620 5630 Accepisse
1651 5559 1859 5613 videtur
1882 5573 1944 5611 ea:

366 5630 677 5702 Theophane
715 5646 855 5685 mtuo
887 5630 1010 5686 542.
1312 5690 1315 5693 _

436 5698 549 5773 (I7)
581 5700 644 5755 In
696 5718 754 5755 eo
807 5702 1025 5766 scilicet,
1082 5702 1222 5773 quod
1284 5703 1427 5773 iram
1469 5698 1564 5753 Dei
1611 5700 1943 5773 averterita

357 5768 551 5844 populi:
571 5789 589 5835 ;
622 5788 725 5826 non
760 5782 932 5828 autem
960 5776 1014 5828 in
1050 5768 1241 5826 uiodo:
1280 5770 1502 5826 Phinees
1545 5771 1684 5823 enim
1734 5768 1939 5841 gladio,

2132 4001 2224 4048 oe'.
2283 3994 2420 4046 Ποτὲ
2475 3994 2602 4061 γοῦν
2651 3994 2777 4064 περὶ
2817 3994 2942 4057 τοὺς
2993 3992 3250 4058 ἑωθινοὺς
3292 3996 3503 4066 ὕμνους
3535 3998 3665 4063 τοὺς

2061 4084 2323 4153 ἀδελφοὺς
2353 4086 2717 4152 συγκαλέσας·
2766 4076 3227 4154 Προσευξὼμεοα,
3273 4089 3465 4158 φησιν,
3505 4089 3660 4143 ἀδελ-

2062 4178 2174 4245 φοί,
2221 4178 2349 4248 περὶ
2391 4177 2486 4247 τῆς
2537 4175 2804 4247 τοῦθεοῦ
2851 4175 3213 4248 Ἐκκλησίαςο
3251 4179 3444 4249 μέλλει
3485 4181 3597 4253 γὰρ
3635 4184 3665 4234 ό

2059 4267 2263 4339 ταύτης
2307 4269 2598 4340 ἀρχιερεὺς
2668 4268 2991 4338 Ἐφραίμιος
3070 4271 3370 4326 καταλύειν
3420 4275 3524 4346 ἤδη
3568 4277 3661 4328 τὸν

2066 4359 2195 4428 βίον.
2228 4358 2480 4429 'Etirpaxa
2511 4360 2620 4429 γὰρ
2656 4360 2892 4431 ἐμαυτὸν
2926 4361 2984 4413 ὲν
3004 4364 3071 4434 τῇ
3099 4361 3329 4433 δυνάμει
3356 4368 3451 4419 τοῦ
3480 4369 3661 4421 Πνεύ-

2066 4467 2233 4518 ματος
2261 4449 2470 4503 ἑστῶτα
2507 4450 2643 4519 πρὸς
2678 4450 2887 4522 κεφαλῇ
2910 4452 3010 4522 τῆς
3036 4452 3246 4525 κλίνης,
3278 4458 3368 4525 ἐφ’
3458 4459 3662 4511 καθεύ-

2052 4544 2168 4595 δειν
2213 4543 2418 4606 εἰώθει,
2448 4542 2562 4595 καῖ’
2587 4543 2727 4596 Οὐαὶ
2773 4545 2839 4615 τῇ
2872 4543 3037 4619 πόλει
3065 4547 3260 4619 ταύτῃ,
3280 4547 3540 4618 λέγοντα,
3564 4551 3659 4605 σοῦ

2054 4634 2440 4705 ἐκδημοῦντος.
2463 4634 2608 4694 οὐαὶ,
2639 4633 2733 4688 καλ,
2758 4635 2857 4706 τὴν
2886 4635 3053 4690 αὐτοῦ
3091 4641 3433 4707 μετάστασιν
3463 4642 3662 4714 ὥσπερ

2054 4728 2507 4814 ἀποκλαιόμενον.
2553 4728 2639 4781 Ἐν
2672 4728 2896 4799 ἐμαυτῷ
2924 4730 3104 4785 τοίνυν
3138 4734 3466 4803 γενόμενος,
3495 4736 3662 4808 εὑρέ-

2055 4819 2155 4890 θην
2183 4812 2607 4891 δεδακρυμένος,
2638 4820 2731 4872 ἐπὶ
2753 4821 2860 4874 τῶν
2910 4823 3154 4892 παρειῶν
3200 4842 3260 4877 τε
3310 4824 3504 4896 φέρων
3546 4827 3660 4882 τῶν
3702 4812 3705 4817 ’

2052 4909 2303 4980 δακρύων
2342 4910 2411 4963 τὰ
2457 4909 2601 4980 ἴχνη.
2638 4910 2880 4980 Δευτέρα
2914 4912 3205 4981 τοιγαροῦν
3248 4913 3525 4980 ἔκστασις
3567 4915 3658 4970 ἐπ’

2047 5001 2171 5072 ἐμὲ,
2205 5003 2299 5054 καὶ
2342 4991 2505 5054 πάλιν
2535 5004 2586 5054 οἱ
2627 5002 2781 5054 αὐτοὶ
2820 5001 3029 5071 θρῆνοι,
3064 5005 3158 5069 καὶ
3203 5004 3372 5060 πάλιν
3415 5008 3656 5079 δάκρυα.

2048 5089 2182 5148 Εἶτα
2205 5093 2300 5148 καὶ
2326 5093 2483 5165 τρίτη
2516 5092 2773 5165 περὶτῶν
2792 5093 2974 5148 αὐτῶν
3002 5094 3145 5164 ὄψις,
3173 5097 3268 5149 καί
3298 5115 3398 5169 μοι
3424 5101 3658 5170 τοιαύτη

2048 5209 2130 5253 τις
2162 5190 2428 5260 ἦκουσται
2459 5187 2611 5258 φωνή
2633 5204 2645 5217 °
2680 5185 2778 5249 Τίς
2805 5181 2947 5240 οἶδεν
2972 5188 3095 5242 ὅθεν
3134 5190 3163 5241 ὁ
3193 5191 3504 5261 ἐρχόμενος
3531 5192 3655 5263 air};

2050 5282 2240 5339 Ταῦτα
2263 5283 2291 5334 ὁ
2324 5280 2422 5351 μὲν
2451 5280 2663 5351 εἰρήκει
2699 5281 2813 5342 τοῖς
2842 5278 3091 5350 ἀδελφοῖς
3116 5299 3130 5312 ο
3164 5284 3213 5335 οξ
3243 5281 3305 5335 δὲ
3336 5284 3655 5355 τηνικαῦτα

2046 5424 2102 5467 ut
2129 5416 2332 5486 άξεὶειιπ
2356 5415 2575 5471 Numer.
2611 5414 2705 5481 25,
2736 5411 2965 5485 Symeon
3024 5429 3146 5471 vero
3210 5420 3467 5486 precibus
3522 5438 3652 5476 usus

2044 5486 2279 5555 placavit
2308 5485 2495 5540 Deum.

2119 5559 2230 5627 (18)
2253 5556 2383 5613 Cum
2418 5558 2688 5627 Ephrwmi
2723 5553 2993 5627 ordinatio
3019 5557 3165 5627 facta
3208 5558 3283 5612 sit
3309 5562 3512 5614 saltem
3550 5577 3653 5615 an-

2044 5624 2363 5700 991527;“
2388 5630 2431 5682 is
2453 5624 2653 5700 passim
2681 5631 2894 5681 dicatur
2932 5624 2996 5679 18
3020 5624 3177 5685 annis
3222 5631 3455 5697 sedi::se,
3503 5646 3649 5690 anno
3694 5692 3695 5697 η

2043 5696 2147 5754 545
2180 5694 2365 5753 obia‘sse
2401 5694 2517 5753 etim
2550 5708 2776 5770 oportet.
