4018 6384
340 397 479 463 3057

1353 405 1525 465 Vl'l'A
1569 416 1613 463 Α
1652 401 2089 462 NlCEPllORO
2127 401 2589 464 CONSCRIPTA

3458 404 3597 468 30338

344 517 440 590 μὲν
467 515 731 571 ἐπύθοντο
761 516 889 587 περὶ
935 517 1263 590 Ἐφραιμίου
1294 519 1368 583 ὼς
1404 520 1660 587 ὕγιαίνοι.
1681 521 1834 575 Μετά
1863 520 1919 573 δὲ

2031 516 2382 575 illucescente
2422 519 2531 589 jam
2580 518 2812 600 \lfencris
2853 517 2964 584 die,
3022 520 3347 573 convocavit
3413 521 3597 577 denuo

336 608 510 662 ταῦτα
543 608 775 668 καλέσας
790 609 957 675 ⁴αὖθις
998 613 1026 663 ὀ
1052 610 1145 664 τοῦ
1189 610 1325 664 Θεοῦ
1354 610 1535 674 δοῦλος
1571 612 1768 675 αὐτούς
1792 628 1806 642 ’
1840 612 1923 666 δι-

340 702 653 770 αυγάζουσα
707 704 764 758 δὲ
814 700 883 777 ἦν
948 704 1048 774 ἥδη
1119 704 1467 777 Παρασκευῆ
1527 701 1588 757 Ὀ
1633 704 1921 774 ἀρχιερεὺς

338 793 431 846 τοῦ
478 794 614 847 Θεοῦ
639 796 780 850 κατὰ
812 798 909 866 τήν
948 795 1142 863 νύκτα,
1164 798 1317 866 φησὶ,
1361 798 1498 866 πρὸς
1531 795 1695 850 αὑτὸν
1725 797 1924 866 ἐξεδή-

342 902 484 956 μησε
515 900 529 914 ·
561 886 828 954 τεθέαμαι
877 887 985 956 γὰρ
1022 887 1189 941 αὐτοῦ
1231 888 1329 958 τὴν
1370 887 1548 957 ψυχὴν
1588 888 1691 940 ὑπὸ
1728 888 1923 958 πλήθει

338 967 833 1046 λευχειμονούντων
862 981 988 1048 τῇδε
1015 978 1459 1051 παραϐαλοῦσανο
1499 980 1531 1043 ἡ
1553 980 1611 1032 δὲ
1642 979 1924 1049 ἠσπάσατὸ

342 1085 431 1138 με,
455 1068 553 1120 καὶ
583 1069 807 1140 μνήμην
832 1070 1004 1136 αὐτῆς
1029 1072 1296 1125 ποιεῖσθαι
1329 1071 1465 1142 πρὸς
1492 1071 1624 1123 Θεὸν
1657 1071 1926 1125 ἐνετείλα-

339 1175 420 1221 το,
445 1158 529 1212 ἔτι
555 1159 647 1212 καὶ
673 1160 908 1228 σχέσεως
940 1161 1108 1214 αὐτοῦ
1131 1164 1267 1233 πρὸς
1299 1179 1357 1214 τε
1387 1161 1549 1215 αὑτὸν
1572 1163 1670 1232 ἐμὲ
1698 1162 1794 1215 καὶ
1826 1163 1926 1231 τὴν

246 1314 257 1323 I
343 1250 561 1319 μητέρα
583 1251 680 1321 τὴν
706 1252 847 1321 ὲμὴν
872 1254 1255 1323 ἀναμνήσασα.
1281 1250 1465 1305 Ταῦτα
1493 1252 1521 1303 ὁ
1554 1254 1651 1321 μὲν
1681 1253 1808 1324 περὶ
1829 1252 1924 1305 τιῦ

343 1340 659 1412 ἀρχιερέως
717 1346 829 1405 τοῖς
857 1343 1106 1411 ἀδελφοῖς
1136 1346 1495 1414 προειρήκει·
1529 1345 1577 1395 οἱ
1605 1343 1661 1396 δὲ
1683 1344 1772 1397 τὸν
1801 1360 1926 1398 και-

282 1426 295 1438 ’
341 1429 435 1498 ρὸν
486 1432 983 1504 ἐπισημηνάμενοι,
1020 1428 1178 1504 εὗρον
1215 1434 1311 1503 τῆς
1349 1433 1539 1498 νυκτὸς
1580 1432 1795 1503 ἐκείνης
1836 1434 1926 1487 τὸν

343 1519 488 1574 θεῖον
537 1523 861 1594 Ἐφραίμιον
892 1525 1080 1594 ἐκδεδη
1089 1544 1165 1596 μη
1174 1526 1321 1579 κότα.

409 1621 517 1677 ος·’.
553 1614 766 1668 Πολλῶν
804 1619 882 1683 δὲ,
917 1616 1003 1671 οἷα
1036 1618 1203 1684 εἰκὸς,
1256 1618 1354 1687 τῆς
1388 1616 1657 1686 καθέδρας
1707 1614 1929 1685 ἐφιεμέ-

342 1720 470 1767 νων,
491 1704 589 1757 καὶ
609 1706 815 1776 ταύτην
840 1708 1051 1771 ἑαυτοῖς
1074 1706 1511 1771 σπουδαζόντων,
1540 1708 1738 1780 συνέϐη
1759 1708 1949 1779 Δομνῖ-

345 1796 433 1847 νόν
484 1814 631 1862 τινα,
663 1798 765 1867 τῆς
821 1799 1053 1870 Θρᾳκῶν
1079 1798 1435 1870 ὡρμημένον,
1458 1798 1729 1868 πτωχείου
1783 1795 1925 1850 κατὰ

343 1888 583 1957 Λυχνίδα
636 1889 792 1945 πόλιν
845 1893 1201 1962 προεστῶτα,
1242 1897 1310 1966 τῇ
1362 1893 1594 1965 βασιλίδι
1625 1891 1928 1964 τηνικαῦτα

344 1982 486 2033 κατά
520 1998 644 2035 τινα
672 1983 860 2053 χρείαν
878 1986 1217 2056 ἐπιδημῆσαι
1254 2002 1269 2017 '
1307 1986 1366 2050 ὃς
1399 1987 1548 2058 νόμῳ
1582 1986 1767 2053 φιλίας
1808 1986 1928 2039 τισὶ

342 2069 450 2123 τῶν
485 2075 547 2125 ὲν
586 2075 697 2138 τοῖς
730 2073 1021 2143 βασιλείοις
1054 2076 1423 2147 ᾠκειωμένος,
1448 2076 1526 2147 τῷ
1555 2076 1767 2146 βασιλεῖ
1796 2076 1928 2147 παρ’

345 2163 527 2215 αὐτῶν
559 2164 967 2234 (Ίουστινιανὺς
995 2168 1052 2221 δὲ
1098 2165 1167 2237 ἦν
1206 2163 1383 2238 οὗτος)
1415 2171 1724 2237 εἰσάγεται.
1779 2168 1837 2222 '0
1860 2168 1918 2222 δὲ

347 2254 649 2323 κανονικῆς
679 2254 990 2326 ἀκριϐείας,
1020 2256 1396 2310 ἀποστολικῶν
1422 2273 1482 2309 τε
1533 2255 1927 2326 παραγγελμά-

344 2327 455 2395 τωιὶ
478 2344 642 2413 ὀλίγα
682 2347 995 2417 φροντίσας,
1024 2350 1091 2418 τῇ
1123 2347 1318 2419 πρώτῃ
1346 2346 1440 2400 τοῦ
1480 2347 1672 2417 ἀνδρὸς
1707 2347 1805 2418 θέᾳ
1834 2349 1929 2401 καὶ

345 2432 442 2498 τὴν
471 2432 1195 2503 ιξρῗ,φονσυνὰπτει”ἰδοὺότῆς
1233 2435 1508 2506 Ἀντιόχου
1561 2436 1924 2507 πατριάρχης,

347 2520 519 2573 εἰπών
555 2538 568 2552 ·
606 2525 701 2574 καὶ
747 2521 837 2574 τὸν
872 2522 1059 2592 θρόνον
1091 2523 1292 2589 εὐθέως
1321 2527 1620 2597 ὁΔομνῖνος
1643 2527 1922 2597 καταλαμο

347 2611 523 2666 δάνει.
560 2612 783 2684 Παριὼν
810 2614 869 2668 δὲ
922 2615 1029 2669 διὰ¹
1065 2616 1174 2669 τῶν
1207 2617 1549 2689 προαστείων
1575 2618 1678 2688 τῆς
1717 2618 1925 2675 Ἀντιό-

347 2720 461 2772 χου,
486 2707 588 2757 καὶ
626 2707 756 2768 τοὺς
792 2706 852 2759 ἐν
897 2706 977 2776 τῷ
1015 2708 1131 2779 ναῷ
1177 2707 1272 2761 τοῦ
1308 2708 1519 2761 δικαίου
1556 2707 1699 2774 Ἰὼϐ,
1730 2708 1791 2773 ὃς
1822 2708 1927 2779 πρὸ

345 2795 441 2864 τῆς
474 2793 690 2857 πόλεως
730 2794 934 2865 ἵδρυτο,
967 2796 1383 2867 λελωὸημένους
1415 2797 1559 2864 ίδὼν,
1590 2798 1684 2852 καὶ
1737 2798 1926 2863 δεινῶς

349 2884 551 2949 αὐτοὺς
579 2886 993 2957 βδελυξάμενος,
1020 2887 1131 2941 δεῖν
1165 2888 1306 2957 ἔγνω
1338 2888 1563 2953 τούτους
1594 2890 1802 2945 ἐκεῖθεν
1832 2891 1927 2944 ἀλ·

350 2970 515 3041 λαχοῦ
574 2974 934 3045 μεταστῆσαι,
969 2975 1059 3027 ἵνα
1092 2975 1166 3046 μὴ
1195 2977 1300 3047 πρὸ
1339 2977 1432 3031 τοῦ
1466 2979 1565 3049 τῆς
1595 2978 1801 3044 πόλεως
1833 2980 1928 3033 κό-

352 3080 489 3132 σμου
529 3065 695 3134 φησὶν
760 3067 892 3132 ἄγος
940 3063 1071 3121 εἷεν.
1099 3069 1278 3139 Ὅπερ
1307 3071 1507 3135 αὐτοὺς
1547 3071 1925 3142 αἰσθομένους,

2027 612 2245 675 fratres,
2278 610 2560 681 dixitque:
2587 610 2839 664 Pontifex
2861 610 2955 664 Dei
2988 609 3089 664 hac
3114 621 3276 668 nocte
3299 628 3330 666 e
3364 604 3472 667 vita
3496 615 3601 668 mi-

2026 704 2243 774 gravit:
2286 703 2399 756 vidi
2430 718 2667 772 namque
2698 702 2940 756 animam
2964 688 3137 767 illius,
3200 703 3360 759 turba
3407 720 3601 774 magna
3674 698 3682 709 ’

2027 795 2278 850 candidis
2345 796 2545 850 vestita
2590 796 2926 861 comitante,
2972 796 3076 851 hac
3141 795 3599 861 transvolantcm,

2025 886 2469 956 salutantemque
2500 902 2606 950 me,
2663 896 2718 940 et
2749 885 3071 942 memoriam
3117 886 3202 942 sui
3236 887 3382 957 apud
3431 888 3600 942 Deum

2026 984 2089 1030 ut
2136 978 2395 1042 facerem,
2441 977 2850 1047 prmcipientem
2893 996 2907 1032 :
2957 987 3597 1049 commemorantemque

2026 1067 2267 1138 qualiter
2291 1083 2421 1139 erga
2443 1084 2532 1123 me
2572 1084 2638 1124 ac
2663 1078 2895 1123 matrem
2935 1084 3113 1124 meam
3136 1070 3306 1128 fuerit
3346 1070 3599 1126 affectus.

2029 1158 2194 1215 Hisce
2229 1158 2297 1213 de
2330 1157 2590 1229 pontifice
2615 1158 2881 1214 fratribus
2914 1175 2944 1214 a
2979 1159 3247 1232 Symeunc
3296 1161 3601 1232 praedictis,

2030 1258 2297 1307 notarunt
2348 1251 2426 1305 illi
2473 1259 2712 1321 tempus,
2770 1262 3269 1323 compereruntque
3322 1254 3427 1309 hac
3485 1255 3604 1325 ipsa

2026 1353 2192 1399 nocte
2225 1354 2475 1399 sanctum
2507 1343 2878 1414 Ephratmium
2919 1343 3242 1400 decessisse.

2098 1600 2186 1654 76.
2230 1599 2519 1663 Pluribus,
2553 1610 2613 1654 ut
2642 1598 2723 1663 fit,
2764 1599 3081 1655 cathedram
3121 1599 3270 1653 illam
3300 1602 3606 1670 appetenti-

2029 1672 2154 1747 bus,
2183 1685 2399 1755 sibique
2433 1700 2753 1755 comparare
2772 1685 3169 1755 satagentibus,
3194 1684 3400 1739 factum
3426 1696 3511 1742 est
3546 1696 3608 1742 ut

2027 1776 2115 1831 vir
2172 1776 2417 1847 quidam,
2454 1775 2763 1834 Domninus
2793 1777 2903 1849 (l9)
2942 1779 3188 1843 nomine,
3238 1795 3307 1834 ex
3369 1781 3604 1837 Thracia

2030 1866 2317 1934 oriundus,
2350 1866 2645 1937 praefectus
2676 1868 2889 1923 cuidam
2944 1870 3101 1940 juxta
3155 1870 3438 1942 Lychnida
3489 1872 3604 1943 (20)

2030 1957 2307 2013 civitatem
2332 1956 2784 2028 ptochotrophio,
2807 1961 3153 2029 negotiorum
3183 1977 3345 2018 causa
3365 1963 3606 2033 impera-

2032 2047 2225 2102 tricem
2257 2063 2357 2118 per
2405 2047 2542 2103 illud
2573 2058 2791 2120 tempus
2814 2051 3138 2106 conveniret
3180 2068 3194 2106 :
3229 2052 3324 2120 qui
3349 2052 3610 2108 amicitia:

2025 2137 2151 2208 jure
2185 2138 2518 2208 quibusdam
2553 2139 2748 2221 aulicis
2781 2138 3107 2194 familiarior
3141 2139 3342 2207 factus,
3381 2141 3450 2197 ab
3499 2140 3609 2198 illis

2031 2230 2101 2285 ad
2145 2231 2536 2301 imperatorem
2583 2232 2724 2303 (erat
2773 2232 2820 2287 is
2875 2232 3247 2290 Justinianusi
3287 2232 3610 2289 adducitur.

2030 2308 2353 2392 Imperator,
2388 2331 2449 2378 ut
2475 2332 2595 2377 erat
2627 2323 2897 2393 regularis
2928 2323 3234 2394 disciplinae
3274 2334 3441 2395 atque
3478 2342 3613 2397 apo-

2029 2412 2346 2467 stolicarum
2373 2411 2832 2468 constitutionum
2863 2429 3057 2482 parum
3092 2414 3397 2482 studiosus,
3432 2418 3614 2487 primo

2032 2519 2157 2559 mox
2182 2520 2475 2575 congressu
2502 2505 2683 2559 virum
2737 2502 3000 2575 suffragio
3045 2521 3147 2560 suo
3188 2506 3392 2578 eligit:
3433 2508 3600 2573 Ecce,

2030 2596 2309 2665 inquiens,
2347 2595 2436 2650 hic
2478 2604 2565 2650 est
2601 2595 2911 2652 Antiochia:
2945 2597 3280 2668 patriarcha.
3313 2596 3616 2654 EtDomni-

2030 2703 2139 2743 nus
2170 2689 2358 2742 statim
2383 2686 2452 2741 ad
2480 2688 2675 2743 sedem
2709 2688 2861 2743 illam
2909 2705 2969 2745 se
3017 2676 3256 2745 confert.
3312 2691 3617 2747 Trausieus

2030 2780 2215 2850 itaque
2276 2796 2375 2851 per
2419 2781 2686 2836 suburbia
2740 2782 3131 2849 Antiochena,
3192 2783 3495 2855 vidensque
3555 2785 3613 2840 in

2032 2872 2240 2942 templo
2269 2873 2405 2943 justi
2436 2873 2560 2939 Job,
2594 2875 2745 2944 quod
2786 2874 2909 2929 urbi
2944 2874 3188 2930 vicinum
3233 2885 3340 2940 est,
3390 2875 3613 2931 saucios

2033 2964 2374 3035 mutilosque
2408 2966 2664 3021 homines
2689 3007 2706 3032 ,
2750 2983 2892 3038 quos
2926 2968 3288 3023 vehementer
3349 2983 3612 3023 exsecra-

2030 3058 2220 3124 batur,
2237 3059 2365 3114 inde
2379 3059 2597 3114 censuit
2618 3059 2728 3114 alio
2750 3059 3193 3115 transferendos:
3210 3059 3617 3143 Ne,'inquietts,

354 3156 444 3209 καὶ
478 3156 620 3227 πρὸς
702 3156 795 3211 τὸν
821 3158 1035 3227 ’Δγιον,
1066 3160 1142 3223 ὡς
1202 3160 1432 3224 ἕκαστος
1477 3156 1588 3232 εἶχε
1613 3163 1742 3215 δυνά
1757 3182 1921 3235 μεως,

2033 3169 2137 3224 pro
2168 3153 2321 3207 urbis
2341 3152 2576 3223 hujusce
2612 3153 3102 3218 oruatu,dedecus
3139 3153 3221 3209 illi
3274 3156 3407 3211 siut.
3454 3154 3612 3223 Quod

349 3245 690 3314 ἀνελθόντας,
724 3250 852 3311 τοὺς
903 3250 1002 3321 μὲν
1053 3251 1182 3305 ποσὶ.
1236 3252 1329 3305 καὶ
1371 3252 1667 3328 βακτηρίᾳ,
1724 3255 1849 3320 τοὺς
1877 3258 1933 3310 δὲ

354 3336 553 3407 φόρτον
605 3338 726 3395 ἐκεῖ
780 3339 1175 3409 κομισθέντας,
1212 3342 1313 3413 τὴν
1348 3342 1406 3396 δὲ
1456 3343 1550 3397 τοῦ
1612 3346 1671 3398 ὲν
1731 3345 1935 3415 Ἀγίοις

361 3426 689 3500 Ἐφραιμίου
741 3431 1106 3500 συμπάθειαν,
1145 3439 1241 3487 καὶ
1263 3436 1365 3487 ὅσα
1408 3435 1529 3506 μετ’
1555 3436 1745 3489 αὐτῶν
1781 3437 1932 3508 ἕδρα,

352 3519 467 3584 οἵας
520 3538 582 3573 τε
636 3521 731 3576 τοῦ
770 3521 865 3575 νῦν
893 3524 1195 3596 ἀρχιερέως
1242 3525 1343 3593 τῆς
1390 3527 1768 3598 ἁσπλαγχνίας
1833 3548 1933 3584 πε-

351 3611 662 3682 πείρανται,
695 3612 790 3666 καὶ
844 3613 993 3678 ὅπως
1045 3615 1167 3668 οὐδὲ
1210 3616 1317 3687 πρὸ
1375 3616 1477 3687 τῆς
1532 3618 1740 3683 πόλεως
1783 3619 1932 3692 αὐτῷ

351 3696 574 3773 τούτους
618 3706 752 3777 ὁρᾷν
802 3705 1052 3773 ἀνεκτὸν,
1104 3706 1325 3779 θρήνοις
1373 3706 1491 3778 ἅμα
1524 3710 1618 3764 καὶ
1674 3710 1933 3783 ὀδυρμοῖς

351 3795 705 3866 ἀπαγγεῖλαι.
741 3797 845 3851 Τὸν
883 3798 941 3852 δὲ
1000 3798 1168 3853 πολὺν
1218 3798 1399 3853 αὐτῶν
1449 3797 1629 3854 οἶκτον
1675 3801 1930 3857 λαϐόντα·

352 3887 667 3955 Παύσασθε,
694 3890 937 3959 ἀδελφοὶ,
955 3891 1121 3960 φάναι
1143 3892 1348 3957 ὀὐδεὶς
1366 3893 1511 3964 ὑμᾶς
1534 3894 1743 3948 ἐκεῖθεν
1766 3913 1935 3967 μετα-

353 3985 548 4056 στῆσαι
596 3985 913 4057 δυνήσεται.
987 3986 1203 4060 Ἀλλ’-ἡ
1242 3987 1463 4042 παιδεία
1514 3989 1723 4060 Κυρίου
1790 3990 1930 4061 αὑτὴ

354 4077 644 4147 συναλγεῖν
672 4077 837 4132 αὑτὸν
866 4078 1075 4149 διδάξει
1093 4081 1209 4145 τοῖς
1253 4080 1575 4151 πάσχουσιν,
1599 4079 1740 4136 ὥστε
1765 4082 1932 4155 πείρᾳ.

355 4173 569 4243 μαθεῖν,
603 4172 631 4226 ὃ
655 4170 1011 4241 γεωργοῦσαν
1040 4171 1141 4231 οὐκ
1164 4173 1321 4245 ἔσχεν
1353 4173 1569 4229 οίκοθεν
1604 4174 1705 4247 τὴν
1736 4175 1931 4247 προαί-

352 4283 524 4337 ρεσιν.
546 4266 733 4321 Ταῦτα
760 4263 908 4334 εἷπε,
928 4266 1025 4320 καὶ
1079 4266 1197 4337 μετ’
1223 4266 1407 4337 ὀλίγον
1435 4267 1578 4321 οὕτω
1609 4268 1801 4339 χεῖρες
1837 4266 1933 4322 καὶ

351 4359 510 4423 πόδες
555 4358 634 4428 τῷ
660 4360 915 4430 ἀρχιερεῖ
961 4359 1345 4430 κάμπτονται,
1379 4360 1457 4424 ὡς
1504 4361 1640 4432 μηδὲ
1667 4359 1931 4415 δύνασθαί

350 4464 402 4502 τι
450 4452 649 4522 δρᾶσαι
708 4450 777 4503 δι’
806 4450 985 4506 αὐτῶν
1020 4451 1081 4503 τὸ
1124 4452 1411 4522 παράπαν,
1451 4452 1568 4506 ἀλλ’
1591 4452 1681 4509 οίά
1696 4470 1819 4508 τινα
1848 4472 1931 4508 νε-

354 4543 481 4611 κρὸν
510 4542 757 4615 ἔμψυχον
793 4540 1292 4612 διαϐασταζόμενον
1312 4543 1595 4619 φέρεσθαι.

418 4810 520 4872 οζ’.
560 4806 743 4875 Ἀνδρί
787 4823 895 4859 τινι
922 4806 1085 4860 ’κατᾶ
1128 4805 1229 4878 τὴν
1265 4806 1494 4875 Περσῶν
1518 4807 1657 4878 πρὸς
1687 4808 1929 4878 χαλεπὸν

356 4895 636 4950 παλαίοντι
686 4894 941 4967 δαίμονα,
991 4893 1315 4964 ἀπαλλαγήν
1345 4911 1402 4948 τε
1434 4893 1623 4948 τούτου
1652 4895 1930 4965 μηδεμίαν

357 4989 685 5060 εὐρίσκοντι,
723 4989 990 5058 Ἀγγελος
1015 4986 1152 5042 Θεοῦ
1180 4987 1488 5060 παραστὰς,
1525 4989 1737 5055 Ἀπιθι,
1769 4992 1927 5061 φησὶ,

2036 3252 2149 3299 uta
2184 3243 2406 3298 miseris
2433 3243 2555 3299 istis
2602 3245 2868 3299 rescitum
2924 3253 3029 3312 est,
3076 3245 3144 3300 ad
3202 3254 3480 3312 sanctum,
3528 3247 3614 3303 uti

2036 3339 2270 3410 quisque
2289 3348 2565 3409 poterant,
2601 3339 2709 3393 iter
2731 3338 3115 3403 instituerunt,
3150 3339 3243 3393 alii
3279 3340 3518 3411 pedibus
3548 3355 3613 3396 ac

2035 3430 2253 3495 baculo,
2284 3431 2375 3485 alii
2398 3430 2648 3485 humeris
2671 3430 2876 3491 delati:
2904 3439 3072 3502 atque
3110 3448 3301 3487 coram
3325 3433 3446 3503 ipso
3484 3449 3612 3489 cum
3694 3428 3701 3435 ’

2034 3521 2261 3592 planctu
2283 3529 2341 3577 et
2371 3521 2631 3576 lamentis
2662 3524 3199 3588 commemorabam,
3236 3534 3445 3594 quanta
3502 3527 3612 3582 sibi

2033 3611 2278 3666 exhibita
2313 3610 2513 3666 fuisset
2541 3628 2573 3666 a
2603 3620 2798 3667 sancto
2834 3611 3147 3681 Ephraemio
3200 3616 3612 3681 misericordia,

2033 3711 2090 3759 et
2112 3718 2273 3773 quam
2296 3711 2525 3773 paterae
2557 3718 2743 3758 secum
2765 3703 3001 3774 egisset:
3027 3714 3219 3759 contra
3264 3722 3421 3772 vero,
3448 3724 3613 3778 quam

2033 3808 2185 3849 nunc
2226 3794 2486 3854 immitem
2572 3797 2966 3865 experirentur
2989 3797 3331 3867 episcopum,
3355 3802 3614 3872 quodque

2033 3899 2104 3940 ne
2130 3884 2287 3939 urbis
2310 3884 2535 3953 quidem
2561 3892 2716 3939 extra
2738 3893 2928 3955 portas
2971 3885 3120 3955 ipsos
3149 3887 3432 3943 toleraret.
3474 3889 3612 3944 San-

2033 3983 2156 4032 ctus
2203 3974 2339 4031 vero
2399 3977 2635 4031 multum
2688 3977 2814 4031 illos
2872 3976 3168 4047 miseratus
3206 3995 3220 4031 :
3257 3977 3605 4049 Exspectate,

2035 4067 2237 4138 inquit,
2256 4065 2457 4122 fratres
2486 4086 2499 4122 :
2536 4083 2701 4122 nemo
2732 4083 2831 4123 vos
2865 4068 2984 4121 loco
3005 4067 3099 4122 illo
3127 4069 3337 4139 poterit
3368 4085 3610 4150 movere.

2033 4159 2335 4232 Castigatio
2366 4158 2584 4214 Domini
2605 4157 2831 4215 docebit
2863 4158 3043 4229 ipsum
3077 4159 3326 4215 misereri
3381 4161 3613 4217 afflicto—

2036 4268 2183 4319 rum,
2212 4260 2274 4307 ut
2300 4251 2477 4307 discat
2501 4251 2864 4321 experientia,
2898 4249 3247 4321 prOpositum
3285 4266 3448 4306 suum
3513 4253 3615 4308 mi-

2032 4342 2185 4397 nime
2215 4339 2563 4399 conducibile
2628 4338 2826 4395 fuisse.
2852 4340 2989 4395 Post
3039 4340 3156 4395 btec
3187 4341 3415 4397 oracula
3456 4340 3615 4398 bret'i

2034 4436 2221 4504 elapso
2251 4441 2523 4504 tempore,
2562 4439 2671 4486 tam
2705 4431 2818 4487 acri
2848 4431 3042 4513 dolore
3066 4432 3330 4513 manibus
3352 4432 3615 4503 pedibus-

1952 4513 2008 4574 D
2036 4502 2149 4595 quc
2170 4502 2411 4579 cruciari
2457 4522 2754 4593 episcopus
2799 4502 2968 4592 εωρῐῖ
2998 4562 3013 4588 ,
3079 4531 3138 4575 ut
3162 4502 3614 4592 nihilquidquam

2040 4619 2119 4674 rei
2146 4624 2385 4673 tractare
2415 4616 2529 4672 illis
2572 4626 2783 4687 posset,
2826 4627 2884 4671 et
2928 4616 3071 4672 sicut
3116 4631 3322 4686 corpus
3369 4616 3621 4672 exanime

2043 4712 2175 4767 ferri
2211 4716 2501 4767 necessum
2536 4710 2792 4776 haberet.
2992 4776 3001 4783 ι

2109 4804 2198 4861 77.
2229 4803 2453 4859 Homini
2473 4802 2691 4858 cuidam
2721 4802 2904 4857 Persa:
2929 4800 3115 4871 gravis
3153 4797 3453 4853 admodum
3484 4812 3613 4853 cum

2037 4896 2287 4953 daemone
2318 4895 2466 4950 lucta
2495 4902 2634 4958 erat,
2668 4907 2781 4963 quo
2827 4907 2934 4947 nec
2983 4892 3209 4946 liberari
3276 4890 3388 4944 ullo
3443 4889 3611 4945 modo

2036 4995 2274 5059 poterat.
2318 4985 2509 5042 Astitit
2552 4983 2989 5055 huic‘angelus,
3025 4982 3276 5052 dixitque
3326 4999 3339 5035 :
3387 4971 3611 5036 Abi'ad

359 5083 510 5155 παρὰ
543 5084 636 5137 τὸν
664 5080 852 5136 δοῦ).ον
894 5081 990 5135 τοῦ
1037 5080 1173 5134 Θεοῦ
1202 5081 1465 5153 Συμεών·
1508 5083 1652 5138 οίκεῖ
1698 5084 1756 5139 δὲ
1800 5086 1929 5140 κατᾶ

2032 5095 2251 5136 servum
2281 5079 2378 5133 Dei
2406 5077 2765 5149 Symeonem,
2797 5085 3231 5130 commorantcm
3272 5074 3329 5127 in
3384 5073 3614 5129 sublimi

360 5177 634 5249 μετέωρον
654 5177 780 5248 ὅρος
802 5177 867 5230 ὲκ
888 5175 1124 5245 πλαγίου
1146 5175 1245 5247 τῆς
1262 5176 1561 5248 Ἃντιόχου,
1580 5176 1859 5249 θαλάσσης
1878 5181 1929 5233 οξ

2031 5180 2335 5236 monte,'ex
2358 5169 2599 5225 adverso
2642 5167 2975 5233 Antiochiae,
3027 5181 3140 5222 non
3197 5166 3273 5221 ita
3336 5164 3532 5236 procul
3585 5181 3618 5220 a

357 5266 440 5322 διὰ
463 5268 677 5340 μακροῦ
700 5262 955 5339 κείμενον
977 5282 995 5300 ⁸
1018 5266 1087 5319 δι’
1132 5266 1299 5320 αὐτοῦ
1331 5268 1623 5340 τοιγαροῦν
1645 5270 1799 5342 παρά
1823 5272 1941 5325 Κυ-

362 5361 471 5430 ρίου
492 5361 637 5425 ῐασις
658 5362 810 5415 ἔσται
835 5378 937 5414 σοι.
958 5361 1067 5414 Καὶ
1084 5360 1143 5423 ὃς
1159 5361 1259 5427 τὴν
1283 5359 1491 5431 μεταξὺ
1510 5363 1695 5416 πᾶσαν
1711 5362 1939 5432 ἀνύσας,

362 5453 449 5506 καὶ
468 5454 544 5519 ὼς
568 5454 660 5508 τὸν
685 5453 879 5521 Ἀγιον
913 5453 1270 5524 ἀφικόμενος,
1299 5452 1506 5509 ἕκαστα
1530 5455 1721 5525 σαφῶς
1753 5458 1937 5528 ἀπαγ-

360 5547 554 5615 γέλλει.
595 5541 661 5603 ’σ
680 5548 736 5601 δὲ
769 5546 862 5600 τοῦ
894 5546 1032 5601 Θεοῦ
1080 5545 1317 5620 δεηθεὶς,
1349 5547 1586 5613 ἐξελθεῖν
1612 5549 1692 5621 τῷ
1720 5551 1938 5622 δαίμονι

422 5675 539 5800 Ηὲὶὶ
561 5675 855 5745 Nicephoro
887 5686 935 5729 et
963 5676 1264 5748 Theophani
1292 5640 1559 5732 |Domnus
1590 5694 1603 5743 ;
1639 5664 1775 5733 sedit
1830 5700 1929 5736 an.

422 5762 445 5797 δ
506 5776 558 5799 ι.
1116 5779 1124 5788 .
1804 5763 1814 5770 .

362 5758 445 5797 ηοε
473 5758 493 5797 ⁴Ι
506 5758 558 5799 ιι.
1116 5779 1124 5788 -
1804 5763 1814 5770 ’

426 5816 531 5885 {20)
564 5815 737 5881 Quam
760 5817 842 5869 hic
864 5827 1048 5870 auctor
1085 5815 1365 5882 Lychnida
1398 5806 1563 5881 ιιοΐίιι,
1603 5817 1724 5872 aliis
1759 5819 1933 5890 Lych-

922 6020 947 6053 Ι

2037 5265 2174 5319 mari
2215 5264 2358 5319 sito:
2386 5261 2482 5317 illo
2506 5260 2889 5316 intercedente
2917 5267 3067 5314 certa
3101 5259 3201 5314 tibi
3236 5268 3431 5314 manet.
3452 5273 3482 5312 a
3504 5257 3618 5312 Deo

2035 5359 2206 5414 salus.
2232 5357 2538 5411 Exsecutus
2560 5353 2653 5408 ille
2677 5353 2862 5408 omnia
2874 5361 2987 5418 est;
3014 5366 3253 5421 cumque
3267 5350 3627 5422 pervenisset

2035 5449 2105 5505 ad
2130 5454 2407 5512 sanctum,
2438 5444 2655 5516 singula
2686 5443 2869 5513 palam
2892 5442 3175 5498 enarravit
3201 5459 3215 5496 :
3250 5441 3344 5511 qui
3375 5439 3495 5495 fusa
3546 5438 3617 5493 ad

2038 5545 2212 5598 Deum
2246 5554 2434 5611 prece,
2469 5534 2621 5593 exire
2653 5536 2958 5592 daemonem
3007 5535 3204 5609 jubet;
3236 5533 3399 5603 cujus
3440 5529 3616 5587 conti-

2036 5683 2202 5739 nidus
2249 5690 2299 5734 et
2349 5673 2713 5750 Lyclmidium
2759 5674 3064 5746 appellatur
3100 5671 3230 5729 urbs
3272 5670 3609 5741 arcfiiepisco

2036 5754 2173 5825 palis
2212 5751 2260 5805 Μ
2270 5750 2553 5805 acedonitc.
