  <div class='ocr_page' id='page_1' title='image "/cluster/home/n/w/nwhite01/storage/ocr_20150623/86:pt.2/coo.31924054869890/657.png"; bbox 0 0 4018 6386; ppageno 0'>
   <div class='ocr_carea' id='block_1_1' title="bbox 383 418 527 486">
    <p class='ocr_par' dir='ltr' id='par_1_1' title="bbox 383 418 527 486">
     <span class='ocr_line' id='line_1_1' title="bbox 383 418 527 486; baseline -0.028 0"><span class='ocrx_word' id='word_1_1' title='bbox 383 418 527 486; x_wconf 75' lang='lat'><strong>3059</strong></span> 
     </span>
    </p>
   </div>
   <div class='ocr_carea' id='block_1_2' title="bbox 1596 424 2473 489">
    <p class='ocr_par' dir='ltr' id='par_1_2' title="bbox 1596 424 2473 489">
     <span class='ocr_line' id='line_1_2' title="bbox 1596 424 2473 489; baseline 0.006 -6"><span class='ocrx_word' id='word_1_2' title='bbox 1596 424 1658 483; x_wconf 91' lang='lat' dir='ltr'><strong>S.</strong></span> <span class='ocrx_word' id='word_1_3' title='bbox 1701 425 2077 485; x_wconf 79' lang='lat' dir='ltr'><strong>SYMEONlS</strong></span> <span class='ocrx_word' id='word_1_4' title='bbox 2113 427 2473 489; x_wconf 81' lang='lat' dir='ltr'><strong>JUNIORIS</strong></span> 
     </span>
    </p>
   </div>
   <div class='ocr_carea' id='block_1_3' title="bbox 3494 414 3628 489">
    <p class='ocr_par' dir='ltr' id='par_1_3' title="bbox 3494 414 3628 489">
     <span class='ocr_line' id='line_1_3' title="bbox 3494 414 3628 489; baseline 0.015 -3"><span class='ocrx_word' id='word_1_5' title='bbox 3494 414 3628 489; x_wconf 75' lang='lat' dir='ltr'><strong>30m</strong></span> 
     </span>
    </p>
   </div>
   <div class='ocr_carea' id='block_1_4' title="bbox 385 530 1974 605">
    <p class='ocr_par' dir='ltr' id='par_1_4' title="bbox 385 530 1955 600">
     <span class='ocr_line' id='line_1_4' title="bbox 385 530 1955 600; baseline -0.001 -14"><span class='ocrx_word' id='word_1_6' title='bbox 385 546 497 586; x_wconf 83' lang='lat' dir='ltr'><strong>nuo</strong></span> <span class='ocrx_word' id='word_1_7' title='bbox 524 531 798 600; x_wconf 85' lang='lat' dir='ltr'><strong>planctus,</strong></span> <span class='ocrx_word' id='word_1_8' title='bbox 834 530 1210 597; x_wconf 70' lang='lat' dir='ltr'><strong>tumultuatio,</strong></span> <span class='ocrx_word' id='word_1_9' title='bbox 1240 541 1406 600; x_wconf 83' lang='lat' dir='ltr'><strong>atque</strong></span> <span class='ocrx_word' id='word_1_10' title='bbox 1454 533 1726 587; x_wconf 73' lang='lat' dir='ltr'><strong>clamores</strong></span> <span class='ocrx_word' id='word_1_11' title='bbox 1778 533 1955 585; x_wconf 77' lang='lat' dir='ltr'><strong>auditi</strong></span> 
     </span>
    </p>
   </div>
   <div class='ocr_carea' id='block_1_5' title="bbox 2077 530 3629 605">
    <p class='ocr_par' dir='ltr' id='par_1_5' title="bbox 2077 530 3629 605">
     <span class='ocr_line' id='line_1_5' title="bbox 2077 530 3629 605; baseline 0.001 -19"><span class='ocrx_word' id='word_1_12' title='bbox 2077 535 2480 605; x_wconf 77' lang='grc' dir='ltr'><strong>παραγγέλλει·</strong></span> <span class='ocrx_word' id='word_1_13' title='bbox 2515 534 2610 589; x_wconf 73' lang='grc' dir='ltr'>καὶ</span> <span class='ocrx_word' id='word_1_14' title='bbox 2648 535 2847 589; x_wconf 79' lang='grc' dir='ltr'>αὐτίκα</span> <span class='ocrx_word' id='word_1_15' title='bbox 2894 532 3163 602; x_wconf 76' lang='grc' dir='ltr'>κλαυθμοὶ</span> <span class='ocrx_word' id='word_1_16' title='bbox 3216 530 3310 586; x_wconf 88' lang='grc' dir='ltr'><strong>τοῦ</strong></span> <span class='ocrx_word' id='word_1_17' title='bbox 3356 530 3629 605; x_wconf 79' lang='grc' dir='ltr'>δαίμονος,</span> 
     </span>
    </p>
   </div>
   <div class='ocr_carea' id='block_1_6' title="bbox 389 620 1962 693">
    <p class='ocr_par' dir='ltr' id='par_1_6' title="bbox 389 620 1962 693">
     <span class='ocr_line' id='line_1_6' title="bbox 389 620 1962 693; baseline 0.001 -18"><span class='ocrx_word' id='word_1_18' title='bbox 389 630 545 683; x_wconf 71' lang='lat' dir='ltr'><strong>sunt,</strong></span> <span class='ocrx_word' id='word_1_19' title='bbox 566 628 772 692; x_wconf 85' lang='lat' dir='ltr'><strong>&#39;utpote</strong></span> <span class='ocrx_word' id='word_1_20' title='bbox 790 635 900 675; x_wconf 88' lang='lat' dir='ltr'><strong>non</strong></span> <span class='ocrx_word' id='word_1_21' title='bbox 920 620 1146 676; x_wconf 78' lang='lat' dir='ltr'><strong>ferentis</strong></span> <span class='ocrx_word' id='word_1_22' title='bbox 1170 621 1273 675; x_wconf 91' lang='lat' dir='ltr'><strong>viri</strong></span> <span class='ocrx_word' id='word_1_23' title='bbox 1302 622 1475 677; x_wconf 81' lang='lat' dir='ltr'><strong>sancti</strong></span> <span class='ocrx_word' id='word_1_24' title='bbox 1501 621 1962 693; x_wconf 80' lang='lat' dir='ltr'><strong>increpationem,</strong></span> 
     </span>
    </p>
   </div>
   <div class='ocr_carea' id='block_1_7' title="bbox 342 700 1962 784">
    <p class='ocr_par' dir='ltr' id='par_1_7' title="bbox 342 700 1962 784">
     <span class='ocr_line' id='line_1_7' title="bbox 342 700 1962 784; baseline 0.002 -19"><span class='ocrx_word' id='word_1_25' title='bbox 342 712 351 725; x_wconf 80' lang='lat'><strong>‘</strong></span> <span class='ocrx_word' id='word_1_26' title='bbox 388 714 827 784; x_wconf 69' lang='lat' dir='ltr'><strong>clamantisque:</strong></span> <span class='ocrx_word' id='word_1_27' title='bbox 861 714 1089 769; x_wconf 70' lang='lat' dir='ltr'><strong>Missum</strong></span> <span class='ocrx_word' id='word_1_28' title='bbox 1121 730 1209 768; x_wconf 92' lang='lat' dir='ltr'><strong>me</strong></span> <span class='ocrx_word' id='word_1_29' title='bbox 1234 714 1349 780; x_wconf 88' lang='lat' dir='ltr'><strong>fac;</strong></span> <span class='ocrx_word' id='word_1_30' title='bbox 1384 724 1440 769; x_wconf 91' lang='lat' dir='ltr'><strong>et</strong></span> <span class='ocrx_word' id='word_1_31' title='bbox 1467 700 1636 769; x_wconf 82' lang='lat' dir='ltr'><strong>exeo:</strong></span> <span class='ocrx_word' id='word_1_32' title='bbox 1671 716 1787 769; x_wconf 89' lang='lat' dir='ltr'><strong>scio</strong></span> <span class='ocrx_word' id='word_1_33' title='bbox 1814 716 1962 769; x_wconf 86' lang='lat' dir='ltr'><strong>enim</strong></span> 
     </span>
    </p>
   </div>
   <div class='ocr_carea' id='block_1_8' title="bbox 388 806 1964 877">
    <p class='ocr_par' dir='ltr' id='par_1_8' title="bbox 388 806 1964 877">
     <span class='ocr_line' id='line_1_8' title="bbox 388 806 1964 877; baseline 0.003 -18"><span class='ocrx_word' id='word_1_34' title='bbox 388 808 516 876; x_wconf 83' lang='lat' dir='ltr'><strong>quis</strong></span> <span class='ocrx_word' id='word_1_35' title='bbox 553 806 651 871; x_wconf 87' lang='lat' dir='ltr'><strong>sis,</strong></span> <span class='ocrx_word' id='word_1_36' title='bbox 683 816 740 860; x_wconf 89' lang='lat' dir='ltr'><strong>et</strong></span> <span class='ocrx_word' id='word_1_37' title='bbox 767 815 1032 877; x_wconf 87' lang='lat' dir='ltr'><strong>quantam</strong></span> <span class='ocrx_word' id='word_1_38' title='bbox 1085 806 1213 861; x_wconf 85' lang='lat' dir='ltr'><strong>Filii</strong></span> <span class='ocrx_word' id='word_1_39' title='bbox 1273 807 1389 862; x_wconf 95' lang='lat' dir='ltr'><strong>Dei</strong></span> <span class='ocrx_word' id='word_1_40' title='bbox 1417 808 1676 863; x_wconf 83' lang='lat' dir='ltr'><strong>virtutem</strong></span> <span class='ocrx_word' id='word_1_41' title='bbox 1733 808 1964 863; x_wconf 78' lang='lat' dir='ltr'><strong>habeas.</strong></span> 
     </span>
    </p>
   </div>
   <div class='ocr_carea' id='block_1_9' title="bbox 387 896 1962 968">
    <p class='ocr_par' dir='ltr' id='par_1_9' title="bbox 387 896 1962 968">
     <span class='ocr_line' id='line_1_9' title="bbox 387 896 1962 968; baseline 0 -17"><span class='ocrx_word' id='word_1_42' title='bbox 387 898 527 951; x_wconf 85' lang='lat' dir='ltr'><strong>Dum</strong></span> <span class='ocrx_word' id='word_1_43' title='bbox 562 896 679 952; x_wconf 67' lang='lat' dir='ltr'><strong>hac</strong></span> <span class='ocrx_word' id='word_1_44' title='bbox 704 896 862 961; x_wconf 74' lang='lat' dir='ltr'><strong>(lunt,</strong></span> <span class='ocrx_word' id='word_1_45' title='bbox 901 897 1082 952; x_wconf 85' lang='lat' dir='ltr'><strong>visum</strong></span> <span class='ocrx_word' id='word_1_46' title='bbox 1115 897 1345 953; x_wconf 85' lang='lat' dir='ltr'><strong>obsesso</strong></span> <span class='ocrx_word' id='word_1_47' title='bbox 1366 908 1471 962; x_wconf 89' lang='lat' dir='ltr'><strong>est,</strong></span> <span class='ocrx_word' id='word_1_48' title='bbox 1506 913 1767 953; x_wconf 84' lang='lat' dir='ltr'><strong>coronam</strong></span> <span class='ocrx_word' id='word_1_49' title='bbox 1791 899 1962 968; x_wconf 83' lang='lat' dir='ltr'><strong>capiti</strong></span> 
     </span>
    </p>
   </div>
   <div class='ocr_carea' id='block_1_10' title="bbox 391 986 1961 1059">
    <p class='ocr_par' dir='ltr' id='par_1_10' title="bbox 391 986 1961 1059">
     <span class='ocr_line' id='line_1_10' title="bbox 391 986 1961 1059; baseline 0.001 -18"><span class='ocrx_word' id='word_1_50' title='bbox 391 987 682 1058; x_wconf 81' lang='lat' dir='ltr'><strong>Symeonis</strong></span> <span class='ocrx_word' id='word_1_51' title='bbox 709 986 1079 1054; x_wconf 78' lang='lat' dir='ltr'><strong>circumdari;</strong></span> <span class='ocrx_word' id='word_1_52' title='bbox 1110 989 1271 1059; x_wconf 85' lang='lat' dir='ltr'><strong>cujus</strong></span> <span class='ocrx_word' id='word_1_53' title='bbox 1293 998 1351 1043; x_wconf 91' lang='lat' dir='ltr'><strong>et</strong></span> <span class='ocrx_word' id='word_1_54' title='bbox 1370 988 1731 1058; x_wconf 80' lang='lat' dir='ltr'><strong>pulchritudo</strong></span> <span class='ocrx_word' id='word_1_55' title='bbox 1761 998 1818 1042; x_wconf 91' lang='lat' dir='ltr'><strong>et</strong></span> <span class='ocrx_word' id='word_1_56' title='bbox 1841 988 1961 1042; x_wconf 88' lang='lat' dir='ltr'><strong>auri</strong></span> 
     </span>
    </p>
   </div>
   <div class='ocr_carea' id='block_1_11' title="bbox 389 1076 1964 1150">
    <p class='ocr_par' dir='ltr' id='par_1_11' title="bbox 389 1076 1964 1150">
     <span class='ocr_line' id='line_1_11' title="bbox 389 1076 1964 1150; baseline 0.003 -21"><span class='ocrx_word' id='word_1_57' title='bbox 389 1076 795 1133; x_wconf 88' lang='lat' dir='ltr'><strong>intermicantis</strong></span> <span class='ocrx_word' id='word_1_58' title='bbox 840 1078 1020 1143; x_wconf 89' lang='lat' dir='ltr'><strong>nitor,</strong></span> <span class='ocrx_word' id='word_1_59' title='bbox 1069 1087 1127 1133; x_wconf 80' lang='lat' dir='ltr'><strong>et</strong></span> <span class='ocrx_word' id='word_1_60' title='bbox 1181 1093 1521 1149; x_wconf 88' lang='lat' dir='ltr'><strong>gemmarum</strong></span> <span class='ocrx_word' id='word_1_61' title='bbox 1587 1079 1874 1150; x_wconf 85' lang='lat' dir='ltr'><strong>splendor,</strong></span> <span class='ocrx_word' id='word_1_62' title='bbox 1907 1090 1964 1134; x_wconf 89' lang='lat' dir='ltr'><strong>et</strong></span> 
     </span>
    </p>
   </div>
   <div class='ocr_carea' id='block_1_12' title="bbox 385 1166 1959 1240">
    <p class='ocr_par' dir='ltr' id='par_1_12' title="bbox 385 1166 1959 1240">
     <span class='ocr_line' id='line_1_12' title="bbox 385 1166 1959 1240; baseline 0.002 -19"><span class='ocrx_word' id='word_1_63' title='bbox 385 1166 571 1223; x_wconf 81' lang='lat' dir='ltr'><strong>crucis</strong></span> <span class='ocrx_word' id='word_1_64' title='bbox 604 1168 881 1238; x_wconf 56' lang='lat' dir='ltr'><strong>impositae</strong></span> <span class='ocrx_word' id='word_1_65' title='bbox 905 1169 1022 1234; x_wconf 73' lang='lat' dir='ltr'><strong>lux,</strong></span> <span class='ocrx_word' id='word_1_66' title='bbox 1053 1169 1307 1239; x_wconf 89' lang='lat' dir='ltr'><strong>lucisque</strong></span> <span class='ocrx_word' id='word_1_67' title='bbox 1328 1168 1510 1240; x_wconf 87' lang='lat' dir='ltr'><strong>fulgor</strong></span> <span class='ocrx_word' id='word_1_68' title='bbox 1554 1185 1618 1224; x_wconf 89' lang='lat' dir='ltr'><strong>ac</strong></span> <span class='ocrx_word' id='word_1_69' title='bbox 1676 1177 1959 1234; x_wconf 84' lang='lat' dir='ltr'><strong>venustas,</strong></span> 
     </span>
    </p>
   </div>
   <div class='ocr_carea' id='block_1_13' title="bbox 384 1260 1960 1332">
    <p class='ocr_par' dir='ltr' id='par_1_13' title="bbox 384 1260 1960 1332">
     <span class='ocr_line' id='line_1_13' title="bbox 384 1260 1960 1332; baseline -0.001 -17"><span class='ocrx_word' id='word_1_70' title='bbox 384 1270 442 1315; x_wconf 87' lang='lat' dir='ltr'><strong>et</strong></span> <span class='ocrx_word' id='word_1_71' title='bbox 498 1260 1067 1317; x_wconf 78' lang='lat' dir='ltr'><strong>circumvolitantium</strong></span> <span class='ocrx_word' id='word_1_72' title='bbox 1100 1262 1450 1332; x_wconf 69' lang='lat' dir='ltr'><strong>&#39;angelérum</strong></span> <span class='ocrx_word' id='word_1_73' title='bbox 1491 1262 1793 1327; x_wconf 79' lang='lat' dir='ltr'><strong>cohortes,</strong></span> <span class='ocrx_word' id='word_1_74' title='bbox 1852 1271 1960 1315; x_wconf 88' lang='lat' dir='ltr'><strong>tam</strong></span> 
     </span>
    </p>
   </div>
   <div class='ocr_carea' id='block_1_14' title="bbox 391 1352 1967 1424">
    <p class='ocr_par' dir='ltr' id='par_1_14' title="bbox 391 1352 1967 1424">
     <span class='ocr_line' id='line_1_14' title="bbox 391 1352 1967 1424; baseline 0.001 -18"><span class='ocrx_word' id='word_1_75' title='bbox 391 1352 606 1407; x_wconf 87' lang='lat' dir='ltr'><strong>insolita</strong></span> <span class='ocrx_word' id='word_1_76' title='bbox 627 1358 791 1408; x_wconf 90' lang='lat' dir='ltr'><strong>erant</strong></span> <span class='ocrx_word' id='word_1_77' title='bbox 809 1353 1020 1418; x_wconf 87' lang='lat' dir='ltr'><strong>omnia,</strong></span> <span class='ocrx_word' id='word_1_78' title='bbox 1047 1362 1109 1408; x_wconf 91' lang='lat' dir='ltr'><strong>ut</strong></span> <span class='ocrx_word' id='word_1_79' title='bbox 1131 1354 1360 1424; x_wconf 83' lang='lat' dir='ltr'><strong>exsequi</strong></span> <span class='ocrx_word' id='word_1_80' title='bbox 1404 1353 1592 1408; x_wconf 81' lang='lat' dir='ltr'><strong>verbis</strong></span> <span class='ocrx_word' id='word_1_81' title='bbox 1646 1368 1811 1408; x_wconf 88' lang='lat' dir='ltr'><strong>nemo</strong></span> <span class='ocrx_word' id='word_1_82' title='bbox 1840 1368 1967 1422; x_wconf 85' lang='lat' dir='ltr'><strong>pos—</strong></span> 
     </span>
    </p>
   </div>
   <div class='ocr_carea' id='block_1_15' title="bbox 384 1426 1962 1517">
    <p class='ocr_par' dir='ltr' id='par_1_15' title="bbox 384 1426 1962 1517">
     <span class='ocr_line' id='line_1_15' title="bbox 384 1426 1962 1517; baseline 0.001 -21"><span class='ocrx_word' id='word_1_83' title='bbox 384 1443 497 1497; x_wconf 85' lang='lat' dir='ltr'><strong>sit:</strong></span> <span class='ocrx_word' id='word_1_84' title='bbox 558 1443 667 1498; x_wconf 89' lang='lat' dir='ltr'><strong>illis</strong></span> <span class='ocrx_word' id='word_1_85' title='bbox 725 1452 910 1500; x_wconf 89' lang='lat' dir='ltr'><strong>autem</strong></span> <span class='ocrx_word' id='word_1_86' title='bbox 969 1445 1123 1500; x_wconf 90' lang='lat' dir='ltr'><strong>velut</strong></span> <span class='ocrx_word' id='word_1_87' title='bbox 1192 1428 1319 1517; x_wconf 81' lang='lat' dir='ltr'><strong>igne</strong></span> <span class='ocrx_word' id='word_1_88' title='bbox 1392 1444 1653 1515; x_wconf 91' lang='lat' dir='ltr'><strong>quodam,</strong></span> <span class='ocrx_word' id='word_1_89' title='bbox 1706 1426 1962 1515; x_wconf 68' lang='lat' dir='ltr'><strong>pertinax</strong></span> 
     </span>
    </p>
   </div>
   <div class='ocr_carea' id='block_1_16' title="bbox 389 1533 1965 1615">
    <p class='ocr_par' dir='ltr' id='par_1_16' title="bbox 389 1533 1965 1615">
     <span class='ocr_line' id='line_1_16' title="bbox 389 1533 1965 1615; baseline 0.001 -27"><span class='ocrx_word' id='word_1_90' title='bbox 389 1535 604 1590; x_wconf 65' lang='lat' dir='ltr'><strong>daemon</strong></span> <span class='ocrx_word' id='word_1_91' title='bbox 624 1545 853 1591; x_wconf 88' lang='lat' dir='ltr'><strong>coactus</strong></span> <span class='ocrx_word' id='word_1_92' title='bbox 867 1544 959 1615; x_wconf 68' lang='lat' dir='ltr'><strong>est</strong></span> <span class='ocrx_word' id='word_1_93' title='bbox 964 1537 1259 1608; x_wconf 87' lang='lat' dir='ltr'><strong>emigrare;</strong></span> <span class='ocrx_word' id='word_1_94' title='bbox 1283 1535 1748 1607; x_wconf 87' lang='lat' dir='ltr'><strong>quemadmodum</strong></span> <span class='ocrx_word' id='word_1_95' title='bbox 1762 1533 1965 1589; x_wconf 89' lang='lat' dir='ltr'><strong>deinde</strong></span> 
     </span>
    </p>
   </div>
   <div class='ocr_carea' id='block_1_17' title="bbox 282 1627 1963 1700">
    <p class='ocr_par' dir='ltr' id='par_1_17' title="bbox 282 1627 1963 1700">
     <span class='ocr_line' id='line_1_17' title="bbox 282 1627 1963 1700; baseline -0.001 -20"><span class='ocrx_word' id='word_1_96' title='bbox 282 1631 287 1637; x_wconf 78' lang='grc'><strong>’</strong></span> <span class='ocrx_word' id='word_1_97' title='bbox 385 1627 559 1683; x_wconf 86' lang='lat' dir='ltr'><strong>miser</strong></span> <span class='ocrx_word' id='word_1_98' title='bbox 588 1627 717 1695; x_wconf 90' lang='lat' dir='ltr'><strong>ille,</strong></span> <span class='ocrx_word' id='word_1_99' title='bbox 764 1630 877 1700; x_wconf 80' lang='lat' dir='ltr'><strong>jam</strong></span> <span class='ocrx_word' id='word_1_100' title='bbox 928 1629 1033 1684; x_wconf 88' lang='lat' dir='ltr'><strong>sibi</strong></span> <span class='ocrx_word' id='word_1_101' title='bbox 1083 1629 1354 1693; x_wconf 89' lang='lat' dir='ltr'><strong>redditus,</strong></span> <span class='ocrx_word' id='word_1_102' title='bbox 1408 1629 1587 1699; x_wconf 85' lang='lat' dir='ltr'><strong>palam</strong></span> <span class='ocrx_word' id='word_1_103' title='bbox 1624 1627 1963 1698; x_wconf 82' lang='lat' dir='ltr'><strong>divulgabat,</strong></span> 
     </span>
    </p>
   </div>
   <div class='ocr_carea' id='block_1_18' title="bbox 386 1714 1968 1793">
    <p class='ocr_par' dir='ltr' id='par_1_18' title="bbox 386 1714 1968 1793">
     <span class='ocr_line' id='line_1_18' title="bbox 386 1714 1968 1793; baseline 0.001 -20"><span class='ocrx_word' id='word_1_104' title='bbox 386 1734 553 1774; x_wconf 84' lang='lat' dir='ltr'><strong>sanus</strong></span> <span class='ocrx_word' id='word_1_105' title='bbox 581 1714 805 1774; x_wconf 87' lang='lat' dir='ltr'><strong>domum</strong></span> <span class='ocrx_word' id='word_1_106' title='bbox 834 1736 989 1775; x_wconf 89' lang='lat' dir='ltr'><strong>suam</strong></span> <span class='ocrx_word' id='word_1_107' title='bbox 1023 1730 1304 1793; x_wconf 85' lang='lat' dir='ltr'><strong>repetens,</strong></span> <span class='ocrx_word' id='word_1_108' title='bbox 1340 1731 1396 1775; x_wconf 90' lang='lat' dir='ltr'><strong>et</strong></span> <span class='ocrx_word' id='word_1_109' title='bbox 1445 1736 1613 1793; x_wconf 83' lang='lat' dir='ltr'><strong>opera</strong></span> <span class='ocrx_word' id='word_1_110' title='bbox 1646 1720 1745 1774; x_wconf 88' lang='lat' dir='ltr'><strong>Dei</strong></span> <span class='ocrx_word' id='word_1_111' title='bbox 1790 1720 1968 1791; x_wconf 71' lang='lat' dir='ltr'><strong>genti-</strong></span> 
     </span>
    </p>
   </div>
   <div class='ocr_carea' id='block_1_19' title="bbox 388 1812 883 1867">
    <p class='ocr_par' dir='ltr' id='par_1_19' title="bbox 388 1812 883 1867">
     <span class='ocr_line' id='line_1_19' title="bbox 388 1812 883 1867; baseline 0.004 -4"><span class='ocrx_word' id='word_1_112' title='bbox 388 1812 492 1864; x_wconf 86' lang='lat' dir='ltr'><strong>bus</strong></span> <span class='ocrx_word' id='word_1_113' title='bbox 521 1812 883 1867; x_wconf 78' lang='lat' dir='ltr'><strong>annuntians.</strong></span> 
     </span>
    </p>
   </div>
   <div class='ocr_carea' id='block_1_20' title="bbox 388 2086 1970 2158">
    <p class='ocr_par' dir='ltr' id='par_1_20' title="bbox 388 2086 1970 2158">
     <span class='ocr_line' id='line_1_20' title="bbox 388 2086 1970 2158; baseline 0 -18"><span class='ocrx_word' id='word_1_114' title='bbox 388 2095 500 2141; x_wconf 91' lang='lat' dir='ltr'><strong>tam</strong></span> <span class='ocrx_word' id='word_1_115' title='bbox 519 2087 742 2142; x_wconf 84' lang='lat' dir='ltr'><strong>miseris</strong></span> <span class='ocrx_word' id='word_1_116' title='bbox 759 2086 1050 2157; x_wconf 86' lang='lat' dir='ltr'><strong>torquebat</strong></span> <span class='ocrx_word' id='word_1_117' title='bbox 1068 2086 1267 2154; x_wconf 88' lang='lat' dir='ltr'><strong>modis,</strong></span> <span class='ocrx_word' id='word_1_118' title='bbox 1300 2094 1361 2143; x_wconf 89' lang='lat' dir='ltr'><strong>ut</strong></span> <span class='ocrx_word' id='word_1_119' title='bbox 1384 2103 1499 2158; x_wconf 57' lang='lat' dir='ltr'><strong>pra:</strong></span> <span class='ocrx_word' id='word_1_120' title='bbox 1527 2086 1695 2142; x_wconf 88' lang='lat' dir='ltr'><strong>nimia</strong></span> <span class='ocrx_word' id='word_1_121' title='bbox 1719 2087 1970 2156; x_wconf 89' lang='lat' dir='ltr'><strong>corporis</strong></span> 
     </span>
    </p>
   </div>
   <div class='ocr_carea' id='block_1_21' title="bbox 385 2178 1965 2250">
    <p class='ocr_par' dir='ltr' id='par_1_21' title="bbox 385 2178 1965 2250">
     <span class='ocr_line' id='line_1_21' title="bbox 385 2178 1965 2250; baseline -0.001 -16"><span class='ocrx_word' id='word_1_122' title='bbox 385 2179 708 2234; x_wconf 76' lang='lat' dir='ltr'><strong>extensione</strong></span> <span class='ocrx_word' id='word_1_123' title='bbox 736 2178 882 2233; x_wconf 91' lang='lat' dir='ltr'><strong>oculi</strong></span> <span class='ocrx_word' id='word_1_124' title='bbox 915 2179 1144 2234; x_wconf 85' lang='lat' dir='ltr'><strong>sedibus</strong></span> <span class='ocrx_word' id='word_1_125' title='bbox 1185 2178 1300 2235; x_wconf 87' lang='lat' dir='ltr'><strong>suis</strong></span> <span class='ocrx_word' id='word_1_126' title='bbox 1338 2180 1588 2250; x_wconf 90' lang='lat' dir='ltr'><strong>erupturi</strong></span> <span class='ocrx_word' id='word_1_127' title='bbox 1622 2181 1965 2235; x_wconf 83' lang='lat' dir='ltr'><strong>viderentur.</strong></span> 
     </span>
    </p>
   </div>
   <div class='ocr_carea' id='block_1_22' title="bbox 386 2268 1969 2340">
    <p class='ocr_par' dir='ltr' id='par_1_22' title="bbox 386 2268 1969 2340">
     <span class='ocr_line' id='line_1_22' title="bbox 386 2268 1969 2340; baseline 0.001 -17"><span class='ocrx_word' id='word_1_128' title='bbox 386 2268 727 2324; x_wconf 84' lang='lat' dir='ltr'><strong>Periclitanti</strong></span> <span class='ocrx_word' id='word_1_129' title='bbox 745 2270 936 2340; x_wconf 92' lang='lat' dir='ltr'><strong>igitur,</strong></span> <span class='ocrx_word' id='word_1_130' title='bbox 955 2270 1174 2325; x_wconf 90' lang='lat' dir='ltr'><strong>cunctis</strong></span> <span class='ocrx_word' id='word_1_131' title='bbox 1188 2270 1595 2337; x_wconf 81' lang='lat' dir='ltr'><strong>deﬁcientibus,</strong></span> <span class='ocrx_word' id='word_1_132' title='bbox 1610 2271 1810 2327; x_wconf 88' lang='lat' dir='ltr'><strong>adeste</strong></span> <span class='ocrx_word' id='word_1_133' title='bbox 1828 2270 1969 2326; x_wconf 68' lang='lat' dir='ltr'><strong>coelo</strong></span> 
     </span>
    </p>
   </div>
   <div class='ocr_carea' id='block_1_23' title="bbox 388 2362 1967 2434">
    <p class='ocr_par' dir='ltr' id='par_1_23' title="bbox 388 2362 1967 2434">
     <span class='ocr_line' id='line_1_23' title="bbox 388 2362 1967 2434; baseline -0.001 -17"><span class='ocrx_word' id='word_1_134' title='bbox 388 2364 640 2434; x_wconf 81' lang='lat' dir='ltr'><strong>angelus,</strong></span> <span class='ocrx_word' id='word_1_135' title='bbox 671 2363 866 2417; x_wconf 89' lang='lat' dir='ltr'><strong>habitu</strong></span> <span class='ocrx_word' id='word_1_136' title='bbox 900 2377 964 2417; x_wconf 89' lang='lat' dir='ltr'><strong>ac</strong></span> <span class='ocrx_word' id='word_1_137' title='bbox 999 2363 1183 2434; x_wconf 85' lang='lat' dir='ltr'><strong>specie</strong></span> <span class='ocrx_word' id='word_1_138' title='bbox 1226 2363 1437 2430; x_wconf 90' lang='lat' dir='ltr'><strong>militis,</strong></span> <span class='ocrx_word' id='word_1_139' title='bbox 1484 2362 1637 2419; x_wconf 90' lang='lat' dir='ltr'><strong>abire</strong></span> <span class='ocrx_word' id='word_1_140' title='bbox 1672 2364 1851 2434; x_wconf 89' lang='lat' dir='ltr'><strong>ipsum</strong></span> <span class='ocrx_word' id='word_1_141' title='bbox 1912 2364 1967 2417; x_wconf 89' lang='lat' dir='ltr'><strong>in</strong></span> 
     </span>
    </p>
   </div>
   <div class='ocr_carea' id='block_1_24' title="bbox 388 2453 1966 2527">
    <p class='ocr_par' dir='ltr' id='par_1_24' title="bbox 388 2453 1966 2527">
     <span class='ocr_line' id='line_1_24' title="bbox 388 2453 1966 2527; baseline 0 -18"><span class='ocrx_word' id='word_1_142' title='bbox 388 2464 635 2509; x_wconf 83' lang='lat' dir='ltr'><strong>montem</strong></span> <span class='ocrx_word' id='word_1_143' title='bbox 665 2454 974 2509; x_wconf 86' lang='lat' dir='ltr'><strong>mirabilem</strong></span> <span class='ocrx_word' id='word_1_144' title='bbox 1009 2453 1077 2508; x_wconf 83' lang='lat' dir='ltr'><strong>ad</strong></span> <span class='ocrx_word' id='word_1_145' title='bbox 1110 2461 1360 2509; x_wconf 86' lang='lat' dir='ltr'><strong>sanctqu</strong></span> <span class='ocrx_word' id='word_1_146' title='bbox 1392 2453 1717 2527; x_wconf 84' lang='lat' dir='ltr'><strong>Symeonem</strong></span> <span class='ocrx_word' id='word_1_147' title='bbox 1742 2455 1966 2525; x_wconf 87' lang='lat' dir='ltr'><strong>jubens.</strong></span> 
     </span>
    </p>
   </div>
   <div class='ocr_carea' id='block_1_25' title="bbox 385 2543 1967 2615">
    <p class='ocr_par' dir='ltr' id='par_1_25' title="bbox 385 2543 1967 2615">
     <span class='ocr_line' id='line_1_25' title="bbox 385 2543 1967 2615; baseline 0 -15"><span class='ocrx_word' id='word_1_148' title='bbox 385 2545 507 2614; x_wconf 80' lang='lat' dir='ltr'><strong>Ipse</strong></span> <span class='ocrx_word' id='word_1_149' title='bbox 519 2547 690 2610; x_wconf 86' lang='lat' dir='ltr'><strong>enim,</strong></span> <span class='ocrx_word' id='word_1_150' title='bbox 706 2546 906 2615; x_wconf 90' lang='lat' dir='ltr'><strong>inquit,</strong></span> <span class='ocrx_word' id='word_1_151' title='bbox 927 2561 959 2600; x_wconf 87' lang='lat' dir='ltr'><strong>a</strong></span> <span class='ocrx_word' id='word_1_152' title='bbox 973 2543 1362 2602; x_wconf 79' lang='lat' dir='ltr'><strong>vexationibus</strong></span> <span class='ocrx_word' id='word_1_153' title='bbox 1381 2545 1648 2602; x_wconf 69' lang='lat' dir='ltr'><strong>daemonis</strong></span> <span class='ocrx_word' id='word_1_154' title='bbox 1661 2555 1713 2601; x_wconf 90' lang='lat' dir='ltr'><strong>te</strong></span> <span class='ocrx_word' id='word_1_155' title='bbox 1732 2547 1967 2601; x_wconf 89' lang='lat' dir='ltr'><strong>liberum</strong></span> 
     </span>
    </p>
   </div>
   <div class='ocr_carea' id='block_1_26' title="bbox 386 2636 1969 2709">
    <p class='ocr_par' dir='ltr' id='par_1_26' title="bbox 386 2636 1969 2709">
     <span class='ocr_line' id='line_1_26' title="bbox 386 2636 1969 2709; baseline 0.003 -21"><span class='ocrx_word' id='word_1_156' title='bbox 386 2636 689 2707; x_wconf 67' lang='lat' dir='ltr'><strong>praestabit.</strong></span> <span class='ocrx_word' id='word_1_157' title='bbox 719 2636 915 2692; x_wconf 89' lang='lat' dir='ltr'><strong>Statim</strong></span> <span class='ocrx_word' id='word_1_158' title='bbox 947 2637 1117 2709; x_wconf 90' lang='lat' dir='ltr'><strong>igitur</strong></span> <span class='ocrx_word' id='word_1_159' title='bbox 1139 2638 1342 2709; x_wconf 81' lang='lat' dir='ltr'><strong>juvene</strong></span> <span class='ocrx_word' id='word_1_160' title='bbox 1370 2639 1477 2693; x_wconf 89' lang='lat' dir='ltr'><strong>iter</strong></span> <span class='ocrx_word' id='word_1_161' title='bbox 1509 2638 1575 2692; x_wconf 89' lang='lat' dir='ltr'><strong>ad</strong></span> <span class='ocrx_word' id='word_1_162' title='bbox 1610 2647 1861 2693; x_wconf 88' lang='lat' dir='ltr'><strong>sanctum</strong></span> <span class='ocrx_word' id='word_1_163' title='bbox 1887 2639 1969 2693; x_wconf 91' lang='lat' dir='ltr'><strong>in-</strong></span> 
     </span>
    </p>
   </div>
   <div class='ocr_carea' id='block_1_27' title="bbox 385 2727 1967 2811">
    <p class='ocr_par' dir='ltr' id='par_1_27' title="bbox 385 2727 1967 2811">
     <span class='ocr_line' id='line_1_27' title="bbox 385 2727 1967 2811; baseline 0.004 -31"><span class='ocrx_word' id='word_1_164' title='bbox 385 2742 595 2797; x_wconf 81' lang='lat' dir='ltr'><strong>gresso,</strong></span> <span class='ocrx_word' id='word_1_165' title='bbox 624 2737 928 2798; x_wconf 79' lang='lat' dir='ltr'><strong>sanctoque</strong></span> <span class='ocrx_word' id='word_1_166' title='bbox 968 2728 1453 2811; x_wconf 57' lang='lat' dir='ltr'><strong>inexpugnabilem</strong></span> <span class='ocrx_word' id='word_1_167' title='bbox 1495 2727 1701 2786; x_wconf 84' lang='lat' dir='ltr'><strong>Christi</strong></span> <span class='ocrx_word' id='word_1_168' title='bbox 1746 2747 1967 2787; x_wconf 84' lang='lat' dir='ltr'><strong>crucem</strong></span> 
     </span>
    </p>
   </div>
   <div class='ocr_carea' id='block_1_28' title="bbox 388 2816 1970 2893">
    <p class='ocr_par' dir='ltr' id='par_1_28' title="bbox 388 2816 1970 2893">
     <span class='ocr_line' id='line_1_28' title="bbox 388 2816 1970 2893; baseline 0.004 -22"><span class='ocrx_word' id='word_1_169' title='bbox 388 2816 491 2888; x_wconf 89' lang='lat' dir='ltr'><strong>ipsi</strong></span> <span class='ocrx_word' id='word_1_170' title='bbox 526 2818 878 2888; x_wconf 88' lang='lat' dir='ltr'><strong>imprimente</strong></span> <span class='ocrx_word' id='word_1_171' title='bbox 900 2861 915 2884; x_wconf 97' lang='lat'><strong>,</strong></span> <span class='ocrx_word' id='word_1_172' title='bbox 955 2818 1251 2875; x_wconf 72' lang='lat' dir='ltr'><strong>videbatur</strong></span> <span class='ocrx_word' id='word_1_173' title='bbox 1287 2819 1392 2875; x_wconf 91' lang='lat' dir='ltr'><strong>sibi</strong></span> <span class='ocrx_word' id='word_1_174' title='bbox 1420 2821 1634 2877; x_wconf 57' lang='lat' dir='ltr'><strong>daemon</strong></span> <span class='ocrx_word' id='word_1_175' title='bbox 1662 2823 1835 2893; x_wconf 87' lang='lat' dir='ltr'><strong>ignito</strong></span> <span class='ocrx_word' id='word_1_176' title='bbox 1864 2823 1970 2877; x_wconf 89' lang='lat' dir='ltr'><strong>ful-</strong></span> 
     </span>
    </p>
   </div>
   <div class='ocr_carea' id='block_1_29' title="bbox 384 2909 1968 2981">
    <p class='ocr_par' dir='ltr' id='par_1_29' title="bbox 384 2909 1968 2981">
     <span class='ocr_line' id='line_1_29' title="bbox 384 2909 1968 2981; baseline 0.006 -18"><span class='ocrx_word' id='word_1_177' title='bbox 384 2912 533 2964; x_wconf 88' lang='lat' dir='ltr'><strong>mine</strong></span> <span class='ocrx_word' id='word_1_178' title='bbox 598 2909 917 2981; x_wconf 87' lang='lat' dir='ltr'><strong>perstringi,</strong></span> <span class='ocrx_word' id='word_1_179' title='bbox 956 2911 1316 2967; x_wconf 84' lang='lat' dir='ltr'><strong>exclamans:</strong></span> <span class='ocrx_word' id='word_1_180' title='bbox 1378 2912 1521 2979; x_wconf 80' lang='lat' dir='ltr'><strong>Quid</strong></span> <span class='ocrx_word' id='word_1_181' title='bbox 1560 2913 1756 2980; x_wconf 89' lang='lat' dir='ltr'><strong>hocce,</strong></span> <span class='ocrx_word' id='word_1_182' title='bbox 1810 2931 1968 2972; x_wconf 81' lang='lat' dir='ltr'><strong>serve</strong></span> 
     </span>
    </p>
   </div>
   <div class='ocr_carea' id='block_1_30' title="bbox 387 3001 1967 3078">
    <p class='ocr_par' dir='ltr' id='par_1_30' title="bbox 387 3001 1967 3078">
     <span class='ocr_line' id='line_1_30' title="bbox 387 3001 1967 3078; baseline 0.004 -23"><span class='ocrx_word' id='word_1_183' title='bbox 387 3001 521 3056; x_wconf 82' lang='lat' dir='ltr'><strong>Dei?</strong></span> <span class='ocrx_word' id='word_1_184' title='bbox 539 3002 673 3072; x_wconf 91' lang='lat' dir='ltr'><strong>quid</strong></span> <span class='ocrx_word' id='word_1_185' title='bbox 698 3017 785 3057; x_wconf 89' lang='lat' dir='ltr'><strong>me</strong></span> <span class='ocrx_word' id='word_1_186' title='bbox 810 3013 919 3057; x_wconf 88' lang='lat' dir='ltr'><strong>tam</strong></span> <span class='ocrx_word' id='word_1_187' title='bbox 946 3003 1263 3059; x_wconf 82' lang='lat' dir='ltr'><strong>immaniter</strong></span> <span class='ocrx_word' id='word_1_188' title='bbox 1299 3007 1554 3061; x_wconf 87' lang='lat' dir='ltr'><strong>cremas?</strong></span> <span class='ocrx_word' id='word_1_189' title='bbox 1577 3023 1797 3078; x_wconf 87' lang='lat' dir='ltr'><strong>nequeo</strong></span> <span class='ocrx_word' id='word_1_190' title='bbox 1818 3009 1967 3063; x_wconf 84' lang='lat' dir='ltr'><strong>enim</strong></span> 
     </span>
    </p>
   </div>
   <div class='ocr_carea' id='block_1_31' title="bbox 388 3099 1967 3171">
    <p class='ocr_par' dir='ltr' id='par_1_31' title="bbox 388 3099 1967 3171">
     <span class='ocr_line' id='line_1_31' title="bbox 388 3099 1967 3171; baseline 0.003 -19"><span class='ocrx_word' id='word_1_191' title='bbox 388 3100 694 3155; x_wconf 86' lang='lat' dir='ltr'><strong>terribilem</strong></span> <span class='ocrx_word' id='word_1_192' title='bbox 722 3099 818 3155; x_wconf 88' lang='lat' dir='ltr'><strong>Dei</strong></span> <span class='ocrx_word' id='word_1_193' title='bbox 854 3115 1101 3166; x_wconf 86' lang='lat' dir='ltr'><strong>manum,</strong></span> <span class='ocrx_word' id='word_1_194' title='bbox 1124 3116 1247 3171; x_wconf 71' lang='lat' dir='ltr'><strong>qua:</strong></span> <span class='ocrx_word' id='word_1_195' title='bbox 1272 3100 1329 3156; x_wconf 90' lang='lat' dir='ltr'><strong>in</strong></span> <span class='ocrx_word' id='word_1_196' title='bbox 1351 3110 1402 3156; x_wconf 90' lang='lat' dir='ltr'><strong>te</strong></span> <span class='ocrx_word' id='word_1_197' title='bbox 1426 3113 1531 3166; x_wconf 88' lang='lat' dir='ltr'><strong>est,</strong></span> <span class='ocrx_word' id='word_1_198' title='bbox 1553 3103 1845 3158; x_wconf 88' lang='lat' dir='ltr'><strong>sustinere.</strong></span> <span class='ocrx_word' id='word_1_199' title='bbox 1873 3104 1967 3159; x_wconf 91' lang='lat' dir='ltr'><strong>llla</strong></span> 
     </span>
    </p>
   </div>
   <div class='ocr_carea' id='block_1_32' title="bbox 386 3188 1970 3263">
    <p class='ocr_par' dir='ltr' id='par_1_32' title="bbox 386 3188 1970 3263">
     <span class='ocr_line' id='line_1_32' title="bbox 386 3188 1970 3263; baseline 0.002 -19"><span class='ocrx_word' id='word_1_200' title='bbox 386 3197 492 3255; x_wconf 61' lang='lat' dir='ltr'><strong>est,</strong></span> <span class='ocrx_word' id='word_1_201' title='bbox 518 3204 639 3261; x_wconf 65' lang='lat' dir='ltr'><strong>quae</strong></span> <span class='ocrx_word' id='word_1_202' title='bbox 668 3204 779 3243; x_wconf 91' lang='lat' dir='ltr'><strong>non</strong></span> <span class='ocrx_word' id='word_1_203' title='bbox 803 3188 979 3244; x_wconf 90' lang='lat' dir='ltr'><strong>solum</strong></span> <span class='ocrx_word' id='word_1_204' title='bbox 1006 3205 1107 3244; x_wconf 90' lang='lat' dir='ltr'><strong>nos</strong></span> <span class='ocrx_word' id='word_1_205' title='bbox 1136 3190 1298 3261; x_wconf 87' lang='lat' dir='ltr'><strong>igneo</strong></span> <span class='ocrx_word' id='word_1_206' title='bbox 1323 3191 1610 3247; x_wconf 84' lang='lat' dir='ltr'><strong>consuevit</strong></span> <span class='ocrx_word' id='word_1_207' title='bbox 1630 3190 1841 3263; x_wconf 84' lang='lat' dir='ltr'><strong>ﬂagello</strong></span> <span class='ocrx_word' id='word_1_208' title='bbox 1871 3193 1970 3263; x_wconf 87' lang='lat' dir='ltr'><strong>eji-</strong></span> 
     </span>
    </p>
   </div>
   <div class='ocr_carea' id='block_1_33' title="bbox 388 3268 2039 3353">
    <p class='ocr_par' dir='ltr' id='par_1_33' title="bbox 388 3268 2039 3353">
     <span class='ocr_line' id='line_1_33' title="bbox 388 3268 2039 3353; baseline 0.002 -18"><span class='ocrx_word' id='word_1_209' title='bbox 388 3294 536 3343; x_wconf 88' lang='lat' dir='ltr'><strong>cere,</strong></span> <span class='ocrx_word' id='word_1_210' title='bbox 567 3279 734 3335; x_wconf 88' lang='lat' dir='ltr'><strong>sedet</strong></span> <span class='ocrx_word' id='word_1_211' title='bbox 750 3279 937 3349; x_wconf 83' lang='lat' dir='ltr'><strong>pepuli</strong></span> <span class='ocrx_word' id='word_1_212' title='bbox 963 3281 1387 3350; x_wconf 60' lang='lat' dir='ltr'><strong>mgrit‘udinibus</strong></span> <span class='ocrx_word' id='word_1_213' title='bbox 1410 3281 1593 3337; x_wconf 83' lang='lat' dir='ltr'><strong>omnis</strong></span> <span class='ocrx_word' id='word_1_214' title='bbox 1609 3283 1828 3353; x_wconf 79' lang='lat' dir='ltr'><strong>generis</strong></span> <span class='ocrx_word' id='word_1_215' title='bbox 1854 3300 1969 3339; x_wconf 86' lang='lat' dir='ltr'><strong>me-</strong></span> <span class='ocrx_word' id='word_1_216' title='bbox 1998 3268 2039 3289; x_wconf 78' lang='grc'><em>”</em></span> 
     </span>
    </p>
   </div>
   <div class='ocr_carea' id='block_1_34' title="bbox 314 3372 1971 3443">
    <p class='ocr_par' dir='ltr' id='par_1_34' title="bbox 314 3372 1971 3443">
     <span class='ocr_line' id='line_1_34' title="bbox 314 3372 1971 3443; baseline 0.002 -18"><span class='ocrx_word' id='word_1_217' title='bbox 314 3430 319 3437; x_wconf 54' lang='grc'><strong>,</strong></span> <span class='ocrx_word' id='word_1_218' title='bbox 389 3373 567 3427; x_wconf 84' lang='lat' dir='ltr'><strong>dclam</strong></span> <span class='ocrx_word' id='word_1_219' title='bbox 599 3372 823 3427; x_wconf 77' lang='lat' dir='ltr'><strong>aﬂ‘erre.</strong></span> <span class='ocrx_word' id='word_1_220' title='bbox 863 3372 1057 3427; x_wconf 68' lang='lat' dir='ltr'><strong>lstbzec</strong></span> <span class='ocrx_word' id='word_1_221' title='bbox 1092 3388 1329 3443; x_wconf 88' lang='lat' dir='ltr'><strong>nequam</strong></span> <span class='ocrx_word' id='word_1_222' title='bbox 1360 3373 1591 3443; x_wconf 88' lang='lat' dir='ltr'><strong>spiritus</strong></span> <span class='ocrx_word' id='word_1_223' title='bbox 1625 3389 1725 3443; x_wconf 91' lang='lat' dir='ltr'><strong>per</strong></span> <span class='ocrx_word' id='word_1_224' title='bbox 1750 3373 1971 3429; x_wconf 72' lang='lat' dir='ltr'><strong>obsessi</strong></span> 
     </span>
    </p>
   </div>
   <div class='ocr_carea' id='block_1_35' title="bbox 388 3463 1972 3536">
    <p class='ocr_par' dir='ltr' id='par_1_35' title="bbox 388 3463 1972 3536">
     <span class='ocr_line' id='line_1_35' title="bbox 388 3463 1972 3536; baseline 0.001 -17"><span class='ocrx_word' id='word_1_225' title='bbox 388 3464 629 3536; x_wconf 81' lang='lat' dir='ltr'><strong>linguam</strong></span> <span class='ocrx_word' id='word_1_226' title='bbox 672 3463 946 3527; x_wconf 85' lang='lat' dir='ltr'><strong>elocutus,</strong></span> <span class='ocrx_word' id='word_1_227' title='bbox 991 3465 1259 3519; x_wconf 89' lang='lat' dir='ltr'><strong>continuo</strong></span> <span class='ocrx_word' id='word_1_228' title='bbox 1292 3464 1521 3519; x_wconf 88' lang='lat' dir='ltr'><strong>abactus</strong></span> <span class='ocrx_word' id='word_1_229' title='bbox 1566 3475 1653 3521; x_wconf 90' lang='lat' dir='ltr'><strong>est</strong></span> <span class='ocrx_word' id='word_1_230' title='bbox 1703 3465 1972 3536; x_wconf 82' lang='lat' dir='ltr'><strong>:juvenis</strong></span> 
     </span>
    </p>
   </div>
   <div class='ocr_carea' id='block_1_36' title="bbox 389 3555 1972 3627">
    <p class='ocr_par' dir='ltr' id='par_1_36' title="bbox 389 3555 1972 3627">
     <span class='ocr_line' id='line_1_36' title="bbox 389 3555 1972 3627; baseline 0.004 -21"><span class='ocrx_word' id='word_1_231' title='bbox 389 3571 524 3611; x_wconf 79' lang='lat' dir='ltr'><strong>vero</strong></span> <span class='ocrx_word' id='word_1_232' title='bbox 553 3556 843 3619; x_wconf 72' lang='lat' dir='ltr'><strong>liberatus,</strong></span> <span class='ocrx_word' id='word_1_233' title='bbox 870 3556 1048 3611; x_wconf 87' lang='lat' dir='ltr'><strong>oculis</strong></span> <span class='ocrx_word' id='word_1_234' title='bbox 1087 3558 1205 3612; x_wconf 88' lang='lat' dir='ltr'><strong>suis</strong></span> <span class='ocrx_word' id='word_1_235' title='bbox 1230 3557 1510 3627; x_wconf 84' lang='lat' dir='ltr'><strong>angelum,</strong></span> <span class='ocrx_word' id='word_1_236' title='bbox 1547 3555 1733 3610; x_wconf 83' lang='lat' dir='ltr'><strong>omnia</strong></span> <span class='ocrx_word' id='word_1_237' title='bbox 1781 3556 1972 3612; x_wconf 86' lang='lat' dir='ltr'><strong>militis</strong></span> 
     </span>
    </p>
   </div>
   <div class='ocr_carea' id='block_1_37' title="bbox 390 3648 1972 3722">
    <p class='ocr_par' dir='ltr' id='par_1_37' title="bbox 390 3648 1972 3722">
     <span class='ocr_line' id='line_1_37' title="bbox 390 3648 1972 3722; baseline 0.003 -20"><span class='ocrx_word' id='word_1_238' title='bbox 390 3648 743 3714; x_wconf 88' lang='lat' dir='ltr'><strong>referentem,</strong></span> <span class='ocrx_word' id='word_1_239' title='bbox 768 3658 949 3705; x_wconf 84' lang='lat' dir='ltr'><strong>astare</strong></span> <span class='ocrx_word' id='word_1_240' title='bbox 984 3649 1241 3722; x_wconf 76' lang='lat' dir='ltr'><strong>Symeoni</strong></span> <span class='ocrx_word' id='word_1_241' title='bbox 1274 3649 1584 3720; x_wconf 81' lang='lat' dir='ltr'><strong>conspexit,</strong></span> <span class='ocrx_word' id='word_1_242' title='bbox 1619 3666 1857 3722; x_wconf 90' lang='lat' dir='ltr'><strong>cumque</strong></span> <span class='ocrx_word' id='word_1_243' title='bbox 1904 3668 1972 3707; x_wconf 85' lang='lat' dir='ltr'><strong>eo</strong></span> 
     </span>
    </p>
   </div>
   <div class='ocr_carea' id='block_1_38' title="bbox 389 3741 1973 3815">
    <p class='ocr_par' dir='ltr' id='par_1_38' title="bbox 389 3741 1973 3815">
     <span class='ocr_line' id='line_1_38' title="bbox 389 3741 1973 3815; baseline 0.002 -19"><span class='ocrx_word' id='word_1_244' title='bbox 389 3741 627 3812; x_wconf 87' lang='lat' dir='ltr'><strong>colloqui</strong></span> <span class='ocrx_word' id='word_1_245' title='bbox 680 3741 1057 3810; x_wconf 78' lang='lat' dir='ltr'><strong>familiariter,</strong></span> <span class='ocrx_word' id='word_1_246' title='bbox 1105 3741 1571 3814; x_wconf 83' lang='lat' dir='ltr'><strong>quemadmodum</strong></span> <span class='ocrx_word' id='word_1_247' title='bbox 1610 3743 1814 3799; x_wconf 86' lang='lat' dir='ltr'><strong>deinde</strong></span> <span class='ocrx_word' id='word_1_248' title='bbox 1867 3745 1973 3815; x_wconf 92' lang='lat' dir='ltr'><strong>ipsi</strong></span> 
     </span>
    </p>
   </div>
   <div class='ocr_carea' id='block_1_39' title="bbox 390 3832 1971 3907">
    <p class='ocr_par' dir='ltr' id='par_1_39' title="bbox 390 3832 1971 3907">
     <span class='ocr_line' id='line_1_39' title="bbox 390 3832 1971 3907; baseline 0.001 -20"><span class='ocrx_word' id='word_1_249' title='bbox 390 3832 658 3888; x_wconf 87' lang='lat' dir='ltr'><strong>narravit.</strong></span> <span class='ocrx_word' id='word_1_250' title='bbox 703 3833 833 3889; x_wconf 88' lang='lat' dir='ltr'><strong>Post</strong></span> <span class='ocrx_word' id='word_1_251' title='bbox 871 3834 991 3890; x_wconf 65' lang='lat' dir='ltr'><strong>baac</strong></span> <span class='ocrx_word' id='word_1_252' title='bbox 1032 3842 1089 3891; x_wconf 91' lang='lat' dir='ltr'><strong>et</strong></span> <span class='ocrx_word' id='word_1_253' title='bbox 1130 3851 1230 3906; x_wconf 84' lang='lat' dir='ltr'><strong>pro</strong></span> <span class='ocrx_word' id='word_1_254' title='bbox 1264 3836 1646 3891; x_wconf 86' lang='lat' dir='ltr'><strong>incolumitate</strong></span> <span class='ocrx_word' id='word_1_255' title='bbox 1672 3835 1829 3907; x_wconf 86' lang='lat' dir='ltr'><strong>pedis</strong></span> <span class='ocrx_word' id='word_1_256' title='bbox 1885 3834 1971 3889; x_wconf 90' lang='lat' dir='ltr'><strong>sui</strong></span> 
     </span>
    </p>
   </div>
   <div class='ocr_carea' id='block_1_40' title="bbox 390 3925 1974 4001">
    <p class='ocr_par' dir='ltr' id='par_1_40' title="bbox 390 3925 1974 4001">
     <span class='ocr_line' id='line_1_40' title="bbox 390 3925 1974 4001; baseline 0.003 -23"><span class='ocrx_word' id='word_1_257' title='bbox 390 3933 656 3995; x_wconf 84' lang='lat' dir='ltr'><strong>precatus</strong></span> <span class='ocrx_word' id='word_1_258' title='bbox 677 3933 761 3981; x_wconf 90' lang='lat' dir='ltr'><strong>est</strong></span> <span class='ocrx_word' id='word_1_259' title='bbox 791 3925 1148 3992; x_wconf 82' lang='lat' dir='ltr'><strong>adolescens;</strong></span> <span class='ocrx_word' id='word_1_260' title='bbox 1178 3937 1300 4001; x_wconf 84' lang='lat' dir='ltr'><strong>erat</strong></span> <span class='ocrx_word' id='word_1_261' title='bbox 1339 3929 1545 3999; x_wconf 90' lang='lat' dir='ltr'><strong>quippe</strong></span> <span class='ocrx_word' id='word_1_262' title='bbox 1598 3929 1645 3983; x_wconf 88' lang='lat' dir='ltr'><strong>is</strong></span> <span class='ocrx_word' id='word_1_263' title='bbox 1676 3928 1974 3985; x_wconf 85' lang='lat' dir='ltr'><strong>admodum</strong></span> 
     </span>
    </p>
   </div>
   <div class='ocr_carea' id='block_1_41' title="bbox 392 4016 1974 4089">
    <p class='ocr_par' dir='ltr' id='par_1_41' title="bbox 392 4016 1974 4089">
     <span class='ocr_line' id='line_1_41' title="bbox 392 4016 1974 4089; baseline 0.001 -18"><span class='ocrx_word' id='word_1_264' title='bbox 392 4016 633 4083; x_wconf 85' lang='lat' dir='ltr'><strong>debilis,</strong></span> <span class='ocrx_word' id='word_1_265' title='bbox 684 4026 743 4072; x_wconf 90' lang='lat' dir='ltr'><strong>et</strong></span> <span class='ocrx_word' id='word_1_266' title='bbox 797 4018 914 4073; x_wconf 86' lang='lat' dir='ltr'><strong>fere</strong></span> <span class='ocrx_word' id='word_1_267' title='bbox 965 4017 1032 4073; x_wconf 88' lang='lat' dir='ltr'><strong>ad</strong></span> <span class='ocrx_word' id='word_1_268' title='bbox 1089 4018 1454 4089; x_wconf 69' lang='lat' dir='ltr'><strong>gradientium</strong></span> <span class='ocrx_word' id='word_1_269' title='bbox 1505 4019 1721 4077; x_wconf 84' lang='lat' dir='ltr'><strong>inutilis</strong></span> <span class='ocrx_word' id='word_1_270' title='bbox 1769 4038 1783 4073; x_wconf 90' lang='lat'><strong>:</strong></span> <span class='ocrx_word' id='word_1_271' title='bbox 1838 4019 1974 4089; x_wconf 92' lang='lat' dir='ltr'><strong>qui,</strong></span> 
     </span>
    </p>
   </div>
   <div class='ocr_carea' id='block_1_42' title="bbox 392 4100 1977 4180">
    <p class='ocr_par' dir='ltr' id='par_1_42' title="bbox 392 4100 1977 4180">
     <span class='ocr_line' id='line_1_42' title="bbox 392 4100 1977 4180; baseline -0.001 -17"><span class='ocrx_word' id='word_1_272' title='bbox 392 4108 651 4178; x_wconf 82' lang='lat' dir='ltr'><strong>imposita</strong></span> <span class='ocrx_word' id='word_1_273' title='bbox 670 4124 702 4163; x_wconf 88' lang='lat' dir='ltr'><strong>a</strong></span> <span class='ocrx_word' id='word_1_274' title='bbox 720 4107 993 4180; x_wconf 85' lang='lat' dir='ltr'><strong>Symeone</strong></span> <span class='ocrx_word' id='word_1_275' title='bbox 1014 4124 1177 4164; x_wconf 89' lang='lat' dir='ltr'><strong>manu</strong></span> <span class='ocrx_word' id='word_1_276' title='bbox 1198 4110 1531 4177; x_wconf 89' lang='lat' dir='ltr'><strong>medicante,</strong></span> <span class='ocrx_word' id='word_1_277' title='bbox 1552 4110 1803 4165; x_wconf 86' lang='lat' dir='ltr'><strong>oratione</strong></span> <span class='ocrx_word' id='word_1_278' title='bbox 1833 4100 1977 4173; x_wconf 68' lang='lat' dir='ltr'><strong>fusa,</strong></span> 
     </span>
    </p>
   </div>
   <div class='ocr_carea' id='block_1_43' title="bbox 393 4198 1977 4272">
    <p class='ocr_par' dir='ltr' id='par_1_43' title="bbox 393 4198 1977 4272">
     <span class='ocr_line' id='line_1_43' title="bbox 393 4198 1977 4272; baseline -0.003 -15"><span class='ocrx_word' id='word_1_279' title='bbox 393 4211 450 4257; x_wconf 90' lang='lat' dir='ltr'><strong>et</strong></span> <span class='ocrx_word' id='word_1_280' title='bbox 483 4203 638 4272; x_wconf 84' lang='lat' dir='ltr'><strong>signo</strong></span> <span class='ocrx_word' id='word_1_281' title='bbox 666 4202 848 4257; x_wconf 91' lang='lat' dir='ltr'><strong>crucis</strong></span> <span class='ocrx_word' id='word_1_282' title='bbox 871 4202 1161 4272; x_wconf 84' lang='lat' dir='ltr'><strong>impresso,</strong></span> <span class='ocrx_word' id='word_1_283' title='bbox 1193 4203 1484 4258; x_wconf 80' lang='lat' dir='ltr'><strong>confestim</strong></span> <span class='ocrx_word' id='word_1_284' title='bbox 1522 4201 1733 4271; x_wconf 85' lang='lat' dir='ltr'><strong>integer</strong></span> <span class='ocrx_word' id='word_1_285' title='bbox 1769 4214 1833 4254; x_wconf 87' lang='lat' dir='ltr'><strong>ac</strong></span> <span class='ocrx_word' id='word_1_286' title='bbox 1885 4198 1977 4252; x_wconf 81' lang='lat' dir='ltr'><strong>fir-</strong></span> 
     </span>
    </p>
   </div>
   <div class='ocr_carea' id='block_1_44' title="bbox 395 4293 1434 4350">
    <p class='ocr_par' dir='ltr' id='par_1_44' title="bbox 395 4293 1434 4350">
     <span class='ocr_line' id='line_1_44' title="bbox 395 4293 1434 4350; baseline -0.001 -3"><span class='ocrx_word' id='word_1_287' title='bbox 395 4309 519 4348; x_wconf 87' lang='lat' dir='ltr'><strong>mus</strong></span> <span class='ocrx_word' id='word_1_288' title='bbox 550 4293 711 4349; x_wconf 84' lang='lat' dir='ltr'><strong>alteri</strong></span> <span class='ocrx_word' id='word_1_289' title='bbox 739 4293 1054 4349; x_wconf 88' lang='lat' dir='ltr'><strong>omnimode</strong></span> <span class='ocrx_word' id='word_1_290' title='bbox 1092 4293 1289 4349; x_wconf 88' lang='lat' dir='ltr'><strong>similis</strong></span> <span class='ocrx_word' id='word_1_291' title='bbox 1312 4293 1434 4350; x_wconf 88' lang='lat' dir='ltr'><strong>fuit.</strong></span> 
     </span>
    </p>
   </div>
   <div class='ocr_carea' id='block_1_45' title="bbox 468 4556 2057 4631">
    <p class='ocr_par' dir='ltr' id='par_1_45' title="bbox 468 4556 2057 4631">
     <span class='ocr_line' id='line_1_45' title="bbox 468 4556 2057 4631; baseline 0 -7"><span class='ocrx_word' id='word_1_292' title='bbox 468 4570 552 4625; x_wconf 86' lang='lat'><strong>79.</strong></span> <span class='ocrx_word' id='word_1_293' title='bbox 588 4571 741 4626; x_wconf 76' lang='lat' dir='ltr'><strong>Alter</strong></span> <span class='ocrx_word' id='word_1_294' title='bbox 768 4571 1027 4629; x_wconf 86' lang='lat' dir='ltr'><strong>violentia</strong></span> <span class='ocrx_word' id='word_1_295' title='bbox 1052 4556 1322 4628; x_wconf 72' lang='lat' dir='ltr'><strong>daemonis</strong></span> <span class='ocrx_word' id='word_1_296' title='bbox 1346 4571 1543 4626; x_wconf 79' lang='lat' dir='ltr'><strong>faciem</strong></span> <span class='ocrx_word' id='word_1_297' title='bbox 1568 4570 1858 4624; x_wconf 78' lang='lat' dir='ltr'><strong>distortum</strong></span> <span class='ocrx_word' id='word_1_298' title='bbox 1881 4569 1978 4623; x_wconf 83' lang='lat' dir='ltr'><strong>ba-</strong></span> <span class='ocrx_word' id='word_1_299' title='bbox 2004 4572 2057 4631; x_wconf 87' lang='lat' dir='ltr'><strong>D</strong></span> 
     </span>
    </p>
   </div>
   <div class='ocr_carea' id='block_1_46' title="bbox 394 4663 1974 4740">
    <p class='ocr_par' dir='ltr' id='par_1_46' title="bbox 394 4663 1974 4740">
     <span class='ocr_line' id='line_1_46' title="bbox 394 4663 1974 4740; baseline -0.003 -16"><span class='ocrx_word' id='word_1_300' title='bbox 394 4669 581 4735; x_wconf 90' lang='lat' dir='ltr'><strong>bebat,</strong></span> <span class='ocrx_word' id='word_1_301' title='bbox 613 4668 711 4725; x_wconf 88' lang='lat' dir='ltr'><strong>sed</strong></span> <span class='ocrx_word' id='word_1_302' title='bbox 741 4669 1235 4726; x_wconf 83' lang='lat' dir='ltr'><strong>invocavituomeu</strong></span> <span class='ocrx_word' id='word_1_303' title='bbox 1260 4664 1551 4740; x_wconf 85' lang='lat' dir='ltr'><strong>Symeonis</strong></span> <span class='ocrx_word' id='word_1_304' title='bbox 1570 4679 1672 4735; x_wconf 88' lang='lat' dir='ltr'><strong>pro</strong></span> <span class='ocrx_word' id='word_1_305' title='bbox 1695 4663 1974 4720; x_wconf 86' lang='lat' dir='ltr'><strong>remedio:</strong></span> 
     </span>
    </p>
   </div>
   <div class='ocr_carea' id='block_1_47' title="bbox 393 4756 1974 4828">
    <p class='ocr_par' dir='ltr' id='par_1_47' title="bbox 393 4756 1974 4828">
     <span class='ocr_line' id='line_1_47' title="bbox 393 4756 1974 4828; baseline -0.005 -11"><span class='ocrx_word' id='word_1_306' title='bbox 393 4775 526 4817; x_wconf 89' lang='lat' dir='ltr'><strong>ecce</strong></span> <span class='ocrx_word' id='word_1_307' title='bbox 556 4772 739 4817; x_wconf 90' lang='lat' dir='ltr'><strong>autem</strong></span> <span class='ocrx_word' id='word_1_308' title='bbox 767 4761 822 4816; x_wconf 93' lang='lat' dir='ltr'><strong>in</strong></span> <span class='ocrx_word' id='word_1_309' title='bbox 862 4760 1049 4817; x_wconf 91' lang='lat' dir='ltr'><strong>medio</strong></span> <span class='ocrx_word' id='word_1_310' title='bbox 1095 4775 1222 4814; x_wconf 90' lang='lat' dir='ltr'><strong>aere</strong></span> <span class='ocrx_word' id='word_1_311' title='bbox 1250 4757 1605 4828; x_wconf 82' lang='lat' dir='ltr'><strong>conspicatus</strong></span> <span class='ocrx_word' id='word_1_312' title='bbox 1646 4756 1824 4827; x_wconf 90' lang='lat' dir='ltr'><strong>ipsum</strong></span> <span class='ocrx_word' id='word_1_313' title='bbox 1871 4764 1974 4821; x_wconf 88' lang='lat' dir='ltr'><strong>est,</strong></span> 
     </span>
    </p>
   </div>
   <div class='ocr_carea' id='block_1_48' title="bbox 394 4846 1978 4923">
    <p class='ocr_par' dir='ltr' id='par_1_48' title="bbox 394 4846 1978 4923">
     <span class='ocr_line' id='line_1_48' title="bbox 394 4846 1978 4923; baseline -0.001 -19"><span class='ocrx_word' id='word_1_314' title='bbox 394 4851 606 4923; x_wconf 87' lang='lat' dir='ltr'><strong>virgam</strong></span> <span class='ocrx_word' id='word_1_315' title='bbox 631 4851 846 4923; x_wconf 84' lang='lat' dir='ltr'><strong>igneam</strong></span> <span class='ocrx_word' id='word_1_316' title='bbox 877 4857 1183 4922; x_wconf 84' lang='lat' dir='ltr'><strong>gerentem,</strong></span> <span class='ocrx_word' id='word_1_317' title='bbox 1215 4857 1272 4903; x_wconf 92' lang='lat' dir='ltr'><strong>et</strong></span> <span class='ocrx_word' id='word_1_318' title='bbox 1300 4862 1427 4903; x_wconf 89' lang='lat' dir='ltr'><strong>cum</strong></span> <span class='ocrx_word' id='word_1_319' title='bbox 1455 4846 1661 4917; x_wconf 88' lang='lat' dir='ltr'><strong>impetu</strong></span> <span class='ocrx_word' id='word_1_320' title='bbox 1695 4846 1761 4900; x_wconf 88' lang='lat' dir='ltr'><strong>ad</strong></span> <span class='ocrx_word' id='word_1_321' title='bbox 1793 4861 1852 4901; x_wconf 91' lang='lat' dir='ltr'><strong>se</strong></span> <span class='ocrx_word' id='word_1_322' title='bbox 1878 4846 1978 4902; x_wconf 87' lang='lat' dir='ltr'><strong>de-</strong></span> 
     </span>
    </p>
   </div>
   <div class='ocr_carea' id='block_1_49' title="bbox 393 4938 1977 5011">
    <p class='ocr_par' dir='ltr' id='par_1_49' title="bbox 393 4938 1977 5011">
     <span class='ocr_line' id='line_1_49' title="bbox 393 4938 1977 5011; baseline -0.003 -14"><span class='ocrx_word' id='word_1_323' title='bbox 393 4942 693 4999; x_wconf 85' lang='lat' dir='ltr'><strong>labentcm.</strong></span> <span class='ocrx_word' id='word_1_324' title='bbox 744 4943 864 4999; x_wconf 87' lang='lat' dir='ltr'><strong>Non</strong></span> <span class='ocrx_word' id='word_1_325' title='bbox 918 4943 1047 4999; x_wconf 87' lang='lat' dir='ltr'><strong>tulit</strong></span> <span class='ocrx_word' id='word_1_326' title='bbox 1099 4940 1355 5010; x_wconf 86' lang='lat' dir='ltr'><strong>impurus</strong></span> <span class='ocrx_word' id='word_1_327' title='bbox 1403 4940 1635 5011; x_wconf 88' lang='lat' dir='ltr'><strong>spiritus</strong></span> <span class='ocrx_word' id='word_1_328' title='bbox 1677 4938 1977 4994; x_wconf 85' lang='lat' dir='ltr'><strong>adventum</strong></span> 
     </span>
    </p>
   </div>
   <div class='ocr_carea' id='block_1_50' title="bbox 392 5029 1983 5105">
    <p class='ocr_par' dir='ltr' id='par_1_50' title="bbox 392 5029 1983 5105">
     <span class='ocr_line' id='line_1_50' title="bbox 392 5029 1983 5105; baseline -0.001 -21"><span class='ocrx_word' id='word_1_329' title='bbox 392 5032 520 5098; x_wconf 91' lang='lat' dir='ltr'><strong>viri,</strong></span> <span class='ocrx_word' id='word_1_330' title='bbox 554 5033 608 5087; x_wconf 92' lang='lat' dir='ltr'><strong>in</strong></span> <span class='ocrx_word' id='word_1_331' title='bbox 658 5042 876 5105; x_wconf 89' lang='lat' dir='ltr'><strong>turpem</strong></span> <span class='ocrx_word' id='word_1_332' title='bbox 922 5032 1106 5104; x_wconf 86' lang='lat' dir='ltr'><strong>fugam</strong></span> <span class='ocrx_word' id='word_1_333' title='bbox 1144 5044 1445 5086; x_wconf 86' lang='lat' dir='ltr'><strong>conversus</strong></span> <span class='ocrx_word' id='word_1_334' title='bbox 1478 5046 1492 5083; x_wconf 89' lang='lat'><strong>:</strong></span> <span class='ocrx_word' id='word_1_335' title='bbox 1529 5044 1764 5100; x_wconf 77' lang='lat' dir='ltr'><strong>moxque</strong></span> <span class='ocrx_word' id='word_1_336' title='bbox 1796 5029 1983 5083; x_wconf 87' lang='lat' dir='ltr'><strong>vultus</strong></span> 
     </span>
    </p>
   </div>
   <div class='ocr_carea' id='block_1_51' title="bbox 395 5121 1979 5192">
    <p class='ocr_par' dir='ltr' id='par_1_51' title="bbox 395 5121 1979 5192">
     <span class='ocr_line' id='line_1_51' title="bbox 395 5121 1979 5192; baseline -0.002 -14"><span class='ocrx_word' id='word_1_337' title='bbox 395 5122 601 5178; x_wconf 89' lang='lat' dir='ltr'><strong>misero</strong></span> <span class='ocrx_word' id='word_1_338' title='bbox 636 5125 952 5189; x_wconf 89' lang='lat' dir='ltr'><strong>restitutus,</strong></span> <span class='ocrx_word' id='word_1_339' title='bbox 982 5121 1248 5192; x_wconf 89' lang='lat' dir='ltr'><strong>deinceps</strong></span> <span class='ocrx_word' id='word_1_340' title='bbox 1277 5137 1335 5178; x_wconf 90' lang='lat' dir='ltr'><strong>se</strong></span> <span class='ocrx_word' id='word_1_341' title='bbox 1364 5122 1561 5177; x_wconf 88' lang='lat' dir='ltr'><strong>habuit</strong></span> <span class='ocrx_word' id='word_1_342' title='bbox 1590 5132 1736 5177; x_wconf 90' lang='lat' dir='ltr'><strong>recte</strong></span> <span class='ocrx_word' id='word_1_343' title='bbox 1765 5131 1820 5177; x_wconf 87' lang='lat' dir='ltr'><strong>et</strong></span> <span class='ocrx_word' id='word_1_344' title='bbox 1844 5137 1979 5176; x_wconf 80' lang='lat' dir='ltr'><strong>con-</strong></span> 
     </span>
    </p>
   </div>
   <div class='ocr_carea' id='block_1_52' title="bbox 394 5215 1981 5290">
    <p class='ocr_par' dir='ltr' id='par_1_52' title="bbox 394 5215 1981 5290">
     <span class='ocr_line' id='line_1_52' title="bbox 394 5215 1981 5290; baseline -0.001 -17"><span class='ocrx_word' id='word_1_345' title='bbox 394 5219 686 5276; x_wconf 86' lang='lat' dir='ltr'><strong>venienter</strong></span> <span class='ocrx_word' id='word_1_346' title='bbox 710 5230 943 5276; x_wconf 64' lang='lat' dir='ltr'><strong>naturae.</strong></span> <span class='ocrx_word' id='word_1_347' title='bbox 982 5215 1218 5285; x_wconf 87' lang='lat' dir='ltr'><strong>Quidam</strong></span> <span class='ocrx_word' id='word_1_348' title='bbox 1257 5218 1312 5273; x_wconf 90' lang='lat' dir='ltr'><strong>in</strong></span> <span class='ocrx_word' id='word_1_349' title='bbox 1354 5219 1494 5290; x_wconf 89' lang='lat' dir='ltr'><strong>pede</strong></span> <span class='ocrx_word' id='word_1_350' title='bbox 1527 5234 1747 5274; x_wconf 90' lang='lat' dir='ltr'><strong>morsus</strong></span> <span class='ocrx_word' id='word_1_351' title='bbox 1777 5225 1896 5273; x_wconf 86' lang='lat' dir='ltr'><strong>erat</strong></span> <span class='ocrx_word' id='word_1_352' title='bbox 1950 5232 1981 5271; x_wconf 90' lang='lat' dir='ltr'><strong>a</strong></span> 
     </span>
    </p>
   </div>
   <div class='ocr_carea' id='block_1_53' title="bbox 395 5311 1978 5386">
    <p class='ocr_par' dir='ltr' id='par_1_53' title="bbox 395 5311 1978 5386">
     <span class='ocr_line' id='line_1_53' title="bbox 395 5311 1978 5386; baseline -0.002 -19"><span class='ocrx_word' id='word_1_353' title='bbox 395 5322 675 5382; x_wconf 86' lang='lat' dir='ltr'><strong>serpente,</strong></span> <span class='ocrx_word' id='word_1_354' title='bbox 705 5314 931 5386; x_wconf 85' lang='lat' dir='ltr'><strong>jamque</strong></span> <span class='ocrx_word' id='word_1_355' title='bbox 964 5325 1237 5366; x_wconf 91' lang='lat' dir='ltr'><strong>venenum</strong></span> <span class='ocrx_word' id='word_1_356' title='bbox 1268 5312 1483 5368; x_wconf 91' lang='lat' dir='ltr'><strong>vulneri</strong></span> <span class='ocrx_word' id='word_1_357' title='bbox 1516 5311 1978 5382; x_wconf 86' lang='lat' dir='ltr'><strong>putrefactionem</strong></span> 
     </span>
    </p>
   </div>
   <div class='ocr_carea' id='block_1_54' title="bbox 396 5405 1980 5475">
    <p class='ocr_par' dir='ltr' id='par_1_54' title="bbox 396 5405 1980 5475">
     <span class='ocr_line' id='line_1_54' title="bbox 396 5405 1980 5475; baseline -0.003 -14"><span class='ocrx_word' id='word_1_358' title='bbox 396 5419 689 5475; x_wconf 80' lang='lat' dir='ltr'><strong>generans,</strong></span> <span class='ocrx_word' id='word_1_359' title='bbox 725 5420 951 5460; x_wconf 89' lang='lat' dir='ltr'><strong>manum</strong></span> <span class='ocrx_word' id='word_1_360' title='bbox 992 5412 1279 5475; x_wconf 83' lang='lat' dir='ltr'><strong>artemque</strong></span> <span class='ocrx_word' id='word_1_361' title='bbox 1323 5405 1667 5462; x_wconf 88' lang='lat' dir='ltr'><strong>medicorum</strong></span> <span class='ocrx_word' id='word_1_362' title='bbox 1712 5418 1980 5474; x_wconf 83' lang='lat' dir='ltr'><strong>superva-</strong></span> 
     </span>
    </p>
   </div>
   <div class='ocr_carea' id='block_1_55' title="bbox 397 5496 1978 5568">
    <p class='ocr_par' dir='ltr' id='par_1_55' title="bbox 397 5496 1978 5568">
     <span class='ocr_line' id='line_1_55' title="bbox 397 5496 1978 5568; baseline 0.001 -19"><span class='ocrx_word' id='word_1_363' title='bbox 397 5511 627 5552; x_wconf 76' lang='lat' dir='ltr'><strong>caneam</strong></span> <span class='ocrx_word' id='word_1_364' title='bbox 652 5496 939 5561; x_wconf 85' lang='lat' dir='ltr'><strong>reddebat,</strong></span> <span class='ocrx_word' id='word_1_365' title='bbox 958 5505 1015 5553; x_wconf 90' lang='lat' dir='ltr'><strong>et</strong></span> <span class='ocrx_word' id='word_1_366' title='bbox 1032 5506 1356 5568; x_wconf 49' lang='lat' dir='ltr'><strong>praesentem</strong></span> <span class='ocrx_word' id='word_1_367' title='bbox 1376 5505 1608 5553; x_wconf 88' lang='lat' dir='ltr'><strong>mortem</strong></span> <span class='ocrx_word' id='word_1_368' title='bbox 1632 5497 1978 5563; x_wconf 87' lang='lat' dir='ltr'><strong>minabatur;</strong></span> 
     </span>
    </p>
   </div>
   <div class='ocr_carea' id='block_1_56' title="bbox 399 5580 1983 5660">
    <p class='ocr_par' dir='ltr' id='par_1_56' title="bbox 399 5580 1983 5660">
     <span class='ocr_line' id='line_1_56' title="bbox 399 5580 1983 5660; baseline -0.001 -17"><span class='ocrx_word' id='word_1_369' title='bbox 399 5604 632 5660; x_wconf 85' lang='lat' dir='ltr'><strong>eamque</strong></span> <span class='ocrx_word' id='word_1_370' title='bbox 665 5588 783 5660; x_wconf 85' lang='lat' dir='ltr'><strong>ipse</strong></span> <span class='ocrx_word' id='word_1_371' title='bbox 816 5604 991 5660; x_wconf 72' lang='lat' dir='ltr'><strong>aeger,</strong></span> <span class='ocrx_word' id='word_1_372' title='bbox 1033 5589 1197 5645; x_wconf 89' lang='lat' dir='ltr'><strong>rebus</strong></span> <span class='ocrx_word' id='word_1_373' title='bbox 1222 5591 1482 5645; x_wconf 89' lang='lat' dir='ltr'><strong>omnibus</strong></span> <span class='ocrx_word' id='word_1_374' title='bbox 1518 5580 1845 5659; x_wconf 86' lang='lat' dir='ltr'><strong>desperatis,</strong></span> <span class='ocrx_word' id='word_1_375' title='bbox 1886 5604 1983 5643; x_wconf 82' lang='lat' dir='ltr'><strong>ex-</strong></span> 
     </span>
    </p>
   </div>
   <div class='ocr_carea' id='block_1_57' title="bbox 403 5682 1982 5755">
    <p class='ocr_par' dir='ltr' id='par_1_57' title="bbox 403 5682 1982 5755">
     <span class='ocr_line' id='line_1_57' title="bbox 403 5682 1982 5755; baseline 0.001 -19"><span class='ocrx_word' id='word_1_376' title='bbox 403 5682 709 5751; x_wconf 72' lang='lat' dir='ltr'><strong>spectabat.</strong></span> <span class='ocrx_word' id='word_1_377' title='bbox 736 5683 958 5743; x_wconf 82' lang='lat' dir='ltr'><strong>Interim</strong></span> <span class='ocrx_word' id='word_1_378' title='bbox 980 5684 1273 5739; x_wconf 87' lang='lat' dir='ltr'><strong>hortantur</strong></span> <span class='ocrx_word' id='word_1_379' title='bbox 1292 5684 1538 5755; x_wconf 84' lang='lat' dir='ltr'><strong>quidam,</strong></span> <span class='ocrx_word' id='word_1_380' title='bbox 1563 5698 1714 5753; x_wconf 91' lang='lat' dir='ltr'><strong>spem</strong></span> <span class='ocrx_word' id='word_1_381' title='bbox 1739 5698 1896 5737; x_wconf 89' lang='lat' dir='ltr'><strong>suam</strong></span> <span class='ocrx_word' id='word_1_382' title='bbox 1927 5682 1982 5738; x_wconf 91' lang='lat' dir='ltr'><strong>in</strong></span> 
     </span>
    </p>
   </div>
   <div class='ocr_carea' id='block_1_58' title="bbox 406 5773 1981 5847">
    <p class='ocr_par' dir='ltr' id='par_1_58' title="bbox 406 5773 1981 5847">
     <span class='ocr_line' id='line_1_58' title="bbox 406 5773 1981 5847; baseline 0.001 -21"><span class='ocrx_word' id='word_1_383' title='bbox 406 5782 597 5829; x_wconf 82' lang='lat' dir='ltr'><strong>sancto</strong></span> <span class='ocrx_word' id='word_1_384' title='bbox 613 5784 676 5830; x_wconf 88' lang='lat' dir='ltr'><strong>ut</strong></span> <span class='ocrx_word' id='word_1_385' title='bbox 703 5777 954 5843; x_wconf 89' lang='lat' dir='ltr'><strong>collocet,</strong></span> <span class='ocrx_word' id='word_1_386' title='bbox 978 5784 1169 5847; x_wconf 89' lang='lat' dir='ltr'><strong>utpote</strong></span> <span class='ocrx_word' id='word_1_387' title='bbox 1197 5776 1293 5847; x_wconf 92' lang='lat' dir='ltr'><strong>qui</strong></span> <span class='ocrx_word' id='word_1_388' title='bbox 1317 5776 1469 5831; x_wconf 91' lang='lat' dir='ltr'><strong>solus</strong></span> <span class='ocrx_word' id='word_1_389' title='bbox 1499 5776 1762 5846; x_wconf 86' lang='lat' dir='ltr'><strong>ingruens</strong></span> <span class='ocrx_word' id='word_1_390' title='bbox 1785 5773 1981 5830; x_wconf 82' lang='lat' dir='ltr'><strong>discri-</strong></span> 
     </span>
    </p>
   </div>
   <div class='ocr_carea' id='block_1_59' title="bbox 414 5864 1981 5938">
    <p class='ocr_par' dir='ltr' id='par_1_59' title="bbox 414 5864 1981 5938">
     <span class='ocr_line' id='line_1_59' title="bbox 414 5864 1981 5938; baseline -0.001 -19"><span class='ocrx_word' id='word_1_391' title='bbox 414 5875 539 5921; x_wconf 83' lang='lat' dir='ltr'><strong>men</strong></span> <span class='ocrx_word' id='word_1_392' title='bbox 562 5867 734 5938; x_wconf 87' lang='lat' dir='ltr'><strong>possit</strong></span> <span class='ocrx_word' id='word_1_393' title='bbox 755 5882 965 5924; x_wconf 85' lang='lat' dir='ltr'><strong>arcere.</strong></span> <span class='ocrx_word' id='word_1_394' title='bbox 986 5866 1236 5924; x_wconf 86' lang='lat' dir='ltr'><strong>Credidit</strong></span> <span class='ocrx_word' id='word_1_395' title='bbox 1262 5866 1398 5936; x_wconf 87' lang='lat' dir='ltr'><strong>ipse,</strong></span> <span class='ocrx_word' id='word_1_396' title='bbox 1428 5866 1789 5935; x_wconf 77' lang='lat' dir='ltr'><strong>invocatoque</strong></span> <span class='ocrx_word' id='word_1_397' title='bbox 1812 5864 1981 5920; x_wconf 85' lang='lat' dir='ltr'><strong>sancti</strong></span> 
     </span>
    </p>
   </div>
   <div class='ocr_carea' id='block_1_60' title="bbox 2067 620 3632 697">
    <p class='ocr_par' dir='ltr' id='par_1_60' title="bbox 2067 620 3632 697">
     <span class='ocr_line' id='line_1_60' title="bbox 2067 620 3632 697; baseline 0.001 -19"><span class='ocrx_word' id='word_1_398' title='bbox 2067 626 2161 678; x_wconf 73' lang='grc' dir='ltr'>καὶ</span> <span class='ocrx_word' id='word_1_399' title='bbox 2191 626 2409 697; x_wconf 77' lang='grc' dir='ltr'>θόρυϐοι</span> <span class='ocrx_word' id='word_1_400' title='bbox 2440 627 2535 680; x_wconf 76' lang='grc' dir='ltr'>καὶ</span> <span class='ocrx_word' id='word_1_401' title='bbox 2565 626 2804 695; x_wconf 71' lang='grc' dir='ltr'>κραυγαὶ</span> <span class='ocrx_word' id='word_1_402' title='bbox 2858 626 2956 680; x_wconf 84' lang='grc' dir='ltr'><strong>οῦκ</strong></span> <span class='ocrx_word' id='word_1_403' title='bbox 2987 620 3303 692; x_wconf 76' lang='grc' dir='ltr'><strong>ἐνεγκόντος</strong></span> <span class='ocrx_word' id='word_1_404' title='bbox 3331 624 3431 694; x_wconf 76' lang='grc' dir='ltr'>τὴν</span> <span class='ocrx_word' id='word_1_405' title='bbox 3460 626 3632 680; x_wconf 70' lang='grc' dir='ltr'>ἐπιτί-</span> 
     </span>
    </p>
   </div>
   <div class='ocr_carea' id='block_1_61' title="bbox 2070 712 3633 789">
    <p class='ocr_par' dir='ltr' id='par_1_61' title="bbox 2070 712 3633 789">
     <span class='ocr_line' id='line_1_61' title="bbox 2070 712 3633 789; baseline 0.001 -19"><span class='ocrx_word' id='word_1_406' title='bbox 2070 735 2256 788; x_wconf 77' lang='grc' dir='ltr'>μησιν,</span> <span class='ocrx_word' id='word_1_407' title='bbox 2292 720 2451 780; x_wconf 78' lang='grc' dir='ltr'>Ἀνες</span> <span class='ocrx_word' id='word_1_408' title='bbox 2505 737 2615 788; x_wconf 73' lang='grc' dir='ltr'>μοι,</span> <span class='ocrx_word' id='word_1_409' title='bbox 2651 720 2743 772; x_wconf 78' lang='grc' dir='ltr'><strong>καὶ</strong></span> <span class='ocrx_word' id='word_1_410' title='bbox 2788 718 2986 789; x_wconf 79' lang='grc' dir='ltr'><strong>ἔξειμι,</strong></span> <span class='ocrx_word' id='word_1_411' title='bbox 3018 718 3273 785; x_wconf 77' lang='grc' dir='ltr'>λεγοντος</span> <span class='ocrx_word' id='word_1_412' title='bbox 3298 734 3311 747; x_wconf 79' lang='grc'><em>’</em></span> <span class='ocrx_word' id='word_1_413' title='bbox 3359 712 3476 770; x_wconf 73' lang='grc' dir='ltr'>οἶδα</span> <span class='ocrx_word' id='word_1_414' title='bbox 3526 717 3633 789; x_wconf 87' lang='grc' dir='ltr'><strong>γάρ</strong></span> 
     </span>
    </p>
   </div>
   <div class='ocr_carea' id='block_1_62' title="bbox 2070 805 3632 879">
    <p class='ocr_par' dir='ltr' id='par_1_62' title="bbox 2070 805 3632 879">
     <span class='ocr_line' id='line_1_62' title="bbox 2070 805 3632 879; baseline 0.001 -20"><span class='ocrx_word' id='word_1_415' title='bbox 2070 808 2155 872; x_wconf 87' lang='grc' dir='ltr'><strong>τίς</strong></span> <span class='ocrx_word' id='word_1_416' title='bbox 2210 825 2267 861; x_wconf 83' lang='grc' dir='ltr'><strong>τε</strong></span> <span class='ocrx_word' id='word_1_417' title='bbox 2318 805 2389 872; x_wconf 79' lang='grc' dir='ltr'>εἶ,</span> <span class='ocrx_word' id='word_1_418' title='bbox 2424 809 2519 862; x_wconf 77' lang='grc' dir='ltr'>καὶ</span> <span class='ocrx_word' id='word_1_419' title='bbox 2566 809 2750 879; x_wconf 72' lang='grc' dir='ltr'>ἤτιςή</span> <span class='ocrx_word' id='word_1_420' title='bbox 2800 811 2859 875; x_wconf 81' lang='grc' dir='ltr'><strong>ἐν</strong></span> <span class='ocrx_word' id='word_1_421' title='bbox 2917 810 2998 861; x_wconf 83' lang='grc' dir='ltr'>σοὶ</span> <span class='ocrx_word' id='word_1_422' title='bbox 3041 806 3136 859; x_wconf 90' lang='grc' dir='ltr'><strong>τοῦ</strong></span> <span class='ocrx_word' id='word_1_423' title='bbox 3188 806 3320 860; x_wconf 88' lang='grc' dir='ltr'>Υἱοῦ</span> <span class='ocrx_word' id='word_1_424' title='bbox 3380 809 3475 861; x_wconf 86' lang='grc' dir='ltr'><strong>τοῦ</strong></span> <span class='ocrx_word' id='word_1_425' title='bbox 3504 807 3632 861; x_wconf 80' lang='grc' dir='ltr'>Θεοῦ</span> 
     </span>
    </p>
   </div>
   <div class='ocr_carea' id='block_1_63' title="bbox 2067 898 3632 971">
    <p class='ocr_par' dir='ltr' id='par_1_63' title="bbox 2067 898 3632 971">
     <span class='ocr_line' id='line_1_63' title="bbox 2067 898 3632 971; baseline 0 -18"><span class='ocrx_word' id='word_1_426' title='bbox 2067 900 2336 969; x_wconf 80' lang='grc' dir='ltr'>ἐνέργεια.</span> <span class='ocrx_word' id='word_1_427' title='bbox 2380 902 2469 953; x_wconf 87' lang='grc' dir='ltr'><strong>Ἐν</strong></span> <span class='ocrx_word' id='word_1_428' title='bbox 2531 901 2641 971; x_wconf 81' lang='grc' dir='ltr'>ὅσῳ</span> <span class='ocrx_word' id='word_1_429' title='bbox 2677 900 2735 953; x_wconf 84' lang='grc' dir='ltr'><strong>δέ</strong></span> <span class='ocrx_word' id='word_1_430' title='bbox 2778 900 2949 953; x_wconf 88' lang='grc' dir='ltr'>ταῦτα</span> <span class='ocrx_word' id='word_1_431' title='bbox 2988 898 3309 970; x_wconf 73' lang='grc' dir='ltr'>ἐπράττετο,</span> <span class='ocrx_word' id='word_1_432' title='bbox 3343 900 3515 953; x_wconf 75' lang='grc' dir='ltr'>ἐδόκει</span> <span class='ocrx_word' id='word_1_433' title='bbox 3556 899 3632 971; x_wconf 80' lang='grc' dir='ltr'><strong>τῷ</strong></span> 
     </span>
    </p>
   </div>
   <div class='ocr_carea' id='block_1_64' title="bbox 2069 989 3632 1063">
    <p class='ocr_par' dir='ltr' id='par_1_64' title="bbox 2069 989 3632 1063">
     <span class='ocr_line' id='line_1_64' title="bbox 2069 989 3632 1063; baseline 0.003 -22"><span class='ocrx_word' id='word_1_434' title='bbox 2069 990 2333 1056; x_wconf 77' lang='grc' dir='ltr'>πάσχοντι</span> <span class='ocrx_word' id='word_1_435' title='bbox 2366 989 2460 1042; x_wconf 83' lang='grc' dir='ltr'>τὸν</span> <span class='ocrx_word' id='word_1_436' title='bbox 2491 991 2755 1057; x_wconf 79' lang='grc' dir='ltr'>στέφανον</span> <span class='ocrx_word' id='word_1_437' title='bbox 2786 993 2814 1044; x_wconf 91' lang='lat'><strong>6</strong></span> <span class='ocrx_word' id='word_1_438' title='bbox 2838 989 3064 1061; x_wconf 85' lang='grc' dir='ltr'>Συμεὼν</span> <span class='ocrx_word' id='word_1_439' title='bbox 3089 993 3156 1060; x_wconf 79' lang='grc' dir='ltr'><strong>τῇ</strong></span> <span class='ocrx_word' id='word_1_440' title='bbox 3209 990 3419 1061; x_wconf 69' lang='grc' dir='ltr'>κεφαλῇ</span> <span class='ocrx_word' id='word_1_441' title='bbox 3480 1009 3632 1063; x_wconf 85' lang='grc' dir='ltr'>περι-</span> 
     </span>
    </p>
   </div>
   <div class='ocr_carea' id='block_1_65' title="bbox 2070 1081 3636 1153">
    <p class='ocr_par' dir='ltr' id='par_1_65' title="bbox 2070 1081 3636 1153">
     <span class='ocr_line' id='line_1_65' title="bbox 2070 1081 3636 1153; baseline 0.003 -19"><span class='ocrx_word' id='word_1_442' title='bbox 2070 1082 2328 1134; x_wconf 76' lang='grc' dir='ltr'>κεῖσθαιο</span> <span class='ocrx_word' id='word_1_443' title='bbox 2360 1082 2421 1135; x_wconf 82' lang='grc' dir='ltr'>τὸ</span> <span class='ocrx_word' id='word_1_444' title='bbox 2479 1081 2537 1135; x_wconf 81' lang='grc' dir='ltr'>δὲ</span> <span class='ocrx_word' id='word_1_445' title='bbox 2574 1083 2670 1136; x_wconf 89' lang='grc' dir='ltr'><strong>τοῦ</strong></span> <span class='ocrx_word' id='word_1_446' title='bbox 2731 1083 2998 1153; x_wconf 69' lang='grc' dir='ltr'>στεφάνου</span> <span class='ocrx_word' id='word_1_447' title='bbox 3050 1082 3271 1147; x_wconf 84' lang='grc' dir='ltr'>κάλλος,</span> <span class='ocrx_word' id='word_1_448' title='bbox 3313 1083 3369 1136; x_wconf 76' lang='lat' dir='ltr'><strong>ai</strong></span> <span class='ocrx_word' id='word_1_449' title='bbox 3434 1083 3489 1137; x_wconf 78' lang='grc' dir='ltr'>δὲ</span> <span class='ocrx_word' id='word_1_450' title='bbox 3547 1084 3636 1138; x_wconf 88' lang='grc' dir='ltr'><strong>τοῦ</strong></span> 
     </span>
    </p>
   </div>
   <div class='ocr_carea' id='block_1_66' title="bbox 2068 1170 3639 1246">
    <p class='ocr_par' dir='ltr' id='par_1_66' title="bbox 2068 1170 3639 1246">
     <span class='ocr_line' id='line_1_66' title="bbox 2068 1170 3639 1246; baseline 0.002 -21"><span class='ocrx_word' id='word_1_451' title='bbox 2068 1173 2269 1245; x_wconf 85' lang='grc' dir='ltr'>χρυσοῦ</span> <span class='ocrx_word' id='word_1_452' title='bbox 2314 1173 2666 1243; x_wconf 84' lang='grc' dir='ltr'>ώραιότητες,</span> <span class='ocrx_word' id='word_1_453' title='bbox 2681 1170 2807 1225; x_wconf 70' lang='grc' dir='ltr'>αἰδὲ</span> <span class='ocrx_word' id='word_1_454' title='bbox 2824 1171 3309 1240; x_wconf 62' lang='grc' dir='ltr'>τῶνλλθωναῦγαὶ,</span> <span class='ocrx_word' id='word_1_455' title='bbox 3334 1175 3363 1228; x_wconf 97' lang='lat'><strong>6</strong></span> <span class='ocrx_word' id='word_1_456' title='bbox 3384 1174 3430 1227; x_wconf 78' lang='grc' dir='ltr'>δ’</span> <span class='ocrx_word' id='word_1_457' title='bbox 3455 1175 3546 1228; x_wconf 74' lang='grc' dir='ltr'>ἐπὶ</span> <span class='ocrx_word' id='word_1_458' title='bbox 3564 1175 3639 1246; x_wconf 82' lang='grc' dir='ltr'>τῷ</span> 
     </span>
    </p>
   </div>
   <div class='ocr_carea' id='block_1_67' title="bbox 2069 1262 3636 1343">
    <p class='ocr_par' dir='ltr' id='par_1_67' title="bbox 2069 1262 3636 1343">
     <span class='ocr_line' id='line_1_67' title="bbox 2069 1262 3636 1343; baseline 0 -27"><span class='ocrx_word' id='word_1_459' title='bbox 2069 1263 2319 1333; x_wconf 78' lang='grc' dir='ltr'>στεφάνῳ</span> <span class='ocrx_word' id='word_1_460' title='bbox 2349 1264 2599 1335; x_wconf 70' lang='grc' dir='ltr'>σταυρὸς.</span> <span class='ocrx_word' id='word_1_461' title='bbox 2632 1264 2693 1316; x_wconf 72' lang='grc' dir='ltr'><strong>τὺ</strong></span> <span class='ocrx_word' id='word_1_462' title='bbox 2722 1264 2779 1317; x_wconf 83' lang='grc' dir='ltr'>δὲ</span> <span class='ocrx_word' id='word_1_463' title='bbox 2804 1262 2898 1316; x_wconf 91' lang='grc' dir='ltr'><strong>τοῦ</strong></span> <span class='ocrx_word' id='word_1_464' title='bbox 2932 1262 3168 1335; x_wconf 87' lang='grc' dir='ltr'>σταυροῦ</span> <span class='ocrx_word' id='word_1_465' title='bbox 3206 1263 3343 1332; x_wconf 84' lang='grc' dir='ltr'>φῶς,</span> <span class='ocrx_word' id='word_1_466' title='bbox 3376 1266 3431 1318; x_wconf 85' lang='grc' dir='ltr'>αἱ</span> <span class='ocrx_word' id='word_1_467' title='bbox 3462 1263 3518 1317; x_wconf 78' lang='grc' dir='ltr'>δὲ</span> <span class='ocrx_word' id='word_1_468' title='bbox 3544 1263 3636 1343; x_wconf 66' lang='grc' dir='ltr'><strong>τοῦ</strong></span> 
     </span>
    </p>
   </div>
   <div class='ocr_carea' id='block_1_68' title="bbox 2067 1354 3705 1426">
    <p class='ocr_par' dir='ltr' id='par_1_68' title="bbox 2067 1354 3705 1426">
     <span class='ocr_line' id='line_1_68' title="bbox 2067 1354 3705 1426; baseline 0.002 -19"><span class='ocrx_word' id='word_1_469' title='bbox 2067 1356 2247 1422; x_wconf 62' lang='grc' dir='ltr'>φωτδς</span> <span class='ocrx_word' id='word_1_470' title='bbox 2276 1354 2437 1407; x_wconf 84' lang='grc' dir='ltr'>πάλιν</span> <span class='ocrx_word' id='word_1_471' title='bbox 2471 1355 2749 1425; x_wconf 86' lang='grc' dir='ltr'>ἀστραπαί</span> <span class='ocrx_word' id='word_1_472' title='bbox 2782 1371 2847 1408; x_wconf 86' lang='grc' dir='ltr'><strong>τε</strong></span> <span class='ocrx_word' id='word_1_473' title='bbox 2874 1356 2966 1408; x_wconf 62' lang='grc' dir='ltr'>καὶ</span> <span class='ocrx_word' id='word_1_474' title='bbox 2998 1355 3244 1426; x_wconf 86' lang='grc' dir='ltr'>χάριτες,</span> <span class='ocrx_word' id='word_1_475' title='bbox 3270 1356 3331 1408; x_wconf 83' lang='grc' dir='ltr'>τὸ</span> <span class='ocrx_word' id='word_1_476' title='bbox 3362 1356 3419 1409; x_wconf 81' lang='grc' dir='ltr'>δὲ</span> <span class='ocrx_word' id='word_1_477' title='bbox 3447 1356 3641 1410; x_wconf 85' lang='grc' dir='ltr'>κυκλό-</span> <span class='ocrx_word' id='word_1_478' title='bbox 3690 1397 3705 1411; x_wconf 85' lang='grc'><strong>.</strong></span> 
     </span>
    </p>
   </div>
   <div class='ocr_carea' id='block_1_69' title="bbox 2068 1446 3641 1518">
    <p class='ocr_par' dir='ltr' id='par_1_69' title="bbox 2068 1446 3641 1518">
     <span class='ocr_line' id='line_1_69' title="bbox 2068 1446 3641 1518; baseline 0.001 -19"><span class='ocrx_word' id='word_1_479' title='bbox 2068 1446 2161 1499; x_wconf 85' lang='grc' dir='ltr'><strong>θεν</strong></span> <span class='ocrx_word' id='word_1_480' title='bbox 2219 1447 2319 1515; x_wconf 75' lang='grc' dir='ltr'>τῆς</span> <span class='ocrx_word' id='word_1_481' title='bbox 2354 1446 2681 1516; x_wconf 80' lang='grc' dir='ltr'>’Λγγελικῆς</span> <span class='ocrx_word' id='word_1_482' title='bbox 2731 1449 2994 1516; x_wconf 76' lang='grc' dir='ltr'>στρατιᾶς</span> <span class='ocrx_word' id='word_1_483' title='bbox 3054 1446 3280 1518; x_wconf 76' lang='grc' dir='ltr'>πλῆθος,</span> <span class='ocrx_word' id='word_1_484' title='bbox 3310 1447 3546 1518; x_wconf 75' lang='grc' dir='ltr'>ἇρῤητόν</span> <span class='ocrx_word' id='word_1_485' title='bbox 3589 1464 3641 1500; x_wconf 83' lang='grc' dir='ltr'><strong>τι</strong></span> 
     </span>
    </p>
   </div>
   <div class='ocr_carea' id='block_1_70' title="bbox 2070 1534 3643 1611">
    <p class='ocr_par' dir='ltr' id='par_1_70' title="bbox 2070 1534 3643 1611">
     <span class='ocr_line' id='line_1_70' title="bbox 2070 1534 3643 1611; baseline -0.001 -18"><span class='ocrx_word' id='word_1_486' title='bbox 2070 1541 2259 1611; x_wconf 69' lang='grc' dir='ltr'>χρῆμα</span> <span class='ocrx_word' id='word_1_487' title='bbox 2287 1541 2381 1594; x_wconf 66' lang='grc' dir='ltr'><strong>καὶ¹</strong></span> <span class='ocrx_word' id='word_1_488' title='bbox 2408 1538 2722 1611; x_wconf 71' lang='grc' dir='ltr'>ἀπόρρητον</span> <span class='ocrx_word' id='word_1_489' title='bbox 2765 1536 2909 1609; x_wconf 83' lang='grc' dir='ltr'>ἦσαν</span> <span class='ocrx_word' id='word_1_490' title='bbox 2932 1556 2946 1571; x_wconf 77' lang='grc'><strong><em>⁸</em></strong></span> <span class='ocrx_word' id='word_1_491' title='bbox 2973 1539 3064 1609; x_wconf 76' lang='grc' dir='ltr'><strong>ὑφ’</strong></span> <span class='ocrx_word' id='word_1_492' title='bbox 3091 1534 3167 1593; x_wconf 82' lang='grc' dir='ltr'>ὧν</span> <span class='ocrx_word' id='word_1_493' title='bbox 3199 1543 3228 1594; x_wconf 92' lang='lat'><strong>6</strong></span> <span class='ocrx_word' id='word_1_494' title='bbox 3259 1541 3493 1610; x_wconf 73' lang='grc' dir='ltr'>χαλεπὸς</span> <span class='ocrx_word' id='word_1_495' title='bbox 3529 1540 3643 1593; x_wconf 85' lang='grc' dir='ltr'>δαί·</span> 
     </span>
    </p>
   </div>
   <div class='ocr_carea' id='block_1_71' title="bbox 2073 1631 3644 1704">
    <p class='ocr_par' dir='ltr' id='par_1_71' title="bbox 2073 1631 3644 1704">
     <span class='ocr_line' id='line_1_71' title="bbox 2073 1631 3644 1704; baseline 0 -19"><span class='ocrx_word' id='word_1_496' title='bbox 2073 1649 2188 1704; x_wconf 86' lang='grc' dir='ltr'><strong>μων</strong></span> <span class='ocrx_word' id='word_1_497' title='bbox 2221 1635 2428 1697; x_wconf 78' lang='grc' dir='ltr'>ἐκεῖνος</span> <span class='ocrx_word' id='word_1_498' title='bbox 2449 1631 2525 1695; x_wconf 88' lang='grc' dir='ltr'><strong>ώς</strong></span> <span class='ocrx_word' id='word_1_499' title='bbox 2546 1632 2653 1686; x_wconf 78' lang='grc' dir='ltr'><strong>ἀπὸ</strong></span> <span class='ocrx_word' id='word_1_500' title='bbox 2680 1633 2855 1704; x_wconf 68' lang='grc' dir='ltr'>πυρὸς</span> <span class='ocrx_word' id='word_1_501' title='bbox 2879 1632 3193 1702; x_wconf 78' lang='grc' dir='ltr'>ἀπηλλάγη.</span> <span class='ocrx_word' id='word_1_502' title='bbox 3215 1632 3291 1695; x_wconf 84' lang='grc' dir='ltr'>ὼς</span> <span class='ocrx_word' id='word_1_503' title='bbox 3317 1631 3453 1702; x_wconf 82' lang='grc' dir='ltr'><strong>μετά</strong></span> <span class='ocrx_word' id='word_1_504' title='bbox 3473 1631 3644 1686; x_wconf 79' lang='grc' dir='ltr'>ταῦτα</span> 
     </span>
    </p>
   </div>
   <div class='ocr_carea' id='block_1_72' title="bbox 2071 1722 3642 1793">
    <p class='ocr_par' dir='ltr' id='par_1_72' title="bbox 2071 1722 3642 1793">
     <span class='ocr_line' id='line_1_72' title="bbox 2071 1722 3642 1793; baseline -0.001 -18"><span class='ocrx_word' id='word_1_505' title='bbox 2071 1722 2259 1789; x_wconf 58' lang='grc' dir='ltr'>σαυέῶς</span> <span class='ocrx_word' id='word_1_506' title='bbox 2309 1723 2554 1793; x_wconf 76' lang='grc' dir='ltr'><strong>ἐκνήψας</strong></span> <span class='ocrx_word' id='word_1_507' title='bbox 2599 1722 2780 1786; x_wconf 70' lang='grc' dir='ltr'>αὐτὸς,</span> <span class='ocrx_word' id='word_1_508' title='bbox 2824 1724 2853 1776; x_wconf 90' lang='lat'><strong>6</strong></span> <span class='ocrx_word' id='word_1_509' title='bbox 2908 1722 3001 1776; x_wconf 82' lang='grc' dir='ltr'><strong>τοῦ</strong></span> <span class='ocrx_word' id='word_1_510' title='bbox 3052 1722 3260 1786; x_wconf 78' lang='grc' dir='ltr'><strong>πάθους</strong></span> <span class='ocrx_word' id='word_1_511' title='bbox 3310 1722 3642 1789; x_wconf 57' lang='grc' dir='ltr'>ἁπαλλαγετς</span> 
     </span>
    </p>
   </div>
   <div class='ocr_carea' id='block_1_73' title="bbox 2073 1804 3640 1885">
    <p class='ocr_par' dir='ltr' id='par_1_73' title="bbox 2073 1804 3640 1885">
     <span class='ocr_line' id='line_1_73' title="bbox 2073 1804 3640 1885; baseline 0.002 -20"><span class='ocrx_word' id='word_1_512' title='bbox 2073 1815 2341 1884; x_wconf 74' lang='grc' dir='ltr'>ἐξηγεῖτο,</span> <span class='ocrx_word' id='word_1_513' title='bbox 2377 1814 2538 1885; x_wconf 71' lang='grc' dir='ltr'>ὑγιὴς</span> <span class='ocrx_word' id='word_1_514' title='bbox 2567 1815 2644 1878; x_wconf 85' lang='grc' dir='ltr'><strong>είς</strong></span> <span class='ocrx_word' id='word_1_515' title='bbox 2678 1815 2779 1884; x_wconf 77' lang='grc' dir='ltr'>τὴν</span> <span class='ocrx_word' id='word_1_516' title='bbox 2811 1815 3020 1868; x_wconf 78' lang='grc' dir='ltr'>οἰκείαν</span> <span class='ocrx_word' id='word_1_517' title='bbox 3057 1813 3430 1880; x_wconf 75' lang='grc' dir='ltr'>ὲπανιὼν,καὶ</span> <span class='ocrx_word' id='word_1_518' title='bbox 3453 1814 3523 1868; x_wconf 81' lang='grc' dir='ltr'>τὰ</span> <span class='ocrx_word' id='word_1_519' title='bbox 3550 1804 3640 1868; x_wconf 78' lang='grc' dir='ltr'><strong>τοῦ</strong></span> 
     </span>
    </p>
   </div>
   <div class='ocr_carea' id='block_1_74' title="bbox 2000 1889 3168 1976">
    <p class='ocr_par' dir='ltr' id='par_1_74' title="bbox 2000 1889 3168 1976">
     <span class='ocr_line' id='line_1_74' title="bbox 2000 1889 3168 1976; baseline -0.002 -15"><span class='ocrx_word' id='word_1_520' title='bbox 2000 1889 2040 1943; x_wconf 70' lang='grc' dir='ltr'><strong><em>Β</em></strong></span> <span class='ocrx_word' id='word_1_521' title='bbox 2074 1907 2209 1961; x_wconf 85' lang='grc' dir='ltr'>Θεοῦ</span> <span class='ocrx_word' id='word_1_522' title='bbox 2248 1908 2384 1976; x_wconf 83' lang='grc' dir='ltr'>ἔργα</span> <span class='ocrx_word' id='word_1_523' title='bbox 2417 1908 2529 1969; x_wconf 83' lang='grc' dir='ltr'>τοῖς</span> <span class='ocrx_word' id='word_1_524' title='bbox 2550 1906 2760 1959; x_wconf 75' lang='grc' dir='ltr'><strong>ἔθνεσιν</strong></span> <span class='ocrx_word' id='word_1_525' title='bbox 2780 1906 3168 1975; x_wconf 76' lang='grc' dir='ltr'><strong>ἀπαγγέλλων.</strong></span> 
     </span>
    </p>
   </div>
   <div class='ocr_carea' id='block_1_75' title="bbox 458 1991 2019 2064">
    <p class='ocr_par' dir='ltr' id='par_1_75' title="bbox 458 1991 2019 2064">
     <span class='ocr_line' id='line_1_75' title="bbox 458 1991 2019 2064; baseline 0.001 -18"><span class='ocrx_word' id='word_1_526' title='bbox 458 1993 545 2048; x_wconf 81' lang='lat'><strong>78.</strong></span> <span class='ocrx_word' id='word_1_527' title='bbox 585 1991 852 2049; x_wconf 82' lang='lat' dir='ltr'><strong>Juvenem</strong></span> <span class='ocrx_word' id='word_1_528' title='bbox 889 1993 1183 2064; x_wconf 85' lang='lat' dir='ltr'><strong>quemdam</strong></span> <span class='ocrx_word' id='word_1_529' title='bbox 1230 1994 1507 2049; x_wconf 87' lang='lat' dir='ltr'><strong>invaserat</strong></span> <span class='ocrx_word' id='word_1_530' title='bbox 1532 1994 1767 2059; x_wconf 61' lang='lat' dir='ltr'><strong>daemon,</strong></span> <span class='ocrx_word' id='word_1_531' title='bbox 1801 2008 1965 2064; x_wconf 86' lang='lat' dir='ltr'><strong>quem</strong></span> <span class='ocrx_word' id='word_1_532' title='bbox 2014 2040 2019 2047; x_wconf 16' lang='grc' dir='ltr'><strong>ο</strong></span> 
     </span>
    </p>
   </div>
   <div class='ocr_carea' id='block_1_76' title="bbox 2140 1996 3642 2069">
    <p class='ocr_par' dir='ltr' id='par_1_76' title="bbox 2140 1996 3642 2069">
     <span class='ocr_line' id='line_1_76' title="bbox 2140 1996 3642 2069; baseline -0.003 -17"><span class='ocrx_word' id='word_1_533' title='bbox 2140 2006 2241 2069; x_wconf 85' lang='grc' dir='ltr'><strong>οη’.</strong></span> <span class='ocrx_word' id='word_1_534' title='bbox 2273 1998 2560 2068; x_wconf 85' lang='grc' dir='ltr'>Νεανίσκῳ</span> <span class='ocrx_word' id='word_1_535' title='bbox 2585 1998 2693 2051; x_wconf 74' lang='grc' dir='ltr'>τινὶ</span> <span class='ocrx_word' id='word_1_536' title='bbox 2717 1998 2929 2069; x_wconf 80' lang='grc' dir='ltr'>δαίμων</span> <span class='ocrx_word' id='word_1_537' title='bbox 2967 1997 3337 2068; x_wconf 78' lang='grc' dir='ltr'>ἐπιπηδήσας,</span> <span class='ocrx_word' id='word_1_538' title='bbox 3373 1996 3516 2051; x_wconf 73' lang='grc' dir='ltr'>οὕτω</span> <span class='ocrx_word' id='word_1_539' title='bbox 3544 2014 3642 2050; x_wconf 83' lang='grc' dir='ltr'>κα-</span> 
     </span>
    </p>
   </div>
   <div class='ocr_carea' id='block_1_77' title="bbox 2070 2085 3643 2159">
    <p class='ocr_par' dir='ltr' id='par_1_77' title="bbox 2070 2085 3643 2159">
     <span class='ocr_line' id='line_1_77' title="bbox 2070 2085 3643 2159; baseline -0.003 -16"><span class='ocrx_word' id='word_1_540' title='bbox 2070 2090 2181 2159; x_wconf 83' lang='grc' dir='ltr'><strong>κῶς</strong></span> <span class='ocrx_word' id='word_1_541' title='bbox 2208 2088 2367 2142; x_wconf 74' lang='grc' dir='ltr'>αὑτὸν</span> <span class='ocrx_word' id='word_1_542' title='bbox 2398 2087 2638 2153; x_wconf 72' lang='grc' dir='ltr'><strong>διετίθει,</strong></span> <span class='ocrx_word' id='word_1_543' title='bbox 2682 2087 2757 2149; x_wconf 89' lang='grc' dir='ltr'><strong>ώς</strong></span> <span class='ocrx_word' id='word_1_544' title='bbox 2786 2089 2879 2140; x_wconf 73' lang='grc' dir='ltr'>καὶ</span> <span class='ocrx_word' id='word_1_545' title='bbox 2919 2090 3047 2149; x_wconf 72' lang='grc' dir='ltr'>τοὺς</span> <span class='ocrx_word' id='word_1_546' title='bbox 3076 2085 3499 2158; x_wconf 73' lang='grc' dir='ltr'>ὀφθαλμοῦςτῷ</span> <span class='ocrx_word' id='word_1_547' title='bbox 3527 2103 3643 2139; x_wconf 72' lang='grc' dir='ltr'>νεαρ</span> 
     </span>
    </p>
   </div>
   <div class='ocr_carea' id='block_1_78' title="bbox 2069 2178 3645 2253">
    <p class='ocr_par' dir='ltr' id='par_1_78' title="bbox 2069 2178 3645 2253">
     <span class='ocr_line' id='line_1_78' title="bbox 2069 2178 3645 2253; baseline -0.004 -18"><span class='ocrx_word' id='word_1_548' title='bbox 2069 2183 2241 2253; x_wconf 84' lang='grc' dir='ltr'>νῑσκῳ</span> <span class='ocrx_word' id='word_1_549' title='bbox 2270 2184 2446 2234; x_wconf 73' lang='grc' dir='ltr'>δοκεῖν</span> <span class='ocrx_word' id='word_1_550' title='bbox 2488 2180 2596 2232; x_wconf 75' lang='grc' dir='ltr'><strong>ὑπὸ</strong></span> <span class='ocrx_word' id='word_1_551' title='bbox 2631 2180 2731 2247; x_wconf 73' lang='grc' dir='ltr'>τῆς</span> <span class='ocrx_word' id='word_1_552' title='bbox 2778 2179 2980 2249; x_wconf 79' lang='grc' dir='ltr'>’πολλῆς</span> <span class='ocrx_word' id='word_1_553' title='bbox 3010 2178 3105 2232; x_wconf 88' lang='grc' dir='ltr'><strong>τοῦ</strong></span> <span class='ocrx_word' id='word_1_554' title='bbox 3139 2178 3393 2250; x_wconf 87' lang='grc' dir='ltr'>σώματος</span> <span class='ocrx_word' id='word_1_555' title='bbox 3437 2178 3645 2240; x_wconf 77' lang='grc' dir='ltr'><strong>τάσεως</strong></span> 
     </span>
    </p>
   </div>
   <div class='ocr_carea' id='block_1_79' title="bbox 2073 2262 3649 2344">
    <p class='ocr_par' dir='ltr' id='par_1_79' title="bbox 2073 2262 3649 2344">
     <span class='ocr_line' id='line_1_79' title="bbox 2073 2262 3649 2344; baseline -0.003 -19"><span class='ocrx_word' id='word_1_556' title='bbox 2073 2273 2286 2343; x_wconf 79' lang='grc' dir='ltr'><strong>μέλλειν</strong></span> <span class='ocrx_word' id='word_1_557' title='bbox 2314 2262 2415 2344; x_wconf 65' lang='grc' dir='ltr'><strong>ἤδη</strong></span> <span class='ocrx_word' id='word_1_558' title='bbox 2446 2271 2555 2324; x_wconf 86' lang='grc' dir='ltr'>τῶν</span> <span class='ocrx_word' id='word_1_559' title='bbox 2585 2272 2801 2324; x_wconf 84' lang='grc' dir='ltr'>οίκείων</span> <span class='ocrx_word' id='word_1_560' title='bbox 2826 2270 3117 2340; x_wconf 80' lang='grc' dir='ltr'>πυθμένων</span> <span class='ocrx_word' id='word_1_561' title='bbox 3149 2269 3490 2337; x_wconf 75' lang='grc' dir='ltr'>ἐξάλλεσθαι.</span> <span class='ocrx_word' id='word_1_562' title='bbox 3524 2270 3649 2321; x_wconf 83' lang='grc' dir='ltr'>Κιν-</span> 
     </span>
    </p>
   </div>
   <div class='ocr_carea' id='block_1_80' title="bbox 2068 2361 3650 2434">
    <p class='ocr_par' dir='ltr' id='par_1_80' title="bbox 2068 2361 3650 2434">
     <span class='ocr_line' id='line_1_80' title="bbox 2068 2361 3650 2434; baseline -0.003 -16"><span class='ocrx_word' id='word_1_563' title='bbox 2068 2364 2342 2419; x_wconf 82' lang='grc' dir='ltr'>δυνεύοντι</span> <span class='ocrx_word' id='word_1_564' title='bbox 2362 2364 2561 2429; x_wconf 81' lang='grc' dir='ltr'>τοίνυν,</span> <span class='ocrx_word' id='word_1_565' title='bbox 2592 2364 2688 2417; x_wconf 72' lang='grc' dir='ltr'>καὶ</span> <span class='ocrx_word' id='word_1_566' title='bbox 2717 2365 2829 2427; x_wconf 81' lang='grc' dir='ltr'>τοῖς</span> <span class='ocrx_word' id='word_1_567' title='bbox 2860 2361 3005 2434; x_wconf 76' lang='grc' dir='ltr'>ὅλοις</span> <span class='ocrx_word' id='word_1_568' title='bbox 3037 2362 3423 2434; x_wconf 81' lang='grc' dir='ltr'><strong>ἀπορουμένῳ,</strong></span> <span class='ocrx_word' id='word_1_569' title='bbox 3450 2362 3650 2429; x_wconf 73' lang='grc' dir='ltr'>Ἀγγε-</span> 
     </span>
    </p>
   </div>
   <div class='ocr_carea' id='block_1_81' title="bbox 2068 2430 3646 2526">
    <p class='ocr_par' dir='ltr' id='par_1_81' title="bbox 2068 2430 3646 2526">
     <span class='ocr_line' id='line_1_81' title="bbox 2068 2430 3646 2526; baseline -0.005 -14"><span class='ocrx_word' id='word_1_570' title='bbox 2068 2459 2162 2523; x_wconf 85' lang='grc' dir='ltr'><strong>λος</strong></span> <span class='ocrx_word' id='word_1_571' title='bbox 2192 2457 2397 2512; x_wconf 82' lang='grc' dir='ltr'>ἀνωθεν</span> <span class='ocrx_word' id='word_1_572' title='bbox 2429 2456 2658 2518; x_wconf 83' lang='grc' dir='ltr'>ἐπιστὰς</span> <span class='ocrx_word' id='word_1_573' title='bbox 2680 2458 2737 2508; x_wconf 86' lang='grc' dir='ltr'><strong>ἐν</strong></span> <span class='ocrx_word' id='word_1_574' title='bbox 2758 2455 2889 2509; x_wconf 77' lang='grc' dir='ltr'>εἴδει</span> <span class='ocrx_word' id='word_1_575' title='bbox 2907 2430 3002 2509; x_wconf 60' lang='grc' dir='ltr'>καὶ</span> <span class='ocrx_word' id='word_1_576' title='bbox 3025 2430 3265 2526; x_wconf 73' lang='grc' dir='ltr'>σχήματι</span> <span class='ocrx_word' id='word_1_577' title='bbox 3290 2430 3646 2524; x_wconf 80' lang='grc' dir='ltr'>στρατιώτου,</span> 
     </span>
    </p>
   </div>
   <div class='ocr_carea' id='block_1_82' title="bbox 2068 2543 3648 2622">
    <p class='ocr_par' dir='ltr' id='par_1_82' title="bbox 2068 2543 3648 2622">
     <span class='ocr_line' id='line_1_82' title="bbox 2068 2543 3648 2622; baseline -0.007 -16"><span class='ocrx_word' id='word_1_578' title='bbox 2068 2551 2364 2621; x_wconf 78' lang='grc' dir='ltr'>ἀφικέσθαι</span> <span class='ocrx_word' id='word_1_579' title='bbox 2409 2549 2561 2622; x_wconf 84' lang='grc' dir='ltr'><strong>παρά</strong></span> <span class='ocrx_word' id='word_1_580' title='bbox 2589 2549 2649 2603; x_wconf 80' lang='grc' dir='ltr'><strong>τὺ</strong></span> <span class='ocrx_word' id='word_1_581' title='bbox 2679 2548 2991 2619; x_wconf 70' lang='grc' dir='ltr'>θαυμαστὸν</span> <span class='ocrx_word' id='word_1_582' title='bbox 3018 2547 3144 2618; x_wconf 75' lang='grc' dir='ltr'>ὅρος</span> <span class='ocrx_word' id='word_1_583' title='bbox 3173 2544 3341 2600; x_wconf 80' lang='grc' dir='ltr'>αὐτὸν</span> <span class='ocrx_word' id='word_1_584' title='bbox 3397 2544 3531 2616; x_wconf 79' lang='grc' dir='ltr'>πρὸς</span> <span class='ocrx_word' id='word_1_585' title='bbox 3559 2543 3648 2597; x_wconf 82' lang='grc' dir='ltr'><strong>τδν</strong></span> 
     </span>
    </p>
   </div>
   <div class='ocr_carea' id='block_1_83' title="bbox 2070 2637 3651 2719">
    <p class='ocr_par' dir='ltr' id='par_1_83' title="bbox 2070 2637 3651 2719">
     <span class='ocr_line' id='line_1_83' title="bbox 2070 2637 3651 2719; baseline -0.008 -17"><span class='ocrx_word' id='word_1_586' title='bbox 2070 2648 2210 2702; x_wconf 83' lang='grc' dir='ltr'>θεῖον</span> <span class='ocrx_word' id='word_1_587' title='bbox 2227 2645 2454 2719; x_wconf 86' lang='grc' dir='ltr'>Συμεὼν</span> <span class='ocrx_word' id='word_1_588' title='bbox 2476 2644 2830 2717; x_wconf 77' lang='grc' dir='ltr'>ἐπισκήπτειο</span> <span class='ocrx_word' id='word_1_589' title='bbox 2850 2642 3021 2705; x_wconf 77' lang='grc' dir='ltr'>Αὐτὸς</span> <span class='ocrx_word' id='word_1_590' title='bbox 3038 2642 3149 2713; x_wconf 78' lang='grc' dir='ltr'><strong>γάρ</strong></span> <span class='ocrx_word' id='word_1_591' title='bbox 3171 2658 3254 2706; x_wconf 79' lang='grc' dir='ltr'><strong>σε,</strong></span> <span class='ocrx_word' id='word_1_592' title='bbox 3273 2640 3433 2712; x_wconf 78' lang='grc' dir='ltr'>φησὶ,</span> <span class='ocrx_word' id='word_1_593' title='bbox 3449 2640 3548 2711; x_wconf 76' lang='grc' dir='ltr'>τῆς</span> <span class='ocrx_word' id='word_1_594' title='bbox 3559 2637 3651 2691; x_wconf 80' lang='grc' dir='ltr'><strong>τοῦ</strong></span> 
     </span>
    </p>
   </div>
   <div class='ocr_carea' id='block_1_84' title="bbox 2069 2728 3650 2810">
    <p class='ocr_par' dir='ltr' id='par_1_84' title="bbox 2069 2728 3650 2810">
     <span class='ocr_line' id='line_1_84' title="bbox 2069 2728 3650 2810; baseline -0.006 -18"><span class='ocrx_word' id='word_1_595' title='bbox 2069 2738 2323 2810; x_wconf 87' lang='grc' dir='ltr'>δαίμονος</span> <span class='ocrx_word' id='word_1_596' title='bbox 2373 2737 2638 2809; x_wconf 72' lang='grc' dir='ltr'><strong>ἐπηρείας</strong></span> <span class='ocrx_word' id='word_1_597' title='bbox 2696 2733 3073 2807; x_wconf 76' lang='grc' dir='ltr'>ἐλευθερώσει.</span> <span class='ocrx_word' id='word_1_598' title='bbox 3116 2734 3331 2789; x_wconf 81' lang='grc' dir='ltr'>Αὐτίκα</span> <span class='ocrx_word' id='word_1_599' title='bbox 3378 2731 3509 2802; x_wconf 85' lang='grc' dir='ltr'>γοῦν</span> <span class='ocrx_word' id='word_1_600' title='bbox 3556 2728 3650 2784; x_wconf 85' lang='grc' dir='ltr'><strong>τοῦ</strong></span> 
     </span>
    </p>
   </div>
   <div class='ocr_carea' id='block_1_85' title="bbox 2070 2823 3693 2904">
    <p class='ocr_par' dir='ltr' id='par_1_85' title="bbox 2070 2823 3693 2904">
     <span class='ocr_line' id='line_1_85' title="bbox 2070 2823 3693 2904; baseline -0.004 -20"><span class='ocrx_word' id='word_1_601' title='bbox 2070 2832 2354 2885; x_wconf 79' lang='grc' dir='ltr'>νεανίσκου</span> <span class='ocrx_word' id='word_1_602' title='bbox 2387 2830 2464 2899; x_wconf 84' lang='grc' dir='ltr'>τῷ</span> <span class='ocrx_word' id='word_1_603' title='bbox 2497 2830 2666 2900; x_wconf 82' lang='grc' dir='ltr'>Ἀγίῳ</span> <span class='ocrx_word' id='word_1_604' title='bbox 2712 2827 3141 2900; x_wconf 77' lang='grc' dir='ltr'>παραϐαλόντος,</span> <span class='ocrx_word' id='word_1_605' title='bbox 3177 2828 3395 2880; x_wconf 79' lang='grc' dir='ltr'>ἐκείνου</span> <span class='ocrx_word' id='word_1_606' title='bbox 3450 2842 3513 2878; x_wconf 89' lang='grc' dir='ltr'><strong>τε</strong></span> <span class='ocrx_word' id='word_1_607' title='bbox 3557 2823 3652 2894; x_wconf 80' lang='grc' dir='ltr'>τὴν</span> <span class='ocrx_word' id='word_1_608' title='bbox 3687 2896 3693 2904; x_wconf 32' lang='grc'><em>,</em></span> 
     </span>
    </p>
   </div>
   <div class='ocr_carea' id='block_1_86' title="bbox 2071 2918 3649 2996">
    <p class='ocr_par' dir='ltr' id='par_1_86' title="bbox 2071 2918 3649 2996">
     <span class='ocr_line' id='line_1_86' title="bbox 2071 2918 3649 2996; baseline -0.007 -16"><span class='ocrx_word' id='word_1_609' title='bbox 2071 2926 2283 2996; x_wconf 79' lang='grc' dir='ltr'>ἄμαχον</span> <span class='ocrx_word' id='word_1_610' title='bbox 2326 2921 2472 2993; x_wconf 81' lang='grc' dir='ltr'>αὐτῷ</span> <span class='ocrx_word' id='word_1_611' title='bbox 2518 2921 2612 2976; x_wconf 85' lang='grc' dir='ltr'><strong>τοῦ</strong></span> <span class='ocrx_word' id='word_1_612' title='bbox 2664 2921 2903 2993; x_wconf 80' lang='grc' dir='ltr'>Χριστοῦ</span> <span class='ocrx_word' id='word_1_613' title='bbox 2961 2921 3232 2991; x_wconf 81' lang='grc' dir='ltr'>σφραγῖδα</span> <span class='ocrx_word' id='word_1_614' title='bbox 3277 2918 3649 2981; x_wconf 74' lang='grc' dir='ltr'>ἐπιϐαλόντος,</span> 
     </span>
    </p>
   </div>
   <div class='ocr_carea' id='block_1_87' title="bbox 2070 3010 3654 3084">
    <p class='ocr_par' dir='ltr' id='par_1_87' title="bbox 2070 3010 3654 3084">
     <span class='ocr_line' id='line_1_87' title="bbox 2070 3010 3654 3084; baseline -0.005 -14"><span class='ocrx_word' id='word_1_615' title='bbox 2070 3018 2248 3071; x_wconf 84' lang='grc' dir='ltr'>ἐδόκει</span> <span class='ocrx_word' id='word_1_616' title='bbox 2277 3015 2365 3069; x_wconf 82' lang='grc' dir='ltr'>διὰ</span> <span class='ocrx_word' id='word_1_617' title='bbox 2394 3015 2564 3084; x_wconf 81' lang='grc' dir='ltr'>πυρὸς</span> <span class='ocrx_word' id='word_1_618' title='bbox 2593 3014 2880 3084; x_wconf 79' lang='grc' dir='ltr'>ἀστραπῆς</span> <span class='ocrx_word' id='word_1_619' title='bbox 2908 3016 2938 3066; x_wconf 91' lang='lat'><strong>6</strong></span> <span class='ocrx_word' id='word_1_620' title='bbox 2963 3013 3174 3082; x_wconf 86' lang='grc' dir='ltr'>δαίμων</span> <span class='ocrx_word' id='word_1_621' title='bbox 3201 3012 3400 3067; x_wconf 79' lang='grc' dir='ltr'>ἑαυτὸν</span> <span class='ocrx_word' id='word_1_622' title='bbox 3427 3010 3555 3082; x_wconf 82' lang='grc' dir='ltr'>ὁρᾷν</span> <span class='ocrx_word' id='word_1_623' title='bbox 3577 3027 3654 3062; x_wconf 82' lang='grc' dir='ltr'>τι·</span> 
     </span>
    </p>
   </div>
   <div class='ocr_carea' id='block_1_88' title="bbox 2074 3101 3655 3181">
    <p class='ocr_par' dir='ltr' id='par_1_88' title="bbox 2074 3101 3655 3181">
     <span class='ocr_line' id='line_1_88' title="bbox 2074 3101 3655 3181; baseline -0.007 -18"><span class='ocrx_word' id='word_1_624' title='bbox 2074 3108 2424 3181; x_wconf 83' lang='grc' dir='ltr'>μωρούμενον</span> <span class='ocrx_word' id='word_1_625' title='bbox 2440 3124 2454 3140; x_wconf 78' lang='grc' dir='ltr'><strong>ο</strong></span> <span class='ocrx_word' id='word_1_626' title='bbox 2478 3105 2543 3159; x_wconf 88' lang='grc' dir='ltr'>Τί</span> <span class='ocrx_word' id='word_1_627' title='bbox 2568 3104 2745 3167; x_wconf 83' lang='grc' dir='ltr'>τοῦτο,</span> <span class='ocrx_word' id='word_1_628' title='bbox 2763 3104 2915 3158; x_wconf 83' lang='grc' dir='ltr'>δοῦλε</span> <span class='ocrx_word' id='word_1_629' title='bbox 2935 3104 3028 3158; x_wconf 90' lang='grc' dir='ltr'><strong>τοῦ</strong></span> <span class='ocrx_word' id='word_1_630' title='bbox 3049 3103 3185 3158; x_wconf 78' lang='grc' dir='ltr'>Θεοῦ</span> <span class='ocrx_word' id='word_1_631' title='bbox 3211 3120 3226 3169; x_wconf 89' lang='grc'><strong>;</strong></span> <span class='ocrx_word' id='word_1_632' title='bbox 3254 3103 3437 3172; x_wconf 84' lang='grc' dir='ltr'>λέγων</span> <span class='ocrx_word' id='word_1_633' title='bbox 3461 3117 3474 3132; x_wconf 88' lang='grc'><strong>·</strong></span> <span class='ocrx_word' id='word_1_634' title='bbox 3504 3101 3556 3154; x_wconf 85' lang='grc' dir='ltr'><strong>τί</strong></span> <span class='ocrx_word' id='word_1_635' title='bbox 3590 3116 3655 3171; x_wconf 85' lang='grc' dir='ltr'><strong>με</strong></span> 
     </span>
    </p>
   </div>
   <div class='ocr_carea' id='block_1_89' title="bbox 2071 3191 3655 3270">
    <p class='ocr_par' dir='ltr' id='par_1_89' title="bbox 2071 3191 3655 3270">
     <span class='ocr_line' id='line_1_89' title="bbox 2071 3191 3655 3270; baseline -0.007 -16"><span class='ocrx_word' id='word_1_636' title='bbox 2071 3200 2258 3264; x_wconf 81' lang='grc' dir='ltr'>δεινῶς</span> <span class='ocrx_word' id='word_1_637' title='bbox 2311 3198 2647 3270; x_wconf 82' lang='grc' dir='ltr'>πυρπολεῖς;</span> <span class='ocrx_word' id='word_1_638' title='bbox 2696 3197 2817 3249; x_wconf 80' lang='grc' dir='ltr'>οὐδὲ</span> <span class='ocrx_word' id='word_1_639' title='bbox 2852 3196 2961 3264; x_wconf 78' lang='grc' dir='ltr'>γὰρ</span> <span class='ocrx_word' id='word_1_640' title='bbox 3000 3196 3098 3264; x_wconf 77' lang='grc' dir='ltr'>τὴν</span> <span class='ocrx_word' id='word_1_641' title='bbox 3147 3197 3206 3248; x_wconf 80' lang='grc' dir='ltr'>ὲν</span> <span class='ocrx_word' id='word_1_642' title='bbox 3253 3196 3344 3247; x_wconf 76' lang='grc' dir='ltr'>σοὶ</span> <span class='ocrx_word' id='word_1_643' title='bbox 3384 3193 3493 3248; x_wconf 66' lang='grc' dir='ltr'><strong>τοῦ</strong></span> <span class='ocrx_word' id='word_1_644' title='bbox 3525 3191 3655 3245; x_wconf 82' lang='grc' dir='ltr'>Θεοῦ</span> 
     </span>
    </p>
   </div>
   <div class='ocr_carea' id='block_1_90' title="bbox 2072 3284 3660 3364">
    <p class='ocr_par' dir='ltr' id='par_1_90' title="bbox 2072 3284 3660 3364">
     <span class='ocr_line' id='line_1_90' title="bbox 2072 3284 3660 3364; baseline -0.006 -19"><span class='ocrx_word' id='word_1_645' title='bbox 2072 3295 2229 3364; x_wconf 85' lang='grc' dir='ltr'>χεῖρα</span> <span class='ocrx_word' id='word_1_646' title='bbox 2266 3291 2502 3360; x_wconf 75' lang='grc' dir='ltr'>δύναμαι</span> <span class='ocrx_word' id='word_1_647' title='bbox 2549 3285 2759 3358; x_wconf 79' lang='grc' dir='ltr'>στέγειν</span> <span class='ocrx_word' id='word_1_648' title='bbox 2788 3287 2889 3357; x_wconf 83' lang='grc' dir='ltr'>τὴν</span> <span class='ocrx_word' id='word_1_649' title='bbox 2929 3284 3186 3355; x_wconf 78' lang='grc' dir='ltr'>φοϐερὰν,</span> <span class='ocrx_word' id='word_1_650' title='bbox 3218 3286 3350 3355; x_wconf 75' lang='grc' dir='ltr'>ἥτις</span> <span class='ocrx_word' id='word_1_651' title='bbox 3383 3285 3482 3353; x_wconf 80' lang='grc' dir='ltr'><strong>οὐχ</strong></span> <span class='ocrx_word' id='word_1_652' title='bbox 3515 3284 3660 3354; x_wconf 84' lang='grc' dir='ltr'>ἡμᾶς</span> 
     </span>
    </p>
   </div>
   <div class='ocr_carea' id='block_1_91' title="bbox 2074 3372 3663 3456">
    <p class='ocr_par' dir='ltr' id='par_1_91' title="bbox 2074 3372 3663 3456">
     <span class='ocr_line' id='line_1_91' title="bbox 2074 3372 3663 3456; baseline -0.009 -17"><span class='ocrx_word' id='word_1_653' title='bbox 2074 3387 2285 3456; x_wconf 69' lang='grc' dir='ltr'>πέφυκε</span> <span class='ocrx_word' id='word_1_654' title='bbox 2336 3384 2497 3455; x_wconf 85' lang='grc' dir='ltr'>μόνον</span> <span class='ocrx_word' id='word_1_655' title='bbox 2535 3380 2755 3452; x_wconf 81' lang='grc' dir='ltr'>μάστιξι</span> <span class='ocrx_word' id='word_1_656' title='bbox 2802 3380 3057 3451; x_wconf 85' lang='grc' dir='ltr'>πυρὶναις</span> <span class='ocrx_word' id='word_1_657' title='bbox 3083 3377 3272 3432; x_wconf 82' lang='grc' dir='ltr'>ὲλαῦνε</span> <span class='ocrx_word' id='word_1_658' title='bbox 3289 3394 3359 3440; x_wconf 91' lang='grc' dir='ltr'><strong>ιν,</strong></span> <span class='ocrx_word' id='word_1_659' title='bbox 3399 3374 3537 3430; x_wconf 81' lang='grc' dir='ltr'><strong>ἀλλά</strong></span> <span class='ocrx_word' id='word_1_660' title='bbox 3568 3372 3663 3427; x_wconf 71' lang='grc' dir='ltr'>καὶ</span> 
     </span>
    </p>
   </div>
   <div class='ocr_carea' id='block_1_92' title="bbox 2073 3468 3665 3547">
    <p class='ocr_par' dir='ltr' id='par_1_92' title="bbox 2073 3468 3665 3547">
     <span class='ocr_line' id='line_1_92' title="bbox 2073 3468 3665 3547; baseline -0.011 -13"><span class='ocrx_word' id='word_1_661' title='bbox 2073 3481 2260 3544; x_wconf 86' lang='grc' dir='ltr'>νόσους</span> <span class='ocrx_word' id='word_1_662' title='bbox 2283 3478 2359 3547; x_wconf 83' lang='grc' dir='ltr'>τῷ</span> <span class='ocrx_word' id='word_1_663' title='bbox 2381 3475 2496 3547; x_wconf 87' lang='grc' dir='ltr'>λαῷ</span> <span class='ocrx_word' id='word_1_664' title='bbox 2524 3472 2869 3536; x_wconf 80' lang='grc' dir='ltr'>παντοδαπὰς</span> <span class='ocrx_word' id='word_1_665' title='bbox 2899 3469 3244 3543; x_wconf 70' lang='grc' dir='ltr'>θεραπεύειν.</span> <span class='ocrx_word' id='word_1_666' title='bbox 3270 3468 3467 3522; x_wconf 79' lang='grc' dir='ltr'>Ταῦτα</span> <span class='ocrx_word' id='word_1_667' title='bbox 3487 3468 3547 3519; x_wconf 74' lang='grc' dir='ltr'>τὸ</span> <span class='ocrx_word' id='word_1_668' title='bbox 3573 3482 3665 3519; x_wconf 85' lang='grc' dir='ltr'>πο-</span> 
     </span>
    </p>
   </div>
   <div class='ocr_carea' id='block_1_93' title="bbox 2073 3553 3668 3642">
    <p class='ocr_par' dir='ltr' id='par_1_93' title="bbox 2073 3553 3668 3642">
     <span class='ocr_line' id='line_1_93' title="bbox 2073 3553 3668 3642; baseline -0.012 -15"><span class='ocrx_word' id='word_1_669' title='bbox 2073 3572 2237 3642; x_wconf 79' lang='grc' dir='ltr'>νηρὸν</span> <span class='ocrx_word' id='word_1_670' title='bbox 2295 3568 2472 3623; x_wconf 83' lang='grc' dir='ltr'>ἐκεῖνο</span> <span class='ocrx_word' id='word_1_671' title='bbox 2518 3564 2737 3636; x_wconf 84' lang='grc' dir='ltr'>πνεῦμα</span> <span class='ocrx_word' id='word_1_672' title='bbox 2794 3566 2859 3635; x_wconf 80' lang='grc' dir='ltr'>τῇ</span> <span class='ocrx_word' id='word_1_673' title='bbox 2918 3561 3011 3616; x_wconf 91' lang='grc' dir='ltr'><strong>τοῦ</strong></span> <span class='ocrx_word' id='word_1_674' title='bbox 3069 3553 3380 3629; x_wconf 83' lang='grc' dir='ltr'>πάσχοντος</span> <span class='ocrx_word' id='word_1_675' title='bbox 3453 3557 3668 3629; x_wconf 79' lang='grc' dir='ltr'>γλώττῃ</span> 
     </span>
    </p>
   </div>
   <div class='ocr_carea' id='block_1_94' title="bbox 2076 3646 3667 3732">
    <p class='ocr_par' dir='ltr' id='par_1_94' title="bbox 2076 3646 3667 3732">
     <span class='ocr_line' id='line_1_94' title="bbox 2076 3646 3667 3732; baseline -0.009 -16"><span class='ocrx_word' id='word_1_676' title='bbox 2076 3661 2472 3732; x_wconf 78' lang='grc' dir='ltr'>φθεγξάμενον,</span> <span class='ocrx_word' id='word_1_677' title='bbox 2522 3656 2685 3720; x_wconf 79' lang='grc' dir='ltr'>εὐθὺς</span> <span class='ocrx_word' id='word_1_678' title='bbox 2738 3654 3048 3725; x_wconf 74' lang='grc' dir='ltr'>ἀπελήλατο</span> <span class='ocrx_word' id='word_1_679' title='bbox 3071 3670 3085 3685; x_wconf 88' lang='grc'><strong>·</strong></span> <span class='ocrx_word' id='word_1_680' title='bbox 3112 3646 3289 3723; x_wconf 73' lang='grc' dir='ltr'>οὗπερ</span> <span class='ocrx_word' id='word_1_681' title='bbox 3322 3653 3352 3705; x_wconf 93' lang='lat'><strong>6</strong></span> <span class='ocrx_word' id='word_1_682' title='bbox 3388 3649 3667 3707; x_wconf 80' lang='grc' dir='ltr'>νεανίσκος</span> 
     </span>
    </p>
   </div>
   <div class='ocr_carea' id='block_1_95' title="bbox 2075 3741 3663 3820">
    <p class='ocr_par' dir='ltr' id='par_1_95' title="bbox 2075 3741 3663 3820">
     <span class='ocr_line' id='line_1_95' title="bbox 2075 3741 3663 3820; baseline -0.011 -11"><span class='ocrx_word' id='word_1_683' title='bbox 2075 3754 2437 3820; x_wconf 72' lang='grc' dir='ltr'>ἀπαλλαγεὶς,</span> <span class='ocrx_word' id='word_1_684' title='bbox 2476 3749 2742 3819; x_wconf 72' lang='grc' dir='ltr'>’Ἄγγελον</span> <span class='ocrx_word' id='word_1_685' title='bbox 2788 3744 2881 3802; x_wconf 63' lang='grc' dir='ltr'><strong>ὑπ’</strong></span> <span class='ocrx_word' id='word_1_686' title='bbox 2911 3746 3224 3817; x_wconf 69' lang='grc' dir='ltr'>ὀφθαλμοὺς</span> <span class='ocrx_word' id='word_1_687' title='bbox 3266 3742 3419 3815; x_wconf 85' lang='grc' dir='ltr'>ἐώρα</span> <span class='ocrx_word' id='word_1_688' title='bbox 3458 3742 3535 3812; x_wconf 85' lang='grc' dir='ltr'><strong>τῷ</strong></span> <span class='ocrx_word' id='word_1_689' title='bbox 3563 3741 3663 3793; x_wconf 83' lang='grc' dir='ltr'><strong>Συ-</strong></span> 
     </span>
    </p>
   </div>
   <div class='ocr_carea' id='block_1_96' title="bbox 2081 3832 3663 3919">
    <p class='ocr_par' dir='ltr' id='par_1_96' title="bbox 2081 3832 3663 3919">
     <span class='ocr_line' id='line_1_96' title="bbox 2081 3832 3663 3919; baseline -0.009 -19"><span class='ocrx_word' id='word_1_690' title='bbox 2081 3846 2228 3919; x_wconf 86' lang='grc' dir='ltr'>μεὼν</span> <span class='ocrx_word' id='word_1_691' title='bbox 2275 3846 2333 3897; x_wconf 80' lang='grc' dir='ltr'>ὲν</span> <span class='ocrx_word' id='word_1_692' title='bbox 2386 3841 2698 3914; x_wconf 84' lang='grc' dir='ltr'>ὁμοιώματι</span> <span class='ocrx_word' id='word_1_693' title='bbox 2750 3836 3084 3911; x_wconf 85' lang='grc' dir='ltr'>στρατιώτου</span> <span class='ocrx_word' id='word_1_694' title='bbox 3137 3836 3552 3907; x_wconf 76' lang='grc' dir='ltr'>παρεστηκότα,</span> <span class='ocrx_word' id='word_1_695' title='bbox 3589 3832 3663 3894; x_wconf 84' lang='grc' dir='ltr'>ὡς</span> 
     </span>
    </p>
   </div>
   <div class='ocr_carea' id='block_1_97' title="bbox 2078 3924 3663 4005">
    <p class='ocr_par' dir='ltr' id='par_1_97' title="bbox 2078 3924 3663 4005">
     <span class='ocr_line' id='line_1_97' title="bbox 2078 3924 3663 4005; baseline -0.009 -13"><span class='ocrx_word' id='word_1_696' title='bbox 2078 3937 2238 4000; x_wconf 70' lang='grc' dir='ltr'>αὐτὸς</span> <span class='ocrx_word' id='word_1_697' title='bbox 2276 3935 2503 4005; x_wconf 79' lang='grc' dir='ltr'>ὕστερον</span> <span class='ocrx_word' id='word_1_698' title='bbox 2538 3924 2803 4005; x_wconf 79' lang='grc' dir='ltr'>ἐξηγεῖτο,</span> <span class='ocrx_word' id='word_1_699' title='bbox 2834 3933 2929 3985; x_wconf 74' lang='grc' dir='ltr'>καὶ</span> <span class='ocrx_word' id='word_1_700' title='bbox 2956 3926 3106 3999; x_wconf 79' lang='grc' dir='ltr'>αὐτῷ</span> <span class='ocrx_word' id='word_1_701' title='bbox 3137 3928 3381 3998; x_wconf 76' lang='grc' dir='ltr'>γνησίως</span> <span class='ocrx_word' id='word_1_702' title='bbox 3420 3924 3663 3993; x_wconf 68' lang='grc' dir='ltr'>διαὶεγὸο</span> 
     </span>
    </p>
   </div>
   <div class='ocr_carea' id='block_1_98' title="bbox 2083 4016 3667 4097">
    <p class='ocr_par' dir='ltr' id='par_1_98' title="bbox 2083 4016 3667 4097">
     <span class='ocr_line' id='line_1_98' title="bbox 2083 4016 3667 4097; baseline -0.007 -17"><span class='ocrx_word' id='word_1_703' title='bbox 2083 4045 2262 4097; x_wconf 85' lang='grc' dir='ltr'>μενον.</span> <span class='ocrx_word' id='word_1_704' title='bbox 2318 4023 2452 4079; x_wconf 78' lang='grc' dir='ltr'>Εἶτα</span> <span class='ocrx_word' id='word_1_705' title='bbox 2512 4026 2607 4079; x_wconf 64' lang='grc' dir='ltr'><strong>καλ⁵</strong></span> <span class='ocrx_word' id='word_1_706' title='bbox 2666 4026 2796 4092; x_wconf 78' lang='grc' dir='ltr'>περὶ</span> <span class='ocrx_word' id='word_1_707' title='bbox 2846 4023 2940 4076; x_wconf 84' lang='grc' dir='ltr'><strong>τοῦ</strong></span> <span class='ocrx_word' id='word_1_708' title='bbox 2992 4021 3148 4084; x_wconf 76' lang='grc' dir='ltr'>ποδὸς</span> <span class='ocrx_word' id='word_1_709' title='bbox 3193 4016 3403 4075; x_wconf 71' lang='grc' dir='ltr'>ἐδεῖτοο</span> <span class='ocrx_word' id='word_1_710' title='bbox 3450 4016 3520 4092; x_wconf 65' lang='grc' dir='ltr'>ἦν</span> <span class='ocrx_word' id='word_1_711' title='bbox 3561 4020 3667 4087; x_wconf 81' lang='grc' dir='ltr'><strong>γὰρ</strong></span> 
     </span>
    </p>
   </div>
   <div class='ocr_carea' id='block_1_99' title="bbox 2080 4110 3668 4188">
    <p class='ocr_par' dir='ltr' id='par_1_99' title="bbox 2080 4110 3668 4188">
     <span class='ocr_line' id='line_1_99' title="bbox 2080 4110 3668 4188; baseline -0.006 -16"><span class='ocrx_word' id='word_1_712' title='bbox 2080 4118 2321 4181; x_wconf 82' lang='grc' dir='ltr'>ἀσθενῶς</span> <span class='ocrx_word' id='word_1_713' title='bbox 2371 4114 2511 4188; x_wconf 73' lang='grc' dir='ltr'>ἔχων</span> <span class='ocrx_word' id='word_1_714' title='bbox 2562 4116 2641 4186; x_wconf 79' lang='grc' dir='ltr'><strong>τῷ</strong></span> <span class='ocrx_word' id='word_1_715' title='bbox 2668 4115 2974 4185; x_wconf 66' lang='grc' dir='ltr'>νεανίσκῳυ</span> <span class='ocrx_word' id='word_1_716' title='bbox 3012 4111 3211 4184; x_wconf 86' lang='grc' dir='ltr'>μικροῦ</span> <span class='ocrx_word' id='word_1_717' title='bbox 3265 4113 3320 4165; x_wconf 77' lang='grc' dir='ltr'>δὲ</span> <span class='ocrx_word' id='word_1_718' title='bbox 3361 4111 3457 4166; x_wconf 75' lang='grc' dir='ltr'>καὶ</span> <span class='ocrx_word' id='word_1_719' title='bbox 3499 4110 3668 4180; x_wconf 65' lang='grc' dir='ltr'>ἀχρή-</span> 
     </span>
    </p>
   </div>
   <div class='ocr_carea' id='block_1_100' title="bbox 2083 4192 3666 4276">
    <p class='ocr_par' dir='ltr' id='par_1_100' title="bbox 2083 4192 3666 4276">
     <span class='ocr_line' id='line_1_100' title="bbox 2083 4192 3666 4276; baseline -0.008 -15"><span class='ocrx_word' id='word_1_720' title='bbox 2083 4224 2222 4272; x_wconf 83' lang='grc' dir='ltr'>στως</span> <span class='ocrx_word' id='word_1_721' title='bbox 2243 4208 2269 4259; x_wconf 92' lang='lat'><strong>6</strong></span> <span class='ocrx_word' id='word_1_722' title='bbox 2291 4207 2426 4270; x_wconf 80' lang='grc' dir='ltr'>ποῦς</span> <span class='ocrx_word' id='word_1_723' title='bbox 2450 4224 2464 4239; x_wconf 80' lang='lat'><strong>&#39;</strong></span> <span class='ocrx_word' id='word_1_724' title='bbox 2499 4206 2658 4276; x_wconf 80' lang='grc' dir='ltr'>χεῖρα</span> <span class='ocrx_word' id='word_1_725' title='bbox 2687 4205 2865 4257; x_wconf 79' lang='grc' dir='ltr'>τοίνυν</span> <span class='ocrx_word' id='word_1_726' title='bbox 2898 4198 2978 4273; x_wconf 81' lang='grc' dir='ltr'><strong>τῷ</strong></span> <span class='ocrx_word' id='word_1_727' title='bbox 3005 4192 3126 4256; x_wconf 71' lang='grc' dir='ltr'>ποδὶ</span> <span class='ocrx_word' id='word_1_728' title='bbox 3150 4200 3246 4255; x_wconf 83' lang='grc' dir='ltr'><strong>τοῦ</strong></span> <span class='ocrx_word' id='word_1_729' title='bbox 3289 4192 3521 4269; x_wconf 80' lang='grc' dir='ltr'>Συμεὼν</span> <span class='ocrx_word' id='word_1_730' title='bbox 3545 4202 3666 4251; x_wconf 81' lang='grc' dir='ltr'>ἐπι-</span> 
     </span>
    </p>
   </div>
   <div class='ocr_carea' id='block_1_101' title="bbox 2082 4288 3669 4371">
    <p class='ocr_par' dir='ltr' id='par_1_101' title="bbox 2082 4288 3669 4371">
     <span class='ocr_line' id='line_1_101' title="bbox 2082 4288 3669 4371; baseline -0.008 -17"><span class='ocrx_word' id='word_1_731' title='bbox 2082 4298 2263 4363; x_wconf 79' lang='grc' dir='ltr'>θέντος</span> <span class='ocrx_word' id='word_1_732' title='bbox 2295 4296 2426 4371; x_wconf 71' lang='grc' dir='ltr'>εὐχῇ</span> <span class='ocrx_word' id='word_1_733' title='bbox 2449 4294 2919 4370; x_wconf 74' lang='grc' dir='ltr'>θεραπευομένην,</span> <span class='ocrx_word' id='word_1_734' title='bbox 2950 4295 3029 4367; x_wconf 83' lang='grc' dir='ltr'>τῷ</span> <span class='ocrx_word' id='word_1_735' title='bbox 3050 4312 3111 4348; x_wconf 87' lang='grc' dir='ltr'><strong>τε</strong></span> <span class='ocrx_word' id='word_1_736' title='bbox 3130 4288 3224 4347; x_wconf 84' lang='grc' dir='ltr'><strong>τοῦ</strong></span> <span class='ocrx_word' id='word_1_737' title='bbox 3252 4288 3491 4366; x_wconf 87' lang='grc' dir='ltr'>σταυροῦ</span> <span class='ocrx_word' id='word_1_738' title='bbox 3516 4292 3669 4361; x_wconf 85' lang='grc' dir='ltr'>τύπῳ</span> 
     </span>
    </p>
   </div>
   <div class='ocr_carea' id='block_1_102' title="bbox 2082 4374 3671 4469">
    <p class='ocr_par' dir='ltr' id='par_1_102' title="bbox 2082 4374 3671 4469">
     <span class='ocr_line' id='line_1_102' title="bbox 2082 4374 3671 4469; baseline -0.005 -24"><span class='ocrx_word' id='word_1_739' title='bbox 2082 4390 2601 4469; x_wconf 76' lang='grc' dir='ltr'>διασφραγίσαντος,</span> <span class='ocrx_word' id='word_1_740' title='bbox 2631 4374 2801 4459; x_wconf 77' lang='grc' dir='ltr'>ὑγιῶς</span> <span class='ocrx_word' id='word_1_741' title='bbox 2832 4382 3054 4455; x_wconf 68' lang='grc' dir='ltr'>αὐτίκα,</span> <span class='ocrx_word' id='word_1_742' title='bbox 3090 4387 3183 4441; x_wconf 81' lang='grc' dir='ltr'>καὶ</span> <span class='ocrx_word' id='word_1_743' title='bbox 3220 4386 3442 4459; x_wconf 79' lang='grc' dir='ltr'>θατέρῳ</span> <span class='ocrx_word' id='word_1_744' title='bbox 3462 4387 3534 4451; x_wconf 66' lang='lat'><em>36</em></span> <span class='ocrx_word' id='word_1_745' title='bbox 3565 4388 3671 4439; x_wconf 81' lang='grc' dir='ltr'><strong>πᾶν</strong></span> 
     </span>
    </p>
   </div>
   <div class='ocr_carea' id='block_1_103' title="bbox 2084 4481 2479 4555">
    <p class='ocr_par' dir='ltr' id='par_1_103' title="bbox 2084 4481 2479 4555">
     <span class='ocr_line' id='line_1_103' title="bbox 2084 4481 2479 4555; baseline -0.003 -17"><span class='ocrx_word' id='word_1_746' title='bbox 2084 4481 2227 4555; x_wconf 77' lang='grc' dir='ltr'>εἶχεν</span> <span class='ocrx_word' id='word_1_747' title='bbox 2256 4483 2479 4553; x_wconf 83' lang='grc' dir='ltr'>ὁμοίως.</span> 
     </span>
    </p>
   </div>
   <div class='ocr_carea' id='block_1_104' title="bbox 2152 4569 3703 4646">
    <p class='ocr_par' dir='ltr' id='par_1_104' title="bbox 2152 4569 3703 4646">
     <span class='ocr_line' id='line_1_104' title="bbox 2152 4569 3703 4646; baseline -0.005 -17"><span class='ocrx_word' id='word_1_748' title='bbox 2152 4575 2249 4629; x_wconf 80' lang='grc' dir='ltr'><strong>οϐ’.</strong></span> <span class='ocrx_word' id='word_1_749' title='bbox 2284 4573 2513 4646; x_wconf 80' lang='grc' dir='ltr'>Ἕτερός</span> <span class='ocrx_word' id='word_1_750' title='bbox 2546 4591 2649 4637; x_wconf 88' lang='grc' dir='ltr'>τις,</span> <span class='ocrx_word' id='word_1_751' title='bbox 2682 4573 2900 4641; x_wconf 87' lang='grc' dir='ltr'>δαίμονι</span> <span class='ocrx_word' id='word_1_752' title='bbox 2923 4572 3021 4642; x_wconf 78' lang='grc' dir='ltr'>τὴν</span> <span class='ocrx_word' id='word_1_753' title='bbox 3064 4571 3186 4642; x_wconf 70' lang='grc' dir='ltr'>δψιν</span> <span class='ocrx_word' id='word_1_754' title='bbox 3228 4571 3582 4643; x_wconf 65' lang='grc' dir='ltr'>διὰστροςιος,</span> <span class='ocrx_word' id='word_1_755' title='bbox 3613 4569 3703 4623; x_wconf 68' lang='grc' dir='ltr'><strong>’ξδ’</strong></span> 
     </span>
    </p>
   </div>
   <div class='ocr_carea' id='block_1_105' title="bbox 2082 4664 3675 4743">
    <p class='ocr_par' dir='ltr' id='par_1_105' title="bbox 2082 4664 3675 4743">
     <span class='ocr_line' id='line_1_105' title="bbox 2082 4664 3675 4743; baseline -0.006 -20"><span class='ocrx_word' id='word_1_756' title='bbox 2082 4669 2175 4724; x_wconf 82' lang='grc' dir='ltr'><strong>τοῦ</strong></span> <span class='ocrx_word' id='word_1_757' title='bbox 2202 4668 2348 4721; x_wconf 87' lang='grc' dir='ltr'>θείου</span> <span class='ocrx_word' id='word_1_758' title='bbox 2376 4666 2602 4737; x_wconf 67' lang='grc' dir='ltr'>Συμεὼν</span> <span class='ocrx_word' id='word_1_759' title='bbox 2630 4666 2801 4736; x_wconf 79' lang='grc' dir='ltr'>ὄνομα</span> <span class='ocrx_word' id='word_1_760' title='bbox 2825 4667 2905 4729; x_wconf 87' lang='grc' dir='ltr'><strong>είς</strong></span> <span class='ocrx_word' id='word_1_761' title='bbox 2932 4664 3077 4718; x_wconf 84' lang='grc' dir='ltr'>ίασιν</span> <span class='ocrx_word' id='word_1_762' title='bbox 3095 4668 3192 4718; x_wconf 69' lang='grc' dir='ltr'>τος</span> <span class='ocrx_word' id='word_1_763' title='bbox 3225 4664 3440 4727; x_wconf 83' lang='grc' dir='ltr'>πάθους</span> <span class='ocrx_word' id='word_1_764' title='bbox 3469 4666 3675 4743; x_wconf 76' lang='grc' dir='ltr'>ἐπεκαο</span> 
     </span>
    </p>
   </div>
   <div class='ocr_carea' id='block_1_106' title="bbox 2081 4755 3676 4829">
    <p class='ocr_par' dir='ltr' id='par_1_106' title="bbox 2081 4755 3676 4829">
     <span class='ocr_line' id='line_1_106' title="bbox 2081 4755 3676 4829; baseline -0.006 -13"><span class='ocrx_word' id='word_1_765' title='bbox 2081 4763 2247 4827; x_wconf 81' lang='grc' dir='ltr'>λεῖτο,</span> <span class='ocrx_word' id='word_1_766' title='bbox 2291 4760 2384 4816; x_wconf 85' lang='grc' dir='ltr'><strong>καί</strong></span> <span class='ocrx_word' id='word_1_767' title='bbox 2417 4777 2550 4813; x_wconf 83' lang='grc' dir='ltr'>ποτε</span> <span class='ocrx_word' id='word_1_768' title='bbox 2579 4758 2769 4812; x_wconf 83' lang='grc' dir='ltr'>τοῦτον</span> <span class='ocrx_word' id='word_1_769' title='bbox 2818 4759 2874 4811; x_wconf 87' lang='grc' dir='ltr'><strong>ἐν</strong></span> <span class='ocrx_word' id='word_1_770' title='bbox 2925 4757 3109 4829; x_wconf 80' lang='grc' dir='ltr'>αἰθέρι</span> <span class='ocrx_word' id='word_1_771' title='bbox 3161 4758 3314 4828; x_wconf 87' lang='grc' dir='ltr'>μέσῳ</span> <span class='ocrx_word' id='word_1_772' title='bbox 3348 4757 3551 4829; x_wconf 71' lang='grc' dir='ltr'>ῥάϐδον</span> <span class='ocrx_word' id='word_1_773' title='bbox 3588 4755 3676 4807; x_wconf 82' lang='grc' dir='ltr'><strong>διά</strong></span> 
     </span>
    </p>
   </div>
   <div class='ocr_carea' id='block_1_107' title="bbox 2084 4845 3675 4925">
    <p class='ocr_par' dir='ltr' id='par_1_107' title="bbox 2084 4845 3675 4925">
     <span class='ocr_line' id='line_1_107' title="bbox 2084 4845 3675 4925; baseline -0.006 -18"><span class='ocrx_word' id='word_1_774' title='bbox 2084 4854 2266 4925; x_wconf 75' lang='grc' dir='ltr'>χειρὸς</span> <span class='ocrx_word' id='word_1_775' title='bbox 2298 4851 2488 4921; x_wconf 75' lang='grc' dir='ltr'>ἔχοντα</span> <span class='ocrx_word' id='word_1_776' title='bbox 2521 4845 2755 4921; x_wconf 58' lang='grc' dir='ltr'>πυρίνην</span> <span class='ocrx_word' id='word_1_777' title='bbox 2786 4851 2886 4921; x_wconf 74' lang='grc' dir='ltr'><strong>ὁρᾷ</strong></span> <span class='ocrx_word' id='word_1_778' title='bbox 2906 4890 2919 4914; x_wconf 93' lang='grc'><strong>,</strong></span> <span class='ocrx_word' id='word_1_779' title='bbox 2963 4849 3059 4903; x_wconf 78' lang='grc' dir='ltr'>καὶ</span> <span class='ocrx_word' id='word_1_780' title='bbox 3106 4849 3354 4919; x_wconf 81' lang='grc' dir='ltr'>σφοδρῶς</span> <span class='ocrx_word' id='word_1_781' title='bbox 3391 4848 3483 4901; x_wconf 81' lang='grc' dir='ltr'><strong>ἐπ’</strong></span> <span class='ocrx_word' id='word_1_782' title='bbox 3511 4847 3675 4900; x_wconf 69' lang='grc' dir='ltr'>αὐτὸν</span> 
     </span>
    </p>
   </div>
   <div class='ocr_carea' id='block_1_108' title="bbox 2084 4939 3675 5014">
    <p class='ocr_par' dir='ltr' id='par_1_108' title="bbox 2084 4939 3675 5014">
     <span class='ocr_line' id='line_1_108' title="bbox 2084 4939 3675 5014; baseline -0.003 -19"><span class='ocrx_word' id='word_1_783' title='bbox 2084 4942 2408 5014; x_wconf 81' lang='grc' dir='ltr'>φερόμενον.</span> <span class='ocrx_word' id='word_1_784' title='bbox 2446 4940 2554 4995; x_wconf 85' lang='grc' dir='ltr'><strong>Τοῦ</strong></span> <span class='ocrx_word' id='word_1_785' title='bbox 2602 4942 2733 5009; x_wconf 90' lang='grc' dir='ltr'>γοῦν</span> <span class='ocrx_word' id='word_1_786' title='bbox 2773 4939 3084 5012; x_wconf 80' lang='grc' dir='ltr'>ἀκαθάρτου</span> <span class='ocrx_word' id='word_1_787' title='bbox 3118 4941 3436 5011; x_wconf 70' lang='grc' dir='ltr'>πνεύματος</span> <span class='ocrx_word' id='word_1_788' title='bbox 3461 4940 3675 4993; x_wconf 64' lang='grc' dir='ltr'>έκειίνου</span> 
     </span>
    </p>
   </div>
   <div class='ocr_carea' id='block_1_109' title="bbox 2082 5030 3674 5104">
    <p class='ocr_par' dir='ltr' id='par_1_109' title="bbox 2082 5030 3674 5104">
     <span class='ocr_line' id='line_1_109' title="bbox 2082 5030 3674 5104; baseline -0.006 -15"><span class='ocrx_word' id='word_1_789' title='bbox 2082 5035 2181 5104; x_wconf 79' lang='grc' dir='ltr'><strong>τὴν</strong></span> <span class='ocrx_word' id='word_1_790' title='bbox 2230 5032 2418 5104; x_wconf 75' lang='grc' dir='ltr'>ἔφοδον</span> <span class='ocrx_word' id='word_1_791' title='bbox 2457 5034 2558 5086; x_wconf 82' lang='grc' dir='ltr'>οὐκ</span> <span class='ocrx_word' id='word_1_792' title='bbox 2602 5033 2937 5100; x_wconf 78' lang='grc' dir='ltr'>ἐνεγκόντος,</span> <span class='ocrx_word' id='word_1_793' title='bbox 2968 5032 3087 5085; x_wconf 82' lang='grc' dir='ltr'>ἀλλ’</span> <span class='ocrx_word' id='word_1_794' title='bbox 3130 5032 3211 5095; x_wconf 73' lang='grc' dir='ltr'>εἰς’</span> <span class='ocrx_word' id='word_1_795' title='bbox 3247 5032 3433 5101; x_wconf 69' lang='grc' dir='ltr'>φυγὴν</span> <span class='ocrx_word' id='word_1_796' title='bbox 3476 5030 3674 5099; x_wconf 82' lang='grc' dir='ltr'>ἀγεννῆ</span> 
     </span>
    </p>
   </div>
   <div class='ocr_carea' id='block_1_110' title="bbox 2083 5122 3677 5197">
    <p class='ocr_par' dir='ltr' id='par_1_110' title="bbox 2083 5122 3677 5197">
     <span class='ocr_line' id='line_1_110' title="bbox 2083 5122 3677 5197; baseline -0.004 -16"><span class='ocrx_word' id='word_1_797' title='bbox 2083 5126 2453 5197; x_wconf 82' lang='grc' dir='ltr'>τραπομένου,</span> <span class='ocrx_word' id='word_1_798' title='bbox 2502 5124 2563 5177; x_wconf 86' lang='grc' dir='ltr'><strong>τό</strong></span> <span class='ocrx_word' id='word_1_799' title='bbox 2608 5142 2667 5177; x_wconf 89' lang='grc' dir='ltr'><strong>τε</strong></span> <span class='ocrx_word' id='word_1_800' title='bbox 2708 5124 2999 5194; x_wconf 81' lang='grc' dir='ltr'>πρόσωπον</span> <span class='ocrx_word' id='word_1_801' title='bbox 3044 5123 3123 5193; x_wconf 86' lang='grc' dir='ltr'>τῷ</span> <span class='ocrx_word' id='word_1_802' title='bbox 3159 5123 3428 5192; x_wconf 84' lang='grc' dir='ltr'>πάσχοντι</span> <span class='ocrx_word' id='word_1_803' title='bbox 3473 5122 3677 5182; x_wconf 82' lang='grc' dir='ltr'>εὐθέως</span> 
     </span>
    </p>
   </div>
   <div class='ocr_carea' id='block_1_111' title="bbox 2084 5206 3679 5289">
    <p class='ocr_par' dir='ltr' id='par_1_111' title="bbox 2084 5206 3679 5289">
     <span class='ocr_line' id='line_1_111' title="bbox 2084 5206 3679 5289; baseline -0.008 -14"><span class='ocrx_word' id='word_1_804' title='bbox 2084 5217 2457 5287; x_wconf 80' lang='grc' dir='ltr'>ἀποκατέστη,</span> <span class='ocrx_word' id='word_1_805' title='bbox 2498 5216 2591 5271; x_wconf 58' lang='grc' dir='ltr'><strong>καὶ⁴</strong></span> <span class='ocrx_word' id='word_1_806' title='bbox 2620 5216 2795 5289; x_wconf 83' lang='grc' dir='ltr'>ὀρθῶς</span> <span class='ocrx_word' id='word_1_807' title='bbox 2833 5216 2928 5269; x_wconf 85' lang='grc' dir='ltr'><strong>τοῦ</strong></span> <span class='ocrx_word' id='word_1_808' title='bbox 2963 5206 3288 5273; x_wconf 77' lang='grc' dir='ltr'>λοιποῦ’καὶ</span> <span class='ocrx_word' id='word_1_809' title='bbox 3329 5217 3473 5267; x_wconf 79' lang='grc' dir='ltr'>κατὰ</span> <span class='ocrx_word' id='word_1_810' title='bbox 3516 5213 3679 5280; x_wconf 72' lang='grc' dir='ltr'>φύσιν</span> 
     </span>
    </p>
   </div>
   <div class='ocr_carea' id='block_1_112' title="bbox 2088 5304 3678 5383">
    <p class='ocr_par' dir='ltr' id='par_1_112' title="bbox 2088 5304 3678 5383">
     <span class='ocr_line' id='line_1_112' title="bbox 2088 5304 3678 5383; baseline -0.023 -8"><span class='ocrx_word' id='word_1_811' title='bbox 2088 5311 2256 5383; x_wconf 77' lang='grc' dir='ltr'>εἶχεν.</span> <span class='ocrx_word' id='word_1_812' title='bbox 2285 5313 2448 5381; x_wconf 84' lang='grc' dir='ltr'>Ὀφει</span> <span class='ocrx_word' id='word_1_813' title='bbox 2468 5304 2690 5380; x_wconf 79' lang='grc' dir='ltr'>δέδηκτό</span> <span class='ocrx_word' id='word_1_814' title='bbox 2723 5326 2806 5373; x_wconf 81' lang='grc' dir='ltr'><strong>τις</strong></span> <span class='ocrx_word' id='word_1_815' title='bbox 2844 5309 3032 5381; x_wconf 70' lang='grc' dir='ltr'>ΞοΕόλῳ</span> <span class='ocrx_word' id='word_1_816' title='bbox 3074 5309 3165 5362; x_wconf 78' lang='grc' dir='ltr'>τὸν</span> <span class='ocrx_word' id='word_1_817' title='bbox 3199 5308 3360 5365; x_wconf 79' lang='grc' dir='ltr'>πόδα.</span> <span class='ocrx_word' id='word_1_818' title='bbox 3389 5308 3485 5361; x_wconf 80' lang='grc' dir='ltr'>καὶ</span> <span class='ocrx_word' id='word_1_819' title='bbox 3515 5305 3678 5374; x_wconf 53' lang='grc' dir='ltr'>σῆψιν</span> 
     </span>
    </p>
   </div>
   <div class='ocr_carea' id='block_1_113' title="bbox 2086 5394 3680 5473">
    <p class='ocr_par' dir='ltr' id='par_1_113' title="bbox 2086 5394 3680 5473">
     <span class='ocr_line' id='line_1_113' title="bbox 2086 5394 3680 5473; baseline -0.007 -17"><span class='ocrx_word' id='word_1_820' title='bbox 2086 5398 2114 5456; x_wconf 92' lang='lat'><strong>6</strong></span> <span class='ocrx_word' id='word_1_821' title='bbox 2138 5405 2217 5468; x_wconf 76' lang='grc' dir='ltr'>ἰὸς</span> <span class='ocrx_word' id='word_1_822' title='bbox 2249 5404 2580 5473; x_wconf 81' lang='grc' dir='ltr'>ἐμποιήσας,</span> <span class='ocrx_word' id='word_1_823' title='bbox 2611 5402 2671 5455; x_wconf 81' lang='grc' dir='ltr'>οὐ</span> <span class='ocrx_word' id='word_1_824' title='bbox 2703 5405 2859 5473; x_wconf 78' lang='grc' dir='ltr'>χεῖρα</span> <span class='ocrx_word' id='word_1_825' title='bbox 2904 5400 3064 5469; x_wconf 76' lang='grc' dir='ltr'>μόνον</span> <span class='ocrx_word' id='word_1_826' title='bbox 3105 5400 3200 5454; x_wconf 71' lang='grc' dir='ltr'>καὶ</span> <span class='ocrx_word' id='word_1_827' title='bbox 3227 5399 3431 5468; x_wconf 79' lang='grc' dir='ltr'>τέχνην</span> <span class='ocrx_word' id='word_1_828' title='bbox 3477 5394 3680 5465; x_wconf 64' lang='grc' dir='ltr'>ἰατρῶν</span> 
     </span>
    </p>
   </div>
   <div class='ocr_carea' id='block_1_114' title="bbox 2086 5486 3681 5563">
    <p class='ocr_par' dir='ltr' id='par_1_114' title="bbox 2086 5486 3681 5563">
     <span class='ocr_line' id='line_1_114' title="bbox 2086 5486 3681 5563; baseline -0.007 -16"><span class='ocrx_word' id='word_1_829' title='bbox 2086 5492 2452 5562; x_wconf 86' lang='grc' dir='ltr'>ἀπαγορεύειν</span> <span class='ocrx_word' id='word_1_830' title='bbox 2504 5491 2698 5557; x_wconf 82' lang='grc' dir='ltr'>ἐποίει,</span> <span class='ocrx_word' id='word_1_831' title='bbox 2753 5492 2869 5545; x_wconf 85' lang='grc' dir='ltr'>ἀλλ’</span> <span class='ocrx_word' id='word_1_832' title='bbox 2898 5492 2997 5563; x_wconf 66' lang='grc' dir='ltr'><strong>ἥδη</strong></span> <span class='ocrx_word' id='word_1_833' title='bbox 3049 5492 3141 5545; x_wconf 84' lang='grc' dir='ltr'><strong>καί</strong></span> <span class='ocrx_word' id='word_1_834' title='bbox 3180 5490 3417 5543; x_wconf 83' lang='grc' dir='ltr'>θάνατον</span> <span class='ocrx_word' id='word_1_835' title='bbox 3463 5486 3681 5557; x_wconf 75' lang='grc' dir='ltr'>ἠπείλει</span> 
     </span>
    </p>
   </div>
   <div class='ocr_carea' id='block_1_115' title="bbox 2088 5579 3689 5655">
    <p class='ocr_par' dir='ltr' id='par_1_115' title="bbox 2088 5579 3689 5655">
     <span class='ocr_line' id='line_1_115' title="bbox 2088 5579 3689 5655; baseline -0.006 -17"><span class='ocrx_word' id='word_1_836' title='bbox 2088 5585 2233 5655; x_wconf 83' lang='grc' dir='ltr'>σαφῆ</span> <span class='ocrx_word' id='word_1_837' title='bbox 2256 5601 2269 5615; x_wconf 73' lang='grc'><strong><em>⁸</em></strong></span> <span class='ocrx_word' id='word_1_838' title='bbox 2298 5584 2435 5655; x_wconf 85' lang='grc' dir='ltr'>πρὸς</span> <span class='ocrx_word' id='word_1_839' title='bbox 2468 5581 2529 5637; x_wconf 81' lang='grc' dir='ltr'>ὃν</span> <span class='ocrx_word' id='word_1_840' title='bbox 2550 5583 2644 5636; x_wconf 69' lang='grc' dir='ltr'><strong>καὶ</strong></span> <span class='ocrx_word' id='word_1_841' title='bbox 2681 5582 2838 5652; x_wconf 83' lang='grc' dir='ltr'>μόνον</span> <span class='ocrx_word' id='word_1_842' title='bbox 2865 5583 2893 5633; x_wconf 91' lang='lat'><strong>6</strong></span> <span class='ocrx_word' id='word_1_843' title='bbox 2928 5582 3172 5653; x_wconf 72' lang='grc' dir='ltr'>πάσχων,</span> <span class='ocrx_word' id='word_1_844' title='bbox 3202 5579 3312 5634; x_wconf 82' lang='grc' dir='ltr'><strong>τῶν</strong></span> <span class='ocrx_word' id='word_1_845' title='bbox 3341 5580 3524 5635; x_wconf 75' lang='grc' dir='ltr'>ἄλλων</span> <span class='ocrx_word' id='word_1_846' title='bbox 3553 5581 3689 5631; x_wconf 68' lang='grc' dir='ltr'>άποέ</span> 
     </span>
    </p>
   </div>
   <div class='ocr_carea' id='block_1_116' title="bbox 2086 5671 3681 5747">
    <p class='ocr_par' dir='ltr' id='par_1_116' title="bbox 2086 5671 3681 5747">
     <span class='ocr_line' id='line_1_116' title="bbox 2086 5671 3681 5747; baseline -0.005 -18"><span class='ocrx_word' id='word_1_847' title='bbox 2086 5678 2248 5746; x_wconf 73' lang='grc' dir='ltr'>γνοὺς</span> <span class='ocrx_word' id='word_1_848' title='bbox 2277 5677 2558 5740; x_wconf 81' lang='grc' dir='ltr'>ἁπάντων,</span> <span class='ocrx_word' id='word_1_849' title='bbox 2591 5676 2759 5747; x_wconf 85' lang='grc' dir='ltr'>ἐώρα.</span> <span class='ocrx_word' id='word_1_850' title='bbox 2806 5675 3182 5728; x_wconf 87' lang='grc' dir='ltr'>’Υποτείνουσι</span> <span class='ocrx_word' id='word_1_851' title='bbox 3214 5671 3273 5726; x_wconf 86' lang='grc' dir='ltr'><strong>δέ</strong></span> <span class='ocrx_word' id='word_1_852' title='bbox 3303 5689 3452 5735; x_wconf 88' lang='grc' dir='ltr'>τινες</span> <span class='ocrx_word' id='word_1_853' title='bbox 3477 5671 3575 5733; x_wconf 81' lang='grc' dir='ltr'>τὰς</span> <span class='ocrx_word' id='word_1_854' title='bbox 3602 5671 3681 5731; x_wconf 86' lang='grc' dir='ltr'><strong>είς</strong></span> 
     </span>
    </p>
   </div>
   <div class='ocr_carea' id='block_1_117' title="bbox 2089 5764 3680 5843">
    <p class='ocr_par' dir='ltr' id='par_1_117' title="bbox 2089 5764 3680 5843">
     <span class='ocr_line' id='line_1_117' title="bbox 2089 5764 3680 5843; baseline -0.009 -19"><span class='ocrx_word' id='word_1_855' title='bbox 2089 5772 2179 5825; x_wconf 80' lang='grc' dir='ltr'><strong>τὸν</strong></span> <span class='ocrx_word' id='word_1_856' title='bbox 2218 5771 2409 5839; x_wconf 74' lang='grc' dir='ltr'>Ἃγιον</span> <span class='ocrx_word' id='word_1_857' title='bbox 2464 5767 2685 5833; x_wconf 77' lang='grc' dir='ltr'>ἐλπίδας</span> <span class='ocrx_word' id='word_1_858' title='bbox 2732 5766 2903 5843; x_wconf 71' lang='grc' dir='ltr'>αὐτῷ,</span> <span class='ocrx_word' id='word_1_859' title='bbox 2952 5767 3203 5839; x_wconf 85' lang='grc' dir='ltr'>καθάπερ</span> <span class='ocrx_word' id='word_1_860' title='bbox 3247 5764 3470 5819; x_wconf 80' lang='grc' dir='ltr'>ἐκείνου</span> <span class='ocrx_word' id='word_1_861' title='bbox 3516 5764 3680 5835; x_wconf 74' lang='grc' dir='ltr'>μόνου</span> 
     </span>
    </p>
   </div>
   <div class='ocr_carea' id='block_1_118' title="bbox 2092 5845 3681 5934">
    <p class='ocr_par' dir='ltr' id='par_1_118' title="bbox 2092 5845 3681 5934">
     <span class='ocr_line' id='line_1_118' title="bbox 2092 5845 3681 5934; baseline -0.001 -19"><span class='ocrx_word' id='word_1_862' title='bbox 2092 5865 2280 5934; x_wconf 71' lang='grc' dir='ltr'>στῆναι</span> <span class='ocrx_word' id='word_1_863' title='bbox 2313 5862 2445 5933; x_wconf 74' lang='grc' dir='ltr'>πρὸς</span> <span class='ocrx_word' id='word_1_864' title='bbox 2476 5861 2618 5916; x_wconf 71' lang='grc' dir='ltr'>οὕτω</span> <span class='ocrx_word' id='word_1_865' title='bbox 2658 5863 2890 5934; x_wconf 64' lang='grc' dir='ltr'>φανερὸν</span> <span class='ocrx_word' id='word_1_866' title='bbox 2926 5860 3169 5915; x_wconf 74' lang='grc' dir='ltr'>κίνδυνεν</span> <span class='ocrx_word' id='word_1_867' title='bbox 3215 5856 3550 5927; x_wconf 81' lang='grc' dir='ltr'>δυναμένου,</span> <span class='ocrx_word' id='word_1_868' title='bbox 3602 5845 3681 5913; x_wconf 71' lang='grc' dir='ltr'><strong>οἷς</strong></span> 
     </span>
    </p>
   </div>
  </div>
