4018 6382
151 374 266 439 303Ξ

1192 386 1361 447 VITA
1402 391 1449 449 Α
1487 388 1933 450 NICEPHORO
1964 389 2440 457 CONSGRIPTJz

3300 348 3453 453 acer;

150 484 369 549 (ἐξέλιπε
399 484 516 557 γὰρ
554 489 594 558 ἦ
633 507 703 543 τε
735 490 932 563 καρδία
964 492 1043 564 τῷ
1068 494 1242 568 ἀνδρὶ,
1266 497 1360 551 καὶ
1388 501 1420 569 ἡ
1457 498 1616 571 σὰρξ)
1648 502 1751 553 ἀντ

1865 516 1923 555 sc
1954 502 2223 568 habebat,
2243 500 2631 569 cecideratque
2653 499 2847 570 jarrret
2877 499 3077 555 animis
3103 506 3159 554 et
3188 514 3440 570 corpore.

148 577 288 630 ἄλλον
315 577 470 642 τινὸς
496 579 711 645 ὅπλου,
744 583 807 636 τὸ
834 584 926 637 τοῦ
963 584 1149 654 ’Λγίου
1176 588 1540 658 προϐάλλεται
1563 589 1754 661 ὄνομα,

148 666 228 733 χχ).
250 668 415 722 αὐτὸν
444 669 656 724 ἐκάλει
681 671 761 735 ὡς
787 671 1000 743 ἄμυναν
1021 691 1036 705 ο
1070 676 1163 729 καὶ
1188 677 1389 731 αὐτίκα
1410 681 1759 751 προσήλωντο

147 761 202 829 τῇ
248 760 319 829 γῇ
367 760 645 829 στόματά
685 780 750 815 τε
786 765 880 817 καὶ
909 765 1070 829 πόδες
1104 768 1289 830 αὐτοῖς
1324 768 1390 840 (ὣ
1420 769 1512 823 τοῦ
1544 770 1758 841 θαύμα-

146 851 286 921 τοςί)
317 851 596 925 καθάπερ
640 855 796 909 τισὶν
827 856 1092 926 ἀφύκτοις
1126 858 1361 929 ἐχόμενα
1404 861 1613 928 πέδαις,
1651 864 1757 926 ἕως

148 942 349 1013 ἀπαθὴς
381 944 592 999 κακῶν
636 947 960 1015 ἀπέσωστο,
988 949 1481 1022 ἐξομολογούμενος
1518 953 1596 1023 τῷ
1638 956 1755 1008 Κυ-

149 1034 235 1106 ρίῳ
272 1036 342 1089 τὰ
398 1037 537 1111 ὲλέη
603 1039 806 1108 αὐτοῦ,
859 1043 951 1096 καὶ
985 1045 1051 1097 τὰ
1084 1043 1364 1116 θαυμάσια
1419 1046 1593 1101 αὐτοῦ
1642 1050 1755 1113 τοῖς

147 1129 268 1192 υἱοῖς
310 1129 428 1183 τῶν
484 1130 840 1203 ἀνθρώπων.
887 1135 1090 1207 Ἐτέρῳ
1123 1137 1285 1190 πάλιν
1328 1140 1475 1209 τρεῖς
1501 1139 1756 1210 δαίμονες

149 1222 475 1287 ἐνοικοῦντες
523 1221 687 1296 ἦσαν
727 1227 888 1299 (ὅπερ
934 1228 1151 1299 ἀπόχρη
1199 1230 1295 1283 καὶ
1345 1231 1506 1301 μόνον
1553 1233 1755 1297 ἱκανῶς

150 1315 517 1387 παραστῆσαι,
555 1312 655 1371 οἷα
682 1320 818 1389 παρ’
838 1319 1019 1373 αὐτῶν
1044 1320 1072 1372 ό
1092 1320 1323 1386 δείλαιος
1348 1322 1569 1393 πάσχοι,
1591 1324 1755 1378 ὁπότε

148 1408 224 1459 καὶ
268 1407 488 1463 τούτων
531 1409 670 1475 ἑνὸς
704 1412 763 1465 οὐ
806 1412 1015 1484 φορητὴ
1063 1414 1404 1486 ήὲπήρεια),
1435 1419 1664 1488 παρεῖτο
1695 1417 1753 1471 δὲ

151 1502 228 1552 καὶ
267 1500 368 1564 τὰς
402 1500 590 1571 ψύας,
634 1501 775 1557 ἀλλά
815 1505 907 1557 καὶ
941 1504 1002 1557 τὸ
1040 1506 1148 1558 τῶν
1182 1506 1479 1577 ὀφθαλμῶν
1503 1508 1754 1580 ἀφῄρητο

150 1592 266 1659 φῶς.
301 1594 579 1663 Πρόσεισι
622 1594 708 1666 τῷ
748 1594 841 1649 τοῦ
871 1595 1007 1650 Θεοῦ
1046 1597 1218 1669 δούλῳ
1263 1598 1462 1665 τοίνυν,
1510 1601 1631 1664 ὅλος
1662 1600 1753 1654 πί-

153 1702 270 1750 στις,
299 1685 426 1751 ὅλος
453 1687 659 1752 ἐλπὶς,
702 1688 822 1752 ὅλος
844 1689 1047 1759 δέησις,
1080 1691 1210 1753 οἵοις
1256 1693 1533 1763 συνέχοιτο
1560 1697 1753 1759 κακοῖς

152 1772 383 1841 ἐλεεινῶς
410 1779 826 1849 ἀπαγγέλλων.
855 1781 1143 1852 Συμπαθὲς
1164 1783 1452 1855 τοιγαροῦν
1482 1786 1564 1852 είς
1588 1785 1751 1840 αὐτὸν

151 1869 336 1934 ἐκεῖνος
362 1869 522 1935 ἰδὼν,
557 1866 693 1925 εἶτα
720 1872 813 1926 καὶ
839 1873 919 1936 είς
935 1849 1230 1945 ’σπλάγχνα
1256 1849 1459 1946 βλέψας
1488 1849 1582 1930 τοῦ
1613 1879 1751 1948 ἀγα·
1780 1849 1824 1905 Β

152 1960 252 2030 οοῦ,
281 1963 375 2016 καὶ
423 1964 543 2017 τῶν
585 1963 809 2018 ἐκείνου
862 1965 1077 2034 δεηθεὶς
1106 1966 1431 2038 οἰκτιρμῶνο
1465 1970 1641 2039 χαμαί
1686 1988 1748 2025 τε

152 2052 366 2119 πτύσας,
394 2054 502 2107 καὶ
531 2053 643 2108 τοῦ
679 2053 939 2107 ἐντεῦθεν
958 2054 1131 2125 πηλοῦ
1170 2054 1295 2121 τοὺς
1327 2055 1641 2129 ὀφθαλμοὺς
1671 2060 1750 2131 τῷ

148 2145 316 2213 τυφλῷ
332 2145 669 2215 διαχρίσας·
699 2145 790 2199 Ἐν
820 2146 899 2217 τῷ
924 2147 1173 2219 ὀνόματι,
1206 2148 1361 2220 φησὶ,
1391 2150 1487 2203 τοῦ
1519 2168 1749 2222 μονογε-

150 2237 256 2301 νοῦς
281 2238 415 2292 Υίοῦ
449 2238 557 2292 τοῦ
582 2238 856 2305 Θεοῦ,τοῡ
871 2240 1088 2314 πτυέλῳ
1111 2241 1207 2293 καὶ
1229 2243 1300 2313 γῇ
1337 2242 1428 2296 τὸν
1458 2244 1517 2297 ὲν
1557 2261 1750 2316 γεννη-

149 2333 246 2396 τοῖς
273 2332 485 2402 τυφλδν
510 2330 727 2402 βλέψαι
761 2334 1116 2404 ποιήσαντος,
1150 2333 1476 2404 ἀνάϐλεψον.
1510 2337 1617 2391 Καὶ
1646 2356 1749 2393 πα-

152 2426 398 2496 ραχρῆμα
429 2424 650 2496 (πολλὰ
687 2425 953 2495 ἐποίησας
993 2427 1080 2492 σὺ,
1112 2426 1286 2498 Κύριε
1313 2430 1342 2481 ὁ
1371 2429 1504 2493 θεός
1528 2447 1652 2500 μου,
1680 2431 1747 2485 τὰ

153 2516 420 2588 caueam
446 2516 579 2584 σου)
602 2513 671 2568 τό
689 2531 749 2568 τε
773 2519 889 2586 φῶς
927 2519 1078 2590 αύτῷ
1104 2519 1334 2590 ἔρρωτο,
1365 2524 1460 2576 καὶ
1500 2523 1669 2592 ὑγιῶς
1697 2525 1746 2578 οἱ

152 2605 403 2678 ὀφθαλμοὶ
427 2602 618 2678 εἶχον.
648 2607 883 2660 Ἔπειτα
916 2607 1100 2678 μέντοι
1129 2608 1339 2678 πλήξας
1368 2611 1434 2680 τῇ
1460 2608 1618 2681 βαῖνῃ
1651 2610 1748 2681 ῥά-

153 2698 371 2769 ίδῳττίις
402 2700 585 2771 ψύας,
616 2700 952 2770 ἐπιτιμήσας
984 2699 1042 2752 δὲ
1064 2701 1157 2753 καὶ
1189 2702 1304 2764 τοῖς
1332 2701 1604 2772 δαίμοσιν,
1629 2698 1748 2757 ὅλον

151 2791 405 2846 δείκνυσιν
430 2792 614 2856 εὐθὺς
643 2793 794 2863 ὑγιῆ,
829 2795 958 2864 μιᾶς
978 2792 1139 2866 ἔργον
1161 2793 1325 2865 εὐχῆς
1350 2795 1537 2850 κακῶν
1562 2795 1748 2850 τοσού-

151 2898 245 2937 των
274 2883 748 2958 ἀπηλλαγμένον.
948 2866 967 2875 ’ί

213 3064 312 3117 πδν.
355 3062 567 3126 Ἄλλος
593 3062 724 3124 τοὺς
757 3059 925 3125 πόδας
952 3060 1252 3132 ἑκατέρους
1286 3062 1498 3134 μακρὸν
1525 3051 1750 3133 ἤδη-πε-

1863 592 1967 645 Pro
2000 591 2170 646 armis
2199 592 2367 662 igitur
2383 590 2507 644 aliis
2522 589 2695 645 sancti
2714 591 2936 643 nomine
2958 605 3017 644 se
3038 589 3239 656 munit,
3263 591 3445 660 ipsum

1861 683 1914 736 in
1948 683 2253 738 subsidium
2277 683 2532 748 advocat,
2565 681 2828 751 dictoque
2862 682 3029 737 citius
3061 682 3302 738 ferarum
3344 698 3447 737 ora

1859 782 2026 843 atque
2062 774 2288 844 vestigia
2325 772 2438 842 (res
2471 771 2607 826 mira
2637 765 2687 840 ί)
2717 780 2877 827 teme
2916 771 3215 833 cohaerent,
3269 773 3440 826 veluti

1859 864 2187 934 quibusdam
2224 862 2671 919 inenodabilibus
2688 863 2901 933 pedicis
2919 861 3238 929 constricta;
3262 863 3444 917 donec

1859 956 1961 1011 iste
2011 956 2286 1011 indemnis
2315 955 2620 1011 discrimini
2668 965 2901 1025 ereptus
2944 963 3112 1020 esset,
3169 956 3441 1021 conﬁtens

1857 1047 2093 1102 Domino
2138 1045 2581 1101 misericordiam
2633 1061 2812 1111 suam,
2864 1054 2919 1100 et
2968 1044 3095 1099 ﬁliis
3148 1045 3438 1099 hominum
3528 1066 3537 1073 ’

1856 1139 2129 1195 mirabilia
2169 1140 2308 1211 ejus.
2351 1136 2594 1193 Rursum
2631 1138 2774 1193 alius
2805 1155 2835 1193 a
2873 1138 3051 1192 tribus
3080 1137 3442 1193 obsidebatur

1857 1230 2221 1295 daemonibus,
2248 1229 2709 1300 unde-perspicue
2733 1228 2897 1283 datur
2926 1220 3251 1299 intelligere,
3271 1244 3438 1297 quam

1856 1323 2055 1379 acerbe
2074 1322 2263 1377 infelix
2281 1321 2383 1376 iste
2407 1328 2784 1392 torqueretur,
2806 1319 3254 1390 quandoquidem
3274 1318 3443 1373 unius

1855 1416 2024 1471 etiam
2074 1415 2250 1469 solius
2278 1416 2499 1470 vexatio
2534 1411 2902 1468 intolerabilis
2934 1411 3029 1466 sit.
3076 1411 3276 1465 Laxata
3306 1410 3439 1464 huic

1854 1507 2387 1578 dcpendebatcutis,
2413 1507 2525 1562 imo
2560 1506 2924 1561 etoculorum
2962 1505 3146 1559 lumen
3176 1511 3298 1558 erat
3318 1518 3442 1558 ere—

1854 1606 2030 1666 ptum.
2062 1594 2323 1666 Confugit
2356 1596 2524 1667 igitur
2557 1593 2625 1649 ad
2652 1610 2875 1648 servum
2905 1593 3001 1648 Dei
3033 1634 3048 1658 ,
3091 1593 3282 1647 ﬁrmus
3308 1592 3437 1655 ﬁde,

1854 1702 1949 1757 spe
1977 1689 2193 1757 plenus,
2220 1686 2470 1743 oratione
2495 1686 2767 1748 fervidus,
2802 1685 3133 1755 quantisque
3157 1694 3442 1754 prematur

1854 1780 2016 1835 malis
2059 1780 2491 1835 lamentabiliter
2538 1779 2784 1849 exponit.
2830 1777 3223 1833 Commovetur
3273 1778 3439 1833 misc-

1854 1869 2067 1924 ratione
2115 1869 2373 1940 Symeon,
2423 1868 2703 1924 hominem
2755 1867 3003 1937 respicit,
3040 1866 3169 1922 inde
3210 1866 3277 1920 ad
3332 1866 3439 1921 mi-

1853 1960 2217 2015 sericordiam
2276 1976 2550 2032 suprcmre
2605 1960 2874 2014 bonitatis
2929 1957 3167 2014 reﬂectit
3221 1959 3436 2022 oculos,

1852 2053 2221 2124 precibusque
2244 2053 2492 2109 eamdem
2528 2053 2806 2123 implorat.
2833 2051 2973 2106 Tum
3011 2050 3166 2105 humi
3196 2051 3435 2121 exspuit,

1854 2157 2267 2219 temperatoque
2303 2148 2430 2203 inde
2463 2149 2582 2204 luto
2614 2148 2742 2203 caeci
2786 2147 2978 2203 oculos
3010 2147 3286 2216 inungens
3321 2163 3336 2200 :
3379 2146 3437 2200 ln

1851 2240 2099 2303 nomine,
2147 2239 2366 2309 inquit,
2404 2239 2673 2311 unigeniti
2721 2237 2843 2294 Filii
2889 2237 3010 2302 Dei,
3056 2238 3151 2309 qui
3186 2246 3350 2306 sputo
3382 2244 3440 2290 ct

1800 2404 1821 2425 κ
1855 2341 2003 2388 terra
2039 2333 2192 2388 illum
2213 2350 2243 2388 a
2263 2334 2556 2390 nativitate
2578 2349 2674 2388 sua
2697 2347 2903 2388 caecum
2923 2331 3135 2387 lumine
3149 2330 3438 2405 oculorum
3534 2384 3539 2387 .

1852 2427 2177 2497 impertivit,
2230 2427 2481 2496 respice:
2514 2428 2813 2497 statimque
2848 2432 3036 2496 (quam
3090 2426 3262 2481 multa
3303 2424 3442 2481 facit

1852 2517 2152 2583 mirabilia,
2187 2517 2417 2572 Domine
2450 2518 2598 2573 Deus
2639 2533 2796 2572 meus
2816 2519 2853 2583 ί)
2881 2527 2938 2571 et
2970 2516 3148 2571 oculis
3177 2515 3442 2571 corrobuo

1852 2606 1988 2662 ratis
2036 2607 2216 2662 lucem
2250 2606 2520 2677 percepit,
2552 2615 2609 2662 et
2647 2605 2955 2702 perlectu.m
3000 2606 3220 2660 illorum
3276 2615 3438 2659 nsum

1850 2696 2113 2752 obtinuit.
2143 2696 2352 2751 Deinde
2383 2697 2598 2766 palmca
2637 2697 2786 2767 virga
2822 2696 3057 2749 laiatam
3090 2702 3273 2749 cutem
3310 2710 3438 2763 per-

1851 2788 2090 2855 cutiens,
2132 2788 2422 2858 increpitis
2459 2787 2825 2853 (immunibus,
2850 2786 3141 2841 confestim
3173 2774 3320 2841 omni
3367 2801 3439 2840 ex

1850 2888 2007 2951 parte
2030 2896 2225 2936 sanum
2248 2879 2527 2948 exhibuit,
2553 2880 2719 2935 unius
2737 2880 3008 2936 orationis
3034 2893 3137 2950 ope
3169 2887 3247 2933 tot
3276 2876 3439 2933 malis

1853 2976 2175 3031 liberatum.

1923 3068 2011 3123 85.
2052 3069 2224 3124 Alteri
2249 3068 2613 3127 obdiutinam
2645 3068 2936 3137 utriusquc
2954 3064 3111 3136 pedis
3135 3064 3442 3119 inﬂamma—

154 3156 362 3226 πήρωτο
390 3154 629 3228 χρόνον,
659 3154 734 3241 ῶς
764 3152 905 3224 μηδὲ
926 3152 987 3205 τὸ
1015 3153 1278 3225 παράπαν
1302 3155 1484 3217 αὐτοῖς
1511 3154 1747 3225 χρῆσθαι

1858 3162 2060 3219 tionem
2099 3150 2289 3220 nullius
2329 3164 2556 3219 omnino
2594 3179 2789 3218 eorum
2833 3179 2965 3219 usus
3010 3170 3132 3217 erat
3163 3180 3176 3215 :
3204 3160 3442 3216 credidit

152 3246 421 3302 δύνασθαι.
464 3235 785 3310 Πιστεύσας
824 3240 918 3299 οὖν
946 3244 1180 3317 δυνατὴν
1211 3240 1350 3300 εῖναι
1384 3246 1461 3318 τῷ
1486 3246 1750 3318 ἁγίωτὴν

105 3380 110 3383 .
155 3337 483 3410 θεραπείαν,
521 3339 629 3410 ὁρᾷ
663 3336 853 3391 τοῦτον
901 3336 1033 3410 ὄναρ
1067 3338 1265 3402 αὐτοὺς
1303 3340 1370 3409 τῇ
1418 3338 1579 3409 βαῒνη
1615 3339 1751 3410 πλή-

157 3430 304 3494 ξαντα
336 3430 562 3504 ρἁδῳ,
604 3429 701 3482 καὶ
725 3430 761 3501 ἡ
792 3429 1001 3501 πληγὴ,
1027 3430 1122 3482 τοῦ
1145 3447 1205 3482 τε
1235 3428 1404 3484 ὕπνου
1445 3432 1588 3484 κατὰ
1616 3432 1751 3486 ταύ-

156 3524 232 3577 τὸν
255 3521 564 3592 ἀπαλλαγὴ
588 3522 683 3575 καὶ
709 3520 802 3575 τοῦ
837 3521 1042 3585 πάθους
1070 3524 1266 3592 ἐκείνῳ
1294 3522 1525 3591 γίνεται,
1552 3523 1627 3587 ὡς
1658 3525 1752 3576 καὶ

160 3613 391 3686 μηνυτὴν
430 3611 607 3666 αὐτὸν
640 3610 707 3664 δι’
740 3610 936 3664 ἑαυτοῦ
963 3610 1222 3681 φοιτῆσαι
1250 3612 1328 3681 τῷ
1365 3613 1612 3682 Συμεὼν,
1651 3612 1751 3681 τῆς

157 3706 476 3776 εὐεργεσίας
510 3701 722 3757 καὶτοῦ
749 3703 1026 3772 θαύματος
1051 3702 1303 3773 ἄγγελον.
1329 3705 1470 3773 Γυνὴ
1502 3702 1587 3769 τις
1624 3706 1752 3759 Ἰου-

156 3798 299 3870 iqu
329 3798 446 3869 τὴν
482 3796 684 3867 κλῆσιν
733 3795 794 3849 τὸ
838 3795 997 3865 σῶμα
1057 3797 1400 3865 πεπονηκυῖα
1427 3837 1443 3862 ,
1478 3798 1572 3850 καὶ
1620 3798 1748 3869 μηδ’

156 3893 359 3945 ὁτιοῦν·
395 3886 576 3956 ἑαυτῇ
629 3887 941 3960 χρήσασθαι
998 3888 1297 3961 δυναμένη,
1362 3890 1615 3960 πρόσεισι
1673 3890 1751 3961 τῷ

165 3981 358 4054 Ἀγίῳ,
389 3979 650 4052 δακρύων
675 3977 957 4051 ὠνουμένη
987 3980 1085 4051 τὴν
1108 3981 1429 4051 θεραπείαν,
1461 3983 1634 4051 ὅσπερ
1654 3985 1754 4037 αύ-

156 4078 242 4148 τίψ
266 4077 412 4131 ἰδὼν
438 4074 615 4128 πολλὰ
639 4075 895 4144 χέουσαν,
927 4077 1022 4127 καὶ
1052 4076 1151 4145 τὴν
1171 4076 1348 4148 ψυχὴν
1375 4076 1462 4131 ἐπ’
1484 4078 1620 4148 αὐτῇ
1650 4095 1754 4130 πα-

158 4167 275 4234 θὼν,
328 4165 494 4220 παίει
539 4168 607 4236 τῇ
650 4163 810 4236 βαῖνῃ
851 4165 1066 4236 ῥάϐδῳο
1108 4166 1204 4219 καὶ
1247 4169 1281 4237 ή
1330 4166 1430 4236 μὲν
1483 4167 1752 4237 ῥώννυται

160 4263 508 4334 παραχρῆμα
536 4299 551 4323 ,
602 4258 759 4311 νόσου
787 4258 847 4311 τὸ
882 4258 1068 4312 λοιπὸν
1104 4259 1235 4331 ἄχρι
1267 4260 1456 4332 γήρως
1496 4260 1753 4333 οὐδεμιᾶς

161 4355 515 4426 πειραθεῖσα.
551 4352 632 4424 Τῇ
656 4351 712 4405 δὲ
746 4347 814 4423 ἦν
863 4350 1066 4423 ἀδελφὴ
1096 4352 1337 4422 μασθοὺς
1374 4353 1492 4422 ἅμα
1531 4356 1627 4408 mi.
1651 4357 1753 4409 πό-

159 4445 245 4513 δας
287 4444 557 4509 νοσοῦσα,
607 4445 701 4498 καὶ
743 4445 864 4498 λίαν
910 4445 1114 4515 ἀμφοῖν
1160 4444 1473 4516 περιαλγῶς
1517 4446 1749 4518 ἔχουσα·

1853 3269 2026 3324 penes
2057 3263 2309 3310 sanctum
2339 3254 2685 3309 medicamen
2714 3253 2820 3308 sibi
2853 3267 3165 3324 superesse,
3193 3267 3357 3321 quem
3386 3260 3443 3306 et

1853 3345 2129 3415 conSpieit
2156 3360 2257 3415 per
2288 3360 2545 3400 somnum
2577 3344 2730 3415 virga
2776 3344 2991 3413 palmea
3023 3357 3083 3397 se
3123 3341 3444 3410 percutien-

1855 3443 1963 3496 tem
2011 3435 2102 3488 tali
2132 3435 2310 3506 plaga,
2344 3450 2466 3504 quae
2492 3435 2660 3490 simul
2691 3444 2748 3490 et
2780 3449 2975 3489 somno
3005 3443 3062 3488 et
3092 3432 3282 3487 dolore
3314 3448 3443 3485 eum

1853 3524 2133 3594 privavit:
2167 3526 2247 3579 uti
2288 3526 2406 3595 ipse
2443 3540 2541 3595 per
2574 3540 2634 3580 se
2680 3524 3009 3596 Symeonem
3047 3523 3264 3584 adiens,
3296 3523 3443 3578 idem

1853 3617 2109 3672 beneﬁcii
2140 3627 2197 3674 et
2240 3618 2491 3674 miraculi
2532 3620 2785 3683 nuntius.
2823 3628 3060 3675 testatus
3100 3629 3206 3674 est.
3248 3619 3446 3672 Mulier

1853 3708 2101 3777 quaedam
2132 3708 2348 3762 Juliana
2389 3709 2684 3779 appellata,
2716 3709 2787 3763 ob
2811 3709 2984 3765 totius
3015 3708 3264 3778 corporis
3293 3707 3446 3763 inﬁr-

1854 3800 2103 3855 mitatem
2133 3800 2409 3871 impotens
2438 3815 2561 3870 quae
2593 3815 2652 3855 se
2679 3800 2844 3855 alicui
2882 3801 2960 3855 rei
3007 3800 3329 3870 applicaret,
3370 3799 3439 3852 ενι

1856 3903 2105 3947 sanctum
2149 3891 2416 3960 confugit,
2450 3889 2710 3962 lacrymis
2747 3891 2850 3945 sibi
2895 3891 3188 3946 sanitatem
3212 3905 3441 3958 compa-

1858 3989 2065 4034 ratura.
2094 3978 2266 4045 Quam
2302 3978 2400 4036 ubi~
2432 3978 2522 4034 illc
2556 3977 2716 4044 vidit,
2746 3977 2983 4032 ubertim
3016 3977 3237 4033 ﬂentem
3272 3978 3439 4031 misc-

1856 4083 2031 4137 ratus,
2080 4071 2234 4142 virga
2283 4071 2498 4141 palmea
2552 4069 2679 4126 ferit
2720 4086 2734 4122 :
2782 4079 2838 4123 et
2871 4068 3071 4125 mulier
3108 4067 3442 4123 convalescit

1856 4165 2031 4231 illico,
2062 4180 2165 4219 nec
2207 4164 2321 4219 ullo
2356 4163 2622 4233 deinceps
2670 4177 2846 4233 usque
2886 4160 2952 4217 ad
2993 4160 3206 4215 senium
3248 4158 3441 4213 morbi

1856 4264 2064 4310 tcuta‘a
2096 4253 2219 4308 fuit.
2246 4254 2380 4309 Erat
2406 4253 2539 4310 huic
2575 4268 2754 4317 soror,
2793 4267 2916 4322 quae
2945 4259 3001 4304 et
3029 4249 3145 4319 ipsa
3178 4247 3444 4303 uberibus

1855 4346 2201 4417 pedibusque
2249 4345 2464 4401 affectis
2490 4344 2805 4400 vehementi
2837 4343 3190 4401 cruciabatur
3220 4341 3440 4396 dolore:

1855 4437 2085 4492 adducit
2113 4437 2283 4507 igitur
2313 4437 2456 4491 hanc
2490 4452 2715 4507 quoque
2746 4436 2813 4492 ad
2844 4435 3099 4491 eumdem
3130 4433 3441 4498 medicum;

160 4542 432 4610 προσάγει
455 4537 643 4590 τοίνυν
672 4536 752 4607 τῷ
783 4535 952 4605 Ἀγίῳ
978 4537 1074 4589 καὶ
1095 4536 1322 4609 ταύτην,
1349 4540 1441 4591 καὶ
1468 4538 1526 4603 ὃς
1554 4539 1632 4610 τῷ
1653 4539 1748 4593 τοῦ

1858 4529 1949 4599 qui
1983 4529 2252 4598 impresso
2282 4528 2466 4584 crucis
2498 4529 2654 4599 signo
2684 4527 2955 4583 laboranti
2988 4525 3286 4590 succurrit,
3316 4541 3447 4581 cru-

162 4628 399 4701 σταυροῦ
426 4628 584 4698 τύπῳ
611 4627 1037 4697 διασφραγίσας,
1068 4627 1162 4679 τοῦ
1194 4628 1400 4691 πάθους
1424 4627 1627 4692 εὐθέως
1656 4631 1751 4683 καὶ

161 4725 326 4792 αὐτὴν
357 4721 715 4785 ἀπαλλάττει,
742 4720 840 4784 τὰς
870 4719 1063 4783 ὀδύνας
1094 4721 1316 4788 σϐέσας,
1342 4722 1436 4774 καὶ
1460 4720 1526 4785 ἃς
1552 4724 1751 4791 ἔχουσα

160 4817 308 4887 τᾶχοι
343 4813 566 4884 πληγὰς
601 4814 914 4883 ἰασάμενος.

224 4914 337 4965 πεν.
379 4907 460 4976 Τῇ
495 4904 555 4958 δὲ
598 4904 778 4957 πάλιν
836 4904 1131 4975 θυγάτριον
1158 4901 1598 4978 ἧν,’προσώπου
1648 4908 1748 4976 μὲν

162 5002 250 5051 καὶ
277 4998 431 5068 ὧρας
472 4996 596 5068 ἔχον
641 4996 741 5050 ούκ
776 4995 988 5064 ἀφυῶς,
1019 4997 1192 5068 κλόνῳ
1225 4998 1284 5052 δὲ
1317 4996 1572 5072 σώματος
1624 5016 1750 5053 τοσ-

162 5087 300 5161 ούτῳ
346 5088 446 5140 καί
487 5086 726 5157 ’παρέσει
773 5086 1029 5156 κάτοχον,
1058 5087 1134 5152 ὡς
1170 5089 1266 5142 καὶ
1296 5088 1510 5160 φρενῶν
1541 5088 1750 5161 ἔρημον

163 5174 318 5245 εἶναι,
359 5180 607 5233 οἴκτιστα
656 5177 750 5230 καὶ
796 5176 1005 5231 τούτων
1059 5178 1374 5250 ἐξεστηκός.
1417 5180 1477 5234 Ὀ
1526 5181 1627 5251 μὲν
1657 5180 1751 5235 οὖν

162 5272 254 5342 τῆς
286 5272 576 5342 παρέσεως
608 5271 703 5324 καὶ
729 5270 829 5340 τῆς
860 5271 1223 5343 ἀναισθησίας
1258 5274 1409 5329 αίτία
1435 5273 1648 5346 δαίμων
1678 5272 1749 5348 ἦν

164 5366 417 5432 χαλεπὸς,
455 5364 803 5434 ἐπιπηδήσας
822 5361 902 5433 τῷ
933 5364 1177 5436 κορασίῳ
1201 5380 1214 5394 '
1252 5366 1348 5437 ἠδ’
1374 5368 1523 5420 αἰτία
1578 5367 1747 5421 πάλιν

163 5462 254 5527 τῆς
283 5458 481 5513 ἐκντοῦ
538 5459 792 5529 δαίμονος
843 5458 1132 5530 ἐπηρείας,
1158 5458 1466 5528 ἁμάρτημα
1512 5458 1609 5528 τῆς
1646 5475 1751 5529 μηι

165 5552 307 5618 τρδς,
340 5549 543 5614 κακίας
573 5552 863 5621 εἴσπραξιν
883 5552 1101 5606 ὲκτῖνον
1125 5548 1224 5618 τὴν
1250 5550 1349 5618 τῆς
1392 5549 1582 5612 παιδὸς
1642 5553 1748 5604 πά-

171 5656 328 5707 ρξσιν.
369 5642 670 5712 Ἀραμεναι
699 5644 880 5695 τοίνυν
939 5641 1133 5713 αὐτὴν,
1164 5643 1198 5713 ἦ
1233 5656 1293 5694 τε
1337 5643 1532 5712 μήτηρ
1589 5643 1749 5714 καὶὴ

168 5735 256 5799 τῆς
307 5736 514 5807 μητρὸς
570 5734 794 5806 ἀδελφὴ,
849 5733 1048 5806 φόρτον
1121 5733 1356 5789 ἐλεεινὸν
1382 5775 1399 5799 ,
1429 5735 1628 5804 φόρτον
1669 5737 1748 5798 εἰς

174 5823 368 5902 δίοιρή
398 5827 491 5881 καὶ
519 5826 701 5899 ἄψυχα
740 5828 942 5905 κινοῦν,
979 5827 1231 5900 ῥίπτουσι
1268 5828 1371 5899 πρό
1401 5826 1493 5881 τοῦ
1536 5826 1739 5896 Ἀγίου·

1860 4622 2065 4675 ciatum
2094 4620 2253 4686 tollit,
2283 4620 2611 4683 vulneribus
2636 4620 2913 4677 medetur.

1926 4908 2018 4970 85.
2082 4906 2213 4965 llaec
2259 4925 2454 4965 rursus
2514 4907 2741 4963 ﬁliolam
2792 4908 3041 4963 habebat
3099 4907 3277 4964 forma
3331 4924 3445 4964 non

1858 4997 2173 5066 invenusta,
2215 5014 2379 5069 quam
2408 5006 2560 5053 tanta
2590 4999 2971 5053 membrorum
2998 4998 3348 5068 perturbatio
3378 5013 3445 5053 ac

1857 5088 2131 5161 paralysis
2161 5096 2570 5160 occupaverat,
2605 5098 2663 5143 ut
2695 5097 2753 5144 ct
2786 5088 3096 5158 deliquium
3140 5087 3312 5143 animi
3344 5104 3445 5159 pa-

1859 5189 2071 5238 teretur
2099 5197 2266 5252 srepe,
2322 5191 2379 5237 et
2440 5197 2471 5236 a
2517 5190 2664 5236 statu
2717 5180 2920 5236 mentis
2964 5180 3341 5236 miserandum
3385 5182 3443 5236 in

1857 5272 2084 5327 modum
2123 5272 2477 5343 dejiceretur.
2507 5270 2683 5327 Causa
2736 5271 3049 5343 paralytica:
3107 5270 3447 5326 inﬁrmitatis

1857 5363 2099 5419 dilIieilis
2122 5361 2336 5418 daemon
2357 5370 2498 5425 erat.
2520 5363 2614 5433 qui
2639 5363 2891 5433 puellam
2910 5362 3214 5418 incesserat
3238 5377 3252 5413 :
3279 5370 3448 5432 atque

1858 5456 2063 5511 iterum
2094 5455 2367 5511 daemonis
2401 5455 2681 5510 saevientis
2710 5470 2874 5510 causa
2908 5463 3195 5525 peccatum
3227 5452 3440 5519 matris,

1858 5548 1915 5604 in
1949 5548 2294 5618 punitionem
2328 5547 2593 5618 nequitiae
2639 5546 2938 5619 paralysim
2987 5546 3132 5618 proli
3175 5544 3436 5600 aﬂ‘ereus.
3480 5557 3484 5562 '

1858 5641 2143 5697 Sublatam
2196 5642 2385 5713 itaque
2452 5641 2693 5712 puellam
2768 5649 2945 5696 mater
3002 5655 3068 5695 ac
3119 5646 3441 5700 matertera,

1857 5735 2132 5790 sarcinam
2164 5734 2557 5799 miserabilem,
2613 5733 2888 5790 sarcinam
2947 5733 3218 5803 lacrymas
3266 5728 3447 5785 etiam

1860 5827 2176 5884 inanimatis
2209 5827 2547 5893 elicientem,
2579 5827 2646 5883 ad
2686 5825 2861 5884 sancti
2889 5826 3061 5897 pedes
3078 5820 3378 5897 projiciunt
3414 5838 3429 5878 ;
