4018 6390
605 403 746 471 3067

1810 388 1868 465 's.
1914 405 2292 467 SYMEONIS
2324 380 2730 488 immoiqu

3719 417 3855 485 3668‘

607 518 756 589 quod
790 531 914 571 cum
950 515 1038 571 ille
1070 530 1179 570 non
1214 515 1516 587 ignoraret,
1544 515 1676 570 illud
1709 517 2017 586 praesertim
2065 532 2194 588 ope-

2299 520 2437 592 δπερ
2477 519 2505 571 ὁ
2530 520 2621 574 τοῦ
2667 520 2801 575 Θεοῦ
2860 520 3116 593 θεράπων
3147 523 3246 578 οὐκ
3282 525 3575 598 ἀγνοήσας,
3610 532 3775 599 ἄλλως
3794 556 3846 591 τε

611 625 728 665 ram
761 608 891 664 dare
918 622 1136 677 semper
1161 607 1384 669 solitus.
1421 606 1576 661 utrad
1607 623 1664 663 se
1702 608 2034 664 accedentes
2067 624 2191 663 cum

611 700 987 756 incolumitate
1019 699 1293 768 corporis,
1319 699 1486 753 etiam
1519 698 1782 765 animam,
1816 699 1861 754 ‘si
1915 717 2025 769 qua
2047 700 2205 755 forte

607 808 729 849 eam
765 790 920 848 labes
948 772 1224 857 inliceret,
1276 807 1376 861 per
1403 790 1812 847 confessionem
1857 791 2185 855 lustrarent,

609 888 889 955 quatenus
920 893 1036 939 tum
1065 899 1303 954 corpore
1336 891 1452 938 tum
1484 883 1693 949 anima,
1719 884 1830 939 imo
1855 886 1959 939 hac
2001 884 2193 955 potius

608 991 772 1046 quam
821 976 953 1042 illo,
1008 977 1183 1031 curati
1239 985 1678 1032 reverterentur.
1727 976 1865 1031 Dum
1911 976 2080 1047 igitur
2134 976 2190 1030 in

604 1077 757 1138 gesta
785 1075 951 1137 atque
1003 1067 1242 1138 cogitata
1302 1067 1524 1121 illarum
1566 1066 1821 1139 inquirit,
1877 1075 1941 1121 ut
1988 1066 2191 1139 duplex

608 1161 960 1222 beneficium,
1013 1161 1181 1217 sicuti
1234 1160 1501 1227 diximus,
1564 1163 1820 1234 corporis
1882 1176 1947 1217 ac
1992 1163 2194 1219 anima:

609 1253 812 1322 pariter
840 1261 1161 1307 curaturum
1199 1252 1605 1324 impertiretur,
1655 1254 2037 1325 peritissimus
2101 1256 2191 1311 ille

609 1360 720 1399 non
759 1344 937 1399 solum
986 1344 1362 1417 investigandi
1422 1345 1806 1416 spiritualium
1867 1348 2191 1402 morborum

608 1451 828 1503 causas,
863 1436 959 1491 sed
986 1436 1258 1492 medelam
1311 1453 1534 1508 quoque
1588 1437 1857 1493 afferendi
1911 1439 2195 1510 paratissi-

611 1542 772 1594 mus;
805 1526 986 1597 pudor
1010 1537 1175 1598 atque
1200 1528 1366 1581 timor
1396 1527 1519 1583 illas
1541 1528 1789 1591 incessit,
1844 1538 2194 1599 precaturque

610 1627 780 1682 sunt,
810 1624 957 1673 terra
996 1618 1102 1672 sibi
1132 1618 1289 1688 prius
1336 1616 1672 1685 debisceret,
1702 1634 1869 1689 quam
1892 1623 1897 1629 '
1921 1620 2049 1674 vita:
2083 1628 2192 1673 tam

610 1709 872 1780 angelicae
911 1709 1055 1774 viro,
1092 1708 1147 1764 in
1201 1724 1369 1765 carne
1430 1709 1614 1765 carnis
1661 1710 1898 1781 experti,
1951 1725 2013 1765 ac
2053 1724 2194 1781 pene

610 1797 884 1868 Spirituali
907 1798 1089 1853 scelus
1119 1813 1283 1853 suum
1311 1798 1653 1853 revelarent.

609 1980 814 2037 accidit
844 1980 1077 2036 matrem
1103 1982 1397 2054 Symeonis
1418 1979 1711 2048 Martham,
1741 1982 2032 2037 mulierem
2065 1998 2194 2039 vere

610 2080 879 2139 sanctam,
909 2088 1065 2128 more
1094 2088 1196 2128 suo
1224 2073 1357 2128 illuc
1379 2074 1646 2129 accedere
1682 2092 1694 2127 :
1724 2074 1983 2145 apparuit
2010 2084 2194 2130 autem

612 2160 704 2220 illa
724 2166 885 2221 anxie
903 2165 1269 2231 haerentibus,
1287 2163 1369 2220 uti
1400 2165 1587 2220 lumen
1612 2166 1667 2220 in
1683 2176 1846 2221 nocte
1871 2166 2193 2238 caliginosa,

611 2258 813 2313 mulier
837 2256 1185 2323 mulieribus,
1213 2272 1381 2313 sexus
1406 2257 1772 2313 similitudine
1804 2257 1911 2312 sibi
1958 2261 2200 2330 conjun-

609 2352 747 2417 cti‘s;
778 2366 900 2421 quae
936 2351 1003 2406 ad
1036 2352 1204 2422 pedes
1238 2350 1390 2407 illius
1425 2367 1485 2406 se
1516 2352 1682 2422 quam
1735 2361 1995 2422 poterant
2040 2352 2195 2407 citis-

608 2441 746 2494 sime
759 2440 1105 2509 abjicientes,
1119 2440 1457 2511 eosdemque
1474 2456 1603 2496 cum
1615 2442 1872 2514 lacrymis
1886 2442 2196 2498 calentibus

609 2533 1028 2603 amplectentes,
1098 2533 1364 2589 miserum
1430 2534 1669 2589 infelicis
1735 2536 1933 2604 puella:
1988 2542 2193 2590 statum

607 2621 914 2691 exponunt,
937 2629 1226 2699 peccatpm
1253 2637 1414 2677 suum
1450 2623 1769 2688 enuntiant,
1820 2639 2042 2680 causam
2095 2639 2195 2678 eur

609 2720 801 2767 sancto
825 2713 961 2769 illud
997 2715 1279 2784 explicare
1308 2716 1593 2786 nequeant
1620 2725 1959 2786 proponunt.
1983 2715 2195 2771 Martha

608 2820 778 2875 porro
806 2814 919 2861 non
947 2807 1126 2862 solum
1145 2805 1502 2873 feminarum,
1535 2806 1634 2863 sed
1655 2815 1712 2863 et
1763 2815 2004 2862 matrum
2064 2822 2193 2863 san-

606 2898 889 2964 ctissima,
962 2898 1347 2954 inﬁrmitatem
1430 2900 1759 2956 muliebrem
1841 2916 2197 2971 nequaquam

606 2997 921 3061 aspernata,
947 3006 1128 3062 neque
1189 3007 1356 3047 sexus
1419 2993 1733 3048 communis
1790 2991 2004 3058 oblita;
2058 2992 2193 3062 quin

608 3083 795 3152 potius
823 3082 1140 3140 vehementi
1171 3083 1390 3138 illarum
1419 3084 1613 3139 dolore
1655 3099 1719 3138 ac
1771 3084 1989 3153 ploratu
2033 3098 2188 3139 com-

2296 602 2352 665 δὲ
2384 613 2606 665 κάκεῖνο
2645 612 2734 667 διὰ
2785 612 2990 679 παντὶς
3018 613 3181 686 ἔργον
3235 622 3621 688 πεποιημένος,
3653 625 3710 679 τὸ
3737 633 3851 692 τοὺς

2296 702 2445 774 αύτῷ
2475 706 2821 778 προσιόντας,
2849 708 2985 779 μετὰ
3040 710 3139 780 τῆς
3189 712 3333 765 κατὰ
3361 713 3519 784 σῶμα
3544 694 3849 788 θεραπείας,

2294 797 2398 878 εἴτι
2423 800 2518 878 καὶ
2543 798 2723 878 ψυχῆς
2755 795 2965 878 αἶσχος,
3004 803 3099 855 καὶ
3134 804 3291 857 τοῦτο
3323 803 3391 878 δι’
3428 794 3853 878 ἐξομολογήσεως

2292 874 2683 944 ἀποτίθεσθαι,
2738 876 2815 942 ὡς
2871 878 3163 950 ἀμφότερα
3220 874 3380 952 σῶμᾶ
3443 874 3854 959 ’τε-καὶψυχῇ

2301 967 2671 1037 ὑγιαίνοντας,
2693 969 2729 1041 ἢ
2760 969 3074 1051 ψυχὴνπρδ
3102 971 3197 1026 τοῦ
3228 962 3483 1044 σώματος
3516 968 3732 1046 μᾶλλον,
3773 979 3855 1032 οὖ-

2295 1076 2405 1123 τως
2434 1054 2739 1116 ἐπανιέναι.
2757 1062 2847 1126 Ὠς
2875 1059 2968 1142 οῦν
2996 1062 3227 1135 πράξεις
3254 1064 3434 1119 αὐτῶν
3462 1062 3556 1121 καὶ
3579 1068 3856 1142 λογισμοὺς

2296 1148 2594 1224 ἀνηρεύνα,
2635 1148 2724 1207 ἵνα
2748 1154 2845 1207 καὶ
2875 1141 3091 1227 διπλῆς,
3116 1155 3371 1228 καθάπερ
3405 1148 3636 1230 ἔφημεν,
3661 1162 3721 1215 ού
3740 1141 3745 1142 ν
3762 1163 3860 1215 σώ-

2299 1262 2442 1315 patv
2456 1246 2646 1315 μόνον,
2670 1246 2809 1301 ἀλλὰ
2842 1247 2937 1301 καὶ
2965 1249 3263 1321 πνεύματι,
3290 1244 3506 1322 μεταδῷ
3536 1242 3635 1322 τῆς
3661 1254 3856 1323 ὑγείας,

2296 1334 2408 1402 οἶος
2436 1340 2666 1405 ἐκετνος,
2718 1342 2819 1395 οὐκ
2861 1342 3182 1413 ἀνιχνεῦσαι
3223 1343 3385 1415 μόνον
3429 1338 3608 1398 αἰτίαν
3643 1345 3857 1418 ψυχικοῦ

2296 1426 2500 1492 πάθους
2530 1424 2732 1495 παντὸς
2767 1433 3170 1503 ἐμπειρότατος
3194 1450 3223 1500 ,'
3250 1434 3388 1489 ἀλλὰ
3434 1430 3527 1489 καὶ
3574 1418 3856 1508 θεραπείαν

2295 1521 2459 1586 εὐθὺς
2487 1522 2792 1592 ἐπαγαγεῖν
2822 1525 3195 1596 ἑτοιμότατος,
3213 1526 3379 1591 αἰδὼς
3408 1527 3627 1594 ἐκείνας
3647 1522 3755 1601 εἶχε
3773 1532 3853 1585 καὶ

2293 1615 2433 1695 δέος,
2453 1618 2547 1671 καὶ
2561 1617 2854 1688 διαστῆναι
2873 1619 3139 1691 πρότερον
3168 1621 3363 1684 αύταῖς
3385 1621 3484 1693 τὴν
3500 1626 3602 1694 γῆν
3624 1614 3855 1695 ηὔχοντο,

2292 1708 2327 1780 ἢ
2359 1710 2436 1782 τῷ
2468 1708 2646 1776 οὕτως
2678 1711 2959 1783 ἀγγελικῷ
2997 1713 3089 1767 τὸν
3122 1713 3258 1784 βίον,
3289 1710 3391 1769 καὶ
3418 1716 3651 1789 ἁσάρκῳ
3677 1719 3859 1790 μικροῦ

680 1801 884 1852 irituali
907 1801 1089 1853 scelus
1119 1813 1283 1853 suum
1311 1801 1653 1853 revelarent.

680 1888 771 1943 86.
805 1890 942 1944 Dum
968 1889 1044 1944 ita
1073 1904 1263 1945 secum
1298 1888 1405 1945 illa:
1438 1891 1743 1954 luctantur,
1794 1898 1945 1946 metu
1994 1891 2191 1962 plenae,

2298 1801 2389 1857 καὶ
2419 1801 2591 1874 ἀθλῳ,
2624 1803 2685 1857 τὸ
2717 1803 2890 1874 μῦσος
2917 1803 3287 1874 ἁνακαλύψαι.

2364 1901 2486 1962 πςν.
2513 1896 2601 1961 Ὠς
2628 1895 2721 1950 οῦν
2745 1896 2985 1962 ἀγωνίας
3009 1892 3152 1962 ἦσαν
3181 1895 3287 1951 οῦτι

2364 1901 2486 1962 πςη
2513 1896 2601 1961 Ὦς
2628 1895 2721 1950 οῦν
2745 1896 2985 1966 ἀγωνίας
3009 1892 3152 1969 ἦσαν
3181 1895 3325 1952 οὕτω
3364 1896 3461 1953 καὶ
3482 1896 3635 1965 δέους
3662 1902 3860 1972 μεσταὶ,

2294 1989 2492 2060 συνέϐη
2515 1991 2617 2062 τὴν
2638 1990 2850 2045 οίκείαν
2889 1988 3041 2062 αὐτῷ
3075 1991 3313 2062 μητέρα,
3344 1986 3444 2063 τὴν
3467 1983 3618 2048 θείαν
3650 1993 3723 2058 ὡς
3742 1981 3862 2067 ἆλη-

2294 2081 2404 2148 θῶς
2448 2080 2700 2154 Μάρθαν,
2725 2083 2802 2148 ὡς
2824 2080 2969 2153 ἐθος,
2995 2084 3345 2158 παραϐαλεῖν
3361 2102 3376 2117 ο
3398 2074 3525 2159 ἥτις
3552 2088 3668 2158 φῶς
3692 2088 3863 2162 ῶσπερ

2293 2174 2483 2239 αὐταῖς
2517 2175 2623 2229 ὑπὸ
2655 2175 2828 2231 νύκτα
2875 2176 3078 2250 πολλὴν
3124 2176 3316 2250 ὤφθη,
3365 2180 3506 2252 γυνὴ
3539 2180 3781 2251 γυναιξὶ,
3808 2183 3859 2235 τὸ

2294 2267 2556 2334 συγγενὲς
2585 2266 2842 2341 ἐχούσαις
2888 2266 3429 2349 ἀπδτῆςᾼφύσὲῳς,
3474 2275 3574 2330 καὶ
3620 2254 3723 2349 πρδ
3763 2273 3859 2349 τῶν

2294 2351 2509 2420 ἐκείνης
2537 2348 2715 2402 ποδῶν
2742 2348 2942 2412 ἑαυτὰς
2988 2348 3065 2413 ὡς
3114 2346 3258 2419 εἶχον
3297 2348 3590 2420 βαλοῦσαι,
3621 2345 3712 2403 καὶ
3742 2345 3862 2416 μετὰ

2294 2440 2515 2512 θερμῶν
2562 2424 2743 2496 αὐτῶν
2774 2438 3026 2513 δακρύων
3056 2440 3371 2510 λαϐόμεναι,
3422 2440 3497 2496 τά
3542 2456 3604 2495 τε
3638 2438 3864 2510 περὶτῆς

2296 2533 2485 2597 παιδὸς
2508 2531 2761 2599 διεξίασι,
2785 2532 2883 2586 καὶ
2907 2516 3213 2603 τίδ’ἁμᾶρτη
3224 2549 3301 2600 μα
3322 2531 3500 2597 ἒύθὺς
3529 2531 3861 2601 ἐξαγγέλλου-

2298 2641 2404 2690 σιν,
2435 2622 2517 2678 ετι
2564 2625 2660 2679 καὶ
2694 2622 2793 2700 1ςὴν
2828 2624 3011 2679 αἰτίαν
3044 2624 3401 2696 προσθεῖσαι,·
3426 2624 3497 2690 δι’
3530 2624 3598 2696 ἢν
3637 2626 3707 2680 τὰ
3741 2621 3860 2693 πρὸς

2295 2716 2387 2771 τὸν
2412 2719 2603 2787 Ἅγιον
2633 2714 3038 2788 ἀνεξαγόρευτα
3090 2715 3346 2782 ταύταις.
3387 2708 3453 2771 Ἡ
3501 2717 3684 2788 μέντοι
3717 2717 3862 2768 ὁσιω-

2295 2811 2433 2879 τάτη
2528 2808 2806 2877 γυναικῶν
2836 2850 2852 2875 ,
2939 2809 3077 2863 ἀλλὰ
3164 2809 3260 2863 καὶ
3348 2808 3606 2881 μητέρων
3665 2804 3864 2877 ἐκείνη,

2294 2901 2616 2969 γυναικείας
2664 2901 2919 2970 οὐδαμῶς
3000 2900 3309 2977 ἀσθενείας.
3354 2900 3731 2973 ὑπεριδοῦσα,
3780 2896 3867 2952 ou-

2295 2993 2354 3047 δὲ
2417 2992 2480 3046 τὸ
2543 2992 2801 3061 συγγενὲς
2889 2993 3207 3062 ἀγνοήσασα
3258 3007 3276 3024 ο
3396 2993 3707 3047 τούναντίον
3779 2989 3869 3060 μὲν

2297 3080 2392 3140 οῦν
2456 3084 2552 3139 καὶ
2612 3082 2818 3153 σφόδρα
2870 3085 2983 3146 τοῖς
3040 3082 3221 3137 αὐτῶν
3278 3083 3487 3137 πάθεσι
3531 3084 3627 3138 καὶ
3667 3072 3871 3155 θρήνοις

608 3184 784 3241 mota,
812 3185 869 3232 et
900 3186 959 3232 se
988 3174 1159 3247 ipsam
1189 3192 1412 3249 quoque
1425 3186 1658 3234 matrem
1681 3194 1827 3247 esse,
1852 3186 2189 3249 uterumque

2298 3175 2709 3261 ἐπικλασθεῖσα,
2738 3175 2799 3229 τό
2851 3192 2909 3228 τε
2940 3176 3035 3228 καὶ
3077 3173 3217 3245 αὐτὴ
3248 3163 3440 3261 μήτηρ
3490 3171 3630 3229 εἶναι
3697 3190 3874 3245 μητρι-

608 3276 856 3338 gestasse
881 3284 950 3323 ex
1014 3270 1496 3326 commiseratione
1528 3284 1659 3341 erga
1693 3270 1816 3325 illas
1868 3269 2190 3337 ostendens,

605 3361 851 3415 elevatas
879 3374 911 3416 e
935 3369 1081 3416 terra
1105 3376 1231 3416 cum
1272 3362 1494 3417 sarcina
1555 3362 1872 3433 paralyticm
1902 3362 2094 3432 puclla:
2123 3360 2193 3415 ad

610 3453 787 3509 filium
818 3470 979 3509 suum
1001 3454 1278 3510 adduxit:
1322 3455 1551 3521 Prmsta,
1581 3457 1862 3526 inquiens,
1919 3456 2016 3522 illi,
2052 3456 2195 3512 hanc

610 3566 722 3605 non
771 3566 995 3620 parvam
1022 3551 1180 3605 matri
1214 3550 1471 3622 gratiam,
1531 3561 1589 3606 ct
1638 3553 1683 3607 si
1715 3552 1847 3623 quid
1903 3560 2192 3623 peccatum

609 3643 703 3707 sit,
732 3638 1076 3708 condonans,
1105 3640 1333 3699 invoces
1350 3642 1644 3699 Dominum
1669 3644 1857 3701 Iesum
1883 3645 2190 3712 Christum,

608 3736 836 3790 extensa
867 3750 1022 3790 more
1044 3743 1312 3791 consueto
1362 3732 1589 3792 dextera
1648 3738 1833 3808 signes
1880 3739 1935 3792 in
1984 3738 2193 3795 virtute

566 3852 577 3857 -
608 3827 824 3883 Domini
859 3828 1123 3900 puellam.
1161 3828 1329 3885 Vides
1349 3845 1513 3899 quam
1547 3830 1748 3886 misere
1786 3839 1952 3901 atque
1994 3831 2194 3886 acerbe

612 3930 972 3990 torqueatur;
1007 3920 1161 3993 signa
1182 3921 1330 3976 illam
1351 3937 1539 3986 cruce,
1570 3930 1625 3977 et
1650 3922 1855 3977 sanitas
1876 3922 2194 3977 omnimoda

607 4026 1023 4087 consequetur;
1058 4018 1201 4084 sine,
1240 4018 1385 4073 hanc
1401 4018 1631 4088 gratiam
1663 4034 1766 4088 ego
1818 4016 2022 4071 mulier
2068 4031 2191 4069 mu-

608 4106 841 4164 lieribus
870 4105 1045 4173 hisce,
1090 4116 1147 4162 et
1207 4116 1384 4163 mater
1427 4108 1559 4163 huic
1616 4106 1804 4171 matri,
1865 4102 2195 4176 gravissimo

610 4197 805 4253 dolore
847 4182 1033 4253 cordis
1084 4198 1393 4269 (quantum
1460 4198 1596 4253 mihi
1666 4196 1931 4265 colligere
1992 4194 2194 4261 datur)

608 4288 886 4351 aestuanti,
925 4305 954 4343 a
990 4296 1044 4344 te
1074 4304 1324 4347 exorem.
1349 4289 1430 4345 Ad
1464 4290 1601 4345 istas
1619 4289 1817 4343 matris
1844 4285 1941 4340 filii
1963 4286 2197 4343 amantis

611 4395 804 4450 preces
835 4378 981 4435 illius
1020 4381 1212 4437 matris
1236 4397 1451 4445 amans,
1485 4379 1625 4435 nihil
1652 4393 1916 4442 renuens,
1967 4377 2197 4448 adjutri-

609 4485 729 4525 cem
754 4468 1047 4525 confestim
1087 4480 1311 4526 manum
1369 4466 1772 4531 accommodat,
1818 4466 2195 4538 signatamque

2298 3268 2410 3322 κῶν
2436 3286 2497 3320 τε
2528 3254 2855 3338 πειραθῆναι
2882 3266 3225 3336 σπλάγχνων,
3269 3266 3384 3319 ἀπὸ
3400 3254 3513 3338 ’τῆς
3543 3265 3871 3337 συμπαθείας

2296 3362 2395 3431 τῆς
2429 3361 2559 3431 πιερῖ⁸
2592 3360 2762 3423 αὑτᾶς
2814 3357 3060 3424 δείξασα,
3092 3356 3185 3411 τοῦ
3245 3357 3488 3428 ἐδάφους
3539 3359 3705 3423 αὑτὰς
3760 3356 3874 3411 ἁνα-

2300 3453 2565 3523 στήσασα,
2603 3450 2698 3502 καλ⁸
2732 3451 2884 3520 παρὰ
2912 3450 3008 3503 τὸν
3046 3450 3165 3503 υἱὸν
3206 3450 3308 3503 σὺν
3339 3449 3422 3521 τῷ
3453 3450 3642 3523 φόρτῳ
3676 3448 3762 3505 τοῦ
3788 3465 3874 3502 πα·

2300 3544 2556 3618 ρειμένου
2586 3543 2883 3615 θυγατρίου
2919 3542 3295 3613 εἰσαγαγοῦσα
3330 3559 3347 3575 ο
3379 3546 3482 3609 Δὸς
3506 3545 3729 3615 ταύτην,
3756 3534 3871 3610 iiii.

2300 3638 2467 3709 μητρὶ
2497 3679 2511 3705 ,
2540 3637 2817 3701 τέκνον,ού
2861 3637 3064 3708 μικρὰν
3092 3636 3277 3708 χάριν,
3303 3640 3404 3693 καὶ
3435 3640 3549 3693 πᾶν
3574 3639 3629 3691 εί
3666 3650 3716 3690 τι
3735 3634 3876 3704 τυχὸν

2296 3727 2606 3798 ἁμάρτημα
2655 3729 3042 3801 συγχωρήσας,
3075 3727 3168 3782 τδν
3197 3729 3408 3784 οἰκεῖον
3462 3730 3732 3799 δεσπότην
3756 3727 3876 3796 Χρι-

2301 3817 2426 3870 στὸν
2482 3817 2829 3884 ἐπικάλεσαι,
2870 3818 2965 3871 καὶ
2992 3818 3069 3882 ὡς
3121 3817 3357 3890 σύνηθες
3399 3814 3660 3883 ἐκτείνας
3687 3817 3783 3887 τὴν
3805 3814 3877 3867 δε·

2301 3902 2442 3973 sev.
2478 3907 2781 3979 σφράγισον
2838 3908 2932 3960 ἐπὶ
2957 3909 3024 3978 τῇ
3077 3907 3243 3961 αὐτοῦ
3288 3908 3526 3981 δυνάμει
3556 3906 3655 3980 τὴν
3684 3902 3837 3959 παῖδα
3862 3916 3875 3931 ⁸

2298 3999 2433 4070 ὁρᾷς
2454 3999 2600 4061 ὅπως
2631 3997 2830 4062 ἀθλίως
2869 3999 2966 4052 καὶ
2997 3998 3247 4069 χαλεπῶς
3278 4001 3631 4071 πάσχουσαν,
3656 4000 3719 4069 τῇ
3750 3994 3881 4066 παρᾶ

2302 4089 2396 4144 σοῦ
2428 4088 2486 4143 δὲ
2536 4089 2795 4162 σφραγῖδι
2844 4090 3035 4160 ἕψεται
3070 4091 3290 4155 πάντως
3344 4093 3446 4147 καὶ
3475 4091 3778 4162 θεραπεία,
3806 4087 3881 4140 ἵνα

2301 4181 2439 4250 γυνὴ
2491 4174 2759 4250 γυναιξὶν,
2787 4180 2926 4235 ἀλλὰ
2976 4182 3072 4234 καὶ
3114 4182 3301 4253 μήτηρ
3335 4186 3517 4255 μητρὶ
3562 4183 3880 4255 χαρίσωμαι,

2296 4272 2480 4338 δεινῶς
2500 4274 2621 4344 (ὅσα
2652 4274 2752 4343 ἐμὲ
2786 4272 3006 4344 ειδέναι)
3048 4272 3147 4344 τὴν
3180 4274 3417 4346 καρδίαν
3452 4273 3879 4349 πυρπολουμνῃ.

2302 4368 2345 4420 Π
2358 4356 2449 4439 ρδς
2478 4367 2739 4430 τοιαύτας
2789 4367 2971 4420 τοίνυν
3010 4366 3346 4436 φιλόπαιδος-
3383 4370 3603 4440 μητρὸς
3653 4365 3886 4432 ἀξιώσεις

2301 4461 2424 4524 υίὸς
2456 4458 2914 4535 φιλομήτωρίούκ
2941 4458 3265 4524 ἀνανεύσας,
3304 4456 3448 4515 ἀλλά
3475 4461 3604 4524 δοὺς
3629 4453 3885 4529 ὑπουργὸν

612 4561 868 4617 invocato
910 4561 1121 4617 Christi
1176 4562 1403 4616 nomine
1455 4559 1718 4629 puellam,
1756 4558 1961 4613 'salvam
2030 4566 2194 4629 atque

2301 4551 2493 4612 αὑταῖς
2549 4547 2753 4613 εὐθέως
2810 4545 2909 4617 τὴν
2964 4548 3167 4615 δεξιὰν,
3202 4549 3299 4603 καὶ
3332 4536 3439 4621 τὴν
3494 4551 3665 4605 παῖδα
3695 4536 3761 4619 τῇ
3805 4541 3888 4598 τοῦ

612 4655 883 4709 valentem
910 4669 1019 4708 non
1045 4653 1229 4710 minus
1271 4661 1456 4707 mente
1501 4664 1665 4719 quam
1698 4664 1933 4719 corpore
1976 4648 2198 4705 feminis

612 4745 824 4811 reddit;
859 4754 1208 4813 matremque
1240 4758 1352 4797 non
1409 4741 1589 4796 solum
1646 4739 1777 4795 fecit
1824 4757 1992 4812 super
2039 4742 2197 4812 prole

611 4831 910 4899 laetantem,
939 4832 1034 4889 sed
1068 4847 1224 4889 suam
1257 4846 1479 4900 quoque
1508 4830 1740 4885 multam
1773 4847 1839 4886 ex
1892 4847 1961 4887 eo
2017 4832 2197 4888 bono~

613 4934 808 4991 ratam,
855 4926 1003 4995 quod
1060 4925 1178 4994 ipsa
1227 4923 1354 4977 ideo
1383 4912 1531 4993 quod
1592 4932 1771 4979 mater
1800 4926 1970 4993 ctiset,
2036 4926 2196 4985 matri

614 5012 949 5073 incolumem
983 5015 1153 5069 ﬁliam
1172 5013 1531 5069 obtinuisset.

684 5189 773 5245 87.
796 5188 965 5258 Virgo
999 5185 1249 5255 quaedam
1280 5196 1490 5253 tenera,
1541 5186 1755 5259 duplici
1781 5189 1982 5247 atfecta
2026 5192 2194 5257 malo,

614 5282 819 5339 acerbo
836 5280 1110 5335 daemone.
1139 5287 1196 5333 et
1215 5280 1371 5350 pedis
1393 5275 1614 5347 dolore,
1644 5280 1795 5337 videt
1827 5298 1927 5353 per
1951 5283 2195 5353 quietem

614 5383 891 5434 sanctum,
925 5377 1139 5425 vestem
1168 5370 1406 5428 lucidam
1437 5382 1535 5428 aut
1581 5374 1763 5429 lucem
1784 5375 1969 5445 potius
2023 5376 2197 5445 ipsam

619 5462 1232 5532 indutum,gladiolum
1284 5480 1452 5520 manu
1491 5466 1902 5537 praeferentem,
1955 5472 2198 5536 eumque

617 5556 770 5612 velut
801 5553 928 5626 pedi
950 5555 1073 5627 eius
1098 5555 1325 5627 inﬁgere
1347 5566 1664 5614 conantem.
1692 5557 1822 5613 Adit
1852 5564 1986 5628 ergo
2026 5557 2195 5622 hunc,

620 5646 675 5702 in
702 5647 938 5704 somniis
957 5648 1105 5715 nixa,
1130 5651 1448 5720 conlisaque
1471 5646 1619 5721 quod
1641 5651 1712 5706 ab
1743 5650 1840 5706 illo
1857 5650 2073 5705 sanitas»
2091 5649 2195 5704 sibi

616 5749 763 5796 esset
779 5740 1131 5797 conferenda.
1152 5739 1405 5811 Cumque
1425 5741 1735 5798 invocasset
1757 5740 2194 5796 sanctusChristi

618 5844 840 5901 nomen,
905 5835 1292 5907 virginumque
1358 5834 1542 5889 crucis
1604 5832 1890 5904 signaculo
1969 5833 2192 5887 tertium

2301 4639 2539 4712 Χριστοῦ
2607 4634 2893 4712 ἐπικλήσει
2938 4641 3268 4713 σφραγίσας,
3336 4642 3477 4710 ὑγιᾶ
3536 4640 3780 4709 ταύτην,
3836 4634 3888 4687 οὗ

2306 4731 2467 4802 σῶμα
2497 4729 2678 4801 μόνον,
2704 4728 2843 4783 ἀλλὰ
2875 4731 2970 4783 καὶ
3025 4729 3255 4800 φρένας,
3292 4731 3502 4796 αὑταῖς
3558 4728 3890 4787 ἀποδίδωσιν,

2299 4824 2361 4877 οὐ
2420 4822 2637 4894 μητέρα
2691 4822 2852 4893 μόνον
2887 4822 2981 4873 ἐπὶ
3015 4820 3192 4892 τέκνῳ
3221 4820 3410 4888 δείξας
3437 4816 3889 4893 εὐφραινομένην.

2300 4913 2437 4968 ἀλλὰ
2473 4911 2651 4983 πολλῷ
2702 4911 2799 4965 καὶ
2845 4910 2942 4982 τὴν
2996 4908 3193 4965 ἑαυτοῦ
3273 4910 3505 4983 μητέρα
3573 4910 3776 4982 μᾶλλον
3815 4904 3896 4960 ἐπὶ

2298 5003 2475 5075 τούτῳ
2527 5001 2956 5073 σεμνυνομένην,
2990 5000 3073 5055 ὅτι
3106 5000 3185 5071 τῷ
3213 5001 3407 5073 μήτηρ
3444 4998 3596 5071 αὐτὴ
3621 4998 3895 5070 γενέσθαι,

2306 5098 2479 5169 μητρὶ
2509 5097 2786 5167 σωτηρίαν
2819 5092 3012 5169 παιδὸς
3037 5096 3357 5168 χαρίζεται.

2371 5187 2480 5254 πξ.
2528 5188 2681 5259 Κόρη
2720 5204 2806 5251 τις
2852 5184 3125 5259 παρθένος
3173 5188 3294 5258 διχῇ
3337 5176 3659 5257 πέπληκτο,
3695 5179 3901 5256 χαλεπῷ

2299 5281 2516 5352 δαίμονι
2569 5282 2666 5335 καὶ
2711 5280 2875 5334 πάθει
2903 5276 3094 5344 ποδός
3136 5281 3240 5352 ὁρᾷ
3266 5274 3578 5352 τοιγαροῦν
3609 5280 3703 5334 τὸν
3723 5278 3899 5344 ’Δγιον

2299 5373 2453 5443 δναρ,
2478 5371 2681 5443 ἔνδυμα
2713 5371 2829 5440 φῶς
2854 5370 3183 5441 αὐτόχρημα
3217 5370 3651 5440 περικείμενον,
3688 5361 3899 5435 ξιφίδιόν

2298 5482 2359 5519 τε
2391 5465 2482 5520 διὰ
2516 5464 2701 5535 χειρὸς
2746 5462 2962 5532 ἔχοντα,
2989 5463 3105 5515 καὶι
3125 5461 3189 5515 τὸ
3218 5462 3318 5533 μὲν
3344 5459 3431 5531 τῷ
3482 5461 3615 5515 ποδὶ
3659 5457 3898 5522 καθάπερ

2299 5558 2530 5624 ἐπάγειν
2590 5556 2873 5626 μέλλοντα.
2927 5555 3187 5625 Πρόσεισι
3234 5551 3456 5618 τοίνυν,
3483 5547 3569 5615 οἷς
3606 5550 3752 5605 κατὰ
3788 5546 3904 5605 τοὺς

2303 5649 2504 5711 ὕπνους
2535 5647 2635 5701 ἴδοι
2666 5646 3018 5712 πιστεύουσα,
3043 5647 3124 5701 ὅτι
3149 5648 3279 5718 παρ’
3312 5643 3491 5699 αὐτοῦ
3523 5644 3622 5699 καὶ
3651 5644 3752 5716 τὴν
3780 5640 3909 5695 ἴασιν

2301 5744 2593 5814 κομιεῖται.
2639 5740 2697 5794 '0
2738 5739 2797 5793 δέ
2828 5739 2889 5793 τὸ
2918 5739 3012 5793 τοῦ
3048 5736 3286 5810 Χριστοῦ
3340 5738 3594 5803 καλέσας
3618 5728 3901 5807 ὄνομα,.τῷ

2303 5849 2358 5884 τι
2391 5830 2486 5884 τοῦ
2528 5828 2763 5900 σταυροῦ
2793 5829 2949 5901 τύπῳ
2973 5829 3156 5901 τρίτον
3182 5827 3355 5900 αὐτὴν
3386 5828 3815 5900 διασφραγίσας,
3843 5821 3897 5874 οὗ
