4018 6382
190 437 332 499 3069

1206 430 1378 489 VITA
1426 436 1472 494 Λ
1514 435 1949 497 NICEPHORO
1986 440 2507 527 CONSCRIPTA.\

3325 436 3466 511 30ῗο

189 553 277 605 τὸν
306 549 548 619 δαίμονα
576 548 738 618 μόνον
761 547 1013 602 ἐκϐάλλει
1034 545 1229 608 ’δεινῶς
1252 545 1385 598 ἐλαι»
1396 550 1635 621 νόμενον⁹
1659 550 1796 605 ἀλλά

1897 555 2256 621 munivisset,
2308 572 2417 611 non
2450 557 2627 612 solum
2667 555 2972 622 dremonem
3002 556 3240 629 graviter
3280 561 3470 630 exagi-

191 643 285 695 xa‘.
314 642 383 694 τὸ
415 640 589 703 πάθος
644 640 782 710 αὐτῇ
827 638 921 692 τοῦ
955 639 1114 702 ποδὸς
1159 638 1480 704 θεραπεύει.
1524 643 1663 713 Γυνή
1707 661 1791 713 τις

186 732 337 786 οὕτω
381 732 637 803 χαλεπῶς
674 732 960 803 ἐμεμῄνει,
1002 731 1078 795 ὡς
1110 732 1205 785 καὶ
1249 734 1377 788 καθ’
1408 733 1596 797 ὕδατος
1624 710 1792 804 αὐτὴν

190 824 294 878 ὑπὸ
315 823 425 876 τοῦ
445 823 700 893 δαίμονος
724 823 980 884 πολλάκις
1002 825 1424 894 κατενεχθεῖσαν
1450 824 1598 896 παρὰ
1617 823 1790 895 βραχὺ

190 913 455 968 κινδύνου
491 913 783 982 γενέσθαι·
824 913 966 984 αὕτη
1022 916 1266 986 συνεχῶς
1308 916 1441 989 ὁρᾷν
1484 916 1657 970 ἐδόκει
1702 915 1792 969 ’ὢν

191 1006 455 1076 Συμεὼν,
513 1006 638 1075 δψιν
705 1005 916 1059 ἐκείνου
975 1005 1072 1059 καὶ
1129 1009 1321 1061 στάσιν
1375 1006 1788 1078 φανταζομένὴ·

190 1098 386 1150 καίτοι
427 1097 699 1169 μηδέποτε
729 1097 807 1168 τῷ
842 1097 1009 1167 Ἀγίῳ
1026 1100 1444 1169 παραϐαλοῦσα.
1474 1101 1654 1168 Ἔγνω
1686 1116 1795 1152 τοι-

192 1189 414 1260 γαροῦν
437 1193 531 1246 καὶ
557 1190 855 1261 ὀφθαλμοῖς
887 1191 1041 1257 ἰδεῖν,
1070 1186 1132 1247 οὗ
1150 1190 1263 1256 ’τὰς
1295 1190 1408 1246 τῶν
1430 1193 1793 1264 χαρακτήρων

195 1286 289 1337 καὶ
353 1282 459 1335 τοῦ
498 1278 671 1353 ’ἤθους
704 1282 888 1350 αὐγὰς
924 1284 955 1336 ὁ
998 1284 1124 1348 νοῦς
1174 1280 1507 1352 ἒφαντάζετο
1530 1300 1544 1315 ·
1575 1285 1696 1337 ἐπεὶ
1734 1280 1792 1337 δὲ

195 1373 335 1447 παρ’
367 1370 537 1428 αὐτὸν
570 1373 714 1426 ἔλθοι
742 1378 837 1428 καὶ
872 1375 1024 1446 α’ύτῷ
1052 1375 1308 1440 άτενίσοι,
1351 1375 1452 1428 οὐκ
1483 1366 1705 1444 ἔνεγκον
1733 1377 1795 1429 τὸ

190 1467 489 1537 δαιμόνιον
531 1465 628 1537 τὴν
670 1464 764 1519 τοῦ
810 1466 1002 1537 ἀνδρὸς
1041 1467 1363 1539 παρουσίαν.
1394 1464 1561 1533 ἔξεισι
1604 1467 1793 1531 δεινῶς

190 1562 462 1629 ὂλολύζον
490 1602 504 1624 ,
535 1562 814 1629 νήφουσαν
841 1559 1009 1630 αὐτὴν
1039 1557 1417 1622 ἀπολελοιπός.
1456 1554 1589 1613 Εἶτα
1626 1560 1795 1629 πρόσ-

197 1650 307 1703 εισί
337 1667 428 1712 τις
465 1648 615 1719 αὐτῷ
644 1651 737 1701 καὶ
760 1648 900 1717 ’άλλη
931 1649 1195 1720 δαιμονίῳ
1225 1650 1499 1719 πνεύματι
1542 1648 1795 1720 κάτοχος,

199 1744 293 1794 καὶ
326 1741 400 1795 τὸ
430 1740 533 1811 μὲν
559 1739 721 1804 είθὺς
749 1741 1072 1811 ἑπιτιμηθὲν
1105 1739 1490 1801 ἀπελαύνεται.

1893 655 2066 699 tatum
2124 649 2538 713 exterminant,
2593 649 2686 727 sed
2723 649 2881 719 pedis
2935 666 3154 721 quoque
3221 649 3465 705 dolorem

1894 738 2129 792 curavit.
2156 740 2351 795 Mulier
2378 741 2626 811 quatdam
2646 751 2752 796 tam
2780 740 3335 812 graviterfurebat,ut
3355 757 3469 796 non

1895 846 2023 884 raro
2048 831 2102 884 iu
2137 847 2306 901 aquas
2332 833 2721 887 dcturliaretur
2751 850 2781 888 a
2800 833 3046 902 daemone
3079 833 3345 887 satiscum
3366 849 3468 902 pe-

1896 920 2107 987 riculo;
2135 922 2423 977 videbatur
2444 924 2558 978 hate
2585 924 2691 978 sibi
2719 940 2997 993 nunquam
3052 939 3161 977 non
3215 936 3465 992 spectare

1896 1013 2246 1083 Symeonem,
2307 1016 2681 1086 cjusvullum
2731 1031 2797 1069 ac
2846 1016 3135 1070 stationem
3166 1015 3467 1069 identidem

1895 1103 2001 1157 sibi
2032 1103 2358 1175 imaginans,
2399 1107 2614 1160 tametsi
2663 1121 2943 1176 nunquam
2982 1106 3135 1160 illum
3182 1105 3463 1161 adiisset.

1893 1194 2124 1249 Censuit
2172 1194 2341 1264 igitur
2374 1196 2551 1251 oculis
2589 1196 2696 1251 sibi
2743 1196 3066 1251 intuendum
3110 1211 3254 1261 esse,
3308 1195 3469 1265 cujus

1895 1284 2225 1340 lineamenta
2248 1274 2413 1356 atque
2438 1284 2619 1342 mores
2639 1297 2748 1342 tam
2772 1288 2915 1343 clare
2937 1282 3330 1358 splendideque
3349 1286 3465 1380 .sibi

1894 1391 2051 1430 mens
2079 1386 2504 1446 repraesentaret
2533 1395 2546 1431 :
2577 1386 2933 1447 posteaquam
2960 1394 3096 1432 vero
3127 1376 3465 1448 pervenisset

1894 1466 1961 1520 ad
1993 1474 2265 1530 sanctum,
2307 1466 2608 1538 fuissetque
2638 1468 2879 1545 intuita;
2912 1468 3146 1532 daemon,
3182 1467 3287 1520 viri
3328 1481 3467 1535 prae-

1894 1557 2124 1611 sentiam
2174 1573 2284 1612 non
2335 1557 2540 1622 ferens,
2587 1559 2723 1614 exiit
2760 1575 2883 1614 cum
2936 1558 3170 1614 horrido
3224 1558 3465 1627 eiulatu,

1895 1647 2123 1702 muliere
2172 1648 2382 1715 integra
2426 1650 2634 1703 relicta.
2689 1648 2896 1705 Deinde
2936 1658 2994 1704 et
3056 1649 3163 1702 alia
3216 1647 3465 1718 quaedam

1893 1735 2163 1791 daemonio
2193 1737 2437 1807 subjecta
2470 1737 2536 1792 ad
2571 1750 2818 1793 sanctum
2839 1738 3013 1802 venit,
3044 1747 3100 1792 et
3131 1739 3311 1806 ipsum
3334 1751 3467 1790 con-

1897 1827 2051 1880 tinuo
2077 1827 2407 1898 increpitum
2443 1830 2701 1884 excessit.

265 1918 393 1990 πη’.
441 1917 605 1988 Ἑξῆς
658 1917 717 1971 δὲ
764 1917 1098 1988 προσάγεταί
1140 1934 1225 1981 τις
1270 1916 1374 1970 ύπὸ
1412 1914 1507 1969 τοῦ
1542 1916 1787 1979 τεκόντος

1964 1916 2051 1972 88.
2082 1914 2214 1973 Post
2234 1890 2355 1974 lucc
2379 1914 2673 1975 adducitur
2711 1936 2741 1974 a
2774 1929 2929 1990 patre
2970 1919 3191 1988 juvenis
3215 1917 3466 1989 quaedam

196 2009 523 2080 δαιμονῶσα
555 2010 758 2072 νεᾶνις,
795 2010 893 2063 καὶ
931 2010 1030 2079 τὴν
1081 2008 1331 2077 γλῶσσαν
1375 2006 1623 2061 οἴκτιστα
1675 2008 1794 2060 δια-

203 2102 576 2174 μασσωμένη,
620 2102 720 2172 οὐχ
758 2092 920 2173 ἦττον
948 2101 1062 2164 τοῖς
1100 2099 1305 2170 ἑαυτῆς
1338 2098 1651 2173 πάθεσιν,ῆ
1682 2101 1795 2164 τοῖς

200 2194 296 2248 τοῦ
352 2194 566 2267 πατρὸς
626 2194 906 2266 ἄνθραξιν,
954 2188 1037 2257 οἷς
1083 2194 1171 2247 ἐπ’
1214 2193 1350 2265 αὐτῇ
1392 2191 1465 2246 τά
1511 2192 1794 2262 σπλάγχνα

200 2290 556 2361 ἐπίμπρατο,
598 2287 750 2342 ἔλεον
780 2289 950 2361 αὐτῆς
995 2286 1073 2358 τῷ
1102 2285 1327 2357 Συμεὼν
1372 2284 1697 2356 ἐμποιοῦσα,
1732 2278 1794 2339 οῦ

102 2363 132 2445 Ι
205 2381 307 2434 καὶ.
347 2380 431 2449 τῷ
482 2376 701 2449 δαίμονι
746 2379 954 2448 ταύτης
1015 2377 1248 2443 ἐξελθεῖν
1298 2376 1791 2448 παραγγείλαντος,

205 2472 538 2541 ὑγιαίνουσα
563 2471 753 2544 φωνὴν
778 2472 895 2543 ἃμα
928 2471 1021 2524 καὶ
1053 2469 1297 2539 γλῶτταν
1334 2469 1495 2532 εὐθὺς
1539 2471 1574 2540 ἡ
1613 2470 1794 2533 νεᾶνις

205 2559 300 2631 ἦν,
332 2561 415 2630 τῷ
444 2579 505 2615 τε
537 2562 709 2634 πατρὶ
756 2561 1007 2632 δακρύων
1055 2559 1250 2629 ἡδονῆς
1295 2558 1493 2629 μᾶλλον
1535 2559 1656 2613 ἀντὶ
1692 2558 1793 2629 τῆς

209 2655 408 2725 πρώην
431 2653 647 2721 ὀδύνης,
682 2653 776 2707 καὶ
804 2652 1067 2722 μεγίστης
1098 2653 1177 2714 είς
1199 2650 1331 2704 Θεὸν
1354 2650 1792 2719 ἑξομολογήσεως

210 2745 463 2814 ἀφορμή.
499 2743 715 2814 Ὠσπερ
759 2742 815 2795 δὲ
843 2740 1034 2807 πολλαὶ
1061 2739 1332 2808 γυναικῶν
1366 2741 1549 2809 εὐχαῖς
1583 2740 1791 2792 ἐκείνου

210 2832 549 2899 πνευμάτων
572 2831 823 2901 πονηρῶν
849 2830 1265 2900 ἀπηλλάγησαν,
1292 2827 1434 2881 οὕτω
1466 2827 1660 2881 πολλαὶ
1692 2827 1796 2883 πά·-

208 2924 295 2980 λιν
356 2926 572 2980 ἐκείνου
628 2925 1002 2986 διδασκαλίαις
1048 2922 1263 2993 πνεῦμα
1312 2921 1455 2975 θεῖον
1515 2920 1790 2984 ὠδίνασαι,

211 3018 306 3073 καὶ
360 3019 670 3089 μνηστῆρσι
711 3016 852 3069 κατὰ
897 3014 1103 3068 Θέκλαν
1134 3014 1231 3085 τὴν
1264 3014 1566 3083 μαρτυρίου
1609 3013 1794 3083 τρίϐον

210 3110 430 3180 γυναιξὶ
476 3106 748 3179 τεμοῦσαν
784 3106 1215 3179 ἀποταξάμεναι,
1273 3106 1367 3157 καὶ
1403 3104 1598 3173 γάμων
1626 3105 1797 3174 ὑπερ-

214 3206 447 3269 ιδοῦσαι,
482 3204 787 3274 παρθένους
835 3200 1005 3272 ἁγνάς
1037 3218 1121 3254 σοι
1160 3202 1525 3272 τετηρήκασιν
1574 3200 1864 3284 ἑαυτὰς,ῖέ

212 3296 451 3350 ἀθάνατε
496 3295 696 3364 νυμφίε
735 3295 958 3364 Χριστὲ,
985 3292 1063 3362 σῷ
1079 3309 1137 3347 τε
1157 3293 1557 3359 νυμφευθεῖσαι
1585 3291 1792 3357 κάλλει,

214 3389 303 3441 καὶ
324 3387 430 3457 σὴν
452 3387 812 3456 ᾶγαπήσασαι
832 3383 1161 3455 ὡραιότητα.
1206 3381 1349 3435 Ἀλλ’
1369 3384 1502 3452 ἡμῖν
1525 3383 1616 3435 καὶ
1641 3378 1796 3446 αὖθις

210 3473 423 3549 ὲχέσθω
451 3476 554 3548 τῆς
576 3474 899 3556 ἀκολουθίας
923 3477 949 3528 ό
968 3473 1146 3542 λόγος.

285 3645 402 3704 πυ.
430 3648 721 3721 Προσῆλθέ
752 3666 838 3711 τις
869 3647 947 3719 τῷ
973 3647 1107 3717 θείῳ
1137 3647 1381 3716 Συμεὼν,
1417 3644 1560 3699 οὕτω
1609 3642 1795 3709 κακῶς

214 3746 320 3799 ὑπὸ
376 3743 635 3811 δαίμονος
667 3740 916 3821 πάσχων,
961 3737 1038 3801 ὼς
1088 3737 1162 3806 μὴ
1202 3736 1440 3804 πλευρὰς
1481 3734 1796 3805 ἀμφοτέρας
1831 3757 1839 3764 ·

218 3838 396 3905 μόνον,
434 3832 573 3886 ἀλλὰ
600 3835 697 3886 καὶ
730 3831 892 3901 σῶμα
915 3831 1033 3883 ὅλον
1064 3830 1154 3881 ὑπ’
1181 3824 1346 3881 αὑτοῦ
1387 3826 1792 3896 συντετρίφθαι.

216 3918 315 3980 οἷα
353 3924 489 3993 γοῦν
514 3924 583 3976 τά
610 3923 710 3993 τῆς
734 3922 1047 3993 ἀπορρήτου
1080 3920 1216 3973 Θεοῦ
1251 3921 1456 3987 σοφίας,
1491 3918 1565 3971 ὅτ’
1596 3918 1661 3972 άν
1692 3935 1797 3970 τινι

217 4015 539 4090 παραδόξως
571 4013 831 4083 ἐπινεύσῃ
861 4013 960 4083 τὴν
999 4008 1311 4083 σωτηρίανί
1353 4008 1555 4064 Ἐδόκει
1590 4011 1668 4080 τῷ
1693 4011 1797 4062 πά-

219 4126 399 4182 σχοντι
434 4108 529 4161 τὸν
558 4108 749 4175 Ἀγιον
777 4108 878 4160 ὅσα
906 4106 996 4159 καὶ
1033 4105 1217 4175 ἰατρὸν
1245 4106 1396 4175 όρᾷν,
1429 4104 1513 4169 ἐφ’
1534 4103 1798 4174 ἑκατέρας

215 4201 381 4256 αὐτοῦ
414 4199 661 4270 πλευράς
693 4215 751 4251 τε
786 4199 881 4251 καὶ
916 4199 1102 4267 χεῖρας
1135 4196 1295 4249 οἱονεί
1327 4210 1435 4249 τινι
1482 4193 1799 4263 φλεύοτόμῳ

215 4300 501 4366 χρώμενον
524 4308 537 4321 ·
574 4292 667 4345 καί
696 4307 842 4354 τινος
875 4289 1008 4359 ὕλης
1036 4288 1245 4341 ἐκεῖθεν
1289 4287 1567 4360 μοχθηρᾶς
1607 4298 1799 4340 κενου-

220 4387 409 4455 μένης,
439 4384 839 4438 ωνεκεκὲνωτο
890 4383 985 4436 καὶ
1031 4384 1059 4435 ὁ
1093 4378 1302 4452 δαίμων
1347 4381 1671 4451 ἐπιτιμήσει
1705 4379 1797 4433 τοῦ

218 4477 462 4547 Συμεών.
501 4475 747 4547 ’Λπαθής
776 4488 837 4527 τε
868 4473 1053 4528 κακῶν
1079 4475 1107 4526 ό
1139 4475 1362 4544 πάσχων
1386 4472 1650 4543 εἱστήκει,
1685 4472 1798 4542 χεί-

1895 2008 2252 2076 daamoniaca,
2275 2025 2395 2079 qua:
2416 2010 2660 2081 linguam
2683 2010 2789 2065 sibi
2815 2010 3126 2073 miserrime
3152 2006 3467 2063 mandendo

1894 2105 2298 2168 comminuens,
2332 2120 2447 2160 non
2474 2106 2657 2161 minus
2684 2121 2785 2161 suo
2812 2105 2989 2175 ipsius
3018 2105 3264 2160 cruciatu
3300 2119 3465 2173 quam

1896 2198 2072 2268 patris
2096 2197 2253 2268 cujus
2284 2213 2352 2252 ex
2397 2198 2782 2267 compassione
2813 2197 3026 2253 viscera
3071 2195 3466 2261 adurebantur,

1896 2288 1966 2342 ad
2013 2286 2385 2342 miserendum
2418 2286 2502 2342 sui
2550 2285 2874 2357 Symeonem
2909 2285 3324 2342 commovebat:
3358 2301 3470 2355 quo

1896 2377 2131 2436 (ιπηιοηί
2179 2394 2459 2450 egressum
2508 2378 2831 2449 imperante,
2883 2386 3071 2434 sanata
3101 2377 3282 2448 puclla
3320 2378 3471 2433 vocis

1896 2471 2205 2542 linguaque
2238 2485 2400 2525 usum
2421 2484 2547 2525 mox
2573 2469 2890 2539 expeditum
2917 2458 3139 2535 habuit';
3164 2481 3320 2538 pater
3339 2483 3472 2522 vero
3500 2452 3505 2463 ’

1895 2560 2185 2631 lacrymas,
2217 2574 2326 2613 non
2351 2560 2461 2628 jam
2496 2559 2724 2622 doloris,
2764 2568 2823 2613 ut
2866 2567 3013 2623 ante,
3044 2558 3140 2613 sed
3173 2558 3472 2628 voluptatis

1898 2649 2130 2714 indices,
2159 2648 2423 2704 fundendi
2458 2658 2513 2703 et
2543 2649 2812 2719 magnalia
2844 2649 2941 2712 Dei
2976 2648 3272 2703 conﬁtendi
3307 2663 3469 2701 occa-

1897 2741 2126 2795 sionem.
2173 2738 2642 2806 Quemadmodum
2699 2750 2883 2794 autem
2953 2739 3272 2809 frequentes
3322 2738 3472 2792 illius

1896 2832 2155 2903 precibus
2176 2833 2512 2901 nequissimo
2533 2833 2728 2903 spiritu
2756 2833 3002 2888 liberatae
3020 2839 3150 2886 sunt
3168 2831 3459 2885 mulieres:

1898 2920 1973 2977 ita
2001 2923 2242 2978 vicissim
2299 2921 2545 2993 ejusdem
2601 2923 2851 2997 doctrina
2900 2932 3065 2992 atque
3113 2922 3462 2978 institutione

1897 3008 2232 3084 frequentes,
2260 3017 2530 3069 sanctiore
2557 3015 2754 3085 spiritu
2788 3025 3074 3086 concepto,
3107 3015 3327 3085 sponsis
3354 3016 3473 3071 suis

1898 3103 2151 3173 exemplo
2202 3105 2440 3168 Thecla},
2488 3104 2711 3160 feminis
2759 3104 3022 3159 imitanda
3076 3104 3326 3176 martyrii
3379 3105 3468 3159 via

1902 3188 2235 3265 praegresste,
2252 3195 2507 3249 nuntium
2521 3197 2872 3261 remiserunt,
2894 3196 3113 3265 nuptias
3124 3205 3470 3265 spreverunt,

1898 3284 2139 3356 virgines
2159 3302 2279 3341 sese
2305 3292 2481 3341 castas
2515 3288 2632 3349 tibi,
2659 3287 2874 3343 Christe
2905 3287 3231 3341 immortalis
3252 3302 3473 3357 sponse,

1896 3368 2389 3443 conservaveruntf
2409 3388 2513 3433 ture
2527 3377 2927 3448 pulchritudini
2946 3378 3473 3448 desponsatae,tuam

1898 3465 2220 3536 dignitatem
2248 3465 2529 3521 amoribus
2567 3475 2890 3537 prosecutae.
2929 3466 3037 3522 Sed
3067 3482 3135 3523 eo
3169 3475 3478 3523 revertatur

1897 3558 2093 3620 oratio,
2123 3559 2267 3612 unde
2295 3559 2541 3629 digressa
2569 3569 2670 3614 est.

1969 3673 2056 3726 89.
2090 3672 2255 3727 Venit
2313 3673 2533 3742 quidam
2585 3673 2653 3727 ad
2691 3683 2943 3729 sanctum
3000 3673 3324 3745 Symconem
3367 3685 3473 3729 tant

1898 3767 2097 3820 misere
2130 3782 2159 3820 a
2182 3765 2455 3820 daemonio
2487 3765 2731 3829 habitus,
2766 3776 2825 3821 ut
2874 3777 3108 3836 utroque
3150 3781 3259 3819 non
3312 3766 3473 3820 modo

1898 3854 2231 3915 latere,-sed
2288 3864 2403 3911 toto
2454 3862 2723 3925 quantum
2777 3867 2861 3911 est
2922 3870 3155 3925 corpore
3211 3866 3476 3910 contusus

1901 3946 2285 4013 contritusque
2334 3952 2504 4000 esset.
2569 3945 2696 4009 Sed,
2758 3961 2791 4000 ο
2859 3960 3022 4014 quam
3087 3945 3476 3999 inenarrabilis

1901 4036 1994 4090 Dei
2044 4036 2335 4112 sapientia,
2396 4037 2613 4091 cuidam
2691 4044 2793 4092 nec
2878 4037 3125 4106 opinanti
3187 4037 3475 4091 restituere

1900 4128 2128 4181 salutem
2172 4128 2407 4182 volentis
2449 4129 2462 4181 !
2494 4127 2681 4183 videre
2710 4128 2814 4182 sibi
2844 4128 3012 4181 miser
3041 4128 3193 4182 visus
3240 4137 3325 4182 est
3351 4142 3478 4183 san-

1900 4228 2048 4274 ctum
2099 4235 2198 4291 per
2241 4219 2424 4274 omnia
2470 4219 2682 4274 medico
2736 4218 3007 4281 similem,
3063 4218 3282 4287 utrique
3317 4219 3474 4272 lateri

1901 4314 2198 4383 monuique
2274 4314 2425 4370 velut
2478 4314 2776 4383 scalpellum
2829 4312 3077 4368 secanth
3143 4313 3297 4365 vena}
3353 4327 3477 4381 gra-

1903 4405 1978 4459 tia
2027 4405 2453 4471 admoventem;
2509 4414 2748 4475 cumque
2804 4403 3119 4458 extraheret
3182 4401 3474 4469 quamdam

1903 4497 2030 4552 inde
2060 4494 2306 4550 vitiatam
2338 4497 2645 4557 materiam,
2671 4495 2881 4565 expulit
2914 4493 3150 4553 simulet
3175 4492 3476 4547 daemonem

215 4573 365 4627 λεσιν
396 4570 773 4639 ἀγαλλιάσεως
802 4571 943 4642 ᾅδων
980 4569 1080 4640 τὴν
1101 4569 1295 4623 ἑαυτοῦ
1327 4570 1621 4640 σωτηρίαν.
1662 4565 1797 4622 Εἶτα

1904 4585 2276 4654 increpatione
2334 4598 2466 4648 sua;
2521 4585 2785 4653 stetitque
2844 4581 3214 4637 dmmoniacus
3271 4579 3480 4634 doloris

214 4663 555 4737 προσάγεται
578 4681 659 4727 τις
692 4662 839 4733 αὐτῷ
870 4663 1198 4733 παράλυτος,
1230 4662 1352 4726 ὅλος
1380 4660 1657 4733 διῳδηκὼς
1679 4652 1797 4732 τρί-

212 4774 302 4809 τον
331 4756 435 4827 ἥδη
460 4754 674 4826 χρόνον,
710 4755 845 4825 μηδὲ
866 4756 962 4824 τῆς
984 4754 1170 4823 κλίνης
1195 4752 1505 4818 διαναστὰς,
1537 4752 1673 4807 ἀλλὰ
1707 4754 1799 4805 καὶ

213 4850 422 4916 ταύτης
471 4846 856 4916 ἁκινητότερος
893 4846 1090 4915 μένων,
1136 4846 1227 4898 καὶ
1284 4844 1681 4915 παραπλησίως
1722 4842 1799 4914 τῷ

214 4941 473 5011 προτέρῳ
520 4941 616 4991 καὶ
659 4932 812 5002 οὗτος
856 4938 1118 4992 ἀπολαύει
1145 4937 1591 5018 τῆς.θεραπείας.
1643 4934 1799 5006 Ἑξῆς

213 5034 268 5087 is
292 5031 610 5103 προσελθὼν
641 5030 788 5102 αὐτῷ
814 5030 915 5102 τὴν
933 5034 1090 5102 χεῖρα
1117 5032 1311 5102 πηρὺς,
1334 5032 1362 5084 ό
1385 5028 1483 5101 μὲν
1505 5026 1798 5100 θεραπείας

213 5128 418 5181 αὐτίκα
464 5125 561 5178 καὶ
607 5118 762 5188 οὗτος
791 5125 1071 5195 τυγχάνει.
1105 5123 1227 5177 Τῶν
1271 5120 1328 5178 δὲ
1369 5123 1675 5193 παρόντων,
1710 5117 1798 5177 οἶα

212 5219 385 5282 eam.
424 5218 563 5288 πρὸς
596 5217 665 5271 τά
698 5214 979 5288 παράδοξα
1001 5210 1797 5282 ταυτίκαταπεπληγμένων,οί

216 5310 315 5378 μὲν
357 5309 511 5363 θείαν
542 5310 601 5363 ὲν
631 5307 781 5377 αὐτῷ
810 5307 1041 5376 δύναμιν
1071 5304 1276 5360 ἄνωθεν
1311 5305 1468 5375 (ὅπερ
1497 5300 1583 5375 ἦν)
1615 5303 1800 5372 ελεγον

213 5397 380 5465 εἶναι,
419 5403 534 5463 τοῖς
582 5400 638 5453 δὲ
691 5400 786 5452 καί¹
824 5394 1271 5462 σκανδαλίζεσθαι
1304 5397 1529 5464 καὶτῆς
1566 5397 1623 5448 ὲν
1651 5395 1799 5465 αὐτῷ

213 5495 442 5564 χάριτος
478 5491 678 5562 μᾶλλον
724 5490 1047 5544 καταλαλεῖν
1087 5489 1266 5559 ὲπῄει.
1301 5489 1480 5558 Ὅπερ
1528 5486 1619 5539 τὸν
1657 5487 1799 5538 θεῖον

213 5584 443 5655 Συμεὼν
483 5585 794 5653 ἐπιγνόντα·
826 5580 969 5648 Ἑγῶ
1009 5577 1104 5650 μὲι
1139 5579 1423 5645 ἄνθρωπός
1452 5580 1588 5649 εἰμι,
1610 5582 1794 5649 φάναι,

215 5676 564 5748 ἁμαρτωλὸς,
596 5675 780 5739 δοῦλος
804 5674 897 5728 τοῦ
927 5672 1059 5748 Υίοῦ
1087 5670 1179 5726 τοῦ
1201 5672 1359 5736 Θεοῦ,
1386 5672 1480 5724 τοῦ
1513 5673 1605 5725 καὶ
1633 5689 1798 5725 σταυ-

217 5746 297 5842 ρῶ
327 5746 398 5824 δι’
425 5772 572 5841 ἡμᾶς
598 5769 859 5840 ὁμιλῆσαι
890 5746 1287 5837 φιλανθρώπως
1315 5764 1707 5835 ἀνασχομένου,
1732 5757 1796 5818 οὗ

217 5862 295 5939 τῷ
319 5879 379 5916 τε
407 5862 631 5934 ὀνόματι
660 5862 755 5916 mi
783 5862 846 5931 τῇ
877 5860 1102 5929 δυνάμει
1126 5856 1299 5911 ταῦτα
1330 5857 1496 5909 ποιῶ·
1521 5855 1637 5911 ἀλλ’
1657 5851 1797 5927 ἆπερ

708 6122 735 6145 ι.

1899 4691 2115 4749 expers,
2146 4683 2525 4743 recuperatam
2554 4674 2841 4728 sanitatem
2869 4688 2993 4726 cum
3020 4670 3385 4724 exsultatione
3416 4682 3480 4724 ac

1900 4774 2062 4820 cantu
2114 4765 2424 4820 celebrans.
2487 4764 2728 4818 Rursum
2778 4763 3071 4817 adducitur
3123 4759 3474 4831 paralyticus,

1899 4857 1994 4929 qui
2023 4866 2170 4911 totus
2190 4855 2551 4918 intumuerat,
2574 4864 2629 4909 et
2656 4854 2891 4924 tresjam
2912 4867 3086 4908 annos
3102 4852 3246 4907 lecto
3265 4850 3475 4914 allixus,

1899 4950 2031 5004 inde
2063 4964 2173 5003 non
2205 4956 2519 5003 surrexerat
2545 4964 2559 5000 :
2592 4955 3039 5016 consecutusque
3068 4945 3355 5001 sanitatem
3394 4953 3479 5000 cst

1899 5040 2089 5105 simili,
2112 5054 2176 5094 ac
2194 5039 2347 5109 prior
2370 5036 2555 5092 modo.
2588 5036 2795 5092 Deinde
2822 5044 2877 5090 et
2894 5036 3042 5090 alius
3059 5050 3224 5090 manu
3250 5034 3479 5090 mutilus

1899 5131 2169 5186 accedens
2215 5129 2471 5186 similiter
2515 5137 2739 5183 sanatus
2786 5137 2890 5183 est.
2946 5126 3481 5197 Obstupescentibus

1899 5232 2104 5288 autem,
2135 5232 2196 5278 ut
2225 5238 2460 5293 pronum
2485 5230 2568 5276 est
2598 5220 2739 5295 fieri,
2770 5228 3042 5289 quotquot
3074 5219 3301 5274 aderant
3329 5227 3479 5274 tanta

1899 5315 2164 5369 miracula
2186 5322 2529 5383 Spectantes:
2549 5311 2645 5366 alii
2675 5310 2953 5373 dicebant,
2984 5321 3281 5380 supernam
3310 5310 3363 5362 in
3384 5308 3478 5364 illo

1898 5408 2160 5462 virtutem
2198 5410 2281 5473 (ut
2323 5404 2465 5476 erat)
2511 5404 2783 5463 residere;
2818 5402 2914 5457 alii
2964 5401 3096 5456 hinc
3138 5401 3478 5456 scandaliza-

1903 5495 2123 5556 bantur,
2159 5503 2216 5548 et
2245 5494 2445 5548 divinae
2477 5509 2598 5563 qua:
2634 5492 2735 5563 ipsi
2771 5490 3064 5547 assistebat
3085 5489 3276 5557 gratiae
3300 5488 3474 5545 maie-

1901 5568 2032 5638 bant
2073 5583 2387 5638 detrahere.
2422 5583 2645 5637 Diversa
2689 5591 2873 5637 autem
2908 5588 3268 5648 utrorumque
3312 5592 3474 5634 sensa

1899 5690 2235 5745 cognoscens
2277 5675 2546 5747 Symeon,
2582 5674 2715 5744 Ego,
2762 5672 2961 5742 inquit,
3007 5671 3171 5726 homo
3218 5680 3474 5739 peccator

1898 5781 2039 5830 sum,
2062 5782 2255 5822 servus
2278 5768 2399 5822 Filii
2425 5767 2545 5831 Dei,
2570 5764 2927 5835 ignominiam
2955 5778 3017 5818 ac
3040 5761 3474 5822 mortemorm-is

1899 5866 2124 5926 propter
2176 5874 2297 5921 nos,
2332 5848 2566 5927 benigne
2596 5855 2763 5925 passi.
2810 5853 2961 5909 illius
2991 5869 3091 5923 ego
3136 5849 3355 5905 nomine
3408 5868 3469 5907 ac
3560 5848 3563 5851 ’
