4018 6384
569 384 705 461 ειη

1787 382 1848 448 S.
1887 376 2265 445 SYMEONIS
2302 377 2663 444 JUNIORIS
2764 416 2787 447 ,-

3675 377 3805 442 3072

578 509 783 565 virtute
811 505 928 561 haec
957 509 1135 574 patro.
1160 501 1265 557 Sed
1290 516 1411 572 quae
1436 515 1535 555 vos
1563 498 1620 553 in
1638 497 1804 552 corde
1822 497 1889 552 de
1917 512 2002 550 me
2026 509 2154 564 per-

2273 493 2389 562 Βμῖν
2452 492 2531 553 είς
2580 487 2809 562 καρδίαν
2841 487 2970 558 περὶ⁵
3002 484 3160 558 ἐμοῦ,
3192 486 3349 551 ἵλεως
3395 487 3519 557 ὑμῖν
3545 487 3624 557 εἴη
3649 487 3768 551 Θεός
3788 506 3802 520 ⁴

576 616 766 672 peram
810 594 1113 667 cogitastis,
1157 594 1432 664 propitius
1477 587 1635 645 vobis
1679 587 1925 658 ignoscat
1976 585 2152 648 Dcus;

579 693 871 747 adversus
894 688 1076 758 ipsum
1110 686 1259 741 enim
1291 681 1585 753 aperuis‘tis
1632 695 1695 735 os
1728 687 1993 740 vestrum,
2044 690 2156 728 non

578 784 866 837 adversum
902 794 1023 845 me;
1065 777 1349 832 Altissimo
1380 773 1638 846 injuriam
1679 769 2030 841 irrogasusin
2054 765 2159 819 ini-

576 874 787 942 quitate
835 882 1018 927 vestra
1066 866 1494 939 cogitationibus
1542 872 1599 920 et
1626 860 1833 917 verbis.
1880 858 1960 913 Ex
2007 856 2160 911 hisce

577 978 711 1019 vero
734 961 909 1017 sancti
932 960 1097 1015 dictis
1121 965 1336 1013 tantum
1358 952 1717 1011 emolumenti
1734 944 2008 1020 ceperunt
2029 947 2162 1031 fide-

2256 583 2334 645 είς
2383 582 2589 634 ἐκεῖνον
2643 579 2752 648 γὰρ
2807 577 2994 631 ἔθεσθε
3054 578 3116 629 τὸ
3175 576 3349 645 στόμα
3399 576 3544 646 ὑμῶν
3583 576 3672 629 καὶ
3719 579 3809 630 οὐκ

2256 672 2339 733 είς
2392 669 2513 740 ἐμὲ,
2560 668 2775 723 ἀδικίαν
2841 670 2919 732 εἰς
2964 670 3027 721 τὸ
3072 666 3208 737 ὕψος
3248 668 3303 719 ἐν
3338 667 3566 738 πονηρίᾳ
3608 667 3807 739 διανοηο

2258 761 2445 825 θέντες
2482 778 2543 813 τε
2588 763 2683 814 καὶ
2723 759 3079 829 λαλήσαντες.
3124 757 3310 812 Ταῦτα
3352 760 3495 827 παρὰ
3534 759 3623 812 τοῦ
3666 762 3810 829 ἁγίου

2258 854 2551 923 λεγόμενα,
2580 851 2851 921 τοσαύτης
2879 850 2977 913 τὰς
3002 848 3111 904 τῶν
3137 848 3345 903 πιστῶν
3372 849 3546 920 ψυχάς
3568 851 3812 918 ὡφελείας

2260 945 2527 1017 ἐπλήρου,
2555 945 2657 1016 ὅση
2684 944 2784 1011 τὰς
2806 944 2914 999 τῶν
2952 943 3198 999 ἀπίστων
3233 944 3384 1014 ὄψεις
3415 944 3703 998 ἐκάλυπτεν
3738 946 3816 999 ὲν-

577 1048 679 1118 lcs,
709 1060 916 1123 quanto
966 1048 1219 1104 inﬁdeles
1264 1047 1476 1119 pudOre
1494 1044 1703 1099 suffusi
1728 1048 1877 1096 sunt.
2261 1036 2465 1108 τροπή.

648 1121 751 1198 θοέ
772 1142 950 1212 Pagus
983 1148 1124 1203 erat,
1172 1137 1377 1193 Severa
1424 1135 1628 1198 dictus,
1657 1133 1753 1187 ubi
1788 1131 1845 1186 in
1895 1126 2160 1201 prtecipiti

2336 1125 2609 1209 52min”;
2660 1143 2745 1190 τις
2794 1121 2864 1198 ἦν
2915 1125 3225 1196 καλουμένη
3281 1126 3516 1195 Σευήρα,
3549 1126 3806 1198 στρόϐιλος

580 1241 970 1304 ρττετιιριοιιυθ
1001 1229 1155 1300 juxta
1177 1229 1328 1283 viam‘
1354 1226 1476 1280 loco
1500 1224 1666 1293 pinus
1687 1225 2003 1276 excreverat
2032 1232 2163 1272 zac-

2273 1217 2321 1273 Βὲ
2352 1217 2474 1273 κατ’
2500 1216 2672 1288 αὐτὴν
2694 1218 2787 1272 ἐπί
2819 1236 2965 1283 τινος
2985 1217 3235 1290 κρημνοῦ
3272 1218 3513 1289 μεγάλου
3540 1220 3631 1272 καὶ
3657 1219 3814 1292 amp.

583 1321 725 1377 cidit
756 1318 1057 1389 aliquando
1080 1325 1143 1372 ut
1161 1315 1286 1386 pagi
1317 1311 1511 1369 incola:
1536 1309 1785 1365 nonnulli
1820 1308 1922 1362 sub
1948 1305 2163 1360 arboris

2273 1308 2446 1380 ρὦος
2482 1310 2548 1381 τῇ
2576 1308 2682 1380 ὀδῷ
2709 1309 3111 1382 παρεπεφύκει.
3147 1310 3348 1380 Ἔτυχε
3404 1308 3501 1379 μὲν
3531 1308 3621 1363 οῦν
3650 1310 3818 1375 καθῆ-

583 1411 781 1465 umbra
813 1407 1188 1471 considerent,
1226 1414 1391 1475 atque
1426 1416 1572 1457 unus
1599 1416 1639 1454 ετ
1659 1412 1912 1460 numero,
1941 1395 2163 1450 nomine

2273 1399 2395 1454 σθαι
2417 1417 2549 1455 ποτε
2581 1399 2690 1454 τῶν
2715 1401 2780 1454 ἐκ
2808 1400 2908 1472 τῆς
2934 1398 3131 1471 κώμης
3156 1398 3311 1462 τινάς
3363 1399 3466 1452 ὑπὸ
3499 1401 3562 1471 τῇ
3593 1399 3681 1452 τοῦ
3711 1400 3814 1453 δέν-

583 1502 842 1565 Jacobus,
863 1496 1292 1568 illam'cupidine
1314 1495 1592 1550 fructuum
1612 1489 2014 1561 carpendorum
2035 1499 2168 1542 con-

2273 1488 2394 1561 Ερου
2428 1483 2558 1563 σκιᾷ
2582 1508 2597 1522 ο
2636 1491 2734 1545 ἕνα
2764 1490 2821 1545 δὲ
2842 1491 3051 1569 ⁴τούτων
3095 1489 3353 1547 Ἰάκωϐον
3437 1490 3625 1560 ὄνομα,
3648 1489 3816 1543 ἐπιθυι-

586 1591 898 1647 scendcret.
930 1588 1089 1655 Quod
1115 1586 1243 1641 dum
1270 1585 1403 1657 agit,
1428 1582 1700 1653 conspicit
1725 1580 1865 1634 duos
1888 1578 2167 1633 daemones

2273 1583 2370 1656 μία
2401 1582 2509 1638 τῶν
2545 1583 2609 1637 ἐκ
2638 1583 2732 1638 τοῦ
2763 1584 2979 1652 δένδρου
3012 1581 3262 1653 καρπῶν,
3284 1583 3373 1635 ἐπ’
3397 1582 3527 1635 αὐτὸ
3554 1580 3815 1651 ἀναϐῆναι.

586 1683 657 1737 ad
690 1696 749 1736 se
783 1685 1160 1751 properantes,
1190 1684 1583 1751 arreptumque
1628 1668 1865 1742 pedibus
1903 1668 1959 1723 in
1978 1666 2167 1737 subje-

2280 1674 2414 1747 ’0ρᾷ
2441 1675 2620 1729 τοίνυν
2649 1673 2743 1728 δύο
2762 1675 3023 1745 δαίμονας
3051 1673 3138 1728 ἐπ’
3172 1673 3336 1746 αὑτὸν
3378 1673 3625 1737 ἐλθόντας
3650 1675 3676 1727 6
3718 1673 3817 1726 Ἰά-

586 1782 737 1827 ctum
769 1769 1130 1841 praecipitium
1152 1769 1444 1839 jactantes,
1477 1765 1635 1835 cujus
1661 1761 1820 1818 simul
1847 1768 1904 1816 et
1951 1758 2167 1813 arboris

2273 1766 2445 1830 κωϐος
2474 1760 2649 1831 οὗτος,
2682 1765 2791 1819 τῶν
2820 1783 2877 1819 τε
2907 1765 3086 1820 ποδῶν
3111 1766 3453 1837 λαϐομένους
3481 1804 3497 1826 ,
3526 1764 3618 1818 καὶ
3654 1762 3818 1817 τοῦτον

584 1830 820 1915 altitudo
840 1830 1187 1928 septuaginta
1209 1855 1331 1910 fere'
1349 1830 1560 1923 pedum
1579 1859 1720 1907 erat.
1743 1850 1885 1905 Dum
1909 1847 2078 1918 igitur
2105 1846 2163 1901 in

2273 1857 2413 1912 κατὰ
2438 1857 2531 1911 τοῦ
2563 1857 2812 1929 κρημνοῦ
2845 1858 3130 1929 ῥίψαντας.
3161 1858 3235 1911 Τὸ
3252 1830 3368 1927 *μὲν
3394 1853 3488 1910 οὖν
3502 1855 3593 1929 τοῦ
3619 1855 3816 1926 δένδρου

583 1960 892 2005 extremum
911 1947 1107 2016 capitis
1128 1944 1425 1999 discrimen
1447 1958 1507 1997 se
1522 1941 1653 1997 ferri
1675 1940 1865 2004 sentit,
1881 1952 1986 1992 nec
1999 1935 2164 1990 saluti

2273 1951 2361 2005 καὶ
2396 1950 2488 2004 τοῦ
2522 1921 2767 2021 κρημνοῦ
2984 1949 3114 2020 περὶ
3148 1921 3278 2013 τοὺς
3321 1921 3689 2025 ξϐδομήκόντα
3735 1921 3822 2000 ὲεάε

587 2042 890 2110 desperata:
906 2038 1066 2093 aliter
1084 2035 1335 2091 succurri
1361 2042 1566 2104 posset,
1586 2046 1749 2103 quam
1770 2037 1952 2101 potest
1977 2027 2168 2084 claris-

586 2133 725 2188 sima
737 2146 870 2186 voce
885 2137 1193 2199 promptam
1216 2142 1438 2197 semper
1466 2141 1649 2196 Opem,
1683 2122 2165 2194 inexpugnabilem

586 2226 847 2279 virtutem
870 2265 884 2289 ,
916 2237 1026 2276 non
1062 2220 1414 2276 imminutam
1444 2209 1713 2289 gratiam",
1756 2215 2025 2270 famulum
2066 2211 2164 2267 Dei

587 2319 913 2388 Symeonem
945 2313 1221 2368 inclamat.
1275 2308 1416 2366 Ecce
1452 2317 1637 2365 autem
1686 2307 2019 2362 inclamatus
2073 2302 2167 2358 ille

586 2409 848 2481 supponit
870 2406 1076 2461 labenti
1107 2421 1326 2469 manus,
1365 2405 1544 2475 iisque
1573 2402 1791 2473 supinis
1818 2401 1985 2455 illum‘
2017 2398 2167 2453 exci-

587 2499 689 2569 pit,
718 2506 774 2553 et
796 2507 1041 2553 erectum
1067 2495 1221 2550 humi
1253 2495 1500 2565 deponit.
1529 2493 1740 2550 Deinde
1774 2487 1996 2547 rursum
2016 2490 2168 2545 videt

590 2592 793 2645 terram
836 2587 913 2642 ita
963 2586 1150 2641 diduci
1186 2587 1394 2656 ut'ipsa
1427 2584 2166 2658 detegerenturfundamen-

591 2684 676 2747 ta;
710 2679 860 2734 videt
885 2686 943 2734 et
965 2687 1216 2734 sanctum
1241 2679 1418 2749 cippis
1459 2678 1741 2734 dtemones
1792 2675 2166 2732 includentem

587 2779 646 2825 et
675 2769 733 2824 in
756 2770 1014 2842 abyssum
1040 2770 1385 2839 ablegantem
1413 2789 1427 2836 ;
1484 2785 1550 2825 ac
1607 2770 1794 2826 denuo
1852 2781 2079 2833 terram,
2106 2776 2170 2823 ut

590 2861 751 2916 initio
770 2861 973 2927 fuerat,
1014 2870 1328 2916 coeuntern.
1353 2861 1475 2928 Quo
1508 2872 1776 2930 tempore,
1806 2862 1974 2915 tantis
2004 2861 2169 2915 mira-

591 2953 733 3008 culis
754 2962 920 3024 atque
950 2955 1196 3009 ostentis
1214 2962 1531 3025 praeventus
1553 2954 1658 3009 fuit
1678 2953 1921 3009 Jacobus
1938 2993 1954 3018 ,
1972 2953 2169 3008 eodem

594 3045 847 3116 Symeon,
881 3059 1004 3115 quae
1046 3044 1193 3100 circa
1229 3045 1408 3116 ipsum
1439 3044 1626 3099 diVina
1669 3047 1874 3100 virtute
1913 3044 2171 3115 contige-

592 3144 738 3201 rant,
772 3134 1041 3191 fratribus
1072 3136 1187 3191 suis
1252 3137 1464 3191 retulit.
1507 3135 1763 3190 Nondum
1814 3144 2000 3190 autem
2046 3152 2168 3191 scr-

593 3225 745 3279 moni
781 3225 944 3281 ﬁnem
975 3227 1335 3296 imposuerat,
1360 3242 1484 3281 cum
1514 3227 1681 3281 vicini
1709 3226 1934 3297 quidam
1956 3227 2169 3291 Jacobi,

595 3318 797 3386 gaudio
820 3327 989 3389 atque
1017 3319 1384 3376 admiratione
1408 3320 1560 3389 pleni
1599 3328 1922 3385 accurrunt,
1961 3320 2172 3389 accepti

596 3407 849 3463 beneﬁcii
878 3409 1109 3481 gratiam
1149 3411 1520 3477 conﬁtentes,
1564 3419 1621 3465 et
1658 3424 1779 3482 quae
1835 3411 2176 3467 faeta-crant

598 3499 774 3569 palam
804 3500 1220 3557 annuntiantes;
1864 3532 1871 3537 ο
1942 3482 1951 3503 ’

667 3770 757 3825 91.
788 3769 1066 3841 chrosus
1089 3768 1313 3840 quidam
1354 3769 1592 3824 accessit
1618 3776 1831 3831 sancto,
1861 3744 2029 3833 et,'ne
2051 3768 2179 3839 quis

598 3862 853 3917 amentiae
884 3877 987 3916 nos
1015 3868 1229 3931 arguat,
1254 3859 1474 3924 iisdem,
1521 3859 1725 3928 quibus
1755 3859 1898 3924 olim~
1924 3859 2180 3928 leprosus

601 3956 693 4010 ille
721 3954 790 4009 ad
813 3952 1119 4017 Christum,
1150 3951 1218 4005 ad
1242 3952 1393 4007 hunc
1430 3951 1617 4005 verbis
1642 3966 1776 4006 usus
1802 3960 1887 4005 est
1944 3950 2138 4005 dicens
2163 3966 2176 4002 :

599 4046 659 4101 Si
689 4044 795 4112 vis,
826 4053 985 4114 potes
1006 4057 1094 4099 me
1118 4042 1388 4097 mundare
1425 4042 1487 4096 ιο.
1522 4041 1593 4096 Ει
1635 4051 1862 4103 sanctus
1901 4040 2020 4110 pari
2053 4055 2177 4094 cum

599 4139 819 4193 fervore
846 4152 909 4190 ac
932 4134 1062 4201 ﬁde,
1084 4148 1251 4202 quam
1290 4133 1348 4187 in
1379 4131 1475 4187 illo
1500 4132 1779 4202 praecipue
1835 4138 2176 4198 respexerat,

598 4230 775 4285 fretus
795 4227 1049 4291 Domino,
1076 4225 1172 4297 qui
1206 4218 1391 4280 omnia
1420 4223 1669 4279 credenti
1704 4220 1994 4291 possibilia
2052 4236 2176 4275 esse

600 4320 954 4376 enuntiavit:
998 4319 1155 4384 Volo,
1185 4318 1388 4387 inquit,
1422 4323 1477 4369 te
1516 4312 1819 4368 mundari:
1866 4326 2059 4366 verum
2095 4313 2181 4369 fac

600 4414 825 4469 domum
851 4411 1038 4471 abeas.
1073 4418 1130 4463 et
1160 4408 1441 4478 benignus
1460 4405 1626 4467 Deus,
1655 4402 1751 4471 qui
1787 4411 1976 4456 nostra
2013 4419 2177 4459 causa

2263 2036 2360 2105 δας
2387 2037 2476 2112 ἦν·
2505 2042 2533 2093 ὁ
2571 2040 2744 2105 δὲκείς
2773 2040 2999 2110 ἔσχατον
3056 2040 3302 2094 κινδύνου
3350 2040 3642 2110 φερόμενον
3696 2037 3820 2107 ὁρῶν

2266 2134 2479 2198 ἑαυτὸν,
2522 2133 2619 2187 καὶ
2686 2133 2810 2204 μηδ’
2841 2131 3018 2187 ὁτιοῦν
3067 2132 3126 2185 ὲν
3166 2131 3344 2195 οὕτως
3377 2131 3638 2202 ἀμηχάνῳ
3684 2127 3820 2199 κακῷ

2265 2220 2461 2296 δρᾶσαι
2490 2223 2809 2295 δυνάμενος,
2840 2224 2993 2294 φωνῇ
3026 2222 3101 2287 ὡς
3150 2219 3265 2301 εἶχε
3301 2222 3544 2294 μεγάλῃ,
3570 2223 3663 2292 τὴν
3697 2219 3818 2273 ἑτοί-

2270 2335 2376 2389 μην
2434 2315 2705 2387 βοήθειαν,
2740 2315 2840 2384 τὴν
2896 2315 3108 2386 ἄμαχον
3150 2313 3409 2384 δύναμιν,
3445 2314 3543 2383 τὴν
3569 2314 3627 2366 οὐ
3651 2311 3822 2384 βραδύ-

2266 2429 2462 2468 νουσαν
2488 2410 2669 2483 χάριν,
2702 2409 2793 2463 τὸν
2818 2409 2912 2463 τοῦ
2938 2407 3073 2462 Θεοῦ
3118 2407 3434 2478 θεράποντα
3461 2406 3679 2477 Συμεὼν
3712 2407 3823 2459 ἒπε-

2268 2504 2503 2557 καλεῖτο.
2538 2502 2647 2557 Καὶ
2674 2501 2806 2566 ibi),
2833 2503 3022 2573 χεῖρας
3049 2499 3272 2571 ὑπέχων
3300 2502 3325 2553 ὲ
3342 2502 3535 2564 κεῖνος,
3574 2499 3664 2551 καὶ
3713 2495 3825 2550 ταύ-

2269 2613 2401 2669 ταις
2434 2595 2596 2648 αὑτὸν
2640 2593 2860 2656 ὑπτίαις
2915 2593 3229 2669 δεξάμενος..
3254 2593 3364 2646 κσέι
3402 2592 3578 2665 ὄρθιον
3626 2590 3826 2659 στήσας.

2272 2682 2404 2740 Εἶτα
2426 2683 2585 2738 πάλιν
2614 2683 2715 2755 δρᾷ
2742 2683 2842 2755 τὴν
2862 2682 2966 2751 γῆν
2992 2680 3134 2734 οὕτω
3167 2666 3525 2752 δίασχοῦσαν,
3552 2680 3624 2743 ὡς
3649 2682 3829 2734 ἀνακα-

2264 2772 2531 2844 λυφθῆναι
2589 2770 2687 2827 καὶ
2800 2771 2868 2826 τά
2921 2767 3150 2840 θεμέλια
3202 2770 3435 2841 ταύτης,
3470 2770 3622 2823 κλοιά
3666 2784 3720 2820 τε
3745 2765 3825 2818 τὸν

2274 2862 2465 2934 Ἀγιον
2491 2867 2600 2929 τοῖς
2624 2864 2843 2935 δαίμοσι
2876 2862 3191 2932 περιθέντα,
3219 2864 3367 2917 κατὰ
3394 2864 3492 2933 τῆς
3526 2861 3750 2916 ἀϐύσσου
3773 2875 3825 2912 τε

2273 2960 2471 3021 αὐτοὺς
2509 2954 2732 3023 ἀφέντα,
2763 2956 2860 3010 καὶ
2907 2954 3005 3027 τὴν
3055 2957 3158 3027 γῆν
3205 2955 3369 3020 αὖθις
3398 2955 3475 3019 ὠς
3500 2955 3560 3008 τὸ
3593 2950 3827 3022 ἀπαρχῆς

2275 3046 2652 3106 συνελθοῦσαν.
2700 3047 2889 3119 Ὀμὲν
2927 3046 3024 3101 οῦν
3064 3046 3325 3112 Ἰάκωϐος
3364 3042 3830 3113 τοιούτων-ἠξίωτο

2200 3169 2242 3226 c
2276 3142 2567 3213 θαυμάτων
2602 3141 2716 3211 ἅμα
2764 3140 2854 3193 καὶ
2880 3139 3167 3210 θεαμάτων
3191 3155 3205 3169 '
3241 3140 3303 3192 ὲν
3333 3137 3572 3208 τοσούτῳ
3600 3130 3655 3189 δὲ
3695 3133 3778 3187 καὶ
3807 3132 3831 3184 ὁ

2278 3228 2501 3305 Συμεὼν
2533 3232 2599 3284 τὶι
2647 3232 2727 3294 είς
2763 3232 2969 3283 ἐκεῖνον
2998 3230 3119 3303 θείᾳ
3160 3230 3389 3301 δυνάμει
3424 3230 3689 3299 γενόμενα
3713 3224 3832 3295 πρὸς

2274 3325 2375 3396 τὴν
2407 3316 2742 3393 ἀδελφότητα
2795 3319 3014 3392 διεξῄει,
3061 3320 3229 3374 Οὔπω
3283 3320 3439 3383 τέλος
3477 3317 3622 3388 αὑτῷ
3650 3312 3783 3385 εἶχεν
3806 3310 3832 3363 6

2276 3420 2453 3487 λόγος,
2493 3416 2584 3468 καὶ
2602 3414 2955 3483 ἅςικνοῦνταί
2980 3430 3123 3475 τινες
3151 3411 3258 3465 τῶν
3286 3408 3679 3482 πλησιοχώρων
3699 3402 3832 3475 αὐτῷ

2288 3510 2550 3581 Ἰακώϐῳ,
2576 3509 2855 3579 θαύματος
2901 3506 3090 3576 μεστοὶ
3133 3507 3234 3569 τὰς
3280 3508 3486 3577 ψυχάς,
3512 3506 3733 3577 χάριτάς
3781 3514 3832 3550 τε

2276 3601 2542 3673 τοσαύτης
2566 3600 2884 3671 εὐεργεσίας
2914 3597 3332 3669 ὁμολογοῦντες,
3376 3599 3472 3652 καὶ
3528 3597 3714 3665 σαφεῖς
3741 3589 3834 3645 τῶν

2276 3693 2661 3764 γεγενημένων
2686 3691 2932 3760 ἄγγελοι.
3256 3746 3271 3767 ἱ

2350 3789 2458 3851 ιμ’.
2490 3783 2771 3855 Προσῆλθέ
2800 3801 2885 3845 τις
2937 3780 3012 3852 τῷ
3052 3781 3221 3850 Ἀγίῳ
3266 3780 3496 3846 λεπρὸς,
3530 3778 3621 3833 καὶ
3643 3777 3736 3846 (μή
3767 3786 3837 3835 τις

2281 3878 2429 3945 ἡμᾶς
2456 3875 2761 3946 ὲπιτιμάτω
2793 3875 2891 3944 τῆς
2918 3872 3200 3943 ἀπονοίας)
3228 3871 3308 3937 ὣς
3336 3889 3471 3925 ποτε
3503 3872 3595 3924 καὶ
3635 3867 3709 3940 τῷ
3744 3867 3837 3933 Ἰη-

2284 3963 2378 4016 σοῦ
2431 3963 2501 4016 τὰ
2550 3964 2689 4021 αὐτά
2739 3979 2799 4016 τε
2854 3961 3225 4031 φθεγγόμενος
3261 3961 3488 4031 ἐκείνῳ,
3524 3954 3835 4026 Ἐὰνθέλῃς.

2280 4053 2504 4107 δύνασαί
2556 4070 2624 4123 με
2673 4050 2992 4123 καθαρίσαι,
3023 4051 3122 4105 καὶ
3171 4049 3312 4121 μετὰ
3344 4050 3446 4119 τῆς
3505 4049 3626 4120 ῖσης
3650 4045 3839 4115 θέρμης

2281 4145 2375 4199 καὶ
2407 4145 2660 4208 πίστεως.
2698 4144 2840 4213 Πρὸς
2880 4141 2992 4196 δνοό
3029 4141 3120 4196 τοῦ
3169 4140 3307 4194 Θεοῦ
3362 4141 3550 4203 δοῦλος
3606 4136 3748 4196 ἰδὼν.
3776 4130 3844 4201 τῷ

2279 4251 2339 4288 τε
2398 4235 2585 4305 οἰκείῳ
2636 4233 2903 4305 Δεσπότῃ,
2934 4230 3137 4285 δυνατὰ
3183 4230 3261 4300 τῷ
3328 4229 3642 4284 πιστεύοντι
3684 4225 3846 4278 πάντα

2272 4323 3008 4408 εἰπόντινθαρῥῆσας,ε)έλω,
3038 4323 3195 4393 φησὶ,
3226 4318 3629 4392 καθαρισθῆναί
3649 4305 3846 4381 σε,“άλλ⁹

2280 4402 2399 4487 ὥρα
2421 4431 2501 4468 σοι
2531 4412 2715 4467 λοιπὸν
2741 4413 2927 4466 οἶκαδε
2959 4406 3248 4474 ἀπελθεῖν,
3291 4412 3397 4464 καὶ
3424 4412 3453 4465 6
3502 4408 3699 4477 ἀγαθὸς
3732 4402 3848 4463 Θεός

599 4520 633 4559 e
656 4518 823 4558 cruce
850 4500 1114 4571 suspendi
1146 4499 1405 4568 dignatus
1429 4502 1536 4560 est,
1565 4492 1683 4561 ipse
1708 4506 1807 4561 per
1853 4492 2172 4549 immensam

2289 4525 2410 4578 μου,
2437 4509 2465 4559 6
2494 4507 2586 4559 καὶ
2616 4503 2836 4574 σταυρῷ
2866 4503 3253 4574 κρεμασθῆναι
3286 4502 3354 4555 δι’
3389 4502 3539 4572 ἡμᾶς
3593 4498 3691 4552 οὐκ
3724 4497 3851 4550 ἁπα-

602 4597 906 4651 bonitatcm
934 4603 1082 4648 tuam
1124 4600 1177 4645 te
1212 4589 1437 4643 inviset.
1471 4585 1646 4640 Dictis
1696 4582 1859 4639 ﬁdem
1911 4584 2179 4642 adhibens

600 4690 876 4766 leprosus,
902 4688 1129 4742 domum
1161 4682 1328 4745 redit,
1352 4689 1518 4749 atque
1541 4678 1632 4732 illa
1660 4689 1825 4733 nocte
1873 4678 2017 4748 (quae
2078 4679 2184 4735 lin-

600 4799 706 4855 gua
729 4773 1169 4837 misericordiam
1204 4779 1356 4825 tuam
1390 4767 1703 4831 annuntiet,
1736 4766 1965 4824 Domine
2012 4769 2179 4836 Deus,

601 4890 698 4930 rex
736 4869 990 4937 noster?)
1036 4860 1312 4932 conspicit
1346 4860 1605 4931 juvenem
1657 4859 1953 4929 quemdam
1996 4860 2181 4931 specie

600 4964 854 5035 fulgenti,
891 4959 1206 5014 dicentem:
1247 4950 1320 5007 Ut
1360 4948 1670 5016 credidisti,
1718 4949 1813 5006 ﬁat
1866 4951 1990 5006 tibi.
2045 4953 2179 5018 Quae

600 5056 772 5112 verba
803 5063 1058 5109 somnum
1077 5050 1442 5100 excusserunt
1473 5042 1706 5110 homini,
1728 5051 1784 5099 et
1834 5059 1959 5099 cum
1986 5060 2181 5101 somno

601 5147 852 5215 icpram;
895 5148 955 5197 et
984 5147 1135 5193 totus
1191 5136 1489 5192 mundatus
1529 5136 1655 5203 fuit,
1698 5152 1879 5207 praeco
1919 5137 2182 5209 potentiae

604 5233 807 5288 divinae
850 5244 911 5284 re
953 5228 1141 5299 potius
1217 5243 1379 5298 quam
1443 5227 1630 5283 verbis
1681 5227 1876 5283 factus.
1928 5228 2181 5299 Cumque

606 5321 759 5389 quod
790 5317 1131 5373 retribueret
1159 5332 1267 5372 non
1292 5318 1543 5385 haberet,
1595 5318 1992 5390 gratitudinem
2014 5319 2184 5373 animi

606 5408 895 5473 exhibuit;
942 5417 1279 5479 acceptoque
1322 5424 1549 5464 nummo
1586 5423 1779 5472 aureo,
1826 5406 2079 5463 recurrit
2116 5406 2184 5461 ad

2282 4596 2507 4665 ξιώσας,
2540 4598 2701 4661 αὐτός
2757 4613 2817 4649 σε
2871 4598 2937 4666 τῇ
2989 4594 3200 4665 μεγάλῃ
3228 4595 3521 4665 ἐπισκοπῇ
3542 4592 3640 4661 τῆς
3662 4585 3850 4645 οἰκείας

2280 4689 2649 4761 χρηστότητος
2680 4686 3060 4754 ἐπισκέψεται.
3091 4685 3315 4747 Τούτοις
3338 4686 3368 4736 6
3396 4684 3598 4754 λεπρὸς
3643 4674 3850 4734 πιστεύο

2286 4796 2404 4842 σας,
2434 4777 2717 4831 ἐπάνεισιν
2758 4776 2837 4840 είς
2850 4778 2939 4831 τδν
2953 4772 3101 4840 οἶκον
3122 4790 3136 4804 ’
3154 4773 3249 4829 καὶ
3275 4773 3376 4844 τῆς
3411 4772 3610 4837 νυκτὸς
3655 4768 3854 4831 ἐκείνης

2282 4870 2436 4943 (ποία
2486 4868 2726 4938 γλῶσσα,
2775 4867 2979 4937 Χριστὲ
3017 4865 3265 4936 βασιλεῦ,
3293 4864 3584 4934 ἐξαγγελεῖ
3620 4862 3688 4917 τὰ
3739 4856 3854 4923 ὲλέη

2292 4976 2385 5013 σου
2416 4956 2599 5029 ;)ὁρᾷ
2629 4955 2883 5027 λαμπρόν
2930 4973 3053 5010 τινα
3106 4957 3327 5010 νεανίαν
3360 4957 3423 5009 τὸ
3458 4951 3620 5019 εἶδος,
3649 4949 3856 5005 εἰπόντα

2288 5050 2459 5120 αὐτῷ,
2492 5049 2582 5112 Ὠς
2612 5041 3282 5119 ἐπίστευσας,-γενηθήτω
3317 5065 3425 5101 σοι.
3453 5047 3565 5099 Καὶ
3603 5043 3664 5096 τὸ
3715 5040 3855 5112 ῥῆμα

2286 5136 2380 5195 τὸν
2410 5140 2612 5211 λεπρδν
2642 5138 2930 5203 διῦπνίζει.
2967 5134 3077 5191 καῖ
3115 5138 3193 5210 τῷ
3245 5136 3403 5209 ὕπνῳ
3459 5127 3853 5203 ωναπῆλθενή

2289 5232 2467 5302 λέπρα
2491 5231 2627 5284 ’καὶ
2655 5229 2893 5302 καθαρὸς
2905 5229 3025 5293 ὅλος
3046 5224 3136 5300 ἦν,
3162 5230 3457 5301 πράγμασι
3478 5226 3681 5298 μᾶλλον
3704 5221 3736 5292 ἦ
3769 5217 3858 5292 ῥή-

2296 5331 2428 5391 μασι
2481 5317 2765 5391 κηρύττων
2795 5318 2895 5382 τὰς
2922 5318 3018 5372 τοῦ
3055 5319 3190 5372 Θεοῦ
3248 5320 3593 5382 δυναστείας.
3634 5308 3856 5368 Ἀντίδο-

2295 5427 2379 5463 σιν
2402 5411 2587 5464 τοίνυν
2620 5407 2827 5478 ἀγαθοῦ
2851 5409 3077 5463 τοσοῦδε
3111 5410 3186 5482 μὴ
3209 5410 3372 5482 ἔχων,
3397 5409 3553 5480 ὅμως
3576 5404 3674 5475 τῆς
3695 5395 3860 5473 ψυχῆς

612 5509 895 5568 sanctum;
921 5514 1054 5566 non,
1090 5508 1151 5555 ut
1188 5502 1362 5571 prius,
1420 5500 1576 5557 sanie
1620 5498 1880 5555 diffluens
1921 5515 1986 5555 ac
2034 5499 2172 5570 lepra

2291 5502 2507 5566 δεικνὺς
2560 5498 2661 5576 τῆν
2689 5496 3133 5573 εὐγνωμοσύνην,
3186 5500 3414 5574 χρυσίον
3456 5496 3659 5561 λαϐὼν,
3711 5487 3858 5561 φοιτᾷ

616 5589 1052 5658 contabescens,
1121 5591 1217 5647 sed
1266 5589 1615 5648 reviviscenti
1701 5589 2172 5661 reﬁorescentiqm

2292 5596 2444 5666 παρὰ
2499 5593 2590 5649 τὸν
2644 5592 2837 5663 ’Δγιον
2895 5588 3097 5660 αὖθις,
3152 5595 3250 5666 οὐχ
3302 5591 3379 5655 ὡς
3436 5589 3630 5662 πρώην
3681 5581 3872 5656 ίχῶρπ

685 5769 731 5806 ἰ’
773 5768 957 5826 Matth.
993 5790 1103 5837 vm,
1151 5773 1204 5825 2.
