4018 6390
175 340 326 405 3ῧ73

1218 344 1392 402 VITA
1436 346 1480 401 A
1523 341 1959 406 NlCEPlIORO
1998 343 2480 408 CONSCRII’TA.

3326 343 3465 407 3071

174 458 322 522 ζέων
358 459 470 513 καὶ
511 459 695 531 λέπρᾳ
733 456 1125 527 κατεσκληκὼς
1152 497 1168 521 ,
1199 456 1314 510 ἀλλ’
1340 451 1450 510 οἷον
1490 456 1792 510 ἀναϐεϐιω-

1898 457 2095 511 similis
2121 497 2135 517 .
2177 458 2455 528 quomodo
2490 472 2591 512 nec
2642 467 2914 528 Speratam
2958 456 3180 529 quidem
3235 457 3467 528 adeptus

173 550 294 614 κὼς
324 552 473 624 ἄρτι
502 554 597 606 καὶ
627 552 926 622 ἀναθήλας,
954 553 1101 611 ὅπως
1134 551 1230 621 τῆς
1257 551 1561 621 παραδόξου
1588 550 1793 619 ταύτης

177 643 397 705 ἰάσεως
458 643 651 713 τύχοι,
686 641 873 710 σαφῶς
925 639 1312 710 ἐξηγούμενος.
1382 642 1439 693 '0
1488 642 1545 697 δὲ
1591 642 1651 694 τὸ
1698 642 1796 710 μὲν

172 734 431 805 χρυσίον
475 735 616 788 κατὰ
663 734 727 787 τὸ
746 733 990 803 ,σύνηθες
1013 734 1074 785 οὐ
1120 734 1468 802 προσήκατο,
1500 732 1614 786 ἀλλ’
1649 735 1798 787 ἀντι·-

177 825 432 893 μισθίαν
475 824 667 896 ἱκανὴν
696 824 863 896 αὐτῷ
903 823 1038 895 πρὸς
1068 824 1201 875 Θεὸν
1224 821 1456 892 ,διηνεκῆ
1490 823 1799 893 παραγγέλ-

80 974 87 989 ,
173 914 259 967 λει
292 914 525 985 μᾶλλον
587 913 959 985 εὐχαριστίαν.
1000 911 1289 977 Ἰουλιανὸς
1338 911 1394 966 δὲ
1447 912 1558 968 τῶν
1611 913 1788 984 μαθη-

172 1008 287 1060 τῶν
335 1004 461 1072 εἷς,
489 1005 613 1059 νοῦν
671 1006 828 1076 ἔσχεν
858 1004 966 1058 ἀπὸ
1011 1004 1113 1073 τοῦ
1134 1004 1358 1074 χρυσίω
1382 1003 1565 1058 λαϐεῖν
1608 1019 1622 1033 ·
1651 1004 1792 1074 ὅπερ

172 1100 267 1153 τὸν
300 1101 473 1152 θεῖον
508 1097 731 1169 Συμεὼν
770 1099 883 1160 τοῖς
906 1096 1061 1150 ἔνδον
1093 1095 1393 1171 ὀφθαλμοῖς
1419 1097 1480 1149 ού
1520 1095 1790 1151 διαλαθόν·

176 1194 241 1245 Ei
277 1192 515 1262 βούλει,
537 1191 671 1261 πρὸς
701 1190 796 1244 τὸν
825 1185 1073 1262 μαθητὴν
1096 1190 1224 1259 ἔφη,
1248 1189 1394 1257 μετὰ
1423 1187 1518 1241 ,τοῦ
1569 1189 1794 1258 χρυσίου

179 1282 277 1336 καὶ
340 1282 458 1354 τὴν
497 1282 706 1352 λέπραν
757 1279 1070 1346 ἀναλαϐεῖν,
1098 1280 1172 1342 ὡς
1202 1278 1365 1346 Γιεξὴ
1410 1275 1508 1332 τοῦ
1537 1275 1792 1346 Ναιεμὰν

178 1376 414 1437 ἐκεῖνος
442 1415 459 1437 ,
496 1372 591 1426 καὶ
638 1373 840 1443 τρόπον
863 1372 1048 1443 ἕτερον
1072 1371 1239 1441 αὐτὴν
1262 1368 1654 1437 ἐξωνήσασθαι,
1691 1367 1790 1422 λαε-

180 1466 298 1519 ϐτῒγθ
374 1465 584 1533 μᾶλλον
636 1463 667 1534 ἢ
725 1463 1015 1519 δεδωκὼςι
1074 1460 1292 1513 Τούτων
1330 1460 1642 1513 ἀκούσαντα
1699 1458 1792 1510 τὸν

1899 549 2240 603 sanationem
2274 559 2421 603 esset
2485 547 2773 603 manifeste
2812 564 2878 604 ac
2924 550 3102 618 palam
3154 548 3464 620 divulgaus.

1898 636 2136 695 Sanctus
2172 655 2304 692 vero
2339 654 2534 694 aurum
2570 654 2727 694 more
2754 654 2855 695 suo
2912 655 3022 694 non
3074 640 3318 705 admisit,
3369 640 3466 694 sed

1896 744 1997 801 pro
2036 730 2479 785 remuneratione
2523 729 2688 801 digna
2750 741 3047 801 perpetuas
3093 731 3207 785 Deo
3261 731 3469 809 gratias

1895 819 2212 888 persolvere
2238 818 2493 890 injunxit.
2518 818 2776 874 Julianus
2809 834 2976 889 porro
3037 836 3180 874 unus
3226 820 3469 890 discipu-

1896 909 2097 974 lorum,
2128 908 2343 963 induxit
2381 908 2435 963 in
2462 909 2706 964 animum
2733 911 2982 981 accipere
3027 926 3220 965 aurum
3263 929 3277 964 :
3318 912 3466 980 quod

1906 1009 1963 1052 ut
1998 999 2246 1053 internos
2281 998 2566 1069 Symeonis
2584 1000 2774 1054 oculos
2805 1016 2915 1053 non
2944 1000 3126 1064 latuit,
3172 1001 3247 1053 ait
3300 1001 3466 1054 disci-

1897 1089 2057 1160 pulo:
2089 1089 2257 1145 Visne
2290 1106 2415 1145 eum
2460 1105 2596 1147 auro
2635 1091 2799 1145 simul
2832 1100 2889 1146 ct
2948 1091 3157 1160 lepram
3191 1093 3462 1160 accipere,

1899 1180 2125 1236 utGiezi
2152 1181 2243 1236 ille
2274 1180 2483 1252 lepram
2502 1180 2713 1245 Naami,
2746 1179 2931 1234 etalio
2951 1179 3112 1233 modo
3144 1178 3290 1232 illam
3319 1179 3466 1231 redi-

1897 1287 2046 1328 mere
2065 1313 2079 1339 ,
2105 1270 2457 1341 danspotius
2470 1286 2633 1339 quam
2668 1268 2982 1338 accipiens?
3014 1270 3109 1324 llis
3128 1268 3331 1324 auditis
3355 1284 3462 1322 non

1901 1363 2065 1417 modo
2089 1361 2376 1419 .abstinuit
2412 1360 2714 1429 discipulus
2763 1359 2854 1414 ille
2883 1400 2897 1424 ,
2935 1359 3031 1414 sed
3080 1361 3294 1414 veniant
3326 1374 3466 1429 quo-

1900 1471 2006 1524 que
2036 1453 2496 1525 concupiscentiae
2530 1468 2643 1507 suae
2667 1450 2814 1507 illico
2844 1452 3024 1521 petiit,
3054 1463 3109 1506 et
3137 1450 3368 1521 accepit.

172 1563 469 1636 μαθητὴν
493 1559 1156 1637 ὀὐκάποσλέσθαι-μὸνον,
1176 1558 1311 1612 ἀλλὰ
1342 1556 1430 1610 καὶ
1460 1552 1792 1625 συγγνώμην
1823 1550 1982 1614 εὐθὺς
2004 1551 2223 1621 αἰτῆσαι
2249 1550 2340 1603 τοῦ
2377 1550 2760 1620 ἐοθυμήματος
2793 1552 2888 1605 καὶ
2927 1550 3133 1602 ὶαϐεῖν.

1633 1670 1883 1728 .CAPUT
1902 1668 2030 1725 ΚΠ.

613 1795 1016 1851 ᾞοηαειετὶιιηι
1071 1795 1299 1849 monitus
1343 1812 1375 1848 a
1431 1794 1536 1848 Deo
1574 1787 2299 1855 exstruitmqtmmimpetrat
2349 1803 2412 1840 ac
2454 1786 2743 1839 diutissime
2789 1796 3081 1840 conservat.

232 1917 390 1988 ἰιβῆ
432 1917 511 1969 Τὸ
548 1915 730 1985 μέντοι
756 1914 902 1986 ὅρος,
933 1915 991 1967 ὲν
1031 1907 1075 1982 ᾧ
1110 1912 1210 1985 τὴν
1245 1912 1468 1984 ἀγωγὴν
1506 1915 1532 1964 ὁ
1562 1909 1788 1979 Συμεὼν

1966 1907 2054 1961 92.
2117 1905 2391 1960 Caeterum
2450 1920 2608 1960 mons
2666 1905 2719 1959 in
2752 1921 2860 1975 quo
2921 1906 3157 1977 Symcon
3211 1907 3464 1978 degebat,

176 2004 801 2080 ⁷ἒποιεῖτο,’ἔρημος’ἦν
825 2007 1087 2078 ἀτεχνῶς,
1116 2008 1216 2077 οὐχ
1246 2004 1464 2068 ὓδατος,
1507 2006 1607 2057 οὐκ
1635 2003 1794 2057 ἄλλου

176 2106 345 2177 πρὸς
383 2103 456 2156 τὰ
490 2101 760 2170 ἀναγκαῖά
804 2116 946 2164 τινος
978 2100 1265 2171 εύποροῦν,
1295 2098 1375 2152 ὃτι
1408 2098 1484 2169 μὴ
1528 2097 1793 2166 καλύϐης,

188 2199 291 2250 καὶ
350 2194 564 2265 ταύτης
609 2194 757 2263 μιᾶς,
785 2192 866 2263 ’ἢν
917 2193 968 2245 οί
1013 2190 1258 2262 μαθηταὶ
1308 2189 1533 2261 μετρίαν
1581 2191 1796 2251 ἑαυτοῖς

174 2288 490 2357 ἲπήξαντο
549 2285 794 2354 σκέπην·
848 2282 1009 2346 αὐτὸς
1049 2282 1158 2352 γὰρ
1198 2282 1291 2333 ἐπὶ
1323 2281 1423 2350 τῆς
1462 2282 1688 2351 πέτρας,
1720 2280 1796 2344 ὡς

170 2373 466 2445 κὶμνήσθη
477 2390 597 2444 μεν,
617 2375 675 2425 ἐν
693 2371 946 2441 ὑπαίθρῳ
964 2371 1234 2441 εἱστήκει,
1254 2369 1593 2441 δερματίνην
1613 2373 1800 2442 μηλω-

184 2470 299 2540 τὴν
317 2469 743 2537 περικείμενος.
760 2465 915 2519 Ἐπεὶ
926 2465 983 2518 δὲ
1005 2464 1176 2518 πολλὰ
1188 2462 1531 2533 πανταχόθεν
1545 2465 1799 2535 συνέρρει

188 2552 349 2622 «pb;
402 2550 567 2603 αὐτὸν
600 2549 872 2603 ἑκάστοτε
906 2551 1108 2620 πλήθη,
1143 2551 1205 2604 οὐ
1240 2552 1510 2621 πνεύμασι
1540 2554 1796 2622 πονηροῖς

184 2644 400 2713 μόνον,
457 2641 594 2693 ἀλλά
640 2640 735 2693 καὶ
770 2640 1135 2704 παντοδαποῖς
1174 2640 1424 2708 σώματος
1473 2641 1670 2694 πάθεσι
1701 2640 1795 2692 καὶ

191 2734 390 2795 νόσοις
414 2733 870 2802 κατειλημμένων
895 2731 1108 2802 (ἐπίεζε
1135 2733 1193 2785 δὲ
1227 2734 1423 2798 αὐτοὺς
1450 2735 1488 2804 δή
1516 2750 1575 2785 τε
1604 2732 1794 2801 ἄθριλος

188 2822 441 2892 ἐρημία,
478 2824 626 2893 καὶὴ
664 2821 770 2874 τῶν
787 2822 1094 2891 ἀναγκαίων
1114 2824 1310 2890 ἔνδεια,
1342 2826 1438 2877 καὶ
1466 2826 1526 2879 τὸ
1553 2826 1794 2896 ἐσχάτως

195 2916 445 2985 ενυδρὸν
490 2932 551 2967 τε
590 2916 688 2969 καὶ
702 2915 983 2984 ἄστεγον),
1015 2918 1043 2968 ὀ
1074 2918 1250 2981 κοινὸς
1289 2919 1383 2971 καὶ
1413 2906 1794 2989 φῖλάνορωπος

192 3011 472 3064 ἁπάντων
526 3011 763 3080 {locuti};
814 3012 907 3064 καὶ
963 3011 1153 3083 Πατὴρ
1192 3014 1292 3066 καὶ
1334 3014 1629 3086 Δεσπότης,
1667 3014 1694 3064 ὁ
1726 3015 1789 3083 τῇ

188 3099 360 3170 «ἰσχύϊ
394 3098 562 3151 αὐτοῦ
603 3103 673 3170 τῇ
720 3099 952 3172 μεγάλῃ,
984 3103 1077 3153 καὶ
1109 3100 1187 3171 τῷ
1222 3100 1477 3173 βραχίονι
1523 3101 1686 3155 αὐτοῦ
1717 3102 1794 3173 τῷ

183 3190 403 3262 ὑψηλῷ
444 3191 623 3244 πάντα
653 3192 846 3255 ποιῶν,
870 3194 898 3245 ὁ
934 3192 1106 3262 μέγας
1133 3195 1199 3265 τῇ
1230 3193 1396 3265 βουλῇ
1442 3195 1535 3247 καὶ
1566 3194 1793 3259 δυνατὸς

196 3286 319 3345 τοῖς
370 3281 577 3352 ἔργοις,
606 3283 635 3336 ὁ
674 3282 830 3346 εἰδὼς
874 3277 948 3336 ὧν
990 3281 1182 3355 χρείαν
1202 3284 1428 3356 ἔχομεν,
1474 3284 1571 3339 καλ
1608 3286 1700 3356 ἀφ’
1735 3279 1796 3340 οὗ

200 3372 662 3444 ἁποκρυὸήσεται
711 3373 884 3437 οὐδὲν,
932 3368 1086 3437 οὗτος
1147 3376 1241 3428 καὶ
1290 3373 1386 3427 νῦν
1443 3375 1521 3447 τῷ
1574 3375 1798 3445 Συμεὼν

203 3464 539 3533 παραδόξως
567 3463 776 3532 ὀφθείς·
812 3464 924 3534 Οὐχ
961 3461 1092 3537 ὁρᾷς
1120 3465 1218 3536 τὴν
1248 3466 1570 3536 ὀλιγὸψυχον
1595 3467 1799 3538 ταύτην

207 3557 425 3625 γενεὰν,
454 3555 582 3626 ἔφη,
611 3557 760 3619 ὅπως
783 3556 1039 3620 ἀδύνατος
1065 3559 1246 3622 αὐτοῖς
1274 3538 1305 3627 ἦ
1338 3559 1572 3615 ἐνταῦθα
1597 3560 1798 3630 διατρι-

187 3649 297 3718 6ὴ,
325 3651 403 3719 μὴ
421 3650 734 3722 προσόντων
762 3650 871 3703 τῶν
900 3653 1039 3705 κατὰ
1067 3653 1291 3723 χρείανς
1329 3653 1488 3707 Ἀλλὰ
1511 3654 1641 3725 παρ’
1661 3654 1795 3725 ἐμοῦ

196 3742 384 3794 ταῦτα
416 3743 514 3794 καὶ
555 3743 708 3795 αὐτοὶ
732 3742 1192 3814 κομιοῦνταικκαὶ
1222 3746 1286 3799 σὺ
1311 3745 1652 3816 πραγμάτων
1680 3747 1795 3801 δια-

196 3832 398 3901 εμενεῖς
420 3831 722 3904 ἐλεύθερος,

252 4097 388 4163 “ι,γ’.
429 4094 650 4148 Τούτων
688 4096 930 4159 ἀκούσας
975 4097 1253 4174 μακαρίας
1297 4098 1470 4168 ἀκοῆς
1506 4101 1723 4173 ἐκείνης
1765 4104 1794 4157 ὁ

198 4183 454 4255 Συμεὼν.
487 4186 588 4256 ὁρᾷ
612 4186 774 4239 οίονεί
803 4203 855 4239 τι
893 4188 1090 4259 μέτρον
1116 4189 1414 4259 κατέχοντα
1445 4192 1626 4261 χερσὶν
1657 4194 1793 4262 Ἀγ-

203 4276 385 4342 γελον,
418 4277 512 4330 καὶ
547 4276 615 4329 τὰ
650 4274 744 4328 τοῦ
774 4278 1137 4347 μοναστηρίου
1170 4280 1266 4332 καὶ
1296 4278 1404 4332 τῶν
1433 4283 1491 4333 ἐν
1524 4280 1672 4352 αὐτῷ
1702 4300 1795 4336 σε-

208 4366 458 4436 ϐασμίων
481 4368 626 4420 ναῶν
652 4367 1077 4439 διαχαράττοντα
1104 4369 1246 4442 ἴχνη,
1274 4371 1504 4441 νεφέλην
1529 4390 1588 4424 τε
1614 4358 1791 4441 φωτὸς

206 4457 323 4510 ὅλον
358 4458 421 4510 τὸ
454 4456 771 4527 θαυμαστὸν
796 4458 1120 4527 καλύψασαν
1147 4461 1291 4527 ὅρος,
1325 4462 1417 4514 καὶ
1445 4463 1507 4515 τὸ
1532 4462 1624 4515 τοῦ
1650 4463 1787 4517 Θεοῦ

1899 1999 2054 2054 locus
2094 2007 2227 2052 erat
2280 1997 2534 2052 desertus
2601 1998 2971 2067 incultusque,
3039 2016 3149 2064 non
3185 2001 3253 2054 ab
3300 2017 3464 2070 aqua.

1900 2100 2067 2155 tecto,
2103 2091 2278 2146 aliave
2302 2106 2359 2144 re
2404 2090 2475 2143 ad
2528 2089 2695 2143 vitam
2748 2091 3065 2144 necessaria
3122 2091 3465 2160 instructus;

1898 2182 2254 2251 tuguriolum,
2280 2180 2443 2249 idque
2468 2179 2719 2243 unicum,
2747 2179 3005 2245 habebat,
3031 2180 3177 2250 quod
3208 2181 3467 2253 discipuli

1897 2271 2004 2327 sibi
2062 2270 2333 2341 refugium
2408 2285 2517 2323 non
2589 2271 2831 2338 amplum
2890 2282 3465 2341 coagmentaverant:

1897 2361 2133 2433 Symeon
2167 2362 2392 2431 quippe,
2414 2369 2473 2414 ut
2501 2376 2666 2428 supra
2696 2360 3071 2424 meminimus,
3104 2362 3156 2415 in
3187 2371 3347 2432 petra
3369 2377 3469 2418 sua

1901 2454 2004 2508 sub
2036 2453 2129 2507 dio
2162 2463 2313 2507 stans
2349 2452 2708 2522 perennabat,
2764 2452 3009 2521 pellicere
3056 2454 3270 2507 melotze
3313 2454 3472 2508 invo-

1895 2546 2063 2600 lutus.
2093 2545 2288 2599 Postea
2321 2557 2455 2596 vero
2507 2557 2632 2596 cum
2689 2528 2837 2595 omni
2889 2559 2958 2596 ex
3005 2553 3160 2612 parte
3207 2544 3469 2614 frequens

1897 2636 2057 2690 turba
2085 2634 2331 2705 quotidie
2362 2634 2430 2688 ad
2468 2634 2651 2704 ipsum
2682 2635 2989 2690 conﬂueret
3012 2637 3321 2701 hominum,
3351 2647 3465 2692 tum

1884 2723 2636 2794 amalignisspiritibus,tum
2659 2724 2728 2778 a‘b
2756 2725 2937 2779 omnis
2979 2727 3201 2796 generis
3253 2729 3465 2783 morbis

1897 2831 1961 2871 ac
1983 2816 2289 2879 doloribus,
2313 2828 2719 2886 correptorum,
2745 2819 3085 2888 miserosque
3103 2819 3223 2874 illos
3245 2821 3469 2890 excipe-

1898 2915 1983 2959 ret
2013 2915 2121 2959 tam
2209 2906 2521 2963 inamabilis
2544 2922 2785 2973 eremus,
2812 2923 2998 2961 rerum
3037 2912 3469 2964 necessariarum

1898 2999 2151 3069 penuria,
2185 2998 2433 3052 defectus
2457 3013 2612 3068 aqua:
2646 3015 2711 3053 ac
2741 2999 3010 3053 domicilii
3037 3018 3050 3061 ;
3077 3001 3386 3055 communis
3408 3017 3472 3055 ac

1898 3091 2201 3147 benevolus
2223 3091 2470 3144 omnium
2503 3090 2756 3155 Creator,
2780 3092 2941 3144 Pater
2989 3100 3152 3161 atque
3184 3092 3470 3158 Dominus,

1899 3182 1995 3252 qui
2025 3181 2270 3252 potentia
2302 3196 2398 3235 sua
2431 3164 2700 3245 imntensa
2721 3190 2775 3235 et
2806 3182 3036 3237 brachio
3081 3183 3301 3237 sublimi
3356 3200 3473 3238 mo-

1903 3273 2130 3328 deratur
2155 3272 2432 3335 universa,
2477 3287 2708 3342 magnus
2771 3273 2862 3327 il-lc
2908 3274 3142 3329 consilio
3186 3283 3242 3329 et
3274 3284 3474 3345 potens

1902 3379 2093 3435 opere,
2117 3363 2210 3433 qui
2242 3379 2352 3417 non
2387 3362 2623 3434 ignorat,
2661 3364 2864 3433 quibus
2884 3381 2985 3419 nos
3036 3366 3354 3423 homunculi
3387 3367 3475 3420 in-

1901 3454 2208 3525 digeamus,
2240 3453 2445 3523 quique
2472 3454 2610 3507 nillil
2646 3454 2899 3524 ignorare
2937 3467 3155 3525 potesz;
3215 3458 3311 3511 ille
3360 3456 3477 3528 ipse

1899 3545 1992 3599 hic
2031 3558 2253 3614 quoque
2286 3542 2545 3614 Symeoni
2578 3560 2890 3614 apparens:
2929 3547 3121 3601 Nonne
3165 3548 3340 3615 vides,
3389 3549 3476 3603 in-

1899 3637 2041 3706 quit,
2075 3652 2240 3705 quam
2268 3635 2508 3706 pendeat
2542 3637 2743 3691 animis
2781 3637 2897 3692 haec
2921 3639 3079 3692 turba
3101 3640 3302 3709 ?quam
3332 3630 3475 3710 aegre

1898 3730 1991 3784 hic
2017 3729 2217 3783 morari
2242 3728 2488 3800 possint,
2517 3728 2903 3785 deﬁcientibus
2928 3733 3206 3799 omnibus,
3240 3750 3361 3803 quae
3398 3737 3468 3791 ad

1898 3820 2024 3875 vitae
2048 3835 2205 3874 usum
2239 3818 2483 3874 faciunt?
2513 3819 2714 3874 Verum
2765 3820 2955 3876 isthzee
2990 3823 3099 3893 jam
3139 3838 3169 3877 a
3211 3839 3298 3879 me
3341 3825 3475 3895 ipsis

1896 3910 2431 3982 suppeditabuntur;
2466 3919 2524 3965 et
2565 3922 2621 3966 tu
2671 3912 2832 3968 deses
2875 3930 3206 3985 permanens
3248 3934 3472 3975 marum

1896 4005 2051 4076 operi
2077 4019 2187 4058 non
2225 4003 2569 4058 admovebis.
3296 4002 3309 4011 “

1965 4098 2054 4154 95.
2092 4080 2378 4153 Βεειαῖιιτι
2402 4110 2536 4149 voce
2558 4095 2813 4165 dignatus
2834 4096 3090 4170 Symeon,
3120 4101 3473 4171 conspicatur

1895 4189 2053 4259 quasi
2082 4189 2334 4259 angelum
2370 4203 2644 4242 mensurae
2674 4187 2933 4256 quiddam
2980 4191 3235 4247 manibus
3262 4203 3471 4260 tenere,

1895 4289 1951 4334 et
2010 4279 2330 4333 monasterii
2381 4288 2855 4349 augustorumque
2910 4282 3235 4351 templorum
3300 4285 3314 4338 i
3403 4302 3473 4339 (ο

1894 4372 2288 4429 struendorum
2322 4371 2603 4426 delincare
2640 4372 2901 4443 vestigia;
2949 4376 3300 4444 conspicatur
3340 4394 3466 4448 quo

1893 4482 2001 4537 que
2046 4465 2249 4519 nubem
2279 4464 2544 4529 lucidam,
2581 4480 2703 4534 quae
2751 4462 2994 4521 montem
3028 4476 3203 4521 totum
3245 4470 3475 4525 mirabi-

3474 2593 3497 2625 ᾖ

207 4550 431 4620 Πνεῦμα
455 4553 513 4603 ὲν
544 4549 850 4620 ὁμοιώματι
887 4552 1071 4623 χειρὸς
1091 4553 1159 4607 τὰ
1183 4554 1308 4607 ’ὑπὸ
1342 4558 1408 4626 τῇ
1442 4555 1641 4629 νεφέλῃ
1672 4556 1784 4608 δει-

1898 4558 2000 4612 lem
2026 4556 2263 4628 tegebat,
2293 4571 2510 4629 necnon
2536 4555 2803 4625 Spiritum
2829 4557 2923 4611 Dei
2969 4557 3024 4612 in
3056 4558 3227 4613 forma
3258 4576 3478 4633 manus,

204 4641 366 4695 κνύον
387 4659 401 4672 ·
428 4642 527 4695 καὶ
551 4642 635 4694 ὅτι
661 4642 846 4696 Ταῦτα
871 4645 1025 4697 ἔσται
1061 4661 1144 4697 σοι
1177 4644 1376 4708 πάντα,
1407 4648 1562 4716 λέγον
1592 4647 1751 4719 αὐτῷ
1768 4691 1783 4714 ,

206 4734 283 4798 εἰς
321 4734 630 4805 ὑπουργίαν
657 4735 765 4788 τῶν
792 4735 920 4807 τῇδε
949 4739 1120 4790 οἰκεῖν
1163 4755 1222 4791 τε
1266 4739 1364 4793 καὶ
1404 4740 1784 4805 ἐπιξενοῦσθαι

210 4826 532 4894 μελλόντων.
558 4826 866 4894 Μεγαλυνῶ
888 4827 998 4899 γὰρ
1022 4829 1116 4882 ἐπὶ
1140 4830 1267 4900 ἔθνη
1302 4832 1395 4883 καὶ
1429 4831 1667 4898 βασιλεῖς
1690 4832 1784 4886 καὶ
1812 4836 1819 4849 ‘

210 4918 543 4988 μεγιστᾶνας
600 4918 662 4972 τὸ
708 4919 882 4988 ὄνομά
936 4938 1053 4986 σου,
1095 4923 1187 4975 καί
1216 4941 1310 4976 σου
1355 4924 1561 4995 τούτων
1599 4925 1785 4979 πολλοὶ

206 5009 560 5080 δεηθήσονται
585 5025 599 5039 ·
630 5006 751 5064 εἶτα
778 5012 875 5065 καὶ⁵
904 5012 1073 5066 πολλὰ
1107 5014 1284 5084 πλήθη
1311 5014 1583 5085 διαφόρων
1614 5016 1783 5069 ἐθνῶν

206 5103 355 5173 αὐτῷ
418 5101 730 5167 ύπεδείκνυ,
771 5103 1109 5173 πανταχόθεν
1154 5108 1235 5168 είς
1295 5092 1458 5160 αὐτὸν
1510 5110 1778 5161 συνιόντα.

207 5195 426 5258 Τούτοις
453 5194 893 5265 πληροφορηθεὶς
921 5194 1022 5266 τὴν
1048 5196 1280 5267 καρδίαν
1301 5201 1330 5251 ὁ
1363 5200 1606 5269 Συμεὼν,
1634 5201 1782 5255 εὗδο-

209 5287 325 5341 κίαν
370 5283 512 5340 εἶναι
562 5285 699 5340 Θεοῦ
730 5287 994 5357 συστῆναι
1035 5290 1164 5360 περὶ
1198 5291 1362 5344 αὐτὸν
1398 5296 1778 5364 μοναστήριον,

210 5379 299 5432 καὶ
333 5376 536 5440 ἱκανῶς
588 5378 683 5429 ἐπὶ
714 5377 882 5431 πᾶσιν
919 5379 1341 5450 εὐχαριστήσας,
1373 5382 1641 5453 ἐπέτρεψε
1675 5387 1785 5449 τοῖς

213 5469 475 5540 μαθηταῖς
505 5470 668 5524 πάλιν
704 5463 860 5534 οὗτος
889 5471 1033 5525 κατὰ
1068 5475 1160 5526 τὸν
1208 5473 1592 5546 ύποδειχθέντα
1628 5479 1790 5530 τόπον

210 5560 365 5613 τοῦτο
397 5560 742 5631 διαχαρὰξαι.

194 5742 203 5752 '
278 5734 381 5800 ne.
416 5736 524 5789 Καὶ
556 5736 615 5789 τὸ
655 5736 754 5807 μὲν
798 5738 940 5792 κατὰ
965 5697 1073 5809 τὴν
1115 5740 1310 5812 ἐκείνῳ
1355 5746 1617 5810 φανεῖσαν
1662 5744 1786 5814 ὄψιν

1893 4665 1957 4704 ea
1988 4663 2111 4720 quae
2137 4647 2241 4702 sub
2265 4645 2412 4700 nube
2434 4655 2596 4700 erant
2623 4647 3027 4713 ostendentem,
3058 4650 3471 4722 dicentemque:

1894 4741 2021 4796 llaec
2049 4739 2233 4794 omnia
2277 4738 2374 4792 tibi
2421 4746 2589 4793 erunt
2622 4738 2678 4791 in
2732 4739 3042 4793 subsidium
3083 4740 3324 4808 illorum,
3376 4745 3470 4813 qui

1894 4831 2290 4901 commoraturi
2315 4831 2407 4905 hic
2442 4839 2538 4884 aut
2570 4830 3050 4900 hospitaturisunt
3074 4850 3089 4897 ;
3114 4833 3470 4904 magniﬁeabo

1891 4926 2095 4996 quippe
2127 4939 2329 4980 nomen
2360 4932 2512 4978 tuum
2543 4920 2688 4993 apud
2718 4934 2910 4993 gentes
2933 4933 2989 4979 et
3037 4941 3193 4996 reges
3228 4941 3285 4982 et
3325 4933 3469 4996 ομι-

1893 5024 2102 5080 mates;
2129 5022 2186 5069 et
2212 5014 2365 5068 multi
2402 5014 2599 5068 horum
2628 5014 3017 5083 supplicabunt
3048 5016 3167 5071 tibi.
3201 5018 3330 5075 Post
3353 5020 3469 5077 haec

1890 5107 2238 5162 diversorum
2307 5105 2635 5175 populorum
2714 5107 3124 5164 multitudinem
3190 5111 3465 5183 ingentem

1893 5198 2253 5263 monstrabat,
2277 5197 2523 5266 undique
2559 5196 2626 5251 ad
2655 5196 2833 5266 ipsum
2867 5207 3277 5268 properantem.
3304 5201 3466 5264 Hisce
3522 5220 3529 5235 ι

1891 5291 2119 5345 omnino
2167 5305 2467 5360 persuasus
2525 5288 2783 5360 Symeon,
2841 5289 3101 5359 placitum
3158 5294 3273 5349 Deo
3322 5311 3465 5358 esse.

1890 5390 1951 5434 ut
1980 5378 2376 5434 monasterium
2413 5379 2559 5433 circa
2587 5378 2766 5448 ipsum
2802 5389 3255 5439 eonstrueretur:
3290 5388 3468 5440 maxi-

1888 5476 1995 5530 mis
2023 5476 2102 5530 illi
2141 5476 2332 5548 gratiis
2378 5477 2694 5548 persolutis,
2728 5477 3007 5533 commisit
3051 5480 3341 5551 discipulis
3374 5498 3471 5537 cu-

1888 5581 2003 5620 ram
2028 5566 2177 5623 illius
2189 5568 2345 5638 juxta
2373 5551 2652 5624 ostensam
2675 5568 2903 5624 formam
2925 5568 3252 5641 designandi
3277 5590 3290 5638 ;
3313 5574 3466 5644 juxta

1884 5672 2046 5726 quam
2075 5667 2133 5713 et
2164 5659 2404 5728 positum
2434 5668 2538 5716 est.
3149 5710 3164 5731 ,

1956 5750 2065 5803 95."
2099 5751 2244 5808 Deus
2304 5753 2553 5819 interea,
2602 5755 2696 5824 qui
2756 5769 2816 5809 se
2866 5744 3478 5825 SymeoniFCVClal'Crili
