4018 6392
145 324 278 389 ειη
1195 312 1366 373 VITA
1410 310 1452 368 Α
1494 302 1933 367 NICEPHORO
1968 296 2434 362 CONSCBIPTA
3062 356 3067 363 ,
3312 284 3457 355 3οη

145 438 319 495 δεῖται
369 433 485 505 μὲν
532 430 627 488 καί
658 430 820 487 πάλιν
854 427 1016 499 αὑτὸς
1047 423 1141 477 τοῦ
1170 424 1226 475 ὲν
1255 420 1409 485 ὕδασι
1440 420 1512 473 τὰ
1548 416 1773 487 ὑπερῷα

1893 415 2110 479 stabilit,
2147 414 2506 484 deprecatur:
2552 424 2607 466 et
2634 417 2926 465 cataracta:
2979 407 3199 462 illorum
3257 418 3460 477 aperta:

148 525 558 595 στεγάζοντος,
583 522 742 594 θύραι
776 521 832 574 δὲ
855 517 1085 592 ούρανοῦ
1108 513 1470 584 ἀνεῴγνυντο,
1498 511 1591 565 καὶ
1616 508 1768 571 ὑετὸς

1893 518 2022 574 :unt,
2050 516 2103 563 et
2133 507 2316 577 pluvia
2350 516 2649 576 utrumque
2671 503 2851 559 lacum
2898 500 3242 570 adimplevit.

145 620 475 688 ἑκατέρους
506 617 709 676 αὐτοὺς
739 613 939 676 εὐθέως
968 610 1233 679 ἐπλήρου.

208 712 322 779 ιιζι.
368 714 447 765 Ol.
504 711 687 780 μέντοι
726 706 965 779 μαθηταὶ
1020 702 1141 756 καθ’
1203 700 1451 761 ἑαυτοὺς,
1479 696 1616 751 ἀλλά
1676 696 1772 749 καὶ

147 804 287 875 πρὸς
315 803 615 875 ἀλλήλους
638 800 1005 864 ἐνδοιάζοντες
1028 791 1194 865 ἦσαν,
1218 796 1265 848 εἰ
1290 792 1436 857 ἅπαξ
1469 790 1613 843 οὓτω
1634 789 1772 856 πλη-

151 896 451 968 ρωθέντες
498 896 553 948 οἱ
602 894 837 956 λάκκοι,
873 889 1106 959 πλήθεσι
1141 885 1416 946 τοσούτοις
1454 883 1551 935 καὶ
1598 879 1769 941 οὕτως

146 987 411 1058 ἀριθμοῦ
448 987 765 1057 κρείττοσιν
800 982 885 1051 ἐφ’
921 981 1106 1035 ἰκανὸν
1146 978 1377 1050 ἀρκέσαι
1426 976 1768 1043 δυνήσονται.
1794 1026 1817 1038 ,

150 1078 323 1133 Τοῦτο
397 1080 461 1133 δὲ
515 1066 714 1149 γνόντα
750 1076 843 1129 τὸν
875 1075 1065 1141 Ἀγιον
1092 1072 1190 1127 ἕνα
1224 1069 1453 1123 καλέσαι
1490 1065 1597 1120 τῶν
1619 1064 1774 1118 ἀδελ-

152 1172 263 1243 ςῷν
296 1173 373 1224 ἐν
414 1171 643 1242 ἐπηκόῳ
672 1169 911 1234 πάντων,
953 1164 1239 1220 ’Λντώνιον
1268 1162 1460 1232 ὄνομα,
1496 1160 1592 1214 καὶ
1632 1156 1772 1227 πρὸς

151 1265 343 1328 αὑτὸν,
388 1257 622 1325 Λαϐὼν,
661 1261 818 1332 φησι,
858 1261 1068 1331 σχοῖνον
1121 1256 1279 1312 ἄπιθι
1330 1254 1629 1325 δρομαίως,
1680 1250 1775 1303 καὶ⁵

151 1356 423 1426 χαλάσας
464 1356 742 1425 μέτρησον
772 1354 833 1405 τὸ
867 1353 923 1406 ἐν
961 1336 1076 1411 τοῖς
1126 1350 1355 1412 λάκκοις
1408 1346 1575 1417 ὕδωρ.
1613 1345 1673 1398 '0
1717 1343 1773 1396 δὲ

150 1449 239 1502 τὸν
264 1449 511 1518 σχοῖνον
539 1446 612 1509 ὡς
636 1444 921 1499 ἐντέταλτο
955 1443 1143 1504 καθεὶς
1164 1442 1256 1495 καὶ
1293 1440 1572 1512 μετρήσας
1604 1440 1773 1490 ἐπαν-

153 1537 396 1609 ἧκε,τῷ
435 1552 502 1587 τε
544 1535 711 1605 Ἀγίῳ
737 1535 833 1587 καλ⁵
879 1535 990 1594 τοῖς
1025 1527 1261 1600 παροῦσι
1327 1527 1389 1579 τὸ
1442 1524 1538 1578 τοῦ
1584 1522 1775 1585 ὓδατος

160 1628 378 1697 μέτρον
442 1625 773 1687 ὑποδεικνὺς
827 1626 890 1676 ἐκ
938 1621 1031 1675 τοῦ
1075 1620 1311 1689 σχοίνου.
1380 1616 1625 1686 Ἐαριναὶ
1675 1614 1775 1683 μὲν

1893 1607 2080 1664 leinde
2103 1614 2318 1671 aestate,
2341 1607 2568 1678 jamque
2596 1605 2931 1661 succedente
2963 1610 3253 1663 autumno,
3289 1599 3464 1679 Ante—-

159 1689 629 1787 οὑν-τηνικαῦτα
670 1715 864 1785 ἔληγον
893 1704 1056 1783 ὧραι,
1086 1709 1439 1778 παυσαμένου
1465 1706 1521 1761 δέ
1550 1704 1649 1777 ήδη
1679 1700 1775 1756 καὶ

1893 1702 2009 1763 aius
2037 1712 2336 1770 utrumque
2372 1699 2549 1754 lacum
2576 1697 2823 1752 immisso
2849 1695 2978 1749 fune
3003 1693 3188 1748 denuo
3208 1689 3464 1753 tentavit,

160 1810 400 1880 θέρους.
429 1808 560 1877 ἄρτι
619 1822 677 1859 τε
722 1802 1043 1875 μετοπώρου
1096 1798 1483 1861 ὑπολαϐόντος,
1508 1798 1537 1849 ὁ
1574 1792 1771 1847 Ἀντώ-

1893 1793 2266 1864 comperitque
2288 1797 2342 1862 (ο
2365 1788 2740 1863 prodigium!)
2775 1797 2899 1857 post
2934 1795 3150 1844 tantum
3200 1779 3469 1851 temporis

160 1871 272 1964 νιος
312 1871 495 1963 αὖθις
539 1891 696 1958 οὗτος
723 1871 807 1959 εἰς
860 1871 1121 1966 ἑκάτερον
1174 1890 1381 1944 λάκκον
1424 1889 1519 1942 τὸν
1569 1888 1776 1957 σχοῖνον

1893 1882 2255 1947 intervallum,
2292 1889 2401 1935 tam
2433 1876 2640 1934 inimici
2663 1876 2821 1948 aquis
2861 1884 2988 1946 post
3048 1881 3161 1928 tam
3205 1871 3465 1940 frequen-

163 1994 395 2056 καθεὶς,
432 1990 577 2062 μετὰ
636 1990 728 2043 τὸν
778 1987 1036 2041 τοσοῦτον
1088 1967 1281 2058 χρόνον
1314 1983 1410 2038 καὶ
1464 1980 1607 2035 οὕτω
1635 1979 1777 2049 σαφῆ

165 2083 449 2153 πολέμιον
478 2078 658 2142 ὕδασι,
694 2079 833 2147 μετά
884 2079 982 2148 τὴν
1029 2074 1297 2145 τοσαύτην
1342 2072 1437 2126 τοῦ
1495 2070 1778 2141 ἀμυθήτου

170 2174 431 2246 πλήθους
466 2170 679 2226 ἐκεῖθεν
710 2168 956 2241 ὑδρείαν,
994 2163 1119 2240 εὗρε
1145 2168 1207 2221 τὸ
1230 2154 1378 2237 ὕδωρ
1406 2162 1473 2235 (ὼ
1502 2161 1596 2217 τοῦ
1645 2160 1781 2215 θαύ-

162 2282 352 2337 ματος
381 2264 429 2333 Ι)
490 2262 613 2316 οὐδὲ
670 2261 732 2317 τὸ
791 2261 1058 2330 παράπαν
1124 2256 1508 2331 ἐλαττονῆσαν,
1568 2252 1684 2307 ἀλλ’
1706 2251 1782 2314 ὡς

1946 685 2037 739 97.
2069 682 2391 738 Pendcbant
2418 697 2584 752 porro
2614 680 2817 736 animis
2843 677 3128 748 discipuli,
3175 692 3275 731 nec
3308 675 3462 731 solli-

1874 777 2177 832 citudinem
2203 791 2356 829 suam
2390 773 2485 828 alii
2529 773 2655 828 aliis
2679 772 2964 830 celabant;
3012 785 3144 823 num
3182 768 3254 821 ita
3289 766 3458 823 semel

1875 869 2070 939 repleti
2107 868 2261 923 lacus
2317 878 2426 922 tam
2456 867 2730 936 frequenti
2758 873 2925 934 atque
2955 878 3265 918 numerosa:
3319 861 3464 915 mul-

1875 960 2103 1016 titudini
2159 960 2445 1016 suffecturi
2491 970 2695 1015 essent.
2730 958 2808 1012 Re
2868 957 3173 1022 intellecta,
3220 952 3461 1009 accersit

1874 1063 2099 1114 sanctus
2155 1070 2326 1107 unum
2361 1069 2391 1108 e
2421 1052 2688 1107 fratribus
2734 1050 2789 1105 in
2817 1066 3021 1105 corona
3074 1047 3345 1111 omnium,
3369 1044 3460 1099 cui

1876 1162 2078 1201 nomen
2129 1145 2409 1210 Antonio,
2462 1144 2754 1215 dicitque:
2802 1142 3099 1212 Assumpto
3144 1139 3305 1205 fune,
3349 1138 3462 1192 cito

1876 1237 1988 1315 abi,
2022 1237 2376 1307 demissoque
2409 1234 2465 1290 in
2489 1233 2882 1299 lacus,metirc
2909 1230 3258 1287 altitudinem
3282 1243 3458 1299 aquae.

1876 1331 2097 1387 Jussum
2127 1329 2217 1384 ille
2249 1326 2720 1391 lunem~immisit,
2755 1338 3093 1393 mensusque
3146 1321 3336 1386 rediit,
3404 1327 3463 1373 et

1878 1431 2071 1475 sancto
2104 1418 2603 1489 praesentibusque,
2631 1424 2837 1486 quanta
2861 1422 3005 1469 esset
3027 1428 3182 1487 aqua:
3226 1408 3463 1466 altitudo

1879 1513 1938 1568 in
1974 1514 2108 1568 fune
2135 1509 2488 1567 monstravit.
2522 1511 2655 1565 Erat
2683 1518 2799 1564 tum
2846 1495 3075 1563 in'exitu
3119 1522 3252 1572 ver;
3278 1505 3463 1576 elapsa

1884 1985 1993 2032 lem
2024 1973 2373 2045 inexplebilis
2403 1971 2579 2027 turbae
2624 1969 2999 2039 aquationem,
3035 1964 3175 2019 nihil
3237 1962 3467 2017 omnino

1884 2069 2230 2125 imminutam
2264 2067 2414 2121 illam
2440 2079 2586 2129 esse,
2646 2061 2743 2118 sed
2772 2061 2852 2116 uti
2907 2059 3066 2130 prius
3110 2072 3168 2112 se
3236 2055 3466 2110 habere.

1886 2162 2020 2231 Quae
2040 2176 2129 2217 res
2155 2168 2289 2215 tunc
2320 2172 2507 2221 coram
2538 2152 2923 2227 spectantibus
2954 2164 3067 2205 non
3114 2149 3318 2214 solum,
3372 2148 3471 2202 sed

1882 2262 1940 2310 et
1972 2252 2232 2324 posteris,
2283 2250 2353 2306 ad
2396 2264 2632 2321 quorum
2691 2260 2859 2302 aures
2914 2259 2977 2299 ea
3017 2241 3164 2297 fama
3208 2246 3477 2313 pervenit,

169 2342 269 2412 καὶ
313 2357 599 2426 πρότερον
630 2354 775 2425 ἔχον,
804 2354 941 2423 ὅπερ
986 2352 1051 2406 οὐ
1092 2353 1205 2414 τοῖς
1245 2350 1367 2403 τότε
1408 2343 1644 2418 παροῦσι
1681 2344 1783 2414 μό-

174 2469 291 2515 νον,
339 2449 490 2504 ἀλλά
518 2447 611 2501 καὶ
653 2449 766 2510 τοῖς
809 2444 1035 2514 ὓστερον
1059 2444 1197 2512 ἀκοῇ
1240 2438 1660 2510 παρειληφόσιν,
1690 2436 1780 2490 εὑ-

175 2540 491 2613 χαριστίας
530 2522 767 2609 μεγίστη
807 2537 943 2610 πρὸς
981 2535 1114 2587 Θεὸν
1145 2533 1391 2604 ἀφορμή.

247 2639 372 2703 HW-
412 2631 499 2685 Τά
522 2646 588 2698 τε
629 2628 739 2699 μὴν
761 2629 859 2699 τῆς
888 2628 1058 2699 μονῆς
1092 2627 1230 2696 ἔργα
1264 2625 1463 2695 (ἐκεῖσε
1486 2622 1596 2694 γὰρ
1628 2617 1784 2685 αὖθις

176 2720 506 2793 ἐπανιτέον)
541 2720 919 2792 προκόπτοντα
959 2716 1178 2788 βλέπειν
1202 2717 1231 2768 ὁ
1263 2716 1537 2785 βάσκανος
1568 2715 1628 2767 οὐ
1666 2720 1786 2768 στέ-

176 2833 298 2885 γων
344 2804 707 2887 Ἐχθρδς,τ›ἷα
738 2811 832 2866 καὶ
864 2810 1069 2880 πολλῆς
1109 2809 1353 2881 μεγάλης
1385 2809 1462 2872 είς
1484 2808 1616 2862 Θεὸν
1649 2825 1786 2879 προ-

181 2906 396 2977 κοπῆς,
431 2904 672 2973 κάκείνῳ
706 2888 950 2972 μεγάλης
1001 2900 1245 2971 ἐσόμενα
1295 2899 1458 2952 πάλιν
1502 2900 1650 2952 αἰτία
1686 2898 1786 2979 ζη-

176 2999 351 3069 μίας,
391 2995 681 3065 θεμελίους
745 2992 856 3047 τῶν
910 2993 1382 3064 οἰκοδομουμένων
1443 2992 1786 3062 ξενοδοχείων

183 3080 315 3165 ἐνὸς
350 3087 581 3153 ὑποδὺς,
614 3085 751 3165 ὃπου
803 3084 899 3165 καὶ
954 3083 1159 3151 μείζων
1187 3082 1339 3154 αὑτῷ
1390 3084 1423 3155 ἡ
1456 3081 1639 3153 πληγὴ
1669 3081 1785 3151 (ac:

1885 2348 2089 2419 gratias
2122 2344 2471 2417 persolvendi
2494 2344 2609 2398 Deo
2633 2340 2983 2397 occasionem
3040 2337 3220 2393 dedit.

1956 2631 2046 2687 98.
2104 2629 2332 2684 Interim
2383 2624 2697 2697 promoveri
2741 2622 3037 2680 aediﬁcium
3089 2623 3181 2692 (eo
3237 2633 3474 2689 namque

1887 2720 2233 2779 redeundum
2279 2719 2443 2775 nobis
2494 2717 2605 2789 est)
2659 2714 2847 2773 lividis
2887 2714 3065 2770 oculis
3103 2712 3314 2769 intueri
3361 2725 3471 2766 non

1886 2815 2168 2872 sustinens
2206 2812 2485 2875 inimicus,
2517 2810 2666 2881 quod
2699 2808 2830 2865 inde
2860 2808 3204 2862 incremento
3261 2801 3468 2875 ingenti

1887 2907 2118 2982 gloriam
2140 2904 2240 2960 Dei
2263 2902 2596 2974 augendam,
2641 2900 2749 2956 sibi
2802 2915 2936 2954 vero
2988 2913 3157 2969 grave
3206 2896 3471 2952 damnum

1889 2999 2182 3056 imminere
2217 2995 2605 3067 prospiceret;
2663 2991 2838 3047 subiit
2900 2990 3255 3045 fundamenta
3305 2988 3475 3042 unius

1891 3089 2366 3157 xenodochiorum
2411 3087 2522 3157 jam
2582 3083 3050 3143 exaediﬁcatorum
3076 3122 3091 3142 ,
3134 3081 3228 3135 ubi
3272 3080 3478 3151 aegrius

1815 3139 1859 3198 C

186 3160 291 3236 καὶ
317 3178 553 3241 πολλοὺς
603 3160 894 3248 μέλλοντος
936 3174 1024 3228 διὰ
1051 3174 1285 3247 Χριστὸν
1310 3176 1577 3244 ξεναγεῖν,
1607 3174 1785 3245 ψυχάς

1893 3183 1996 3240 sibi
2025 3181 2275 3237 futurum
2305 3185 2449 3241 erat,
2481 3176 2552 3234 ob
2578 3176 2851 3247 plurimos
2875 3173 3087 3230 Christi
3120 3186 3287 3228 causa
3346 3168 3478 3225 istic

186 3292 255 3349 τε
288 3271 671 3351 πεπονηκυίας
692 3267 1089 3340 διαναπαύειν),
1108 3268 1251 3324 οὕτω
1282 3270 1526 3345 σεξοδρῶς
1555 3264 1625 3341 ἦν
1649 3270 1790 3324 αὑτά

195 3366 603 3436 συνταράσσων
636 3363 734 3417 καὶ
765 3361 1022 3419 διασείων
1049 3361 1125 3425 ὡς
1150 3364 1515 3432 ἀπειρηκέναι
1544 3361 1622 3431 τῷ
1652 3360 1789 3414 πολ-

200 3458 282 3528 λῷ
334 3458 517 3525 κλόνῳ
565 3454 662 3535 καλ
715 3456 907 3524 χεῖρας
995 3456 1108 3515 τοῖς
1159 3455 1290 3525 περὶ
1348 3452 1449 3525 τήν
1502 3452 1793 3525 οἰκοδομήν

208 3539 597 3611 πονουμένοις.
646 3538 907 3610 Δεηθὲντι
944 3539 1243 3609 τοιγαροῦν
1300 3542 1433 3613 περὶ
1486 3541 1678 3598 τούτου
1722 3545 1803 3617 τῷ

207 3628 466 3701 Συμεὼν,
496 3629 700 3703 ἐρρέθη
730 3629 886 3704 παρὰ
912 3629 1016 3701 τῆς
1058 3630 1305 3703 χάριτος,
1337 3631 1553 3703 πέμψαι
1594 3631 1693 3702 τήν
1724 3635 1803 3688 οί-

207 3725 369 3803 κείαν
400 3723 605 3795 ῥάϐδον
656 3723 815 3797 παρὰ
842 3723 936 3778 τὸν
965 3723 1153 3788 τόπον,
1194 3723 1317 3794 ἥτις
1346 3724 1463 3776 ἐκεῖ
1500 3724 1800 3795 κρούσασα,

205 3818 299 3872 τὸν
331 3819 393 3872 ἐν
421 3816 733 3889 ἀποκρύφῳ
763 3815 1223 3877 ἐπιϐουλεύοντα,
1242 3817 1488 3888 εὑρήσει.
1532 3816 1803 3889 Ἐγχειρί-

166 3920 169 3921 ⁷
210 3926 404 3974 σαντος
427 3910 613 3967 τοίνυν
638 3909 721 3963 ἐνὶ
743 3909 855 3963 τῶν
888 3909 1151 3980 μαθητῶν
1178 3909 1273 3962 τοῦ
1311 3910 1520 3979 Ἀγίου,
1545 3910 1801 3965 ἀπελθὼν

208 4005 324 4056 ἐκεῖ
352 4003 452 4056 καὶ
480 3999 724 4073 κρούσας
757 4003 988 4066 ἐκεῖνος,
1030 4003 1120 4056 Ἐν
1146 4001 1222 4073 τῷ
1253 4003 1501 4072 ὀνόματι,
1524 4004 1680 4074 φησὶ,
1704 4002 1799 4055 τοῦ

212 4084 418 4165 Κυρίου
439 4093 606 4167 ήμῶν
632 4095 806 4165 ἰησοῡ
837 4095 1097 4165 Χριστοῦ,
1132 4095 1419 4167 ἐπιτρέπει
1448 4111 1551 4163 σοι,
1580 4094 1802 4164 πνεῦμα

211 4186 473 4262 πονηρὸν,
498 4187 527 4239 ὁ
553 4186 650 4241 τοῦ
680 4186 817 4241 Θεοῦ
853 4187 1107 4258 θεράπων
1134 4185 1379 4259 Συμεὼν,
1407 4185 1676 4263 ἀπόστηθι
1704 4185 1798 4240 τοῦ

207 4287 377 4341 τόπου
403 4279 620 4363 τούτου,
651 4279 748 4334 καὶ
774 4279 1118 4352 παραχρῆμα
1147 4276 1215 4347 (ὣ
1232 4275 1586 4345 δυναστείας,
1606 4276 1653 4331 ὦ
1689 4276 1791 4348 χά.

210 4390 356 4457 ριτος
402 4370 619 4427 ἐκεῖθεν
667 4370 932 4435 πλουσίας
981 4368 1093 4441 τοῦ,
1112 4367 1361 4441 Συμεὼν)
1455 4368 1555 4438 μὲν
1579 4368 1795 4441 ἡχήσας

1890 3275 2138 3346 hospitio
2165 3269 2545 3342 excipiendos,
2581 3278 2637 3324 et
2686 3269 2936 3337 requiem
2981 3264 3299 3335 defatigatis
3348 3262 3474 3318 ani-

1892 3365 2500 3446 mabus.inventuros;
2560 3367 2617 3416 et
2661 3366 2887 3431 quassat
2946 3357 3306 3426 concutitque
3364 3363 3479 3410 tam

1890 3459 2255 3515 vehementer
2304 3453 2601 3523 aedilicium
2631 3492 2647 3515 ,
2726 3458 2791 3505 ut
2848 3450 3047 3507 crebra
3114 3448 3480 3505 succussione

1891 3550 2133 3622 fatigate
2179 3546 2618 3615 exanimataque
2650 3558 2836 3614 opera:
2862 3559 3061 3599 manus
3118 3542 3248 3597 inde
3289 3556 3479 3596 remo-

1890 3651 2107 3698 verent.
2138 3640 2279 3708 Dum
2312 3638 2498 3708 itaque
2521 3651 2621 3706 pro
2642 3635 2893 3691 remedio
2916 3636 3181 3705 precatui-
3209 3632 3477 3704 Symeon,

1892 3734 2037 3789 hanc
2061 3730 2282 3803 agratia
2307 3728 2729 3800 inspirationem
2745 3727 2980 3797 accepit,
2999 3729 3063 3780 ut
3082 3727 3288 3795 virgam
3317 3738 3480 3779 suam

1892 3824 1973 3897 ad,
1992 3825 2178 3879 locum
2212 3818 2842 3883 infestatum'mitteret‘,
2873 3818 3041 3888 pulsu
3068 3832 3173 3872 suo
3203 3815 3480 3871 insidian-

1893 3927 2004 3973 tem
2040 3915 2096 3975 in
2128 3914 2348 3969 occulto
2382 3912 2603 3967 hostem
2642 3910 3009 3965 detecturam.
3073 3907 3303 3963 Tradita
3347 3922 3483 3977 ergo

1892 4009 2047 4083 virga
2076 4005 2478 4077 discipulorum
2513 4004 2733 4059 cuidam
2756 4003 2813 4058 in
2840 4017 3060 4067 manus,
3081 4001 3308 4061 abeunti
3350 4001 3483 4056 illuc

1890 4098 2249 4170 pulsantique
2285 4105 2342 4153 et
2370 4095 2581 4152 dicenti
2611 4113 2624 4149 :
2656 4095 2716 4150 ln
2760 4092 2987 4149 nomine
3032 4091 3249 4148 Domini
3303 4091 3485 4147 nostri

1844 4192 1853 4199 ’
1892 4191 2021 4248 Jesu
2045 4189 2251 4246 Christi
2278 4186 2531 4260 praecipit
2559 4186 2682 4251 tibi,
2701 4184 2941 4256 pessime
2961 4183 3214 4255 spiritus,
3240 4182 3482 4239 famulus

1892 4284 1995 4341 Dei
2023 4282 2288 4354 Symeon,
2334 4291 2395 4337 ut
2420 4294 2586 4336 exeas
2607 4281 2729 4335 loco
2752 4278 2893 4345 hoc;
2922 4288 2981 4333 et
3008 4277 3365 4347 continuato
3387 4292 3483 4347 po-

1897 4376 2163 4441 tentiam!
2216 4389 2251 4429 ο
2291 4373 2522 4430 divitem
2577 4371 2871 4444 Symeonis
2911 4370 3143 4442 gratiam
3169 4369 3209 4442 ι)
3248 4370 3483 4440 spiritus

211 4471 377 4536 μέγα,
398 4464 525 4518 λίαν
571 4461 815 4534 αἰσχρῶς
852 4461 1261 4516 ἀπελαύνεταισ
1289 4460 1531 4533 ἡσύχαζε
1579 4457 1638 4513 δέ
1693 4457 1788 4513 τοῦ

1895 4482 2094 4539 magno
2113 4465 2266 4522 edito
2289 4480 2427 4521 sono
2466 4463 2771 4523 foedissime
2827 4462 3055 4533 pellitur
3091 4480 3108 4517 :
3160 4462 3234 4518 de
3281 4469 3484 4517 caetero

207 4557 393 4629 λοιποῦ
425 4557 489 4643 eo
516 4554 701 4628 ἔργον,
734 4556 827 4610 καὶ
850 4555 993 4610 κατά
1027 4553 1187 4623 λόγον
1216 4552 1436 4627 ἐχώρει.

273 4736 383 4817 ιιιθν.
427 4735 585 4815 Ἐπεὶ
616 4734 672 4789 δὲ
698 4733 1015 4817 ᾠκοδόμητο
1042 4732 1142 4806 μὲν
1164 4734 1199 4806 ή
1227 4732 1459 4806 μάνδρα,
1497 4730 1796 4803 λελατόμη-

205 4850 265 4904 το
289 4814 349 4887 δέ
378 4832 409 4886 ὁ
432 4814 644 4903 στύλος,
672 4814 992 4898 λατομεῖταί
1022 4844 1107 4891 τις
1131 4827 1229 4881 καὶ
1256 4826 1457 4888 λάκκος
1502 4824 1675 4894 δεξιὰ,
1699 4823 1795 4880 τοῦ

206 4925 384 5005 κίονος
445 4916 583 5005 πρδς
616 4912 908 4999 Ἆνατολάς
968 4920 1266 4994 (ἐπιτροπῇ
1331 4919 1391 4973 δὲ
1439 4918 1534 4973 τοῦ
1613 4918 1794 4988 ’Δγίου

207 5002 366 5070 τᾶῦτο
388 5015 481 5069 διὰ
500 5002 601 5086 τὴν
635 5014 727 5068 τοῦ
756 5013 951 5079 ὓδατος
981 5014 1233 5085 σπάνιν),
1262 5012 1322 5077 δς
1354 5012 1547 5079 ὕδατος
1570 5013 1795 5089 πληρωο

210 5110 344 5179 θεὶς,
387 5110 504 5177 τοῖς
537 5125 600 5161 τε
620 5108 883 5185 ’ἀδελφοῖς
915 5107 1010 5161 καὶ
1037 5108 1149 5169 τοῖς
1197 5107 1299 5160 ἀνὰ
1324 5106 1429 5178 τὴν
1459 5108 1628 5181 μονὴν
1682 5123 1797 5177 χει-

212 5197 560 5271 ῳτεχνοῦσιν
591 5198 694 5251 ὅσα
717 5214 781 5265 γε
816 5195 955 5268 πρὸς
985 5196 1293 5265 ἀναγκαίαν
1322 5198 1556 5267 ἐπήρκει
1585 5194 1796 5266 χρείαν.

220 5287 538 5358 Ένεστήκει
566 5285 785 5358 μὶνιοῦν
813 5285 939 5358 ἄρτι
966 5285 1061 5339 τοῦ
1087 5285 1283 5358 χρόνου
1305 5284 1367 5338 τδ
1394 5284 1791 5356 ἀνθηρότατον,

210 5379 245 5448 ἡ
272 5377 370 5434 τοῦ
411 5378 560 5432 θείου
589 5378 786 5450 Πάσχα
825 5374 1119 5449 λάμπουσα
1146 5376 1369 5448 φαιδρὸν
1398 5375 1631 5446 ἑϐδομὰς
1656 5415 1671 5440 ,
1700 5376 1799 5447 τὴν

210 5468 492 5541 ἡμετέραν
543 5469 821 5541 σωτηρίαν
850 5468 1297 5541 πανηγυρίζουσα
1326 5485 1342 5501 ·
1365 5466 1476 5523 τῶν
1506 5468 1565 5522 δὲ
1614 5468 1794 5539 μαθη-

208 5563 341 5651 τῷν,
373 5566 438 5617 τδ
466 5563 569 5637 μὲν
598 5562 837 5637 ἠρεμίαν
864 5563 946 5635 τῷ
985 5562 1293 5645 διδασκάλῳ
1340 5561 1794 5634 περιποιούντων,

213 5640 377 5733 ᾖίκαὶ
414 5655 619 5731 μᾶλλον
646 5656 810 5733 αὑτὸν
841 5656 1039 5728 ᾔδεσαν
1071 5640 1353 5727 χαίροντα,
1392 5657 1452 5709 τὸ
1479 5656 1547 5710 δὲο
1565 5656 1624 5709 τὸ
1653 5654 1798 5724 ὕδωρ

217 5721 930 5828 ιαυτοῖς-ἁποταμῖούντων,
966 5748 1131 5813 διάιτε
1157 5748 1255 5818 τὴν
1284 5748 1451 5801 αὑτοῦ
1485 5748 1798 5819 βραχύτητα

1899 4567 2087 4623 autem
2138 4557 2326 4629 quiete
2380 4555 2714 4615 adiﬁcatum
2768 4562 2876 4623 est,
2906 4563 2967 4612 et
3005 4554 3217 4611 fabrica
3270 4555 3355 4627 (ut
3396 4554 3484 4608 di-

1900 4662 2052 4708 ctum
2107 4650 2213 4720 est)
2272 4648 2667 4720 perﬁciebatur
2709 4664 2779 4705 ex
2829 4648 3126 4706 sententia.

1970 4741 2062 4803 99.
2091 4741 2224 4799 Post
2251 4748 2599 4805 exstructum
2614 4740 3165 4812 iammonasterium,
3201 4739 3483 4795 eteolum-

1903 4851 2029 4895 nam
2042 4850 2254 4898 meam
2274 4877 2290 4901 ,
2323 4840 2556 4895 cavatur
2576 4841 2632 4889 et
2649 4833 2908 4897 cisterna,
2926 4847 2957 4887 a
2972 4831 3198 4887 dextera
3211 4833 3483 4888 columnae

1904 4938 2065 4999 parte.
2098 4941 2295 4987 versus
2342 4926 2635 4988 orientem,
2689 4925 2924 4995 iubente
2972 4923 3047 4977 ita
3094 4921 3367 4995 Symeone
3410 4922 3486 4978 ob

1902 5033 2173 5091 aquarum
2206 5016 2535 5087 penuriam;
2568 5023 2630 5071 ut
2653 5015 2783 5070 inde
2808 5014 3075 5069 fratribus
3092 5022 3149 5070 ‘et
3180 5015 3233 5068 in
3286 5029 3482 5069 mona-

1900 5111 2074 5167 sterio
2102 5110 2477 5181 operantibus
2498 5108 2566 5163 ad
2600 5123 2735 5163 usus
2778 5106 3122 5162 necessarios
3163 5122 3303 5177 aqua
3356 5121 3487 5176 sup.

1899 5204 2270 5275 peditaretur.
2290 5203 2348 5257 In
2381 5201 2601 5257 foribus
2617 5202 2730 5273 jam
2755 5207 2881 5254 erat
2901 5198 3318 5253 tloridissimum
3342 5205 3486 5252 tem-

1899 5311 2026 5367 pus,
2045 5294 2351 5349 clarissima
2368 5292 2759 5362 lmiissimaque
2774 5291 2951 5346 sancti
2968 5290 3256 5345 Paschatis
3275 5286 3484 5344 hebdo-

1901 5386 2085 5451 mada,
2112 5395 2395 5441 auctorem
2427 5392 2594 5455 atque
2625 5383 3008 5454 operationem
3040 5380 3234 5436 salutis
3279 5388 3486 5436 nostra:

1900 5478 2229 5541 celebrans;
2279 5491 2407 5532 cum
2454 5474 2764 5546 discipulis,
2821 5474 3021 5545 partim
3066 5472 3329 5543 magistro
3383 5485 3486 5524 suo

1900 5567 2284 5631 solitudinem,
2310 5581 2419 5638 qua
2440 5566 2721 5637 pracipue
2746 5564 2899 5618 tilum
2925 5561 3189 5618 delectati
3217 5572 3488 5615 noverant

1903 5657 2311 5714 instruentibus
2362 5658 2562 5729 partim
2611 5671 2830 5726 aquam,
2892 5654 2966 5708 ob
3014 5653 3369 5724 exiguitatem
3429 5656 3487 5705 ιι

1901 5745 2277 5802 auferentium
2320 5746 2450 5803 inde
2502 5744 2932 5813 multitudinem,
2976 5742 3179 5797 additis
3234 5742 3486 5798 cisternae
