  <div class='ocr_page' id='page_1' title='image "/cluster/home/n/w/nwhite01/storage/ocr_20150623/86:pt.2/coo.31924054869890/667.png"; bbox 0 0 4018 6434; ppageno 0'>
   <div class='ocr_carea' id='block_1_1' title="bbox 527 346 668 412">
    <p class='ocr_par' dir='ltr' id='par_1_1' title="bbox 527 346 668 412">
     <span class='ocr_line' id='line_1_1' title="bbox 527 346 668 412; baseline 0 -1"><span class='ocrx_word' id='word_1_1' title='bbox 527 346 668 412; x_wconf 78' lang='grc' dir='ltr'><strong>3οῚ9</strong></span> 
     </span>
    </p>
   </div>
   <div class='ocr_carea' id='block_1_2' title="bbox 1638 320 2611 402">
    <p class='ocr_par' dir='ltr' id='par_1_2' title="bbox 1638 320 2611 402">
     <span class='ocr_line' id='line_1_2' title="bbox 1638 320 2611 402; baseline -0.007 0"><span class='ocrx_word' id='word_1_2' title='bbox 1638 320 1641 323; x_wconf 79' lang='grc'><em>’</em></span> <span class='ocrx_word' id='word_1_3' title='bbox 1738 343 1798 402; x_wconf 87' lang='lat' dir='ltr'><strong>s.</strong></span> <span class='ocrx_word' id='word_1_4' title='bbox 1833 338 2212 402; x_wconf 80' lang='lat' dir='ltr'><strong>SYMEONIS</strong></span> <span class='ocrx_word' id='word_1_5' title='bbox 2248 336 2611 398; x_wconf 80' lang='lat' dir='ltr'><strong>JUNIORIS</strong></span> 
     </span>
    </p>
   </div>
   <div class='ocr_carea' id='block_1_3' title="bbox 3660 325 3807 389">
    <p class='ocr_par' dir='ltr' id='par_1_3' title="bbox 3660 325 3807 389">
     <span class='ocr_line' id='line_1_3' title="bbox 3660 325 3807 389; baseline 0.007 -1"><span class='ocrx_word' id='word_1_6' title='bbox 3660 325 3807 389; x_wconf 58' lang='lat'><strong>2020</strong></span> 
     </span>
    </p>
   </div>
   <div class='ocr_carea' id='block_1_4' title="bbox 531 437 2131 543">
    <p class='ocr_par' dir='ltr' id='par_1_4' title="bbox 531 457 2114 543">
     <span class='ocr_line' id='line_1_4' title="bbox 531 457 2114 543; baseline -0.004 -30"><span class='ocrx_word' id='word_1_7' title='bbox 531 462 804 534; x_wconf 83' lang='lat' dir='ltr'><strong>operculo</strong></span> <span class='ocrx_word' id='word_1_8' title='bbox 827 468 884 516; x_wconf 90' lang='lat' dir='ltr'><strong>ct</strong></span> <span class='ocrx_word' id='word_1_9' title='bbox 910 475 1032 516; x_wconf 85' lang='lat' dir='ltr'><strong>sera</strong></span> <span class='ocrx_word' id='word_1_10' title='bbox 1064 459 1168 514; x_wconf 81' lang='lat' dir='ltr'><strong>sibi</strong></span> <span class='ocrx_word' id='word_1_11' title='bbox 1194 457 1658 543; x_wconf 75' lang='lat' dir='ltr'><strong>recondentibus;</strong></span> <span class='ocrx_word' id='word_1_12' title='bbox 1690 473 1838 522; x_wconf 89' lang='lat' dir='ltr'><strong>cum,</strong></span> <span class='ocrx_word' id='word_1_13' title='bbox 1871 457 2114 526; x_wconf 85' lang='lat' dir='ltr'><strong>inquam,</strong></span> 
     </span>
    </p>
   </div>
   <div class='ocr_carea' id='block_1_5' title="bbox 2232 437 3805 543">
    <p class='ocr_par' dir='ltr' id='par_1_5' title="bbox 2232 437 3805 519">
     <span class='ocr_line' id='line_1_5' title="bbox 2232 437 3805 519; baseline -0.009 -14"><span class='ocrx_word' id='word_1_14' title='bbox 2232 453 2315 507; x_wconf 68' lang='lat' dir='ltr'><strong>ut</strong></span> <span class='ocrx_word' id='word_1_15' title='bbox 2371 453 2433 506; x_wconf 83' lang='grc' dir='ltr'>τὸ</span> <span class='ocrx_word' id='word_1_16' title='bbox 2487 453 2598 504; x_wconf 82' lang='grc' dir='ltr'>τῶν</span> <span class='ocrx_word' id='word_1_17' title='bbox 2652 437 3070 519; x_wconf 77' lang='grc' dir='ltr'>ἀφικνουμένων</span> <span class='ocrx_word' id='word_1_18' title='bbox 3124 442 3350 514; x_wconf 80' lang='grc' dir='ltr'>πλῆθος,</span> <span class='ocrx_word' id='word_1_19' title='bbox 3382 440 3556 512; x_wconf 81' lang='grc' dir='ltr'><strong>θύραν</strong></span> <span class='ocrx_word' id='word_1_20' title='bbox 3612 457 3672 493; x_wconf 87' lang='grc' dir='ltr'><strong>τε</strong></span> <span class='ocrx_word' id='word_1_21' title='bbox 3728 438 3805 509; x_wconf 70' lang='grc' dir='ltr'>τῷ</span> 
     </span>
    </p>
   </div>
   <div class='ocr_carea' id='block_1_6' title="bbox 530 548 2119 630">
    <p class='ocr_par' dir='ltr' id='par_1_6' title="bbox 530 548 2119 630">
     <span class='ocr_line' id='line_1_6' title="bbox 530 548 2119 630; baseline -0.006 -20"><span class='ocrx_word' id='word_1_22' title='bbox 530 557 776 630; x_wconf 75' lang='lat' dir='ltr'><strong>Symeon</strong></span> <span class='ocrx_word' id='word_1_23' title='bbox 806 572 865 611; x_wconf 89' lang='lat' dir='ltr'><strong>se</strong></span> <span class='ocrx_word' id='word_1_24' title='bbox 893 556 947 610; x_wconf 89' lang='lat' dir='ltr'><strong>in</strong></span> <span class='ocrx_word' id='word_1_25' title='bbox 984 553 1186 625; x_wconf 94' lang='lat' dir='ltr'><strong>spiritu</strong></span> <span class='ocrx_word' id='word_1_26' title='bbox 1223 550 1395 607; x_wconf 84' lang='lat' dir='ltr'><strong>veluti</strong></span> <span class='ocrx_word' id='word_1_27' title='bbox 1428 551 1494 606; x_wconf 87' lang='lat' dir='ltr'><strong>ad</strong></span> <span class='ocrx_word' id='word_1_28' title='bbox 1529 550 1831 605; x_wconf 77' lang='lat' dir='ltr'><strong>cisternam</strong></span> <span class='ocrx_word' id='word_1_29' title='bbox 1876 548 2119 604; x_wconf 81' lang='lat' dir='ltr'><strong>delatum</strong></span> 
     </span>
    </p>
   </div>
   <div class='ocr_carea' id='block_1_7' title="bbox 533 642 2119 718">
    <p class='ocr_par' dir='ltr' id='par_1_7' title="bbox 533 642 2119 718">
     <span class='ocr_line' id='line_1_7' title="bbox 533 642 2119 718; baseline -0.003 -16"><span class='ocrx_word' id='word_1_30' title='bbox 533 650 706 712; x_wconf 88' lang='lat' dir='ltr'><strong>videt,</strong></span> <span class='ocrx_word' id='word_1_31' title='bbox 739 663 937 718; x_wconf 83' lang='lat' dir='ltr'><strong>aquam</strong></span> <span class='ocrx_word' id='word_1_32' title='bbox 969 654 1205 715; x_wconf 88' lang='lat' dir='ltr'><strong>utraque</strong></span> <span class='ocrx_word' id='word_1_33' title='bbox 1239 659 1403 697; x_wconf 89' lang='lat' dir='ltr'><strong>manu</strong></span> <span class='ocrx_word' id='word_1_34' title='bbox 1437 642 1777 708; x_wconf 78' lang='lat' dir='ltr'><strong>turbantem,</strong></span> <span class='ocrx_word' id='word_1_35' title='bbox 1803 658 2035 712; x_wconf 84' lang='lat' dir='ltr'><strong>eamque</strong></span> <span class='ocrx_word' id='word_1_36' title='bbox 2064 644 2119 699; x_wconf 92' lang='lat' dir='ltr'><strong>in</strong></span> 
     </span>
    </p>
   </div>
   <div class='ocr_carea' id='block_1_8' title="bbox 534 738 2123 811">
    <p class='ocr_par' dir='ltr' id='par_1_8' title="bbox 534 738 2123 811">
     <span class='ocr_line' id='line_1_8' title="bbox 534 738 2123 811; baseline -0.006 -9"><span class='ocrx_word' id='word_1_37' title='bbox 534 746 704 802; x_wconf 78' lang='lat' dir='ltr'><strong>aitum</strong></span> <span class='ocrx_word' id='word_1_38' title='bbox 740 744 853 799; x_wconf 90' lang='lat' dir='ltr'><strong>tolli</strong></span> <span class='ocrx_word' id='word_1_39' title='bbox 899 752 955 797; x_wconf 88' lang='lat' dir='ltr'><strong>et</strong></span> <span class='ocrx_word' id='word_1_40' title='bbox 988 742 1135 796; x_wconf 91' lang='lat' dir='ltr'><strong>inter</strong></span> <span class='ocrx_word' id='word_1_41' title='bbox 1165 740 1576 795; x_wconf 90' lang='lat' dir='ltr'><strong>multitudinem</strong></span> <span class='ocrx_word' id='word_1_42' title='bbox 1623 739 1885 794; x_wconf 86' lang='lat' dir='ltr'><strong>distribui</strong></span> <span class='ocrx_word' id='word_1_43' title='bbox 1921 738 2123 811; x_wconf 86' lang='lat' dir='ltr'><strong>juben-</strong></span> 
     </span>
    </p>
   </div>
   <div class='ocr_carea' id='block_1_9' title="bbox 535 832 2125 903">
    <p class='ocr_par' dir='ltr' id='par_1_9' title="bbox 535 832 2125 903">
     <span class='ocr_line' id='line_1_9' title="bbox 535 832 2125 903; baseline -0.005 -11"><span class='ocrx_word' id='word_1_44' title='bbox 535 846 668 893; x_wconf 88' lang='lat' dir='ltr'><strong>tem.</strong></span> <span class='ocrx_word' id='word_1_45' title='bbox 694 834 1020 891; x_wconf 82' lang='lat' dir='ltr'><strong>Convocatis</strong></span> <span class='ocrx_word' id='word_1_46' title='bbox 1057 833 1243 903; x_wconf 86' lang='lat' dir='ltr'><strong>itaque</strong></span> <span class='ocrx_word' id='word_1_47' title='bbox 1276 832 1546 887; x_wconf 81' lang='lat' dir='ltr'><strong>fratribus</strong></span> <span class='ocrx_word' id='word_1_48' title='bbox 1568 832 1827 901; x_wconf 86' lang='lat' dir='ltr'><strong>imperat,</strong></span> <span class='ocrx_word' id='word_1_49' title='bbox 1857 846 2037 885; x_wconf 82' lang='lat' dir='ltr'><strong>seram</strong></span> <span class='ocrx_word' id='word_1_50' title='bbox 2063 837 2125 884; x_wconf 87' lang='lat' dir='ltr'><strong>ut</strong></span> 
     </span>
    </p>
   </div>
   <div class='ocr_carea' id='block_1_10' title="bbox 534 922 2124 995">
    <p class='ocr_par' dir='ltr' id='par_1_10' title="bbox 534 922 2124 995">
     <span class='ocr_line' id='line_1_10' title="bbox 534 922 2124 995; baseline -0.006 -12"><span class='ocrx_word' id='word_1_51' title='bbox 534 927 807 987; x_wconf 81' lang='lat' dir='ltr'><strong>auferant,</strong></span> <span class='ocrx_word' id='word_1_52' title='bbox 842 941 951 995; x_wconf 89' lang='lat' dir='ltr'><strong>quo</strong></span> <span class='ocrx_word' id='word_1_53' title='bbox 984 924 1260 979; x_wconf 82' lang='lat' dir='ltr'><strong>universis</strong></span> <span class='ocrx_word' id='word_1_54' title='bbox 1282 938 1491 992; x_wconf 86' lang='lat' dir='ltr'><strong>aquare</strong></span> <span class='ocrx_word' id='word_1_55' title='bbox 1522 922 1839 977; x_wconf 87' lang='lat' dir='ltr'><strong>volentibus</strong></span> <span class='ocrx_word' id='word_1_56' title='bbox 1865 922 1933 975; x_wconf 91' lang='lat' dir='ltr'><strong>ad</strong></span> <span class='ocrx_word' id='word_1_57' title='bbox 1964 937 2124 992; x_wconf 89' lang='lat' dir='ltr'><strong>aper-</strong></span> 
     </span>
    </p>
   </div>
   <div class='ocr_carea' id='block_1_11' title="bbox 536 1013 2121 1093">
    <p class='ocr_par' dir='ltr' id='par_1_11' title="bbox 536 1013 2121 1093">
     <span class='ocr_line' id='line_1_11' title="bbox 536 1013 2121 1093; baseline -0.006 -18"><span class='ocrx_word' id='word_1_58' title='bbox 536 1030 646 1075; x_wconf 85' lang='lat' dir='ltr'><strong>tam</strong></span> <span class='ocrx_word' id='word_1_59' title='bbox 685 1019 981 1073; x_wconf 85' lang='lat' dir='ltr'><strong>cisternam</strong></span> <span class='ocrx_word' id='word_1_60' title='bbox 1021 1031 1280 1071; x_wconf 87' lang='lat' dir='ltr'><strong>accessus</strong></span> <span class='ocrx_word' id='word_1_61' title='bbox 1307 1025 1496 1086; x_wconf 78' lang='lat' dir='ltr'><strong>pateat</strong></span> <span class='ocrx_word' id='word_1_62' title='bbox 1527 1032 1542 1070; x_wconf 84' lang='lat'><strong>:</strong></span> <span class='ocrx_word' id='word_1_63' title='bbox 1578 1015 1695 1071; x_wconf 84' lang='lat' dir='ltr'><strong>Jam</strong></span> <span class='ocrx_word' id='word_1_64' title='bbox 1718 1016 1893 1078; x_wconf 80' lang='lat' dir='ltr'><strong>enim,</strong></span> <span class='ocrx_word' id='word_1_65' title='bbox 1922 1013 2121 1093; x_wconf 84' lang='lat' dir='ltr'><strong>inquit,</strong></span> 
     </span>
    </p>
   </div>
   <div class='ocr_carea' id='block_1_12' title="bbox 526 1105 2125 1181">
    <p class='ocr_par' dir='ltr' id='par_1_12' title="bbox 526 1105 2125 1181">
     <span class='ocr_line' id='line_1_12' title="bbox 526 1105 2125 1181; baseline -0.005 -16"><span class='ocrx_word' id='word_1_66' title='bbox 526 1125 776 1181; x_wconf 71' lang='lat' dir='ltr'><strong>superna</strong></span> <span class='ocrx_word' id='word_1_67' title='bbox 813 1108 1127 1164; x_wconf 83' lang='lat' dir='ltr'><strong>visitatione</strong></span> <span class='ocrx_word' id='word_1_68' title='bbox 1157 1108 1293 1161; x_wconf 87' lang='lat' dir='ltr'><strong>mihi</strong></span> <span class='ocrx_word' id='word_1_69' title='bbox 1331 1107 1597 1171; x_wconf 86' lang='lat' dir='ltr'><strong>innotuit,</strong></span> <span class='ocrx_word' id='word_1_70' title='bbox 1632 1121 1827 1175; x_wconf 88' lang='lat' dir='ltr'><strong>aquam</strong></span> <span class='ocrx_word' id='word_1_71' title='bbox 1862 1112 1988 1158; x_wconf 90' lang='lat' dir='ltr'><strong>toto</strong></span> <span class='ocrx_word' id='word_1_72' title='bbox 2019 1105 2125 1158; x_wconf 90' lang='lat' dir='ltr'><strong>hoc</strong></span> 
     </span>
    </p>
   </div>
   <div class='ocr_carea' id='block_1_13' title="bbox 532 1200 2124 1259">
    <p class='ocr_par' dir='ltr' id='par_1_13' title="bbox 532 1200 2124 1259">
     <span class='ocr_line' id='line_1_13' title="bbox 532 1200 2124 1259; baseline -0.004 0"><span class='ocrx_word' id='word_1_73' title='bbox 532 1222 679 1259; x_wconf 80' lang='lat' dir='ltr'><strong>anno</strong></span> <span class='ocrx_word' id='word_1_74' title='bbox 712 1221 822 1258; x_wconf 85' lang='lat' dir='ltr'><strong>non</strong></span> <span class='ocrx_word' id='word_1_75' title='bbox 855 1204 1222 1258; x_wconf 82' lang='lat' dir='ltr'><strong>defecturam.</strong></span> <span class='ocrx_word' id='word_1_76' title='bbox 1253 1204 1322 1257; x_wconf 89' lang='lat' dir='ltr'><strong>Et</strong></span> <span class='ocrx_word' id='word_1_77' title='bbox 1347 1201 1481 1256; x_wconf 83' lang='lat' dir='ltr'><strong>fides</strong></span> <span class='ocrx_word' id='word_1_78' title='bbox 1501 1202 1671 1256; x_wconf 87' lang='lat' dir='ltr'><strong>dictis</strong></span> <span class='ocrx_word' id='word_1_79' title='bbox 1696 1201 1851 1255; x_wconf 87' lang='lat' dir='ltr'><strong>stetit</strong></span> <span class='ocrx_word' id='word_1_80' title='bbox 1883 1218 1896 1254; x_wconf 93' lang='lat'><strong>:</strong></span> <span class='ocrx_word' id='word_1_81' title='bbox 1936 1216 2003 1254; x_wconf 80' lang='lat' dir='ltr'><strong>ex</strong></span> <span class='ocrx_word' id='word_1_82' title='bbox 2032 1200 2124 1253; x_wconf 90' lang='lat' dir='ltr'><strong>illo</strong></span> 
     </span>
    </p>
   </div>
   <div class='ocr_carea' id='block_1_14' title="bbox 534 1288 2123 1362">
    <p class='ocr_par' dir='ltr' id='par_1_14' title="bbox 534 1288 2123 1362">
     <span class='ocr_line' id='line_1_14' title="bbox 534 1288 2123 1362; baseline -0.004 -15"><span class='ocrx_word' id='word_1_83' title='bbox 534 1309 774 1362; x_wconf 77' lang='lat' dir='ltr'><strong>namque</strong></span> <span class='ocrx_word' id='word_1_84' title='bbox 803 1302 1053 1362; x_wconf 89' lang='lat' dir='ltr'><strong>tempore</strong></span> <span class='ocrx_word' id='word_1_85' title='bbox 1081 1308 1274 1346; x_wconf 86' lang='lat' dir='ltr'><strong>omnes</strong></span> <span class='ocrx_word' id='word_1_86' title='bbox 1310 1291 1632 1345; x_wconf 86' lang='lat' dir='ltr'><strong>monasterii</strong></span> <span class='ocrx_word' id='word_1_87' title='bbox 1682 1290 1876 1344; x_wconf 69' lang='lat' dir='ltr'><strong>incolae</strong></span> <span class='ocrx_word' id='word_1_88' title='bbox 1898 1288 1973 1342; x_wconf 85' lang='lat' dir='ltr'><strong>ad</strong></span> <span class='ocrx_word' id='word_1_89' title='bbox 1998 1288 2123 1358; x_wconf 89' lang='lat' dir='ltr'><strong>pin-</strong></span> 
     </span>
    </p>
   </div>
   <div class='ocr_carea' id='block_1_15' title="bbox 538 1382 2127 1464">
    <p class='ocr_par' dir='ltr' id='par_1_15' title="bbox 538 1382 2127 1464">
     <span class='ocr_line' id='line_1_15' title="bbox 538 1382 2127 1464; baseline -0.005 -22"><span class='ocrx_word' id='word_1_90' title='bbox 538 1387 773 1442; x_wconf 86' lang='lat' dir='ltr'><strong>sendum</strong></span> <span class='ocrx_word' id='word_1_91' title='bbox 786 1401 1018 1456; x_wconf 84' lang='lat' dir='ltr'><strong>panem,</strong></span> <span class='ocrx_word' id='word_1_92' title='bbox 1040 1385 1107 1440; x_wconf 81' lang='lat' dir='ltr'><strong>ad</strong></span> <span class='ocrx_word' id='word_1_93' title='bbox 1127 1384 1447 1454; x_wconf 83' lang='lat' dir='ltr'><strong>coquendos</strong></span> <span class='ocrx_word' id='word_1_94' title='bbox 1466 1383 1714 1447; x_wconf 85' lang='lat' dir='ltr'><strong>cibos,ad</strong></span> <span class='ocrx_word' id='word_1_95' title='bbox 1731 1382 1973 1452; x_wconf 88' lang='lat' dir='ltr'><strong>reliquos</strong></span> <span class='ocrx_word' id='word_1_96' title='bbox 1993 1397 2127 1464; x_wconf 79' lang='lat' dir='ltr'><strong>usus</strong></span> 
     </span>
    </p>
   </div>
   <div class='ocr_carea' id='block_1_16' title="bbox 536 1474 2123 1550">
    <p class='ocr_par' dir='ltr' id='par_1_16' title="bbox 536 1474 2123 1550">
     <span class='ocr_line' id='line_1_16' title="bbox 536 1474 2123 1550; baseline -0.004 -16"><span class='ocrx_word' id='word_1_97' title='bbox 536 1495 737 1550; x_wconf 84' lang='lat' dir='ltr'><strong>aquam</strong></span> <span class='ocrx_word' id='word_1_98' title='bbox 792 1478 923 1533; x_wconf 90' lang='lat' dir='ltr'><strong>inde</strong></span> <span class='ocrx_word' id='word_1_99' title='bbox 972 1478 1330 1541; x_wconf 76' lang='lat' dir='ltr'><strong>hauriebam,</strong></span> <span class='ocrx_word' id='word_1_100' title='bbox 1367 1478 1476 1532; x_wconf 91' lang='lat' dir='ltr'><strong>imo</strong></span> <span class='ocrx_word' id='word_1_101' title='bbox 1507 1484 1563 1531; x_wconf 79' lang='lat' dir='ltr'><strong>et</strong></span> <span class='ocrx_word' id='word_1_102' title='bbox 1607 1475 1830 1531; x_wconf 72' lang='lat' dir='ltr'><strong>fabrica:</strong></span> <span class='ocrx_word' id='word_1_103' title='bbox 1881 1474 2123 1528; x_wconf 79' lang='lat' dir='ltr'><strong>indidem</strong></span> 
     </span>
    </p>
   </div>
   <div class='ocr_carea' id='block_1_17' title="bbox 538 1564 2123 1643">
    <p class='ocr_par' dir='ltr' id='par_1_17' title="bbox 538 1564 2123 1643">
     <span class='ocr_line' id='line_1_17' title="bbox 538 1564 2123 1643; baseline -0.006 -16"><span class='ocrx_word' id='word_1_104' title='bbox 538 1572 1004 1643; x_wconf 83' lang='lat' dir='ltr'><strong>suppeditabatur</strong></span> <span class='ocrx_word' id='word_1_105' title='bbox 1041 1589 1055 1623; x_wconf 87' lang='lat'><strong>:</strong></span> <span class='ocrx_word' id='word_1_106' title='bbox 1090 1571 1230 1625; x_wconf 82' lang='lat' dir='ltr'><strong>adde</strong></span> <span class='ocrx_word' id='word_1_107' title='bbox 1281 1569 1427 1639; x_wconf 90' lang='lat' dir='ltr'><strong>quod</strong></span> <span class='ocrx_word' id='word_1_108' title='bbox 1480 1568 1807 1624; x_wconf 86' lang='lat' dir='ltr'><strong>accedentes</strong></span> <span class='ocrx_word' id='word_1_109' title='bbox 1839 1566 2004 1620; x_wconf 85' lang='lat' dir='ltr'><strong>etiam</strong></span> <span class='ocrx_word' id='word_1_110' title='bbox 2057 1564 2123 1618; x_wconf 85' lang='lat' dir='ltr'><strong>ad</strong></span> 
     </span>
    </p>
   </div>
   <div class='ocr_carea' id='block_1_18' title="bbox 540 1648 2127 1737">
    <p class='ocr_par' dir='ltr' id='par_1_18' title="bbox 540 1648 2127 1737">
     <span class='ocr_line' id='line_1_18' title="bbox 540 1648 2127 1737; baseline -0.005 -17"><span class='ocrx_word' id='word_1_111' title='bbox 540 1664 873 1737; x_wconf 83' lang='lat' dir='ltr'><strong>Symeonem</strong></span> <span class='ocrx_word' id='word_1_112' title='bbox 922 1665 1098 1719; x_wconf 71' lang='lat' dir='ltr'><strong>turba:</strong></span> <span class='ocrx_word' id='word_1_113' title='bbox 1127 1679 1238 1718; x_wconf 92' lang='lat' dir='ltr'><strong>non</strong></span> <span class='ocrx_word' id='word_1_114' title='bbox 1268 1663 1446 1718; x_wconf 90' lang='lat' dir='ltr'><strong>solum</strong></span> <span class='ocrx_word' id='word_1_115' title='bbox 1481 1662 1609 1716; x_wconf 90' lang='lat' dir='ltr'><strong>inde</strong></span> <span class='ocrx_word' id='word_1_116' title='bbox 1644 1662 1920 1723; x_wconf 87' lang='lat' dir='ltr'><strong>biberent,</strong></span> <span class='ocrx_word' id='word_1_117' title='bbox 1951 1659 2044 1714; x_wconf 80' lang='lat' dir='ltr'><strong>sed</strong></span> <span class='ocrx_word' id='word_1_118' title='bbox 2071 1648 2127 1712; x_wconf 87' lang='lat' dir='ltr'><strong>et</strong></span> 
     </span>
    </p>
   </div>
   <div class='ocr_carea' id='block_1_19' title="bbox 538 1752 2124 1823">
    <p class='ocr_par' dir='ltr' id='par_1_19' title="bbox 538 1752 2124 1823">
     <span class='ocr_line' id='line_1_19' title="bbox 538 1752 2124 1823; baseline -0.004 -13"><span class='ocrx_word' id='word_1_119' title='bbox 538 1771 670 1810; x_wconf 87' lang='lat' dir='ltr'><strong>vasa</strong></span> <span class='ocrx_word' id='word_1_120' title='bbox 699 1754 920 1810; x_wconf 82' lang='lat' dir='ltr'><strong>diversa</strong></span> <span class='ocrx_word' id='word_1_121' title='bbox 945 1763 1001 1810; x_wconf 87' lang='lat' dir='ltr'><strong>et</strong></span> <span class='ocrx_word' id='word_1_122' title='bbox 1041 1764 1189 1809; x_wconf 85' lang='lat' dir='ltr'><strong>totos</strong></span> <span class='ocrx_word' id='word_1_123' title='bbox 1235 1763 1389 1809; x_wconf 89' lang='lat' dir='ltr'><strong>utres</strong></span> <span class='ocrx_word' id='word_1_124' title='bbox 1425 1752 1738 1823; x_wconf 87' lang='lat' dir='ltr'><strong>implerent,</strong></span> <span class='ocrx_word' id='word_1_125' title='bbox 1768 1766 1965 1821; x_wconf 85' lang='lat' dir='ltr'><strong>aquam</strong></span> <span class='ocrx_word' id='word_1_126' title='bbox 2024 1765 2124 1819; x_wconf 90' lang='lat' dir='ltr'><strong>pro</strong></span> 
     </span>
    </p>
   </div>
   <div class='ocr_carea' id='block_1_20' title="bbox 541 1847 2121 1911">
    <p class='ocr_par' dir='ltr' id='par_1_20' title="bbox 541 1847 2121 1911">
     <span class='ocr_line' id='line_1_20' title="bbox 541 1847 2121 1911; baseline -0.007 -8"><span class='ocrx_word' id='word_1_127' title='bbox 541 1864 769 1903; x_wconf 80' lang='lat' dir='ltr'><strong>munere</strong></span> <span class='ocrx_word' id='word_1_128' title='bbox 803 1847 1025 1902; x_wconf 90' lang='lat' dir='ltr'><strong>domum</strong></span> <span class='ocrx_word' id='word_1_129' title='bbox 1067 1847 1453 1909; x_wconf 85' lang='lat' dir='ltr'><strong>conferentes;</strong></span> <span class='ocrx_word' id='word_1_130' title='bbox 1496 1860 1600 1900; x_wconf 90' lang='lat' dir='ltr'><strong>nec</strong></span> <span class='ocrx_word' id='word_1_131' title='bbox 1653 1853 1837 1899; x_wconf 80' lang='lat' dir='ltr'><strong>tamen</strong></span> <span class='ocrx_word' id='word_1_132' title='bbox 1883 1857 2121 1911; x_wconf 84' lang='lat' dir='ltr'><strong>unquam</strong></span> 
     </span>
    </p>
   </div>
   <div class='ocr_carea' id='block_1_21' title="bbox 540 1937 1581 1996">
    <p class='ocr_par' dir='ltr' id='par_1_21' title="bbox 540 1937 1581 1996">
     <span class='ocr_line' id='line_1_21' title="bbox 540 1937 1581 1996; baseline -0.009 0"><span class='ocrx_word' id='word_1_133' title='bbox 540 1940 638 1996; x_wconf 84' lang='lat' dir='ltr'><strong>illo</strong></span> <span class='ocrx_word' id='word_1_134' title='bbox 671 1956 816 1994; x_wconf 87' lang='lat' dir='ltr'><strong>anno</strong></span> <span class='ocrx_word' id='word_1_135' title='bbox 859 1939 1099 1995; x_wconf 86' lang='lat' dir='ltr'><strong>cisterna</strong></span> <span class='ocrx_word' id='word_1_136' title='bbox 1146 1938 1250 1991; x_wconf 84' lang='lat' dir='ltr'><strong>fuit</strong></span> <span class='ocrx_word' id='word_1_137' title='bbox 1296 1937 1581 1991; x_wconf 80' lang='lat' dir='ltr'><strong>exhausta.</strong></span> 
     </span>
    </p>
   </div>
   <div class='ocr_carea' id='block_1_22' title="bbox 616 2192 2125 2264">
    <p class='ocr_par' dir='ltr' id='par_1_22' title="bbox 616 2192 2125 2264">
     <span class='ocr_line' id='line_1_22' title="bbox 616 2192 2125 2264; baseline 0.001 -17"><span class='ocrx_word' id='word_1_138' title='bbox 616 2194 736 2249; x_wconf 68' lang='lat'><strong>100.</strong></span> <span class='ocrx_word' id='word_1_139' title='bbox 768 2195 1008 2264; x_wconf 71' lang='lat' dir='ltr'><strong>Vigilius</strong></span> <span class='ocrx_word' id='word_1_140' title='bbox 1042 2194 1286 2264; x_wconf 73' lang='lat' dir='ltr'><strong>quidam,</strong></span> <span class='ocrx_word' id='word_1_141' title='bbox 1318 2192 1558 2249; x_wconf 77' lang='lat' dir='ltr'><strong>famulus</strong></span> <span class='ocrx_word' id='word_1_142' title='bbox 1609 2194 1948 2250; x_wconf 71' lang='lat' dir='ltr'><strong>domesticus</strong></span> <span class='ocrx_word' id='word_1_143' title='bbox 1995 2197 2125 2250; x_wconf 88' lang='lat' dir='ltr'><strong>olim</strong></span> 
     </span>
    </p>
   </div>
   <div class='ocr_carea' id='block_1_23' title="bbox 544 2285 2128 2358">
    <p class='ocr_par' dir='ltr' id='par_1_23' title="bbox 544 2285 2128 2358">
     <span class='ocr_line' id='line_1_23' title="bbox 544 2285 2128 2358; baseline 0.002 -19"><span class='ocrx_word' id='word_1_144' title='bbox 544 2287 875 2357; x_wconf 69' lang='lat' dir='ltr'><strong>patriarchae</strong></span> <span class='ocrx_word' id='word_1_145' title='bbox 898 2287 1163 2355; x_wconf 81' lang='lat' dir='ltr'><strong>Ephraim</strong></span> <span class='ocrx_word' id='word_1_146' title='bbox 1194 2285 1372 2340; x_wconf 84' lang='lat' dir='ltr'><strong>felicis</strong></span> <span class='ocrx_word' id='word_1_147' title='bbox 1400 2287 1701 2351; x_wconf 70' lang='lat' dir='ltr'><strong>memorim,</strong></span> <span class='ocrx_word' id='word_1_148' title='bbox 1747 2295 1863 2340; x_wconf 86' lang='lat' dir='ltr'><strong>toto</strong></span> <span class='ocrx_word' id='word_1_149' title='bbox 1897 2303 2128 2358; x_wconf 86' lang='lat' dir='ltr'><strong>corpore</strong></span> 
     </span>
    </p>
   </div>
   <div class='ocr_carea' id='block_1_24' title="bbox 504 2378 2130 2461">
    <p class='ocr_par' dir='ltr' id='par_1_24' title="bbox 504 2378 2130 2461">
     <span class='ocr_line' id='line_1_24' title="bbox 504 2378 2130 2461; baseline 0 -27"><span class='ocrx_word' id='word_1_150' title='bbox 504 2380 897 2449; x_wconf 62' lang='lat' dir='ltr'><strong>.paralyticus,</strong></span> <span class='ocrx_word' id='word_1_151' title='bbox 953 2380 1178 2430; x_wconf 86' lang='lat' dir='ltr'><strong>tertium</strong></span> <span class='ocrx_word' id='word_1_152' title='bbox 1216 2378 1325 2448; x_wconf 86' lang='lat' dir='ltr'><strong>jam</strong></span> <span class='ocrx_word' id='word_1_153' title='bbox 1376 2393 1581 2432; x_wconf 87' lang='lat' dir='ltr'><strong>annum</strong></span> <span class='ocrx_word' id='word_1_154' title='bbox 1631 2378 1697 2432; x_wconf 87' lang='lat' dir='ltr'><strong>ad</strong></span> <span class='ocrx_word' id='word_1_155' title='bbox 1746 2395 1928 2461; x_wconf 70' lang='lat' dir='ltr'><strong>sacras</strong></span> <span class='ocrx_word' id='word_1_156' title='bbox 1984 2379 2130 2435; x_wconf 71' lang='lat' dir='ltr'><strong>aedes</strong></span> 
     </span>
    </p>
   </div>
   <div class='ocr_carea' id='block_1_25' title="bbox 538 2468 2126 2540">
    <p class='ocr_par' dir='ltr' id='par_1_25' title="bbox 538 2468 2126 2540">
     <span class='ocr_line' id='line_1_25' title="bbox 538 2468 2126 2540; baseline 0 -17"><span class='ocrx_word' id='word_1_157' title='bbox 538 2469 810 2540; x_wconf 74' lang='lat' dir='ltr'><strong>iacuerat,</strong></span> <span class='ocrx_word' id='word_1_158' title='bbox 853 2468 1198 2538; x_wconf 79' lang='lat' dir='ltr'><strong>medicisque</strong></span> <span class='ocrx_word' id='word_1_159' title='bbox 1258 2483 1318 2522; x_wconf 92' lang='lat' dir='ltr'><strong>se</strong></span> <span class='ocrx_word' id='word_1_160' title='bbox 1369 2469 1672 2523; x_wconf 87' lang='lat' dir='ltr'><strong>curandum</strong></span> <span class='ocrx_word' id='word_1_161' title='bbox 1728 2470 2126 2525; x_wconf 85' lang='lat' dir='ltr'><strong>commiserat:</strong></span> 
     </span>
    </p>
   </div>
   <div class='ocr_carea' id='block_1_26' title="bbox 543 2559 2131 2630">
    <p class='ocr_par' dir='ltr' id='par_1_26' title="bbox 543 2559 2131 2630">
     <span class='ocr_line' id='line_1_26' title="bbox 543 2559 2131 2630; baseline 0.001 -16"><span class='ocrx_word' id='word_1_162' title='bbox 543 2569 933 2630; x_wconf 78' lang='lat' dir='ltr'><strong>quorum&#39;arte</strong></span> <span class='ocrx_word' id='word_1_163' title='bbox 956 2559 1092 2613; x_wconf 90' lang='lat' dir='ltr'><strong>nihil</strong></span> <span class='ocrx_word' id='word_1_164' title='bbox 1123 2568 1458 2614; x_wconf 89' lang='lat' dir='ltr'><strong>consecutus</strong></span> <span class='ocrx_word' id='word_1_165' title='bbox 1484 2560 1588 2615; x_wconf 90' lang='lat' dir='ltr'><strong>nisi</strong></span> <span class='ocrx_word' id='word_1_166' title='bbox 1614 2560 1760 2630; x_wconf 89' lang='lat' dir='ltr'><strong>quod</strong></span> <span class='ocrx_word' id='word_1_167' title='bbox 1785 2561 2131 2615; x_wconf 74' lang='lat' dir='ltr'><strong>manifestius</strong></span> 
     </span>
    </p>
   </div>
   <div class='ocr_carea' id='block_1_27' title="bbox 544 2652 2131 2728">
    <p class='ocr_par' dir='ltr' id='par_1_27' title="bbox 544 2652 2131 2728">
     <span class='ocr_line' id='line_1_27' title="bbox 544 2652 2131 2728; baseline 0.001 -20"><span class='ocrx_word' id='word_1_168' title='bbox 544 2657 652 2728; x_wconf 74' lang='lat' dir='ltr'><strong>jam</strong></span> <span class='ocrx_word' id='word_1_169' title='bbox 674 2653 1073 2707; x_wconf 85' lang='lat' dir='ltr'><strong>conclamatum</strong></span> <span class='ocrx_word' id='word_1_170' title='bbox 1097 2662 1243 2707; x_wconf 80' lang='lat' dir='ltr'><strong>esset</strong></span> <span class='ocrx_word' id='word_1_171' title='bbox 1272 2652 1340 2707; x_wconf 93' lang='lat' dir='ltr'><strong>de</strong></span> <span class='ocrx_word' id='word_1_172' title='bbox 1370 2653 1519 2720; x_wconf 76' lang='lat' dir='ltr'><strong>vita;</strong></span> <span class='ocrx_word' id='word_1_173' title='bbox 1547 2662 1755 2708; x_wconf 83' lang='lat' dir='ltr'><strong>tantum</strong></span> <span class='ocrx_word' id='word_1_174' title='bbox 1786 2654 1872 2708; x_wconf 76' lang='lat' dir='ltr'><strong>uti</strong></span> <span class='ocrx_word' id='word_1_175' title='bbox 1904 2662 2131 2709; x_wconf 84' lang='lat' dir='ltr'><strong>trum-us</strong></span> 
     </span>
    </p>
   </div>
   <div class='ocr_carea' id='block_1_28' title="bbox 544 2745 2129 2816">
    <p class='ocr_par' dir='ltr' id='par_1_28' title="bbox 544 2745 2129 2816">
     <span class='ocr_line' id='line_1_28' title="bbox 544 2745 2129 2816; baseline 0 -16"><span class='ocrx_word' id='word_1_176' title='bbox 544 2746 837 2808; x_wconf 79' lang='lat' dir='ltr'><strong>exanimis,</strong></span> <span class='ocrx_word' id='word_1_177' title='bbox 885 2755 979 2800; x_wconf 85' lang='lat' dir='ltr'><strong>aut</strong></span> <span class='ocrx_word' id='word_1_178' title='bbox 1009 2747 1195 2814; x_wconf 89' lang='lat' dir='ltr'><strong>potius</strong></span> <span class='ocrx_word' id='word_1_179' title='bbox 1242 2745 1461 2816; x_wconf 83' lang='lat' dir='ltr'><strong>spirans</strong></span> <span class='ocrx_word' id='word_1_180' title='bbox 1487 2746 1741 2810; x_wconf 82' lang='lat' dir='ltr'><strong>cadaver,</strong></span> <span class='ocrx_word' id='word_1_181' title='bbox 1771 2746 1836 2800; x_wconf 89' lang='lat' dir='ltr'><strong>ad</strong></span> <span class='ocrx_word' id='word_1_182' title='bbox 1878 2753 2129 2800; x_wconf 86' lang='lat' dir='ltr'><strong>sanctum</strong></span> 
     </span>
    </p>
   </div>
   <div class='ocr_carea' id='block_1_29' title="bbox 546 2837 2132 2908">
    <p class='ocr_par' dir='ltr' id='par_1_29' title="bbox 546 2837 2132 2908">
     <span class='ocr_line' id='line_1_29' title="bbox 546 2837 2132 2908; baseline 0.001 -18"><span class='ocrx_word' id='word_1_183' title='bbox 546 2837 862 2891; x_wconf 80' lang='lat' dir='ltr'><strong>advehitur.</strong></span> <span class='ocrx_word' id='word_1_184' title='bbox 908 2837 1121 2892; x_wconf 81' lang='lat' dir='ltr'><strong>Jaeitur</strong></span> <span class='ocrx_word' id='word_1_185' title='bbox 1166 2837 1538 2892; x_wconf 87' lang='lat' dir='ltr'><strong>miserandum</strong></span> <span class='ocrx_word' id='word_1_186' title='bbox 1584 2838 1960 2908; x_wconf 88' lang='lat' dir='ltr'><strong>spectaculum</strong></span> <span class='ocrx_word' id='word_1_187' title='bbox 2005 2846 2132 2892; x_wconf 88' lang='lat' dir='ltr'><strong>ante</strong></span> 
     </span>
    </p>
   </div>
   <div class='ocr_carea' id='block_1_30' title="bbox 546 2924 2137 3000">
    <p class='ocr_par' dir='ltr' id='par_1_30' title="bbox 546 2924 2137 3000">
     <span class='ocr_line' id='line_1_30' title="bbox 546 2924 2137 3000; baseline 0.001 -19"><span class='ocrx_word' id='word_1_188' title='bbox 546 2928 741 2983; x_wconf 77' lang='lat' dir='ltr'><strong>faciem</strong></span> <span class='ocrx_word' id='word_1_189' title='bbox 785 2930 891 2983; x_wconf 86' lang='lat' dir='ltr'><strong>viri</strong></span> <span class='ocrx_word' id='word_1_190' title='bbox 940 2930 1189 3000; x_wconf 82' lang='lat' dir='ltr'><strong>benigni,</strong></span> <span class='ocrx_word' id='word_1_191' title='bbox 1232 2930 1466 2984; x_wconf 88' lang='lat' dir='ltr'><strong>multum</strong></span> <span class='ocrx_word' id='word_1_192' title='bbox 1498 2931 1723 2985; x_wconf 85' lang='lat' dir='ltr'><strong>trahens</strong></span> <span class='ocrx_word' id='word_1_193' title='bbox 1753 2945 1940 2985; x_wconf 87' lang='lat' dir='ltr'><strong>secum</strong></span> <span class='ocrx_word' id='word_1_194' title='bbox 1960 2924 2137 2983; x_wconf 84' lang='lat' dir='ltr'><strong>mise-</strong></span> 
     </span>
    </p>
   </div>
   <div class='ocr_carea' id='block_1_31' title="bbox 548 3020 2133 3093">
    <p class='ocr_par' dir='ltr' id='par_1_31' title="bbox 548 3020 2133 3093">
     <span class='ocr_line' id='line_1_31' title="bbox 548 3020 2133 3093; baseline 0.002 -21"><span class='ocrx_word' id='word_1_195' title='bbox 548 3020 797 3085; x_wconf 86' lang='lat' dir='ltr'><strong>rationis;</strong></span> <span class='ocrx_word' id='word_1_196' title='bbox 833 3036 997 3090; x_wconf 83' lang='lat' dir='ltr'><strong>quam</strong></span> <span class='ocrx_word' id='word_1_197' title='bbox 1032 3031 1088 3074; x_wconf 89' lang='lat' dir='ltr'><strong>et</strong></span> <span class='ocrx_word' id='word_1_198' title='bbox 1115 3021 1384 3091; x_wconf 82' lang='lat' dir='ltr'><strong>impertiri</strong></span> <span class='ocrx_word' id='word_1_199' title='bbox 1406 3024 1650 3093; x_wconf 86' lang='lat' dir='ltr'><strong>paratior</strong></span> <span class='ocrx_word' id='word_1_200' title='bbox 1679 3022 1771 3078; x_wconf 85' lang='lat' dir='ltr'><strong>hic</strong></span> <span class='ocrx_word' id='word_1_201' title='bbox 1790 3032 1934 3086; x_wconf 88' lang='lat' dir='ltr'><strong>erat,</strong></span> <span class='ocrx_word' id='word_1_202' title='bbox 1966 3038 2133 3090; x_wconf 83' lang='lat' dir='ltr'><strong>quam</strong></span> 
     </span>
    </p>
   </div>
   <div class='ocr_carea' id='block_1_32' title="bbox 2223 532 3799 617">
    <p class='ocr_par' dir='ltr' id='par_1_32' title="bbox 2223 532 3799 617">
     <span class='ocr_line' id='line_1_32' title="bbox 2223 532 3799 617; baseline -0.008 -18"><span class='ocrx_word' id='word_1_203' title='bbox 2223 546 2412 617; x_wconf 82' lang='grc' dir='ltr'>λάκκῳ</span> <span class='ocrx_word' id='word_1_204' title='bbox 2435 545 2755 606; x_wconf 79' lang='grc' dir='ltr'>ὲπιθέντων,</span> <span class='ocrx_word' id='word_1_205' title='bbox 2794 540 2886 595; x_wconf 73' lang='grc' dir='ltr'><strong>καὶ</strong></span> <span class='ocrx_word' id='word_1_206' title='bbox 2915 539 3101 593; x_wconf 87' lang='grc' dir='ltr'>κλεῖδα</span> <span class='ocrx_word' id='word_1_207' title='bbox 3126 532 3201 609; x_wconf 71' lang='grc' dir='ltr'>τῇ</span> <span class='ocrx_word' id='word_1_208' title='bbox 3220 535 3364 607; x_wconf 77' lang='grc' dir='ltr'>θύρᾳ</span> <span class='ocrx_word' id='word_1_209' title='bbox 3386 534 3756 589; x_wconf 71' lang='grc' dir='ltr'>ἐπιϐαλόντων</span> <span class='ocrx_word' id='word_1_210' title='bbox 3786 553 3799 565; x_wconf 94' lang='grc'><strong>·</strong></span> 
     </span>
    </p>
   </div>
   <div class='ocr_carea' id='block_1_33' title="bbox 2222 626 3803 709">
    <p class='ocr_par' dir='ltr' id='par_1_33' title="bbox 2222 626 3803 709">
     <span class='ocr_line' id='line_1_33' title="bbox 2222 626 3803 709; baseline -0.009 -18"><span class='ocrx_word' id='word_1_211' title='bbox 2222 639 2326 709; x_wconf 79' lang='grc' dir='ltr'>όρᾷ</span> <span class='ocrx_word' id='word_1_212' title='bbox 2353 636 2429 708; x_wconf 77' lang='grc' dir='ltr'>τῷ</span> <span class='ocrx_word' id='word_1_213' title='bbox 2457 636 2732 707; x_wconf 81' lang='grc' dir='ltr'>πνεύματι</span> <span class='ocrx_word' id='word_1_214' title='bbox 2758 636 2787 686; x_wconf 92' lang='grc' dir='ltr'><strong>ό</strong></span> <span class='ocrx_word' id='word_1_215' title='bbox 2817 633 3043 702; x_wconf 85' lang='grc' dir='ltr'>Συμεὼν</span> <span class='ocrx_word' id='word_1_216' title='bbox 3071 627 3267 683; x_wconf 80' lang='grc' dir='ltr'>ἑαυτὸν</span> <span class='ocrx_word' id='word_1_217' title='bbox 3296 627 3441 682; x_wconf 72' lang='grc' dir='ltr'>κατὰ</span> <span class='ocrx_word' id='word_1_218' title='bbox 3478 626 3571 709; x_wconf 70' lang='grc' dir='ltr'>τὸν</span> <span class='ocrx_word' id='word_1_219' title='bbox 3607 627 3803 679; x_wconf 79' lang='grc' dir='ltr'>λάκκον</span> 
     </span>
    </p>
   </div>
   <div class='ocr_carea' id='block_1_34' title="bbox 2222 706 3804 798">
    <p class='ocr_par' dir='ltr' id='par_1_34' title="bbox 2222 706 3804 798">
     <span class='ocr_line' id='line_1_34' title="bbox 2222 706 3804 798; baseline -0.009 -15"><span class='ocrx_word' id='word_1_220' title='bbox 2222 706 2387 784; x_wconf 56' lang='grc' dir='ltr'>οἱονεὶ</span> <span class='ocrx_word' id='word_1_221' title='bbox 2404 706 2713 798; x_wconf 73' lang='grc' dir='ltr'>γεγονότα,</span> <span class='ocrx_word' id='word_1_222' title='bbox 2740 725 2802 779; x_wconf 89' lang='grc' dir='ltr'><strong>τό</strong></span> <span class='ocrx_word' id='word_1_223' title='bbox 2830 741 2889 777; x_wconf 86' lang='grc' dir='ltr'><strong>τε</strong></span> <span class='ocrx_word' id='word_1_224' title='bbox 2927 722 3070 794; x_wconf 80' lang='grc' dir='ltr'>ὕδωρ</span> <span class='ocrx_word' id='word_1_225' title='bbox 3094 721 3435 791; x_wconf 76' lang='grc' dir='ltr'><strong>ἀμφοτέραις</strong></span> <span class='ocrx_word' id='word_1_226' title='bbox 3462 706 3654 789; x_wconf 67' lang='grc' dir='ltr'>χερσὶν</span> <span class='ocrx_word' id='word_1_227' title='bbox 3677 719 3804 769; x_wconf 88' lang='grc' dir='ltr'>ἀνα-</span> 
     </span>
    </p>
   </div>
   <div class='ocr_carea' id='block_1_35' title="bbox 2223 808 3802 893">
    <p class='ocr_par' dir='ltr' id='par_1_35' title="bbox 2223 808 3802 893">
     <span class='ocr_line' id='line_1_35' title="bbox 2223 808 3802 893; baseline -0.009 -18"><span class='ocrx_word' id='word_1_228' title='bbox 2223 824 2592 893; x_wconf 72' lang='grc' dir='ltr'>ταράσσοντα,</span> <span class='ocrx_word' id='word_1_229' title='bbox 2631 820 2725 873; x_wconf 79' lang='grc' dir='ltr'>καὶ</span> <span class='ocrx_word' id='word_1_230' title='bbox 2752 817 2944 887; x_wconf 82' lang='grc' dir='ltr'>ὥσπερ</span> <span class='ocrx_word' id='word_1_231' title='bbox 2982 816 3097 869; x_wconf 80' lang='grc' dir='ltr'>ἄνω</span> <span class='ocrx_word' id='word_1_232' title='bbox 3124 812 3390 883; x_wconf 80' lang='grc' dir='ltr'>φέρεσθαι</span> <span class='ocrx_word' id='word_1_233' title='bbox 3419 813 3515 866; x_wconf 80' lang='grc' dir='ltr'>καὶ</span> <span class='ocrx_word' id='word_1_234' title='bbox 3563 815 3645 873; x_wconf 80' lang='grc' dir='ltr'><strong>εις</strong></span> <span class='ocrx_word' id='word_1_235' title='bbox 3671 808 3802 878; x_wconf 79' lang='grc' dir='ltr'>πλῆ-</span> 
     </span>
    </p>
   </div>
   <div class='ocr_carea' id='block_1_36' title="bbox 2225 903 3803 978">
    <p class='ocr_par' dir='ltr' id='par_1_36' title="bbox 2225 903 3803 978">
     <span class='ocr_line' id='line_1_36' title="bbox 2225 903 3803 978; baseline -0.008 -11"><span class='ocrx_word' id='word_1_236' title='bbox 2225 914 2316 978; x_wconf 89' lang='grc' dir='ltr'><strong>θος</strong></span> <span class='ocrx_word' id='word_1_237' title='bbox 2372 912 2665 966; x_wconf 75' lang='grc' dir='ltr'><strong>ἐπιδιδόναι</strong></span> <span class='ocrx_word' id='word_1_238' title='bbox 2723 907 3009 962; x_wconf 74' lang='grc' dir='ltr'>ποιοῦντα.</span> <span class='ocrx_word' id='word_1_239' title='bbox 3043 904 3398 974; x_wconf 78' lang='grc' dir='ltr'><strong>Συγκαλέσας</strong></span> <span class='ocrx_word' id='word_1_240' title='bbox 3454 903 3635 955; x_wconf 75' lang='grc' dir='ltr'>τοίνυν</span> <span class='ocrx_word' id='word_1_241' title='bbox 3682 903 3803 964; x_wconf 70' lang='grc' dir='ltr'>τοὺς</span> 
     </span>
    </p>
   </div>
   <div class='ocr_carea' id='block_1_37' title="bbox 2225 995 3805 1076">
    <p class='ocr_par' dir='ltr' id='par_1_37' title="bbox 2225 995 3805 1076">
     <span class='ocr_line' id='line_1_37' title="bbox 2225 995 3805 1076; baseline -0.009 -15"><span class='ocrx_word' id='word_1_242' title='bbox 2225 1007 2511 1075; x_wconf 79' lang='grc' dir='ltr'>ἀδελφοὺς,</span> <span class='ocrx_word' id='word_1_243' title='bbox 2540 1001 2668 1076; x_wconf 80' lang='grc' dir='ltr'>ἆραι</span> <span class='ocrx_word' id='word_1_244' title='bbox 2723 1000 2936 1056; x_wconf 81' lang='grc' dir='ltr'>κελεύει</span> <span class='ocrx_word' id='word_1_245' title='bbox 2986 1000 3084 1071; x_wconf 81' lang='grc' dir='ltr'>τὴν</span> <span class='ocrx_word' id='word_1_246' title='bbox 3139 997 3359 1062; x_wconf 86' lang='grc' dir='ltr'>κλεῖδα,</span> <span class='ocrx_word' id='word_1_247' title='bbox 3409 997 3487 1059; x_wconf 83' lang='grc' dir='ltr'>ὠς</span> <span class='ocrx_word' id='word_1_248' title='bbox 3536 995 3805 1070; x_wconf 75' lang='grc' dir='ltr'><strong>ἀνεῷχθαι</strong></span> 
     </span>
    </p>
   </div>
   <div class='ocr_carea' id='block_1_38' title="bbox 2225 1084 3804 1168">
    <p class='ocr_par' dir='ltr' id='par_1_38' title="bbox 2225 1084 3804 1168">
     <span class='ocr_line' id='line_1_38' title="bbox 2225 1084 3804 1168; baseline -0.009 -15"><span class='ocrx_word' id='word_1_249' title='bbox 2225 1100 2390 1153; x_wconf 71' lang='grc' dir='ltr'>παντὶ</span> <span class='ocrx_word' id='word_1_250' title='bbox 2421 1099 2511 1151; x_wconf 81' lang='grc' dir='ltr'><strong>τὸν</strong></span> <span class='ocrx_word' id='word_1_251' title='bbox 2536 1098 2739 1151; x_wconf 82' lang='grc' dir='ltr'>λάκκον</span> <span class='ocrx_word' id='word_1_252' title='bbox 2768 1092 3091 1168; x_wconf 74' lang='grc' dir='ltr'><strong>ὑδρεύεσθαι</strong></span> <span class='ocrx_word' id='word_1_253' title='bbox 3114 1090 3450 1161; x_wconf 79' lang='grc' dir='ltr'><strong>βουλομένῳ.</strong></span> <span class='ocrx_word' id='word_1_254' title='bbox 3507 1084 3804 1158; x_wconf 75' lang='grc' dir='ltr'>Ἐπιοκοπὴ</span> 
     </span>
    </p>
   </div>
   <div class='ocr_carea' id='block_1_39' title="bbox 2225 1180 3800 1262">
    <p class='ocr_par' dir='ltr' id='par_1_39' title="bbox 2225 1180 3800 1262">
     <span class='ocr_line' id='line_1_39' title="bbox 2225 1180 3800 1262; baseline -0.008 -17"><span class='ocrx_word' id='word_1_255' title='bbox 2225 1190 2357 1260; x_wconf 81' lang='grc' dir='ltr'>γὰρ,</span> <span class='ocrx_word' id='word_1_256' title='bbox 2386 1190 2573 1262; x_wconf 71' lang='grc' dir='ltr'>φησὶν,</span> <span class='ocrx_word' id='word_1_257' title='bbox 2608 1187 2814 1244; x_wconf 82' lang='grc' dir='ltr'>ἄνωθεν</span> <span class='ocrx_word' id='word_1_258' title='bbox 2866 1187 2954 1239; x_wconf 74' lang='grc' dir='ltr'><strong>ἐπ’</strong></span> <span class='ocrx_word' id='word_1_259' title='bbox 3019 1183 3167 1252; x_wconf 80' lang='grc' dir='ltr'>αύτῷ</span> <span class='ocrx_word' id='word_1_260' title='bbox 3217 1182 3457 1251; x_wconf 88' lang='grc' dir='ltr'>γεγόνει,</span> <span class='ocrx_word' id='word_1_261' title='bbox 3487 1180 3585 1233; x_wconf 67' lang='grc' dir='ltr'><strong>καὶ</strong></span> <span class='ocrx_word' id='word_1_262' title='bbox 3622 1180 3800 1233; x_wconf 73' lang='grc' dir='ltr'>ούκῖτι</span> 
     </span>
    </p>
   </div>
   <div class='ocr_carea' id='block_1_40' title="bbox 2146 1268 3801 1346">
    <p class='ocr_par' dir='ltr' id='par_1_40' title="bbox 2146 1268 3801 1346">
     <span class='ocr_line' id='line_1_40' title="bbox 2146 1268 3801 1346; baseline -0.01 -10"><span class='ocrx_word' id='word_1_263' title='bbox 2146 1278 2151 1289; x_wconf 47' lang='grc'><strong>⁸</strong></span> <span class='ocrx_word' id='word_1_264' title='bbox 2225 1281 2474 1336; x_wconf 70' lang='grc' dir='ltr'>ὲνιαυτὲν</span> <span class='ocrx_word' id='word_1_265' title='bbox 2527 1278 2719 1333; x_wconf 77' lang='grc' dir='ltr'>τοῦτον</span> <span class='ocrx_word' id='word_1_266' title='bbox 2753 1275 3023 1346; x_wconf 58' lang='grc' dir='ltr'>οὐδαμῶς,</span> <span class='ocrx_word' id='word_1_267' title='bbox 3058 1272 3301 1341; x_wconf 78' lang='grc' dir='ltr'>ἐκλείψει</span> <span class='ocrx_word' id='word_1_268' title='bbox 3334 1289 3350 1303; x_wconf 87' lang='grc'><strong>·</strong></span> <span class='ocrx_word' id='word_1_269' title='bbox 3388 1269 3535 1324; x_wconf 79' lang='grc' dir='ltr'>κατὰ</span> <span class='ocrx_word' id='word_1_270' title='bbox 3558 1269 3724 1331; x_wconf 83' lang='grc' dir='ltr'>πόδας</span> <span class='ocrx_word' id='word_1_271' title='bbox 3749 1268 3801 1321; x_wconf 78' lang='grc' dir='ltr'>δὲ</span> 
     </span>
    </p>
   </div>
   <div class='ocr_carea' id='block_1_41' title="bbox 2226 1360 3800 1443">
    <p class='ocr_par' dir='ltr' id='par_1_41' title="bbox 2226 1360 3800 1443">
     <span class='ocr_line' id='line_1_41' title="bbox 2226 1360 3800 1443; baseline -0.01 -14"><span class='ocrx_word' id='word_1_272' title='bbox 2226 1375 2321 1429; x_wconf 70' lang='grc' dir='ltr'>καὶ</span> <span class='ocrx_word' id='word_1_273' title='bbox 2348 1373 2410 1427; x_wconf 73' lang='grc' dir='ltr'>τὸ</span> <span class='ocrx_word' id='word_1_274' title='bbox 2439 1372 2598 1443; x_wconf 71' lang='grc' dir='ltr'>ἔργον</span> <span class='ocrx_word' id='word_1_275' title='bbox 2631 1368 3026 1442; x_wconf 75' lang='grc' dir='ltr'>ἐπηκολούθει·</span> <span class='ocrx_word' id='word_1_276' title='bbox 3072 1366 3135 1420; x_wconf 76' lang='grc' dir='ltr'><strong>ού</strong></span> <span class='ocrx_word' id='word_1_277' title='bbox 3167 1367 3276 1435; x_wconf 81' lang='grc' dir='ltr'><strong>γὰρ</strong></span> <span class='ocrx_word' id='word_1_278' title='bbox 3302 1363 3466 1432; x_wconf 86' lang='grc' dir='ltr'>μόνον</span> <span class='ocrx_word' id='word_1_279' title='bbox 3503 1361 3566 1425; x_wconf 73' lang='grc' dir='ltr'>ἐξ</span> <span class='ocrx_word' id='word_1_280' title='bbox 3598 1360 3800 1413; x_wconf 73' lang='grc' dir='ltr'>ἐκείνου</span> 
     </span>
    </p>
   </div>
   <div class='ocr_carea' id='block_1_42' title="bbox 2226 1452 3802 1532">
    <p class='ocr_par' dir='ltr' id='par_1_42' title="bbox 2226 1452 3802 1532">
     <span class='ocr_line' id='line_1_42' title="bbox 2226 1452 3802 1532; baseline -0.01 -13"><span class='ocrx_word' id='word_1_281' title='bbox 2226 1466 2427 1528; x_wconf 78' lang='grc' dir='ltr'>πάντες</span> <span class='ocrx_word' id='word_1_282' title='bbox 2456 1463 2666 1517; x_wconf 73' lang='grc' dir='ltr'>ἐκεῖθεν</span> <span class='ocrx_word' id='word_1_283' title='bbox 2697 1463 2747 1515; x_wconf 74' lang='grc' dir='ltr'>οἱ</span> <span class='ocrx_word' id='word_1_284' title='bbox 2777 1462 2875 1532; x_wconf 69' lang='grc' dir='ltr'>τῆς</span> <span class='ocrx_word' id='word_1_285' title='bbox 2908 1461 3074 1531; x_wconf 84' lang='grc' dir='ltr'>μονῆς</span> <span class='ocrx_word' id='word_1_286' title='bbox 3125 1456 3262 1526; x_wconf 86' lang='grc' dir='ltr'>πρός</span> <span class='ocrx_word' id='word_1_287' title='bbox 3286 1474 3348 1509; x_wconf 85' lang='grc' dir='ltr'><strong>τε</strong></span> <span class='ocrx_word' id='word_1_288' title='bbox 3381 1455 3486 1527; x_wconf 80' lang='grc' dir='ltr'><strong>τὴν</strong></span> <span class='ocrx_word' id='word_1_289' title='bbox 3523 1452 3619 1506; x_wconf 78' lang='grc' dir='ltr'>τοῦ</span> <span class='ocrx_word' id='word_1_290' title='bbox 3654 1453 3802 1522; x_wconf 81' lang='grc' dir='ltr'>ἀρτο-</span> 
     </span>
    </p>
   </div>
   <div class='ocr_carea' id='block_1_43' title="bbox 2226 1536 3799 1623">
    <p class='ocr_par' dir='ltr' id='par_1_43' title="bbox 2226 1536 3799 1623">
     <span class='ocr_line' id='line_1_43' title="bbox 2226 1536 3799 1623; baseline -0.008 -15"><span class='ocrx_word' id='word_1_291' title='bbox 2226 1555 2453 1618; x_wconf 82' lang='grc' dir='ltr'>ποιείου,</span> <span class='ocrx_word' id='word_1_292' title='bbox 2482 1551 2683 1607; x_wconf 74' lang='grc' dir='ltr'>καὶτοῦ</span> <span class='ocrx_word' id='word_1_293' title='bbox 2707 1552 3046 1623; x_wconf 82' lang='grc' dir='ltr'>μαγειρειου,</span> <span class='ocrx_word' id='word_1_294' title='bbox 3067 1549 3163 1603; x_wconf 72' lang='grc' dir='ltr'><strong>καὶ</strong></span> <span class='ocrx_word' id='word_1_295' title='bbox 3182 1548 3281 1612; x_wconf 73' lang='grc' dir='ltr'>τὰς</span> <span class='ocrx_word' id='word_1_296' title='bbox 3301 1546 3499 1610; x_wconf 69' lang='grc' dir='ltr'>λοιπὰς</span> <span class='ocrx_word' id='word_1_297' title='bbox 3532 1536 3799 1615; x_wconf 58' lang='grc' dir='ltr'>ὑδρεύοκήο</span> 
     </span>
    </p>
   </div>
   <div class='ocr_carea' id='block_1_44' title="bbox 2224 1638 3799 1719">
    <p class='ocr_par' dir='ltr' id='par_1_44' title="bbox 2224 1638 3799 1719">
     <span class='ocr_line' id='line_1_44' title="bbox 2224 1638 3799 1719; baseline -0.008 -19"><span class='ocrx_word' id='word_1_298' title='bbox 2224 1648 2436 1719; x_wconf 72' lang='grc' dir='ltr'>χρείας.</span> <span class='ocrx_word' id='word_1_299' title='bbox 2473 1645 2609 1699; x_wconf 81' lang='grc' dir='ltr'><strong>ἀλλὰ</strong></span> <span class='ocrx_word' id='word_1_300' title='bbox 2642 1645 2739 1698; x_wconf 72' lang='grc' dir='ltr'><strong>καλ⁵</strong></span> <span class='ocrx_word' id='word_1_301' title='bbox 2777 1646 2898 1708; x_wconf 86' lang='grc' dir='ltr'>ταῖς</span> <span class='ocrx_word' id='word_1_302' title='bbox 2926 1642 3241 1712; x_wconf 67' lang='grc' dir='ltr'>οἱκοδομαῗς</span> <span class='ocrx_word' id='word_1_303' title='bbox 3293 1642 3501 1700; x_wconf 73' lang='grc' dir='ltr'>ἐκεῖνος</span> <span class='ocrx_word' id='word_1_304' title='bbox 3542 1639 3573 1703; x_wconf 75' lang='grc' dir='ltr'><strong>ό</strong></span> <span class='ocrx_word' id='word_1_305' title='bbox 3610 1638 3799 1699; x_wconf 78' lang='grc' dir='ltr'>λάκκος</span> 
     </span>
    </p>
   </div>
   <div class='ocr_carea' id='block_1_45' title="bbox 2228 1729 3800 1810">
    <p class='ocr_par' dir='ltr' id='par_1_45' title="bbox 2228 1729 3800 1810">
     <span class='ocr_line' id='line_1_45' title="bbox 2228 1729 3800 1810; baseline -0.008 -17"><span class='ocrx_word' id='word_1_306' title='bbox 2228 1740 2481 1810; x_wconf 77' lang='grc' dir='ltr'>ἐχορήγει</span> <span class='ocrx_word' id='word_1_307' title='bbox 2510 1739 2572 1792; x_wconf 80' lang='grc' dir='ltr'><strong>τὸ</strong></span> <span class='ocrx_word' id='word_1_308' title='bbox 2592 1737 2781 1809; x_wconf 68' lang='grc' dir='ltr'>,ὕδωρο</span> <span class='ocrx_word' id='word_1_309' title='bbox 2817 1736 2887 1789; x_wconf 86' lang='grc' dir='ltr'><strong>τά</strong></span> <span class='ocrx_word' id='word_1_310' title='bbox 2917 1751 2979 1788; x_wconf 84' lang='grc' dir='ltr'><strong>τε</strong></span> <span class='ocrx_word' id='word_1_311' title='bbox 3009 1733 3160 1805; x_wconf 73' lang='grc' dir='ltr'>παρὰ</span> <span class='ocrx_word' id='word_1_312' title='bbox 3187 1734 3282 1786; x_wconf 79' lang='grc' dir='ltr'><strong>τὸν</strong></span> <span class='ocrx_word' id='word_1_313' title='bbox 3316 1733 3510 1800; x_wconf 80' lang='grc' dir='ltr'>’Ἀγιον</span> <span class='ocrx_word' id='word_1_314' title='bbox 3543 1729 3800 1799; x_wconf 79' lang='grc' dir='ltr'>ἐρχόμενα</span> 
     </span>
    </p>
   </div>
   <div class='ocr_carea' id='block_1_46' title="bbox 2229 1820 3801 1902">
    <p class='ocr_par' dir='ltr' id='par_1_46' title="bbox 2229 1820 3801 1902">
     <span class='ocr_line' id='line_1_46' title="bbox 2229 1820 3801 1902; baseline -0.008 -17"><span class='ocrx_word' id='word_1_315' title='bbox 2229 1832 2408 1902; x_wconf 81' lang='grc' dir='ltr'><strong>πλήθη</strong></span> <span class='ocrx_word' id='word_1_316' title='bbox 2455 1832 2554 1901; x_wconf 80' lang='grc' dir='ltr'><strong>οὐχ</strong></span> <span class='ocrx_word' id='word_1_317' title='bbox 2599 1831 2749 1893; x_wconf 83' lang='grc' dir='ltr'>ὅπως</span> <span class='ocrx_word' id='word_1_318' title='bbox 2788 1829 2847 1898; x_wconf 74' lang='grc' dir='ltr'>ἐξ</span> <span class='ocrx_word' id='word_1_319' title='bbox 2884 1826 3048 1882; x_wconf 78' lang='grc' dir='ltr'>αὐτοῦ</span> <span class='ocrx_word' id='word_1_320' title='bbox 3087 1825 3289 1890; x_wconf 87' lang='grc' dir='ltr'>πάντες</span> <span class='ocrx_word' id='word_1_321' title='bbox 3326 1824 3533 1887; x_wconf 77' lang='grc' dir='ltr'>ἔπινον,</span> <span class='ocrx_word' id='word_1_322' title='bbox 3559 1820 3692 1875; x_wconf 80' lang='grc' dir='ltr'><strong>ἀλλὰ</strong></span> <span class='ocrx_word' id='word_1_323' title='bbox 3717 1820 3801 1873; x_wconf 73' lang='grc' dir='ltr'>καὶ</span> 
     </span>
    </p>
   </div>
   <div class='ocr_carea' id='block_1_47' title="bbox 2227 1912 3800 1992">
    <p class='ocr_par' dir='ltr' id='par_1_47' title="bbox 2227 1912 3800 1992">
     <span class='ocr_line' id='line_1_47' title="bbox 2227 1912 3800 1992; baseline -0.008 -16"><span class='ocrx_word' id='word_1_324' title='bbox 2227 1925 2427 1992; x_wconf 80' lang='grc' dir='ltr'>ἀγγεῖα</span> <span class='ocrx_word' id='word_1_325' title='bbox 2458 1920 2679 1975; x_wconf 76' lang='grc' dir='ltr'><strong>ποικίλα.</strong></span> <span class='ocrx_word' id='word_1_326' title='bbox 2700 1919 2801 1980; x_wconf 68' lang='grc' dir='ltr'>,καὶ</span> <span class='ocrx_word' id='word_1_327' title='bbox 2829 1919 3033 1982; x_wconf 76' lang='grc' dir='ltr'>ἀσκοὺς</span> <span class='ocrx_word' id='word_1_328' title='bbox 3052 1918 3205 1978; x_wconf 78' lang='grc' dir='ltr'>ὅλους</span> <span class='ocrx_word' id='word_1_329' title='bbox 3238 1914 3536 1985; x_wconf 75' lang='grc' dir='ltr'>ἐπλήρουν,</span> <span class='ocrx_word' id='word_1_330' title='bbox 3566 1912 3800 1980; x_wconf 79' lang='grc' dir='ltr'>εὐλογίαν</span> 
     </span>
    </p>
   </div>
   <div class='ocr_carea' id='block_1_48' title="bbox 2214 2002 3799 2083">
    <p class='ocr_par' dir='ltr' id='par_1_48' title="bbox 2214 2002 3799 2083">
     <span class='ocr_line' id='line_1_48' title="bbox 2214 2002 3799 2083; baseline -0.008 -16"><span class='ocrx_word' id='word_1_331' title='bbox 2214 2006 2411 2068; x_wconf 73' lang='grc' dir='ltr'>⁸οἵκαδε</span> <span class='ocrx_word' id='word_1_332' title='bbox 2455 2013 2833 2083; x_wconf 74' lang='grc' dir='ltr'>κομιζόμενοι,</span> <span class='ocrx_word' id='word_1_333' title='bbox 2881 2010 2977 2065; x_wconf 75' lang='grc' dir='ltr'><strong>καὶ</strong></span> <span class='ocrx_word' id='word_1_334' title='bbox 3019 2008 3079 2063; x_wconf 70' lang='grc' dir='ltr'>τὸ</span> <span class='ocrx_word' id='word_1_335' title='bbox 3123 2008 3267 2078; x_wconf 76' lang='grc' dir='ltr'>ὕδωρ</span> <span class='ocrx_word' id='word_1_336' title='bbox 3302 2005 3515 2059; x_wconf 71' lang='grc' dir='ltr'>ἐκείνου</span> <span class='ocrx_word' id='word_1_337' title='bbox 3544 2004 3633 2057; x_wconf 77' lang='grc' dir='ltr'><strong>τοῦ</strong></span> <span class='ocrx_word' id='word_1_338' title='bbox 3659 2002 3799 2064; x_wconf 60' lang='lat' dir='ltr'><strong>Esau;</strong></span> 
     </span>
    </p>
   </div>
   <div class='ocr_carea' id='block_1_49' title="bbox 2228 2106 2785 2177">
    <p class='ocr_par' dir='ltr' id='par_1_49' title="bbox 2228 2106 2785 2177">
     <span class='ocr_line' id='line_1_49' title="bbox 2228 2106 2785 2177; baseline -0.002 -16"><span class='ocrx_word' id='word_1_339' title='bbox 2228 2107 2482 2177; x_wconf 78' lang='grc' dir='ltr'>οὐδαμῶς</span> <span class='ocrx_word' id='word_1_340' title='bbox 2512 2106 2785 2160; x_wconf 80' lang='grc' dir='ltr'>ὒπεδίδου.</span> 
     </span>
    </p>
   </div>
   <div class='ocr_carea' id='block_1_50' title="bbox 2301 2178 3796 2271">
    <p class='ocr_par' dir='ltr' id='par_1_50' title="bbox 2301 2178 3796 2271">
     <span class='ocr_line' id='line_1_50' title="bbox 2301 2178 3796 2271; baseline -0.007 -22"><span class='ocrx_word' id='word_1_341' title='bbox 2301 2205 2366 2267; x_wconf 82' lang='grc' dir='ltr'><strong>ρ’.</strong></span> <span class='ocrx_word' id='word_1_342' title='bbox 2404 2195 2674 2265; x_wconf 57' lang='lat' dir='ltr'><strong>Iac-(mm;</strong></span> <span class='ocrx_word' id='word_1_343' title='bbox 2692 2212 2775 2258; x_wconf 87' lang='grc' dir='ltr'><strong>τις</strong></span> <span class='ocrx_word' id='word_1_344' title='bbox 2798 2193 2998 2264; x_wconf 70' lang='grc' dir='ltr'>δνομα,</span> <span class='ocrx_word' id='word_1_345' title='bbox 3035 2192 3251 2261; x_wconf 73' lang='grc' dir='ltr'>οἰκέτης</span> <span class='ocrx_word' id='word_1_346' title='bbox 3290 2188 3349 2243; x_wconf 80' lang='grc' dir='ltr'><strong>δὲ</strong></span> <span class='ocrx_word' id='word_1_347' title='bbox 3380 2183 3537 2252; x_wconf 71' lang='grc' dir='ltr'>οὗτος</span> <span class='ocrx_word' id='word_1_348' title='bbox 3576 2178 3796 2271; x_wconf 58' lang='grc' dir='ltr'><strong>Ἐφρῖςῒμ.</strong></span> 
     </span>
    </p>
   </div>
   <div class='ocr_carea' id='block_1_51' title="bbox 2228 2279 3790 2359">
    <p class='ocr_par' dir='ltr' id='par_1_51' title="bbox 2228 2279 3790 2359">
     <span class='ocr_line' id='line_1_51' title="bbox 2228 2279 3790 2359; baseline -0.006 -18"><span class='ocrx_word' id='word_1_349' title='bbox 2228 2289 2322 2343; x_wconf 79' lang='grc' dir='ltr'>τοῦ</span> <span class='ocrx_word' id='word_1_350' title='bbox 2372 2288 2678 2359; x_wconf 77' lang='grc' dir='ltr'>μακαρίτου</span> <span class='ocrx_word' id='word_1_351' title='bbox 2729 2286 3101 2357; x_wconf 83' lang='grc' dir='ltr'>Πατριάρχου,</span> <span class='ocrx_word' id='word_1_352' title='bbox 3134 2282 3398 2356; x_wconf 67' lang='grc' dir='ltr'>παρεθεὶς</span> <span class='ocrx_word' id='word_1_353' title='bbox 3430 2282 3538 2352; x_wconf 82' lang='grc' dir='ltr'><strong>ὅλῳ</strong></span> <span class='ocrx_word' id='word_1_354' title='bbox 3577 2279 3790 2351; x_wconf 83' lang='grc' dir='ltr'>σώματι,</span> 
     </span>
    </p>
   </div>
   <div class='ocr_carea' id='block_1_52' title="bbox 2230 2360 3794 2452">
    <p class='ocr_par' dir='ltr' id='par_1_52' title="bbox 2230 2370 3794 2452">
     <span class='ocr_line' id='line_1_52' title="bbox 2230 2370 3794 2452; baseline -0.006 -20"><span class='ocrx_word' id='word_1_355' title='bbox 2230 2383 2323 2434; x_wconf 80' lang='grc' dir='ltr'>καὶ</span> <span class='ocrx_word' id='word_1_356' title='bbox 2357 2381 2540 2452; x_wconf 84' lang='grc' dir='ltr'>τρίτον</span> <span class='ocrx_word' id='word_1_357' title='bbox 2574 2379 2701 2451; x_wconf 79' lang='grc' dir='ltr'>ἑξῆς</span> <span class='ocrx_word' id='word_1_358' title='bbox 2742 2379 2867 2441; x_wconf 74' lang='grc' dir='ltr'>ἔτος</span> <span class='ocrx_word' id='word_1_359' title='bbox 2916 2379 3083 2448; x_wconf 77' lang='grc' dir='ltr'>ἱεροῖς</span> <span class='ocrx_word' id='word_1_360' title='bbox 3129 2374 3691 2447; x_wconf 81' lang='grc' dir='ltr'>προσανακλινόμενος</span> <span class='ocrx_word' id='word_1_361' title='bbox 3728 2370 3794 2422; x_wconf 80' lang='grc' dir='ltr'>οἴ-</span> 
     </span>
    </p>
   </div>
   <div class='ocr_carea' id='block_1_53' title="bbox 2230 2460 3789 2544">
    <p class='ocr_par' dir='ltr' id='par_1_53' title="bbox 2230 2460 3789 2544">
     <span class='ocr_line' id='line_1_53' title="bbox 2230 2460 3789 2544; baseline -0.008 -17"><span class='ocrx_word' id='word_1_362' title='bbox 2230 2490 2368 2540; x_wconf 88' lang='grc' dir='ltr'>κοις,</span> <span class='ocrx_word' id='word_1_363' title='bbox 2404 2473 2603 2544; x_wconf 73' lang='grc' dir='ltr'>ἰατρῶν</span> <span class='ocrx_word' id='word_1_364' title='bbox 2625 2490 2684 2524; x_wconf 88' lang='grc' dir='ltr'><strong>τε</strong></span> <span class='ocrx_word' id='word_1_365' title='bbox 2712 2471 2902 2542; x_wconf 77' lang='grc' dir='ltr'>χερσὶν</span> <span class='ocrx_word' id='word_1_366' title='bbox 2924 2469 3120 2523; x_wconf 68' lang='grc' dir='ltr'>ἑαυτὸν</span> <span class='ocrx_word' id='word_1_367' title='bbox 3148 2468 3414 2530; x_wconf 64' lang='grc' dir='ltr'>ἐκδιδοὺς,</span> <span class='ocrx_word' id='word_1_368' title='bbox 3445 2467 3522 2529; x_wconf 86' lang='grc' dir='ltr'>ὡς</span> <span class='ocrx_word' id='word_1_369' title='bbox 3543 2460 3686 2519; x_wconf 68' lang='grc' dir='ltr'>οὖδὲν</span> <span class='ocrx_word' id='word_1_370' title='bbox 3707 2463 3789 2528; x_wconf 80' lang='grc' dir='ltr'>τῆς</span> 
     </span>
    </p>
   </div>
   <div class='ocr_carea' id='block_1_54' title="bbox 2230 2555 3793 2637">
    <p class='ocr_par' dir='ltr' id='par_1_54' title="bbox 2230 2555 3793 2637">
     <span class='ocr_line' id='line_1_54' title="bbox 2230 2555 3793 2637; baseline -0.006 -19"><span class='ocrx_word' id='word_1_371' title='bbox 2230 2565 2426 2637; x_wconf 76' lang='grc' dir='ltr'>τέχνης</span> <span class='ocrx_word' id='word_1_372' title='bbox 2455 2565 2628 2617; x_wconf 79' lang='grc' dir='ltr'>ὤνατο</span> <span class='ocrx_word' id='word_1_373' title='bbox 2661 2564 2844 2627; x_wconf 79' lang='grc' dir='ltr'>πλέον,</span> <span class='ocrx_word' id='word_1_374' title='bbox 2874 2565 2957 2617; x_wconf 77' lang='grc' dir='ltr'>ὅτι</span> <span class='ocrx_word' id='word_1_375' title='bbox 3010 2563 3084 2632; x_wconf 81' lang='grc' dir='ltr'>μὴ</span> <span class='ocrx_word' id='word_1_376' title='bbox 3127 2562 3273 2631; x_wconf 60' lang='grc' dir='ltr'>σαφῆ</span> <span class='ocrx_word' id='word_1_377' title='bbox 3300 2561 3405 2630; x_wconf 79' lang='grc' dir='ltr'>τῆς</span> <span class='ocrx_word' id='word_1_378' title='bbox 3435 2559 3579 2627; x_wconf 81' lang='grc' dir='ltr'>ζωῆς</span> <span class='ocrx_word' id='word_1_379' title='bbox 3606 2555 3793 2621; x_wconf 76' lang='grc' dir='ltr'>ἀπαγό-</span> 
     </span>
    </p>
   </div>
   <div class='ocr_carea' id='block_1_55' title="bbox 2220 2650 3793 2726">
    <p class='ocr_par' dir='ltr' id='par_1_55' title="bbox 2220 2650 3793 2726">
     <span class='ocr_line' id='line_1_55' title="bbox 2220 2650 3793 2726; baseline -0.006 -15"><span class='ocrx_word' id='word_1_380' title='bbox 2220 2655 2437 2725; x_wconf 74' lang='grc' dir='ltr'>ρευσιν,</span> <span class='ocrx_word' id='word_1_381' title='bbox 2470 2652 2558 2712; x_wconf 73' lang='grc' dir='ltr'>οἷά</span> <span class='ocrx_word' id='word_1_382' title='bbox 2583 2676 2633 2711; x_wconf 86' lang='grc' dir='ltr'><strong>τι</strong></span> <span class='ocrx_word' id='word_1_383' title='bbox 2663 2657 2771 2710; x_wconf 83' lang='grc' dir='ltr'>τῶν</span> <span class='ocrx_word' id='word_1_384' title='bbox 2798 2656 3020 2726; x_wconf 69' lang='grc' dir='ltr'>ἀψύχων</span> <span class='ocrx_word' id='word_1_385' title='bbox 3048 2655 3080 2726; x_wconf 74' lang='grc' dir='ltr'>ἢ</span> <span class='ocrx_word' id='word_1_386' title='bbox 3113 2655 3309 2725; x_wconf 72' lang='grc' dir='ltr'>νεκρὸς</span> <span class='ocrx_word' id='word_1_387' title='bbox 3346 2654 3544 2725; x_wconf 79' lang='grc' dir='ltr'>μᾶλλον</span> <span class='ocrx_word' id='word_1_388' title='bbox 3576 2650 3793 2721; x_wconf 71' lang='grc' dir='ltr'>ἔμψυχος</span> 
     </span>
    </p>
   </div>
   <div class='ocr_carea' id='block_1_56' title="bbox 2231 2746 3794 2817">
    <p class='ocr_par' dir='ltr' id='par_1_56' title="bbox 2231 2746 3794 2817">
     <span class='ocr_line' id='line_1_56' title="bbox 2231 2746 3794 2817; baseline -0.004 -16"><span class='ocrx_word' id='word_1_389' title='bbox 2231 2748 2292 2801; x_wconf 72' lang='grc' dir='ltr'>τὸ</span> <span class='ocrx_word' id='word_1_390' title='bbox 2327 2749 2667 2812; x_wconf 84' lang='grc' dir='ltr'>καινότατον,</span> <span class='ocrx_word' id='word_1_391' title='bbox 2702 2747 2990 2814; x_wconf 78' lang='grc' dir='ltr'>κομῐζεται</span> <span class='ocrx_word' id='word_1_392' title='bbox 3037 2747 3115 2817; x_wconf 81' lang='grc' dir='ltr'><strong>τῷ</strong></span> <span class='ocrx_word' id='word_1_393' title='bbox 3146 2747 3343 2815; x_wconf 74' lang='grc' dir='ltr'>Ἀγίῳ.</span> <span class='ocrx_word' id='word_1_394' title='bbox 3393 2746 3665 2806; x_wconf 70' lang='grc' dir='ltr'>Ῥίπτεται</span> <span class='ocrx_word' id='word_1_395' title='bbox 3697 2759 3794 2795; x_wconf 75' lang='grc' dir='ltr'>τοι·</span> 
     </span>
    </p>
   </div>
   <div class='ocr_carea' id='block_1_57' title="bbox 2233 2833 3795 2912">
    <p class='ocr_par' dir='ltr' id='par_1_57' title="bbox 2233 2833 3795 2912">
     <span class='ocr_line' id='line_1_57' title="bbox 2233 2833 3795 2912; baseline -0.006 -17"><span class='ocrx_word' id='word_1_396' title='bbox 2233 2840 2437 2912; x_wconf 80' lang='grc' dir='ltr'>γαροῦν</span> <span class='ocrx_word' id='word_1_397' title='bbox 2460 2841 2622 2909; x_wconf 80' lang='grc' dir='ltr'>ᾁθλῐα</span> <span class='ocrx_word' id='word_1_398' title='bbox 2660 2840 2765 2910; x_wconf 72' lang='grc' dir='ltr'>πρὸ</span> <span class='ocrx_word' id='word_1_399' title='bbox 2794 2840 2903 2893; x_wconf 84' lang='grc' dir='ltr'>τῶν</span> <span class='ocrx_word' id='word_1_400' title='bbox 2934 2840 3153 2893; x_wconf 76' lang='grc' dir='ltr'>ἐκείνου</span> <span class='ocrx_word' id='word_1_401' title='bbox 3186 2838 3589 2910; x_wconf 72' lang='grc' dir='ltr'>φιλανθρώπων</span> <span class='ocrx_word' id='word_1_402' title='bbox 3615 2833 3795 2906; x_wconf 81' lang='grc' dir='ltr'>ὀφθαλ-</span> 
     </span>
    </p>
   </div>
   <div class='ocr_carea' id='block_1_58' title="bbox 2238 2925 3798 3004">
    <p class='ocr_par' dir='ltr' id='par_1_58' title="bbox 2238 2925 3798 3004">
     <span class='ocr_line' id='line_1_58' title="bbox 2238 2925 3798 3004; baseline -0.006 -18"><span class='ocrx_word' id='word_1_403' title='bbox 2238 2933 2356 3004; x_wconf 82' lang='grc' dir='ltr'>μῶν</span> <span class='ocrx_word' id='word_1_404' title='bbox 2378 2931 2519 3003; x_wconf 57' lang='grc' dir='ltr'>ὄφις,</span> <span class='ocrx_word' id='word_1_405' title='bbox 2552 2932 2720 2985; x_wconf 82' lang='grc' dir='ltr'>πολὺν</span> <span class='ocrx_word' id='word_1_406' title='bbox 2738 2930 2923 2984; x_wconf 73' lang='grc' dir='ltr'>’ἕλκων</span> <span class='ocrx_word' id='word_1_407' title='bbox 2951 2931 3043 2984; x_wconf 75' lang='grc' dir='ltr'><strong>τὸν</strong></span> <span class='ocrx_word' id='word_1_408' title='bbox 3073 2930 3242 2993; x_wconf 75' lang='grc' dir='ltr'>ἔλεον,</span> <span class='ocrx_word' id='word_1_409' title='bbox 3272 2930 3336 2984; x_wconf 85' lang='grc' dir='ltr'>ὃν</span> <span class='ocrx_word' id='word_1_410' title='bbox 3356 2932 3384 2985; x_wconf 86' lang='grc' dir='ltr'><strong>ό</strong></span> <span class='ocrx_word' id='word_1_411' title='bbox 3404 2929 3497 2983; x_wconf 77' lang='grc' dir='ltr'>τοῦ</span> <span class='ocrx_word' id='word_1_412' title='bbox 3522 2925 3798 2999; x_wconf 77' lang='grc' dir='ltr'>λαμϐάνειν</span> 
     </span>
    </p>
   </div>
   <div class='ocr_carea' id='block_1_59' title="bbox 2235 3015 3797 3092">
    <p class='ocr_par' dir='ltr' id='par_1_59' title="bbox 2235 3015 3797 3092">
     <span class='ocr_line' id='line_1_59' title="bbox 2235 3015 3797 3092; baseline -0.007 -13"><span class='ocrx_word' id='word_1_413' title='bbox 2235 3025 2512 3088; x_wconf 79' lang='grc' dir='ltr'>αἰτοῦντος</span> <span class='ocrx_word' id='word_1_414' title='bbox 2538 3025 2734 3077; x_wconf 80' lang='grc' dir='ltr'>διδόναι</span> <span class='ocrx_word' id='word_1_415' title='bbox 2775 3023 2974 3091; x_wconf 80' lang='grc' dir='ltr'>μᾶλλον</span> <span class='ocrx_word' id='word_1_416' title='bbox 3005 3025 3213 3086; x_wconf 78' lang='grc' dir='ltr'>ἐκεῖνος</span> <span class='ocrx_word' id='word_1_417' title='bbox 3249 3021 3330 3076; x_wconf 85' lang='grc' dir='ltr'><strong>ὢν</strong></span> <span class='ocrx_word' id='word_1_418' title='bbox 3365 3015 3797 3092; x_wconf 81' lang='grc' dir='ltr'>ὲτοιμότερος,Εἰ</span> 
     </span>
    </p>
   </div>
   <div class='ocr_carea' id='block_1_60' title="bbox 548 3107 2131 3204">
    <p class='ocr_par' dir='ltr' id='par_1_60' title="bbox 548 3110 2131 3183">
     <span class='ocr_line' id='line_1_60' title="bbox 548 3110 2131 3183; baseline 0.004 -19"><span class='ocrx_word' id='word_1_419' title='bbox 548 3110 640 3164; x_wconf 83' lang='lat' dir='ltr'><strong>ille</strong></span> <span class='ocrx_word' id='word_1_420' title='bbox 689 3112 784 3181; x_wconf 86' lang='lat' dir='ltr'><strong>qui</strong></span> <span class='ocrx_word' id='word_1_421' title='bbox 824 3112 1045 3181; x_wconf 87' lang='lat' dir='ltr'><strong>petebat</strong></span> <span class='ocrx_word' id='word_1_422' title='bbox 1089 3114 1361 3183; x_wconf 87' lang='lat' dir='ltr'><strong>accipere.</strong></span> <span class='ocrx_word' id='word_1_423' title='bbox 1418 3114 1507 3170; x_wconf 83' lang='lat' dir='ltr'><strong>Ait</strong></span> <span class='ocrx_word' id='word_1_424' title='bbox 1558 3114 1729 3183; x_wconf 80' lang='lat' dir='ltr'><strong>igitur</strong></span> <span class='ocrx_word' id='word_1_425' title='bbox 1771 3116 1876 3170; x_wconf 89' lang='lat' dir='ltr'><strong>:Si</strong></span> <span class='ocrx_word' id='word_1_426' title='bbox 1925 3117 2131 3180; x_wconf 89' lang='lat' dir='ltr'><strong>credis,</strong></span> 
     </span>
    </p>
   </div>
   <div class='ocr_carea' id='block_1_61' title="bbox 2232 3107 3797 3204">
    <p class='ocr_par' dir='ltr' id='par_1_61' title="bbox 2242 3107 3797 3184">
     <span class='ocr_line' id='line_1_61' title="bbox 2242 3107 3797 3184; baseline -0.006 -17"><span class='ocrx_word' id='word_1_427' title='bbox 2242 3115 2535 3177; x_wconf 77' lang='grc' dir='ltr'>πιστεύεις,</span> <span class='ocrx_word' id='word_1_428' title='bbox 2577 3113 2704 3184; x_wconf 80' lang='grc' dir='ltr'>ἔφη,</span> <span class='ocrx_word' id='word_1_429' title='bbox 2747 3112 3009 3167; x_wconf 77' lang='grc' dir='ltr'>δύνασθαι</span> <span class='ocrx_word' id='word_1_430' title='bbox 3055 3113 3153 3184; x_wconf 79' lang='grc' dir='ltr'>τὴν</span> <span class='ocrx_word' id='word_1_431' title='bbox 3182 3108 3242 3166; x_wconf 73' lang='grc' dir='ltr'>ὲν</span> <span class='ocrx_word' id='word_1_432' title='bbox 3280 3107 3370 3169; x_wconf 76' lang='grc' dir='ltr'>σοὶ</span> <span class='ocrx_word' id='word_1_433' title='bbox 3399 3112 3577 3165; x_wconf 78' lang='grc' dir='ltr'>πίστιν</span> <span class='ocrx_word' id='word_1_434' title='bbox 3609 3110 3683 3172; x_wconf 72' lang='grc' dir='ltr'><strong>εἰς</strong></span> <span class='ocrx_word' id='word_1_435' title='bbox 3717 3107 3797 3159; x_wconf 72' lang='grc' dir='ltr'>τὸν</span> 
     </span>
    </p>
   </div>
   <div class='ocr_carea' id='block_1_62' title="bbox 551 3205 2135 3278">
    <p class='ocr_par' dir='ltr' id='par_1_62' title="bbox 551 3205 2135 3278">
     <span class='ocr_line' id='line_1_62' title="bbox 551 3205 2135 3278; baseline 0.003 -21"><span class='ocrx_word' id='word_1_436' title='bbox 551 3205 714 3258; x_wconf 80' lang='lat' dir='ltr'><strong>fidem</strong></span> <span class='ocrx_word' id='word_1_437' title='bbox 746 3216 920 3269; x_wconf 86' lang='lat' dir='ltr'><strong>tuam,</strong></span> <span class='ocrx_word' id='word_1_438' title='bbox 958 3221 1125 3274; x_wconf 86' lang='lat' dir='ltr'><strong>quam</strong></span> <span class='ocrx_word' id='word_1_439' title='bbox 1171 3207 1240 3260; x_wconf 92' lang='lat' dir='ltr'><strong>de</strong></span> <span class='ocrx_word' id='word_1_440' title='bbox 1289 3207 1427 3261; x_wconf 82' lang='lat' dir='ltr'><strong>Filio</strong></span> <span class='ocrx_word' id='word_1_441' title='bbox 1470 3209 1567 3261; x_wconf 88' lang='lat' dir='ltr'><strong>Dei</strong></span> <span class='ocrx_word' id='word_1_442' title='bbox 1597 3209 1789 3274; x_wconf 86' lang='lat' dir='ltr'><strong>habes,</strong></span> <span class='ocrx_word' id='word_1_443' title='bbox 1826 3224 1988 3278; x_wconf 85' lang='lat' dir='ltr'><strong>posse</strong></span> <span class='ocrx_word' id='word_1_444' title='bbox 2035 3209 2135 3263; x_wconf 88' lang='lat' dir='ltr'><strong>tibi</strong></span> 
     </span>
    </p>
   </div>
   <div class='ocr_carea' id='block_1_63' title="bbox 553 3295 2140 3371">
    <p class='ocr_par' dir='ltr' id='par_1_63' title="bbox 553 3295 2140 3371">
     <span class='ocr_line' id='line_1_63' title="bbox 553 3295 2140 3371; baseline 0.007 -25"><span class='ocrx_word' id='word_1_445' title='bbox 553 3295 837 3349; x_wconf 86' lang='lat' dir='ltr'><strong>mediante</strong></span> <span class='ocrx_word' id='word_1_446' title='bbox 863 3312 950 3351; x_wconf 90' lang='lat' dir='ltr'><strong>me</strong></span> <span class='ocrx_word' id='word_1_447' title='bbox 984 3299 1276 3353; x_wconf 86' lang='lat' dir='ltr'><strong>restituere</strong></span> <span class='ocrx_word' id='word_1_448' title='bbox 1304 3300 1567 3363; x_wconf 78' lang='lat' dir='ltr'><strong>salutem;</strong></span> <span class='ocrx_word' id='word_1_449' title='bbox 1601 3316 1761 3371; x_wconf 81' lang='lat' dir='ltr'><strong>surge</strong></span> <span class='ocrx_word' id='word_1_450' title='bbox 1790 3309 1851 3353; x_wconf 90' lang='lat' dir='ltr'><strong>ut</strong></span> <span class='ocrx_word' id='word_1_451' title='bbox 1880 3310 2058 3371; x_wconf 87' lang='lat' dir='ltr'><strong>potes,</strong></span> <span class='ocrx_word' id='word_1_452' title='bbox 2084 3312 2140 3356; x_wconf 82' lang='lat' dir='ltr'><strong>et</strong></span> 
     </span>
    </p>
   </div>
   <div class='ocr_carea' id='block_1_64' title="bbox 551 3383 2138 3457">
    <p class='ocr_par' dir='ltr' id='par_1_64' title="bbox 551 3383 2138 3457">
     <span class='ocr_line' id='line_1_64' title="bbox 551 3383 2138 3457; baseline 0.006 -20"><span class='ocrx_word' id='word_1_453' title='bbox 551 3383 797 3437; x_wconf 83' lang='lat' dir='ltr'><strong>ambula.</strong></span> <span class='ocrx_word' id='word_1_454' title='bbox 853 3385 949 3438; x_wconf 90' lang='lat' dir='ltr'><strong>Ille</strong></span> <span class='ocrx_word' id='word_1_455' title='bbox 1001 3402 1125 3440; x_wconf 69' lang='lat' dir='ltr'><strong>mox</strong></span> <span class='ocrx_word' id='word_1_456' title='bbox 1172 3402 1335 3455; x_wconf 86' lang='lat' dir='ltr'><strong>quam</strong></span> <span class='ocrx_word' id='word_1_457' title='bbox 1384 3397 1599 3457; x_wconf 82' lang='lat' dir='ltr'><strong>poterat</strong></span> <span class='ocrx_word' id='word_1_458' title='bbox 1650 3390 1957 3444; x_wconf 87' lang='lat' dir='ltr'><strong>clarissima</strong></span> <span class='ocrx_word' id='word_1_459' title='bbox 2003 3406 2138 3446; x_wconf 84' lang='lat' dir='ltr'><strong>voce</strong></span> 
     </span>
    </p>
   </div>
   <div class='ocr_carea' id='block_1_65' title="bbox 552 3477 2135 3550">
    <p class='ocr_par' dir='ltr' id='par_1_65' title="bbox 552 3477 2135 3550">
     <span class='ocr_line' id='line_1_65' title="bbox 552 3477 2135 3550; baseline 0.006 -23"><span class='ocrx_word' id='word_1_460' title='bbox 552 3477 869 3531; x_wconf 77' lang='lat' dir='ltr'><strong>exclamans</strong></span> <span class='ocrx_word' id='word_1_461' title='bbox 907 3495 920 3531; x_wconf 92' lang='lat'>:</span> <span class='ocrx_word' id='word_1_462' title='bbox 952 3477 1154 3541; x_wconf 73' lang='lat' dir='ltr'><strong>Credo,</strong></span> <span class='ocrx_word' id='word_1_463' title='bbox 1183 3480 1434 3545; x_wconf 86' lang='lat' dir='ltr'><strong>Domine,</strong></span> <span class='ocrx_word' id='word_1_464' title='bbox 1465 3494 1626 3549; x_wconf 89' lang='lat' dir='ltr'><strong>posse</strong></span> <span class='ocrx_word' id='word_1_465' title='bbox 1659 3489 1711 3534; x_wconf 90' lang='lat' dir='ltr'><strong>te</strong></span> <span class='ocrx_word' id='word_1_466' title='bbox 1740 3497 1844 3550; x_wconf 80' lang='lat' dir='ltr'><strong>per</strong></span> <span class='ocrx_word' id='word_1_467' title='bbox 1874 3482 2135 3537; x_wconf 86' lang='lat' dir='ltr'><strong>famulum</strong></span> 
     </span>
    </p>
   </div>
   <div class='ocr_carea' id='block_1_66' title="bbox 556 3568 2137 3630">
    <p class='ocr_par' dir='ltr' id='par_1_66' title="bbox 556 3568 2137 3630">
     <span class='ocr_line' id='line_1_66' title="bbox 556 3568 2137 3630; baseline 0.005 -10"><span class='ocrx_word' id='word_1_468' title='bbox 556 3579 710 3622; x_wconf 87' lang='lat' dir='ltr'><strong>tuum</strong></span> <span class='ocrx_word' id='word_1_469' title='bbox 737 3571 943 3623; x_wconf 86' lang='lat' dir='ltr'><strong>omnia.</strong></span> <span class='ocrx_word' id='word_1_470' title='bbox 976 3568 1020 3623; x_wconf 84' lang='lat'><strong>0</strong></span> <span class='ocrx_word' id='word_1_471' title='bbox 1044 3571 1417 3625; x_wconf 79' lang='lat' dir='ltr'><strong>visitationem</strong></span> <span class='ocrx_word' id='word_1_472' title='bbox 1445 3571 1721 3626; x_wconf 82' lang='lat' dir='ltr'><strong>divinam!</strong></span> <span class='ocrx_word' id='word_1_473' title='bbox 1752 3588 1786 3627; x_wconf 89' lang='grc' dir='ltr'><strong>ο</strong></span> <span class='ocrx_word' id='word_1_474' title='bbox 1818 3573 1983 3628; x_wconf 76' lang='lat' dir='ltr'><strong>breve</strong></span> <span class='ocrx_word' id='word_1_475' title='bbox 2010 3591 2137 3630; x_wconf 81' lang='lat' dir='ltr'><strong>ver-</strong></span> 
     </span>
    </p>
   </div>
   <div class='ocr_carea' id='block_1_67' title="bbox 556 3660 2136 3734">
    <p class='ocr_par' dir='ltr' id='par_1_67' title="bbox 556 3660 2136 3734">
     <span class='ocr_line' id='line_1_67' title="bbox 556 3660 2136 3734; baseline 0.006 -21"><span class='ocrx_word' id='word_1_476' title='bbox 556 3660 687 3714; x_wconf 88' lang='lat' dir='ltr'><strong>bum</strong></span> <span class='ocrx_word' id='word_1_477' title='bbox 746 3678 954 3733; x_wconf 75' lang='lat' dir='ltr'><strong>magnm</strong></span> <span class='ocrx_word' id='word_1_478' title='bbox 983 3663 1128 3732; x_wconf 87' lang='lat' dir='ltr'><strong>apud</strong></span> <span class='ocrx_word' id='word_1_479' title='bbox 1180 3665 1349 3718; x_wconf 86' lang='lat' dir='ltr'><strong>Deum</strong></span> <span class='ocrx_word' id='word_1_480' title='bbox 1394 3665 1692 3734; x_wconf 63' lang='lat' dir='ltr'><strong>potentiae!</strong></span> <span class='ocrx_word' id='word_1_481' title='bbox 1725 3666 1944 3722; x_wconf 76' lang='lat' dir='ltr'><strong>Exsiliit</strong></span> <span class='ocrx_word' id='word_1_482' title='bbox 1970 3667 2136 3732; x_wconf 76' lang='lat' dir='ltr'><strong>illico,</strong></span> 
     </span>
    </p>
   </div>
   <div class='ocr_carea' id='block_1_68' title="bbox 556 3754 2138 3824">
    <p class='ocr_par' dir='ltr' id='par_1_68' title="bbox 556 3754 2138 3824">
     <span class='ocr_line' id='line_1_68' title="bbox 556 3754 2138 3824; baseline 0.004 -16"><span class='ocrx_word' id='word_1_483' title='bbox 556 3754 882 3824; x_wconf 87' lang='lat' dir='ltr'><strong>redditaque</strong></span> <span class='ocrx_word' id='word_1_484' title='bbox 946 3756 1135 3811; x_wconf 87' lang='lat' dir='ltr'><strong>debita</strong></span> <span class='ocrx_word' id='word_1_485' title='bbox 1180 3765 1371 3812; x_wconf 86' lang='lat' dir='ltr'><strong>sancto</strong></span> <span class='ocrx_word' id='word_1_486' title='bbox 1418 3760 1807 3824; x_wconf 80' lang='lat' dir='ltr'><strong>veneratione,</strong></span> <span class='ocrx_word' id='word_1_487' title='bbox 1869 3774 1902 3815; x_wconf 90' lang='lat' dir='ltr'><strong>e</strong></span> <span class='ocrx_word' id='word_1_488' title='bbox 1952 3768 2138 3815; x_wconf 90' lang='lat' dir='ltr'><strong>monte</strong></span> 
     </span>
    </p>
   </div>
   <div class='ocr_carea' id='block_1_69' title="bbox 554 3846 2136 3919">
    <p class='ocr_par' dir='ltr' id='par_1_69' title="bbox 554 3846 2136 3919">
     <span class='ocr_line' id='line_1_69' title="bbox 554 3846 2136 3919; baseline 0.003 -19"><span class='ocrx_word' id='word_1_489' title='bbox 554 3846 924 3910; x_wconf 86' lang='lat' dir='ltr'><strong>descendens,</strong></span> <span class='ocrx_word' id='word_1_490' title='bbox 960 3849 1026 3902; x_wconf 88' lang='lat' dir='ltr'><strong>ad</strong></span> <span class='ocrx_word' id='word_1_491' title='bbox 1068 3849 1327 3903; x_wconf 78' lang='lat' dir='ltr'><strong>balneum</strong></span> <span class='ocrx_word' id='word_1_492' title='bbox 1377 3850 1525 3919; x_wconf 86' lang='lat' dir='ltr'><strong>quod</strong></span> <span class='ocrx_word' id='word_1_493' title='bbox 1553 3851 1881 3907; x_wconf 79' lang='lat' dir='ltr'><strong>Tiberinum</strong></span> <span class='ocrx_word' id='word_1_494' title='bbox 1908 3851 2136 3914; x_wconf 90' lang='lat' dir='ltr'><strong>dicitur,</strong></span> 
     </span>
    </p>
   </div>
   <div class='ocr_carea' id='block_1_70' title="bbox 554 3937 2140 4010">
    <p class='ocr_par' dir='ltr' id='par_1_70' title="bbox 554 3937 2140 4010">
     <span class='ocr_line' id='line_1_70' title="bbox 554 3937 2140 4010; baseline 0.003 -20"><span class='ocrx_word' id='word_1_495' title='bbox 554 3949 722 3991; x_wconf 86' lang='lat' dir='ltr'><strong>cursu</strong></span> <span class='ocrx_word' id='word_1_496' title='bbox 752 3937 1223 4003; x_wconf 47' lang='lat' dir='ltr'><strong>eontenditptum</strong></span> <span class='ocrx_word' id='word_1_497' title='bbox 1257 3938 1413 4008; x_wconf 81' lang='lat' dir='ltr'><strong>quod</strong></span> <span class='ocrx_word' id='word_1_498' title='bbox 1448 3938 1708 4009; x_wconf 77' lang='lat' dir='ltr'><strong>gaudium</strong></span> <span class='ocrx_word' id='word_1_499' title='bbox 1737 3955 1899 3995; x_wconf 87' lang='lat' dir='ltr'><strong>suum</strong></span> <span class='ocrx_word' id='word_1_500' title='bbox 1940 3956 2140 4010; x_wconf 82' lang='lat' dir='ltr'><strong>capere</strong></span> 
     </span>
    </p>
   </div>
   <div class='ocr_carea' id='block_1_71' title="bbox 554 4029 2140 4102">
    <p class='ocr_par' dir='ltr' id='par_1_71' title="bbox 554 4029 2140 4102">
     <span class='ocr_line' id='line_1_71' title="bbox 554 4029 2140 4102; baseline 0.001 -20"><span class='ocrx_word' id='word_1_501' title='bbox 554 4029 740 4082; x_wconf 88' lang='lat' dir='ltr'><strong>animo</strong></span> <span class='ocrx_word' id='word_1_502' title='bbox 765 4043 874 4083; x_wconf 91' lang='lat' dir='ltr'><strong>non</strong></span> <span class='ocrx_word' id='word_1_503' title='bbox 898 4038 1102 4098; x_wconf 89' lang='lat' dir='ltr'><strong>posset,</strong></span> <span class='ocrx_word' id='word_1_504' title='bbox 1136 4045 1238 4085; x_wconf 89' lang='lat' dir='ltr'><strong>nec</strong></span> <span class='ocrx_word' id='word_1_505' title='bbox 1264 4046 1323 4085; x_wconf 88' lang='lat' dir='ltr'><strong>se</strong></span> <span class='ocrx_word' id='word_1_506' title='bbox 1354 4046 1465 4102; x_wconf 74' lang='lat' dir='ltr'><strong>prae</strong></span> <span class='ocrx_word' id='word_1_507' title='bbox 1488 4032 1783 4102; x_wconf 84' lang='lat' dir='ltr'><strong>voluptatis</strong></span> <span class='ocrx_word' id='word_1_508' title='bbox 1802 4032 2140 4087; x_wconf 87' lang='lat' dir='ltr'><strong>abundantia</strong></span> 
     </span>
    </p>
   </div>
   <div class='ocr_carea' id='block_1_72' title="bbox 554 4119 2142 4194">
    <p class='ocr_par' dir='ltr' id='par_1_72' title="bbox 554 4119 2142 4194">
     <span class='ocr_line' id='line_1_72' title="bbox 554 4119 2142 4194; baseline 0.002 -19"><span class='ocrx_word' id='word_1_509' title='bbox 554 4119 863 4184; x_wconf 87' lang='lat' dir='ltr'><strong>continere,</strong></span> <span class='ocrx_word' id='word_1_510' title='bbox 906 4129 1021 4175; x_wconf 90' lang='lat' dir='ltr'><strong>tum</strong></span> <span class='ocrx_word' id='word_1_511' title='bbox 1064 4121 1211 4191; x_wconf 89' lang='lat' dir='ltr'><strong>quod</strong></span> <span class='ocrx_word' id='word_1_512' title='bbox 1243 4121 1525 4178; x_wconf 86' lang='lat' dir='ltr'><strong>festinaret</strong></span> <span class='ocrx_word' id='word_1_513' title='bbox 1565 4124 1769 4194; x_wconf 88' lang='lat' dir='ltr'><strong>prioris</strong></span> <span class='ocrx_word' id='word_1_514' title='bbox 1805 4124 2142 4178; x_wconf 82' lang='lat' dir='ltr'><strong>inﬁrmitatis</strong></span> 
     </span>
    </p>
   </div>
   <div class='ocr_carea' id='block_1_73' title="bbox 557 4211 2142 4283">
    <p class='ocr_par' dir='ltr' id='par_1_73' title="bbox 557 4211 2142 4283">
     <span class='ocr_line' id='line_1_73' title="bbox 557 4211 2142 4283; baseline 0.003 -18"><span class='ocrx_word' id='word_1_515' title='bbox 557 4211 822 4281; x_wconf 82' lang='lat' dir='ltr'><strong>reliquias</strong></span> <span class='ocrx_word' id='word_1_516' title='bbox 873 4212 1119 4267; x_wconf 87' lang='lat' dir='ltr'><strong>abluere.</strong></span> <span class='ocrx_word' id='word_1_517' title='bbox 1173 4214 1239 4270; x_wconf 85' lang='lat' dir='ltr'><strong>Et</strong></span> <span class='ocrx_word' id='word_1_518' title='bbox 1306 4214 1609 4269; x_wconf 87' lang='lat' dir='ltr'><strong>descensus</strong></span> <span class='ocrx_word' id='word_1_519' title='bbox 1658 4216 1749 4270; x_wconf 89' lang='lat' dir='ltr'><strong>ille</strong></span> <span class='ocrx_word' id='word_1_520' title='bbox 1799 4214 2023 4283; x_wconf 89' lang='lat' dir='ltr'><strong>quidem</strong></span> <span class='ocrx_word' id='word_1_521' title='bbox 2072 4214 2142 4269; x_wconf 91' lang='lat' dir='ltr'><strong>de</strong></span> 
     </span>
    </p>
   </div>
   <div class='ocr_carea' id='block_1_74' title="bbox 556 4305 2140 4377">
    <p class='ocr_par' dir='ltr' id='par_1_74' title="bbox 556 4305 2140 4377">
     <span class='ocr_line' id='line_1_74' title="bbox 556 4305 2140 4377; baseline -0.001 -18"><span class='ocrx_word' id='word_1_522' title='bbox 556 4317 744 4361; x_wconf 85' lang='lat' dir='ltr'><strong>monte</strong></span> <span class='ocrx_word' id='word_1_523' title='bbox 799 4306 1105 4360; x_wconf 85' lang='lat' dir='ltr'><strong>stadiorum</strong></span> <span class='ocrx_word' id='word_1_524' title='bbox 1151 4305 1377 4360; x_wconf 87' lang='lat' dir='ltr'><strong>circiter</strong></span> <span class='ocrx_word' id='word_1_525' title='bbox 1428 4306 1615 4377; x_wconf 79' lang='lat' dir='ltr'><strong>viginti</strong></span> <span class='ocrx_word' id='word_1_526' title='bbox 1686 4307 1923 4361; x_wconf 89' lang='lat' dir='ltr'><strong>duorum</strong></span> <span class='ocrx_word' id='word_1_527' title='bbox 1986 4312 2140 4373; x_wconf 88' lang='lat' dir='ltr'><strong>erat;</strong></span> 
     </span>
    </p>
   </div>
   <div class='ocr_carea' id='block_1_75' title="bbox 555 4397 2141 4467">
    <p class='ocr_par' dir='ltr' id='par_1_75' title="bbox 555 4397 2141 4467">
     <span class='ocr_line' id='line_1_75' title="bbox 555 4397 2141 4467; baseline 0 -16"><span class='ocrx_word' id='word_1_528' title='bbox 555 4413 722 4467; x_wconf 89' lang='lat' dir='ltr'><strong>quem</strong></span> <span class='ocrx_word' id='word_1_529' title='bbox 768 4397 1017 4452; x_wconf 88' lang='lat' dir='ltr'><strong>decurrit</strong></span> <span class='ocrx_word' id='word_1_530' title='bbox 1063 4399 1307 4453; x_wconf 81' lang='lat' dir='ltr'><strong>extensis</strong></span> <span class='ocrx_word' id='word_1_531' title='bbox 1357 4398 1424 4453; x_wconf 90' lang='lat' dir='ltr'><strong>ad</strong></span> <span class='ocrx_word' id='word_1_532' title='bbox 1475 4399 1646 4453; x_wconf 82' lang='lat' dir='ltr'><strong>Deum</strong></span> <span class='ocrx_word' id='word_1_533' title='bbox 1696 4397 1992 4463; x_wconf 89' lang='lat' dir='ltr'><strong>manibus;</strong></span> <span class='ocrx_word' id='word_1_534' title='bbox 2045 4410 2141 4451; x_wconf 85' lang='lat' dir='ltr'><strong>ore</strong></span> 
     </span>
    </p>
   </div>
   <div class='ocr_carea' id='block_1_76' title="bbox 2240 3200 3797 3275">
    <p class='ocr_par' dir='ltr' id='par_1_76' title="bbox 2240 3200 3797 3275">
     <span class='ocr_line' id='line_1_76' title="bbox 2240 3200 3797 3275; baseline -0.007 -16"><span class='ocrx_word' id='word_1_535' title='bbox 2240 3206 2368 3259; x_wconf 74' lang='grc' dir='ltr'>Υἰδν</span> <span class='ocrx_word' id='word_1_536' title='bbox 2393 3205 2648 3270; x_wconf 36' lang='grc' dir='ltr'>τοῢκΘεοῢ</span> <span class='ocrx_word' id='word_1_537' title='bbox 2682 3204 2749 3258; x_wconf 81' lang='grc' dir='ltr'>δι’</span> <span class='ocrx_word' id='word_1_538' title='bbox 2780 3204 2917 3275; x_wconf 81' lang='grc' dir='ltr'>ἐμοῦ</span> <span class='ocrx_word' id='word_1_539' title='bbox 2952 3204 3179 3275; x_wconf 79' lang='grc' dir='ltr'>μεσίτου</span> <span class='ocrx_word' id='word_1_540' title='bbox 3216 3202 3476 3257; x_wconf 69' lang='grc' dir='ltr'>ἰάσασθαί</span> <span class='ocrx_word' id='word_1_541' title='bbox 3505 3218 3582 3266; x_wconf 85' lang='grc' dir='ltr'><strong>σε,</strong></span> <span class='ocrx_word' id='word_1_542' title='bbox 3608 3200 3797 3268; x_wconf 75' lang='grc' dir='ltr'>ἕγειραι</span> 
     </span>
    </p>
   </div>
   <div class='ocr_carea' id='block_1_77' title="bbox 2239 3290 3799 3368">
    <p class='ocr_par' dir='ltr' id='par_1_77' title="bbox 2239 3290 3799 3368">
     <span class='ocr_line' id='line_1_77' title="bbox 2239 3290 3799 3368; baseline -0.005 -18"><span class='ocrx_word' id='word_1_543' title='bbox 2239 3300 2313 3362; x_wconf 75' lang='grc' dir='ltr'>ὡς</span> <span class='ocrx_word' id='word_1_544' title='bbox 2339 3299 2483 3368; x_wconf 81' lang='grc' dir='ltr'>ἔχεις</span> <span class='ocrx_word' id='word_1_545' title='bbox 2518 3297 2612 3350; x_wconf 75' lang='grc' dir='ltr'><strong>καὶ</strong></span> <span class='ocrx_word' id='word_1_546' title='bbox 2639 3290 2955 3368; x_wconf 78' lang='grc' dir='ltr'>περιπάτει.</span> <span class='ocrx_word' id='word_1_547' title='bbox 2997 3296 3054 3350; x_wconf 86' lang='grc'><strong>’0</strong></span> <span class='ocrx_word' id='word_1_548' title='bbox 3082 3297 3162 3362; x_wconf 83' lang='grc' dir='ltr'>δὲ,</span> <span class='ocrx_word' id='word_1_549' title='bbox 3196 3296 3471 3361; x_wconf 83' lang='grc' dir='ltr'>Πιστεύω,</span> <span class='ocrx_word' id='word_1_550' title='bbox 3504 3293 3690 3363; x_wconf 73' lang='grc' dir='ltr'>Κύριε,</span> <span class='ocrx_word' id='word_1_551' title='bbox 3719 3290 3799 3343; x_wconf 85' lang='grc' dir='ltr'>δύ·</span> 
     </span>
    </p>
   </div>
   <div class='ocr_carea' id='block_1_78' title="bbox 2238 3380 3798 3457">
    <p class='ocr_par' dir='ltr' id='par_1_78' title="bbox 2238 3380 3798 3457">
     <span class='ocr_line' id='line_1_78' title="bbox 2238 3380 3798 3457; baseline -0.005 -18"><span class='ocrx_word' id='word_1_552' title='bbox 2238 3387 2433 3439; x_wconf 79' lang='grc' dir='ltr'>νασθαί</span> <span class='ocrx_word' id='word_1_553' title='bbox 2466 3405 2525 3438; x_wconf 85' lang='grc' dir='ltr'><strong>σε</strong></span> <span class='ocrx_word' id='word_1_554' title='bbox 2556 3387 2643 3439; x_wconf 79' lang='grc' dir='ltr'><strong>διὰ</strong></span> <span class='ocrx_word' id='word_1_555' title='bbox 2664 3385 2758 3439; x_wconf 73' lang='grc' dir='ltr'>τοῦ</span> <span class='ocrx_word' id='word_1_556' title='bbox 2784 3385 2877 3439; x_wconf 76' lang='grc' dir='ltr'><strong>σοῦ</strong></span> <span class='ocrx_word' id='word_1_557' title='bbox 2900 3386 3235 3457; x_wconf 81' lang='grc' dir='ltr'>θεράποντος</span> <span class='ocrx_word' id='word_1_558' title='bbox 3269 3388 3474 3451; x_wconf 65' lang='grc' dir='ltr'>πάντα,</span> <span class='ocrx_word' id='word_1_559' title='bbox 3498 3383 3713 3455; x_wconf 83' lang='grc' dir='ltr'>λαμπρᾷ</span> <span class='ocrx_word' id='word_1_560' title='bbox 3734 3380 3798 3443; x_wconf 83' lang='grc' dir='ltr'>ὡς</span> 
     </span>
    </p>
   </div>
   <div class='ocr_carea' id='block_1_79' title="bbox 2239 3469 3794 3548">
    <p class='ocr_par' dir='ltr' id='par_1_79' title="bbox 2239 3469 3794 3548">
     <span class='ocr_line' id='line_1_79' title="bbox 2239 3469 3794 3548; baseline -0.004 -16"><span class='ocrx_word' id='word_1_561' title='bbox 2239 3475 2383 3548; x_wconf 80' lang='grc' dir='ltr'>εἶχεν</span> <span class='ocrx_word' id='word_1_562' title='bbox 2417 3477 2576 3540; x_wconf 75' lang='grc' dir='ltr'>εὐθὺς</span> <span class='ocrx_word' id='word_1_563' title='bbox 2613 3480 2679 3548; x_wconf 80' lang='grc' dir='ltr'>τῇ</span> <span class='ocrx_word' id='word_1_564' title='bbox 2712 3481 2865 3548; x_wconf 79' lang='grc' dir='ltr'>φωνῇ</span> <span class='ocrx_word' id='word_1_565' title='bbox 2895 3477 3098 3548; x_wconf 82' lang='grc' dir='ltr'>βοήσας</span> <span class='ocrx_word' id='word_1_566' title='bbox 3143 3476 3210 3542; x_wconf 82' lang='grc' dir='ltr'><strong>(ὦ</strong></span> <span class='ocrx_word' id='word_1_567' title='bbox 3235 3475 3391 3541; x_wconf 82' lang='grc' dir='ltr'>θείας</span> <span class='ocrx_word' id='word_1_568' title='bbox 3413 3474 3730 3543; x_wconf 72' lang='grc' dir='ltr'>ὲπισκοπῆςι</span> <span class='ocrx_word' id='word_1_569' title='bbox 3756 3469 3794 3522; x_wconf 81' lang='grc' dir='ltr'><strong>ὢ</strong></span> 
     </span>
    </p>
   </div>
   <div class='ocr_carea' id='block_1_80' title="bbox 2242 3563 3845 3643">
    <p class='ocr_par' dir='ltr' id='par_1_80' title="bbox 2242 3563 3845 3643">
     <span class='ocr_line' id='line_1_80' title="bbox 2242 3563 3845 3643; baseline -0.007 -19"><span class='ocrx_word' id='word_1_570' title='bbox 2242 3574 2483 3643; x_wconf 76' lang='grc' dir='ltr'>ῥήματος</span> <span class='ocrx_word' id='word_1_571' title='bbox 2508 3570 2697 3638; x_wconf 66' lang='grc' dir='ltr'>ὀλίγον</span> <span class='ocrx_word' id='word_1_572' title='bbox 2720 3571 2930 3640; x_wconf 83' lang='grc' dir='ltr'>μεγάλα</span> <span class='ocrx_word' id='word_1_573' title='bbox 2957 3571 3110 3641; x_wconf 76' lang='grc' dir='ltr'>παρὰ</span> <span class='ocrx_word' id='word_1_574' title='bbox 3130 3569 3247 3639; x_wconf 80' lang='grc' dir='ltr'><strong>Θεῷ</strong></span> <span class='ocrx_word' id='word_1_575' title='bbox 3266 3570 3565 3640; x_wconf 77' lang='grc' dir='ltr'>δυναμένου</span> <span class='ocrx_word' id='word_1_576' title='bbox 3587 3567 3631 3639; x_wconf 90' lang='lat'><strong>!)</strong></span> <span class='ocrx_word' id='word_1_577' title='bbox 3652 3563 3798 3636; x_wconf 72' lang='grc' dir='ltr'>ἦλετό</span> <span class='ocrx_word' id='word_1_578' title='bbox 3836 3584 3845 3591; x_wconf 67' lang='grc' dir='ltr'>ν</span> 
     </span>
    </p>
   </div>
   <div class='ocr_carea' id='block_1_81' title="bbox 2239 3657 3797 3736">
    <p class='ocr_par' dir='ltr' id='par_1_81' title="bbox 2239 3657 3797 3736">
     <span class='ocr_line' id='line_1_81' title="bbox 2239 3657 3797 3736; baseline -0.006 -17"><span class='ocrx_word' id='word_1_579' title='bbox 2239 3685 2298 3719; x_wconf 84' lang='grc' dir='ltr'><strong>τε</strong></span> <span class='ocrx_word' id='word_1_580' title='bbox 2326 3665 2543 3729; x_wconf 71' lang='grc' dir='ltr'>αὐτίκα,</span> <span class='ocrx_word' id='word_1_581' title='bbox 2589 3665 2684 3717; x_wconf 75' lang='grc' dir='ltr'><strong>καὶ</strong></span> <span class='ocrx_word' id='word_1_582' title='bbox 2721 3665 2820 3736; x_wconf 81' lang='grc' dir='ltr'>τὴν</span> <span class='ocrx_word' id='word_1_583' title='bbox 2851 3667 3240 3736; x_wconf 80' lang='grc' dir='ltr'>προσήκουσαν</span> <span class='ocrx_word' id='word_1_584' title='bbox 3273 3661 3355 3735; x_wconf 75' lang='grc' dir='ltr'>τῷ</span> <span class='ocrx_word' id='word_1_585' title='bbox 3397 3664 3561 3733; x_wconf 79' lang='grc' dir='ltr'>Ἀγίῳ</span> <span class='ocrx_word' id='word_1_586' title='bbox 3587 3657 3797 3734; x_wconf 76' lang='grc' dir='ltr'>προσκύ-</span> 
     </span>
    </p>
   </div>
   <div class='ocr_carea' id='block_1_82' title="bbox 2240 3752 3799 3829">
    <p class='ocr_par' dir='ltr' id='par_1_82' title="bbox 2240 3752 3799 3829">
     <span class='ocr_line' id='line_1_82' title="bbox 2240 3752 3799 3829; baseline -0.007 -17"><span class='ocrx_word' id='word_1_587' title='bbox 2240 3776 2395 3829; x_wconf 81' lang='grc' dir='ltr'>νησιν</span> <span class='ocrx_word' id='word_1_588' title='bbox 2429 3756 2809 3823; x_wconf 78' lang='grc' dir='ltr'>ἀποδεδωκὼς,</span> <span class='ocrx_word' id='word_1_589' title='bbox 2843 3757 3035 3828; x_wconf 69' lang='grc' dir='ltr'>κατῄει</span> <span class='ocrx_word' id='word_1_590' title='bbox 3065 3756 3254 3828; x_wconf 83' lang='grc' dir='ltr'>δρόμῳ</span> <span class='ocrx_word' id='word_1_591' title='bbox 3282 3756 3381 3810; x_wconf 80' lang='grc' dir='ltr'>τοῦ</span> <span class='ocrx_word' id='word_1_592' title='bbox 3409 3757 3565 3827; x_wconf 80' lang='grc' dir='ltr'>ὅρους</span> <span class='ocrx_word' id='word_1_593' title='bbox 3598 3752 3734 3823; x_wconf 82' lang='grc' dir='ltr'>παρά</span> <span class='ocrx_word' id='word_1_594' title='bbox 3754 3766 3799 3801; x_wconf 87' lang='grc' dir='ltr'><strong>τι</strong></span> 
     </span>
    </p>
   </div>
   <div class='ocr_carea' id='block_1_83' title="bbox 2244 3840 3799 3920">
    <p class='ocr_par' dir='ltr' id='par_1_83' title="bbox 2244 3840 3799 3920">
     <span class='ocr_line' id='line_1_83' title="bbox 2244 3840 3799 3920; baseline -0.007 -18"><span class='ocrx_word' id='word_1_595' title='bbox 2244 3850 2546 3920; x_wconf 79' lang='grc' dir='ltr'>βαλανεῖον,</span> <span class='ocrx_word' id='word_1_596' title='bbox 2573 3848 2853 3917; x_wconf 73' lang='grc' dir='ltr'>Τιϐερῖνον</span> <span class='ocrx_word' id='word_1_597' title='bbox 2882 3847 3241 3918; x_wconf 87' lang='grc' dir='ltr'>καλούμενον,</span> <span class='ocrx_word' id='word_1_598' title='bbox 3280 3847 3349 3901; x_wconf 76' lang='grc' dir='ltr'>τὸ</span> <span class='ocrx_word' id='word_1_599' title='bbox 3383 3848 3479 3919; x_wconf 81' lang='grc' dir='ltr'>μὲν</span> <span class='ocrx_word' id='word_1_600' title='bbox 3508 3847 3691 3916; x_wconf 81' lang='grc' dir='ltr'>χωρεῖν</span> <span class='ocrx_word' id='word_1_601' title='bbox 3715 3840 3799 3910; x_wconf 77' lang='grc' dir='ltr'>οὐχ</span> 
     </span>
    </p>
   </div>
   <div class='ocr_carea' id='block_1_84' title="bbox 2240 3935 3796 4010">
    <p class='ocr_par' dir='ltr' id='par_1_84' title="bbox 2240 3935 3796 4010">
     <span class='ocr_line' id='line_1_84' title="bbox 2240 3935 3796 4010; baseline 0 -18"><span class='ocrx_word' id='word_1_602' title='bbox 2240 3935 2353 4002; x_wconf 74' lang='grc' dir='ltr'>οἷός</span> <span class='ocrx_word' id='word_1_603' title='bbox 2390 3956 2450 3991; x_wconf 86' lang='grc' dir='ltr'><strong>τε</strong></span> <span class='ocrx_word' id='word_1_604' title='bbox 2501 3939 2576 3992; x_wconf 81' lang='grc' dir='ltr'>ὢν</span> <span class='ocrx_word' id='word_1_605' title='bbox 2614 3941 2673 3991; x_wconf 83' lang='grc' dir='ltr'>ὲν</span> <span class='ocrx_word' id='word_1_606' title='bbox 2716 3939 2896 4009; x_wconf 81' lang='grc' dir='ltr'>ἑαυτῷ</span> <span class='ocrx_word' id='word_1_607' title='bbox 2933 3940 3036 4010; x_wconf 76' lang='grc' dir='ltr'><strong>τὴν</strong></span> <span class='ocrx_word' id='word_1_608' title='bbox 3080 3939 3253 4010; x_wconf 83' lang='grc' dir='ltr'>χαρὰν</span> <span class='ocrx_word' id='word_1_609' title='bbox 3284 3940 3383 3993; x_wconf 79' lang='grc' dir='ltr'>καὶ</span> <span class='ocrx_word' id='word_1_610' title='bbox 3414 3938 3529 3999; x_wconf 77' lang='grc' dir='ltr'>οὐδὲ</span> <span class='ocrx_word' id='word_1_611' title='bbox 3559 3935 3796 3992; x_wconf 64' lang='grc' dir='ltr'>καθεκτῦς</span> 
     </span>
    </p>
   </div>
   <div class='ocr_carea' id='block_1_85' title="bbox 2243 4028 3799 4100">
    <p class='ocr_par' dir='ltr' id='par_1_85' title="bbox 2243 4028 3799 4100">
     <span class='ocr_line' id='line_1_85' title="bbox 2243 4028 3799 4100; baseline -0.003 -19"><span class='ocrx_word' id='word_1_612' title='bbox 2243 4028 2441 4083; x_wconf 82' lang='grc' dir='ltr'>ἑαυτοῦ</span> <span class='ocrx_word' id='word_1_613' title='bbox 2472 4030 2556 4084; x_wconf 74' lang='grc' dir='ltr'><strong>διὰ</strong></span> <span class='ocrx_word' id='word_1_614' title='bbox 2583 4029 2742 4084; x_wconf 81' lang='grc' dir='ltr'>τοῦτο</span> <span class='ocrx_word' id='word_1_615' title='bbox 2763 4033 3050 4100; x_wconf 75' lang='grc' dir='ltr'>γινόμενος</span> <span class='ocrx_word' id='word_1_616' title='bbox 3073 4047 3087 4062; x_wconf 76' lang='grc'><strong><em>⁸</em></strong></span> <span class='ocrx_word' id='word_1_617' title='bbox 3115 4030 3176 4084; x_wconf 81' lang='grc' dir='ltr'><strong>τὸ</strong></span> <span class='ocrx_word' id='word_1_618' title='bbox 3200 4030 3255 4083; x_wconf 83' lang='grc' dir='ltr'>δὲ</span> <span class='ocrx_word' id='word_1_619' title='bbox 3283 4032 3381 4085; x_wconf 75' lang='grc' dir='ltr'>καὶ</span> <span class='ocrx_word' id='word_1_620' title='bbox 3409 4029 3546 4083; x_wconf 78' lang='grc' dir='ltr'>αὐτὰ</span> <span class='ocrx_word' id='word_1_621' title='bbox 3575 4028 3666 4098; x_wconf 80' lang='grc' dir='ltr'>τῆς</span> <span class='ocrx_word' id='word_1_622' title='bbox 3690 4040 3799 4094; x_wconf 60' lang='grc' dir='ltr'>πριι-</span> 
     </span>
    </p>
   </div>
   <div class='ocr_carea' id='block_1_86' title="bbox 2242 4112 3797 4193">
    <p class='ocr_par' dir='ltr' id='par_1_86' title="bbox 2242 4112 3797 4193">
     <span class='ocr_line' id='line_1_86' title="bbox 2242 4112 3797 4193; baseline -0.003 -20"><span class='ocrx_word' id='word_1_623' title='bbox 2242 4122 2407 4192; x_wconf 81' lang='grc' dir='ltr'>τέρας</span> <span class='ocrx_word' id='word_1_624' title='bbox 2438 4112 2812 4186; x_wconf 66' lang='grc' dir='ltr'>κακοπαθείας</span> <span class='ocrx_word' id='word_1_625' title='bbox 2840 4122 3257 4177; x_wconf 83' lang='grc' dir='ltr'>ἀποπλύνασθαι</span> <span class='ocrx_word' id='word_1_626' title='bbox 3298 4125 3371 4176; x_wconf 70' lang='grc' dir='ltr'><strong>τὰ</strong></span> <span class='ocrx_word' id='word_1_627' title='bbox 3396 4122 3620 4193; x_wconf 65' lang='grc' dir='ltr'>λείψανα</span> <span class='ocrx_word' id='word_1_628' title='bbox 3649 4116 3797 4172; x_wconf 78' lang='grc' dir='ltr'>σπεύο</span> 
     </span>
    </p>
   </div>
   <div class='ocr_carea' id='block_1_87' title="bbox 2243 4207 3796 4287">
    <p class='ocr_par' dir='ltr' id='par_1_87' title="bbox 2243 4207 3796 4287">
     <span class='ocr_line' id='line_1_87' title="bbox 2243 4207 3796 4287; baseline 0.001 -22"><span class='ocrx_word' id='word_1_629' title='bbox 2243 4213 2347 4266; x_wconf 88' lang='grc' dir='ltr'><strong>δων</strong></span> <span class='ocrx_word' id='word_1_630' title='bbox 2378 4214 2398 4287; x_wconf 95' lang='grc'>(</span> <span class='ocrx_word' id='word_1_631' title='bbox 2431 4213 2466 4283; x_wconf 81' lang='grc' dir='ltr'><strong>ἡ</strong></span> <span class='ocrx_word' id='word_1_632' title='bbox 2513 4214 2697 4285; x_wconf 85' lang='grc' dir='ltr'>μέντοι</span> <span class='ocrx_word' id='word_1_633' title='bbox 2728 4214 2951 4277; x_wconf 76' lang='grc' dir='ltr'>κάθοδος</span> <span class='ocrx_word' id='word_1_634' title='bbox 2977 4215 3161 4284; x_wconf 78' lang='grc' dir='ltr'>ἐκείνη</span> <span class='ocrx_word' id='word_1_635' title='bbox 3186 4217 3339 4269; x_wconf 76' lang='grc' dir='ltr'>πᾶσα</span> <span class='ocrx_word' id='word_1_636' title='bbox 3366 4215 3458 4269; x_wconf 81' lang='grc' dir='ltr'>τοῦ</span> <span class='ocrx_word' id='word_1_637' title='bbox 3489 4215 3640 4284; x_wconf 78' lang='grc' dir='ltr'>ὅρους</span> <span class='ocrx_word' id='word_1_638' title='bbox 3688 4207 3796 4277; x_wconf 75' lang='grc' dir='ltr'>περί</span> 
     </span>
    </p>
   </div>
   <div class='ocr_carea' id='block_1_88' title="bbox 2246 4302 3793 4383">
    <p class='ocr_par' dir='ltr' id='par_1_88' title="bbox 2246 4302 3793 4383">
     <span class='ocr_line' id='line_1_88' title="bbox 2246 4302 3793 4383; baseline -0.003 -26"><span class='ocrx_word' id='word_1_639' title='bbox 2246 4321 2346 4358; x_wconf 81' lang='grc' dir='ltr'><strong>που</strong></span> <span class='ocrx_word' id='word_1_640' title='bbox 2374 4304 2467 4358; x_wconf 87' lang='grc' dir='ltr'><strong>δύο</strong></span> <span class='ocrx_word' id='word_1_641' title='bbox 2493 4306 2588 4359; x_wconf 75' lang='grc' dir='ltr'>καὶ</span> <span class='ocrx_word' id='word_1_642' title='bbox 2617 4307 2821 4361; x_wconf 79' lang='grc' dir='ltr'>εἴκοσιν</span> <span class='ocrx_word' id='word_1_643' title='bbox 2867 4306 3003 4362; x_wconf 78' lang='grc' dir='ltr'>οὖσα</span> <span class='ocrx_word' id='word_1_644' title='bbox 3035 4308 3521 4383; x_wconf 78' lang='grc' dir='ltr'>σταδίους),χεῖρας</span> <span class='ocrx_word' id='word_1_645' title='bbox 3551 4304 3685 4375; x_wconf 71' lang='grc' dir='ltr'>εἶχεν</span> <span class='ocrx_word' id='word_1_646' title='bbox 3709 4302 3793 4354; x_wconf 73' lang='grc' dir='ltr'><strong>αὖ·</strong></span> 
     </span>
    </p>
   </div>
   <div class='ocr_carea' id='block_1_89' title="bbox 2244 4395 3795 4471">
    <p class='ocr_par' dir='ltr' id='par_1_89' title="bbox 2244 4395 3795 4471">
     <span class='ocr_line' id='line_1_89' title="bbox 2244 4395 3795 4471; baseline -0.004 -22"><span class='ocrx_word' id='word_1_647' title='bbox 2244 4395 2322 4468; x_wconf 83' lang='grc' dir='ltr'>τῷ</span> <span class='ocrx_word' id='word_1_648' title='bbox 2368 4398 2776 4470; x_wconf 81' lang='grc' dir='ltr'>άνατεταμένας</span> <span class='ocrx_word' id='word_1_649' title='bbox 2831 4398 2970 4470; x_wconf 80' lang='grc' dir='ltr'>Θεῷ,</span> <span class='ocrx_word' id='word_1_650' title='bbox 3009 4399 3070 4452; x_wconf 80' lang='grc' dir='ltr'>τὸ</span> <span class='ocrx_word' id='word_1_651' title='bbox 3103 4399 3280 4470; x_wconf 79' lang='grc' dir='ltr'>στόμα</span> <span class='ocrx_word' id='word_1_652' title='bbox 3312 4418 3370 4453; x_wconf 87' lang='grc' dir='ltr'><strong>τε</strong></span> <span class='ocrx_word' id='word_1_653' title='bbox 3406 4400 3577 4471; x_wconf 79' lang='grc' dir='ltr'>χαρᾶς</span> <span class='ocrx_word' id='word_1_654' title='bbox 3616 4397 3795 4447; x_wconf 80' lang='grc' dir='ltr'>ὑποπε-</span> 
     </span>
    </p>
   </div>
   <div class='ocr_carea' id='block_1_90' title="bbox 558 4486 2131 4562">
    <p class='ocr_par' dir='ltr' id='par_1_90' title="bbox 558 4486 2131 4557">
     <span class='ocr_line' id='line_1_90' title="bbox 558 4486 2131 4557; baseline -0.002 -14"><span class='ocrx_word' id='word_1_655' title='bbox 558 4489 768 4550; x_wconf 69' lang='grc' dir='ltr'>Ιιειίιίιι,</span> <span class='ocrx_word' id='word_1_656' title='bbox 799 4496 857 4543; x_wconf 92' lang='lat' dir='ltr'><strong>et</strong></span> <span class='ocrx_word' id='word_1_657' title='bbox 892 4489 1054 4543; x_wconf 86' lang='lat' dir='ltr'><strong>labiis</strong></span> <span class='ocrx_word' id='word_1_658' title='bbox 1083 4489 1451 4544; x_wconf 80' lang='lat' dir='ltr'><strong>exsultatione</strong></span> <span class='ocrx_word' id='word_1_659' title='bbox 1478 4488 1724 4557; x_wconf 87' lang='lat' dir='ltr'><strong>repletis.</strong></span> <span class='ocrx_word' id='word_1_660' title='bbox 1757 4486 1931 4542; x_wconf 90' lang='lat' dir='ltr'><strong>Lotus</strong></span> <span class='ocrx_word' id='word_1_661' title='bbox 1954 4494 2131 4541; x_wconf 85' lang='lat' dir='ltr'><strong>autem</strong></span> 
     </span>
    </p>
   </div>
   <div class='ocr_carea' id='block_1_91' title="bbox 2232 4486 3794 4562">
    <p class='ocr_par' dir='ltr' id='par_1_91' title="bbox 2245 4488 3794 4562">
     <span class='ocr_line' id='line_1_91' title="bbox 2245 4488 3794 4562; baseline 0.001 -19"><span class='ocrx_word' id='word_1_662' title='bbox 2245 4490 2575 4560; x_wconf 82' lang='grc' dir='ltr'>πλησμένον,</span> <span class='ocrx_word' id='word_1_663' title='bbox 2617 4491 2712 4544; x_wconf 73' lang='grc' dir='ltr'>καὶ</span> <span class='ocrx_word' id='word_1_664' title='bbox 2749 4493 2816 4545; x_wconf 82' lang='grc' dir='ltr'><strong>τὰ</strong></span> <span class='ocrx_word' id='word_1_665' title='bbox 2845 4491 2998 4562; x_wconf 76' lang='grc' dir='ltr'>χείλη</span> <span class='ocrx_word' id='word_1_666' title='bbox 3057 4488 3794 4560; x_wconf 75' lang='grc' dir='ltr'>ἀγαλλιάσεως.Λουσάμενος</span> 
     </span>
    </p>
   </div>
   <div class='ocr_carea' id='block_1_92' title="bbox 557 4578 2138 4650">
    <p class='ocr_par' dir='ltr' id='par_1_92' title="bbox 557 4578 2138 4650">
     <span class='ocr_line' id='line_1_92' title="bbox 557 4578 2138 4650; baseline -0.001 -16"><span class='ocrx_word' id='word_1_667' title='bbox 557 4581 763 4636; x_wconf 84' lang='lat' dir='ltr'><strong>cursim</strong></span> <span class='ocrx_word' id='word_1_668' title='bbox 783 4581 975 4636; x_wconf 83' lang='lat' dir='ltr'><strong>eadem</strong></span> <span class='ocrx_word' id='word_1_669' title='bbox 1011 4581 1077 4637; x_wconf 88' lang='lat' dir='ltr'><strong>ad</strong></span> <span class='ocrx_word' id='word_1_670' title='bbox 1109 4590 1362 4637; x_wconf 87' lang='lat' dir='ltr'><strong>sanctum</strong></span> <span class='ocrx_word' id='word_1_671' title='bbox 1394 4586 1673 4650; x_wconf 88' lang='lat' dir='ltr'><strong>properat,</strong></span> <span class='ocrx_word' id='word_1_672' title='bbox 1699 4578 2011 4647; x_wconf 65' lang='lat' dir='ltr'><strong>saepiusque</strong></span> <span class='ocrx_word' id='word_1_673' title='bbox 2035 4578 2138 4633; x_wconf 90' lang='lat' dir='ltr'><strong>ite-</strong></span> 
     </span>
    </p>
   </div>
   <div class='ocr_carea' id='block_1_93' title="bbox 456 4669 2139 4743">
    <p class='ocr_par' dir='ltr' id='par_1_93' title="bbox 456 4669 2139 4743">
     <span class='ocr_line' id='line_1_93' title="bbox 456 4669 2139 4743; baseline -0.001 -18"><span class='ocrx_word' id='word_1_674' title='bbox 456 4724 463 4733; x_wconf 87' lang='grc'><strong>,</strong></span> <span class='ocrx_word' id='word_1_675' title='bbox 560 4682 680 4727; x_wconf 84' lang='lat' dir='ltr'><strong>rato</strong></span> <span class='ocrx_word' id='word_1_676' title='bbox 721 4673 990 4728; x_wconf 87' lang='lat' dir='ltr'><strong>descensu</strong></span> <span class='ocrx_word' id='word_1_677' title='bbox 1042 4685 1207 4743; x_wconf 89' lang='lat' dir='ltr'><strong>atque</strong></span> <span class='ocrx_word' id='word_1_678' title='bbox 1237 4686 1471 4727; x_wconf 86' lang='lat' dir='ltr'><strong>ascensu</strong></span> <span class='ocrx_word' id='word_1_679' title='bbox 1521 4670 1665 4724; x_wconf 88' lang='lat' dir='ltr'><strong>idem</strong></span> <span class='ocrx_word' id='word_1_680' title='bbox 1711 4669 1944 4735; x_wconf 83' lang='lat' dir='ltr'><strong>factitat,</strong></span> <span class='ocrx_word' id='word_1_681' title='bbox 1974 4670 2139 4740; x_wconf 86' lang='lat' dir='ltr'><strong>idque</strong></span> 
     </span>
    </p>
   </div>
   <div class='ocr_carea' id='block_1_94' title="bbox 562 4762 2138 4835">
    <p class='ocr_par' dir='ltr' id='par_1_94' title="bbox 562 4762 2138 4835">
     <span class='ocr_line' id='line_1_94' title="bbox 562 4762 2138 4835; baseline -0.001 -17"><span class='ocrx_word' id='word_1_682' title='bbox 562 4765 754 4820; x_wconf 76' lang='lat' dir='ltr'><strong>eadem</strong></span> <span class='ocrx_word' id='word_1_683' title='bbox 781 4766 902 4828; x_wconf 79' lang='lat' dir='ltr'><strong>die;</strong></span> <span class='ocrx_word' id='word_1_684' title='bbox 932 4776 991 4819; x_wconf 90' lang='lat' dir='ltr'><strong>ut</strong></span> <span class='ocrx_word' id='word_1_685' title='bbox 1017 4766 1174 4821; x_wconf 88' lang='lat' dir='ltr'><strong>factis</strong></span> <span class='ocrx_word' id='word_1_686' title='bbox 1208 4765 1362 4835; x_wconf 89' lang='lat' dir='ltr'><strong>ipsis,</strong></span> <span class='ocrx_word' id='word_1_687' title='bbox 1392 4762 1771 4818; x_wconf 81' lang='lat' dir='ltr'><strong>confirmatam</strong></span> <span class='ocrx_word' id='word_1_688' title='bbox 1801 4762 1904 4817; x_wconf 89' lang='lat' dir='ltr'><strong>sibi</strong></span> <span class='ocrx_word' id='word_1_689' title='bbox 1926 4764 2138 4817; x_wconf 87' lang='lat' dir='ltr'><strong>valetu-</strong></span> 
     </span>
    </p>
   </div>
   <div class='ocr_carea' id='block_1_95' title="bbox 559 4856 2136 4923">
    <p class='ocr_par' dir='ltr' id='par_1_95' title="bbox 559 4856 2136 4923">
     <span class='ocr_line' id='line_1_95' title="bbox 559 4856 2136 4923; baseline 0.001 -13"><span class='ocrx_word' id='word_1_690' title='bbox 559 4858 744 4912; x_wconf 89' lang='lat' dir='ltr'><strong>dinem</strong></span> <span class='ocrx_word' id='word_1_691' title='bbox 794 4874 946 4923; x_wconf 85' lang='lat' dir='ltr'><strong>esse,</strong></span> <span class='ocrx_word' id='word_1_692' title='bbox 993 4860 1157 4914; x_wconf 79' lang='lat' dir='ltr'><strong>fidem</strong></span> <span class='ocrx_word' id='word_1_693' title='bbox 1204 4858 1457 4911; x_wconf 86' lang='lat' dir='ltr'><strong>faceret:</strong></span> <span class='ocrx_word' id='word_1_694' title='bbox 1504 4856 1725 4910; x_wconf 89' lang='lat' dir='ltr'><strong>tandem</strong></span> <span class='ocrx_word' id='word_1_695' title='bbox 1755 4856 2136 4912; x_wconf 88' lang='lat' dir='ltr'><strong>benedictione</strong></span> 
     </span>
    </p>
   </div>
   <div class='ocr_carea' id='block_1_96' title="bbox 559 4945 2133 5019">
    <p class='ocr_par' dir='ltr' id='par_1_96' title="bbox 559 4945 2133 5019">
     <span class='ocr_line' id='line_1_96' title="bbox 559 4945 2133 5019; baseline 0 -18"><span class='ocrx_word' id='word_1_696' title='bbox 559 4960 783 5019; x_wconf 77' lang='lat' dir='ltr'><strong>accepta</strong></span> <span class='ocrx_word' id='word_1_697' title='bbox 836 4965 867 5002; x_wconf 73' lang='grc' dir='ltr'><strong>ε</strong></span> <span class='ocrx_word' id='word_1_698' title='bbox 897 4958 1110 5015; x_wconf 88' lang='lat' dir='ltr'><strong>sancto,</strong></span> <span class='ocrx_word' id='word_1_699' title='bbox 1158 4947 1395 5016; x_wconf 75' lang='lat' dir='ltr'><strong>tetendit</strong></span> <span class='ocrx_word' id='word_1_700' title='bbox 1444 4947 1497 4999; x_wconf 90' lang='lat' dir='ltr'><strong>in</strong></span> <span class='ocrx_word' id='word_1_701' title='bbox 1549 4945 1766 5011; x_wconf 89' lang='lat' dir='ltr'><strong>urbem,</strong></span> <span class='ocrx_word' id='word_1_702' title='bbox 1809 4953 2133 5002; x_wconf 89' lang='lat' dir='ltr'><strong>cunctorum</strong></span> 
     </span>
    </p>
   </div>
   <div class='ocr_carea' id='block_1_97' title="bbox 559 5036 2134 5108">
    <p class='ocr_par' dir='ltr' id='par_1_97' title="bbox 559 5036 2134 5108">
     <span class='ocr_line' id='line_1_97' title="bbox 559 5036 2134 5108; baseline 0.001 -19"><span class='ocrx_word' id='word_1_703' title='bbox 559 5041 737 5094; x_wconf 85' lang='lat' dir='ltr'><strong>oculis</strong></span> <span class='ocrx_word' id='word_1_704' title='bbox 777 5038 1108 5096; x_wconf 81' lang='lat' dir='ltr'><strong>admirabile</strong></span> <span class='ocrx_word' id='word_1_705' title='bbox 1142 5037 1516 5108; x_wconf 84' lang='lat' dir='ltr'><strong>spectaculum</strong></span> <span class='ocrx_word' id='word_1_706' title='bbox 1551 5036 1622 5091; x_wconf 91' lang='lat' dir='ltr'><strong>ob</strong></span> <span class='ocrx_word' id='word_1_707' title='bbox 1652 5037 1994 5093; x_wconf 87' lang='lat' dir='ltr'><strong>sanationem</strong></span> <span class='ocrx_word' id='word_1_708' title='bbox 2026 5053 2134 5091; x_wconf 87' lang='lat' dir='ltr'><strong>non</strong></span> 
     </span>
    </p>
   </div>
   <div class='ocr_carea' id='block_1_98' title="bbox 560 5121 866 5202">
    <p class='ocr_par' dir='ltr' id='par_1_98' title="bbox 560 5121 866 5202">
     <span class='ocr_line' id='line_1_98' title="bbox 560 5121 866 5202; baseline 0.013 -20"><span class='ocrx_word' id='word_1_709' title='bbox 560 5121 866 5202; x_wconf 86' lang='lat' dir='ltr'><strong>opinatam.</strong></span> 
     </span>
    </p>
   </div>
   <div class='ocr_carea' id='block_1_99' title="bbox 2248 4580 3793 4655">
    <p class='ocr_par' dir='ltr' id='par_1_99' title="bbox 2248 4580 3793 4655">
     <span class='ocr_line' id='line_1_99' title="bbox 2248 4580 3793 4655; baseline -0.016 -2"><span class='ocrx_word' id='word_1_710' title='bbox 2248 4583 2454 4653; x_wconf 66' lang='grc' dir='ltr'>μέντοι,</span> <span class='ocrx_word' id='word_1_711' title='bbox 2506 4583 2601 4637; x_wconf 74' lang='grc' dir='ltr'><strong>καὶ</strong></span> <span class='ocrx_word' id='word_1_712' title='bbox 2643 4582 2831 4655; x_wconf 80' lang='grc' dir='ltr'>δρόμῳ</span> <span class='ocrx_word' id='word_1_713' title='bbox 2880 4585 3045 4637; x_wconf 82' lang='grc' dir='ltr'>πάλιν</span> <span class='ocrx_word' id='word_1_714' title='bbox 3092 4584 3295 4653; x_wconf 77' lang='grc' dir='ltr'>ὁμοίως</span> <span class='ocrx_word' id='word_1_715' title='bbox 3329 4583 3479 4655; x_wconf 75' lang='grc' dir='ltr'>παρὰ</span> <span class='ocrx_word' id='word_1_716' title='bbox 3505 4580 3595 4634; x_wconf 81' lang='grc' dir='ltr'><strong>τὸν</strong></span> <span class='ocrx_word' id='word_1_717' title='bbox 3628 4581 3793 4643; x_wconf 72' lang='grc' dir='ltr'>Ἀγιον</span> 
     </span>
    </p>
   </div>
   <div class='ocr_carea' id='block_1_100' title="bbox 2244 4672 3791 4748">
    <p class='ocr_par' dir='ltr' id='par_1_100' title="bbox 2244 4672 3791 4748">
     <span class='ocr_line' id='line_1_100' title="bbox 2244 4672 3791 4748; baseline -0.003 -18"><span class='ocrx_word' id='word_1_718' title='bbox 2244 4674 2517 4741; x_wconf 85' lang='grc' dir='ltr'>ἀνελθὼν,</span> <span class='ocrx_word' id='word_1_719' title='bbox 2575 4676 2840 4741; x_wconf 78' lang='grc' dir='ltr'>πολλάκις</span> <span class='ocrx_word' id='word_1_720' title='bbox 2899 4695 2959 4730; x_wconf 87' lang='grc' dir='ltr'><strong>τε</strong></span> <span class='ocrx_word' id='word_1_721' title='bbox 3008 4676 3168 4730; x_wconf 80' lang='grc' dir='ltr'>τοῦτο</span> <span class='ocrx_word' id='word_1_722' title='bbox 3224 4678 3453 4748; x_wconf 83' lang='grc' dir='ltr'>δράσας,</span> <span class='ocrx_word' id='word_1_723' title='bbox 3492 4672 3693 4740; x_wconf 85' lang='grc' dir='ltr'>καθόδῳ</span> <span class='ocrx_word' id='word_1_724' title='bbox 3743 4682 3791 4718; x_wconf 76' lang='grc' dir='ltr'><strong>τε</strong></span> 
     </span>
    </p>
   </div>
   <div class='ocr_carea' id='block_1_101' title="bbox 2246 4758 3791 4840">
    <p class='ocr_par' dir='ltr' id='par_1_101' title="bbox 2246 4758 3791 4840">
     <span class='ocr_line' id='line_1_101' title="bbox 2246 4758 3791 4840; baseline -0.003 -19"><span class='ocrx_word' id='word_1_725' title='bbox 2246 4768 2643 4840; x_wconf 82' lang='grc' dir='ltr'>παραπλησίως</span> <span class='ocrx_word' id='word_1_726' title='bbox 2690 4769 2785 4822; x_wconf 70' lang='grc' dir='ltr'><strong>καὶ</strong></span> <span class='ocrx_word' id='word_1_727' title='bbox 2828 4769 3002 4840; x_wconf 80' lang='grc' dir='ltr'>ἀνόδῳ</span> <span class='ocrx_word' id='word_1_728' title='bbox 3049 4770 3417 4839; x_wconf 79' lang='grc' dir='ltr'>χρησάμενος,</span> <span class='ocrx_word' id='word_1_729' title='bbox 3452 4766 3542 4820; x_wconf 71' lang='grc' dir='ltr'><strong>καὶ</strong></span> <span class='ocrx_word' id='word_1_730' title='bbox 3582 4764 3670 4831; x_wconf 67' lang='grc' dir='ltr'>τῆς</span> <span class='ocrx_word' id='word_1_731' title='bbox 3707 4758 3791 4811; x_wconf 75' lang='grc' dir='ltr'><strong>αὖ·</strong></span> 
     </span>
    </p>
   </div>
   <div class='ocr_carea' id='block_1_102' title="bbox 2243 4844 3791 4931">
    <p class='ocr_par' dir='ltr' id='par_1_102' title="bbox 2243 4844 3791 4931">
     <span class='ocr_line' id='line_1_102' title="bbox 2243 4844 3791 4931; baseline -0.017 -9"><span class='ocrx_word' id='word_1_732' title='bbox 2243 4862 2343 4928; x_wconf 83' lang='grc' dir='ltr'><strong>τῆς</strong></span> <span class='ocrx_word' id='word_1_733' title='bbox 2394 4860 2609 4931; x_wconf 79' lang='grc' dir='ltr'>ἡμέρας</span> <span class='ocrx_word' id='word_1_734' title='bbox 2661 4859 2971 4930; x_wconf 74' lang='grc' dir='ltr'>ἀμφοτέρα,</span> <span class='ocrx_word' id='word_1_735' title='bbox 3022 4859 3111 4911; x_wconf 85' lang='grc' dir='ltr'><strong>ἴνα</strong></span> <span class='ocrx_word' id='word_1_736' title='bbox 3160 4857 3395 4924; x_wconf 14' lang='grc' dir='ltr'>καὶξτὴν</span> <span class='ocrx_word' id='word_1_737' title='bbox 3434 4852 3618 4922; x_wconf 74' lang='grc' dir='ltr'>ὑγείαν</span> <span class='ocrx_word' id='word_1_738' title='bbox 3651 4844 3791 4904; x_wconf 79' lang='grc' dir='ltr'>αὐτὸς</span> 
     </span>
    </p>
   </div>
   <div class='ocr_carea' id='block_1_103' title="bbox 2245 4937 3792 5022">
    <p class='ocr_par' dir='ltr' id='par_1_103' title="bbox 2245 4937 3792 5022">
     <span class='ocr_line' id='line_1_103' title="bbox 2245 4937 3792 5022; baseline -0.005 -19"><span class='ocrx_word' id='word_1_739' title='bbox 2245 4950 2424 5014; x_wconf 81' lang='grc' dir='ltr'>ἐαυτῷ</span> <span class='ocrx_word' id='word_1_740' title='bbox 2458 4949 2801 5020; x_wconf 81' lang='grc' dir='ltr'>πιστώσηται</span> <span class='ocrx_word' id='word_1_741' title='bbox 2832 4951 3030 5022; x_wconf 81' lang='grc' dir='ltr'>μᾶλλον</span> <span class='ocrx_word' id='word_1_742' title='bbox 3072 4952 3178 5004; x_wconf 74' lang='grc' dir='ltr'><strong>ἀπὸ</strong></span> <span class='ocrx_word' id='word_1_743' title='bbox 3218 4950 3309 5004; x_wconf 77' lang='grc' dir='ltr'>τοῦ</span> <span class='ocrx_word' id='word_1_744' title='bbox 3345 4948 3659 5020; x_wconf 85' lang='grc' dir='ltr'>πράγματος</span> <span class='ocrx_word' id='word_1_745' title='bbox 3679 4958 3691 4970; x_wconf 89' lang='grc'><strong>·</strong></span> <span class='ocrx_word' id='word_1_746' title='bbox 3720 4937 3792 4990; x_wconf 82' lang='grc' dir='ltr'><strong>τέ·</strong></span> 
     </span>
    </p>
   </div>
   <div class='ocr_carea' id='block_1_104' title="bbox 2244 5033 3791 5113">
    <p class='ocr_par' dir='ltr' id='par_1_104' title="bbox 2244 5033 3791 5113">
     <span class='ocr_line' id='line_1_104' title="bbox 2244 5033 3791 5113; baseline -0.011 -8"><span class='ocrx_word' id='word_1_747' title='bbox 2244 5042 2336 5104; x_wconf 75' lang='grc' dir='ltr'><strong>λος</strong></span> <span class='ocrx_word' id='word_1_748' title='bbox 2380 5042 2696 5113; x_wconf 77' lang='grc' dir='ltr'>εὐλογηοεὶς</span> <span class='ocrx_word' id='word_1_749' title='bbox 2743 5043 2836 5096; x_wconf 78' lang='grc' dir='ltr'>ὑπ’</span> <span class='ocrx_word' id='word_1_750' title='bbox 2881 5044 3067 5112; x_wconf 75' lang='grc' dir='ltr'>αὑτοῦ,</span> <span class='ocrx_word' id='word_1_751' title='bbox 3115 5044 3357 5098; x_wconf 82' lang='grc' dir='ltr'>κάτεισιν</span> <span class='ocrx_word' id='word_1_752' title='bbox 3405 5043 3481 5105; x_wconf 85' lang='grc' dir='ltr'>εἰς</span> <span class='ocrx_word' id='word_1_753' title='bbox 3519 5039 3614 5108; x_wconf 78' lang='grc' dir='ltr'><strong>τὴν</strong></span> <span class='ocrx_word' id='word_1_754' title='bbox 3658 5033 3791 5087; x_wconf 71' lang='grc' dir='ltr'>πόλιν</span> 
     </span>
    </p>
   </div>
   <div class='ocr_carea' id='block_1_105' title="bbox 2245 5123 3790 5207">
    <p class='ocr_par' dir='ltr' id='par_1_105' title="bbox 2245 5123 3790 5207">
     <span class='ocr_line' id='line_1_105' title="bbox 2245 5123 3790 5207; baseline 0.006 -25"><span class='ocrx_word' id='word_1_755' title='bbox 2245 5131 2546 5201; x_wconf 74' lang='grc' dir='ltr'>ὀφθαλμοῖς</span> <span class='ocrx_word' id='word_1_756' title='bbox 2610 5134 2746 5186; x_wconf 78' lang='grc' dir='ltr'>πᾶσι</span> <span class='ocrx_word' id='word_1_757' title='bbox 2802 5134 2989 5205; x_wconf 75' lang='grc' dir='ltr'>θαῦμα</span> <span class='ocrx_word' id='word_1_758' title='bbox 3047 5135 3124 5206; x_wconf 78' lang='grc' dir='ltr'>τῷ</span> <span class='ocrx_word' id='word_1_759' title='bbox 3182 5131 3468 5207; x_wconf 79' lang='grc' dir='ltr'>παραδόξῳ</span> <span class='ocrx_word' id='word_1_760' title='bbox 3508 5130 3600 5200; x_wconf 84' lang='grc' dir='ltr'><strong>τῆς</strong></span> <span class='ocrx_word' id='word_1_761' title='bbox 3646 5123 3790 5191; x_wconf 56' lang='grc' dir='ltr'>θείη·</span> 
     </span>
    </p>
   </div>
   <div class='ocr_carea' id='block_1_106' title="bbox 2248 5222 2429 5287">
    <p class='ocr_par' dir='ltr' id='par_1_106' title="bbox 2248 5222 2429 5287">
     <span class='ocr_line' id='line_1_106' title="bbox 2248 5222 2429 5287; baseline -0.006 -12"><span class='ocrx_word' id='word_1_762' title='bbox 2248 5240 2315 5275; x_wconf 88' lang='grc' dir='ltr'><strong>πε</strong></span> <span class='ocrx_word' id='word_1_763' title='bbox 2325 5222 2429 5287; x_wconf 73' lang='grc' dir='ltr'>(ας.</span> 
     </span>
    </p>
   </div>
   <div class='ocr_carea' id='block_1_107' title="bbox 2004 5351 2415 5411">
    <p class='ocr_par' dir='ltr' id='par_1_107' title="bbox 2004 5351 2415 5411">
     <span class='ocr_line' id='line_1_107' title="bbox 2004 5351 2415 5411; baseline 0.007 -3"><span class='ocrx_word' id='word_1_764' title='bbox 2004 5351 2231 5409; x_wconf 78' lang='lat' dir='ltr'><strong>CAPUT</strong></span> <span class='ocrx_word' id='word_1_765' title='bbox 2274 5353 2415 5411; x_wconf 78' lang='lat' dir='ltr'><strong>XIII.</strong></span> 
     </span>
    </p>
   </div>
   <div class='ocr_carea' id='block_1_108' title="bbox 1138 5465 3233 5540">
    <p class='ocr_par' dir='ltr' id='par_1_108' title="bbox 1138 5465 3233 5540">
     <span class='ocr_line' id='line_1_108' title="bbox 1138 5465 3233 5540; baseline 0.007 -22"><span class='ocrx_word' id='word_1_766' title='bbox 1138 5465 1301 5521; x_wconf 75' lang='lat' dir='ltr'><strong>Variw</strong></span> <span class='ocrx_word' id='word_1_767' title='bbox 1343 5474 1563 5522; x_wconf 73' lang='lat' dir='ltr'><strong>ecstascs</strong></span> <span class='ocrx_word' id='word_1_768' title='bbox 1596 5477 1643 5521; x_wconf 82' lang='lat' dir='ltr'><strong>et</strong></span> <span class='ocrx_word' id='word_1_769' title='bbox 1691 5469 1962 5534; x_wconf 59' lang='lat' dir='ltr'><strong>vaticinia,</strong></span> <span class='ocrx_word' id='word_1_770' title='bbox 2020 5485 2297 5540; x_wconf 66' lang='lat' dir='ltr'><strong>prrresque</strong></span> <span class='ocrx_word' id='word_1_771' title='bbox 2337 5486 2433 5540; x_wconf 84' lang='lat' dir='ltr'><strong>pro</strong></span> <span class='ocrx_word' id='word_1_772' title='bbox 2475 5473 2772 5527; x_wconf 78' lang='lat' dir='ltr'><strong>avertendis</strong></span> <span class='ocrx_word' id='word_1_773' title='bbox 2818 5474 3233 5532; x_wconf 76' lang='lat' dir='ltr'><strong>calamitatibus.</strong></span> 
     </span>
    </p>
   </div>
   <div class='ocr_carea' id='block_1_109' title="bbox 642 5575 2138 5652">
    <p class='ocr_par' dir='ltr' id='par_1_109' title="bbox 642 5575 2138 5652">
     <span class='ocr_line' id='line_1_109' title="bbox 642 5575 2138 5652; baseline 0.006 -26"><span class='ocrx_word' id='word_1_774' title='bbox 642 5576 761 5632; x_wconf 80' lang='grc'><strong>101.</strong></span> <span class='ocrx_word' id='word_1_775' title='bbox 815 5575 877 5630; x_wconf 89' lang='lat' dir='ltr'><strong>ln</strong></span> <span class='ocrx_word' id='word_1_776' title='bbox 931 5578 1123 5631; x_wconf 86' lang='lat' dir='ltr'><strong>ecstasi</strong></span> <span class='ocrx_word' id='word_1_777' title='bbox 1184 5580 1479 5650; x_wconf 85' lang='lat' dir='ltr'><strong>aliquando</strong></span> <span class='ocrx_word' id='word_1_778' title='bbox 1535 5582 1770 5652; x_wconf 87' lang='lat' dir='ltr'><strong>Symeon</strong></span> <span class='ocrx_word' id='word_1_779' title='bbox 1825 5583 1964 5637; x_wconf 87' lang='lat' dir='ltr'><strong>vidit</strong></span> <span class='ocrx_word' id='word_1_780' title='bbox 2018 5583 2138 5637; x_wconf 80' lang='lat' dir='ltr'><strong>infi-</strong></span> 
     </span>
    </p>
   </div>
   <div class='ocr_carea' id='block_1_110' title="bbox 566 5663 2138 5743">
    <p class='ocr_par' dir='ltr' id='par_1_110' title="bbox 566 5663 2138 5743">
     <span class='ocr_line' id='line_1_110' title="bbox 566 5663 2138 5743; baseline 0.007 -25"><span class='ocrx_word' id='word_1_781' title='bbox 566 5663 734 5720; x_wconf 89' lang='lat' dir='ltr'><strong>nitam</strong></span> <span class='ocrx_word' id='word_1_782' title='bbox 783 5668 1053 5733; x_wconf 71' lang='lat' dir='ltr'><strong>virorum,</strong></span> <span class='ocrx_word' id='word_1_783' title='bbox 1099 5672 1413 5737; x_wconf 89' lang='lat' dir='ltr'><strong>mulierum,</strong></span> <span class='ocrx_word' id='word_1_784' title='bbox 1457 5689 1519 5731; x_wconf 83' lang='lat' dir='ltr'><strong>ac</strong></span> <span class='ocrx_word' id='word_1_785' title='bbox 1557 5689 1856 5743; x_wconf 88' lang='lat' dir='ltr'><strong>puerorum</strong></span> <span class='ocrx_word' id='word_1_786' title='bbox 1901 5675 2138 5740; x_wconf 89' lang='lat' dir='ltr'><strong>turbam,</strong></span> 
     </span>
    </p>
   </div>
   <div class='ocr_carea' id='block_1_111' title="bbox 558 5757 2142 5835">
    <p class='ocr_par' dir='ltr' id='par_1_111' title="bbox 558 5757 2142 5835">
     <span class='ocr_line' id='line_1_111' title="bbox 558 5757 2142 5835; baseline 0.006 -23"><span class='ocrx_word' id='word_1_787' title='bbox 558 5773 625 5814; x_wconf 77' lang='lat' dir='ltr'><strong>ex</strong></span> <span class='ocrx_word' id='word_1_788' title='bbox 660 5757 881 5817; x_wconf 86' lang='lat' dir='ltr'><strong>Oriente</strong></span> <span class='ocrx_word' id='word_1_789' title='bbox 914 5760 980 5815; x_wconf 85' lang='lat' dir='ltr'><strong>ad</strong></span> <span class='ocrx_word' id='word_1_790' title='bbox 1012 5777 1068 5816; x_wconf 89' lang='lat' dir='ltr'><strong>se</strong></span> <span class='ocrx_word' id='word_1_791' title='bbox 1104 5765 1465 5831; x_wconf 66' lang='lat' dir='ltr'><strong>venientium,</strong></span> <span class='ocrx_word' id='word_1_792' title='bbox 1497 5780 1734 5834; x_wconf 87' lang='lat' dir='ltr'><strong>quorum</strong></span> <span class='ocrx_word' id='word_1_793' title='bbox 1765 5780 1959 5820; x_wconf 87' lang='lat' dir='ltr'><strong>manus</strong></span> <span class='ocrx_word' id='word_1_794' title='bbox 1999 5782 2142 5835; x_wconf 59' lang='lat' dir='ltr'><strong>prae-</strong></span> 
     </span>
    </p>
   </div>
   <div class='ocr_carea' id='block_1_112' title="bbox 2324 5571 3788 5663">
    <p class='ocr_par' dir='ltr' id='par_1_112' title="bbox 2324 5571 3788 5663">
     <span class='ocr_line' id='line_1_112' title="bbox 2324 5571 3788 5663; baseline -0.014 -19"><span class='ocrx_word' id='word_1_795' title='bbox 2324 5592 2425 5656; x_wconf 72' lang='grc' dir='ltr'>ραν.</span> <span class='ocrx_word' id='word_1_796' title='bbox 2470 5585 2738 5658; x_wconf 84' lang='grc' dir='ltr'>Ἐωράκει</span> <span class='ocrx_word' id='word_1_797' title='bbox 2771 5591 2900 5644; x_wconf 72' lang='grc' dir='ltr'>ποτε</span> <span class='ocrx_word' id='word_1_798' title='bbox 2926 5591 2952 5643; x_wconf 88' lang='grc' dir='ltr'><strong>ό</strong></span> <span class='ocrx_word' id='word_1_799' title='bbox 2979 5593 3204 5663; x_wconf 85' lang='grc' dir='ltr'>Συμεὼν</span> <span class='ocrx_word' id='word_1_800' title='bbox 3233 5594 3291 5647; x_wconf 81' lang='grc' dir='ltr'>ὲν</span> <span class='ocrx_word' id='word_1_801' title='bbox 3314 5588 3579 5650; x_wconf 77' lang='grc' dir='ltr'>ἐκστάσει,</span> <span class='ocrx_word' id='word_1_802' title='bbox 3602 5571 3788 5646; x_wconf 74' lang='grc' dir='ltr'>ἀνδρῶν</span> 
     </span>
    </p>
   </div>
   <div class='ocr_carea' id='block_1_113' title="bbox 2249 5675 3789 5754">
    <p class='ocr_par' dir='ltr' id='par_1_113' title="bbox 2249 5675 3789 5754">
     <span class='ocr_line' id='line_1_113' title="bbox 2249 5675 3789 5754; baseline -0.006 -25"><span class='ocrx_word' id='word_1_803' title='bbox 2249 5678 2344 5729; x_wconf 80' lang='grc' dir='ltr'><strong>καὶ</strong></span> <span class='ocrx_word' id='word_1_804' title='bbox 2373 5680 2781 5746; x_wconf 73' lang='grc' dir='ltr'>γυναικῶν,καὶ</span> <span class='ocrx_word' id='word_1_805' title='bbox 2814 5682 3018 5737; x_wconf 82' lang='grc' dir='ltr'>παίδων</span> <span class='ocrx_word' id='word_1_806' title='bbox 3053 5683 3258 5754; x_wconf 78' lang='grc' dir='ltr'>πλῆθος</span> <span class='ocrx_word' id='word_1_807' title='bbox 3313 5681 3517 5752; x_wconf 68' lang='grc' dir='ltr'>μυρζνν,</span> <span class='ocrx_word' id='word_1_808' title='bbox 3580 5675 3789 5742; x_wconf 67' lang='grc' dir='ltr'>ἥκοντος</span> 
     </span>
    </p>
   </div>
   <div class='ocr_carea' id='block_1_114' title="bbox 2249 5766 3784 5848">
    <p class='ocr_par' dir='ltr' id='par_1_114' title="bbox 2249 5766 3784 5848">
     <span class='ocr_line' id='line_1_114' title="bbox 2249 5766 3784 5848; baseline -0.004 -26"><span class='ocrx_word' id='word_1_809' title='bbox 2249 5770 2327 5833; x_wconf 83' lang='grc' dir='ltr'>εἰς</span> <span class='ocrx_word' id='word_1_810' title='bbox 2356 5769 2517 5823; x_wconf 73' lang='grc' dir='ltr'>αὑτὸν</span> <span class='ocrx_word' id='word_1_811' title='bbox 2541 5771 2604 5824; x_wconf 76' lang='grc' dir='ltr'>ἐκ</span> <span class='ocrx_word' id='word_1_812' title='bbox 2642 5772 2739 5841; x_wconf 68' lang='grc' dir='ltr'>τῆς</span> <span class='ocrx_word' id='word_1_813' title='bbox 2773 5773 2906 5839; x_wconf 82' lang='grc' dir='ltr'>Ἕω,</span> <span class='ocrx_word' id='word_1_814' title='bbox 2930 5776 3023 5827; x_wconf 70' lang='grc' dir='ltr'><strong>καὶ</strong></span> <span class='ocrx_word' id='word_1_815' title='bbox 3046 5778 3267 5848; x_wconf 69' lang='grc' dir='ltr'>σταυροὶ</span> <span class='ocrx_word' id='word_1_816' title='bbox 3293 5774 3388 5847; x_wconf 75' lang='grc' dir='ltr'>μὲν</span> <span class='ocrx_word' id='word_1_817' title='bbox 3411 5768 3587 5827; x_wconf 78' lang='grc' dir='ltr'>αὐτοῖς</span> <span class='ocrx_word' id='word_1_818' title='bbox 3610 5766 3663 5817; x_wconf 74' lang='grc' dir='ltr'>ἐν</span> <span class='ocrx_word' id='word_1_819' title='bbox 3703 5770 3784 5825; x_wconf 74' lang='grc' dir='ltr'>κε’</span> 
     </span>
    </p>
   </div>
  </div>
