4018 6402
436 359 575 423 3083

1642 367 1703 427 S.
1746 368 2122 433 SYMEONIS
2157 373 2518 438 JUNIORIS
3292 396 3345 422 λλ

3575 386 3724 454 3084

444 473 656 522 metum
693 480 995 536 curamque
1024 466 1245 523 silentio
1294 484 1394 526 suo
1464 471 1791 543 ingerebat:
1835 479 2009 537 deind'

2143 482 2329 554 μέντοι
2354 484 2608 559 καθάπερ
2639 486 2925 543 ἀναλαϐὼν
2957 489 3171 557 ἑαυτδν,
3200 495 3436 565 κατηφεῖ
3473 496 3591 551 λίαν
3618 502 3723 556 καὶ

438 561 593 614 velut
619 559 688 614 ad
722 561 961 630 scipsum
990 560 1183 625 redux,
1205 560 1421 633 dejecto
1445 564 1703 636 tristique
1726 569 2009 628 admodun

2132 572 2252 643 ὕψει
2281 575 2375 630 καὶ
2406 576 2670 647 σχήματι,
2695 578 3076 648 Προσεύξασθε
3130 584 3226 637 καὶ
3263 559 3424 639 πάλιν
3453 587 3737 657 ὲκτενῶς;’

439 650 595 704 vultu
618 649 1027 720 atque,habitu,
1056 651 1254 705 iterum
1282 669 1296 707 :
1332 653 1601 711 lntentius
1624 667 1801 725 orate,
1826 662 2024 733 inquit,

440 741 660 805 fratres,
700 757 770 797 ne
822 742 1275 798 intentationem
1325 744 1664 803 incidamus:
1714 752 1823 807 nisi
1874 757 2024 810 enim

441 832 583 885 Deus
620 830 896 900 propitius
945 831 1108 886 nobis
1177 834 1429 889 redditus
1481 836 1673 903 fuerit,
1726 849 1783 895 et
1851 842 2019 899 latam

438 934 628 977 contra
657 924 980 993 iniquitates
1007 934 1229 980 nostras
1258 928 1590 983 sententiam
1618 937 2021 1005 retractaverit,

436 1015 587 1069 orbis
609 1024 879 1070 terrarum
907 1015 1268 1071 subvertetur
1287 1021 1685 1089 propemodum
1706 1026 2021 1082 universus.

438 1103 559 1159 Vidi
586 1122 848 1177 namque,
875 1108 971 1173 ait,
1008 1115 1064 1162 et
1121 1109 1284 1164 video
1338 1112 1597 1167 refertam
1662 1116 1866 1172 virtute
1924 1120 2022 1175 Dei

435 1214 654 1253 onmem
696 1215 803 1253 non
831 1200 996 1254 modo
1015 1210 1241 1267 terram,
1276 1203 1370 1259 sed
1407 1215 1462 1259 et
1493 1222 1712 1263 aeream
1763 1219 1819 1265 et
1849 1212 2021 1267 aethe-

435 1306 583 1343 ream
619 1290 877 1360 regiones
901 1291 1096 1345 eadem
1121 1293 1313 1362 plenas
1338 1312 1351 1361 ;
1384 1295 1465 1350 sic
1492 1307 1552 1351 ut
1586 1300 1772 1355 nullus
1793 1303 2022 1361 omnino

436 1381 651 1451 uSpiam
686 1382 842 1436 locus
870 1382 940 1437 ab
976 1385 1246 1453 ejusmodi
1278 1388 1514 1442 terribili
1545 1389 1752 1447 virtute
1811 1409 2022 1449 vacuus

433 1470 539 1525 sit:
569 1487 692 1541 quae
725 1480 782 1526 et
810 1472 964 1528 brevi
1009 1483 1255 1544 tempore
1309 1478 1581 1548 quidquid
1637 1492 1886 1537 creatum
1935 1494 2023 1539 est

432 1564 656 1629 evertit,
696 1564 877 1620 donec
904 1581 988 1620 me
1022 1566 1164 1620 visio
1222 1569 1311 1621 illa
1376 1569 1653 1638 destituit,
1713 1584 1823 1629 tam
1874 1576 2017 1631 tristi

432 1658 749 1727 spectaculo
790 1658 1075 1712 immorari
1110 1660 1320 1715 diutius
1350 1677 1458 1717 non
1487 1667 1879 1722 sustinentem.

503 1772 624 1827 104.
664 1772 799 1827 Cum
826 1774 944 1828 haec
971 1774 1219 1840 dixisset,
1285 1792 1506 1832 rursum
1555 1780 1759 1850 spiritu
1787 1791 2008 1854 agente,

2134 665 2219 718 ινα
2245 667 2321 736 μὴ
2345 669 2755 739 πειρασθῶμεν,
2800 672 3039 740 ἀδελφοὶ,
3066 672 3193 745 ἔφη.
3218 676 3284 730 Εἰ
3314 678 3387 748 μὴ
3412 679 3517 751 γάρ
3553 681 3721 745 ἵλεως

2129 758 2341 826 γένοιτο
2372 759 2440 813 τὰ
2469 762 2604 828 πρὸς
2630 764 2777 834 ἡμᾶς
2800 766 2827 817 ὁ
2850 764 3004 832 Θεὸς,
3034 766 3130 819 καὶ
3156 770 3436 837 μετανοῶν
3469 773 3563 824 ἐπὶ
3589 776 3719 839 ταῖς

2128 849 2429 921 ἡμετέραις
2454 853 2699 921 κακίαις,
2735 854 2766 925 ἠ
2799 856 2948 908 πᾶσα
2999 856 3183 926 σχεδὸν
3212 859 3508 933 οἰκουμένη
3539 879 3718 917 κατα-

2128 944 2525 1014 στραφήσεται.
2550 941 2703 999 Εἶδον
2727 945 2860 1017 γὰρ,
2896 948 3048 1016 φησὶ,
3081 948 3175 1002 καὶ
3222 950 3331 1003 ίδοὺ
3381 952 3721 1023 πεπλήρωτο

2125 1036 2226 1105 τῆς
2246 1036 2528 1107 δυνάμεως
2570 1036 2667 1091 τοῦ
2700 1039 2835 1092 Θεοῦ
2870 1042 3018 1094 πᾶσα
3052 1041 3112 1093 οὐ
3143 1042 3215 1111 γῆ
3244 1044 3427 1112 μόνον,
3451 1045 3587 1100 ἀλλὰ
3614 1047 3720 1100 καὶ

2127 1128 2236 1200 ἀὴρ
2264 1129 2567 1192 abrogata!
2619 1130 2686 1184 τὰ
2738 1130 2878 1202 ὑπὲρ
2930 1132 3055 1200 γῆν,
3083 1130 3157 1195 ῶς
3196 1134 3402 1203 μηδένα
3453 1135 3719 1206 μηδαμοῦ

2122 1222 2291 1275 τόπον
2341 1215 2524 1276 κενὸν
2564 1224 2701 1286 ὅλως
2741 1223 2842 1293 τῆς
2897 1225 3135 1296 φοϐερᾶς
3180 1226 3460 1297 δυνάμεως
3495 1229 3721 1301 ἐκείνης

2124 1310 2540 1381 ἀπολελεῖφθαι,
2566 1315 2600 1384 ἢ
2633 1314 2727 1366 καὶ
2760 1316 2936 1367 πᾶσαν
2968 1315 3166 1386 μικροῦ
3197 1316 3530 1388 συνέστρεφε
3580 1318 3709 1371 κτί-

2126 1421 2212 1457 σιν
2265 1405 2370 1469 ἕως
2421 1406 2603 1477 διέστη
2660 1407 2727 1459 τὰ
2770 1408 2869 1477 τῆς
2903 1407 3079 1476 ὅψεως
3127 1409 3220 1462 ἀπ’
3256 1410 3413 1480 ἐμοῦ,
3447 1411 3719 1476 τοιούτοις

2123 1498 2307 1551 οὐκέτι
2343 1497 2611 1569 θεάμασιν
2642 1498 3000 1569 ὲνδιατρῖὅειν
3033 1501 3453 1571 ὑπενεγκόντος.

2195 1759 2292 1831 ρδ¹.
2330 1760 2516 1815 Ταῦτα
2571 1764 2599 1816 ὁ
2649 1762 2748 1833 μὲν
2777 1761 2968 1828 εἰπὼν,
2999 1763 3092 1817 τοῦ
3122 1764 3179 1817 ὲν
3214 1765 3368 1838 αὐτῷ
3393 1766 3718 1840 Πνεύματος

1162 1830 1165 1831 ν
1207 1830 1218 1840 ι
1556 1830 1759 1850 ”ι⁷““““““
1787 1830 2008 1854 *ον’-’ν’

429 1863 674 1920 sanctior
696 1865 775 1919 illi
802 1866 939 1919 visio
957 1866 1171 1937 objecta
1193 1875 1299 1932 est,
1323 1878 1487 1939 atque
1521 1881 1642 1927 erat
1664 1873 1981 1944 hujusmodi
2005 1895 2009 1930 :

2126 1830 2283 1915 αὖθις
2317 1852 2411 1905 καὶ
2438 1830 2672 1924 θεωρίας
2698 1855 2908 1923 γίνεται
2935 1855 3238 1928 θειοτέρας·
3264 1861 3301 1929 ἡ
3332 1830 3388 1911 δὲ
3409 1856 3498 1931 ἦν,
3538 1830 3717 1931 amp;

426 1956 621 2028 Aperti
646 1958 878 2013 luerunt
910 1958 1058 2022 cmli,
1096 1960 1298 2028 quibus
1344 1960 1675 2021 imminebat
1722 1982 1819 2021 aer
1856 1976 2021 2023 tanta:

426 2049 691 2120 puritatis
722 2059 887 2120 atque
930 2051 1365 2121 pulchritudinis
1398 2066 1457 2109 ut
1480 2057 1615 2111 nihil
1633 2076 1818 2128 supra,
1843 2060 2020 2115 idem-

427 2158 537 2213 que
568 2142 759 2198 videre
791 2142 958 2196 simul
985 2152 1040 2196 et
1063 2144 1247 2214 eloqui
1280 2145 1367 2199 vir
1392 2158 1617 2203 sanctus
1646 2166 1756 2204 non
1779 2160 2015 2221 poterat.

427 2235 684 2291 Virtutes
712 2234 982 2289 caelorum
1032 2234 1241 2289 ibidem
1297 2238 1497 2294 ordine
1549 2242 1864 2297 constitutae
1910 2243 2018 2298 du-

426 2328 629 2399 plicem
652 2328 969 2384 formabant
995 2329 1349 2401 phalangem,
1382 2332 1508 2387 aliis
1536 2334 1672 2388 alias
1724 2337 2017 2405 sequenti-

426 2422 554 2489 bus,
589 2430 645 2477 el
675 2421 935 2476 omnibus
965 2424 1338 2477 communiter
1370 2424 1780 2482 inclinantibus
1811 2428 2012 2499 capita:

426 2528 595 2584 supra
624 2513 723 2568 has
752 2513 987 2568 thronus
1014 2513 1070 2567 in
1105 2514 1291 2568 medio
1313 2531 1443 2571 aere
1475 2520 1713 2573 territice
1744 2520 2011 2589 elevatus,

427 2606 582 2661 nulla
640 2621 698 2660 re
752 2606 917 2661 nixus
970 2614 1068 2662 aut
1130 2607 1439 2675 stabilitas,
1509 2610 1629 2682 ipso
1685 2628 1811 2667 aere
1862 2614 2016 2670 velut

418 2698 483 2753 in
532 2712 827 2753 ascensum
889 2707 1099 2769 aptato.
1179 2700 1423 2756 Sedebat
1470 2702 1526 2756 in
1589 2704 1685 2757 illo
1749 2706 2016 2763 Dominus

424 2799 635 2854 noster,
662 2798 718 2845 et
746 2789 904 2845 furor
943 2791 1064 2861 ejus
1101 2791 1492 2847 etl‘undebatur
1530 2811 1697 2865 super
1756 2814 1894 2854 nos:
1928 2800 2014 2854 fa-

424 2882 611 2938 mulus
641 2892 829 2937 autem
882 2884 1004 2954 ejus
1034 2883 1276 2955 Symeon
1333 2886 1515 2942 stabat
1567 2906 1755 2944 coram
1807 2892 2012 2947 throno

424 2974 830 3031 inaccessibilis
851 2975 1040 3045 gloria:
1071 2976 1241 3043 illius,
1277 2986 1336 3032 et
1360 2990 1625 3036 consueta
1654 2983 1808 3037 vocis
1841 2984 2014 3039 liber—

423 3074 538 3121 tate
570 3082 670 3137 pro
698 3066 859 3122 nobis
901 3066 1283 3138 interpellans,
1325 3074 1707 3128 reconciliavit
1754 3077 1916 3132 nobis
1948 3093 2012 3133 ac

420 3158 724 3229 propitium
781 3159 1025 3214 reddidit
1076 3160 1290 3216 Numen
1354 3163 1602 3219 divinum
1652 3166 1732 3221 ira
1776 3179 1964 3224 amota
1998 3176 2084 3234 τε

420 3250 588 3319 idque
639 3250 883 3305 innotuit
941 3253 1306 3319 praesentibus
1353 3272 1574 3327 quoque
1635 3274 1704 3313 ex
1759 3261 2007 3319 claritate

419 3351 611 3405 vultus
644 3350 954 3423 Symeonis,
1004 3352 1071 3407 ad
1117 3354 1350 3407 formam
1382 3352 1648 3407 laetiorem
1696 3354 1901 3408 sensim
1948 3370 2006 3411 se

419 3441 774 3497 reducentis:
806 3452 1037 3499 eatenus
1066 3446 1216 3500 enim
1251 3454 1439 3500 mutus
1482 3444 1683 3509 fuerat,
1719 3462 1782 3501 ac
1808 3445 1853 3500 si
1883 3461 2007 3500 om-

422 3547 550 3588 nem
577 3549 800 3589 sensum
838 3536 1194 3605 perdidisset,
1241 3545 1392 3591 totus
1418 3535 1681 3591 ineffabili
1708 3537 1784 3591 illi
1808 3537 2004 3593 visioni

419 3619 684 3677 intentus.
738 3624 908 3678 Paulo
961 3632 1088 3695 post
1134 3625 1239 3680 sibi
1298 3625 1569 3694 redditus,
1617 3627 1942 3683 exclamavit
1988 3647 2002 3682 :

418 3712 643 3768 Psallite
678 3714 791 3769 Deo
818 3724 1035 3783 nostro,
1076 3716 1301 3781 fratres,
1338 3718 1555 3788 psallite
1582 3733 1596 3771 :
1623 3720 1840 3789 psallite
1868 3721 2005 3792 Regi

419 3812 641 3872 nostro,
686 3806 904 3875 psallite
938 3806 980 3838 "’
1017 3824 1032 3861 :
1079 3810 1341 3877 quoniam
1385 3809 1665 3864 emicuita
1696 3810 1837 3866 facie
1884 3813 2007 3883 ejus

419 3900 837 3966 misericordia,
886 3902 1154 3958 Dominus
1200 3902 1401 3958 zelavit
1452 3913 1651 3958 terram
1706 3920 1894 3969 suam,
1951 3914 2007 3959 et

416 3993 663 4063 pepercit
700 3995 904 4064 populo
930 4010 1032 4050 suo
1061 3996 1114 4049 in
1144 3996 1424 4061 omnibus,
1454 4013 1590 4066 quas
1612 3997 1880 4053 hactenus
1906 3996 2004 4051 be-

417 4086 618 4142 netieio
645 4086 833 4157 gratia:
856 4085 971 4142 vidi
1005 4095 1061 4142 et
1084 4086 1227 4142 obivi
1266 4087 1433 4143 urbes
1464 4096 1627 4157 atque
1660 4088 1932 4159 regiones.

487 4350 609 4405 {05.
650 4349 980 4405 Narratione
1029 4349 1121 4404 illa
1167 4349 1443 4415 absoluta,
1493 4347 1562 4402 ad
1613 4345 1762 4402 aliud
1821 4346 2007 4400 denuo

414 4442 792 4513 spectaculum
865 4442 1139 4511 abripitur
1193 4442 1397 4496 mentis
1455 4439 1653 4494 oculis.
1706 4437 2007 4493 Videbatur

2124 1940 2284 2007 γότες
2322 1942 2423 2013 μὲν
2468 1945 2519 1998 οί
2567 1947 2809 2016 οὐρανοὶ,
2842 1948 3099 2019 ὑπεράνω
3133 1950 3189 2002 δὲ
3240 1953 3446 2005 τούτων
3472 1951 3580 2022 ἀὴρ
3607 1953 3717 2026 τὴν

2123 2034 2473 2107 καθαρότητα
2505 2039 2602 2091 καὶ
2622 2039 2684 2091 τὸ
2716 2040 2913 2103 κάλλος
2946 2040 3046 2093 οὐκ
3078 2040 3216 2112 ἔχων
3246 2041 3352 2095 τίνι
3381 2043 3714 2115 ὁμοιωθείη,

2122 2127 2259 2181 ἀλλὰ
2284 2130 2485 2184 ταυτὸν
2513 2131 2641 2184 ίδεϊν
2662 2148 2721 2184 τε
2762 2132 2879 2201 ἅμα
2909 2132 3002 2184 καὶ
3026 2134 3201 2185 εἰπεῖν
3226 2135 3529 2205 ἀμήχανος.
3557 2136 3717 2189 Αἴτε

2118 2217 2381 2289 δυνάμεις
2428 2221 2540 2275 τῶν
2594 2222 2844 2294 οὐρανῶν
2893 2226 2951 2277 ὲν
3001 2224 3152 2295 αὐτῷ
3178 2225 3429 2297 καθάπερ
3456 2227 3513 2279 ὲν
3539 2226 3716 2300 διπλῇ

2120 2311 2365 2383 φάλαγγι
2399 2315 2703 2383 ταγμάτων
2729 2320 3154 2387 παρεστηκυῖαι,
3192 2316 3386 2389 ἅτερος
3447 2319 3717 2389 ἐχόμενος

2120 2400 2376 2474 θατέρου,
2405 2405 2499 2457 καὶ
2526 2408 2679 2476 κοινῇ
2703 2406 2905 2464 πάντες
2926 2406 3024 2468 τὰς
3050 2405 3292 2475 κεφαλάς
3310 2406 3711 2471 ὲπικλίνοντεςθ

2121 2496 2478 2562 ὑπεράνωθεν
2505 2498 2560 2550 δὲ
2592 2497 2773 2552 αὐτῶν
2803 2497 2994 2567 θρόνος
3027 2499 3085 2550 ὲν
3119 2498 3243 2569 ἀέρι
3276 2498 3426 2569 μέσῳ
3454 2499 3713 2570 φοϐερῶς

2118 2589 2501 2661 ἐπαιρόμενος,
2526 2592 2625 2644 οὐκ
2655 2590 2747 2642 ἐπί
2782 2608 2924 2652 τινος
2952 2589 3255 2662 βεϐηκὼςῆ
3288 2591 3711 2662 στηριζόμενος,

2116 2683 2234 2736 ἀλλ’
2260 2684 2423 2736 αὐτὸν
2444 2685 2697 2750 καθάπερ
2732 2682 2989 2736 ἐπίϐασιν
3018 2682 3110 2733 τὸν
3139 2683 3275 2752 ἀέρα
3306 2684 3709 2753 πεποιημένοςο

2114 2775 2143 2828 ὅ
2174 2792 2230 2828 τε
2258 2776 2466 2846 Κύριος
2517 2778 2548 2846 ἡ
2561 2776 2677 2846 μῶν
2710 2777 2803 2827 καί
2833 2774 2965 2837 Θεὸς
3016 2772 3105 2827 ἐπ’
3160 2774 3324 2826 αὐτοῦ
3353 2773 3665 2844 γαθήμενος
3689 2813 3708 2839 ,

2116 2867 2212 2921 καὶ
2250 2869 2463 2932 στάζων
2495 2869 2580 2937 ἐφ’
2615 2869 2765 2938 ἡμᾶς
2799 2870 2826 2921 ὁ
2850 2866 3023 2937 θυμὸς
3076 2865 3243 2919 αὑτοῦ
3272 2882 3286 2898 ο
3319 2866 3483 2929 αὐτός
3508 2883 3566 2918 τε
3614 2862 3714 2921 οὗ·

2114 2978 2204 3025 τος
2235 2964 2262 3015 ὁ
2313 2962 2407 3015 τοῦ
2437 2961 2573 3015 Θεοῦ
2608 2963 2865 3032 Θεράπων
2908 2960 3015 3030 πρὸ
3046 2959 3147 3030 τῆς
3180 2960 3486 3029 ἀπροσίτου
3534 2958 3707 3029 δόξης

2114 3051 2333 3121 ἐκείνης
2373 3052 2574 3121 νῖερῶς
2608 3049 2876 3123 ἑστηκὼς,
2915 3049 3010 3103 καὶ
3045 3052 3112 3120 τῇ
3165 3050 3384 3120 συνήθει
3416 3051 3714 3121 παρρησίᾳ

2120 3145 2215 3197 καὶ
2249 3144 2346 3198 νῦν
2400 3145 2542 3216 ὑπὲρ
2598 3146 2755 3217 ἡμῶν
2809 3145 3127 3217 χρώμενος,
3160 3145 3255 3198 καὶ
3314 3145 3713 3199 καταλλάττων

2117 3237 2250 3308 ἡμῖν
2280 3237 2340 3289 τὸ
2366 3236 2519 3289 Θεῖον
2544 3240 2638 3291 καὶ
2677 3237 3009 3308 ίλεούμενος,
3061 3238 3158 3291 καὶ
3210 3236 3308 3307 τὴν
3340 3238 3510 3308 ὀργὴν
3558 3238 3710 3289 ἁπο-

2118 3330 2390 3401 στρέφων,
2415 3332 2556 3402 ὅπερ
2614 3331 2868 3400 ἐδηλοῦτο
2931 3331 3031 3400 μὲν
3080 3331 3321 3393 καὶτοῖς
3363 3330 3600 3400 παροῦσι
3630 3334 3707 3403 τῇ

2114 3424 2211 3495 τῆς
2240 3423 2414 3491 ὅψεως
2446 3425 2741 3493 ἐπιφανείᾳ
2768 3423 2863 3475 τοῦ
2896 3423 3143 3493 Συμεὼν,
3180 3423 3317 3494 πρὸς
3359 3423 3420 3476 τὸ
3474 3423 3711 3493 φαιδρό-

2112 3532 2271 3584 τερον
2297 3517 2482 3585 ὴρέμα
2510 3514 2956 3585 μεταϐαλλούσης
2974 3529 2988 3543 ⁶
3012 3514 3173 3576 αὐτὸς
3196 3515 3306 3586 γὰρ
3325 3514 3460 3578 τέως
3487 3514 3713 3584 ἄφωνος

2113 3601 2202 3677 ἦν,
2234 3601 2322 3659 οἷα
2351 3606 2476 3677 μηδ’
2506 3608 2565 3660 ἐν
2588 3605 2765 3676 ἐαυτῷ
2813 3605 2909 3673 ῶν,
2960 3606 3074 3659 ἀλλ’
3114 3608 3235 3671 ὅλος
3292 3607 3391 3677 τῆς
3423 3610 3712 3681 ἁνεκιρρά..

2116 3712 2242 3749 στου
2269 3697 2395 3760 θέας
2449 3698 2667 3766 ἐκείνης
2712 3698 3102 3767 γεγενημένος,
3151 3698 3320 3770 ὀλίγῳ
3362 3692 3709 3771 δὲ’ὖστερον

2113 3787 2192 3850 είς
2216 3788 2405 3840 ἑαυτὸν
2450 3792 2542 3841 καὶ
2585 3783 2740 3854 οὗτος
2792 3788 3141 3843 ἐπανελθών
3176 3790 3398 3845 Ψόιλατε
3444 3792 3522 3861 τῷ
3575 3792 3707 3863 Θεῷ

2114 3880 2294 3949 ἡμῶν,
2348 3880 2588 3948 ἀδελφοὶ,
2640 3881 2768 3952 ἔφη,
2824 3881 3071 3950 ψάλατε·
3102 3881 3312 3952 ψάλατε
3354 3881 3433 3953 τῷ
3486 3882 3711 3954 βασιλεῖ

2113 3970 2292 4041 ἡμῶν,
2344 3970 2552 4040 eam;
2583 3988 2599 4004 ο
2630 3972 2792 4025 ἔπεσε
2840 3975 2950 4042 γὰρ
2976 3973 3125 4038 ἕλεος
3160 3974 3321 4044 ἡμῶν
3348 3978 3467 4028 κατ’
3496 3976 3710 4044 ὀφθαλ-

2117 4063 2251 4131 μοὺς
2276 4063 2466 4130 αὑτοῦ,
2492 4064 2585 4117 καὶ
2628 4064 2871 4135 ἐζήλωσε
2900 4065 3102 4137 Κύριος
3134 4066 3232 4137 τὴν
3255 4066 3359 4137 γῆν
3383 4066 3574 4131 αὑτοῦ,
3602 4071 3707 4123 καὶ

2113 4156 2367 4223 testato
2396 4157 2488 4210 τοῦ
2516 4157 2644 4210 λαοῦ
2674 4157 2840 4210 αὑτοῦ
2872 4160 3004 4221 ὅσας
3064 4160 3203 4224 τέως
3239 4161 3351 4229 ἐγὼ
3376 4159 3562 4224 πόλεις
3604 4162 3709 4214 καὶ

2113 4243 2294 4315 χώρας
2326 4249 2390 4317 τῇ
2418 4249 2644 4319 δυνάμει
2672 4249 2771 4319 τῆς
2796 4250 3017 4319 χάριτος
3052 4244 3169 4302 οἴδα
3200 4249 3525 4320 περιελθών.

2185 4345 2278 4407 ρε’.
2318 4339 2503 4392 Ταῦτα
2535 4340 2669 4411 πρὸς
2701 4344 2829 4403 τοὺς
2866 4341 3141 4411 παρόντας
3168 4341 3479 4410 διεξελθὼν,
3518 4344 3710 4413 ἀρπά-

2113 4426 2261 4490 ζεται
2317 4428 2480 4483 πάλιν
2527 4429 2632 4505 ὑσπὸ
2688 4430 2925 4503 θεωρίας
2981 4433 3174 4503 ἑτέρας
3220 4435 3347 4497 τοὺς
3384 4433 3486 4504 τῆς
3516 4431 3707 4506 ψυχῆς

413 4532 542 4597 sibi,
576 4534 629 4586 in
668 4533 865 4588 vicinis
892 4533 1158 4589 Seleucia:
1200 4530 1481 4586 littoribus
1503 4528 1696 4593 stanti,
1723 4527 2001 4598 navigium

2118 4517 2423 4589 ὀφθαλμούς
2444 4536 2458 4549 °
2495 4494 2589 4574 καὶ
2613 4522 2641 4573 ὁ
2678 4522 2779 4592 μὲν
2800 4494 2948 4593 προς
2982 4494 3177 4587 ἀκταῖς
3198 4494 3422 4577 ἑστάναι
3438 4494 3578 4588 irai;

414 4637 580 4692 supra
612 4637 761 4677 mare
785 4623 842 4677 in
873 4638 1001 4678 aere
1026 4623 1235 4687 videre,
1272 4623 1398 4677 istic
1424 4635 1535 4674 non
1567 4636 1725 4675 secus
1749 4636 1911 4689 quam
1944 4621 2001 4676 in

414 4721 557 4778 aqua
585 4706 882 4764 ﬂuctuans.
904 4709 1175 4766 Destinati
1197 4710 1264 4764 ad
1287 4709 1395 4764 hoc
1421 4708 1623 4779 angeli,
1649 4725 1759 4765 non
1788 4710 2000 4766 medio-

413 4787 566 4858 crem
590 4804 957 4872 iracundiam,
1011 4806 1259 4860 furorem
1284 4814 1452 4874 atque
1485 4802 1995 4859 exeandescentiam

409 4894 792 4965 praeferentes,
830 4896 887 4950 in
918 4896 1013 4950 illo
1042 4894 1298 4963 stabant,
1332 4894 1582 4949 divinum
1614 4895 1770 4965 quasi
1798 4904 1996 4949 nutum

411 4984 814 5053 prastolantes.
850 4985 991 5040 Tum
1028 4986 1285 5040 celeriter
1313 4985 1545 5056 spiritus
1571 4984 1856 5051 devolans,
1887 4994 1997 5040 ter-

410 5092 543 5130 num
576 5090 744 5129 manu
774 5075 992 5147 signum
1024 5076 1134 5131 illis
1162 5077 1359 5143 dabat;
1386 5078 1693 5147 acerbeque
1716 5078 1850 5132 ﬂens
1882 5084 1997 5147 (pu-

413 5164 1007 5231 tasses,misericordia
1038 5176 1244 5221 motum
1266 5168 1407 5237 esse)
1437 5185 1449 5220 :
1474 5168 1654 5232 Caede,
1685 5168 1992 5237 inquiebat,

411 5258 582 5322 caede,
612 5270 714 5311 nec
767 5257 864 5311 ulli
926 5273 1112 5326 parce.
1172 5259 1292 5326 Quo
1322 5260 1532 5326 audito,
1593 5261 1672 5315 illi
1704 5269 1813 5315 tam
1862 5261 1995 5315 hor—

2109 4613 2432 4678 Σελευκείας
2479 4615 2675 4681 ἐδόκει,
2710 4615 2895 4668 πλοῖόν
2942 4632 3004 4668 τε
3057 4615 3201 4670 κατὰ
3236 4617 3326 4671 τὸν
3364 4615 3506 4686 ἀέρα
3553 4617 3704 4689 ὑπὲρ

2107 4704 2377 4777 θαλάττης
2400 4707 2554 4778 ὀρᾷν,
2584 4709 2686 4761 ὅσα
2715 4707 2810 4760 καὶ
2835 4706 2988 4760 ὕδατι
3020 4707 3100 4778 τῷ
3130 4708 3250 4779 ἀέρι
3284 4707 3535 4773 σαλεῦον,
3557 4710 3701 4764 ἀπο-

2108 4796 2303 4867 στολήν
2331 4814 2389 4850 τε
2419 4798 2667 4868 ἀγγέλων
2686 4798 2861 4868 θυμοῦ
2889 4799 2985 4851 καὶ
3008 4799 3178 4869 ὀργῆς
3214 4801 3308 4852 καὶ
3332 4798 3699 4871 παροξυσμοῦ

2109 4888 2350 4959 μεγάλου
2379 4889 2672 4959 ἐφεστάναι
2704 4889 2782 4960 τῷ
2813 4889 3004 4960 πλοίῳ,
3034 4891 3133 4961 τὴν
3166 4890 3371 4945 ἄνωθεν
3395 4894 3559 4945 οἱονεὶ
3598 4896 3695 4964 ῥο-

2106 4981 2214 5051 πὴν
2248 4982 2640 5053 ἀναμένοντας,
2687 4982 2905 5054 πνεῦμά
2947 5000 3006 5036 τε
3041 4981 3238 5054 ἁθρόον
3282 4986 3694 5049 ὲπικαταπτὰν,

2106 5072 2223 5141 τρὶς
2246 5072 2427 5133 αὐτοῖς
2450 5074 2770 5125 κατασεῖσαι
2790 5073 2888 5136 τὰς
2912 5074 3122 5143 χεῖρας,
3153 5072 3385 5128 κλαῦσαι
3404 5091 3461 5129 τε
3488 5076 3694 5146 πικρὸν

411 5348 649 5403 rendam
690 5355 857 5418 atque
886 5350 1183 5406 immanem
1209 5353 1506 5408 ediderunt
1540 5367 1761 5418 sonum,
1801 5361 1863 5407 ut
1910 5352 2001 5406 vel

2118 5346 2275 5399 liatov
2297 5348 2495 5400 αὐτίκα
2524 5350 2748 5419 ὴχῆσαι,
2775 5348 2853 5410 ὼς
2882 5347 3078 5419 ἀθρόον
3103 5348 3443 5421 ταραχθῆναι
3471 5349 3568 5403 καὶ
3595 5350 3699 5415 τάς

412 5439 531 5509 ipsa
566 5438 799 5509 abyssus
846 5449 1076 5512 repente
1105 5444 1424 5513 perturbata
1472 5443 1659 5499 fuerit.
1686 5444 1816 5499 Post
1860 5443 1997 5508 haec,

411 5532 507 5599 qui
569 5531 624 5585 in
684 5546 812 5587 aere
860 5544 1247 5605 apparuerant,
1307 5537 1520 5607 impetu
1565 5552 1762 5591 versus
1817 5534 2001 5590 littora

412 5623 687 5690 ruebant;
737 5626 882 5681 unde
930 5642 1058 5683 mox
1102 5629 1358 5696 urbibus,
1398 5630 1574 5703 pagis,
1608 5630 1976 5701 domibusque

485 5803 528 5837 "
582 5805 721 5865 Psal.
761 5823 901 5870 λινε,
939 5808 990 5860 7.

2098 5438 2391 5502 ἀϐύσσους.
2431 5439 2541 5492 Καὶ
2581 5442 2631 5493 ot
2684 5440 2783 5508 μὲν
2824 5441 3061 5511 ὲναέριοι
3106 5443 3227 5504 ταῖς
3270 5441 3449 5511 ὴῖόσιν
3501 5439 3698 5511 ὠρμή-

2103 5548 2284 5597 σαντο,
2329 5530 2513 5596 πόλεις
2556 5532 2613 5584 δὲ
2659 5534 3004 5605 παραχρῆμα
3051 5532 3146 5586 καὶ
3190 5531 3384 5604 κώμας
3428 5533 3525 5586 καὶ
3569 5549 3697 5586 συν-

2101 5623 2277 5686 οικίας
2311 5618 2458 5694 εἶχεν
2486 5625 2519 5693 ή
2562 5624 2659 5694 γῆ,
2697 5626 2897 5696 πτῶμα
2928 5624 3167 5719 χαλεπὸν
3195 5622 3690 5696 ιιιιιιενηνεγμιένιις⁹

3724 693 3761 799 ι)

2101 5158 2215 5217 οἷον
2246 5164 2340 5216 καὶ
2376 5165 2683 5236 συμπαθὲς,
2714 5166 2830 5232 καὶ,
2861 5166 3070 5234 Κόπτε,
3094 5166 3231 5237 πρὸς
3259 5165 3457 5231 αὐτοὺς
3491 5167 3723 5243 είπετν,“

2102 5257 2293 5320 κόπτε,
2328 5257 2422 5310 καὶ
2475 5257 2550 5329 μὴ
2608 5258 2817 5327 φείδου.
2866 5258 3006 5320 Τοὺς
3044 5257 3101 5311 δὲ
3145 5256 3289 5311 οὕτω
3332 5275 3385 5311 τι
3415 5260 3563 5329 μέγα
3600 5262 3700 5316 καὶ
