4018 6382
273 348 449 425 ,3085

1303 343 1482 407 VITA
1518 343 1568 403 Α
1606 338 2046 405 NICEPHORO
2080 336 2545 401 CONSCRII’TA

3431 340 3576 409 3036

304 463 621 534 Γενόμενος
645 458 826 515 τοίνυν
851 458 880 512 δ
902 455 997 517 τοῦ
1031 457 1166 513 Θεοῦ
1191 457 1376 525 δοῦλος
1407 461 1464 516 ἐν
1486 459 1687 531 ἐαυτῷ,
1716 461 1896 531 Προσ-

2008 472 2139 526 quas
2173 463 2321 511 terra
2352 456 2443 510 illa
2474 453 2736 517 habebat,
2771 453 2931 509 ruina
2960 440 3219 509 manebat
3244 453 3575 523 miseranda,

293 552 567 619 εὔξασθαι
603 551 698 605 καὶ
730 549 895 604 πάλιν
930 549 1182 615 ἐκτενῶς,
1216 546 1390 617 εἶπεν,
1414 549 1657 619 ἀδελφοὶ,
1678 552 1815 622 χρή·
1842 550 1891 603 εἰ

294 646 417 717 γὰρ
467 646 559 699 καὶ
596 644 697 713 τὴν
732 643 919 713 χώραν
956 641 1161 712 ταύτην
1198 642 1384 714 ἀπαθῆ
1419 644 1603 696 κακῶν
1630 641 1891 711 διαφυλα-

295 731 505 801 χθῆναι
535 730 781 801 προέφην
808 730 957 797 ὑμῖν,
983 730 1056 794 ὡς
1084 730 1148 783 ἐκ
1168 730 1267 800 τῆς
1290 730 1439 794 θείας
1458 731 1570 804 ἔχω
1592 728 1689 800 μὲν
1711 730 1890 785 θανεῖν

302 822 725 893 φιλανθρωπίας
747 839 761 852 ο
794 822 929 875 ἀλλὰ
956 822 1166 892 μεγάλη
1212 822 1363 892 παρὰ
1391 823 1593 893 Κυρίου
1626 823 1762 895 ὀργὴ
1796 823 1893 876 θυ-

304 915 414 984 μοῦ
460 914 625 967 αὑτοῦ
678 915 736 966 ἐν
787 914 921 984 οιτυρλ⁸
964 914 1127 984 ζήλου
1175 914 1342 969 αὑτοῦ
1392 913 1470 985 τῷ
1506 914 1696 985 κόσμῳ
1734 914 1895 969 ἐκκέ-

301 1024 530 1071 καυται,
578 994 660 1058 διὸ
710 1007 806 1059 καὶ
855 1005 1099 1079 μεγάλης
1139 1006 1266 1076 ὑμῖν
1305 1006 1387 1061 δεῖ
1417 1006 1552 1077 προς
1592 1006 1752 1061 αὐτὸν
1795 1008 1894 1074 τῆς

300 1095 672 1166 ἐπιστροφῆς,
733 1095 869 1151 ἀλλὰ
922 1096 1015 1150 καὶ
1066 1097 1166 1167 τῆς
1222 1096 1362 1167 ὑπὲρ
1412 1096 1505 1151 τοῦ
1556 1097 1758 1163 παντὸς
1801 1097 1894 1151 εὖ·

300 1202 433 1257 κης.

382 1368 495 1439 ρςῖ
534 1369 750 1432 Πάντας
792 1369 1085 1440 τοιγαροῦν
1118 1369 1502 1441 συναθροίσας,
1532 1372 1651 1425 ὅσοι
1683 1388 1743 1425 τε
1786 1371 1896 1425 τῶν

296 1459 478 1513 αὐτοῦ
504 1459 762 1530 μαθητῶν
787 1457 948 1531 ἦσαν,
969 1462 1062 1514 καὶ
1087 1462 1201 1515 ὅσοι
1233 1462 1563 1532 πολλαχόθεν
1594 1461 1895 1532 τηνικαῦτα

305 1552 725 1622 παραϐαλόντες
767 1554 1083 1624 ἐτύγχανον,
1130 1555 1498 1627 παραγγέλλει
1552 1558 1703 1625 κοινῇ
1760 1556 1895 1607 πᾶσι

298 1643 463 1708 ’λιτὰς
489 1646 619 1715 παρ’
641 1645 769 1708 ὅλας
796 1645 1011 1718 ἡμέρας
1038 1647 1303 1718 ἐξήκοντα
1326 1647 1624 1719 προσάγειν
1646 1647 1787 1719 Θεῷ,
1816 1646 1895 1700 ἔτι

308 1740 407 1789 καὶ
453 1737 581 1799 τοὺς
614 1737 708 1789 ἐπὶ
738 1739 860 1800 ταῖς
897 1738 1073 1801 λιταῖς
1110 1737 1315 1808 ὕμνους
1344 1739 1506 1803 αὐτὸς
1549 1739 1645 1793 καὶ
1680 1739 1895 1802 συνθεὶς

302 1828 407 1882 καὶ
449 1827 691 1891 διδάξας,
721 1828 868 1892 οἴους
895 1822 1010 1882 ὦτα
1044 1830 1179 1883 Θεοῦ
1212 1830 1351 1900 πρὸς
1380 1831 1603 1892 ἑαυτοὺς
1643 1830 1897 1900 ἐπιστρέ-
1927 1818 1971 1872 Β

308 1937 455 1989 φειν.
492 1919 807 1972 Ἐτελοῦντο
835 1920 935 1990 μὲν
966 1917 1059 1974 οὖν
1092 1923 1149 1975 αἱ
1182 1922 1349 1988 λιταὶ,
1380 1926 1494 1986 τοῖς
1524 1923 1587 1976 ἐκ
1614 1923 1714 1993 τῆς
1747 1923 1898 1994 ἱερᾶς

296 2012 533 2081 ἐκείνης
567 2011 814 2081 γλώττης
849 2013 1015 2083 ἱεροῖς
1052 2014 1495 2086 ιιατεπᾳδόμεναι
1522 2012 1712 2084 ὕμνοις
1738 2030 1753 2045 ’
1788 2016 1900 2076 τοῖς

292 2105 370 2157 -δὲ
395 2103 575 2175 ὄχλοις
603 2104 710 2158 ἀνὰ
731 2104 831 2177 τὴν
865 2105 1051 2177 χώραν
1073 2108 1306 2160 δεδιέναι
1335 2124 1395 2161 τε
1432 2109 1571 2178 πρὸς
1607 2107 1778 2170 αὐτὰς
1800 2105 1901 2159 καὶ

310 2195 540 2263 τρέμειν
594 2193 778 2264 ἐπῄει,
840 2194 1078 2264 χρηστὸν
1125 2195 1190 2248 ἐκ
1244 2194 1338 2248 τοῦ
1396 2196 1684 2266 μέλλοντος
1744 2195 1899 2248 οὐδὲν

308 2283 692 2354 προσδοκῶσι·
720 2284 815 2336 καὶ
840 2286 1021 2355 μέντοι
1054 2285 1150 2338 καὶ
1184 2286 1283 2356 τὴν
1300 2285 1479 2356 ψυχὴν
1500 2287 1600 2357 τῆς
1623 2285 1718 2340 τοῦ
1752 2286 1899 2340 ὁσίου

298 2376 527 2447 ιμητρδς
560 2375 888 2429 κατέσεισαν
916 2371 1097 2440 αὗται,
1133 2377 1229 2431 καὶ
1264 2379 1577 2449 σεϐασμίως
1618 2380 1719 2433 ὅσα
1759 2378 1903 2433 κατὰ

311 2467 534 2536 πνεῦμα
581 2468 775 2537 πατρὶ,
808 2468 1009 2536 μᾶλλον
1045 2465 1125 2539 τῷ
1157 2468 1259 2540 υἱῷ
1290 2470 1689 2540 προσελθοῦσα,
1727 2470 1919 2544 πολλή

298 2574 398 2621 τις
433 2553 502 2629 ἦν
531 2558 698 2611 αὑτοῦ
733 2560 961 2630 δεομένη
1000 2562 1370 2632 γνωρισθῆναι
1400 2562 1500 2633 τὴν
1532 2565 1709 2617 αἰτίαν
1738 2565 1897 2635 αὐτῇ,

298 2644 382 2701 δι’
405 2649 474 2718 ἣν
501 2648 696 2718 ἐκείνῳ
730 2650 866 2718 πρὸς
891 2650 1024 2703 Θεὸν
1053 2653 1110 2705 αἱ
1139 2651 1247 2706 τῶν
1268 2653 1491 2707 οἰκείων
1520 2653 1779 2725 μαθητῶν
1804 2655 1902 2708 καὶ

306 2737 408 2791 τοῦ
446 2737 685 2809 πλήθους
730 2740 895 2794 λιταί.
937 2741 998 2798 Ὀ
1046 2741 1103 2795 δὲ
1163 2743 1435 2814 μητρικὰς
1479 2745 1582 2798 οὐκ
1630 2746 1905 2816 ἀτιμάσας

311 2828 551 2898 δεήσεις,
582 2828 727 2899 ἅπερ
756 2829 862 2882 ὑπὸ
891 2829 990 2899 τῆς
1015 2831 1238 2902 χάριτος
1270 2832 1520 2906 μεμύητο
1540 2834 1899 2900 ἐκκαλύπτει,

313 2921 541 2986 Μέλλει,
605 2915 652 2974 ὦ
703 2923 901 2993 μῆτερ,
944 2922 1136 2990 είπὼν,
1179 2928 1378 2991 σεῖσαι,
1413 2925 1544 2997 φεῦί
1596 2927 1695 2997 τήν
1738 2928 1843 2998 γῆν
1876 2931 1905 2982 ὁ

314 3014 472 3077 Θεὸς,
507 3013 584 3076 ὡς
609 3014 671 3067 οὐ
707 3014 929 3067 πώποτε
960 3016 1248 3087 πρότερον,
1279 3019 1361 3071 ὅτι
1388 3019 1462 3089 μὴ
1496 3019 1657 3089 μόνον
1684 3019 1779 3073 ἐπὶ
1808 3018 1903 3072 τοῦ

1999 547 2135 602 Cum
2167 563 2233 603 ex
2262 547 2366 603 hac
2397 547 2598 603 mentis
2636 546 2969 601 alienatione
2999 544 3067 600 ad
3099 561 3156 600 se
3195 544 3291 600 Dei
3333 545 3575 609 famulus

2000 642 2254 697 rediisset
2287 660 2298 695 :
2331 642 2431 696 Par
2451 650 2555 705 est,
2584 641 2786 711 inquit,
2823 639 3044 705 fratres,
3075 638 3279 693 iterum
3314 630 3585 698 intentius

2001 747 2159 787 orare
2214 750 2226 786 :
2273 731 2405 787 licet
2452 732 2598 787 enim
2643 732 2920 801 regionem
2940 730 3117 821 thanc
3166 730 3438 785 malorum
3485 747 3585 786 ex.

1999 841 2210 905 pertem
2264 845 2580 885 mansuram
2628 827 2857 899 praedixi
2903 826 3081 891 vobis,
3138 841 3314 896 usque
3347 826 3477 880 dum
3517 842 3588 891 ex

2002 921 2188 977 divina
2232 919 2567 990 benignitate
2616 934 2763 977 mors
2813 917 2948 978 mihi
3012 917 3305 983 obveniat,
3342 926 3584 976 attamen

2001 1028 2197 1084 magna
2244 1011 2326 1069 ira
2377 1010 2615 1074 Domini,
2665 1009 2747 1068 ira
2798 1009 3004 1065 furoris
3046 1008 3192 1063 illius
3222 1008 3278 1063 in
3311 1008 3432 1078 igne
3478 1009 3587 1071 zeli

2002 1105 2089 1160 sui
2137 1102 2405 1160 mundum
2436 1102 2800 1156 inflammavit
2845 1118 2859 1155 :
2900 1109 3191 1171 propterea
3243 1108 3299 1154 et
3333 1099 3584 1161 converti

1997 1210 2105 1251 nos
2136 1194 2201 1248 ad
2232 1194 2386 1250 illum
2410 1209 2479 1248 ex
2507 1199 2620 1247 tota
2648 1199 2857 1257 mente,
2881 1199 2936 1246 et
2960 1206 3060 1261 pro
3087 1190 3345 1248 omnibus
3368 1188 3584 1260 precari

2000 1291 2241 1354 oportet.
2643 1310 2650 1317 ι
2726 1274 2729 1275 ⁷

2076 1374 2196 1431 106.
2228 1372 2450 1429 Coactis
2480 1371 2649 1444 igitur
2681 1372 2738 1428 in
2786 1386 2981 1437 unum,
3022 1378 3293 1444 quotquot
3341 1370 3586 1442 discipu-

2002 1464 2206 1529 lorum,
2263 1473 2537 1536 quotquot
2573 1474 2628 1519 et
2676 1463 3015 1519 advenarum
3061 1463 3184 1519 istic
3234 1463 3340 1518 loci
3395 1478 3587 1522 versa-

2001 1557 2224 1621 bantur,
2268 1557 2528 1615 omnibus
2575 1556 2943 1612 communiter
3001 1554 3198 1609 indicit
3250 1570 3444 1624 preces
3488 1570 3589 1625 per

2002 1647 2122 1703 dies
2149 1647 2427 1719 sexaginta
2452 1648 2564 1701 Deo
2595 1645 3010 1718 persolvendas.
3050 1645 3256 1699 Practer
3277 1644 3376 1698 has
3403 1652 3589 1698 autem

2002 1740 2314 1804 orationes,
2350 1739 2583 1811 hymnos
2621 1753 2839 1809 quoque
2885 1735 3225 1806 prmscripsit
3267 1744 3324 1790 et
3366 1735 3587 1801 docuit,

1999 1830 2202 1900 quibus
2250 1845 2415 1884 aures
2459 1828 2677 1884 Domini
2718 1827 2962 1883 delinitze
2991 1826 3210 1882 miseris
3250 1827 3591 1882 inclinaren-

2000 1932 2109 1978 tur.
2146 1921 2475 1976 Funduntur
2504 1936 2637 1991 ergo
2664 1920 2883 1975 indictae
2910 1934 3137 1989 preces;
3168 1933 3322 1973 sacra
3354 1919 3585 1990 Symeo—

2000 2015 2088 2070 nis
2113 2015 2301 2086 lingua
2340 2030 2528 2070 sacros
2564 2014 2934 2070 intercinente
2987 2012 3238 2083 hymnos,
3298 2013 3589 2083 potentius

1998 2103 2176 2158 Deum
2215 2112 2522 2159 moventes.
2553 2102 2624 2158 At
2674 2103 2940 2174 populum
2994 2102 3249 2172 regiones
3280 2102 3400 2157 illas
3437 2104 3594 2160 inco-

2002 2194 2209 2249 lentem
2258 2196 2424 2250 timor
2470 2196 2599 2251 inde
2636 2204 2801 2266 atque
2839 2205 3046 2250 tremor
3080 2194 3462 2249 vehementior
3504 2194 3594 2247 in-

2003 2289 2192 2351 cessit,
2229 2287 2369 2343 nihil
2414 2288 2680 2359 deinceps
2702 2287 2833 2342 boni
2867 2295 3320 2358 exspectantem;
3371 2287 3482 2342 imo
3535 2296 3594 2343 et

2002 2387 2235 2434 matrem
2264 2379 2553 2452 Symeon’is
2585 2379 2791 2434 eaedem
2820 2380 3173 2449 precationes
3193 2379 3436 2449 graviter
3458 2394 3589 2449 pcr-

2005 2470 2318 2526 turbarunt.
2355 2471 2481 2525 Haec
2504 2471 2691 2540 itaque
2721 2469 3113 2525 venerabunda
3143 2470 3291 2523 velut
3312 2470 3367 2523 in
3393 2470 3594 2540 spiritu

2003 2562 2073 2616 ad
2107 2570 2342 2632 patrem,
2393 2570 2488 2617 aut
2521 2562 2708 2633 potius
2737 2558 2807 2615 ad
2835 2561 3030 2627 filium,
3074 2560 3189 2615 adit
3251 2560 3441 2615 multis
3488 2560 3594 2615 ob-

2005 2669 2249 2721 secrans,
2293 2664 2355 2710 ut
2382 2670 2603 2710 causam
2640 2654 2744 2710 sibi
2780 2655 3023 2725 aperiret
3065 2669 3237 2724 quare
3263 2670 3455 2723 preces
3486 2652 3596 2709 illae

2006 2749 2274 2805 fratribus
2307 2763 2371 2802 ac
2419 2747 2597 2803 turbis
2654 2747 2915 2817 injunctae
2968 2753 3177 2801 essent.
3226 2747 3345 2800 Non
3384 2745 3595 2815 sprevit

2005 2852 2231 2911 rogatus
2291 2840 2382 2895 ille
2437 2848 2715 2893 maternas
2773 2855 3002 2909 preces;
3053 2849 3109 2894 et
3155 2854 3278 2909 qua:
3322 2838 3595 2893 divinitus

2005 2933 2236 2989 edoctus
2266 2932 2470 2998 fuerat,
2504 2941 2702 2987 cuncta
2728 2932 3044 2987 manifestat
3069 2950 3081 2986 :
3113 2931 3596 3003 Conquassaturus

2008 3032 2113 3089 est,
2161 3022 2361 3093 inquit,
2397 3037 2431 3076 ο
2463 3031 2659 3086 mater,
2690 3022 2839 3079 Deus
2885 3032 3086 3078 terram
3134 3024 3376 3094 gravius,
3428 3039 3594 3092 quam

316 3103 651 3156 Δεσποτικοῦ
682 3103 777 3156 καὶ
808 3105 1076 3176 σωτηρίου
1109 3107 1337 3175 πάθους,
1382 3108 1449 3162 δι’
1474 3103 1536 3163 οὗ
1566 3108 1752 3163 παθὼν
1794 3109 1902 3179 ἐγὼ

346 3214 349 3215 ,
390 3199 402 3215 ς
445 3196 470 3215 η
562 3196 575 3215 ρ
774 3199 788 3215 .
1027 3201 1070 3215 η.
1228 3202 1246 3215 .
1337 3205 1363 3215 ..
1439 3205 1452 3215 .
1540 3204 1555 3215 .
1584 3205 1617 3215 ..
1870 3206 1896 3215 -

2010 3132 2252 3185 unquam
2288 3114 2557 3180 antehac;
2591 3114 2688 3168 illo
2734 3122 2947 3169 tantum
3013 3128 3164 3171 motu
3192 3125 3443 3185 excepto,
3498 3117 3591 3185 qui

310 3199 412 3251 καὶ
444 3196 677 3250 θανάτου
700 3199 797 3250 καὶ
816 3201 1131 3270 τυραννίδος
1155 3202 1400 3274 χαλεπῆς
1428 3204 1663 3259 ἀπολέλυ
1671 3222 1795 3276 μαι·
1829 3206 1906 3278 τῷ

319 3290 533 3361 σεισμῷ
566 3291 622 3343 δὲ
656 3294 750 3345 καὶ
772 3293 1156 3364 συμπτώματα
1189 3296 1401 3366 ἕψεται,
1436 3299 1663 3373 καρδίας
1693 3300 1904 3370 ἀνθρω-

319 3385 484 3455 πίνης
514 3385 716 3457 δηλαδὴ
748 3388 1095 3458 θραύσματα.
1125 3385 1219 3453 Οἷς
1251 3392 1345 3444 ἐπὶ⁵
1372 3393 1575 3462 μᾶλλον
1599 3394 1781 3467 ἐκείνη
1812 3394 1904 3446 τὸν

305 3475 486 3545 φόϐον
527 3476 833 3549 αὑξήσασα,
881 3481 1024 3532 αἰτεῖ
1056 3480 1165 3533 τῶν
1203 3482 1487 3552 ἀχρὰντων
1526 3484 1619 3537 τοῦ
1665 3485 1905 3556 Χριστοῦ

322 3568 641 3639 μυστηρίων
676 3571 864 3640 χερσὶν
914 3571 1125 3625 ἐκείνου
1168 3576 1290 3636 ταῖς
1331 3575 1508 3639 ὁσίαις
1554 3575 1903 3643 μεταλαϐεῖν,

310 3658 562 3726 ’ἀσφαλὲς
598 3660 985 3731 φυλακτήριον.

2013 3209 2213 3265 accidit
2243 3208 2299 3263 in
2329 3208 2547 3263 Domini
2577 3222 2641 3262 ac
2669 3205 2970 3262 Salvatoris
2992 3207 3171 3260 nostri
3195 3207 3474 3278 passione,
3498 3222 3599 3277 per

2014 3316 2178 3372 quam
2230 3299 2483 3356 inﬁrmus
2523 3315 2627 3371 ego
2664 3306 2720 3354 et
2756 3309 2935 3355 morte
2972 3308 3028 3355 et
3076 3301 3275 3355 acerba
3306 3300 3600 3372 tyrannide

2010 3392 2282 3447 liberatus
2316 3406 2437 3446 sum
2470 3410 2481 3444 :
2515 3400 2725 3445 motum
2768 3399 2951 3445 autem
2997 3391 3148 3446 varia
3190 3401 3601 3462 consequentur

2009 3492 2399 3555 symptomata,
2450 3483 2525 3537 ita
2578 3491 2638 3537 ut
2684 3483 2941 3539 homines
2980 3484 3245 3539 cordibus
3287 3484 3600 3555 animisque

2009 3575 2277 3631 defecturi
2312 3575 2442 3629 sint.
2481 3574 2644 3629 Hisce
2675 3575 2914 3629 maximo
2941 3576 3140 3631 timore
3172 3586 3331 3631 aucta
3371 3576 3602 3647 Symeo-

2010 3668 2098 3724 nis
2143 3676 2339 3733 mater,
2395 3665 2728 3722 intemerata
2760 3666 2965 3722 Christi
3010 3668 3273 3740 mysteria
3317 3685 3347 3723 c
3396 3671 3603 3732 sanctis

306 3749 469 3806 illius
514 3750 624 3822 (25)
684 3754 939 3810 manibus
997 3756 1254 3827 accipere
1314 3748 1505 3827 petiit,
1535 3767 1726 3830 utpote
1793 3760 2160 3841 certissimum
2209 3758 2735 3830 securissimumque
2770 3760 3042 3831 adversus
3080 3760 3402 3831 ingruentia
3457 3766 3599 3823 maia

303 3843 655 3915 praesidium.
741 3907 755 3913 _

390 3944 491 4017 ρξ’.
526 3944 642 4013 Τῆς
692 3942 737 3995 δ’
784 3942 1047 4015 ἐπιούσης
1085 3944 1431 4016 (παρασκευὴ
1467 3946 1521 3999 δὲ
1564 3941 1654 4018 ἦν)
1684 3946 1900 4001 σαλεύει

308 4033 420 4104 μὲν
452 4034 553 4102 τὴν
582 4031 687 4103 γῆν
723 4031 820 4100 ὀψὲ
852 4032 954 4101 τῆς
984 4034 1200 4104 ἡμέρας
1244 4033 1388 4088 οὕτω
1427 4036 1693 4108 σφοδρῶςν
1724 4037 1800 4100 ὡς
1830 4036 1904 4107 μὴ

322 4132 481 4199 μόνον
511 4129 682 4199 αὐτὴν
718 4126 987 4198 πολλαχοῦ
1036 4128 1295 4198 διασχεῖν,
1328 4131 1398 4184 τά
1434 4150 1493 4185 τε
1525 4131 1623 4202 ὅρη
1660 4129 1753 4203 βίᾳ
1791 4131 1909 4184 δια-

310 4221 593 4291 τριϐῆναι,
642 4218 782 4272 ἀλλὰ
829 4219 924 4271 xui.
955 4216 1054 4288 τήν
1074 4213 1350 4269 θάλασσαν
1373 4218 1565 4288 φυγεῖν
1581 4220 1641 4273 τὸ
1653 4221 1747 4273 τοῦ
1768 4218 1902 4273 Θεοῦ

322 4311 617 4382 πρόσωπον
653 4311 714 4363 οὐ
748 4310 1021 4382 φέρουσαν
1050 4309 1424 4381 ὀργιζόμενον,
1455 4310 1530 4374 ὡς
1566 4310 1815 4363 ἐντεῦθεν
1841 4310 1902 4363 οὗ

320 4404 503 4466 πόλεις
556 4402 719 4473 μόνον
769 4404 865 4456 καὶ
916 4400 1110 4470 κώμας
1170 4403 1266 4455 καὶ
1305 4402 1581 4466 συνοικίας
1619 4403 1759 4455 κατὰ
1806 4399 1905 4473 τὴν

312 4496 581 4563 ’ὀφθεῖσαν
626 4493 704 4563 τῷ
748 4491 973 4563 Συμεὼν
1012 4491 1135 4563 ὄψιν
1181 4493 1381 4556 ἀθλίως
1428 4496 1780 4556 καταπεσεῖν,
1809 4493 1905 4545 καὶ

2075 3944 2438 4000 i07.Postera
2472 3943 2583 4007 die,
2627 3951 2749 4000 erat
2778 3943 2871 3999 illa
2900 3945 3148 4010 Veneris,
3179 3945 3282 4001 sub
3311 3962 3599 4017 vesperam

2008 4045 2124 4092 tam
2154 4035 2334 4090 valide
2365 4034 2648 4090 concussit
2675 4035 2819 4089 Deus
2854 4043 3059 4090 terram
3094 4036 3227 4107 (:26),
3249 4044 3311 4090 ut
3335 4052 3443 4092 non
3476 4044 3600 4094 tan-

2007 4137 2124 4182 tum
2160 4126 2279 4198 ipsa
2318 4126 2455 4183 locis
2484 4125 2869 4196 compluribus
2928 4124 3201 4197 disrupta,
3266 4138 3597 4199 montesque

2009 4219 2064 4272 vi
2094 4218 2350 4273 dissoluti
2404 4218 2536 4281 sint,
2592 4218 2687 4273 sed
2729 4218 2899 4273 etiam
2947 4234 3101 4273 mare
3139 4218 3396 4288 fugerita
3456 4220 3596 4276 (acie

2010 4306 2131 4374 Dei,
2155 4308 2429 4377 nequiens
2445 4310 2722 4364 sustinere
2742 4310 2968 4366 iratam:
3002 4309 3142 4364 adeo
3163 4319 3223 4365 ut
3242 4327 3349 4365 non
3371 4311 3593 4375 domus,

2011 4406 2067 4452 et
2092 4397 2239 4471 pagi,
2279 4405 2335 4452 et
2379 4398 2549 4455 urbes
2580 4409 2813 4466 tantum,
2840 4403 2920 4456 uti
2968 4411 3251 4457 ostensum
3278 4403 3335 4459 in
3380 4404 3594 4461 visione

2012 4497 2203 4544 sancto
2270 4489 2495 4556 fuerat,
2544 4492 2899 4549 subsederint
2977 4496 3391 4565 submersaque
3438 4497 3592 4562 sint,

320 4584 677 4657 πληρωθῆναι
706 4581 742 4636 ἃ
778 4583 928 4653 παρά
966 4599 1112 4646 τινος
1141 4585 1246 4636 τῶν
1286 4584 1581 4656 προφητῶν
1612 4583 1902 4654 ήπείληται

2010 4591 2175 4653 atque
2207 4581 2447 4652 impletae
2475 4582 2687 4637 fuerint
2720 4587 3201 4653 comminationes,
3236 4589 3345 4659 jam
3378 4588 3594 4660 pridem

395 4749 509 4819 (9.5)
540 4749 678 4806 Erat
719 4750 857 4804 enim
902 4748 1169 4804 diaconus
1227 4747 1474 4819 Symeon,
1525 4747 1603 4800 uti
1645 4762 1794 4799 num.
1839 4742 1908 4798 £2

314 4817 568 4884 vidimus,
589 4822 901 4874 ordinatus:
920 4836 983 4874 ea:
1006 4823 1099 4873 hoc
1116 4836 1237 4873 vero
1259 4817 1369 4872 loco
1388 4817 1587 4870 discere
1608 4832 1921 4884 possumus;

314 4891 592 4960 diaconos
614 4892 896 4960 ejusmodi,
941 4906 1045 4944 non
1074 4888 1246 4960 solum
1272 4959 1277 4960 γ
1304 4887 1548 4960 habuisse
1588 4885 1906 4960 facultatem

323 4976 515 5030 corpus
561 4958 756 5041 Christi
780 4959 1414 5041 distribuendiﬁdelibus,
1441 4958 1531 5010 sed
1573 4958 1729 5010 etiam
1751 4972 1907 5024 penes

314 5045 379 5083 se
415 5032 723 5101 asservandi
752 5032 821 5083 ad
848 5030 1155 5101 hujusmodi
1190 5030 1371 5096 ﬁnem.
1442 5098 1452 5101 _
1616 5042 1619 5045 ‘

391 5099 506 5171 (26)
530 5101 686 5160 Alius
714 5098 924 5154 iterum'
954 5110 1305 5171 tcrrtemotas,
1339 5098 1506 5171 mula)
1535 5098 1904 5171 grauissimus,

326 5167 496 5240 quem'
530 5170 683 5223 illum
728 5168 1135 5234 eumdem‘essc,
1191 5169 1253 5222 de
1299 5185 1402 5240 quo
1452 5167 1786 5240 Theophanes
1838 5167 1907 5220 ad

326 5238 528 5294 annum
552 5241 645 5296 55!
661 5281 674 5303 ,
698 5240 884 5293 suadet
908 5241 1180 5309 utriusque
1198 5238 1507 5307 descriptio.
1530 5238 1617 5295 Sic
1645 5239 1716 5292 ibi
1746 5238 1907 5292 Theo-

325 5312 525 5380 phanes
551 5326 569 5364 :
594 5310 724 5365 Julii
755 5326 887 5365 vero
914 5307 1119 5366 mensis
1147 5307 1237 5362 die
1267 5325 1414 5364 nono
1448 5325 1678 5377 magnus
1705 5317 1762 5364 et
1788 5317 1909 5380 ter-

326 5378 508 5435 ribilis
532 5388 881 5435 terrmmotus
906 5380 1081 5435 factus
1120 5390 1205 5435 est
1229 5395 1325 5449 per
1343 5395 1562 5434 omnem
1586 5378 1907 5443 Palaestinae,

324 5450 561 5521 Arabiae,
579 5451 1002 5521 Mesopotamiae,
1026 5451 1195 5521 Syria:
1218 5465 1274 5503 et
1301 5450 1590 5521 Phgenices
1611 5450 1910 5521 regionem;

326 5520 466 5578 adeo
497 5517 792 5593 utTyrus,
826 5521 1021 5585 Sidon,
1067 5517 1325 5593 Berytus,
1366 5517 1608 5593 Tripolis
1647 5517 1703 5575 et
1731 5520 1913 5593 Byblis

327 5593 499 5647 multa
548 5590 748 5647 damna
809 5593 1144 5660 acceperint,
1183 5590 1260 5645 'et
1312 5590 1595 5645 hominum
1643 5590 1913 5660 perierint

328 5662 501 5721 multa
540 5662 730 5718 millia.
794 5660 873 5715 Ad
907 5662 1155 5717 Bostram
1199 5676 1333 5715 vero
1389 5661 1667 5716 civitatem
1718 5674 1913 5721 magna

331 5702 459 5802 pa‘rs
510 5732 879 5804 promontorii
930 5731 1067 5804 mari
1096 5731 1418 5804 adjacentis,
1457 5732 1546 5786 cui
1588 5746 1787 5785 nomen
1810 5702 1911 5785 ῖὶ-

335 5801 730 5877 th0prosopus,
758 5803 945 5860 avulsa
975 5803 1031 5861 in
1060 5801 1213 5858 mare
1239 5801 1502 5857 translata
1522 5810 1626 5868 est,
1657 5810 1908 5872 portum-

2008 4763 2115 4816 que
2146 4747 2332 4805 eﬂ‘ecit
2358 4752 2548 4807 multis
2596 4750 2808 4822 magnis
2839 4746 3089 4802 navibus
3113 4747 3445 4822 recipiendis
3476 4747 3595 4801 ido-

2007 4834 2170 4891 peum
2200 4836 2364 4891 :Acum
2393 4822 2528 4877 urbs
2553 4823 2640 4876 illa
2661 4818 2816 4891 prius
2838 4831 3057 4891 portum
3081 4834 3189 4891 non
3215 4818 3588 4891 habuisset“...

2006 4887 2257 4943 Recessit
2286 4892 2452 4945 etiam
2485 4907 2635 4950 mare
2660 4887 2715 4950 in
2740 4891 2909 4957 altum
2936 4888 3110 4957 pelagi
3142 4887 3324 4942 sinum
3348 4888 3412 4943 ad
3444 4890 3594 4943 mille

2006 4972 2221 5025 passus,
2254 4976 2318 5014 ex
2347 4976 2456 5029 quo
2482 4962 2666 5029 multa;
2693 4973 2862 5029 naves
2887 4956 2939 5011 in
2973 4956 3313 5029 profundum
3342 4958 3595 5012 submer-

2008 5041 2081 5081 sas
2118 5044 2131 5079 :
2169 5026 2497 5098 rursumque
2539 5026 2633 5084 Dei
2681 5037 2818 5083 nutu
2849 5027 2903 5080 in
2950 5029 3232 5096 proprium
3272 5028 3487 5082 alveum
3536 5045 3595 5081 se

2007 5098 2237 5167 recepit.
2274 5098 2399 5153 Haec
2440 5098 2552 5163 ille,
2583 5099 2675 5153 sed
2705 5115 2820 5153 cum
2862 5113 3033 5151 annus
3066 5098 3191 5161 551,
3223 5098 3417 5152 habens
3449 5098 3592 5153 litte-v

2010 5182 2127 5222 ram
2147 5167 2525 5225 Dominicatem
2552 5170 2618 5234 Α,
2643 5169 2820 5238 fecerit
2851 5168 2884 5222 9
2903 5167 3040 5220 diem
3060 5167 3192 5221 Julii
3208 5169 3396 5238 cadere
3414 5170 3469 5223 in
3494 5168 3596 5221 Do.

2010 5238 2279 5310 minicam,
2323 5238 2408 5310 pel
2443 5237 2650 5310 corrigi
2675 5238 2820 5310 debet
2853 5252 3118 5310 numerus
3137 5237 3382 5310 litterulis
3414 5247 3462 5291 et
3498 5256 3593 5309 pro

2012 5304 2057 5386 θ’
2086 5306 2138 5370 9,
2174 5305 2277 5391 legi
2317 5308 2360 5371 ζ’
2393 5309 2444 5391 ἶ,
2490 5308 2571 5362 vel
2586 5304 2775 5379 'potius
2806 5316 2917 5390 tota
2953 5323 3033 5361 res
3068 5308 3266 5431 digerri
3300 5309 3369 5362 ad
3394 5304 3595 5391 omium

2012 5375 2134 5431 555.
2157 5394 2247 5431 aut
2270 5378 2448 5431 habuit
2472 5378 2703 5431 litteram
2727 5377 3105 5431 Ilommicalem
3170 5418 3183 5431 .
3205 5379 3417 5431 auando
3433 5387 3595 5431 etmm

2010 5375 2134 5437 555,
2157 5375 2248 5446 qui
2270 5378 2448 5432 habuit
2472 5375 2703 5433 litteram
2727 5375 3183 5448 IlominicalernC,
3205 5379 3417 5448 quando
3433 5381 3595 5443 etiam

2010 5448 2217 5500 videtur
2232 5464 2481 5503 concussa
2502 5447 2984 5518 Constantinopolis
3006 5457 3050 5500 et
3068 5446 3367 5515 Nicomedia
3392 5464 3592 5516 eversa,

2013 5525 2070 5570 ut
2101 5534 2220 5572 mox
2243 5519 2477 5585 dicetur;
2504 5519 2620 5573 licet
2646 5519 2979 5590 Theophanes
3002 5520 3110 5572 ha’c
3133 5519 3327 5588 referat
3353 5518 3422 5570 ad
3450 5535 3594 5587 prai-

2014 5590 2278 5642 cedentem
2333 5606 2534 5644 annum
2577 5590 2702 5655 554,
2743 5590 2799 5643 in
2838 5605 2939 5659 quo
2981 5590 3153 5660 ipsum
3197 5589 3381 5660 etiam,
3411 5604 3594 5645 ενι-(τινι

2013 5667 2157 5733 patet
2202 5675 2265 5714 ea:
2302 5676 2556 5733 concursu
2604 5660 2911 5733 ΒοιηιιιιςιεΔ
2938 5659 3186 5733 cumdie
3242 5660 3307 5714 15
3350 5659 3590 5733 Augusti,

2013 5730 2105 5799 qui
2137 5746 2240 5784 non
2267 5731 2368 5786 nisi
2412 5732 2467 5786 in
2502 5748 2703 5786 annum
2754 5730 2857 5786 555⁵
2884 5730 2999 5801 jam
3038 5730 3235 5785 dictum
3261 5730 3427 5791 cadit,
