4018 6382
263 395 416 460 3089

1266 392 1442 453 VITA
1478 391 1529 451 Α
1564 392 1999 454 NICEPHORO
2032 373 2550 453 CONSCRIPTA.’

3393 386 3543 450 θίνγὼ

259 509 361 562 διὰ
393 504 663 580 στόματος
699 505 888 578 ἔχοντα
924 497 1083 576 εὗρεν
1147 503 1436 573 ίλαστήρια
1486 504 1624 573 πρὸς
1666 503 1853 574 Θεὸνή

2000 506 2114 559 ultu
2143 503 2493 573 spectandam
2529 514 2587 553 se
2624 494 2729 565 ipsi
2755 497 2979 561 obtulit,
3005 504 3061 552 et
3085 496 3251 551 verba
3276 497 3388 550 oris
3416 499 3539 566 ejus

267 600 458 653 ἱκεσία
479 643 494 668 ,
537 601 711 651 ταῦτα
735 596 1077 651 ἐντείλασθαι
1101 594 1176 663 τῷ
1208 594 1319 663 λαῷ
1348 594 1451 663 ἔφη
1474 595 1855 658 λιτανεύοντας

268 690 433 765 ᾆσαι,
465 694 559 745 καὶ
583 691 885 762 στήσασθαι
918 689 1019 757 τὴν
1051 687 1307 758 ἀπειλήν.
1350 689 1408 742 'U
1439 688 1539 759 μὲν
1587 683 1679 742 οῦν
1714 686 1857 742 κατὰ

265 784 378 849 τὰς
408 784 560 849 θείας
593 782 895 852 ὑποθήκας,
927 781 1122 852 καινὴν
1172 780 1313 852 ᾠδὴν
1351 781 1444 833 ἐπὶ
1484 780 1681 846 λέξεως
1712 779 1861 851 ᾅδειν

270 880 561 934 ἐδίδασκεν
590 874 872 946 ἐμμελῶς,
897 874 987 928 ἴνα
1011 876 1077 943 τῇ
1106 872 1312 928 τούτων
1347 873 1536 944 μνήμῃ
1563 872 1659 925 καὶ
1687 870 1859 940 γλῶτ-

271 989 383 1025 ταν
414 968 773 1038 ἁγιασθῶμεν
805 984 817 997 ο
864 966 953 1029 Ὡς
981 967 1073 1019 ἐπὶ
1128 965 1374 1027 Μωσέως
1436 964 1861 1033 δυσωπούμενος

274 1061 510 1131 ἱλάσθης
540 1060 570 1112 ό
601 1059 734 1122 Θεὸς
763 1056 857 1113 τοῦ
900 1056 975 1129 μὴ
1031 1055 1321 1127 συντρῖψαι
1370 1054 1461 1109 τὸν
1500 1054 1737 1125 Ἰσραὴλ,
1762 1055 1860 1108 καὶ

279 1152 411 1217 νῦν,
444 1152 641 1223 Κύριε,
667 1150 877 1205 παῦσον
926 1150 1407 1223 παρακαλούμενος
1438 1151 1534 1219 τὴν
1562 1149 1729 1219 ὀργὴν
1754 1149 1863 1203 ἀπὸ

276 1245 379 1301 τοῦ
410 1244 542 1299 λαοῦ
572 1262 689 1313 σου,
716 1243 1070 1316 συγχώρησιν
1103 1243 1428 1313 ποιούμενος
1464 1242 1575 1295 τῶν
1603 1240 1865 1293 ποικίλων

279 1338 449 1409 ἡμῶν
491 1337 803 1409 ἁμαρτιῶν,
834 1335 911 1401 ὡς
950 1336 1111 1406 μόνος
1153 1334 1543 1405 ἀναμάρτητος
1575 1331 1809 1401 Χριστὸς
1837 1332 1866 1385 ὁ

1964 597 2291 651 invenerunt
2325 592 2557 662 gratiam
2591 603 2653 642 ac
2678 588 3128 657 propitiationem
3164 587 3308 656 apud
3343 590 3533 643 Deum.

1966 688 2092 742 llaec
2127 684 2330 754 populo
2356 678 2817 751 supplicabundo,
2860 679 3060 748 inquit,
3098 680 3366 734 cantanda
3403 698 3539 750 pra:-

1967 777 2194 833 scribite
2224 774 2294 829 ad
2324 771 2689 828 inhibendum
2710 769 3007 841 ﬂagellum.
3046 770 3201 824 Fecit
3235 786 3365 840 ergo
3390 772 3539 841 quod

1966 874 2317 939 suggesserat
2358 866 2523 929 Deus,
2558 872 2996 932 convocatosque
3036 863 3371 932 discipulos;
3430 864 3541 918 illic

1966 959 2313 1019 aberrantes,
2350 971 2553 1011 novum
2587 955 2785 1009 edocet
2833 954 3143 1016 canticum,
3195 964 3304 1008 tam
3343 958 3542 1024 exqui-

1967 1049 2135 1104 situm
2183 1045 2647 1114 concinnumque,
2701 1054 2763 1098 ut
2789 1043 3115 1097 recitatione
3148 1045 3297 1098 illius
3335 1044 3541 1112 caneri-

1967 1142 2102 1197 tium
2157 1140 2358 1209 linguae
2392 1137 2848 1203 sanctiﬂcentnr;
2887 1137 3035 1206 quod
3064 1145 3148 1191 est
3178 1136 3489 1207 hujusmodi
3528 1154 3540 1189 :

1967 1230 2442 1301 Quemadmodum
2483 1238 2729 1299 tempore
2759 1229 2960 1300 Moysis
3001 1229 3256 1298 precibus
3300 1229 3546 1298 placatus

1969 1340 2083 1380 non
2127 1321 2438 1379 sustinuisti
2499 1320 2713 1376 conteri
2747 1310 2937 1385 Israel,
2984 1321 3060 1374 ita
3111 1335 3262 1374 nunc
3303 1334 3545 1390 quoque,

278 1428 442 1494 Θεὸς,
476 1428 619 1483 κατὰ
655 1429 716 1483 τὸ
745 1427 888 1500 μέγα
920 1445 1014 1482 σου
1037 1427 1209 1490 ἕλεος,
1239 1425 1367 1491 δόξα
1403 1442 1506 1480 σοι.
1538 1424 1649 1479 Καὶ
1679 1424 1730 1477 oi
1762 1422 1861 1492 μὲν

1992 1415 2211 1480 homine,
2243 1422 2504 1468 exoratus
2537 1412 2729 1467 desine
2756 1426 3081 1467 succensere
3110 1411 3315 1482 populo
3351 1420 3465 1474 tuo,
3490 1420 3548 1466 et

281 1518 506 1574 ἐποίουν
532 1521 595 1573 τὸ
617 1518 928 1573 κελευσθέν·
965 1519 1014 1572 oi
1043 1518 1100 1572 δὲ
1132 1516 1313 1571 στύλοι
1344 1516 1442 1585 τῆς
1462 1517 1568 1587 γῆς
1613 1514 1685 1586 (ὁ
1707 1512 1862 1579 Θεὸς,

283 1606 372 1673 τίς
394 1608 561 1674 ἀξίως
606 1607 800 1681 ᾄσεται
841 1607 911 1662 τὰ
956 1606 1080 1678 ἐλέη
1109 1623 1203 1660 σου
1229 1606 1273 1678 ί)
1314 1604 1477 1669 εὐθὺς
1509 1603 1864 1676 ἐστερέωντο,

287 1699 388 1754 καὶ
417 1700 447 1754 ό
480 1699 706 1770 σεισμὸς
729 1700 974 1771 ἀκριϐῶς
997 1699 1268 1753 πέπαυτο.

1962 1507 2185 1578 ignosce
2207 1500 2732 1575 plurimispeccatis
2764 1502 3008 1566 nostris;
3060 1512 3122 1557 ut
3149 1503 3271 1565 tibi,
3310 1502 3549 1566 Christe,

1965 1597 2059 1668 qui
2107 1595 2258 1650 solus
2304 1592 2515 1662 peccati
2570 1606 2766 1660 expers
2807 1606 2890 1656 es,
2938 1590 3242 1655 secundum
3301 1602 3554 1658 magnam

1967 1685 2407 1745 misericordiam
2435 1692 2582 1738 tuam
2625 1683 2801 1753 gloria
2833 1682 2924 1738 sit.
2958 1681 3027 1737 Et
3069 1680 3362 1750 discipulis
3395 1694 3552 1733 man-

288 1794 485 1851 datum
529 1795 715 1851 Patris
761 1770 1138 1865 implentibus,
1186 1793 1362 1850 fulcra
1433 1800 1597 1849 terra:
1650 1789 1820 1862 (quis,
1874 1804 1907 1842 ο
1946 1787 2111 1849 Deus,
2162 1781 2328 1852 digne
2382 1777 2685 1835 celebrabit
2750 1776 3135 1833 miserationes
3191 1772 3385 1844 tuas?)
3420 1770 3556 1827 soli-

290 1889 421 1947 data
470 1898 631 1958 sunt,
655 1902 711 1949 et
745 1897 930 1947 motus
981 1906 1049 1946 ex
1095 1889 1371 1946 sententia
1405 1886 1661 1944 cessavit.

1739 2019 1967 2077 CAPUT
1994 1994 2125 2073 'xw

759 2145 931 2202 Rudes
972 2142 1118 2198 docet
1148 2158 1166 2198 :
1198 2142 1516 2197 vaticinatur
1547 2140 1753 2196 diversa
1784 2150 2017 2194 :novam
2055 2132 2359 2188 columnam
2392 2132 2662 2184 consecrat
2693 2132 2741 2180 et
2782 2123 3102 2179 conscendit.

375 2277 464 2344 ρι’.
498 2272 565 2325 Ἀ
616 2271 715 2341 μὲν
744 2268 837 2323 οῦν
864 2269 962 2338 τῆς
993 2266 1176 2337 κοινῆς
1207 2263 1504 2335 πρεσϐείας
1548 2261 1713 2319 αὐτοῦ
1744 2263 1879 2332 πρὸς

2061 2255 2184 2312 ΗΟ.
2226 2254 2406 2323 Atque
2429 2250 2545 2304 haec
2574 2256 2724 2310 sunt,
2773 2260 2896 2315 qum
2924 2244 3019 2298 illo
3063 2240 3207 2311 apud
3249 2241 3423 2295 Doum
3479 2240 3563 2294 in-

298 2369 434 2425 Θεὸν
457 2366 731 2423 ἀπέλαυον
764 2365 983 2430 πάντες,
1008 2363 1233 2418 τοιαῦτά
1252 2366 1400 2416 ἐστιν
1418 2379 1432 2393 ο
1462 2363 1490 2415 ὁ
1515 2362 1570 2414 δὲ
1600 2361 1757 2430 λόγος
1785 2360 1880 2413 καὶ

299 2462 439 2535 πρὸς
472 2460 544 2515 τὰ
573 2459 714 2514 κατὰ
761 2459 923 2528 μέρος
966 2453 1121 2525 αὖθις
1154 2457 1353 2527 χωρεῖν
1387 2455 1687 2523 ἐπείγεται.
1732 2452 1881 2505 Ἔδει

298 2557 420 2617 ταῖς
456 2551 713 2620 κεφαλίσι
758 2550 866 2603 τῶν
920 2549 1115 2602 κιόνων
1163 2547 1393 2616 γλυφῆς,
1424 2540 1504 2610 οἷς
1535 2548 1565 2599 ὁ
1603 2545 1743 2599 κατὰ
1780 2546 1880 2614 τὴν

304 2646 475 2716 μονὴν
504 2643 592 2698 ἐπ’
622 2642 850 2713 ὀνόματι
883 2641 981 2711 τῆς
1016 2639 1251 2709 ἀρχικῆς
1273 2639 1367 2691 καὶ
1398 2636 1680 2707 βασιλικῆς
1708 2636 1882 2706 Τριά-

299 2737 389 2800 δος
416 2735 548 2798 ναὸς
578 2734 908 2804 ἐγήγερται·
936 2728 1162 2797 ἁδελφὸς
1191 2728 1249 2782 δέ
1272 2745 1374 2794 τις,
1398 2726 1565 2797 ὄνομα
1604 2726 1879 2795 Ἰωάννης,

302 2824 691 2898 πνευματικῶν
717 2823 816 2894 μὲν
845 2821 1065 2891 τρόπων
1093 2819 1577 2891 μεταποιούμενος,
1599 2818 1692 2871 καὶ
1721 2817 1883 2885 λόγου

307 2916 672 2991 μετειληφὼς,
708 2914 1024 2985 λιθουργίας
1070 2911 1128 2966 δὲ
1166 2911 1513 2965 παντάπασιν
1560 2909 1885 2977 ἀνασκήτως

306 3010 468 3083 ἔχων,
497 3008 779 3080 θαρρήσας
807 3008 873 3075 τῇ
904 3020 964 3058 τε
994 3002 1172 3075 οἰκείᾳ
1207 3002 1343 3073 πρὸς
1368 3000 1460 3054 τὸν
1498 2999 1652 3066 ἆγιον
1682 2998 1882 3065 πίστει,

306 3104 372 3173 τῇ
398 3118 459 3154 τε
490 3099 618 3169 περὶ
640 3099 731 3161 τὰς
767 3095 984 3158 ἐντολὰς
1015 3094 1185 3148 αὐτοῦ
1213 3092 1413 3164 Θέρμῃ,
1444 3091 1539 3145 καὶ
1565 3094 1684 3154 ταῖς
1718 3091 1890 3159 ὑπερ⁹

308 3190 504 3261 φυέσιν
533 3186 742 3241 ἐκείνου
770 3186 867 3240 καὶ
897 3182 1182 3256 μεγίσταις
1205 3183 1706 3254 θαυματουργίαιςο
1734 3181 1890 3233 Ἐπί-

309 3283 423 3347 θες,
458 3280 663 3351 Πάτερ,
700 3277 855 3348 φησι,
913 3278 979 3347 τῇ
1034 3274 1232 3346 καρδίᾳ
1290 3292 1394 3344 μου
1446 3272 1545 3345 τὴν
1598 3272 1759 3340 ἁγίαν
1796 3289 1888 3326 σου

309 3376 490 3445 χεῖρα,
521 3373 616 3425 καὶ
646 3368 886 3441 ἄρξομαι
939 3367 1290 3435 διαγλύφειν·
1332 3365 1409 3430 ὡς
1468 3365 1535 3419 ἂν
1582 3365 1659 3436 τῷ
1710 3366 1767 3417 ἐν
1808 3366 1892 3417 σοὶ

312 3464 442 3536 θείῳ
470 3461 752 3532 Πνεύματι
786 3460 879 3514 τὸν
906 3457 1031 3513 νοῦν
1058 3456 1386 3527 τυπωθείην.
1421 3455 1528 3510 Τοῦ
1559 3456 1616 3510 δὲ
1655 3455 1893 3523 σπουδῆς

1981 2344 2298 2405 tercedente
2352 2339 2661 2411 promiscue
2695 2350 2887 2390 omnes
2917 2331 3197 2389 consecuti
3224 2340 3368 2386 sunt.
3404 2330 3565 2385 Nunc

1981 2450 2168 2498 autem
2196 2437 2263 2492 ad
2293 2450 2379 2499 ea,
2412 2448 2534 2502 quae
2561 2428 2794 2500 singulis
2831 2428 2886 2481 in
2936 2423 3257 2496 particulari
3315 2422 3560 2494 prmstita

1982 2540 2130 2593 sunt,
2162 2528 2346 2584 redire
2371 2524 2593 2580 festinat
2621 2519 2818 2573 oratio.
2846 2515 3132 2586 Capitellis
3157 2515 3558 2577 columnarum,

1981 2622 2140 2693 queis
2163 2615 2485 2675 monasterii
2517 2611 2803 2682 templum,
2835 2605 3190 2662 sanctissimae
3212 2604 3444 2658 Triados
3464 2619 3563 2656 no-

1984 2715 2130 2769 mine
2173 2709 2505 2771 dedicatum,
2537 2701 2966 2763 sustentabatur,
3009 2698 3303 2766 sculptura:
3335 2702 3563 2748 ornatus

1983 2806 2164 2861 adhuc
2203 2802 2436 2858 deerat:
2486 2808 2612 2852 cum
2654 2794 2824 2848 frater
2864 2789 3138 2860 quispiam
3185 2786 3423 2841 Joannes
3456 2798 3561 2836 no-

1985 2897 2154 2959 mine,
2213 2899 2324 2946 tam
2359 2887 2606 2958 lapidum
2641 2881 3026 2940 ccedendorum
3080 2876 3253 2937 rudis,
3286 2886 3452 2943 quam
3507 2870 3564 2923 in

1986 2986 2154 3043 rebus
2170 2980 2557 3054 spiritualibus
2576 2983 2848 3037 versatus,
2868 2968 3243 3036 orationisque
3261 2963 3563 3023 studiosus,

1987 3078 2122 3133 ﬁsus
2146 3083 2326 3129 tamen
2350 3081 2407 3127 et
2434 3085 2532 3125 sua
2559 3068 2616 3122 in
2642 3074 2891 3123 sanctum
2926 3062 3054 3123 (ide,
3087 3069 3142 3114 ct
3167 3063 3566 3128 praeceptorum

1988 3170 2108 3239 ejus
2133 3161 2598 3237 perﬁciendorum
2634 3155 2938 3217 alacritate,
2970 3160 3026 3206 et
3056 3144 3570 3218 superuaturalibus

1990 3236 2240 3331 eiusdem
2298 3249 2715 3324 operationibus
2764 3245 3073 3313 :lmpone,
3121 3239 3322 3308 inquit,
3377 3236 3570 3297 Pater,

1991 3351 2203 3423 pectori
2250 3363 2373 3403 meo
2421 3358 2629 3399 sacram
2678 3352 2899 3394 manum
2954 3343 3127 3397 tuam,
3180 3339 3236 3386 et
3278 3329 3576 3397 sculptura:

1995 3419 2214 3501 initium
2239 3440 2401 3503 dabo,
2429 3452 2559 3506 quo,
2592 3448 2691 3503 per
2719 3439 2972 3487 sanctum
3001 3426 3095 3498 qui
3125 3425 3183 3479 in
3218 3433 3270 3478 te
3294 3431 3377 3478 est
3400 3419 3576 3489 Spiri-

310 3508 448 3628 dptrii
500 3555 594 3611 καὶ
621 3508 923 3621 ⁸Ῐῧποτοιγῆς
979 3550 1187 3621 μισθῶν
1430 3508 1680 3619 μεγάλων
1726 3508 1889 3601 αὑτὸν

1997 3544 2133 3597 tum,
2165 3546 2288 3601 quae
2318 3535 2503 3583 mente
2529 3521 2782 3591 concepi,
2813 3535 2981 3589 opere
3007 3515 3262 3587 elligiem.
3297 3508 3397 3567 llle
3446 3525 3577 3563 vero

2240 3622 2272 3628 ·-
2391 3626 2397 3628 —
2487 3623 2496 3628 ι
2597 3613 2674 3628 -ϊ
2729 3627 2736 3628 κ
2792 3611 2872 3628 ιε-.
2926 3603 3391 3628 ---L=--.:-_:-,...,.
3437 3614 3577 3628 ..ηηι

314 3650 688 3718 ἀποστερῆσαι
731 3642 808 3715 μὴ
852 3642 1203 3713 βουλομένου,
1235 3639 1370 3694 ἀλλὰ
1407 3639 1486 3710 τῷ
1506 3639 1612 3693 ’τοῦ
1653 3639 1892 3711 μαθητοῦ

316 3739 505 3810 στήθει
528 3736 809 3799 ἐπιθέντος
826 3735 926 3804 τὴν
946 3735 1129 3804 χεῖρα,
1153 3734 1268 3813 καὶ,
1289 3731 1505 3798 Σοφίσει
1524 3748 1603 3797 σε,
1626 3732 1838 3796 τέκνον,
1869 3733 1897 3784 ὁ

313 3830 446 3893 Θεὸς
487 3832 552 3901 τῇ
583 3828 965 3897 λιθογλυφικῇ,
1017 3824 1291 3895 φήσαντος
1315 3839 1329 3851 ⁸
1366 3823 1647 3894 ἁψάμενος
1691 3826 1898 3887 ἐκεῖνος

316 3922 501 3994 ἔργου,
549 3920 802 3991 δεύτερος
849 3916 1007 3988 ὤφθη
1089 3914 1368 3986 Βεσελιὴλ,
1412 3915 1531 3968 ούδέ
1599 3915 1759 3986 ὀλίγα
1802 3914 1898 3968 τοῦ

319 4012 539 4086 πρώτου
573 4012 674 4083 τὴν
709 4008 903 4080 σοφίαν
929 4008 1277 4079 λειπόμενος.

1922 3606 1964 3661 c
1998 3641 2123 3681 cum
2164 3622 2337 3676 nollet
2386 3623 2550 3672 tantae
2579 3611 2880 3682 diligentia:
2922 3603 3392 3677 subjectionisque
3437 3614 3581 3652 mer-

1999 3717 2131 3774 cede
2152 3710 2485 3782 discipulum
2513 3705 2750 3777 privare,
2776 3697 3039 3768 imposuit
3062 3693 3311 3764 cupienti
3333 3705 3576 3752 manum,

1999 3817 2081 3862 et:
2114 3775 2352 3859 instruet
2383 3807 2434 3853 te
2456 3775 2622 3858 Deus,
2647 3791 2848 3862 inquit,
2874 3787 2948 3841 [ili
2972 3785 3069 3848 mi,
3096 3782 3310 3852 lapides
3333 3775 3578 3834 caedendi

1999 3906 2140 3952 arte.
2182 3894 2383 3962 Sicque
2418 3888 2509 3942 ille
2539 3886 2721 3954 reipsa
2751 3895 2890 3951 opus
2918 3889 3210 3948 aggressus
3242 3880 3326 3928 est
3354 3888 3367 3924 :
3394 3880 3451 3925 et
3480 3884 3578 3937 θρα

2001 3987 2186 4060 paruit
2215 3961 2349 4038 alter
2397 3975 2643 4034 Beseleel
2681 3966 2821 4045 (30).
2866 3968 3038 4025 veteri
3078 3966 3159 4022 illi
3195 3964 3334 4019 nihil
3377 3961 3579 4017 cedens

1897 4079 1907 4087 ’
2003 4079 2254 4138 scientia.

389 4186 516 4262 μα’,
567 4185 722 4239 Ἐπεὶ
749 4184 804 4237 δὲ
840 4182 940 4255 ἤδη
970 4181 1063 4236 καὶ
1088 4182 1116 4234 ό
1141 4180 1328 4250 καιρὸς
1351 4179 1651 4250 ἐνειστήκει
1683 4178 1784 4247 τῆς
1809 4177 1900 4231 τοῦ

250 4346 251 4351 η
324 4279 531 4337 τοιοῦδε
564 4276 813 4348 μαθητοῦ
843 4274 1109 4345 ἐκδημίας
1153 4271 1186 4343 ἢ
1227 4270 1564 4335 ἀναλύσεως,
1608 4269 1640 4341 ῆ
1673 4270 1809 4339 πρὸς
1838 4270 1906 4321 τὰ

323 4370 640 4442 ποθούμενα
668 4368 936 4438 κλήσεως,
969 4364 1129 4419 τοῦτο
1178 4363 1331 4436 παρὰ
1352 4362 1491 4417 Θεοῦ
1520 4361 1785 4435 γεγένητο
1809 4363 1905 4435 δῆ-

322 4466 411 4521 λον
442 4463 522 4535 τῷ
548 4460 794 4532 Συμεών·
816 4462 885 4531 τῇ
912 4456 1131 4529 συνήθει
1160 4455 1435 4510 κάνταῦθα
1460 4455 1746 4527 παρρησίᾳ.
1770 4473 1909 4526 χρη-

325 4559 585 4629 σάμενος,
612 4555 661 4609 εί
683 4555 750 4624 τῇ
779 4550 947 4623 βίϐλῳ
966 4550 1064 4621 τῆς
1096 4548 1242 4620 ζωῆς
1262 4546 1595 4618 ἐγγραφείη,
1616 4549 1911 4617 μυστικαῖς

324 4649 496 4703 ἐδεῖτο
527 4645 721 4716 μαθεῖν
749 4643 937 4714 εὐχαῖς
958 4657 1020 4695 τε
1051 4640 1146 4694 καὶ
1179 4638 1443 4710 ὁμιλίαις.
1507 4638 1595 4701 Ὠς
1620 4636 1680 4691 δὲ
1702 4636 1765 4691 οὐ
1794 4636 1912 4691 τοῦ·

324 4755 416 4793 τον
461 4737 600 4808 αὐτῇ
646 4733 828 4805 μόνον,
876 4731 1019 4801 ἀλλὰ
1045 4731 1145 4785 καὶ
1179 4732 1306 4794 τοὺς
1332 4729 1553 4794 λοιποὺς
1590 4728 1701 4784 τῶν
1743 4728 1911 4783 αὑτοῦ

330 4824 617 4899 μαθητῶν,
652 4825 768 4878 ὅσοι
799 4839 862 4877 τε
919 4820 1402 4892 προεκδημήσειαν
1429 4820 1777 4890 ἐγγραφῆναι
1812 4816 1909 4890 μά-

328 4920 432 4985 θοι,
455 4919 573 4973 ὃσοι
598 4933 656 4970 τε
687 4914 827 4987 μετὰ
845 4911 1019 4968 ταῦτα
1038 4911 1445 4984 ἐκδημήσουσιν
1468 4909 1913 4982 ἐγγραφήσεσθαι

332 5013 427 5067 καὶ
458 5009 677 5073 αὐτοὺς,
721 5006 853 5077 γόνυ
889 5005 967 5077 τῷ
1004 5004 1251 5076 κρυφίως
1284 5001 1535 5057 λαλοῦντι
1569 5002 1781 5070 κλίνας,
1815 5003 1914 5057 καὶ

331 5103 400 5159 τὰ
423 5101 612 5156 εἰκότα
639 5099 1063 5170 εὐχαριστήσας,
1086 5093 1226 5166 μετὰ
1252 5095 1379 5158 τοὺς
1407 5093 1665 5160 ἑωθινοὺς
1695 5093 1914 5166 ἐκείνης

334 5195 434 5265 τῆς
475 5193 670 5256 νυκτὸς
700 5191 926 5263 ὕμνους,
955 5184 1023 5262 ἧς
1046 5189 1229 5261 δῶρον
1256 5189 1289 5260 ή
1320 5187 1569 5258 παροῦσα
1611 5185 1768 5257 ὕψις,
1809 5184 1918 5241 ὕπὸ

335 5290 455 5352 ταῖς
480 5286 702 5340 πάντων
731 5285 922 5347 ἀκοαῖς
959 5282 1068 5353 (ἵνα
1097 5281 1193 5335 καὶ
1218 5282 1388 5334 πᾶσιν
1418 5279 1583 5334 οἱονεί
1611 5297 1665 5334 τι
1691 5279 1917 5349 κέντρον

336 5378 438 5446 τῆς
470 5376 565 5431 τοῦ
606 5375 840 5429 θανάτου
900 5373 1121 5444 μνήμης
1158 5372 1393 5444 ἐμϐάλῃ,
1435 5373 1529 5426 καὶ
1563 5367 1786 5434 τούτους
1826 5371 1918 5423 ἐπὶ

342 5468 505 5523 πλέον
562 5467 700 5538 πρὸς
756 5463 1077 5534 ὲτοιμασίαν
1136 5463 1236 5533 τῆς
1292 5461 1471 5528 ἐξόδου
1535 5461 1915 5532 διαναστήσῃ),

354 5557 594 5629 ’Δδελφὲ,
627 5555 783 5627 φησὶ,
823 5552 1098 5627 Ἰωάννης,
1132 5555 1323 5626 εἰρήνη
1372 5571 1475 5623 σοι,
1531 5552 1915 5624 μετακαλεῖται

2076 4185 2198 4241 lli.
2227 4181 2591 4249 Posteaquam
2623 4186 2756 4228 vero
2800 4168 2976 4225 eidem
3035 4161 3307 4233 discipulo
3353 4158 3465 4229 jam
3494 4156 3583 4210 in-

2005 4285 2179 4337 staret
2207 4287 2425 4345 tempus
2450 4264 2799 4341 migrationis
2825 4261 2909 4315 vel
2938 4254 3292 4314 resolutionis
3320 4264 3453 4313 suae,
3489 4260 3585 4303 aut

2007 4360 2193 4443 potius
2237 4337 2576 4423 evocationis
2608 4357 2677 4413 ad
2707 4351 3026 4411 desiderata
3049 4346 3267 4420 gaudia,
3296 4342 3465 4412 idque
3501 4337 3587 4394 di-

2012 4435 2218 4519 iinitus
2244 4455 2613 4530 signiﬁcatum
2642 4446 2980 4505 innotuisset
3019 4438 3311 4513 Symeoni;
3362 4435 3455 4490 hic
3489 4445 3588 4503 pro

2008 4558 2277 4610 consueta
2295 4521 2422 4604 eum
2451 4546 2564 4600 Deo
2592 4538 2790 4613 agendi
2817 4537 3075 4593 libertate
3103 4529 3344 4585 instabat
3374 4521 3592 4579 arcanis

2011 4642 2270 4717 precibus
2326 4647 2492 4710 atque
2537 4627 3059 4705 supplicationibus,
3125 4630 3187 4677 ut
3236 4618 3590 4677 edoceretur,

2012 4708 2201 4792 utrum
2231 4731 2378 4788 libro
2402 4708 2534 4785 sitat
2588 4723 2891 4793 inscriptus
2935 4718 3029 4773 ille
3072 4720 3238 4769 esset.
3283 4708 3421 4764 Cum
3459 4717 3595 4759 vero

2012 4825 2329 4889 didicisset,
2357 4835 2473 4878 non
2519 4817 2677 4874 illum
2718 4807 3083 4872 solummodo,
3136 4802 3233 4859 sed
3268 4808 3325 4855 et
3350 4796 3596 4889 reliquos

2016 4885 2438 4987 discipulorum,
2470 4910 2531 4966 in
2572 4908 2631 4964 id
2658 4920 2834 4976 usque
2865 4912 3083 4972 tempus
3112 4901 3481 4951 mortuorum,
3515 4885 3599 4939 in-

2017 4980 2255 5079 scriptos
2277 5018 2424 5070 esse,
2449 5008 2509 5058 et
2525 4990 2796 5071 quotquot
2816 4994 3079 5063 deinceps
3104 4980 3363 5043 morituri
3387 4985 3596 5035 essent,

2454 5065 2697 5166 genibus
2729 5087 2836 5145 sibi
2872 5086 2931 5143 in
2978 5076 3302 5140 abscondito
3350 5065 3601 5141 loquenti

2021 5191 2243 5266 positis;
2272 5186 2477 5259 gratias
2501 5182 2579 5248 ei,
2615 5189 2678 5237 ut
2696 5197 2796 5252 par
2818 5187 2960 5243 erat,
2980 5171 3241 5233 reddidit,
3274 5174 3440 5236 atque
3476 5169 3601 5231 post

2023 5254 2324 5341 matutinos
2346 5280 2581 5349 hymnos
2601 5273 2782 5329 noctis
2803 5271 2949 5326 illius
2967 5283 3074 5338 qua
3103 5259 3366 5335 praedicta
3387 5254 3617 5310 visione‘

2025 5372 2281 5442 dignatus
2304 5345 2507 5430 fuerat,
2535 5372 2597 5417 ut
2629 5360 2913 5417 stimulum
2960 5354 3220 5412 omnibus
3252 5348 3321 5405 ad
3357 5345 3607 5401 recolen-

2024 5463 2149 5519 dam
2180 5460 2375 5515 mortis
2405 5454 2728 5512 memoriam
2766 5450 3052 5516 subderet,
3080 5454 3138 5502 et
3185 5442 3251 5498 ad
3296 5450 3608 5511 praeparan-

2025 5552 2155 5606 dum
2202 5548 2505 5604 discessum
2549 5543 2848 5600 excitaret:
2871 5539 3082 5602 Frater,
3111 5531 3310 5602 inquit,
3345 5529 3608 5598 Joannes.

419 5760 527 5831 (50)
558 5759 827 5826 Bczeleel,
868 5760 1059 5814 electus
1087 5778 1118 5815 a
1154 5755 1259 5811 Deo
1282 5755 1350 5808 ad
1368 5753 1735 5826 fabricandum
1774 5751 1967 5810 Arcam
2011 5746 2330 5811 testamenti,
2372 5743 2622 5813 divinitus
2654 5737 2832 5808 infusa
2870 5733 3133 5805 sapientia
3165 5730 3218 5785 id
3242 5728 3517 5800 prwstitit;
3548 5720 3612 5773 d6

353 5848 451 5902 qua
480 5831 656 5888 Exod.
691 5846 828 5886 xxxv
868 5839 916 5888 et
953 5849 1094 5903 seqq.
