4018 6398
432 378 564 447 8091

509 676 629 730 ll?“
695 676 931 731 Deduxit
959 693 1021 732 ea
1083 694 1187 733 vox
1241 678 1294 733 in
1348 683 1597 751 agoniam
1657 685 2011 757 discipulum,

432 767 582 821 luctu
631 774 795 836 atque
837 767 1037 837 gaudio
1082 769 1537 828 alternantibus:
1582 776 1735 831 luctu
1784 780 2008 848 quidem

434 868 549 911 tum
579 857 649 911 ob
673 858 1144 913 denuntiationem
1175 863 1390 927 mortis,
1416 879 1567 920 mors
1595 868 1800 938 quippe
1823 872 2011 925 omnio

430 947 533 1003 bus
557 961 748 1003 natura
779 950 1069 1016 terribilis;
1107 960 1220 1006 tum
1250 954 1321 1008 ob
1343 955 1631 1010 decessum
1662 974 2005 1028 supremum,

428 1050 553 1109 post
578 1056 740 1109 quem
771 1042 921 1095 nulla
950 1043 1151 1097 iterum
1190 1044 1494 1101 decedendi
1543 1064 1670 1118 spes
1711 1061 1962 1120 superest
1991 1071 2003 1106 ι

428 1132 627 1201 gaudio
677 1149 808 1187 vero
854 1135 981 1202 quia
1017 1137 1302 1204 praisentis
1347 1139 1471 1192 vitae
1516 1143 1779 1196 aerumnis
1837 1144 2007 1211 liber,

427 1238 520 1277 eas
567 1233 1003 1280 commutaturus
1053 1236 1173 1281 erat
1231 1244 1355 1282 eum
1403 1232 1736 1300 exspectatis
1794 1235 2005 1302 pridem

428 1314 613 1374 bonis.
648 1326 705 1371 et
752 1317 1175 1373 retributionem
1234 1321 1485 1375 laborum
1522 1334 1866 1393 accepturus.
1904 1327 2011 1381 lta-

428 1424 535 1477 que
566 1410 920 1478 praeceptoris
955 1410 1062 1475 sui,
1100 1419 1159 1465 ut
1197 1413 1397 1481 potuit,
1455 1415 1654 1470 melota
1695 1416 2009 1472 circumda-

429 1515 537 1567 tas,
569 1521 743 1572 caque
767 1516 917 1561 arcte
952 1508 1306 1574 constrictus,
1346 1517 1397 1563 et
1434 1511 1668 1565 animam
1705 1514 1858 1567 velut
1886 1529 2009 1568 cor-

427 1609 558 1663 pore
589 1595 820 1648 solutam
855 1597 1308 1661 cireumvolutus,
1344 1601 1571 1655 omnino
1597 1602 1848 1667 credens,
1880 1603 2008 1659 inde

426 1702 485 1740 se
517 1697 808 1741 exeuntem
838 1688 895 1740 in
951 1689 1207 1743 tutiorem
1257 1691 1439 1746 locum
1472 1692 1575 1747 iter
1614 1695 1879 1764 arripere,
1939 1695 2009 1749 ad

426 1778 925 1847 peregrinationem
976 1780 1081 1833 sibi
1131 1781 1441 1837 obeundam
1495 1791 1607 1837 tota
1652 1793 1837 1839 mente
1884 1800 2009 1840 con-

422 1868 680 1932 vertitur,
710 1870 1002 1939 omniaque
1028 1886 1094 1924 eo
1126 1871 1402 1940 disponit;
1439 1873 1602 1927 modo
1653 1874 1878 1943 quidem
1926 1879 2011 1928 in-

424 1957 622 2026 quiens
658 1976 671 2012 :
705 1958 888 2025 Pater,
928 1962 981 2013 in
1041 1978 1229 2015 manus
1261 1973 1381 2016 mas
1418 1965 1720 2017 commendo
1766 1966 2008 2036 spiritum

426 2064 598 2102 meum
623 2051 702 2115 υς
741 2051 923 2115 modo,
971 2049 1201 2120 Spiritus
1242 2060 1361 2107 tuus
1399 2054 1562 2107 bonus
1597 2054 1811 2108 deducet
1843 2073 1923 2109 me
1956 2058 2009 2110 in

431 2146 631 2191 terram
665 2150 863 2193 rectam
887 2143 975 2196 ³⁸⁸.
1003 2144 1180 2212 Atque
1208 2143 1366 2199 istius
1401 2146 1545 2199 modi
1581 2146 2010 2214 precaliunculis

427 2229 728 2300 indulgens
773 2232 964 2293 biduo,
1019 2235 1220 2288 sensim
1272 2236 1422 2289 velut
1482 2235 1634 2290 suavi
1698 2237 2011 2291 concedens

430 2338 651 2388 somno,
680 2326 928 2394 corporis
951 2326 1182 2381 vinculis
1200 2336 1364 2396 atque
1385 2342 1608 2381 carcere
1635 2326 1918 2393 eximitur,
1940 2328 2009 2381 ad

425 2428 703 2486 speratam
729 2419 1067 2482 libertatem,
1124 2430 1181 2475 et
1230 2431 1434 2476 sanctae
1487 2421 1815 2477 obedienlire
1869 2440 2009 2494 prae-

426 2507 620 2571 mium,
673 2524 739 2563 ac
804 2510 1089 2580 pulchram
1155 2513 1580 2569 retributionem
1645 2516 2005 2571 transiturus.

436 2601 617 2670 Atque
691 2602 794 2656 hoc
849 2604 1071 2672 quidem
1130 2613 1328 2674 praeter
1392 2608 1497 2661 alia
1556 2609 1727 2664 multa
1796 2618 2008 2664 certum

426 2704 590 2764 atque
645 2696 876 2750 evidens
925 2696 1303 2751 testimonium
1380 2698 1485 2762 sit,
1554 2708 1661 2752 tam
1714 2712 2007 2770 perspecta

427 2785 686 2856 Symeoni
714 2787 883 2843 fuisse
904 2788 1294 2858 futura,quam
1345 2793 1632 2859 pnesentia
1670 2810 1683 2845 :
1720 2809 1844 2861 qua:
1876 2809 2007 2848 vero

426 2889 734 2949 sequuntur
760 2896 948 2950 parem
975 2881 1179 2935 habent
1212 2881 1267 2935 id
1297 2885 1691 2952 comprobandi
1740 2888 1869 2943 vim.

499 2991 620 3044 115.
675 2988 962 3047 Fratribus
1000 2992 1341 3062 imposituris
1385 3004 1547 3064 atque
1594 3009 2009 3068 coagmentatu-

435 3081 512 3136 ris
538 3084 888 3152 praegrandcs
919 3084 1064 3137 inter
1096 3100 1153 3139 se
1195 3085 1427 3154 lapides,
1458 3087 1663 3156 quibus
1722 3090 1775 3143 in
1834 3092 2006 3145 altum

1621 404 1683 467 S.
1722 409 2100 474 SYMEONIS
2129 416 2493 484 JUNIOllIS

431 510 534 567 pax
567 496 702 563 tibi;
736 494 969 553 accersit
1004 506 1056 554 te
1098 504 1406 558 communis
1447 504 1560 559 Rex
1621 522 1684 562 ac
1725 510 2012 567 Dominus.
2050 524 2087 579 Α
2122 536 2181 573 σε
2209 521 2345 592 πρὸς

3557 442 3709 510 3092

2379 524 2574 579 ἑαυτὸν
2600 527 2629 580 ό
2655 528 2836 594 κοινὸς
2865 531 3124 589 ἁπάντων
3160 536 3441 615 Δεσπότης
3465 548 3556 600 καὶ
3589 551 3711 605 lla-

2118 609 2321 673 σιλεύς.
3395 609 3406 615 ’
3498 648 3501 653 .

2193 701 2315 800 ριβ’.
2375 703 2636 800 ἈᾑγωνίαΑ
2670 710 2958 800 τοιγαροῦν
2994 714 3261 785 λαμϐάνει
3296 718 3388 775 τδν
3423 725 3701 800 μαθητὴν,

2117 792 2301 845 πένθει
2355 796 2447 847 καὶ
2497 798 2641 868 χαρᾷ
2699 799 3025 871 σύμμικτος,
3060 806 3121 859 τὸ
3165 810 3263 877 μὲν
3294 792 3434 881 πρὸξ
3459 792 3567 886 ’τὴν⁷

2122 884 2378 956 τελευτῆς
2409 888 2691 955 ἀγγελίαν,
2731 893 2811 945 ὅτι
2848 893 3008 962 φύσει
3045 900 3175 953 πᾶσι
3214 904 3446 973 φοϐερὸν
3484 884 3707 978 ἀνθρῶ-

2115 978 2291 1038 τιοιςό
2348 979 2596 1042 θάνατος,
2636 985 2729 1035 καὶ
2776 984 2874 1055 τὴν
2931 989 3163 1061 ἐσχάτην
3213 995 3544 1066 ἀποδημίαν,
3576 1003 3703 1069 μεθ’

2114 1071 2180 1138 ἠν
2210 1069 2434 1137 οὐδεμία
2481 1074 2642 1126 πάλιν
2692 1076 2845 1139 ἐλπὶς
2901 1078 3210 1148 ἀναλύσεως
3245 1103 3265 1116 σ
3316 1088 3377 1141 τὸ
3427 1089 3502 1156 δὲ,
3560 1080 3705 1163 πρὸς

2118 1162 2220 1230 τὴν
2259 1162 2368 1212 τῶν
2431 1166 2712 1235 παρόντων
2771 1169 3095 1243 ἀπαλλαγὴν
3124 1175 3424 1248 δυσχερῶν,
3457 1184 3550 1235 καὶ
3597 1162 3705 1248 τὰς

2117 1251 2580 1324 προσδοκωμένας
2614 1257 2848 1326 ἀμοιϐὰς
2871 1300 2884 1321 ,
2916 1263 3009 1315 καὶ
3039 1265 3137 1334 τὴν
3161 1267 3270 1321 τῶν
3330 1268 3508 1327 πόνων
3538 1275 3702 1327 ’ἀντία

2113 1344 2277 1399 δοσιν.
2335 1344 2412 1417 Τῇ
2467 1348 2560 1400 τοῦ
2612 1350 2934 1406 διδασκάλου
2982 1358 3162 1411 τοίνυν
3218 1362 3293 1426 ὠς
3336 1360 3481 1435 εἶχεν
3531 1368 3703 1432 εὐθὺς

2117 1438 2434 1507 περιχυθεὶς
2492 1439 2738 1512 μηλωτῇ,
2781 1443 2918 1508 ὅλως
2970 1462 3029 1501 τε
3087 1452 3263 1524 τούτῳ
3296 1454 3564 1528 προσφὺς,
3595 1462 3701 1513 καὶ

2114 1523 2203 1579 οἷα
2251 1531 2431 1620 γυμνῇ
2495 1532 2966 1603 περιπωξάμενος
3026 1541 3090 1610 τῇ
3151 1523 3598 1620 ψυχῇ.καθᾶπερ
3644 1570 3700 1605 τι

2117 1618 2390 1712 πέστεόων
2447 1621 2656 1688 ἑφόδιον
2700 1623 2915 1682 ἐκεῖθεν
2966 1627 3156 1685 λαϐεῖν
3208 1633 3240 1706 ἢ
3300 1618 3696 1712 φυλακτήριον,

2118 1703 2237 1761 εἶτα
2286 1710 2422 1779 πρὸς
2474 1712 2573 1783 τὴν
2617 1715 2886 1786 ἐκδημίαν
2912 1719 3032 1774 ὅλον
3056 1703 3245 1779 ἑαυτὸν
3290 1703 3566 1795 συντείνας
3600 1703 3703 1787 καλ

2118 1802 2426 1866 ἀπευθύνας
2455 1819 2470 1835 ⁸
2519 1805 2613 1859 καὶ
2667 1806 2760 1860 νῦν
2803 1811 2920 1879 μὲν,
2964 1813 3175 1882 Πάτερ,
3196 1821 3295 1885 ,είς
3335 1821 3537 1889 χεῖράς
3575 1839 3702 1879 σου

2045 1880 2084 1935 Β
2114 1900 2471 1965 παρατίθημι
2524 1900 2590 1953 τὸ
2652 1904 2888 1973 πνεῦμά
2930 1923 3072 1974 μου,
3114 1880 3468 1979 -λέγωνί-νέν
3497 1880 3590 1979 δὲ,
3619 1919 3701 1971 Τὸ

2114 1988 2331 2057 πνεῦμά
2393 2006 2487 2042 σου
2544 1992 2606 2045 τὸ
2658 1994 2864 2062 ἀγαθὸν
2893 1998 3156 2069 ὁδηγήσει
3194 2020 3261 2071 με
3294 2005 3350 2057 ἐν
3373 2009 3444 2077 γῇ
3483 2008 3697 2080 εὒθείᾳν

2122 2080 2215 2131 ἐπὶ
2252 2080 2518 2145 τοιούτοις
2547 2084 2716 2153 εὐχῆς
2746 2087 2953 2158 ῥήμασι
2986 2093 3123 2161 μετὰ
3151 2093 3408 2165 δευτέραν
3450 2099 3701 2168 ἡμέραν,

2111 2172 2298 2245 ὥσπερ
2353 2175 2475 2228 τινὰ
2532 2177 2736 2245 γλυκὺν
2792 2181 2977 2251 ἡρέμα
3035 2188 3318 2255 κοιμηθεὶς
3360 2189 3546 2254 ὕπνον,
3581 2194 3699 2246 τῶν

2110 2268 2205 2319 τοῦ
2248 2267 2501 2338 σώματος
2556 2271 2774 2339 δεσμῶν
2826 2274 2921 2326 καὶ
2949 2276 3048 2344 τῆς
3076 2279 3319 2349 φυλακῆς
3369 2282 3694 2351 ἀπολύεται,

2112 2359 2207 2411 καὶ
2240 2362 2374 2430 πρὸς
2403 2362 2502 2432 τὴν
2536 2363 2748 2415 ἐκεῖθεν
2775 2365 3093 2434 μεταϐαίνει
3125 2369 3464 2443 ἐλευθερίαν,
3501 2375 3596 2427 καὶ
3621 2375 3697 2430 τὰ

2112 2448 2339 2522 λαμπρὰ
2370 2452 2471 2521 τῆς
2501 2456 2778 2523 μακαρίας
2811 2457 3093 2527 ὑποταγῆς
3124 2457 3261 2515 ἆθλα
3286 2465 3379 2517 καὶ
3417 2467 3483 2520 τὰ
3514 2466 3690 2539 κάλλη

2110 2542 2219 2597 τῶν
2275 2545 2621 2600 ἀντιδόσεων.
2667 2547 2839 2600 Τοῦτο
2896 2550 3101 2623 μὲνδὴ
3150 2555 3376 2619 τοιοῦτο,
3407 2560 3498 2610 καὶ
3545 2557 3694 2614 οὕτω

2114 2633 2282 2701 σαφὲς
2325 2637 2462 2704 μετά
2511 2637 2725 2691 πολλῶν
2767 2640 2863 2693 καὶ
2914 2640 3087 2696 ἄλλων
3121 2649 3439 2715 μαρτύριον,
3487 2647 3581 2701 τοῦ
3622 2650 3693 2704 τὰ

2115 2725 2379 2790 μέλλοντα
2448 2726 2545 2780 τὸν
2602 2729 2826 2799 Συμεὼν
2867 2731 3051 2803 διορᾷν
3107 2734 3181 2797 ὡς
3218 2737 3460 2806 παρόντα
3489 2756 3502 2768 ·
3544 2739 3617 2795 τὰ
3643 2740 3695 2795 δ’

2111 2817 2240 2885 ἑξῆς
2302 2819 2505 2888 ὁμοίως
2564 2820 2777 2891 ἔχοντα,
2813 2822 2905 2876 καὶ
2939 2825 3218 2891 αὑτά,κα“ι
3268 2829 3369 2897 τῆς
3428 2831 3549 2898 ῐσης
3610 2830 3693 2901 τῷ

2111 2911 2442 2981 προλαϐόντι
2476 2915 2609 2968 δυνά
2617 2933 2782 2987 μεως.

2185 3010 2309 3072 ριγ¹.
2341 3004 2608 3059 Μέλλουσι
2658 3012 2770 3072 τοῖς
2829 3009 3079 3078 ἀδελφοῖς
3130 3011 3430 3066 ἐπιτιθέναι
3486 3031 3544 3066 τε
3590 3014 3693 3068 καὶ

2112 3097 2510 3166 συναρμόττειν
2573 3099 2822 3169 ἀλλήλοις
2880 3105 2947 3157 τὰ
2998 3104 3106 3159 τῶν
3159 3105 3323 3158 λίθων
3360 3105 3688 3176 μεγέθη,δι’

426 3174 560 3243 erigi
595 3175 847 3228 columna
882 3175 1138 3239 debebat,
1187 3192 1297 3230 non
1338 3178 1564 3232 minima
1603 3195 1735 3233 cura
1786 3191 1907 3236 erat
1938 3184 2005 3238 de

2114 3180 2182 3241 ὧν
2212 3188 2242 3239 ό
2285 3189 2475 3253 στύλος
2506 3192 2586 3254 εἰς
2632 3193 2767 3262 ὕψος
2799 3196 3109 3266 ἐγείρεσθαι
3163 3174 3407 3266 ἔμελλεν,
3438 3198 3587 3260 ὅπως
3623 3200 3691 3252 ἄν

426 3266 733 3331 machinis,
782 3267 985 3337 quibus
1042 3268 1225 3323 adhuc
1282 3269 1548 3323 utendum
1613 3280 1823 3327 esset:
1879 3290 2006 3329 eum

432 3356 669 3429 Symeon
696 3358 846 3411 omni
878 3359 1120 3412 animum
1149 3359 1522 3421 sollicitudine
1568 3361 1790 3416 liberari
1813 3364 2005 3433 jubet;

428 3458 594 3517 atque
648 3449 925 3503 ait:Vidi
966 3449 1018 3503 in
1074 3449 1273 3519 spiritu
1331 3449 1497 3505 hodie
1554 3450 1704 3505 circa
1767 3453 2010 3511 ﬂuminis

428 3539 637 3592 ostium
669 3539 721 3594 in
760 3541 897 3593 mari
926 3541 1106 3594 virum
1143 3541 1315 3595 forma
1364 3541 1626 3611 cultuque
1678 3547 2003 3613 agrestiore,

426 3628 659 3685 sindone
688 3644 755 3686 ex
789 3632 1024 3686 humero
1052 3631 1311 3702 pendula,
1365 3632 1457 3703 qui
1508 3635 1751 3688 accurrit
1791 3636 1855 3690 ad
1898 3652 2004 3703 me,

428 3725 733 3796 deprecans
759 3736 820 3781 ut
857 3728 999 3782 malo
1031 3728 1299 3790 memorre,
1348 3742 1379 3781 a
1409 3743 1518 3797 quo
1549 3729 1607 3782 in
1647 3727 1858 3783 balneis
1904 3732 2009 3785 mi~

427 3822 549 3870 εει-ο
587 3820 765 3872 tortus
801 3818 1002 3882 fuerat,
1029 3818 1409 3885 liberaretur;
1471 3819 1633 3874 simul
1684 3837 1906 3893 regans,
1945 3832 2006 3879 ut

425 3900 659 3977 lignum,
695 3909 748 3963 in
792 3925 951 3963 nsum
981 3920 1302 3979 praesentem
1348 3911 1822 3981 percommodum,
1875 3928 1905 3967 a
1945 3928 2004 3967 se

426 4001 914 4069 acciperem‘.llaec
964 4002 1057 4057 ille
1111 4003 1397 4073 discipulis
1458 4021 1619 4060 mane
1673 4006 1840 4070 dixit;
1884 4014 2009 4075 post

426 4092 596 4162 paulo
624 4108 753 4147 vero
783 4093 850 4148 ad
876 4109 1033 4162 opus,
1065 4094 1210 4163 quod
1240 4112 1349 4165 prae
1400 4098 1656 4152 manibus
1702 4097 2005 4161 habebant,

425 4185 671 4239 nondum
704 4199 759 4240 se
790 4188 1209 4257 accingent‘ibus
1240 4188 1522 4255 fratribus,
1544 4191 1656 4244 imo
1680 4205 1750 4243 ne
1780 4189 2010 4243 dimisso

427 4277 651 4345 quidem
703 4288 1004 4343 conventu,
1072 4281 1169 4334 sed
1244 4282 1504 4335 omnibus
1558 4282 1741 4334 adhuc
1796 4279 2007 4334 circum

428 4377 683 4422 sanctum
711 4369 1054 4434 astantibus;
1080 4370 1339 4426 adventat
1360 4372 1445 4425 vir
1480 4371 1594 4433 ille,
1624 4369 1772 4438 quod
1798 4369 2007 4437 dictum

427 4471 512 4516 est
538 4462 775 4532 signum,
813 4462 1101 4517 sindonem
1133 4479 1329 4532 nempe
1366 4476 1533 4531 super
1559 4462 1852 4515 humerum
1910 4462 2009 4515 ha-

2109 3299 2258 3348 τινος
2288 3285 2425 3355 πρὸς
2456 3285 2613 3338 τοῦτο
2646 3289 2893 3358 μηχανῆς
2933 3290 3318 3361 εὐπορήσειαν,
3347 3293 3447 3344 οὐκ
3500 3292 3690 3362 ἐλαχί-

2113 3393 2212 3447 στη
2277 3377 2500 3448 φροντὶς
2526 3373 2627 3447 ἦν·
2656 3380 2684 3431 ό
2718 3379 2773 3432 δὲ
2822 3380 3004 3450 πάσης
3048 3382 3142 3434 ἐπὶ
3191 3381 3364 3452 τούτῳ
3416 3382 3690 3452 μερίμνης

2109 3468 2362 3521 ἐκέλευεν
2390 3469 2575 3532 αὐτοῖς
2621 3470 2721 3533 τὰς
2749 3470 2929 3541 ψυχὰς
2987 3473 3261 3527 ἀπολύειν.
3306 3473 3523 3545 Ἐὠρων
3554 3477 3689 3544 γὰρ,

2111 3561 2271 3631 φησι,
2301 3561 2378 3630 τῷ
2414 3561 2684 3632 πνεύματι
2714 3563 2961 3634 σήμερον
2984 3564 3174 3633 ἄνδρα,
3210 3566 3337 3635 περὶ
3385 3566 3486 3629 τὰς
3540 3566 3689 3620 κατὰ

2110 3651 2382 3706 θάλατταν
2438 3652 2533 3704 τοῦ
2584 3654 2831 3723 ποταμοῦ
2894 3654 3141 3717 εἰσϐολὰς
3174 3696 3188 3717 ,
3248 3656 3409 3726 ἐῴκει
3465 3656 3521 3708 δὲ
3577 3657 3691 3709 τῶν

2111 3742 2519 3813 ἀγροικοτέρων
2549 3739 2711 3810 εἶναι,
2749 3745 2959 3798 σινδόνα
2992 3762 3050 3798 τε
3082 3742 3194 3815 εἶχε
3228 3747 3366 3799 κατὰ
3389 3748 3479 3799 τὸν
3509 3741 3686 3815 ὦμον,

2110 3835 2206 3888 καὶ
2237 3837 2266 3886 ὁ
2315 3834 2453 3903 ἀνὴρ
2487 3835 2718 3906 προσῄει
2746 3852 2857 3904 μοι,
2907 3836 3154 3905 δαίμονος
3205 3838 3694 3909 καταρρηγνύντος

2111 3927 2171 3978 ὲν
2232 3925 2535 3995 βαλανείοις
2595 3929 2779 3992 αὑτὸν,
2814 3927 3194 3997 ἀπαλλαγῆναι.
3233 3930 3504 3999 δεόμενος,
3532 3930 3691 3993 ξύλον

2111 4034 2194 4082 τε,
2228 4017 2363 4087 πρὸς
2388 4018 2485 4089 τὴν
2517 4018 2799 4089 παροῦσαν
2825 4020 3015 4088 χρείαν
3048 4017 3108 4072 εὖ
3153 4019 3299 4089 ἔχον,
3326 4019 3584 4085 δέξασθαί
3623 4038 3691 4090 με

2112 4109 2242 4179 παρ’
2278 4108 2441 4162 αὑτοῦ
2477 4110 2663 4176 ἀξιῶν.
2705 4109 2894 4164 Ταῦτα
2922 4112 2949 4163 ὁ
3002 4110 3098 4180 μὲν
3128 4109 3325 4181 ὄρθρου
3356 4113 3469 4173 τοῖς
3511 4111 3693 4181 μαθηο

2111 4202 2230 4262 ταῖς
2259 4202 2477 4271 εἰρήκει
2503 4216 2515 4231 ο
2552 4202 2690 4270 μετά
2722 4201 2895 4272 βραχὺ
2926 4202 2981 4254 δὲ
3011 4200 3154 4255 οὕτω
3179 4202 3277 4272 τὴν
3318 4201 3536 4267 σύναξιν
3575 4203 3695 4255 δια-

2111 4292 2424 4363 λυσαμένων
2455 4294 2654 4357 αὐτῶν,
2691 4294 2809 4346 οὐδὲ
2835 4293 2969 4364 πρὸς
2998 4294 3067 4347 τὰ
3113 4295 3169 4347 ὲν
3218 4295 3371 4365 χερσὶ⁹
3412 4295 3696 4365 τραπομέ-

2112 4401 2237 4447 νων,
2270 4385 2383 4438 ἀλλ’
2413 4386 2493 4437 ἔτι
2519 4386 2645 4455 περὶ
2680 4386 2843 4437 αὐτὸν
2898 4386 3202 4456 ἱσταμένων
3249 4389 3560 4454 ἀφικνεῖται
3595 4386 3693 4439 καὶ

2110 4479 2137 4530 ὁ
2162 4477 2320 4547 ἀνὴρ,
2358 4477 2418 4529 τὸ
2454 4480 2678 4546 σημεῖον
2709 4477 2803 4528 ἐπὶ
2850 4475 2945 4530 τοῦ
2988 4476 3137 4546 ὤμου
3178 4477 3276 4546 τὴν
3326 4477 3541 4530 σινδόνα
3588 4477 3693 4546 φέ-

427 4550 599 4619 hens;
634 4555 769 4623 petit
804 4555 1003 4623 expelli
1055 4572 1084 4609 a
1140 4570 1197 4608 se
1233 4554 1524 4607 molestum
1577 4552 1905 4617 diemonem,
1949 4554 2002 4608 in

2118 4584 2224 4639 ρων
2256 4584 2269 4596 ·
2311 4568 2372 4631 ὃς
2435 4567 2755 4635 ἀπαλλαγῆς
2809 4583 2869 4620 τε
2927 4566 3167 4637 χαλεποῦ
3215 4568 3469 4637 δαίμονος
3515 4583 3693 4619 κατα-

428 4638 640 4699 balneis
669 4659 789 4700 sese
823 4646 1059 4716 dejicere
1086 4647 1348 4710 solitum;
1382 4655 1545 4713 atque
1574 4660 1683 4698 una
1733 4653 1906 4714 rogat,
1948 4655 2006 4699 ut

428 4738 575 4806 quod
605 4753 793 4791 secum
826 4738 1104 4792 detulerat
1131 4738 1364 4806 lignum,
1399 4750 1595 4806 capere
1650 4736 1886 4807 Symeon
1940 4755 2008 4792 ne

428 4828 794 4898 dedignetur:
842 4828 1078 4896 perinde
1110 4816 1173 4883 ac
1213 4828 1263 4881 si
1307 4836 1603 4896 utrumque
1655 4826 2003 4892 beneﬁcium,

432 4928 486 4976 et
518 4936 548 4973 a
577 4920 825 4975 daemone
859 4919 1265 4973 immunitatem
1298 4918 1402 4972 sibi
1438 4918 1706 4989 praestari,
1750 4927 1805 4971 et
1834 4919 2003 4973 oblati

430 5012 680 5065 muneris
703 5012 983 5081 repulsam
1001 5024 1111 5062 non
1144 5009 1311 5073 ferre,
1343 5010 1460 5079 pari
1491 5010 1544 5063 in
1578 5011 1700 5065 loco
1730 5027 2005 5081 reponen-

430 5102 561 5155 dum
592 5110 865 5158 eenseret.
897 5100 1133 5156 Sanctus
1184 5101 1369 5172 itaque
1399 5102 1737 5156 daemoniaco
1784 5103 2005 5171 signum

432 5195 637 5259 crucis,
666 5193 938 5249 orationis
988 5192 1194 5246 virtute
1245 5186 1529 5248 suﬁ‘ultum
1576 5193 1894 5263 impressit;
1942 5209 2007 5249 ac

433 5284 673 5355 maligno
694 5282 915 5353 Spiritui
969 5282 1023 5335 in
1082 5284 1302 5339 nomine
1348 5285 1563 5339 Domini
1606 5301 1670 5339 ac
1701 5286 2004 5341 Salvatoris

431 5376 610 5428 nostri
642 5374 923 5443 praecepit,
959 5381 1018 5427 ut
1049 5373 1173 5430 inde
1197 5374 1494 5430 facesseret
1531 5395 1542 5429 :
1600 5391 1709 5445 quo
1739 5375 2003 5430 continuo

435 5463 823 5526 exterminato,
860 5464 1115 5532 praesenti
1162 5466 1477 5521 necessitati
1532 5466 1755 5529 cedens,
1794 5464 2002 5536 lignum

436 5555 493 5608 in
528 5555 924 5610 monasterium
949 5558 1157 5627 portari
1175 5560 1363 5629 jussit.

508 5646 632 5702 114.
679 5645 937 5719 Exigente
986 5650 1182 5705 iterum
1228 5667 1331 5706 usu
1388 5651 1536 5706 aliud
1585 5651 1784 5707 similis
1824 5651 2009 5709 forum

514 5818 556 5855 ¹⁹
582 5825 711 5881 Luc.
761 5845 903 5895 χχιιι,
942 5831 1030 5886 l6.
1109 5833 1174 5863 '9‘
1200 5826 1338 5883 Psa'.
1369 5840 1530 5895 cxmt,
1570 5831 1648 5888 10.

2109 4658 2396 4722 ϐάλλοντος
2432 4662 2489 4711 ὲν
2522 4659 2826 4728 βαλανείοις
2851 4660 3012 4712 αὐτὸν
3043 4660 3213 4712 ἐδεῖτο
3242 4662 3456 4729 τυχεῖν,
3496 4662 3591 4713 καὶ
3625 4659 3689 4711 τὸ

2118 4752 2322 4821 προσὸν
2345 4752 2540 4822 ἐκείνῳ
2575 4752 2731 4818 ξύλον
2755 4751 3009 4817 δέξασθαι
3042 4752 3192 4822 ἠξίου
3222 4753 3313 4805 τὸν
3342 4754 3589 4823 Συμεὼν,
3615 4753 3694 4817 ὡς

2118 4847 2175 4897 ὲν
2207 4845 2307 4915 ἴσῳ
2338 4846 2432 4896 καὶ
2458 4846 2555 4914 τῆς
2577 4844 2669 4896 τοῦ
2696 4844 2953 4914 δαίμονος
2986 4844 3302 4914 ἀπαλλαγῆς
3330 4844 3690 4913 πεποιῆσθαι,

2112 4940 2205 4993 καὶ
2237 4940 2296 4991 τὸ
2332 4939 2407 5009 μὴ
2429 4939 2531 5007 τῆς
2563 4935 2841 5002 ἀξιώσεως
2885 4937 3088 5007 ταύτης
3132 4938 3474 5008 διαμαρτεῖν,
3507 4955 3693 5007 παρα-

2113 5029 2346 5101 πλησίαν
2372 5028 2563 5098 ὥσπερ
2588 5029 2872 5097 ἀμφότερα
2897 5027 3181 5097 τιθέμενος
3201 5028 3383 5098 χάριν.
3410 5026 3694 5096 Σφραγῖδα

2110 5120 2191 5191 τῷ
2223 5119 2483 5188 πάσχοντι
2513 5119 2690 5170 τοίνυν
2725 5118 2855 5187 εὐχῇ
2886 5117 3296 5188 δυναμουμὲνην
3322 5115 3596 5169 ἐπιϐαλὼν
3615 5116 3693 5185 τῷ

2112 5230 2171 5266 τε
2208 5210 2428 5281 πονηρῷ
2480 5209 2752 5279 πνεύματι
2809 5212 2871 5263 ὲν
2919 5209 3145 5279 ὀνόματι
3197 5208 3292 5261 τοῦ
3350 5207 3560 5277 Κυρίου
3596 5207 3691 5260 καὶ

2113 5307 2365 5377 Σωτῆρος
2395 5307 2749 5376 ἐπιτιμήσας,
2777 5305 2836 5357 τὸ
2866 5304 2964 5375 μὲν
3010 5305 3177 5368 εὐθὺς
3223 5301 3541 5364 ἀπελαύνει,
3570 5301 3691 5353 πεί-

2110 5401 2261 5455 θεται
2296 5400 2351 5453 δὲ
2393 5392 2470 5471 τῷ
2503 5399 2791 5468 ἀναγκαίῳ
2820 5398 2920 5466 τῆς
2960 5397 3171 5468 χρείας,
3200 5396 3296 5449 καὶ
3334 5397 3413 5460 είς
3454 5398 3554 5466 τὴν
3594 5407 3694 5464 μο-

2109 5495 2206 5566 νὴν
2236 5493 2298 5546 τὸ
2327 5492 2480 5558 ξύλον
2514 5489 2927 5562 ἀνακομίζεται.

2191 5649 2307 5725 ριδ’.
2345 5649 2560 5721 Ἐτέρου
2587 5647 2747 5705 πάλιν
2776 5646 2977 5720 ὁμοίως
3003 5645 3215 5719 ἔχοντος
3247 5644 3402 5711 ξύλου
3433 5641 3692 5715 δεομένης
