4018 6400
261 389 414 452 3093

1287 385 1459 444 VITA
1493 385 1539 444 Α
1580 352 2015 443 Nicaprioao
2052 384 2536 450 CONSCRIPTA.

3390 366 3527 427 3312.1

260 513 369 567 sn;
404 497 616 569 χρείας,
652 494 943 567 προλαϐὼν
974 494 1041 548 τὰ
1070 493 1175 547 τῶν
1208 492 1466 564 μαθητῶν
1497 492 1701 554 ἐκεῖνος
1728 490 1855 561 περὶ
1884 525 1898 549 ι

2000 508 2188 562 gnum,
2224 500 2561 561 praevertcns
2606 484 2859 541 sollicitis
2910 482 3014 535 hac
3058 493 3225 547 super
3269 492 3327 531 re
3370 455 3532 528 disci-

261 595 468 646 τούτου
494 589 783 659 φροντίδας
806 591 871 659 τῇ
896 586 989 639 τοῦ
1019 587 1302 657 μέλλοντος
1326 583 1612 657 πόρρωθεν
1642 582 1859 652 ἀψευδεί

268 682 605 754 καταλήψει,
649 680 779 733 Ἰδοὺ
818 682 977 750 φοιτᾷ
1010 680 1171 732 πάλιν
1218 678 1356 749 ἀνὴρ
1389 678 1596 748 ἕτερος,
1625 674 1751 744 ἔφη,
1784 677 1860 728 0t-

271 775 428 828 κεϊον
458 775 524 842 τῇ
556 772 892 843 προκειμένῃ
923 770 1080 841 χρείᾳ¹
1108 768 1261 834 ξύλον
1296 770 1353 821 ἐν
1378 768 1454 837 τῷ
1487 765 1579 820 τοῦ
1614 764 1859 835 ποταμοῦ

275 864 515 931 στόματί
548 863 709 933 ἔχων,
750 862 843 916 καὶ
881 861 1039 914 τοῦτο
1083 860 1262 913 λαϐεῖν
1302 860 1452 930 ἡμᾶς
1482 857 1644 923 ἀξιῶν
1669 874 1681 887 ·
1730 856 1757 907 6
1802 857 1859 909 δὲ

277 956 422 1020 ποῦς
450 957 551 1010 οὐκ
587 956 795 1025 ὀλίγαις
838 954 913 1025 τῷ
948 954 1099 1024 ἀνδρὶ
1138 952 1461 1022 βαλλόμενος
1487 950 1719 1013 ὀδύναις,
1742 949 1861 1002 οὐδὲ

276 1052 486 1106 ἄπονον
515 1048 663 1119 αὐτῷ
701 1048 800 1116 τὴν
841 1046 1067 1119 πορείαν
1098 1045 1375 1115 παρέχων.
1409 1043 1594 1096 Ταῦτα
1625 1040 1759 1112 ὁμοῦ
1802 1057 1862 1094 τε

279 1141 476 1215 ενρητο
509 1142 644 1213 πρὸς
674 1141 893 1205 αὐτοὺς,
929 1140 1022 1191 καὶ
1046 1137 1181 1208 ὁμοῦ
1218 1134 1582 1207 παρεστηκὼς
1616 1130 1683 1204 ἦν
1718 1133 1863 1185 ὲκεί-

281 1252 398 1297 νος,
423 1233 698 1303 δεόμενος,
731 1233 859 1299 γόνυ
885 1231 1102 1295 κλίνων,
1129 1231 1225 1288 τὰς
1249 1228 1402 1298 ὄψεις
1435 1227 1656 1298 ἐρείδων
1673 1228 1737 1297 τῇ
1770 1227 1863 1295 γῇ,

283 1326 474 1379 πάντα
513 1325 683 1377 ποιῶν
726 1324 818 1377 τόν
847 1341 905 1377 τε
940 1323 1073 1376 πόδα
1098 1322 1206 1376 τῶν
1231 1320 1431 1375 ὀδυνῶν
1462 1318 1742 1386 ἀνεθῆναι,
1774 1318 1868 1370 καὶ

283 1419 427 1488 ὅπερ
461 1417 600 1487 ἔχων
626 1415 891 1487 ἐτύγχανε
920 1415 1076 1482 ξύλον
1103 1415 1179 1485 τῷ
1202 1414 1342 1484 ἁγίῳ
1380 1412 1658 1484 δεχθῆναι,
1682 1411 1866 1479 δέησιν

286 1512 530 1583 ἑκάτερα
581 1509 903 1579 ποιούμενος
953 1509 1096 1580 ἴσην.
1140 1510 1197 1562 Ὀ
1227 1509 1283 1563 δὲ
1319 1509 1416 1578 τὴν
1455 1506 1645 1577 βαῒνην
1674 1506 1868 1578 ῥάϐδον

284 1601 492 1665 λαϐὼν,
531 1602 681 1655 παίει
704 1603 795 1655 τὸν
822 1601 1082 1656 νοσοῦντα
1105 1601 1262 1663 πόδα,
1292 1601 1385 1654 καὶ
1408 1601 1441 1670 ἡ
1468 1599 1650 1669 πληγὴ
1687 1616 1868 1669 παρα-

284 1691 456 1757 δόξως
490 1692 646 1760 ὑγεία
680 1690 757 1762 τῷ
783 1692 1044 1761 κάμνοντι
1077 1691 1309 1764 γίνεται,
1344 1689 1405 1743 τό
1435 1706 1495 1742 τε
1539 1688 1694 1754 ξύλον
1733 1690 1870 1742 ἀνα-

288 1783 580 1854 κομίζεται
630 1784 723 1837 καὶ
770 1784 923 1847 αὐτὸ,
953 1783 1193 1848 εἴξαντος
1236 1784 1444 1837 ἐκείνου
1485 1780 1760 1836 κάνταῦθα
1792 1778 1870 1850 τῷ

286 1874 393 1944 τῆς
420 1875 610 1945 χρείας
636 1876 1024 1946 ἀπαραιτήτῳ,
1059 1876 1153 1929 καὶ
1187 1876 1214 1927 6
1248 1874 1437 1940 στύλος
1478 1876 1556 1937 εἰς
1585 1873 1721 1946 ὅπερ
1744 1872 1873 1945 ὁρᾶ·

287 1983 384 2022 ται
416 1966 515 2019 νῦν
541 1964 759 2037 αἴρεται
790 1965 941 2036 ὕψος.

370 2146 491 2219 ριε’.
523 2148 710 2222 Ταύτῃ
745 2147 1039 2219 τοιγαροῦν
1073 2146 1502 2217 ἀπαρτισθέντος
1531 2143 1624 2197 τοῦ
1658 2142 1875 2202 στύλου,

295 2241 429 2310 περὶ
457 2240 648 2310 τρίτην
680 2238 830 2310 ὥραν
860 2240 1149 2312 ήμερινὴν,
1182 2239 1284 2292 ὑπὸ
1331 2240 1585 2309 μυριάσιν
1626 2236 1875 2304 ἀγγέλων

296 2334 591 2402 ἐπιφανεὶς
648 2333 676 2384 6
730 2332 986 2403 Χριστὸς,
1042 2333 1295 2403 ποθεινῆς
1340 2330 1474 2402 ὁμοῦ
1512 2330 1608 2383 καὶ
1649 2328 1883 2399 φρικτῆς

298 2425 521 2493 ἐκείνης
564 2426 904 2494 ἐπιφανείας,
936 2426 993 2476 ὲν
1018 2424 1169 2495 ἄρτῳ
1201 2442 1261 2477 τε
1301 2424 1397 2479 καὶ
1429 2423 1557 2492 οἴνῳ
1584 2436 1885 2491 πνευματι-

300 2514 418 2581 κῶς
442 2517 823 2587 προσκομίσας
858 2515 1038 2588 (αὐτὸς
1069 2516 1125 2568 δὲ
1159 2512 1225 2587 ἧν
1250 2517 1277 2568 6
1305 2516 1398 2569 καὶ
1429 2515 1752 2586 προσφέρων
1779 2513 1887 2583 ἄρα

303 2610 400 2663 καὶ
442 2608 908 2680 προσφερόμενος)
946 2609 1045 2678 τὴν
1069 2608 1163 2661 τοῦ
1186 2608 1389 2661 οἰκείου
1420 2607 1749 2678 θεράποντος
1779 2604 1889 2657 ὑπὸ

309 2702 495 2774 μόνοις
521 2706 632 2767 τοῖς
661 2702 869 2756 ἐκείνου
912 2701 1230 2772 ὀφθαλμοῖς,
1262 2701 1311 2754 οἳ
1348 2701 1442 2753 καὶ
1470 2699 1604 2771 πρὸς
1632 2696 1891 2767 τηλικαύ-

303 2811 410 2866 την
452 2794 577 2864 ὄψιν
612 2794 843 2863 ὴξίωντο
868 2793 1200 2857 διαϐλέπειν,
1237 2793 1432 2863 ἡγίασε
1472 2792 1682 2845 στάσιν.
1712 2792 1892 2858 "Amp

310 2889 493 2943 ἰδόντα
526 2887 616 2941 τὸν
662 2885 887 2958 Συμεὼν
913 2886 1065 2958 πόθῳ
1098 2904 1158 2941 τε
1186 2889 1286 2956 τῆς
1326 2885 1420 2938 ἐπὶ
1453 2884 1544 2938 τὸν
1577 2883 1894 2942 στύλονάν-

307 2981 433 3036 ὁδου
485 2979 672 3046 πόθον,
710 2980 805 3032 καὶ
854 2980 1058 3050 σπουδῇ
1114 2977 1350 3048 σπουδὴν
1400 2976 1728 3048 προσλαϐεῖν
1754 2992 1768 3006 ·
1800 2975 1896 3028 καὶ

309 3075 442 3136 τοὺς
491 3071 956 3141 εύδοκιμωτέρους
1000 3072 1111 3125 τῶν
1154 3070 1410 3141 μαθητῶν
1467 3068 1895 3137 συγκαλέσαντα,

310 3164 413 3234 τὴν
437 3163 588 3216 θείαν
618 3163 802 3225 αὐτοῖς
827 3164 884 3214 ἐν
908 3161 1181 3230 πνεύματι
1208 3158 1592 3222 ταπεινώσεως
1626 3158 1900 3228 ἐξηγήσα-

317 3254 443 3309 σθαι
484 3252 628 3322 ὖψιν,
664 3251 893 3317 ἀξιῶσαί
942 3269 1007 3304 τε
1048 3252 1272 3312 τούτους
1317 3248 1508 3320 ἑορτὴν
1554 3248 1767 3318 ἐκείνην
1802 3247 1899 3315 τὴν

314 3343 532 3416 ἡμέραν
563 3343 717 3410 ἄγειν
747 3341 1028 3411 λαμπρὰν,
1063 3341 1215 3411 φόόῳ
1259 3339 1387 3409 θείῳ
1419 3341 1518 3409 τὴν
1553 3338 1781 3406 καρδίαν
1810 3338 1902 3390 εὐ·

319 3433 742 3505 φραινομένους,
765 3435 822 3486 τὸ
863 3434 961 3503 μὲν
994 3432 1083 3485 διὰ
1115 3433 1176 3485 τὸ
1201 3433 1428 3503 φρικτὸν
1457 3431 1555 3499 τῆς
1586 3429 1905 3499 ἐπιδημίας,

1907 1837 1945 1895 Β

1960 583 2104 653 pulis
2160 582 2435 654 Symeon,
2503 576 2777 634 intallibili
2844 574 3159 628 futurorum
3222 567 3533 638 cognitione

1962 676 2327 730 informatus:
2362 670 2751 740 Ecce,iuquit,
2807 680 3028 720 rursum
3085 664 3172 716 vir
3226 661 3367 715 alius
3428 659 3538 712 huc

1961 769 2214 833 ventitat,
2242 766 2336 837 qui
2366 766 2573 836 lignum
2609 757 3002 831 usuipraesenti
3028 768 3299 826 perquam
3322 760 3535 820 aptum,

1964 862 2020 916 in
2073 862 2214 917 ostio
2274 860 2520 915 fluminis
2554 856 2744 921 habet,
2791 861 3056 924 rogatque
3111 860 3174 903 ut
3220 848 3398 916 ipsum
3445 860 3540 897 ae-

1965 950 2254 1020 cipiamus.
2292 951 2393 1005 Pes
2444 948 2668 1003 saucius
2698 960 2810 999 non
2868 939 3118 995 modicos
3142 936 3263 991 viro
3305 934 3537 988 dolores

1965 1051 2210 1112 generat,
2245 1056 2349 1095 nec
2378 1038 2612 1094 transire
2639 1038 2749 1091 huc
2773 1035 2979 1102 absque
3008 1030 3160 1101 gravi
3204 1026 3393 1081 labore
3442 1040 3541 1093 pa-

1971 1134 2124 1189 titur.
2150 1132 2321 1189 Simul
2346 1132 2461 1187 htee
2480 1132 2626 1185 dicta
2652 1137 2800 1193 sunt,
2827 1124 2988 1180 simul
3022 1120 3282 1195 prrcfatus
3302 1117 3387 1172 vir
3406 1131 3542 1171 con-

1968 1228 2133 1291 stitit,
2179 1226 2495 1297 supplicans
2522 1224 2674 1279 nexis
2700 1220 2952 1295 genibus,
3005 1216 3111 1270 fixo
3161 1212 3317 1268 humi
3358 1211 3540 1267 vultu.

1978 1319 2116 1372 nihil
2137 1334 2247 1372 non
2272 1334 2460 1387 agens,
2492 1332 2602 1385 quo
2642 1324 2698 1369 et
2751 1310 3039 1368 doloribus
3077 1308 3357 1361 levaretur
3407 1316 3545 1356 suus

1970 1430 2088 1483 pes,
2127 1421 2182 1467 et
2207 1412 2415 1482 lignum
2445 1410 2591 1481 quod
2612 1407 2849 1463 habebat
2868 1409 3245 1472 acceptaretur
3274 1413 3303 1452 a
3326 1403 3545 1457 sancto;

1971 1502 2207 1572 duplicis
2256 1501 2368 1555 voti
2422 1515 2578 1568 mque
2638 1512 2863 1567 compos
2925 1491 3041 1548 ﬁeri
3108 1489 3358 1559 cupiens.
3407 1484 3553 1538 Tum

1973 1596 2207 1666 Symeon
2237 1593 2448 1663 palmea
2471 1607 2570 1645 sua
2603 1590 2751 1660 virga
2776 1586 2969 1658 pedem
2995 1582 3250 1638 affectum
3289 1575 3548 1648 percutit,

1973 1697 2028 1742 et
2055 1685 2339 1757 percussio
2397 1681 2726 1737 mirabiliter
2778 1679 2831 1733 ei
2883 1673 3097 1731 sanatio
3132 1670 3274 1725 facta
3318 1673 3438 1728 est;
3484 1662 3549 1717 li—

1973 1792 2249 1851 gnumque
2301 1775 2469 1830 etiam
2535 1778 2923 1842 apportatum:
2976 1762 3168 1834 quoin
3221 1761 3553 1829 prazsentem

1975 1866 2319 1927 necessitatis
2345 1860 2740 1925 inexcusabilis,
2767 1873 2921 1915 usum
2942 1856 3221 1923 adaptato,
3283 1849 3546 1904 columna

1978 1963 2033 2017 in
2069 1976 2210 2025 eam,
2248 1971 2412 2029 quam
2434 1968 2583 2009 nunc
2617 1951 2889 2015 videmus,
2922 1943 3314 2002 sublimitatem
3362 1945 3547 2006 erecta

1978 2061 2063 2109 est
2093 2052 2228 2126 (5|).

2053 2124 2189 2200 115.6
2219 2142 2334 2198 Iloe
2364 2140 2527 2197 modo
2556 2153 2681 2194 cum
2715 2135 2807 2190 illa
2836 2129 3093 2187 omnibus
3123 2124 3376 2197 partibus
3411 2124 3558 2175 esset

1983 2238 2267 2310 perfecta,
2320 2236 2543 2291 circiter
2590 2233 2785 2287 horam
2851 2226 2961 2282 diei
3036 2221 3255 2278 tertiam
3308 2211 3562 2286 apparuit.

1982 2330 2253 2391 Christus,
2311 2326 2525 2381 infinita
2570 2321 2895 2392 angelorum
2947 2325 3126 2370 turma
3186 2311 3456 2379 stipatus;
3507 2303 3562 2356 in

1989 2714 2109 2763 suo,
2138 2697 2296 2766 cujus
2325 2691 2496 2748 solius
2528 2687 2671 2743 oculi
2713 2685 2805 2739 tali
2839 2684 3050 2736 visione
3081 2676 3430 2735 fruebantur,
3460 2677 3570 2724 sta-

1992 2790 2161 2846 tionis
2180 2763 2379 2842 futura:
2404 2785 2588 2839 locum
2613 2775 3013 2833 sanctificabat.
3047 2769 3145 2824 llis
3169 2766 3304 2821 visis
3333 2763 3570 2826 Svmcon

1993 2879 2272 2939 desiderio
2307 2869 2711 2932 conscendendi
2766 2869 2821 2922 in
2872 2865 3182 2921 columnam
3233 2853 3571 2911 desiderium

1994 2974 2225 3036 addens,
2286 2976 2343 3023 et
2384 2964 2631 3021 studium
2674 2959 2893 3023 studio;
2962 2949 3281 3009 convocatis
3335 2944 3578 3016 probatae

1997 3065 2170 3136 magis
2199 3062 2328 3116 vitae
2377 3055 2645 3113 fratribus
2693 3051 2936 3107 divinam
2970 3044 3243 3103 visionem
3291 3039 3347 3093 in
3378 3035 3576 3106 Spiritu

2000 3153 2330 3212 humilitatis
2377 3145 2692 3212 enarravit;
2731 3148 3099 3214 precatusque
3128 3143 3232 3199 est,
3271 3138 3331 3187 ut
3380 3126 3581 3198 Spiritu

2002 3247 2177 3304 divini
2224 3241 2442 3300 timoris
2467 3238 2791 3312 gaudentes,
2821 3235 3007 3288 lucem
3048 3229 3198 3284 illam
3230 3236 3396 3295 quam
3431 3217 3585 3273 festi—-

2002 3339 2289 3395 vissimam
2342 3339 2597 3406 agerent;
2654 3343 2784 3385 cum
2841 3326 3044 3380 timore
3091 3317 3316 3390 quidem
3362 3317 3588 3383 propter

2007 3427 2375 3486 reverentiam
2408 3421 2683 3479 Dominici
2727 3418 3020 3478 adventus,
3055 3425 3178 3467 eum
3218 3405 3420 3478 gaudio
3456 3414 3590 3456 vero

316 3525 380 3578 τδ
407 3525 464 3578 δὲ
492 3491 580 3578 aiat
613 3525 673 3578 τὸ
696 3491 973 3595 ὺέτερςὲυις
999 3525 1099 3592 τῆς
1127 3491 1623 3593 χρήὲτότητοςξλη
1659 3520 1715 3572 δὲ
1734 3491 1835 3590 ἣν,
1872 3491 1898 3590 ἦ

2008 3529 2236 3592 propter
2264 3516 2660 3573 abundantiam
2687 3508 2975 3567 bonitatis.
3001 3506 3135 3560 Erat
3170 3502 3217 3556 is
3247 3500 3367 3554 dies
3395 3491 3592 3565 postri-

320 3616 584 3687 ἐπαύριον
609 3616 707 3687 τῆς
742 3614 1148 3685 Πεντηκοστῆς,
1181 3613 1307 3665 καθ’
1329 3614 1394 3682 ἧν
1424 3613 1520 3667 καὶ
1546 3612 1644 3683 τὴν
1677 3613 1757 3675 είς
1783 3612 1909 3674 τοὺς

321 3708 561 3781 Χριστοῦ
616 3710 867 3779 μαθητὰς
907 3706 1238 3778 ἑορτάζομεν
1294 3704 1388 3758 τοῦ
1443 3704 1762 3773 Πνεύματος
1814 3701 1907 3756 τοῦ

325 3802 482 3871 ἁγίου
535 3801 870 3871 ἐπιδημίαν*
916 3801 1035 3853 κατ’
1067 3800 1237 3870 αὐτὴν
1273 3797 1383 3869 γὰρ
1424 3796 1754 3865 ἐπιφανέντα
1813 3794 1912 3867 τὴν

324 3895 546 3966 ἡμέραν
580 3894 732 3964 αὐτῴ
764 3894 856 3946 καὶ
882 3893 971 3946 τὸν
998 3892 1201 3963 Κύριον
1235 3894 1267 3964 ἡ
1278 3891 1394 3963 μῶν
1422 3891 1515 3943 καὶ
1537 3887 1669 3942 Θεὸν
1695 3888 1917 3957 ἁγιάσαι

326 3986 424 4056 τὴν
452 3987 643 4040 στάσιν
675 3984 842 4040 αὑτοῦ
875 3985 971 4056 τὴν
1011 3986 1103 4038 ἐπὶ
1143 3983 1237 4037 τοῦ
1271 3982 1484 4048 στύλον,
1514 3983 1614 4052 τὴν
1647 3980 1915 4053 μυστικὴν

329 4080 417 4134 ἐπ’
479 4077 649 4132 αὐτοῦ
709 4076 902 4135 θυσίαν
970 4075 1430 4147 προσαγαγόντα,
1498 4068 1587 4127 οἷα
1656 4069 1916 4141 συγγενές

331 4189 383 4225 τι
442 4169 638 4233 σκεῦος
692 4171 802 4231 τοῖς
851 4167 1171 4230 ἀποστόλοις
1233 4167 1485 4237 εὑρόντα,
1567 4164 1663 4217 καὶ
1722 4179 1918 4231 συγγε-

333 4261 456 4326 νοῦς
509 4258 661 4329 αὐτῷ
715 4259 939 4329 χάριτος
988 4258 1220 4321 ἐκείνοις
1273 4256 1642 4327 μεταδιδόντα.
1701 4254 1919 4322 Ταύτην

334 4357 363 4410 6
423 4354 523 4424 μὲν
581 4353 815 4406 δέδωκεν
877 4351 1095 4422 ἐντολὴν
1165 4351 1278 4412 τοῖς
1330 4349 1752 4418 ἐπισημοτὲροις
1813 4346 1919 4419 τῶν

338 4443 603 4514 ἀδελφῶν,
664 4443 786 4514 ἦτις
836 4441 986 4514 παρὰ
1041 4444 1106 4513 τῇ
1168 4444 1313 4512 μονῇ,
1356 4442 1450 4494 καὶ
1498 4441 1578 4502 εὶς
1624 4439 1785 4508 δεῦρο
1826 4454 1927 4509 την

342 4541 538 4611 ρεῖται.

328 4632 335 4635 ’
412 4636 548 4702 ρις¹.
579 4629 692 4701 Τῆς
725 4628 771 4680 δ’
803 4626 1067 4697 ἐπιούσης
1102 4625 1387 4695 Κυριακῆς
1420 4623 1531 4695 (εἴη
1561 4624 1604 4676 δ’
1635 4622 1699 4675 ὃν
1734 4623 1766 4693 ἡ
1798 4620 1925 4689 ἑξῆς

1957 4550 2004 4604 Β

2009 3614 2099 3668 die
2144 3613 2519 3671 Pentecostes,
2575 3620 2691 3675 qua
2727 3602 3024 3657 adventum
3058 3595 3299 3665 Spiritus
3333 3587 3505 3645 sancti
3539 3585 3594 3638 in

2012 3703 2314 3774 discipulos
2331 3698 2539 3756 Christi
2561 3696 2906 3752 celebramus
2932 3708 2946 3744 :
2975 3689 3067 3742 illo
3093 3697 3333 3752 namque
3366 3681 3484 3749 ipso
3506 3679 3595 3731 die

2014 3792 2466 3851 manifestavitse
2497 3788 2598 3858 ipsi
2634 3786 2923 3846 Dominus,
2979 3788 3035 3834 et
3084 3775 3379 3831 stationem
3430 3784 3596 3838 super

2016 3890 2328 3945 columnam
2374 3878 2742 3943 consecravit,
2797 3874 3090 3947 mysticum
3135 3868 3339 3923 ibidem
3389 3860 3600 3918 sacrifi-

2018 3980 2165 4035 cium
2190 3976 2462 4039 offerens;
2496 3980 2554 4026 et
2597 3967 2755 4039 quasi
2785 3980 2880 4019 vas
2908 3959 3198 4018 electionis
3231 3951 3495 4025 apostolis
3521 3949 3598 4003 si-

2020 4071 2148 4125 mile
2173 4066 2495 4128 invenisset,
2516 4060 2755 4115 similem
2772 4056 2993 4110 illorum
3023 4048 3252 4122 gratiam
3278 4044 3444 4099 etiam
3471 4039 3600 4093 huic

2022 4149 2368 4231 impertiens.
2403 4155 2727 4221 Hzec’porro
2757 4143 3025 4201 fratribus
3050 4133 3398 4210 spectatioris
3426 4131 3603 4184 virtu-

2024 4221 2247 4310 tis.data
2278 4246 2596 4319 praeceptio,
2647 4242 2714 4296 ad
2763 4251 3006 4311 praesens
3055 4245 3231 4302 usque
3283 4236 3500 4295 tempus
3546 4221 3601 4277 in

2025 4342 2361 4401 monasterio
2403 4340 2550 4410 viget
2596 4335 2731 4389 (ὅθι.

2105 4620 2227 4675 HG.
2248 4620 2469 4674 Postera
2492 4613 2799 4675 Dominiea,
2818 4624 2939 4679 quae
2955 4613 3074 4662 erat
3090 4611 3212 4675 post
3227 4603 3610 4656 Pentecostcu,

340 4681 439 4794 τῆς
468 4681 897 4790 Πεντηκοστῆς),
929 4681 1068 4787 μετά
1095 4681 1448 4781 τὰς’ἐωθίνὰς
1488 4681 1655 4786 ᾠδὰς,
1690 4681 1789 4776 τάξ

2030 4712 2250 4785 hymnis
2310 4706 2599 4764 matutinis
2652 4698 2965 4761 absolutis,
3030 4701 3223 4766 portas
3293 4681 3613 4743 monasterii

343 4815 441 4885 τῆς
479 4811 649 4884 μονῆς
684 4810 857 4874 πύλας
895 4813 1008 4873 τοῖς
1036 4807 1235 4874 ἔξωθεν
1283 4807 1513 4877 φοιτῶσι
1552 4805 1767 4858 κελεύει
1796 4804 1926 4857 καθ-

346 4906 492 4971 άπαξ
520 4902 951 4998 ἀπρκλεισθῆναι
968 4918 982 4932 ο
1008 4901 1173 4965 αὐτὸς
1201 4901 1258 4953 δὲ
1286 4902 1414 4962 τοὺς
1441 4896 1704 4967 ἀδελφοὺς
1726 4897 1935 4961 πάντας

350 4991 697 5065 συναγαγὼν,
721 4995 841 5067 Θεῷ
872 5012 932 5048 τε
960 4994 1256 5063 θυμιάςας,
1284 4993 1383 5045 καὶ
1405 4991 1532 5060 γόνυ
1557 4991 1737 5044 κλῖναι
1770 4991 1937 5043 πᾶσιν

348 5092 530 5152 αὐτοῖς
574 5089 857 5155 ἐπιτάξας,
889 5085 1134 5156 κεφαλὴν
1172 5085 1310 5155 μετὰ
1346 5083 1456 5136 τῶν
1494 5084 1737 5154 γονάτων
1764 5084 1832 5152 τῇ
1862 5083 1933 5151 γῇ

349 5185 443 5239 καὶ
464 5177 621 5245 οὗτος
645 5181 888 5253 ἐρείσας,
915 5178 1124 5250 δάκρυά
1152 5195 1211 5230 τε
1237 5177 1304 5230 τὰ
1330 5176 1423 5229 καὶ
1450 5176 1795 5246 θυμιάματος
1820 5174 1939 5245 Θεῷ

356 5278 558 5349 μᾶλλον
611 5276 745 5347 ἡδίω
795 5274 891 5327 καὶ
931 5272 1271 5343 εὐωδέστεραι
1317 5269 1537 5341 θερμῶς
1588 5269 1938 5333 ἐπισπείσας,

352 5370 481 5439 ἄχρι
520 5366 719 5420 πολλοῦ
762 5363 1139 5436 προσηύξατο’
1172 5362 1263 5415 ἐπὶ
1292 5361 1434 5413 τέλει
1469 5359 1526 5413 δέ
1553 5360 1654 5429 τῆς
1687 5358 1855 5428 εὐχῆς
1882 5357 1942 5410 τὸ

370 5458 546 5530 ’Λμὴν
581 5457 762 5510 αὐτῶν
788 5454 1146 5514 ἐπειπόντων,
1180 5452 1417 5515 ἀναστὰς
1455 5449 1647 5521 πρῶτα
1677 5449 1777 5517 μὲν
1804 5465 1939 5516 συγ-

358 5549 601 5622 χώρησιν
625 5548 806 5610 αὐτοῖς
834 5548 1014 5616 πάσης
1044 5544 1230 5606 ἁπλῶς
1255 5542 1583 5610 ἀντιλογίας,
1616 5540 1713 5594 καὶ
1742 5539 1944 5603 παντὸς

359 5637 568 5707 οὗτινος
596 5634 691 5695 οὖν
746 5639 992 5694 ἑκουσίου
1027 5636 1061 5708 ἢ
1091 5641 1148 5691 ἐν
1180 5636 1373 5707 ἀγνοίᾳ
1400 5635 1601 5690 ἐδίδου-
1644 5628 1764 5688 εἶτα
1802 5650 1947 5704 παρ-

2033 4776 2401 4874 undequaque
2432 4797 2616 4852 claudi
2670 4807 2903 4865 peregre
2953 4782 3384 4843 adventantibus
3419 4776 3614 4849 jubet;

2037 4869 2354 4964 coacti-sque
2385 4888 2674 4958 discipulis
2720 4884 3003 4945 omnibus,
3056 4886 3183 4949 post
3230 4876 3474 4929 oblatum
3509 4869 3621 4922 Deo

2037 4990 2348 5050 incensum,
2388 4985 2623 5053 imperat
2670 4988 2731 5033 ut
2772 4991 2949 5049 genua
2982 4977 3253 5035 curvent;
3289 4968 3405 5037 ipse
3436 4971 3620 5018 autem

2039 5097 2154 5136 non
2192 5079 2272 5134 sic
2300 5072 2539 5140 tantum,
2564 5073 2661 5128 sed
2718 5079 2773 5125 et
2826 5067 3006 5137 capite
3056 5062 3212 5118 humi
3266 5064 3496 5118 stratus,
3546 5053 3626 5105 la—

2042 5182 2363 5242 crymasque
2394 5166 2508 5219 Deo
2540 5160 2812 5234 gratiores
2831 5165 2997 5226 atque
3028 5149 3179 5207 omni
3229 5148 3455 5202 incenso
3485 5142 3624 5197 odo«

2043 5261 2278 5317 ratiores
2339 5257 2627 5312 ferventer
2704 5251 2919 5314 libans,
2984 5246 3041 5300 iu
3112 5242 3348 5299 multum
3411 5248 3628 5305 tempus

2045 5353 2351 5409 orationem
2372 5347 2660 5419 protraxit.
2683 5342 2762 5398 Ad
2784 5341 2949 5411 hujus
2973 5338 3135 5392 finem
3165 5327 3630 5402 subjungentibus

2053 5442 2342 5513 discipulis
2371 5439 2568 5503 Amen,
2605 5435 2847 5492 surrexit
2868 5434 2995 5488 ille:
3025 5446 3089 5486 ac
3123 5427 3361 5500 primum
3399 5420 3629 5492 quidem

2052 5511 2240 5591 delicti
2275 5533 2676 5603 cujuscunque,
2716 5544 2812 5583 seu
2841 5525 3147 5580 deliberate
3177 5533 3274 5575 seu
3316 5529 3416 5585 per
3471 5511 3630 5580 igno-

2056 5628 2291 5684 rantiam
2323 5624 2549 5681 admissi
2571 5623 2788 5678 veniam
2819 5618 2952 5689 ipsis
2981 5614 3162 5680 dedit;
3192 5607 3391 5667 deinde
3420 5603 3633 5660 adhor-

435 5827 550 5900 (3i,
572 5827 664 5887 52)
688 5826 881 5899 Colligi
902 5825 1065 5882 datur
1091 5839 1154 5879 ex
1179 5819 1380 5875 duobus
1401 5820 1536 5877 hisce
1567 5815 1711 5885 locis,
1735 5815 2043 5886 scriptorem
2071 5829 2171 5867 non
2201 5809 2488 5867 admodum
2522 5804 2685 5862 multo
2712 5808 2826 5875 post
2857 5798 3065 5853 viaisse.

3514 5884 3567 5897 ,ρ
