4018 6398
408 411 552 489 3095

1566 430 1626 491 S.
1670 429 2047 491 SYMEONIS
2088 431 2449 493 IUNIORIS

3517 428 3661 495 3096

407 536 615 593 latione
702 538 951 593 instituta
1026 538 1275 593 divinum
1350 538 1602 610 inprimis
1658 538 1976 595 mandatum

2092 544 2339 605 ιινέσεως
2372 541 2667 609 ἁψάμενος,
2697 540 2799 611 πρὸ
2824 542 2921 610 μὲν
2951 540 3169 594 πάντων
3196 539 3295 611 τὴν
3324 541 3665 609 Δεσποτικὴν

407 616 726 693 inculcavit,
761 638 820 684 ut
844 631 1134 701 diligerent
1166 631 1309 686 inter
1348 646 1427 696 se,
1478 628 1978 697 Quemadmodum,

408 710 607 791 inquit,
639 737 739 793 ego
765 720 929 775 dilexi
969 737 1085 776 vos.
1120 718 1261 776 Tum
1314 721 1591 787 hortatur,
1644 736 1833 775 curam
1889 736 1982 775 ac-

407 822 654 869 turatam
690 822 751 867 ut
809 804 1046 868 habeant
1084 813 1446 884 professionis
1489 829 1602 869 suae
1657 822 1714 867 et
1762 811 1981 867 illorum

406 921 527 974 quas
558 920 680 959 cum
728 904 824 958 illa
887 904 1178 975 conjuncta
1233 912 1394 971 sunt;
1452 914 1605 975 puta,
1646 901 1982 958 mortiﬁcare

2088 635 2306 705 ἐντολὴν
2332 633 2657 699 ἐνετέλλετο,
2688 634 2828 687 ὥστε
2877 634 3097 704 ἀγαπᾷν
3131 632 3416 703 ἀλλήλους,
3465 632 3666 696 Καθὼς

2086 726 2218 792 ἐγὼ,
2251 726 2440 795 φησὶν,
2468 726 2731 795 ἠγάπησα
2764 726 2941 796 ὑμᾶς’
2974 726 3099 797 ἑξῆς
3131 725 3208 791 δὲ,
3241 723 3451 780 καὶτοῦ
3492 727 3666 793 ἐπαγ-

2086 816 2377 887 γέλματος,
2428 819 2520 871 καὶ
2560 818 2668 871 τῶν
2712 820 2814 873 ὅσα
2862 816 2955 872 τοῦ
2985 818 3401 887 ἐπαγγέλματος
3442 815 3668 887 ἔχεσθαι

2088 908 2289 979 σπουδῇ
2323 908 2612 978 παρηγγύα
2638 926 2652 940 ο
2696 910 2765 964 τὸ.
2791 910 2848 963 δὲ
2889 906 2977 981 ἦν,
3011 910 3284 981 νεκρῶσαι
3323 908 3421 978 μὲν
3467 908 3671 969 αὐτοὺς

405 994 649 1049 membra
680 1010 779 1049 sua
812 1010 933 1064 qua:
963 1003 1093 1049 sunt
1120 1012 1289 1066 super
1323 1005 1551 1062 terram,
1588 1008 1775 1049 rerum
1824 1010 1985 1048 mun-

2092 1001 2151 1056 τά
2176 1000 2311 1072 μέλη
2346 1001 2414 1054 τὰ
2450 1003 2545 1056 επὶ
2565 1003 2665 1072 τῆς
2694 1004 2818 1073 γῆς,
2846 1006 2945 1075 τῆς
2980 1002 3037 1057 δὲ
3065 1004 3175 1057 τῶν
3205 1002 3670 1073 παραϐαλλόντων

404 1086 669 1141 danarum
701 1086 1031 1142 tractatione
1070 1087 1372 1151 abstinere,
1433 1088 1490 1142 in
1546 1100 1685 1155 opus
1730 1087 1983 1143 mannale

405 1176 790 1232 incumbentes
829 1191 1027 1248 panem
1071 1176 1175 1232 sibi
1212 1190 1534 1247 comparare
1568 1176 1980 1247 quotidianum,

403 1268 587 1321 cordis
631 1267 717 1322 sui
765 1283 954 1324 curam
1018 1284 1142 1323 cum
1194 1268 1344 1323 omni
1409 1269 1697 1339 vigilantia
1754 1285 1979 1340 gerere;

406 1359 691 1429 precibus,
754 1368 1037 1414 sacrarum
1067 1354 1403 1415 Litterarum
1425 1359 1797 1426 meditationi,
1837 1360 1983 1416 divi-

405 1451 602 1519 nisque
632 1449 853 1522 hymnis
878 1464 1160 1521 nunquam
1199 1466 1306 1505 non
1333 1467 1561 1517 vacare;
1604 1466 1773 1521 super
1796 1452 1984 1507 omnia

404 1554 512 1594 non
544 1540 877 1595 contristare
910 1540 1178 1611 Spiritum
1213 1554 1487 1608 sanctum,
1519 1543 1577 1597 in
1610 1558 1741 1612 quo,
1778 1542 1982 1609 aiebat,

404 1632 599 1703 signati
630 1648 820 1688 sumus
848 1633 902 1687 in
920 1632 1066 1687 diem
1107 1634 1529 1705 redemptionis.

476 1746 756 1802 “7.11320
812 1754 979 1817 atque
1034 1747 1194 1818 plura
1244 1746 1448 1803 similia
1501 1748 1755 1817 locutus,
1808 1748 1983 1804 Deum

403 1838 633 1910 ejusque
664 1838 1070 1894 sanctissimam
1105 1838 1355 1905 Matrem,
1395 1848 1450 1895 ct
1480 1841 1691 1898 electos
1735 1842 1981 1915 angelos,
2017 1877 2062 1938 Β

403 1946 596 1987 eorum
620 1947 742 2001 quae
772 1926 1065 1987 audierant
1117 1932 1396 1989 dictorum
1438 1941 1607 1990 testes
1660 1936 1982 2007 appellavit.

402 2021 612 2078 Deinde
649 2039 749 2094 pro
786 2014 994 2079 mundo
1055 2026 1354 2081 universim
1416 2027 1793 2098 supplicavit;
1848 2030 1982 2096 illis,

402 2115 498 2185 qui
532 2110 675 2170 dona
700 2125 972 2187 spernunt
993 2118 1201 2187 quique
1226 2128 1376 2174 recte
1405 2118 1638 2185 faciunt,
1672 2136 1785 2175 non
1820 2121 1985 2176 modo

402 2214 759 2277 peccatorum
825 2210 1229 2278 remissionem,
1282 2211 1378 2267 sed
1435 2218 1493 2267 et
1557 2213 1985 2268 retributionem

401 2291 673 2356 bonorum
703 2302 950 2358 omnium
992 2313 1270 2373 precatus,
1305 2322 1369 2360 ac
1389 2305 1716 2376 discipulos,
1754 2307 1985 2364 benedi-

403 2392 583 2448 ctione
634 2394 943 2463 impertitos
990 2395 1215 2465 Deoque
1263 2397 1721 2462 commendatos,
1769 2397 1987 2454 dermo-

401 2485 679 2540 cucullum
710 2487 846 2557 (5‘5),
880 2486 962 2541 uti
992 2488 1155 2558 vulgo
1189 2489 1698 2559 appellatur,jubet
1738 2505 1942 2545 exuere
1970 2509 1983 2544 :

401 2583 525 2647 post
559 2580 673 2633 lucc
703 2578 923 2635 illorum
953 2597 1013 2637 se
1036 2582 1306 2636 voluntati
1326 2581 1607 2636 commisit
1633 2600 1647 2647 ;
1675 2583 1771 2653 qni
1802 2583 1982 2636 mani-

403 2671 506 2724 bus
538 2672 733 2741 partim
786 2672 1179 2742 gestientibus,
1224 2671 1429 2743 partim
1468 2671 1696 2727 horrore
1742 2670 1984 2741 quodam

406 2763 656 2817 tremulis
690 2765 1098 2834 apprehensum
1128 2765 1180 2818 in
1205 2781 1352 2820 novo
1384 2765 1727 2821 collocarunt
1758 2763 1981 2829 throno,

401 2865 813 2909 sacrosanctorum
837 2854 1197 2927 Evangelium
1224 2865 1448 2927 pectore
1471 2862 1797 2927 gestantem,
1822 2857 1984 2924 cujus

400 2946 618 3000 tractus
635 2946 840 3001 uberes
864 2947 974 3002 imo
998 2946 1183 3003 cordis
1209 2963 1429 3003 recessu
1449 2946 1705 3003 conditos
1723 2947 1981 3003 habebat.

401 3028 515 3088 liae
544 3033 711 3104 igitur
744 3036 953 3091 ratione
980 3045 1250 3107 portatus,
1282 3045 1456 3093 totum
1484 3037 1661 3093 obivit
1706 3045 1986 3093 monaste-

404 3125 650 3188 rium,et
683 3127 913 3183 cuilibet
978 3129 1330 3185 domunculae
1376 3126 1822 3186 benedictionem
1881 3131 1983 3185 im-

2087 1092 2372 1163 κοσμικῶν
2437 1094 2725 1165 συντυχίας
2777 1094 3099 1165 ἀπέχεσθαι,
3140 1094 3286 1165 ἔργῳ
3326 1093 3526 1163 χειρῶν
3571 1110 3674 1146 κο-

2088 1185 2332 1249 πιῶντας
2390 1183 2483 1238 τὸν
2526 1184 2803 1239 ὲπιούσιον
2849 1185 3171 1256 πορίζεσθαι
3212 1186 3397 1256 ἄρτον,
3447 1181 3673 1253 φυλακῇ

2087 1277 2238 1350 πάσῃ
2269 1279 2370 1347 τὴν
2400 1276 2607 1332 ἑαυτῶν
2634 1277 2863 1349 καρδίαν
2901 1279 3112 1351 τηρεῖν,
3146 1277 3279 1347 εὐχῇ
3310 1277 3406 1331 καὶ
3431 1275 3679 1345 Γραφῶν

2091 1367 2252 1438 ἱερῶν
2300 1368 2498 1439 μελέτῃ
2549 1368 2643 1422 καὶ
2684 1367 2847 1433 θείοις
2879 1368 2969 1423 διὰ
3006 1368 3210 1433 παντὸς
3254 1365 3445 1439 ὕμνοις
3478 1367 3681 1437 σχολάα

2089 1459 2299 1526 ζοντας,
2334 1460 2428 1512 ἐπὶ
2452 1460 2616 1512 πᾶσιν
2658 1461 2731 1529 μὴ
2760 1459 3003 1531 λυπῆσαι
3033 1461 3095 1514 τὸ
3128 1458 3354 1530 Πνεῦμα
3403 1456 3463 1512 τὸ
3492 1458 3675 1526 ἅγιον,

2100 1552 2188 1604 Ἐν
2218 1544 2283 1620 ᾧ,
2310 1552 2495 1622 φησὶν,
2524 1550 2974 1623 ἐσφραγίσθημεν
3000 1553 3081 1616 εἰς
3109 1553 3321 1624 ἡμέραν
3349 1546 3675 1621 ἀπολυτρώ-

2091 1656 2248 1706 σεως.

2161 1747 2286 1821 ριςν.
2320 1746 2506 1808 Ταῦτα
2560 1754 2657 1812 καὶ
2708 1754 2884 1810 πολλὰ
2938 1754 3154 1817 τούτοις
3212 1752 3417 1822 ὁμοίως
3473 1749 3679 1822 ἔχοντα

2089 1844 2229 1914 πρὸς
2290 1845 2490 1909 αὐτοὺς
2564 1847 2756 1910 εἰπὼν,
2780 1847 2913 1901 Θεόν
2940 1864 2998 1900 τε
3041 1848 3154 1909 τοῖς
3186 1844 3446 1915 λεχθεῖσι,
3481 1845 3581 1914 τήν
3611 1858 3676 1896 τε

2103 1937 2373 2004 παναγίαν
2402 1938 2565 1991 αὑτοῦ
2600 1939 2852 2011 Μητέρα,
2901 1940 2995 1992 καὶ
3025 1937 3150 1999 τοὺς
3179 1935 3467 1997 ἐκλεκτοὺς
3501 1934 3669 2003 ἀγγέ-

2100 2025 2246 2090 λους,
2278 2021 2368 2081 οἶα
2394 2030 2487 2081 καὶ
2513 2030 2621 2082 τῶν
2648 2031 2961 2101 λεγομένων
2986 2027 3264 2099 ἀκροατὰς
3290 2028 3685 2099 ἐπιμαρτυράι

2092 2135 2288 2190 μενος·
2324 2121 2515 2175 ἔπειτα
2572 2122 2703 2196 περὶ
2741 2122 2833 2176 τοῦ
2884 2122 3092 2192 κόσμου
3140 2123 3294 2191 κοινῇ
3320 2118 3533 2191 δεηθεὶς
3559 2120 3676 2181 τοῖς

2088 2228 2148 2265 τε
2172 2210 2382 2283 δωρεὰν
2420 2213 2642 2284 μισοῦσι
2694 2216 2807 2278 τοῖς
2862 2231 2922 2268 τε
2974 2213 3239 2284 δράσασιν
3266 2206 3324 2265 εὖ
3353 2211 3453 2264 οὑκ
3489 2213 3675 2280 ἀμνη-

2091 2303 2247 2358 στίαν
2303 2303 2464 2375 μόνον
2511 2308 2821 2378 ἁμαρτιῶν,
2856 2305 2993 2360 ἀλλὰ
3049 2305 3145 2359 καὶ
3195 2304 3419 2373 ἀγαθῶν
3471 2302 3678 2373 μᾶλλον

2088 2394 2359 2449 ἀντίδοσιν
2383 2395 2777 2465 ἐπευξάμενος,
2812 2396 3122 2466 εὐλογήσας
3150 2410 3212 2447 τε
3239 2395 3366 2457 τοὺς
3420 2392 3676 2464 μαθητὰς

2088 2487 2182 2541 καὶ
2226 2487 2345 2557 Θεῷ
2396 2488 2812 2559 παραθέμενος,
2844 2486 3068 2541 ἐκδῦσαι
3123 2487 3183 2541 τὸ
3234 2485 3480 2556 συνήθως
3528 2482 3677 2539 οὕτω

2093 2578 2392 2649 λεγόμενον
2435 2578 2903 2649 δερμοκούκουλον
2936 2578 3101 2632 αὑτὸν
3131 2578 3675 2633 ὲπιτάττει.Ἔπειτα

2091 2670 2275 2740 μέντοι
2307 2668 2518 2731 τούτοις
2552 2670 2744 2724 ἑαυτὸν
2768 2671 3075 2724 ἐπιδιδόντα
3098 2712 3113 2734 ,
3146 2671 3335 2741 χερσὶν
3369 2670 3430 2723 ού
3473 2669 3676 2723 ποθού-

2090 2778 2212 2824 σαις
2248 2761 2412 2831 μόνον
2457 2760 2593 2815 ἀλλὰ
2648 2762 2743 2815 καὶ
2768 2761 3122 2832 φριττούσαις
3153 2760 3315 2816 αὑτὸν
3363 2760 3671 2830 δεξάμενοι,

2088 2852 2145 2905 ἐν
2178 2869 2287 2906 τινι
2337 2853 2512 2923 καινῷ
2570 2852 2855 2918 καθίζουσι
2910 2853 3104 2924 θρόνῳ,
3162 2853 3224 2905 τὸ
3268 2852 3409 2906 θεῖον
3435 2853 3527 2906 ἐπὶ
3576 2852 3681 2905 τοῦ

2089 2945 2321 3018 στήθους
2363 2946 2698 3015 Εύαγγέλιον
2753 2940 3107 3017 φέροντα.οῦ
3162 2946 3287 3010 τοὺς
3344 2945 3590 3017 καρποὺς
3616 2945 3678 2997 ὲν

2088 3038 2317 3110 καρδίας
2377 3037 2579 3107 μᾶλλον
2611 3034 2725 3107 εἶχε
2779 3038 3005 3101 κόλποις
3054 3036 3293 3104 δαψιλῶς
3344 3034 3673 3105 φυομένους.

2089 3130 2277 3203 Ταύτῃ
2310 3129 2599 3200 τοιγαροῦν
2635 3128 3037 3199 βασταζόμενος
3067 3129 3165 3199 τὴν
3199 3127 3366 3198 μονὴν
3389 3126 3676 3196 περιῆγεν,

401 3218 640 3286 perlitus
670 3229 774 3282 est,
809 3237 877 3275 ne
908 3221 1130 3292 quidem
1163 3223 1486 3293 praeteriens
1520 3223 1712 3278 cellam
1775 3239 1985 3294 penua-

2092 3223 2323 3278 ἕκαστον
2377 3223 2622 3275 οἰκίσκον
2675 3220 2848 3291 αὐτῆς
2914 3218 3197 3289 εὐλογῶν·
3229 3221 3327 3290 ούχ
3382 3218 3584 3289 ἥκιστα
3615 3217 3678 3269 δὲ

402 3311 562 3375 riam,
590 3313 677 3365 cui
717 3312 945 3368 divitem
981 3324 1351 3370 commeatum
1408 3316 1756 3387 precabatur.
1813 3317 1986 3371 Ante-

403 3401 635 3456 ccdehat
663 3412 851 3457 sancta
881 3404 1115 3470 Martha,
1159 3404 1448 3477 Symeonis
1511 3407 1818 3462 secundum
1860 3422 1984 3461 car-

402 3508 527 3546 nem
566 3506 761 3558 mater,
795 3494 892 3549 sed
922 3513 1045 3566 quae
1076 3513 1201 3552 eum
1241 3515 1341 3569 pro
1375 3508 1531 3570 patre
1555 3515 1657 3556 suo
1710 3498 1983 3570 spirituali

402 3583 664 3650 habebat,
720 3589 992 3658 plaudens
1038 3600 1204 3661 atque
1269 3595 1575 3659 exsultans,
1638 3592 1786 3662 quod
1819 3592 1982 3647 talem

403 3678 548 3732 uteri
580 3679 665 3734 sui
731 3680 975 3735 fructum
1031 3682 1360 3750 obtulisset;
1423 3683 1756 3755 praeferebat
1796 3691 1981 3738 autem

402 3782 623 3824 crucem
676 3786 866 3838 manu,
931 3773 1225 3832 altioribus
1280 3775 1540 3847 cogitatis
1621 3790 1749 3830 cum
1815 3774 1987 3829 animi

402 3862 611 3934 gaudio
665 3865 932 3936 singulari
998 3868 1244 3926 intenta.
1294 3870 1477 3940 Atque
1527 3868 1636 3924 hoc
1680 3869 1848 3924 modo
1906 3865 1993 3923 vir

401 3961 628 4011 sanctus
650 3955 706 4011 in
734 3951 831 4012 Dei
855 3958 1120 4030 templum
1141 3959 1514 4025 introductus,
1544 3958 1671 4013 inde
1694 3957 1748 4013 in
1776 3973 1990 4013 sacram

403 4059 558 4103 suam
598 4050 913 4106 columnam
950 4052 1261 4119 reducitur,
1324 4066 1472 4107 anno
1522 4049 1752 4122 quidem
1800 4066 1833 4105 a
1874 4065 1986 4120 quo

402 4136 458 4192 in
506 4137 692 4208 lapide
748 4148 981 4198 steterat
1021 4142 1289 4209 decimo;
1342 4140 1522 4198 aetatis
1582 4156 1718 4198 vero
1764 4140 1984 4196 tricesi-

403 4245 494 4285 mo
517 4224 651 4298 (διδ.

2088 3317 2189 3389 τὴν
2219 3316 2321 3384 τῆς
2368 3314 2577 3386 τροφῆς
2614 3313 2905 3385 ἀποθήκην
2958 3316 3052 3367 καὶ
3105 3310 3368 3381 ἀφθονίαν
3403 3311 3541 3380 αὐτῇ
3576 3313 3681 3364 ἒπ-

2089 3406 2399 3475 ευχόμενος.
2452 3405 2516 3456 Ἡ
2574 3402 2708 3474 γοῦν
2759 3405 2886 3459 ὁσία
2937 3401 3139 3473 Μάρθα
3197 3405 3231 3475 ή
3283 3401 3476 3456 τούτου
3530 3402 3675 3454 κατὰ

2091 3497 2271 3568 σάρκα
2308 3496 2511 3568 μήτηρ,
2538 3497 2598 3551 ὃν
2633 3500 2778 3553 κατὰ
2811 3498 3032 3568 πνεῦμα
3052 3496 3264 3566 πατέρα
3305 3493 3506 3565 μᾶλλον
3535 3494 3676 3563 αὑτὴ

2090 3592 2376 3658 πεποίητο,
2411 3590 2487 3661 τῷ
2521 3591 2620 3661 υἱῷ
2652 3589 3130 3661 καλλωπιζομένη,
3164 3590 3245 3642 ὅτι
3274 3587 3518 3641 τοιοῦτον
3546 3603 3681 3656 καρ-

2090 3683 2191 3739 πὸν
2223 3683 2431 3737 ὠδίνων
2455 3683 2679 3737 δεδώκει
2706 3682 2847 3753 Θεῷ,
2883 3681 3115 3751 σταυρόν
3145 3698 3206 3733 τε
3233 3679 3321 3733 διὰ
3346 3678 3528 3749 χειρὸς
3585 3678 3680 3730 λα-

2090 3775 2280 3840 ϐοῦσα,
2331 3777 2627 3845 προηγεῖτο
2666 3772 2810 3845 μάλα
2839 3772 3079 3841 φαιδρῶς
3105 3772 3163 3824 ὲν
3210 3769 3404 3841 ὑψηλῷ
3435 3768 3513 3838 τῷ
3539 3786 3679 3840 φρο-

2090 3868 2312 3939 νήματι.
2349 3867 2461 3921 Καὶ
2480 3866 2654 3931 οὕτως
2671 3868 2751 3930 είς
2777 3864 2866 3920 τὸν
2884 3863 3026 3918 θεῖον
3064 3861 3191 3918 ναὸν
3216 3864 3245 3917 ὁ
3271 3862 3350 3932 τῷ
3383 3861 3498 3915 ὄντι
3528 3861 3677 3925 θεῖος

2091 3960 2230 4031 ἀνὴρ
2253 3959 2549 4031 εἰσαχθεὶς,
2584 3960 2679 4014 ἐπὶ
2718 3957 2812 4011 τὸν
2840 3956 2985 4028 ἱερὸν
3021 3955 3233 4010 ἐκεῖθεν
3255 3954 3517 4024 ἀνάγεται
3544 3952 3680 4007 στύ-

2094 4052 2207 4119 λον,
2243 4055 2302 4106 ὲν
2340 4052 2452 4106 ἔτει
2476 4053 2576 4124 τῆς
2620 4050 2719 4122 μὲν
2742 4048 2836 4104 ἐπὶ
2861 4047 2956 4103 τοῦ
2991 4045 3138 4103 λίθου
3168 4046 3414 4112 στάσεως
3439 4045 3680 4118 δεκάτῳ,

2093 4145 2190 4217 τῆς
2213 4145 2270 4199 δὲ
2296 4143 2517 4217 ἡλικίας
2546 4141 2879 4215 τριακοστῷ.

1857 4408 2081 4475 CAPUT
2115 4410 2228 4475 XV.

929 4535 1203 4599 Curantur
1228 4534 1491 4596 ob'structa
1515 4539 1691 4603 alvus,
1713 4542 1939 4605 edacitas,
1974 4540 2250 4606 sterilitas,
2286 4538 2654 4603 haemorrhois,
2692 4533 2846 4593 dolor
2880 4535 3139 4593 dentium.

477 4656 598 4717 “8'.
628 4659 767 4729 Quae
787 4677 955 4733 porro
982 4663 1336 4733 contigerunt
1387 4675 1587 4715 novam
1618 4661 1801 4719 denuo
1844 4661 1984 4717 scri-

2164 4658 2293 4731 ριη⁹.
2322 4657 2404 4714 Τὰ
2432 4657 2476 4711 δ’
2508 4656 2761 4712 ἐντεῦθεν
2791 4655 2967 4728 ἀρχὴν
2997 4655 3076 4728 τῷ
3099 4653 3244 4723 λόγῳ
3272 4650 3434 4707 πάλιν
3482 4649 3685 4723 ἑτέραν

400 4753 570 4811 bendi
602 4755 889 4809 materiam
923 4754 1278 4825 suppeditant
1311 4770 1325 4806 :
1358 4753 1487 4807 talia
1510 4765 1692 4809 autem
1721 4762 1982 4826 tantaque

405 4850 552 4905 sunt,
590 4850 674 4907 ut,
708 4842 928 4898 tametsi
959 4842 1097 4897 nihil
1117 4841 1270 4896 aliud
1298 4840 1507 4898 dictum
1544 4845 1760 4912 fuisset,
1803 4846 1981 4901 videri

400 4931 617 5000 possint
692 4930 879 4984 omnia
962 4929 1355 4985 miraCulorum
1408 4934 1707 5004 gratiaeque
1780 4936 1982 4990 divinae

406 5021 610 5078 ﬂuenta
657 5021 1019 5087 exhausisse;
1066 5020 1314 5092 adeoque
1348 5039 1456 5078 non
1489 5025 1651 5081 modo
1694 5026 1979 5096 descriptu

403 5115 499 5171 sed
523 5115 611 5170 vel
643 5121 971 5170 enumeratu
1004 5129 1264 5187 perquam
1290 5114 1532 5172 difﬁcilia
1560 5132 1703 5173 esse.
1753 5117 1984 5173 Sistitur

399 5217 594 5263 sancto
669 5206 1080 5261 adulescentula
1151 5208 1420 5277 quaedam,
1502 5219 1701 5281 praeter
1776 5216 1986 5263 naturae

405 5299 657 5354 ordinem
690 5295 886 5351 morbo
919 5303 1159 5352 tentata:
1190 5315 1298 5353 non
1321 5300 1469 5354 enim
1501 5316 1722 5355 secessu
1748 5298 1986 5354 naturali

406 5388 706 5443 demissum
748 5384 807 5440 in
835 5393 1087 5441 ventrem
1150 5387 1357 5455 cibum,
1406 5389 1502 5445 sed
1546 5405 1644 5460 per
1695 5388 1984 5444 matricem

407 5479 696 5535 reddebat.
748 5477 1016 5548 Imposuit
1063 5479 1159 5537 ille
1206 5483 1391 5539 ventri
1452 5490 1702 5549 manum,
1759 5496 1982 5537 manum

473 5658 585 5729 (53)
605 5657 680 5713 De
710 5660 925 5733 cuculla
954 5662 1156 5733 egimus
1181 5679 1347 5732 supra
1374 5661 1445 5715 ad
1477 5670 1635 5730 caput
1663 5658 1733 5715 'lO
1783 5659 1977 5733 Atutot.

400 5718 858 5866 iis‘r’tn'tticucullus
913 5718 1055 5788 ἱάὲηι
1113 5718 1292 5804 fuerit,
1349 5734 1453 5787 nisi
1481 5718 1619 5804 qu'od
1649 5748 1712 5787 ex
1759 5722 1983 5801 pellibus

401 5814 495 5851 mn
524 5816 578 5852 ec
604 5817 681 5856 us.

474 5871 584 5941 (ﬁt)
615 5869 915 5931 Secundum
951 5874 1093 5930 dicta
1130 5872 1332 5930 Comm.
1375 5873 1559 5946 pratuli
1598 5889 1743 5927 num.
1774 5872 1843 5927 “.20
1875 5872 1971 5942 fuit

2091 4753 2415 4821 παρέχεται,
2446 4748 2687 4805 τοσαῦτά
2732 4766 2790 4803 τε
2832 4750 2929 4802 καὶ
2954 4744 3183 4801 τοιαῦτα
3204 4745 3355 4809 ὄντα,
3378 4736 3466 4797 οἶα
3496 4743 3594 4797 καὶ
3625 4743 3677 4796 εί

2095 4842 2259 4913 μηδὲν
2292 4841 2481 4913 ἕτερον
2537 4839 2744 4911 εἴρητο,
2801 4834 3470 4911 μηδεμίανθαυμάτωνῆ
3523 4833 3680 4897 θείας

2090 4933 2298 4989 ἀνωθεν
2335 4934 2557 5004 χάριτος
2590 4932 2896 5003 ὑπερϐολὴν
2929 4928 3269 4991 ἀπολείπειν,
3308 4928 3404 4979 καὶ
3433 4927 3534 4979 ὅσα
3571 4927 3675 4995 οὑχ

2090 5028 2241 5091 ὅπως
2277 5026 2640 5096 συγγράφειν,
2685 5024 2820 5079 ἀλλὰ
2878 5022 3000 5094 μηδ’
3025 5021 3277 5094 ἀριθμεῖν
3311 5019 3516 5082 ἁπλῶς,
3576 5018 3680 5087 ρᾲ-

2091 5117 2204 5171 διον
2258 5113 2420 5170 εἶναι.
2455 5115 2802 5187 Προσάγεται
2845 5114 2954 5185 γάρ
2980 5126 3063 5176 τις
3094 5111 3245 5181 αὐτῷ
3295 5111 3477 5171 νεᾶνις
3514 5107 3669 5176 παρὰ

2089 5209 2151 5262 τὸ
2184 5210 2331 5274 εἰκὸς
2357 5209 2455 5280 τῆς
2489 5208 2705 5277 φύσεως
2739 5207 2903 5261 πάθει
2942 5202 3307 5275 κατεχομένηο
3339 5202 3401 5253 οὐ
3436 5199 3542 5269 γὰρ
3586 5198 3680 5251 διὰ

2091 5302 2201 5354 τῶν
2238 5301 2380 5355 κατὰ
2415 5300 2579 5370 φύσιν
2612 5301 2809 5367 ἑξόδων
2832 5297 3138 5371 quemme
3170 5294 3259 5348 διὰ
3306 5291 3409 5363 τῆς
3461 5292 3683 5361 μήτρας

2095 5390 2374 5463 ὑπεχώρει
2411 5394 2480 5446 τὰ
2513 5393 2594 5455 είς
2625 5389 2871 5459 γαστέρα
2898 5388 3065 5443 σιτία.
3097 5387 3271 5457 Χεῖρα
3298 5384 3477 5437 τοίνυν
3507 5381 3683 5448 αὑτῆς

2094 5482 2307 5545 ἐπιθεὶς
2344 5484 2411 5554 τῇ
2440 5482 2641 5553 κοιλία,
2674 5481 2835 5552 χεῖρα
2864 5480 3001 5550 πρὸς
3043 5476 3177 5531 Θεὸν
3210 5477 3299 5529 ἀεὶ
3327 5472 3530 5545 νοερῶς
3590 5473 3682 5524 al-

2093 5660 2175 5715 hic
2192 5676 2365 5716 annus
2383 5660 2576 5717 Christi
2594 5660 2717 5722 551,
2741 5676 2843 5725 quo
2866 5654 3070 5711 Pascha
3094 5654 3412 5708 celebratum
3428 5650 3462 5706 9
3483 5646 3682 5721 Aprilis

2091 5731 2433 5785 Pentecosten
2463 5732 2639 5786 attulit
2665 5732 2734 5786 98
2762 5731 2909 5793 Maii,
2931 5738 2981 5781 et
3004 5726 3333 5779 Dominicam
3355 5728 3679 5792 sequentem,

2093 5819 2201 5872 qua
2232 5802 2535 5857 columnam
2577 5802 2811 5858 ascendit
2848 5807 3061 5856 sanctus
3086 5798 3121 5851 4
3145 5797 3311 5851 Junii.
