4018 6390
260 386 396 453 3097

1295 388 1473 449 VITA
1512 389 1559 446 A
1592 382 2031 447 NICEPIIORO
2063 384 2379 476 CONSCRI
2392 386 2550 448 ΡΤΑ.

3400 388 3539 450 3098

260 506 528 578 ρομένην,
551 472 649 558 καὶ
675 501 809 575 παρ’
831 503 999 558 αὐτοῦ
1028 505 1136 559 πᾶν
1165 505 1304 577 ὅπερ
1340 507 1408 560 ἂν
1435 505 1650 575 αἱτήσοι
1688 502 1792 556 πάλ
1805 521 1830 555 ιτ

1954 519 2147 559 versus
2171 505 2344 559 Deum
2362 521 2582 575 semper
2611 503 3050 561 intentionaliter
3069 504 3291 569 elatam,
3316 520 3539 561 manum

258 598 678 669 λαμϐάνουσαν,
710 598 811 669 τήν
836 613 895 649 τε
932 597 1268 669 δημιουργὸν
1299 598 1491 669 σοφίαν
1527 596 1619 650 τὸν
1649 595 1853 665 Κύριον

257 691 422 762 ἡμῶν
469 689 942 762 ἐπικαλεσάμενος
991 691 1085 744 καὶ
1129 690 1263 745 Θεὸν
1295 690 1388 744 τὸν
1416 690 1544 743 Υίὸν
1572 688 1667 741 τοῦ
1693 685 1849 751 Θεοῦ,

1967 614 1996 652 a
2022 599 2134 652 Deo
2154 598 2424 669 quidquid
2448 598 2675 668 petierit
2714 598 3142 668 impetrantem;
3177 607 3345 668 atque
3387 598 3542 651 invo-

1959 688 2104 745 cavit
2171 689 2440 746 artiﬁcem
2495 689 2855 761 Sapientiam,
2921 688 3218 745 Dominum
3285 698 3538 745 nostrum

256 784 596 838 ἀπαλλάττει
646 783 745 854 τὴν
796 786 978 837 νεᾶνιν
1034 781 1127 836 τοῦ
1193 783 1419 847 πάθους,
1450 782 1544 835 καὶ
1580 779 1725 833 κατὰ
1753 778 1830 846 φύ

1959 781 2159 837 Filium
2180 783 2275 837 Dei
2311 799 2324 836 :
2365 764 2556 852 sicque
2594 782 2848 838 liberavit
2867 781 3107 853 puellam
3131 781 3350 847 morbo,
3370 791 3425 838 et
3452 797 3538 838 se-

255 896 338 931 σιν
411 878 821 946 ἀποκαθίστησι
879 878 1106 950 ταύτην.
1146 878 1330 950 Ὅπερ
1396 875 1712 946 τηλικοῦτον
1766 873 1846 941 ὃν,

252 969 491 1037 ἀδελφὸν
520 970 603 1032 είς
631 967 913 1041 θαύματος
937 969 1094 1039 λόγον
1121 970 1234 1041 ἔχει
1260 972 1322 1025 τὸ
1354 970 1719 1040 ἐπαγόμενον.

318 1145 458 1220 ριθ’.
501 1149 683 1221 Ἀνδρὶ
728 1149 839 1222 γάρ
869 1167 979 1204 τινι
1005 1149 1103 1223 τὴν
1147 1148 1340 1220 κλῆσιν
1380 1148 1701 1219 Ἐπιφανίῳ,
1734 1146 1847 1201 Χα-

260 1241 592 1314 ρανδαμενῷ
652 1242 755 1313 τὴν
814 1242 1029 1314 κώμην,
1063 1240 1274 1297 παιδίον
1334 1242 1469 1295 ὡσεὶ
1509 1242 1718 1312 τριετὲς
1755 1236 1846 1310 ἦν,

248 1330 453 1403 λίχνως
481 1349 543 1386 τε
575 1332 706 1403 περὶ
732 1332 833 1403 τὴν
861 1333 1044 1406 ὄρεξιν
1077 1333 1223 1404 ἔχον,
1246 1332 1340 1387 καὶ
1364 1332 1612 1395 πλείονος
1638 1331 1671 1402 ἢ
1706 1330 1847 1385 κατὰ

251 1425 357 1495 τὴν
393 1425 615 1494 ἠλικίαν
640 1418 851 1496 τροφῆς
898 1423 1263 1495 πιπλάμενον.
1300 1424 1526 1496 Συμσὰν
1558 1423 1847 1493 τοιγαροῦν

250 1516 411 1587 αὐτῷ
434 1515 505 1569 τὰ
532 1514 663 1586 περὶ
694 1515 940 1587 γαστέρα
1000 1516 1392 1588 διαφραγῆναι,
1427 1517 1547 1571 οὐδὲ
1569 1511 1635 1569 δι’
1666 1517 1845 1569 ὲνιαυ-

247 1606 346 1661 τοῦ
380 1607 451 1661 τὰ
486 1605 546 1672 ἐξ
576 1608 748 1679 αὐτῆς
782 1607 1084 1680 ὑπεχώρει.
1111 1611 1223 1663 Καὶ
1254 1611 1313 1662 τὸ
1344 1608 1442 1679 μὲν
1475 1610 1582 1663 ὑπὸ
1623 1608 1719 1661 τοῦ
1747 1609 1841 1676 ὅγ-

248 1707 347 1752 κοὊ
379 1698 483 1770 ἤδη
512 1698 878 1769 ῥηγνύμενον.
906 1699 1172 1770 κλαυθμῷ
1202 1682 1497 1770 συνείχετο,
1523 1702 1718 1771 πικρὸν
1749 1700 1842 1754 καὶ

245 1790 304 1845 τὸ
332 1791 509 1860 γλυκὺ
532 1791 701 1844 πᾶσιν
736 1790 888 1862 ἡλίου
922 1791 1037 1860 φῶς
1077 1794 1192 1855 τοῖς
1244 1792 1497 1847 τεκοῦσιν
1535 1792 1841 1864 ἐργαζομὲο

1956 872 2202 929 cundum
2224 880 2477 927 naturam
2516 875 2799 929 exonerari
2829 874 2960 930 fecit
2983 874 3117 943 (35).
3139 872 3296 940 Quod
3321 882 3535 928 tantum

1955 980 2082 1020 cum
2114 964 2208 1027 sit,
2241 964 2408 1018 habet
2437 974 2619 1020 tamen
2643 965 2794 1020 aliud
2827 966 2882 1019 in
2915 965 3131 1020 ratione
3147 965 3399 1020 miraculi
3424 965 3529 1019 sibi

1954 1073 2075 1128 par,
2099 1057 2153 1112 id
2180 1056 2328 1125 quod
2350 1057 2719 1113 subnectitur.

2027 1151 2149 1206 H9.
2198 1149 2430 1207 Cuidam
2463 1152 2605 1217 viro,
2657 1150 2970 1221 Epiphanio
3033 1151 3279 1213 nomine,
3329 1165 3359 1205 e
3397 1165 3533 1220 pago

1951 1242 2409 1299 Cbarandameno
2430 1284 2446 1307 ,
2474 1259 2612 1314 puer
2641 1251 2764 1297 erat
2802 1242 3027 1297 circiter
3059 1243 3312 1306 triennis,
3341 1241 3533 1295 insana

1950 1334 2185 1391 vorandi
2214 1335 2517 1406 cupiditate
2540 1343 2801 1396 :estuans,
2835 1343 2893 1388 et
2934 1332 3131 1403 majori
3187 1348 3350 1402 quam
3384 1331 3534 1386 artati

1951 1428 2035 1482 illi
2074 1428 2357 1494 convenit,
2398 1426 2645 1481 alimenti
2692 1426 2851 1497 copia
2896 1441 2955 1482 se
3003 1424 3264 1481 farciens.
3318 1423 3537 1479 Accidit

1952 1517 2197 1573 helluoni
2242 1517 2374 1572 huic
2400 1518 2474 1572 ita
2497 1517 2715 1572 obstrui
2744 1517 2950 1582 alvum,
3007 1523 3069 1571 ut
3115 1530 3262 1572 anno
3318 1515 3534 1585 integro

1949 1610 2240 1667 exonerari
2265 1626 2379 1664 non
2408 1620 2617 1680 posset.
2650 1610 2720 1664 Et
2744 1610 2838 1664 ille
2858 1609 3084 1680 quidem
3113 1608 3288 1664 nimio
3312 1617 3534 1664 tumore

1948 1712 2167 1776 ruptus,
2202 1703 2488 1774 perpetuis
2521 1703 2847 1769 indulgebat
2868 1704 3128 1775 lacrymis
3179 1721 3192 1757 :
3234 1702 3440 1774 quibus
3476 1709 3533 1757 et

1947 1796 2294 1868 pereuntibus,
2325 1804 2541 1867 gratum
2568 1796 2705 1851 alias
2760 1797 2942 1851 solare
2990 1796 3179 1851 lumen
3206 1837 3221 1861 ,
3266 1795 3532 1851 acerbum

244 1900 320 1953 νῳ
345 1900 362 1915 ·
392 1884 440 1936 οἱ
473 1881 531 1936 δὲ
586 1883 770 1953 πάσης
811 1882 980 1953 ἄλλης
1025 1883 1395 1956 ἀπορούμενοι
1427 1884 1749 1958 θεραπείας.
1776 1884 1830 1939 τὲ

1947 1867 2187 1945 reddidit
2214 1897 2381 1958 atque
2411 1887 2677 1943 invisum.
2705 1886 2772 1941 Hi
2819 1902 2954 1943 vero
2976 1886 3128 1941 omni
3187 1886 3294 1941 alia
3353 1885 3529 1941 desti-

243 1972 395 2027 θεῖον
434 1973 584 2044 αὑτῷ
607 1975 703 2028 τοῦ
728 1976 956 2048 Συμεὼν
1004 1977 1177 2050 ὄνομα
1224 1981 1553 2052 κατεπῇδον,
1607 1980 1689 2035 ἔτι
1743 1982 1837 2035 καὶ

243 2063 348 2134 τῆς
374 2065 590 2119 ἐκείνου
624 2067 827 2131 κόνεως
857 2068 1353 2142 αὑτῷὲπιχρίοντες
1389 2073 1530 2144 (οὐδὲ
1584 2074 1696 2144 γὰρ
1736 2078 1838 2146 τῆς

240 2158 435 2228 φήμης
490 2156 597 2211 τῶν
651 2160 745 2213 τοῦ
806 2162 997 2231 ἀνδρὸς
1041 2161 1335 2233 θαυμάτων
1389 2167 1623 2235 ἀμαθεῖς
1666 2164 1830 2238 ἦσαν,

238 2249 339 2318 οὐχ
384 2243 552 2320 ἧττον
598 2247 834 2322 ἢαύγῆς
884 2253 1035 2323 ἡλίου
1064 2254 1351 2324 βλέποντες
1401 2257 1715 2329 ὀφθαλμοὶ),
1741 2262 1834 2315 καὶ

237 2339 298 2393 τὸ
340 2340 443 2410 μὲν
474 2341 687 2395 παιδίον
724 2343 889 2408 εὐθὺς
911 2347 1041 2416 ῥᾷον
1066 2343 1205 2417 εἶχε,
1236 2350 1491 2421 καθάπερ
1522 2351 1674 2422 αὐτῷ
1729 2352 1832 2420 τῆς

237 2430 455 2500 τροφῆς
508 2433 590 2494 είς
642 2433 987 2506 ἀνυπαρξίαν
1042 2439 1350 2510 χωρούσης·
1377 2443 1444 2495 τὰ
1470 2442 1527 2496 δὲ
1553 2445 1673 2497 κατ’
1700 2443 1833 2498 αὐτὸ

239 2518 329 2575 διὰ
362 2522 648 2593 θαύματος
675 2526 855 2579 ἔκειτο
890 2529 1005 2593 τοῖς
1034 2531 1271 2595 πολλοῖς,
1307 2532 1420 2586 ὅσοι
1451 2550 1509 2586 τε
1534 2535 1689 2606 ὁρᾷν,
1717 2536 1831 2589 ὅσοι

241 2631 300 2668 τε
331 2615 464 2686 περὶ
488 2615 657 2670 αὑτοῦ
703 2618 1001 2687 μανθάνειν
1029 2616 1195 2692 εἶχον,
1228 2622 1333 2687 ἕως
1364 2624 1519 2696 παρὰ
1548 2625 1638 2679 τὸν
1674 2626 1829 2694 ἅγιον

237 2707 564 2771 κομισθέντι
591 2711 752 2779 χεῖρα
772 2711 1075 2776 κάνταῦθα,
1103 2716 1260 2785 χεῖρα
1291 2717 1425 2786 προς
1456 2717 1588 2770 Θεὸν
1615 2718 1829 2787 ίσχύουο

238 2815 361 2860 σαν,
399 2798 633 2873 ὲπιθελς,
662 2801 761 2867 τὰς
808 2801 1062 2875 συνήθεις
1108 2807 1174 2877 τῇ
1204 2804 1365 2876 φύσει
1413 2809 1575 2862 πάλιν
1609 2810 1827 2875 ἐξόδους

237 2890 549 2946 ἅποδεδὼκε
560 2910 595 2946 ι.

309 2983 414 3052 ρκ’.
446 2982 827 3055 Πρεσϐύτερός
858 3003 943 3051 τις
987 2986 1094 3042 ἀπὸ
1119 2988 1322 3061 χωρίου
1367 2990 1700 3061 Παράδεισος
1747 2992 1829 3047 λε-

235 3074 497 3145 γομένου,
521 3075 726 3146 Θωμᾶς
747 3076 938 3148 ὄνομα,
963 3079 1264 3150 ἀναθέματι
1295 3083 1389 3137 τὸν
1412 3083 1553 3137 θεῖον
1581 3085 1827 3157 Συμεὼν,

236 3166 336 3221 οὐκ
369 3160 467 3220 οἷδ’
489 3167 614 3220 ὅθεν
641 3169 736 3222 καὶ
766 3170 934 3236 ὅπως,
960 3171 992 3240 ἢ
1026 3170 1206 3246 φθόνῳ
1233 3176 1450 3240 πάντως
1479 3175 1571 3231 τοῦ
1598 3176 1829 3247 βασκαί-

236 3276 351 3314 νειν
380 3258 592 3314 ἄνωθεν
624 3261 737 3324 τοῖς
766 3261 951 3327 καλοῖς
986 3266 1276 3333 πεφυκότι,
1309 3268 1695 3340 ύποϐεὸλήκει.
1729 3263 1828 3323 Οὗ-

236 3366 328 3415 τος
355 3352 432 3414 ὡς
456 3352 537 3415 είς
565 3350 778 3423 δυσμὰς
808 3355 1037 3424 ἀφίκετο
1064 3355 1203 3426 βῖου.
1240 3358 1332 3411 καὶ
1361 3361 1392 3428 ὴ
1421 3358 1568 3433 ψυχὴ
1604 3362 1834 3436 χωρίζε-

239 3443 364 3496 σθαι
398 3444 501 3515 ᾕδη
535 3443 631 3496 τοῦ
685 3443 939 3515 σώματος
992 3446 1239 3518 ἔμελλεν,
1287 3453 1683 3508 ἁποκέκλειστο
1734 3454 1833 3525 μὲν

237 3534 389 3604 αὐτῷ
419 3537 453 3605 ή
488 3538 664 3606 φωνὴ,
699 3536 857 3601 δίκας
883 3537 1073 3608 ὥσπερ
1121 3540 1224 3609 τῆς
1250 3543 1331 3604 είς
1364 3542 1455 3595 τὸν
1490 3544 1648 3613 ἅγιον
1683 3546 1833 3600 ἐκτί-

236 3643 404 3680 νουσα
453 3627 827 3699 βλασφημίας,
878 3632 929 3683 οί
976 3633 1245 3704 ὀφθαλμοὶ
1291 3635 1346 3688 δὲ
1385 3636 1578 3706 ἄγριόν
1635 3656 1686 3693 τι
1738 3640 1833 3693 καὶ

237 3719 644 3789 τεταραγμένον
674 3720 973 3792 ἀνεῳγότες
999 3720 1158 3796 ἦσαν,
1176 3727 1288 3780 ἄνω
1307 3726 1599 3796 βλέποντες
1622 3733 1715 3785 καὶ
1744 3735 1834 3787 ού-

238 3808 293 3861 δὲ
322 3808 493 3879 μῦσαι
531 3809 824 3880 δυνάμενοι
848 3828 862 3843 °
897 3814 1186 3888 καὶταύτῃ
1236 3817 1421 3882 δεινῶς
1454 3819 1585 3891 ἄχρι
1631 3825 1723 3876 καὶ
1751 3827 1833 3890 εἵς

236 3901 505 3973 ἐξήκοντα
536 3904 752 3974 ἡμέρας
800 3905 1054 3977 ἠτάξετο,
1086 3909 1119 3980 ἢ
1160 3912 1498 3979 ἐπαιδεύετο,
1531 3916 1564 3988 ἢ
1601 3919 1830 3987 ἐμαστί-

236 3992 379 4057 ζετο,
412 3992 447 4064 ἢ
478 3994 579 4048 οὐκ
617 3988 715 4049 οἷδ’
740 3997 769 4050 ὅ
793 4014 847 4051 τι
876 3998 984 4070 χρὴ
1007 4003 1393 4073 προσαρμόσαι
1435 4005 1512 4076 τῷ
1543 4008 1832 4079 πράγματι

232 4078 423 4155 δνομα.
460 4084 588 4150 Τοῖς
607 4082 741 4155 γοῦν
767 4089 1070 4160 περιοίκοις
1093 4093 1189 4146 καὶ
1213 4094 1328 4149 ὅσοι
1355 4095 1431 4167 τῷ
1457 4097 1610 4171 ἀνδρὶ
1637 4078 1833 4169 ἐκίγει-

231 4176 401 4231 τόνων
431 4177 753 4249 ἐτύγχανον,
792 4179 854 4234 ού
888 4181 1148 4237 συλλαλιὰ
1193 4185 1329 4257 πρὸς
1360 4187 1625 4258 ἀλλήλους
1669 4191 1832 4262 μόνον

230 4262 299 4339 ἢν
324 4268 388 4323 τὸ
410 4271 492 4333 είς
520 4271 684 4325 αὑτὸν
712 4273 957 4341 γεγονὸς,
992 4273 1129 4330 ἀλλὰ
1183 4280 1277 4332 καὶ
1320 4279 1457 4351 πρὸς
1486 4280 1621 4335 Θεδν
1667 4283 1824 4354 εὐχὴ,

230 4357 461 4431 λυθῆναι
490 4360 591 4432 τὴν
626 4364 903 4437 μηκίστην
930 4368 1025 4421 καὶ
1058 4369 1456 4443 χαλεπωτάτην
1481 4374 1701 4446 ἐκείνην
1728 4378 1829 4430 αὐ-

230 4449 306 4520 τῷ
333 4453 628 4522 τιμωρίαν.
654 4455 765 4508 Καί
786 4473 915 4510 ποτε
940 4458 1154 4513 πολλῶν
1179 4462 1307 4533 περὶ
1329 4464 1493 4517 αὐτον
1515 4464 1828 4536 ἁθροισθέν-

1946 1985 2048 2039 tuti
2078 1999 2203 2054 ope,
2245 1982 2499 2039 divinum
2521 1983 2816 2055 Symeonis
2851 1999 3066 2039 nomen
3117 1998 3286 2053 super
3351 1982 3527 2037 ﬁlium

1945 2078 2228 2143 invocant,
2289 2078 2654 2151 ejusdemque
2700 2078 2990 2149 pulverem
3026 2078 3130 2147 ipsi
3196 2078 3528 2146 inspergunt

1947 2169 2148 2241 (neque
2177 2169 2325 2224 enim
2359 2168 2533 2239 ignari
2561 2176 2723 2222 erant
2767 2167 2945 2233 famaa,
2988 2167 3058 2222 de
3097 2166 3365 2221 mirandis
3422 2164 3527 2219 viri

1943 2261 2207 2331 operibus
2230 2262 2338 2317 late
2369 2277 2597 2331 sparsm,
2629 2276 2739 2315 non
2784 2260 2969 2315 minus
2995 2275 3161 2329 quam
3197 2258 3343 2313 oculi
3374 2265 3526 2311 recte

1941 2354 2181 2408 ordinati
2213 2352 2558 2423 splendentis
2584 2353 2719 2409 solis
2765 2353 2949 2408 media
2993 2351 3107 2423 dic)
3136 2359 3192 2406 et
3234 2348 3526 2406 confestim

1939 2447 2119 2503 levius
2163 2446 2371 2502 habere
2403 2446 2572 2515 coepit
2597 2461 2753 2515 puer,
2792 2460 2949 2514 aeque
2978 2462 3039 2500 ac
3064 2446 3106 2498 si
3147 2444 3196 2498 ei
3226 2444 3384 2498 cibus
3430 2457 3528 2510 per

1940 2551 2220 2592 secessum
2245 2537 2634 2600 emitteretur;
2701 2536 2964 2589 omnibus
3015 2543 3198 2588 autem
3248 2539 3343 2601 qui
3394 2545 3524 2583 eum

1936 2628 2201 2682 videbant
2231 2627 2314 2683 vel
2347 2627 2649 2681 audiebant
2684 2626 2753 2681 de
2786 2627 2879 2681 illo
2914 2634 3037 2681 erat
3072 2623 3308 2693 stupori,
3347 2622 3523 2676 donec

1937 2726 2163 2772 sanctus
2186 2717 2372 2771 delato
2397 2718 2463 2771 ad
2487 2734 2545 2772 se
2564 2732 2813 2781 manum,
2841 2716 2987 2786 apud
3022 2717 3194 2769 Deum
3223 2712 3522 2783 plurimum

1934 2810 2243 2870 valentem,
2310 2809 2633 2877 imponens,
2696 2816 2909 2863 naturae
2961 2816 3258 2863 consuetos
3311 2815 3525 2860 meatus

1938 2902 2139 2955 iterum
2160 2900 2453 2953 reseravit.

2009 2990 2131 3046 120.
2167 2991 2466 3061 Presbyter
2491 2990 2717 3059 quidam
2752 3007 2821 3046 ex
2862 2991 2985 3046 loco
3014 2990 3107 3059 qui
3158 2987 3367 3042 dicitur
3416 2987 3522 3041 Pa-

1936 3084 2155 3139 radisus
2187 3085 2322 3152 (56),
2358 3084 2599 3139 Thomas
2634 3084 2881 3148 nomine,
2919 3083 3248 3154 SymeOncm
3288 3079 3521 3134 anathe-

1938 3180 2070 3234 mati
2101 3180 2437 3249 subjecerat,
2471 3178 2662 3231 nescio
2689 3191 2860 3246 quare
2916 3182 3011 3228 aut
3047 3172 3348 3243 quomodo,
3413 3168 3521 3222 nisi

1933 3290 2002 3328 ex
2023 3273 2138 3327 sola
2173 3270 2400 3332 invidia,
2427 3270 2813 3338 praestantiora
2847 3280 3079 3335 quaeque
3128 3263 3288 3334 aegris
3319 3260 3523 3315 intueri

1934 3368 2119 3423 solita.
2154 3366 2291 3420 Cum
2329 3363 2421 3419 hic
2463 3362 2530 3417 ad
2554 3364 2682 3418 vitae
2715 3376 2975 3417 occasum
3010 3357 3224 3427 magnis
3265 3355 3522 3425 passibus

1935 3455 2387 3526 progrederetur,
2452 3453 2678 3523 jamque
2762 3451 2962 3505 animae
3037 3447 3422 3517 emigrandum
3492 3462 3523 3500 e

1933 3559 2171 3613 corpore
2190 3551 2367 3608 esset;
2421 3557 2527 3596 vox
2560 3541 2677 3610 ipsa
2744 3540 2894 3594 velut
2926 3538 3111 3607 impiae
3141 3537 3198 3591 in
3257 3545 3517 3591 sanctum

1934 3635 2290 3706 blasphemiae
2335 3648 2530 3703 poenas
2578 3633 2800 3687 solvens
2853 3629 3358 3693 intercludebatvr,
3391 3643 3526 3682 ocu-

1931 3729 2084 3798 lique
2113 3726 2487 3781 truculcntum
2519 3739 2583 3777 ac
2626 3721 2913 3776 turbidum
2966 3722 3023 3775 in
3070 3719 3294 3775 modum
3320 3719 3519 3788 aperti,

1933 3834 2152 3876 sursum
2184 3816 2539 3887 aspectabant
2559 3823 2613 3869 et
2643 3829 2713 3870 ne
2735 3814 2945 3869 nictare
2974 3812 3203 3882 quidem
3242 3810 3519 3874 valebant,

1932 3921 2100 3982 atque
2130 3911 2211 3965 ita
2242 3912 2297 3963 in
2325 3908 2723 3978 sexagesimum
2748 3921 2923 3978 usque
2953 3905 3100 3960 diem
3131 3902 3517 3972 torquebatur,

1935 4015 2034 4061 aut
2062 4003 2454 4074 castigabatur,
2486 4002 2574 4056 vel
2627 4001 2811 4072 potius
2859 3996 3259 4068 ﬂagellabatur,
3302 3994 3389 4048 vel
3424 4009 3522 4047 ne-

1932 4095 2050 4151 scio
2078 4109 2190 4164 quo
2216 4091 2327 4147 alio
2352 4090 2646 4145 vocabulo.
2683 4087 2889 4144 Omnes
2910 4086 3077 4159 igitur
3106 4085 3317 4141 circum
3348 4082 3519 4138 vicini

1932 4201 2044 4242 non
2078 4184 2245 4239 modo
2268 4182 2592 4253 frequenter
2626 4180 3141 4237 sermocinabantur
3175 4178 3317 4232 inter
3352 4191 3411 4232 se
3449 4175 3519 4230 de

1934 4282 2031 4337 illo
2062 4280 2213 4351 quod
2259 4279 2363 4350 ipsi
2405 4279 2603 4345 ﬁebat;
2644 4278 2740 4333 sed
2776 4292 2972 4349 preces
3003 4291 3227 4348 quoque
3248 4274 3317 4330 ad
3344 4275 3519 4329 Deum

1935 4373 2269 4435 fundebant,
2294 4380 2354 4427 ut
2371 4372 2711 4443 longissimis
2736 4370 3188 4442 gravissimisque
3209 4368 3318 4424 illis
3346 4368 3522 4423 miser

1929 4467 2239 4536 eriperetur
2269 4464 2578 4519 tormentis.
2613 4463 2752 4519 Cum
2802 4478 2939 4519 vero
2974 4461 3276 4533 aliquando
3325 4460 3517 4531 ingens

228 4559 357 4611 των,
402 4547 499 4600 καὶ
542 4547 881 4618 φθέγξασθαί
925 4571 974 4607 τι
1034 4554 1395 4627 βιαζομένων.
1443 4561 1541 4630 τῆς
1583 4562 1829 4634 γλώττης

1939 4560 2099 4614 turba
2125 4558 2334 4612 circum
2376 4558 2556 4627 ipsum
2589 4556 2970 4619 conﬂuxisset,
3005 4564 3061 4611 et
3092 4553 3354 4624 quiddam
3389 4567 3516 4622 pro-

226 4640 376 4709 αὐτῷ
401 4640 598 4710 μικρὸν
642 4643 928 4715 ἀνεθείσης
946 4640 1054 4717 (οἶα
1085 4649 1154 4702 τὰ
1180 4650 1276 4704 τοῦ
1315 4651 1451 4704 Θεοῦ
1487 4653 1736 4725 κρίματα
1760 4656 1821 4722 l).

228 4728 296 4783 ἵν’
333 4730 487 4799 αὐτῷ
530 4749 589 4786 τε
647 4735 716 4787 τὰ
759 4737 858 4806 τῆς
906 4743 1112 4810 πικρᾶς
1144 4743 1362 4810 ἐκείνης
1398 4744 1665 4813 μάστιγος
1700 4750 1821 4818 στῇ⁹

227 4823 321 4875 καὶ
346 4823 566 4887 πολλοῖς
607 4824 790 4897 ἄλλοις
841 4820 993 4892 οὗτος
1052 4834 1267 4885 παιδεία
1304 4834 1550 4905 γένηται,
1598 4836 1823 4907 Συγχὼ·

229 4912 391 4982 ρησίν
444 4932 532 4985 μοι
590 4917 741 4987 παρὰ
792 4916 886 4971 τοῦ
914 4920 1059 4974 θείου
1098 4922 1326 4995 Συμεὼν
1371 4927 1622 4995 αἰτητέον
1668 4926 1820 4996 ὑμῖν,

226 5003 471 5073 ἀδελφοὶ,
509 5005 605 5058 τοῦ
630 5006 991 5077 ἀναθέματος,
1029 5009 1131 5080 ἔφη
1154 5029 1169 5043 ο
1199 5012 1392 5066 τούτου
1418 5015 1533 5087 γὰρ
1570 5016 1695 5086 ἄρτι
1725 5016 1822 5087 τὴν

230 5094 516 5165 παροῦσαν
546 5097 859 5170 είσπράττω
882 5100 1122 5155 κόλασιν.

302 5195 445 5260 ρκα’.
476 5189 588 5244 Καὶ
615 5191 664 5243 οἱ
695 5190 796 5261 μὲν
819 5194 1119 5265 πρεσῦείαν
1162 5195 1325 5260 εὐθὺς
1354 5199 1504 5269 παρὰ
1535 5198 1627 5253 τὸν
1668 5198 1824 5268 ἅγιον

227 5279 544 5335 στέλλονται
564 5298 579 5313 ⁸
614 5283 643 5335 ὁ
675 5282 733 5337 δὲ
766 5284 1018 5356 (καὶγὰρ
1045 5281 1112 5357 ἦν
1144 5286 1473 5360 θερμότερος
1505 5291 1573 5345 τὰ
1599 5291 1823 5346 τοιαῦτα

229 5368 429 5426 διδόναι
465 5373 668 5443 μᾶλλον
702 5374 735 5446 ἢ
769 5376 896 5441 τοὺς
926 5376 1213 5443 αἰτοῦντας
1243 5378 1567 5448 λαμϐάνειν,
1598 5376 1687 5436 οἷα
1726 5384 1822 5437 καὶ

304 5549 427 5627 (ὅὸλ
447 5550 686 5627 Meminit
730 5552 795 5608 P.
841 5554 1229 5627 Papebrochius
1266 5558 1458 5612 lectum
1510 5560 1650 5625 ‘sibi,
1695 5578 1813 5614 cum

232 5629 365 5702 esset
392 5621 638 5702 Lanuuii,
691 5627 877 5702 medici
920 5621 1026 5681 itan
1074 5630 1318 5699 ignobilis
1375 5630 1589 5702 librum,
1630 5621 1719 5686 tibi
1772 5634 1814 5685 is

229 5691 368 5746 inter
396 5691 511 5747 alia
538 5695 822 5764 asserebat,
877 5691 1119 5754 curatam
1145 5718 1179 5754 a
1219 5717 1275 5754 se
1308 5700 1540 5763 mellam
1564 5691 1810 5763 nobilem,

232 5775 535 5846 aureasque
563 5765 634 5819 ad
664 5782 789 5846 eam.
810 5776 1023 5846 mtatem
1047 5770 1308 5846 obstructo
1337 5773 1607 5846 ordinario
1640 5774 1810 5825 urina:

236 5840 409 5889 meatu
450 5837 622 5899 ipsam
662 5837 908 5895 reddebat
938 5856 1029 5895 ver
1056 5840 1381 5909 umbilicum,
1420 5843 1557 5897 unde
1588 5844 1809 5897 Immen-

1924 4649 2076 4719 loqui
2106 4653 2359 4716 cogeret;
2392 4646 2569 4701 soluta
2612 4645 2899 4716 paululum
2934 4644 3123 4713 lingua
3155 4642 3357 4711 (qualia
3389 4650 3518 4694 sunt

1925 4737 2133 4809 judicia
2169 4737 2261 4791 Dei
2311 4743 2422 4790 tam
2456 4735 2656 4790 acerbo
2682 4733 2833 4788 illum
2865 4732 3077 4802 ﬂagello
3103 4731 3424 4799 castigantis
3456 4731 3510 4784 in

1930 4830 2321 4884 documentum
2373 4828 2660 4895 aliorum!)
2714 4825 2906 4887 Venia,
2955 4823 3150 4892 inquit,
3205 4822 3513 4878 temeritate

1931 4936 2086 4985 mete,
2117 4936 2239 4991 quae
2282 4919 2535 4990 Symeoni
2573 4917 2861 4972 anathema
2902 4916 3037 4980 dixi,
3066 4914 3134 4967 ab
3174 4914 3364 4968 eodem
3414 4929 3511 4982 pe-

1934 5011 2097 5066 tenda
2133 5009 2289 5064 vobis
2336 5018 2439 5073 cst,
2493 5008 2737 5062 fratres:
2791 5005 3021 5075 hujusce
3070 5004 3216 5059 enim
3265 5003 3511 5068 sceleris,

1937 5118 2073 5172 quas
2098 5103 2319 5164 videtis,
2347 5100 2419 5155 do
2458 5115 2667 5170 pmuas.

1997 5195 2120 5249 121.
2155 5193 2277 5248 Mox
2304 5192 2382 5246 illi
2414 5191 2744 5261 legationem
2772 5189 3079 5260 expediunt
3103 5189 3171 5245 ad
3211 5198 3499 5244 sanctum:

1921 5286 2018 5355 qui
2051 5294 2110 5339 ut
2148 5294 2268 5339 erat
2314 5283 2624 5353 promptior
2652 5281 2719 5336 ad
2766 5282 3034 5347 dandum,
3074 5297 3239 5352 quam
3271 5281 3364 5350 qui
3413 5295 3506 5349 pc-

1924 5381 2115 5435 tebant
2150 5377 2218 5433 ad
2257 5375 2661 5447 accipiendum,
2705 5375 2910 5445 quique
2952 5375 3126 5446 probe
3179 5381 3413 5427 noverat
3448 5370 3510 5424 il-

1922 5557 2056 5611 libus
2092 5573 2299 5627 semper
2349 5554 2573 5610 vestibus
2614 5554 2944 5625 contingebat
2973 5569 3092 5607 eam
3137 5551 3288 5622 gravi
3336 5549 3501 5619 fetore

1923 5629 2197 5683 molestam
2222 5630 2458 5683 omnibus
2506 5642 2636 5680 esse.

1995 5700 2107 5768 (56)
2142 5701 2434 5754 Paratlisus
2456 5698 2579 5752 urbs
2605 5696 2778 5770 Syria;
2802 5695 2945 5770 apud
2972 5689 3395 5770 Ptoloma’tmtjn
3412 5703 3498 5770 re-

1918 5762 2065 5840 gione
2091 5762 2419 5836 'Laodicena,
2454 5786 2557 5823 non
2595 5762 2778 5839 praeut
2810 5762 2874 5822 ab
2904 5775 3021 5821 ortu
3052 5763 3265 5820 Orontis
3300 5762 3465 5831 ﬂuvii.
