4018 6394
476 370 617 451 3099

1688 389 1748 448 S.
1791 386 2171 447 SYMEONIS
2208 387 2572 448 JUNlORlS

3614 385 3757 451 3100

475 494 574 551 lud
608 495 664 550 in
692 494 848 551 lucro
881 510 1106 566 ponere,
1132 494 1277 563 quod
1308 494 1504 560 dabat;
1528 495 1796 550 advocato
1818 495 2065 564 discipu-

2178 494 2327 548 τοῦτο
2362 494 2550 563 σαφῶς
2601 492 2904 563 κερδαίνειν
2949 492 3106 559 εἰδὼς
3137 493 3166 548 δ
3193 492 3407 563 δίδωσι)”
3432 492 3542 547 τῶν
3580 497 3754 568 μαθηο

476 586 661 642 lorum
705 587 799 640 uni
832 586 947 654 (qui
980 584 1214 655 Symeon
1256 584 1680 654 appellabatur),
1725 600 1836 639 non
1882 584 2059 640 solum

477 679 705 750 petitam
743 676 1140 747 indulgentiam
1180 675 1366 744 dedit;
1398 676 1517 741 sed,
1549 685 1609 731 ut
1631 675 1865 731 affectus
1890 675 2062 729 animi

479 770 622 827 data:
661 773 835 825 veniae
865 771 1195 841 coniunctus
1244 770 1469 825 fratrem
1499 769 1721 840 plenius
1749 768 2065 822 consolare-

479 870 610 917 tur:
644 862 811 931 Cape,
836 863 1036 932 inquit,
1075 879 1245 917 unum
1286 879 1351 917 ex
1380 863 1691 919 benedictis
1711 864 1972 934 panibus,
2008 872 2065 918 et

476 952 670 1008 abiens
711 969 835 1008 cum
885 955 1004 1008 istis
1039 963 1197 1023 porta
1233 956 1589 1026 presbytero;
1618 963 1674 1010 et
1721 954 1963 1010 dimittet
2011 955 2065 1010 ei

476 1044 624 1098 Deus
650 1052 939 1114 peccatum
975 1062 988 1098 :
1025 1060 1150 1098 nam
1177 1044 1342 1100 simul
1391 1054 1557 1115 atque
1608 1046 1951 1115 amplexatus
1971 1063 2067 1117 pa-

474 1148 601 1189 nem
636 1134 823 1196 fuerit,
851 1134 1178 1204 exspirabit.
1223 1135 1736 1205 Accepitcontinuo
1762 1135 2067 1205 discipulus

476 1222 569 1279 ille
599 1240 797 1293 panem
828 1242 893 1279 ac
924 1227 1167 1295 portavit
1201 1244 1215 1281 :
1254 1225 1322 1281 ad
1355 1228 1511 1294 cujus
1545 1226 1892 1296 praesentiam
1921 1241 2067 1297 teget-

474 1317 811 1387 resipiscens
844 1319 1062 1389 sibique
1084 1319 1353 1383 redditus,
1379 1319 1560 1374 libens
1586 1318 1854 1374 ambabus
1886 1319 2064 1373 mani-

475 1407 582 1463 bus
617 1425 815 1479 panem
858 1411 1284 1481 apprehendens
1329 1411 1612 1468 osculatus
1660 1419 1765 1475 est,
1802 1421 1969 1481 atque
2010 1413 2067 1467 in

476 1504 598 1573 ipso
626 1504 881 1574 amplexu
907 1504 1163 1574 Spiritum
1192 1502 1473 1558 reddidit:
1502 1502 1739 1558 dixisses
1761 1504 2068 1573 emigrandi

476 1592 795 1650 facultatem
828 1604 956 1651 ante
987 1612 1098 1651 non
1121 1595 1377 1650 obtinere
1401 1596 1671 1666 potuisse,
1707 1595 1804 1651 sed
1838 1596 1904 1652 ad
1947 1612 2071 1667 gra-

475 1686 629 1742 viora
660 1688 984 1743 sustinenda
1020 1689 1294 1744 violenter
1337 1688 1622 1743 detentum
1648 1706 1662 1754 ;
1696 1689 1875 1744 donec
1904 1704 1935 1743 a
1965 1688 2068 1761 Sy-

477 1796 861 1852 mcone,quem
880 1785 1090 1839 scilicet
1109 1783 1464 1853 blasphemus
1478 1782 1808 1854 impetierat,
1824 1799 1854 1839 e
1870 1798 2069 1853 corpoc

2164 586 2274 640 τῶν
2330 586 2426 640 ἕνα
2480 584 2737 648 καλέσας,
2789 582 3014 655 Συμεὼν
3066 584 3166 657 τὴν
3215 584 3614 655 προσηγορίαν,
3654 587 3760 658 οὐχ

2166 678 2354 742 ἀπλῶς
2400 677 2584 730 δίδωσι
2628 677 2853 748 ταύτην,
2902 676 3016 729 ἀλλ’
3047 676 3135 730 ἵνα
3165 676 3258 730 καὶ
3291 676 3532 742 διάθεσις
3571 678 3762 751 ψυχῆς

2164 771 2229 839 τῇ
2257 766 2559 840 συγγνώμῃ
2590 770 2791 837 προσῇ,
2824 767 2915 820 τὸν
2945 767 3175 836 ἀδελφὸν
3205 768 3300 820 ἐπὶ
3345 767 3508 823 πλέον
3552 770 3783 841 πληρο..

2169 859 2436 931 φοροῦσα,
2468 857 2631 925 Ἕνα,
2652 859 2808 930 φησὶ,
2833 857 2942 911 τῶν
2961 858 3059 928 τῆς
3077 858 3328 928 εὐλογίας
3348 860 3527 931 ἀρτων
3550 860 3759 925 λαϐὼν,

2165 951 2319 1007 ἄπιθι
2379 954 2478 1007 σὺν
2540 953 2725 1017 αὐτοῖς
2792 952 3034 1022 κομίξων
3091 952 3169 1023 τῷ
3226 953 3608 1025 πρεσϐυτέρῳ,
3659 957 3763 1009 καὶ

2167 1044 2503 1114 ἀφεθήσεται
2530 1044 2679 1115 αὐτῷ
2712 1046 2746 1115 ἠ
2777 1044 3025 1116 ἁμαρτία
3054 1045 3208 1116 παρὰ
3228 1045 3389 1099 Θεοῦ⁶
3423 1045 3763 1117 ἀσπασάμε-

2167 1152 2256 1198 νος
2282 1134 2393 1206 γὰρ
2426 1136 2519 1189 τδν
2560 1136 2724 1207 ἄρτον
2765 1136 2924 1200 εὐθὺς
2968 1137 3369 1193 ἀναπαύσεται.
3421 1138 3528 1190 Τοῦ
3566 1138 3622 1191 δὲ
3667 1140 3763 1194 τὸν

2169 1227 2334 1299 ἄρτον
2356 1228 2554 1282 αὐτίκα
2579 1228 2837 1292 λαϐόντος
2869 1229 2964 1282 καὶ
2995 1229 3343 1299 κομίσαντος,
3376 1229 3511 1302 πρὸς
3541 1231 3640 1301 τὴν
3663 1232 3766 1285 αὐ·

2168 1319 2262 1372 τοῦ
2290 1319 2589 1391 παρουσίαν
2623 1320 2831 1384 ἐκεῖνος
2852 1320 3184 1388 ἀνενεγκὼν,
3208 1322 3459 1393 ἀσμένως
3480 1341 3539 1377 τε
3569 1326 3765 1395 χερσὶν

2171 1412 2512 1482 ἀμφοτέραις
2533 1410 2826 1480 δεξάμενος
2856 1412 2952 1465 καὶ
2977 1412 3232 1482 φιλήσας,
3262 1415 3656 1468 συναποδίδωσι
3683 1418 3765 1487 τῷ

2171 1504 2451 1575 ἀσπασμῷ
2503 1504 2600 1556 καλ⁵
2646 1502 2703 1555 τὸ
2751 1502 2991 1573 πνεῦμα,
3037 1503 3289 1576 καθάπερ
3333 1506 3642 1577 ἐκδημῆσαι
3684 1509 3766 1581 μὴ

2174 1593 2646 1664 συγχωρούμενον,
2694 1592 2830 1647 ἀλλά
2888 1592 2983 1646 καὶ
3040 1593 3322 1664 βιαιότατα
3371 1598 3766 1668 κατεχόμενιον,

2172 1686 2269 1739 καὶ
2318 1685 2678 1755 χαλεπώτατα
2729 1686 2955 1755 πάσχον,
2986 1686 3090 1751 ἕως
3139 1686 3290 1757 παρὰ
3334 1688 3428 1741 τοῦ
3473 1690 3620 1745 θείου
3661 1693 3768 1746 Συ-

2177 1778 2344 1851 μεὼν,
2379 1779 2460 1840 είς
2494 1776 2554 1831 ὃν
2589 1776 2788 1849 δηλαδὴ
2823 1780 2918 1831 καὶ
2959 1779 3028 1833 τὰ
3060 1780 3157 1850 τῆς
3191 1781 3564 1853 βλασφημίας,
3598 1788 3630 1854 ἡ
3667 1785 3767 1838 λύ-

480 1886 539 1925 re
567 1846 868 1928 excedendi
892 1875 1054 1928 venia
1077 1846 1489 1943 apportaretur.
1514 1846 1691 1941 Atque
1713 1874 1817 1928 hoc
1843 1846 2066 1944 quid-em

2178 1846 2261 1934 σις
2316 1870 2585 1941 ἀφίκοιτο.
2632 1846 2792 1923 Ἃ).λά
2844 1869 3003 1924 τοῦτο
3063 1846 3161 1941 μέν
3191 1846 3559 1943 ’πληροῦντός
3615 1846 3769 1932 εστιν

476 1961 576 2018 Dei
600 1978 742 2032 opus
764 1974 872 2031 est,
902 1965 1034 2021 hinc
1061 1966 1337 2035 promissa
1367 1982 1467 2022 sua
1499 1965 1780 2034 implentis
1808 1972 1865 2021 et
1895 1966 2071 2021 hono-

477 2053 634 2109 rifice
657 2055 1018 2126 glorificantis
1045 2057 1191 2122 illos,
1216 2057 1310 2127 qui
1336 2057 1514 2127 ipsum
1538 2057 1846 2126 glorificare
1869 2071 2072 2127 propo-

478 2146 646 2202 situm
677 2148 918 2214 habent,
954 2149 1081 2203 inde
1110 2166 1244 2205 vero
1270 2150 1600 2221 corrigentis
1650 2150 2070 2221 revocantisqtte

479 2238 549 2292 ad
579 2239 810 2308 frugem,
836 2256 935 2311 per
966 2240 1230 2296 inflictam
1264 2241 1398 2296 huic
1440 2242 1642 2296 misero
1669 2255 1908 2311 ptenam,
1949 2243 2070 2297 illos

479 2330 575 2400 qui
604 2331 791 2402 inique
813 2342 984 2404 agunt
1004 2349 1016 2387 :
1040 2333 1095 2387 id
1117 2348 1249 2388 vero
1278 2333 1558 2403 quomodo
1589 2332 1702 2399 flat,
1730 2333 2069 2389 narrandum

478 2437 590 2479 non
631 2432 736 2479 est.

552 2513 675 2570 122.
726 2513 972 2586 Contigit
1005 2515 1062 2571 in
1089 2516 1227 2573 locis
1252 2518 1554 2580 montanis,
1588 2517 1848 2573 feminam
1879 2534 2073 2589 quam-

478 2603 604 2663 dam
638 2621 832 2674 parere
864 2608 1132 2662 infantem
1163 2617 1535 2675 tamlcaecum,
1567 2617 1626 2664 ut
1650 2610 1938 2665 oculorum
1969 2626 2072 2665 ne-

423 2686 429 2691 ’
476 2712 588 2769 que
623 2708 807 2768 partes
838 2700 979 2768 imze,
1023 2718 1204 2772 neque
1251 2703 1438 2771 orbes,
1469 2718 1649 2771 neque
1696 2703 1925 2773 vestigia
1960 2703 2072 2757 ulla

478 2789 535 2843 in
570 2789 709 2846 facie
739 2808 999 2863 expressa
1026 2794 1373 2849 viderentur.
1413 2794 1558 2849 Hinc
1600 2801 1859 2863 parentes
1905 2809 2066 2849 acer-

478 2877 696 2937 bissimi
739 2882 951 2939 doloris
1005 2886 1114 2940 telo
1163 2886 1358 2952 saucii,
1411 2885 1669 2940 tollentes
1696 2901 1956 2955 puerum,
1993 2886 2073 2940 la-

479 2987 697 3044 crymas
716 2974 885 3029 etiam
914 2977 984 3031 ab
1011 2977 1190 3033 oculis
1210 2977 1348 3031 nihil
1372 2978 1437 3032 ad
1467 2993 1525 3033 se
1547 2978 1901 3033 attinentium
1924 2979 2072 3033 ciere

480 3065 781 3129 valentem,
813 3068 882 3122 ad
907 3069 1088 3125 virum
1116 3080 1369 3126 sanctum
1406 3070 1738 3130 accelerant.
1765 3071 1982 3126 unicam
2016 3072 2071 3127 in

480 3153 789 3225 desperatis
818 3172 995 3227 spem.
1018 3158 1155 3214 Cum
1194 3168 1380 3213 autem
1406 3158 1681 3215 enitentes
1710 3158 1766 3213 in
1804 3171 2071 3227 montem,
2102 3184 2144 3240 (ι

484 3246 756 3316 tantisper
776 3247 1022 3302 laborem
1053 3248 1271 3303 itineris
1290 3249 1476 3317 quiete
1517 3248 1773 3313 levaturi,
1797 3251 2078 3307 subsedis-

482 3346 643 3403 sent,
676 3346 916 3393 cernunt
946 3347 1000 3409 (0
1039 3339 1431 3394 suavissimum
1485 3342 1861 3411 spectaculum
1901 3345 2078 3400 oculis

483 3437 778 3501 parentum
803 3431 869 3500 l),
897 3440 1134 3487 cernunt
1159 3446 1393 3501 puerum
1417 3431 1621 3488 habere
1646 3435 1839 3490 oculos
1865 3446 2079 3493 naturae

485 3536 784 3591 congruos,
839 3523 1070 3593 acieque
1104 3532 1255 3578 recte
1301 3524 1557 3580 ordinata
1596 3527 1843 3582 intueri:
1879 3544 1944 3583 ac
1987 3545 2077 3585 se-

484 3613 665 3683 posita
706 3613 858 3668 omni
908 3629 1086 3681 mora,
1118 3615 1465 3671 contentiore
1512 3618 1685 3688 gradu
1728 3619 1796 3673 ad
1826 3629 2078 3676 sanctum

483 3704 771 3771 festinant,
799 3708 1124 3763 nuntiantes
1151 3707 1591 3765 misericordiam
1629 3720 1686 3766 et
1720 3712 1995 3768 mirabilia
2024 3714 2076 3769 ei

482 3814 602 3856 sua.
635 3802 715 3857 Ita
750 3818 864 3858 non
895 3817 1022 3858 raro
1041 3806 1217 3874 gratia
1244 3804 1502 3878 Symeoni
1531 3804 1749 3860 coalitus
1780 3804 1906 3860 data
1940 3822 2080 3876 prte-

482 3894 652 3949 vertit
690 3896 989 3952 adventum
1021 3898 1293 3954 medelam
1322 3899 1651 3969 petentium,
1688 3906 1933 3968 spectata
1980 3915 2079 3954 eo-

485 3999 611 4039 rum
656 3986 827 4043 animi
855 3990 1327 4060 promptitudinc;
1362 3999 1419 4044 et
1459 3989 1777 4059 priusquam
1806 3988 1907 4059 ipsi
1937 3992 2079 4060 peti-

484 4075 694 4130 tionem
745 4093 900 4132 suam
952 4084 1334 4143 enuntiarent,
1366 4080 1460 4134 illa
1490 4080 1697 4135 donum
1730 4080 2073 4135 conferebat.

484 4161 689 4219 Verum
726 4167 851 4236 quis
878 4176 1041 4225 tantae
1065 4170 1120 4224 in
1155 4170 1392 4226 dicendo
1425 4169 1695 4225 facundiae
1735 4177 1901 4239 atque
1944 4184 2083 4224 con-

484 4256 769 4322 tentionis,
798 4266 860 4313 ut
886 4261 1213 4317 varietatem
1249 4275 1313 4317 ac
1340 4260 1751 4316 multitudinem
1779 4260 2076 4316 miraculo-

485 4358 609 4398 rum
640 4347 762 4415 ejus
791 4347 1129 4404 sutlicienter
1158 4350 1435 4418 exponat?

559 4435 685 4488 125.
719 4435 914 4491 Mulier
947 4440 1197 4507 quaedam
1229 4442 1282 4494 in
1316 4441 1502 4496 Rhoso
1536 4439 1648 4510 (37)
1677 4440 1887 4496 Cilicite
1915 4440 2072 4506 urbe,

2173 1963 2382 2018 οἰκείαν
2435 1962 2529 2016 τοῦ
2582 1944 2720 2015 Θεοῦ
2762 1961 3044 2017 κάνταῦθα
3076 1965 3430 2034 ἐπαγγελίαν,
3470 1969 3567 2022 καὶ
3610 1969 3772 2039 φιλο..

2171 2058 2347 2127 τίμως
2401 2058 2717 2126 δοξάζοντος
2773 2054 2898 2117 τοὺς
2955 2055 3119 2109 αὑτὸν
3158 2056 3399 2123 δοξάζειν
3439 2061 3770 2132 προῃρημέ-
3844 2054 3861 2069 ⁸

2174 2166 2297 2213 νους
2317 2166 2331 2181 ο
2360 2150 2497 2221 πρὸς
2521 2151 2578 2204 δὲ
2605 2150 2697 2202 καὶ
2721 2149 2845 2212 τοὺς
2872 2147 3146 2212 ἀσυνέτως
3177 2147 3419 2218 ἔχοντας,
3449 2149 3537 2204 διὰ
3562 2152 3660 2221 τῆς
3685 2156 3769 2219 είς

2175 2244 2382 2296 ἐκεῖνον
2425 2245 2659 2315 πληγῆς,
2707 2240 3134 2313 σωφρονίζοντος
3158 2258 3172 2272 ·
3219 2243 3396 2297 ἐκεῖνο
3430 2244 3524 2298 καὶ
3558 2244 3674 2310 πῶς
3703 2246 3765 2301 οὐ

2173 2330 2458 2404 διηγητέον
2486 2350 2499 2362 °

2249 2515 2387 2587 ρκβ’.
2418 2517 2625 2589 Συνέϐη
2660 2517 2803 2572 κατὰ
2832 2518 2931 2589 τὴν
2961 2517 3177 2590 ὀρεινὴν
3202 2518 3439 2587 γυναῖκά
3467 2535 3589 2573 τινα
3632 2536 3767 2575 παι-

2172 2608 2284 2662 δίον
2312 2613 2489 2664 τεκεῖν
2518 2610 2660 2664 οῦτω
2681 2610 2900 2680 τυφλὸν,
2930 2611 3003 2674 ὼς
3047 2612 3184 2682 μηδὲ
3242 2610 3535 2683 ὀφθαλμῶν
3557 2612 3773 2684 πυθμέ-

2174 2717 2294 2764 νας,
2337 2702 2475 2771 μτβὲ
2535 2702 2877 2771 κοιλότητας,
2914 2703 3053 2773 μηδὲ
3107 2704 3229 2773 ῐχνη
3262 2703 3467 2758 τούτων
3494 2703 3573 2775 τῷ
3608 2721 3776 2776 προσ-

2175 2788 2311 2861 ώπῳ
2338 2792 2762 2847 ἐντετυπῶσθαι.
2803 2791 2998 2854 Βέλους
3027 2793 3209 2845 τοίνυν
3239 2795 3564 2866 πικρότερον
3591 2795 3641 2849 οἱ
3674 2813 3776 2849 τε·

2175 2883 2362 2946 κόντες
2388 2883 2703 2955 βαλλόμενοι
2736 2884 2805 2938 τὰ
2863 2884 3169 2956 σπλάγχνα,
3222 2886 3420 2959 φόρτον
3488 2887 3769 2959 ἀράμενοι

2174 2974 2234 3027 τδ
2266 2973 2483 3044 βρέφος,
2513 2975 2722 3045 δάκρυα
2754 2975 2851 3030 καὶ
2879 2976 3046 3046 μηδὲν
3075 2978 3443 3047 προσήκουσιν
3470 2978 3782 3049 ὀφθαλμοῖς

2175 3069 2344 3118 κινεῖν
2392 3066 2713 3135 δυνάμενον,
2762 3068 2916 3138 παρά
2948 3069 3040 3127 τὸν
3077 3069 3218 3123 θεῖον
3262 3068 3522 3141 ὥρμηντο
3576 3070 3779 3128 τοῦτον

2177 3155 2369 3227 ἀνδρα,
2406 3156 2504 3226 τὴν
2543 3155 2713 3227 μόνην
2744 3158 2801 3210 ἐν
2832 3159 3135 3227 ἀμηχάνοις
3162 3156 3370 3212 ἐλπίδα.
3420 3159 3507 3221 Ὠς
3547 3156 3640 3212 οὖν
3672 3162 3782 3214 ἀν-

2182 3247 2351 3309 ιόντες
2373 3246 2463 3300 διὰ
2499 3245 2592 3300 τοῦ
2622 3245 2782 3315 ὄρους
2813 3247 3093 3313 ἐκάθισαν,
3117 3248 3263 3302 ὥστε
3297 3249 3388 3302 τὸν
3416 3251 3479 3303 ὲκ
3515 3250 3615 3320 τῆς
3644 3250 3781 3306 ὁδοῦ

2179 3341 2340 3393 πόνον
2408 3338 2581 3410 βραχύ
2631 3358 2685 3394 τι
2738 3340 3125 3402 διαναπαῦσαι,
3192 3342 3392 3412 δρῶσιν
3446 3340 3525 3413 (ὣ
3566 3343 3780 3411 γονέων

2178 3430 2473 3500 ὀφθαλμοῖς
2504 3432 2724 3502 ἡδίστου
2771 3432 3116 3503 θεάματοςί)
3170 3431 3392 3503 ἔχοντας
3449 3434 3524 3503 τῷ
3567 3434 3779 3506 παιδίῳ

2177 3522 2302 3585 τοὺς
2336 3522 2647 3592 ὀφθαλμοὺς
2676 3516 2815 3578 κατά
2867 3525 3049 3593 φύσιν,
3076 3525 3373 3592 ὑγιαίνοντί
3403 3542 3462 3580 τε
3496 3526 3778 3598 βλέμματι

2180 3612 2513 3682 βλέποντας’
2556 3616 2653 3669 καὶ
2695 3617 3035 3688 παραχρῆμα
3088 3618 3463 3689 συντονωτέρᾳ
3501 3619 3637 3689 πρὸς
3674 3620 3777 3674 τὸν

2183 3708 2339 3775 ἅγιον
2400 3711 2467 3780 τῇ
2506 3709 2701 3780 πορείᾳ
2741 3709 3003 3781 ἐχρῶντο,
3054 3710 3491 3779 ἀπαγγέλλοντες
3539 3711 3609 3765 τὰ
3643 3711 3777 3784 ὲλέη

2179 3802 2272 3852 καὶ
2316 3800 2385 3854 τὰ
2426 3801 2707 3870 θαυμάσια
2760 3800 2950 3856 αὑτοῦ.
2976 3799 3164 3864 Οὕτως
3200 3805 3232 3871 ἡ
3275 3802 3581 3875 παράύτῷ
3610 3804 3777 3876 χάρις

2177 3892 2385 3947 ἀνωθεν
2426 3896 2526 3965 τὴν
2571 3893 2679 3947 τῶν
2710 3893 3007 3948 αἰτούντων
3038 3894 3301 3957 πολλάκις
3332 3895 3532 3963 ἔφθανε
3562 3913 3779 3966 παρου-

2182 3984 2324 4050 σίαν,
2369 3987 2437 4055 τῇ
2482 3988 2583 4055 τῆς
2637 3986 2867 4057 καρδίας
2926 3986 3213 4057 ἑτοιμασίᾳ
3268 3986 3633 4056 προσέχουσα,
3674 3989 3779 4042 καὶ

2179 4073 2308 4144 πρὶν
2334 4072 2367 4144 ἢ
2389 4073 2488 4144 τὴν
2509 4074 2724 4143 αἴτησιν
2754 4075 2993 4139 ἐκείνους
3021 4074 3232 4139 θέσθαι,
3257 4076 3394 4148 αὑτὴ
3428 4078 3527 4148 τὴν
3560 4076 3779 4148 δωρεὰν

2181 4163 2555 4234 ἐκπληροῦσα.
2600 4163 2761 4219 Ἀλλά
2818 4164 2902 4228 τίς
2935 4162 3078 4218 οὕτω
3118 4163 3336 4231 γλῶττα
3390 4164 3621 4235 περιττὴ
3676 4167 3777 4220 καὶ

2180 4256 2482 4326 φιλότιμος,
2505 4257 2580 4321 ὡς
2607 4256 2670 4310 τὸ
2707 4256 2951 4310 ποικίλον
2974 4256 3185 4310 ἐκείνου
3215 4256 3324 4310 τῶν
3353 4256 3645 4328 θαυμάτων
3674 4257 3780 4312 καὶ

2179 4347 2459 4412 πολυειδὲς
2493 4348 2691 4413 ἱκανῶς
2726 4350 3125 4420 παραστῆσαη,

2252 4445 2391 4510 ρκγ’.
2424 4440 2566 4513 Γυνὴ
2590 4442 2699 4514 γάρ
2734 4459 2818 4506 τις
2852 4444 2911 4495 έν
2946 4441 3141 4512 Ῥοσῷ,
3177 4442 3345 4505 πόλει,
3364 4442 3459 4512 τῆς
3487 4443 3775 4508 Κιλικίας,

487 4524 805 4579 Theotecna
834 4529 1127 4595 appellata,
1149 4531 1258 4600 jam
1286 4532 1414 4587 inde
1440 4547 1470 4585 a
1495 4532 1677 4600 puella
1705 4531 1939 4585 daamoni
1969 4533 2072 4587 ob-

2179 4532 2351 4602 δνομα
2411 4532 2703 4596 Θεοτέκνα,
2742 4533 3007 4604 δαιμονίῳ
3066 4533 3341 4604 πνεύματι
3407 4535 3640 4606 κάτοχος
3701 4538 3772 4589 ὲκ

487 4614 677 4680 noxia,
722 4616 983 4671 eumdem
1027 4620 1366 4688 procedente
1412 4629 1572 4675 aetate
1622 4622 1775 4674 velut
1817 4623 2075 4677 comitem

487 4704 754 4770 habebat,
794 4722 899 4762 nec
928 4723 958 4763 a
985 4723 1108 4763 sese
1137 4725 1380 4779 unquam
1410 4709 1782 4774 recedentem,
1824 4710 1933 4764 imo
1955 4728 2079 4782 gra-

486 4797 714 4854 vissime
740 4799 910 4854 etiam
935 4800 1254 4856 turbantem
1282 4810 1335 4855 et
1354 4801 1597 4871 linguam
1623 4801 1994 4857 miserabilem
2021 4805 2075 4858 in

487 4892 713 4946 modum
736 4891 1056 4949 laniantem.
1079 4893 1506 4949 Cohabitaverat
1529 4895 1620 4949 illa
1646 4894 1765 4949 viro
1782 4896 1895 4966 jam
1919 4898 2077 4951 annis

487 4982 704 5054 viginti,
730 4984 1021 5040 sterilitate
1051 4996 1108 5041 et
1130 4986 1399 5041 daemonis
1432 4987 1720 5041 vexatione
1772 4988 2072 5058 castigata;

486 5089 723 5145 cumque
755 5076 906 5132 nulla
931 5077 1158 5133 daretur
1204 5095 1232 5133 a
1261 5078 1441 5149 pomis
1487 5079 1745 5143 cessatio,
1777 5078 2073 5148 impatiens

486 5165 754 5237 longioris
779 5168 1205 5224 cohabitationis
1230 5171 1318 5224 vir
1344 5186 1478 5225 suus
1537 5170 1687 5225 illam
1733 5168 2069 5239 repudiavit.

487 5256 738 5321 Quatuor
763 5268 886 5327 post
909 5261 1024 5315 haec
1046 5262 1365 5318 efl‘lnxerant
1394 5266 1546 5332 anni,
1587 5268 1704 5321 viro
1726 5270 1863 5323 alias
1889 5270 2071 5326 nullas

490 5351 711 5433 nuptias
743 5340 1049 5414 ainbientc,
1082 5356 1302 5423 quando
1334 5357 1425 5409 illa
1456 5358 1521 5412 ad
1554 5372 1805 5414 sanctum
1839 5362 2073 5433 Symeo-

485 5451 612 5492 nem
643 5429 877 5512 eiusque
938 5442 1425 5512 inexpugnabilem
1473 5442 1743 5498 adversus
1803 5429 2070 5515 hujusce-

486 5531 637 5587 modi
670 5534 812 5588 mala
837 5535 1102 5590 virtutem
1130 5534 1398 5605 confugit.
1424 5533 1674 5604 Cumque
1705 5538 2062 5609 prepiusjam

489 5617 761 5680 abesseta
804 5627 1084 5696 columna,
1143 5636 1529 5699 spectaretque
1573 5638 1825 5683 sanctum
1883 5641 1940 5686 ct
1989 5633 2058 5688 ab

2191 4625 2381 4688 παιδὸς
2441 4625 2735 4695 γενομένη,
2771 4626 3069 4697 σύγχρονὸν
3114 4643 3171 4678 τε
3221 4627 3323 4696 τῆς
3373 4627 3591 4698 ἡλικίας
3646 4628 3763 4682 ὦσι

2186 4734 2293 4788 περ
2349 4718 2483 4770 αὐτὸ
2546 4717 2639 4770 καὶ
2721 4718 2993 4787 μηδέποτε
3067 4717 3528 4789 διαζευγνύμενον
3600 4720 3776 4791 αὐτῆς

2180 4810 2403 4879 ἔχουσα,
2440 4809 2577 4862 ἀλλά
2628 4808 2817 4873 δεινῶς
2878 4810 3061 4880 αὐτὴν·
3106 4811 3493 4882 καταρρῆσσον
3525 4812 3621 4865 καὶ
3666 4792 3818 4880 τῆς.

2180 4900 2428 4971 γλώττης
2458 4900 2707 4953 οἴκτιστα
2734 4901 3175 4971 παραπτόμενον.
3205 4901 3353 4972 Δῦτη
3388 4902 3482 4955 καὶ
3525 4903 3774 4957 είκοστδν

2181 4992 2303 5055 ἔτος
2353 4992 2510 5063 ἀνδρὶ
2565 4993 2957 5064 συνοικήσασα,
2995 4994 3089 5045 καὶ
3129 4993 3356 5063 ἀτεκνίᾳ
3390 4994 3530 5064 μετὰ
3568 4995 3668 5064 τῆς
3704 4995 3774 5049 ὲκ

2181 5085 2273 5136 τοῦ
2314 5084 2568 5155 δαίμονος
2590 5086 2857 5158 ἐπηρείας
2887 5087 2921 5156 ὴ
2952 5085 3226 5140 Θεοτέκνα
3265 5085 3666 5157 μαστιζομένη,
3692 5086 3772 5150 ὡς

2184 5178 2442 5247 οὐδεμίαν
2514 5177 2737 5249 εὕρισκε
2782 5176 2879 5232 τοῦ
2930 5176 3136 5241 πάθους
3180 5177 3523 5249 ἀπαλλαγὴν,
3585 5178 3771 5232 οὐκέτι

2186 5268 2428 5339 φορητῆς
2458 5267 2627 5337 οὔσης
2658 5269 2854 5339 ὲκείνῳ
2899 5269 2999 5337 τῆς
3030 5270 3423 5338 συνοικήσεως,
3464 5268 3770 5323 ἀπολέλυτο

2185 5360 2317 5430 παρ’
2349 5360 2539 5415 αὐτοῦ.
2570 5362 2848 5433 Τετάρτου
2873 5361 3053 5415 τοίνυν
3098 5359 3301 5431 μεταξὺ
3335 5359 3769 5431 διαρρεύσαντος

2182 5452 2393 5521 χρόνου,
2418 5454 2446 5506 ὁ
2479 5452 2577 5517 μὲν
2601 5453 2741 5523 ἀνὴρ
2774 5451 3046 5523 δευτέρων
3077 5452 3137 5505 ού
3169 5450 3468 5522 πεπείρατο
3492 5450 3766 5522 γάμων,ή

2173 5545 2230 5597 δὲ
2259 5547 2397 5616 πρὸς
2433 5546 2525 5599 τὸν
2554 5547 2695 5600 θεῖον
2724 5545 2951 5616 Συμεὼν
2977 5545 3336 5614 καταφεύγει,
3364 5543 3460 5597 καὶ
3489 5544 3588 5613 τὴν
3616 5544 3768 5613 ἄμα-

2168 5654 2261 5708 χον
2289 5639 2501 5693 ἐκείνου
2549 5639 2693 5693 κατά
2736 5638 2847 5692 τῶν
2884 5638 3140 5693 τοιούτων
3177 5637 3351 5709 ἰσχύν.
3390 5638 3543 5690 Ἐπεὶ
3570 5636 3627 5689 δὲ
3666 5638 3768 5707 ἢδη

560 5732 817 5828 9711135
831 5738 1373 5828 ξρειιιιιμιπὶταειιίιιηι-
1399 5757 1496 5828 “exn
1510 5742 1727 5797 concilio
1766 5761 1814 5801 ιι
1848 5746 2061 5804 Niceno
2104 5767 2267 5823 supra
2301 5756 2460 5809 etiam
2497 5754 2790 5828 dedimus§
2819 5756 2880 5824 7;
2912 5755 2974 5808 de
3006 5755 3193 5812 Rheso
3219 5763 3394 5811 autem
3432 5769 3521 5807 seu
3554 5751 3770 5809 Rhosso

484 5803 614 5860 urbe
635 5803 879 5861 similiter
904 5818 1077 5863 actum
1101 5826 1265 5880 supra
1299 5821 1373 5864 est
1398 5811 1424 5882 §
1463 5812 1516 5864 2.
