4018 6392
197 392 355 462 3101

1253 403 1431 465 νιΤΑ
1468 406 1518 464 Α
1552 404 1994 469 NICEPHORO
2032 411 2502 478 CONSCRIPTA

3375 418 3516 487 3102

194 508 302 563 τοῦ
331 509 538 564 στόλου
565 509 799 582 πλησίον
828 511 996 577 ἔλθοι,
1027 512 1209 568 ἴδοιτε
1239 514 1331 570 τὸν
1381 516 1555 587 μέγαν
1585 517 1681 569 καὶ
1715 513 1808 567 ὑπ’

1939 532 2035 588 pso
2090 530 2439 593 spectaretur
2500 524 2779 594 vicissim,
2828 541 2940 582 non
3012 527 3198 585 ferens
3260 529 3511 590 diabolus

195 600 388 656 αὐτοῦ
417 602 660 677 θεαθείη,
690 606 790 679 τὴν
847 606 1124 678 ἐγγύτητα
1175 606 1236 660 τὸ
1270 607 1550 676 δαιμόνιον
1582 608 1676 661 καὶ
1712 608 1815 678 τὴν

197 692 349 749 οέαν
411 696 602 769 ὥσπερ
654 700 755 753 οὐκ
791 700 1039 769 ἐνεγκδν,
1072 699 1276 771 ἤρξατο
1309 700 1500 765 δεινῶς
1531 699 1817 770 ἐκμαίνειν

196 789 304 843 καὶ
382 789 606 863 βρύχειν
647 794 896 865 ἐσχάτως
925 813 985 849 τε
1017 795 1116 866 τὴν
1173 796 1411 864 γυναῖκα
1458 795 1815 865 σπαράττειν,

197 880 329 945 καὶ,
376 883 441 935 Ὢ
476 882 851 954 βία,κράζειν,
874 886 1067 956 ἄγριόν
1091 903 1141 939 τι
1175 887 1271 939 καὶ⁸
1305 886 1499 957 κομιδῇ
1544 886 1815 959 μεμηνὸς,

196 969 256 1024 τί
297 989 409 1041 μοι
464 976 599 1045 πρὸς
649 975 709 1028 σὲ
753 977 1008 1030 τοσοῦτον
1054 977 1392 1047 ἡμάρτηται,
1420 979 1503 1030 δτι
1550 995 1617 1047 με
1647 979 1820 1050 χωρί-

198 1064 332 1125 {sic
372 1066 474 1137 τῆς
524 1068 766 1138 ἐμαυτοῦ
821 1071 1122 1138 γυναικός;
1154 1072 1183 1123 ὁ
1225 1072 1420 1141 μιαρὸς
1461 1070 1540 1141 τῷ
1600 1071 1721 1125 δντι
1748 1074 1819 1128 τὰ

203 1159 405 1229 μιαρά
445 1158 839 1231 φθεγγόμενος,
876 1163 996 1216 Ἵνα
1025 1165 1080 1216 τί
1120 1163 1198 1229 δέ,
1230 1164 1389 1233 φησὶ,
1422 1165 1517 1217 καὶ
1545 1164 1716 1217 παῖδα
1739 1164 1820 1217 δίου

201 1248 324 1312 δως
374 1248 510 1317 αὐτῇ
530 1293 544 1315 ,
584 1252 775 1308 ἄπαιδι
807 1256 1095 1319 τοσούτους
1129 1255 1187 1322 ἐξ
1218 1257 1351 1325 ἐμοῦ
1375 1256 1604 1325 χρόνους
1634 1274 1814 1326 μεμε·-

205 1342 475 1414 νηκυίᾳ;
529 1345 736 1400 Ἐδόκει
803 1346 913 1417 γὰρ
968 1349 1033 1418 τῇ
1096 1348 1321 1415 γυναοιὶ
1385 1347 1712 1419 τηνικαῦτα,
1745 1348 1821 1412 ὡς

206 1433 373 1500 μετά
432 1432 606 1488 ταῦτα
650 1436 885 1506 ’νήψισα
931 1436 1204 1506 ἐξηγεῖτο,
1266 1438 1430 1491 αὐτὸν
1492 1437 1682 1508 ὥσπερ
1724 1440 1817 1493 τὸν

204 1525 387 1595 ἅγιον
414 1526 642 1595 λέγοντα
679 1529 904 1583 τοιαῦτα
966 1531 1099 1601 ὁρᾷν
1125 1546 1140 1560 ο
1165 1531 1238 1585 Σὺ
1270 1531 1391 1601 μὲν,
1426 1531 1645 1602 πνεῦμα
1689 1551 1824 1585 πον-

202 1618 384 1688 ηρὸν,
411 1620 478 1672 ἐκ
508 1620 607 1690 τῆς
643 1621 904 1686 γυναικὸς
936 1621 1033 1676 καὶ
1078 1621 1209 1676 άκον
1265 1622 1588 1694 ἀπελαθήση
1632 1640 1648 1656 ο
1682 1624 1822 1694 αὑτὴ

204 1708 262 1762 δέ
292 1708 447 1778 πρὸς
476 1710 574 1762 τὸν
602 1713 809 1765 οἰκεῖον
850 1711 1172 1783 ἐπιστρέψει
1227 1712 1417 1783 ἄνδρα,
1448 1714 1541 1767 καὶ
1597 1714 1817 1767 παιδίον

205 1802 414 1866 αὐτοῖς
460 1803 551 1856 τοῦ
618 1805 874 1868 ἐπιόντος
932 1804 1089 1866 ἔτους
1151 1806 1466 1875 γενήσεται.
1511 1802 1570 1858 '0
1604 1806 1701 1876 μὲν
1730 1804 1822 1858 οῦν

1920 626 2281 684 congressum
2306 624 2363 671 et
2393 626 2689 687 aspectum
2727 616 2907 684 illum,
2956 621 3127 690 cmpit
3184 621 3515 678 terribiliter

1918 703 2128 773 furere,
2164 707 2443 776 frendere,
2472 725 2537 765 ae
2562 710 2850 766 mulierem
2903 712 3255 783 discerpens,
3284 714 3329 770 Ο
3362 716 3512 772 vim!

1918 799 2240 867 vociferari,
2294 810 2351 858 et
2404 804 2603 874 agresti
2657 820 2891 874 prorsus
2943 808 3108 862 modo
3172 808 3516 865 furibundus

1920 894 2268 949 exclamare:
2303 896 2459 964 Quod
2498 914 2681 952 meum
2713 907 2929 954 tantum
2969 902 3023 956 in
3048 914 3429 972 tepeccalum,
3451 911 3515 957 ut

1921 999 1986 1039 ex
2008 984 2111 1038 hac
2144 1000 2264 1039 mea
2295 1002 2381 1041 me
2397 988 2629 1043 muliere
2663 989 2926 1059 ableges?
2958 991 3024 1044 Et
3046 993 3512 1061 quemadmodum

1921 1073 2104 1129 isthoc
2142 1077 2326 1131 scelus
2343 1092 2452 1132 non
2475 1078 2725 1147 loquitur
2749 1080 2855 1135 nisi
2880 1082 3087 1136 scelera
3113 1099 3127 1135 :
3152 1083 3282 1147 Cur,
3308 1084 3510 1152 inquit,

1920 1165 2259 1222 fecunditate
2295 1170 2447 1224 illam
2473 1171 2670 1234 donas,
2704 1180 2785 1227 tot
2807 1173 2917 1243 jam
2948 1174 3107 1227 annis
3138 1175 3353 1229 artibus
3374 1175 3513 1249 meis

1922 1274 1989 1314 ac
2048 1262 2269 1317 technis
2330 1263 2733 1319 infecundam?
2783 1266 3090 1320 Videbatur
3141 1276 3325 1321 autem
3382 1274 3515 1323 tunc

1926 1354 2193 1425 temporis
2216 1354 2323 1409 sibi
2359 1356 2579 1420 mulier,
2601 1357 2683 1411 uti
2716 1357 2918 1412 deinde
2948 1359 3181 1413 liberata
3203 1360 3508 1420 enarravit.

1923 1449 2253 1520 Symeonem
2284 1448 2489 1502 intueri
2530 1448 2702 1503 veluti
2753 1449 2835 1503 sic
2881 1450 3376 1505 interminantem:
3429 1450 3514 1506 Tu

1922 1540 2173 1611 quidem,
2192 1541 2434 1610 pessime
2457 1527 2709 1609 spiritus,
2729 1541 2816 1596 vel
2836 1540 3045 1596 invitus
3070 1556 3135 1597 ex
3164 1542 3266 1597 hac
3285 1543 3519 1597 muliere

1925 1633 2188 1703 abigeris,
2215 1633 2334 1702 ipsa
2364 1647 2499 1689 vero
2536 1632 2604 1687 ad
2640 1633 2903 1688 maritum
2960 1650 3127 1689 suum
3179 1643 3515 1699 revertetur,

1923 1736 1979 1781 et
2013 1725 2307 1796 filiusipsis
2328 1741 2471 1781 anno
2498 1726 2748 1795 proximo
2766 1736 3054 1782 nascetur.
3078 1729 3301 1783 Dmmon
3320 1727 3516 1797 igitur,

1929 1827 2044 1873 tum
2077 1818 2183 1871 alia
2215 1818 2387 1871 multa
2415 1818 2605 1872 insana
2638 1833 2703 1873 ac
2728 1817 3003 1873 diabolica
3037 1834 3190 1873 more
3228 1834 3333 1873 suo
3367 1818 3520 1874 voci-

205 1892 472 1964 χαλεπὸς
502 1896 714 1967 δαίμων
741 1898 971 1962 ἐκεῖνος,
1001 1896 1136 1950 ἄλλα
1168 1914 1226 1950 τε
1277 1896 1449 1950 πολλὰ
1492 1898 1699 1967 μανικὰ
1730 1897 1824 1950 καὶ

1939 1910 2233 1975 Γετιὼιιιιιτ,
2273 1920 2388 1963 tum
2441 1909 2580 1965 illud
2624 1911 2931 1980 praecipue:
2972 1912 3064 1966 Va:
3108 1911 3243 1965 mihi
3278 1926 3518 1981 nequam

204 1986 558 2058 δαιμονιὼδη
609 1986 829 2057 κράζων
859 1983 951 2057 ἦν,
991 1986 1189 2059 ὥσπερ
1231 1987 1402 2050 εἰκὸς,
1432 1989 1571 2042 Οὐαί
1619 1988 1821 2059 μοιτῷ

204 2077 391 2146 κακῷ
438 2079 620 2149 οίκέτῃ
650 2080 662 2131 !
705 2079 826 2133 οὐαὶ
869 2079 948 2150 τῷ
977 2081 1122 2134 κατὰ
1166 2080 1300 2133 πολὺ
1335 2079 1534 2150 δρῶντι
1563 2079 1623 2133 τὸ
1652 2080 1822 2134 ἀκού-

207 2187 341 2225 σιον
366 2170 405 2225 ἃ
431 2174 846 2243 προστέταγμαι
872 2174 884 2227 !

287 2262 440 2335 ρκδ’.
469 2265 655 2318 Ταῦτα
678 2266 934 2335 ἔκραζεν,
966 2267 1066 2320 ὅσα
1095 2267 1191 2321 καὶ
1235 2266 1454 2338 ὀργάνῳ
1503 2271 1568 2340 τῇ
1601 2268 1824 2335 γυναικὶ

208 2356 538 2429 χρώμενος,
579 2360 673 2412 καὶ
727 2359 922 2431 κύκλῳ
960 2358 1055 2413 τοῦ
1110 2359 1306 2413 στύλου
1334 2362 1543 2431 ταύτην
1572 2362 1823 2425 ἐλεεινῶς

211 2451 496 2521 περιῆγε,
530 2451 782 2524 καθάπερ
809 2452 918 2505 άπὸ
959 2450 1257 2523 προσώπου
1307 2454 1525 2522 φεύγων
1569 2453 1664 2506 τοῦ
1724 2454 1825 2506 Συ-

215 2546 409 2618 μεὼν,
433 2549 528 2600 καὶ
556 2548 665 2601 άπὸ
702 2547 797 2600 τοῦ
828 2548 887 2601 ἐν
910 2546 1061 2617 αὐτῴ
1091 2546 1402 2616 πνεύματος
1434 2547 1822 2616 ἐλαυνόμενος·

211 2640 411 2705 τέλος,
470 2641 708 2711 Ἔξειμι,
741 2640 889 2709 μέγα
945 2640 1189 2711 βοήσας,
1250 2640 1460 2711 ἀπῆλθε
1528 2641 1823 2712 σωφρόνως

214 2733 471 2804 ἔχουσαν
500 2733 669 2804 αὐτὴν
697 2731 1072 2795 ἀπολελοιπώς
1098 2749 1113 2763 ο
1144 2732 1282 2803 πρὸς
1313 2734 1379 2803 ἢν
1426 2733 1454 2785 ὁ
1486 2731 1628 2802 ίερδς
1723 2734 1824 2785 Συ-

216 2824 411 2898 μεὼν,
454 2824 745 2895 Ἐπάνηκε,
767 2824 952 2894 γύναι,
980 2824 1133 2895 παρὰ
1163 2823 1254 2877 τὸν
1298 2822 1430 2877 ἴδιον
1462 2822 1651 2891 ἄνδρα,
1680 2823 1809 2892 ἔφη’

218 2922 441 2991 συνέσῃ
476 2919 585 2991 γάρ
619 2917 770 2989 αὐτῷ
801 2917 897 2971 τοῦ
925 2916 1139 2981 λοιποῦ,
1168 2918 1263 2971 καὶ
1309 2915 1519 2980 κοιλίας
1549 2915 1609 2980 ἐξ
1657 2916 1823 2969 αὐτοῦ

216 3011 454 3082 καρπὸς
481 3010 633 3063 ἔσται
666 3027 770 3066 σοι.
812 3009 877 3062 Ἦ
912 3010 1013 3080 μέν
1046 3005 1140 3062 οῦν
1172 3008 1313 3063 κατὰ
1345 3007 1445 3071 τὰς
1478 3007 1701 3071 ἐντολάς
1730 3006 1825 3061 τοῦ

219 3103 403 3173 ἁγίου
471 3104 606 3172 πρὸς
654 3102 746 3156 τὸν
795 3101 968 3171 ἄνδρα
1018 3100 1413 3163 ἐπανελθοῦσα,
1457 3099 1714 3169 ἀσμένως
1764 3116 1824 3152 τε

219 3196 374 3267 παρ’
401 3195 569 3248 αὐτοῦ
599 3195 962 3265 εἰσδεχοεῖσα,
993 3195 1089 3246 καὶ
1120 3193 1332 3247 παιδίον
1375 3190 1471 3244 τοῦ
1502 3192 1827 3262 ἐπιγενομέο

1932 2003 2126 2057 servo!
2161 2018 2240 2057 va:
2264 2002 2422 2066 mihi,
2447 2002 2539 2072 qui
2595 2010 2655 2056 ut
2685 2003 2986 2072 plurimum
3030 2013 3236 2074 praeter
3266 2004 3521 2059 volunta-

1932 2105 2042 2151 tem
2072 2109 2249 2149 meam
2278 2110 2402 2165 ago,
2436 2094 2585 2164 quod
2609 2094 2944 2164 imperatum
2967 2091 3081 2149 est!

2006 2276 2127 2331 itii.
2172 2273 2330 2330 Hunc
2352 2274 2407 2329 in
2433 2273 2658 2328 modum
2686 2273 2995 2337 clamitans,
3021 2288 3120 2343 pro
3155 2273 3523 2328 instrumento

1933 2368 2164 2423 edendae
2198 2368 2351 2422 vocis
2404 2367 2637 2421 muliere
2700 2382 2855 2428 usus,
2938 2366 3152 2420 circum
3206 2366 3522 2419 columnam

1934 2461 2237 2515 miserabili
2274 2460 2591 2530 spectaculo
2623 2459 2794 2529 ipsam
2826 2458 3028 2529 agebat
3058 2474 3071 2524 ;
3096 2459 3253 2528 quasi
3284 2457 3524 2528 fugitans

1933 2569 1963 2608 a
1997 2552 2135 2608 facie
2162 2554 2363 2617 sancti,
2408 2552 2637 2622 ejusque
2666 2551 2899 2621 spiritus
2933 2549 3137 2605 virtute
3167 2550 3363 2605 crdere
3399 2551 3523 2605 loco

1933 2655 2176 2698 coaetus.
2215 2645 2466 2714 Denique
2524 2644 2696 2697 altum
2752 2643 3035 2707 clamans,
3076 2642 3265 2708 Exeo;
3333 2642 3521 2707 exivit,

1882 2758 1889 2763 ·
1933 2735 2129 2790 relicta
2158 2736 2390 2791 muliere
2432 2735 2640 2790 rectius
2672 2750 2731 2789 se
2768 2734 3034 2798 habente;
3072 2734 3139 2788 ad
3181 2749 3344 2804 quam
3393 2750 3526 2788 san-

1934 2837 2059 2883 ctus
2093 2826 2369 2899 Symeon:
2408 2826 2570 2892 Redi,
2617 2826 2819 2896 inquit,
2859 2827 3082 2890 mulier,
3135 2827 3203 2880 ad
3260 2826 3524 2881 maritum
3558 2810 3570 2818 ’

1938 2927 2129 2985 tuum;
2164 2933 2291 2973 cum
2328 2918 2452 2988 ipso
2494 2917 2952 2973 consuetudinem
2978 2917 3242 2988 deinceps
3268 2916 3521 2978 habebis,

1935 3019 1991 3065 et
2016 3012 2226 3081 prolem
2248 3026 2315 3064 ex
2350 3010 2445 3064 illo
2468 3010 2773 3079 concipies.
2826 3009 3106 3065 Obediens
3170 3018 3361 3065 sancto
3400 3024 3524 3062 mu-

1938 3100 2062 3166 lier,
2094 3101 2329 3156 revertit
2359 3101 2426 3155 ad
2455 3101 2639 3154 virum
2664 3116 2848 3166 suum,
2882 3101 3116 3155 comiter
3150 3101 3219 3155 ab
3248 3100 3340 3154 illo
3372 3101 3528 3155 exci-

1937 3194 2109 3264 pitur,
2148 3191 2319 3247 filium
2355 3208 2501 3247 anno
2558 3190 2888 3261 insequente
2939 3192 3085 3261 parit
3123 3206 3328 3261 :quem
3368 3200 3424 3246 et
3457 3191 3529 3246 ad

223 3306 331 3343 νου
359 3285 608 3341 ἐνιαυτοῦ
635 3288 859 3352 τέξασα,
896 3286 974 3358 τῷ
1017 3287 1240 3358 μεγάλῳ
1297 3286 1459 3339 πάλιν
1509 3286 1643 3339 αὐτὸ
1692 3284 1830 3355 μετὰ

1939 3300 2193 3351 magnum
2246 3282 2599 3355 Symeonem,
2640 3284 2799 3355 cujus
2850 3299 3077 3354 precum
3130 3284 3318 3353 potius
3364 3299 3530 3353 quam

222 3380 332 3438 τοῦ
389 3379 629 3447 συζύγου
687 3379 978 3451 προσάγει,
1014 3380 1181 3449 εὐχῆς
1213 3380 1272 3434 ὃν
1314 3379 1526 3433 ἐκείνου
1560 3379 1766 3449 μᾶλλον
1795 3379 1829 3449 ἦ

226 3474 352 3527 τῶν
381 3471 553 3542 αὐτῆς
582 3470 793 3524 ὠδίνων
825 3470 1067 3541 καρπόν.
1100 3469 1381 3538 Προσάγει
1420 3470 1601 3522 τοίνυν
1620 3470 1679 3523 τὸ
1703 3487 1834 3522 παι-

227 3561 356 3615 δίον
413 3559 491 3629 τῷ
546 3558 828 3624 δεδωκότι,
858 3558 1116 3629 καθάπερ
1168 3558 1701 3631 ἐγκαλλωπιζομένη
1750 3559 1827 3629 τῷ

228 3653 422 3724 δώρῳ,
454 3654 550 3707 καὶ
594 3653 766 3727 ταύτῃ
812 3652 904 3707 τὸν
937 3652 1143 3724 δοτῆρσι
1176 3652 1377 3723 μᾶλλον
1404 3654 1437 3724 ἢ
1468 3653 1685 3726 γλώττῃ
1727 3671 1835 3725 xq-

235 3747 539 3820 ρύττουσα.
582 3744 714 3799 Εἶτα
758 3746 853 3800 καὶ
901 3745 1087 3800 οἴκαδε
1142 3746 1306 3800 πάλιν
1359 3747 1614 3813 εὐλογίας
1670 3750 1834 3817 τυχὸν

236 3840 539 3907 ἐπανάγει,
575 3839 673 3892 καὶ
724 3839 994 3893 ἀντίδοσιν
1025 3842 1056 3909 ἡ
1082 3840 1222 3909 γυνὴ
1251 3839 1524 3907 τοσαύτης
1554 3840 1649 3893 καλ⁸
1693 3838 1838 3892 οὕτω

236 3930 496 4002 ποικίλης
544 3929 870 4000 εὐεργεσίας
903 3929 985 4001 (ού
1030 3929 1139 4000 γὰρ
1183 3930 1247 4000 δὴ
1280 3930 1531 3982 συνοίκου
1583 3928 1841 3999 δαίμονος

237 4023 569 4094 ἀπήλλακτο
602 4022 785 4092 μόνον,
818 4021 956 4076 ἀλλὰ
1004 4024 1100 4075 καὶ
1129 4020 1208 4092 τῷ
1247 4021 1407 4094 ἀνδρὶ
1438 4021 1793 4075 ἀνασεσωστο
1821 4036 1836 4051 ’

242 4116 385 4188 πρὸς
417 4115 500 4181 δέ,
530 4113 629 4167 καὶ
664 4115 829 4168 παῖδα
859 4114 918 4178 ἐξ
945 4114 1169 4185 ἑαυτῆς,
1204 4116 1341 4184 ὅπερ
1386 4115 1603 4169 οὐδέπω
1638 4116 1841 4188 πρότε-

254 4223 372 4279 ρον,
409 4204 559 4275 ίδοι)·
596 4204 867 4258 ἀντίδοσιν
902 4204 1083 4258 τοίνυν
1135 4204 1357 4273 ἀγαθῶν
1389 4205 1685 4269 τοσούτων,
1748 4205 1841 4259 ἁν-

160 4370 165 4376 .
250 4299 468 4371 ίστησιν
508 4299 698 4352 εἰκόνα
760 4299 903 4352 οἴκοι
959 4297 1052 4352 τοῦ
1100 4296 1327 4367 Συμεών
1361 4314 1377 4329 ·
1409 4298 1609 4369 χρυσοῦ
1639 4298 1738 4367 μὲν
1767 4296 1844 4361 ὡς

246 4394 283 4463 ὴ
307 4391 636 4463 προαίρεσις
667 4386 813 4461 εἶχεν
842 4391 943 4443 οῦκ
970 4389 1303 4461 εὐποροῦσα,
1331 4388 1360 4442 ὂ
1389 4389 1445 4442 δὲ
1478 4390 1685 4460 χρυσοῦ
1734 4407 1840 4460 μα-

247 4485 368 4557 κρῷ
398 4483 727 4556 τιμιώτερον
760 4485 943 4538 πίστιν
990 4482 1381 4551 είσενεγκοῦσα
1425 4483 1724 4559 τοσαύτην,
1762 4483 1843 4546 ὡς

1947 3377 2032 3430 sui
2069 3377 2210 3431 uteri
2267 3376 2510 3431 fructum
2573 3376 2901 3447 reputabat,
2960 3393 3065 3431 una
3118 3392 3243 3431 cum
3299 3378 3533 3448 conjuge

1938 3466 2187 3532 adducit,
2247 3469 2413 3535 eique
2464 3467 2560 3536 qui
2613 3467 2845 3521 dederat
2882 3467 3053 3533 illum
3108 3466 3294 3532 ofl‘ert,
3338 3466 3533 3522 laetitia

1936 3566 2104 3627 atque
2134 3557 2330 3627 plausu
2363 3557 2619 3613 indicans
2647 3557 3084 3628 magnitudinem
3144 3556 3313 3619 doni;
3367 3565 3534 3625 atque

1938 3647 2044 3702 hoc
2076 3655 2239 3717 pacto
2296 3647 2401 3701 viri
2446 3647 2625 3702 sancti
2665 3647 2867 3702 famam
2932 3647 3098 3703 latius
3147 3663 3312 3718 quam
3340 3649 3532 3718 lingua

1938 3740 2303 3811 propagabat.
2328 3741 2458 3796 Post
2492 3740 2609 3796 haec
2638 3740 2838 3795 mulier
2867 3740 3132 3795 donatum
3152 3739 3257 3795 sibi
3296 3755 3534 3809 puerum

1940 3837 2166 3891 domum
2196 3836 2437 3901 reducit,
2477 3846 2531 3893 et
2556 3836 3029 3891 remunerationis
3058 3836 3181 3891 loco
3218 3850 3319 3905 pro
3363 3834 3534 3889 tantis

1944 3930 2163 4000 tamque
2195 3930 2366 3984 variis
2390 3928 2682 3985 beneficiis
2718 3930 2923 4001 (neque
2955 3928 3104 3984 enim
3162 3928 3339 3983 solum
3367 3942 3399 3982 a
3442 3942 3538 3983 co-

1943 4022 2225 4091 habitante
2282 4022 2389 4077 sibi
2446 4022 2695 4077 daemone
2743 4022 3035 4096 immunis,
3066 4021 3164 4075 sed
3215 4021 3415 4076 marito
3450 4020 3537 4077 in-

1945 4123 2096 4187 tegre
2152 4122 2345 4171 sanata
2409 4115 2667 4169 restituta
2698 4113 2825 4178 fuit,
2859 4113 2929 4169 ad
2960 4114 3078 4169 hac
3131 4130 3271 4184 puer
3311 4129 3537 4185 quoque

1944 4224 2011 4263 ex
2033 4224 2096 4263 ea
2125 4208 2274 4279 quod
2310 4224 2594 4277 nunquam
2624 4215 2774 4271 ante,
2803 4216 2890 4262 est
2914 4207 3263 4277 prognatus),
3298 4205 3537 4277 efﬁgiem

1948 4301 2241 4372 Symeonis
2272 4302 2555 4356 domisua:
2587 4301 2802 4356 statuit.
2831 4298 2899 4354 Et
2933 4316 3129 4354 aurum
3162 4299 3415 4369 quidem,
3475 4308 3538 4354 ut

1947 4401 2067 4447 erat
2112 4393 2241 4447 vitte
2270 4392 2539 4457 conditio,
2574 4408 2684 4447 non
2724 4392 3087 4462 suppetebat;
3136 4408 3332 4449 verum
3387 4394 3538 4463 quod

1950 4499 2086 4538 auro
2112 4485 2439 4553 pretiosius,
2475 4485 2638 4540 talem
2668 4483 2936 4539 afferebat
2971 4482 3157 4550 fidem,
3185 4492 3244 4538 ut
3274 4499 3386 4539 non
3428 4483 3540 4539 dte-

248 4579 311 4632 ού
339 4576 719 4649 δαιμονῶντας
766 4575 929 4647 μόνον
974 4577 1068 4629 καὶ
1101 4574 1318 4639 πολλοῖς
1379 4574 1610 4629 πάθεσιν
1663 4574 1830 4639 ἄλλοις

1952 4577 2186 4631 moniaci
2228 4584 2440 4631 tantum
2468 4577 2747 4647 variisque
2777 4576 2985 4631 morbis
3008 4576 3353 4637 detenti,sed
3370 4576 3536 4632 etiam

253 4667 677 4739 συνεχομένους,
696 4665 831 4720 ἀλλὰ
861 4667 955 4720 καὶ
986 4666 1159 4737 αὐτὴν
1176 4669 1270 4719 ἐπὶ
1294 4666 1534 4736 πέμπτῳ
1558 4667 1651 4719 καὶ
1676 4667 1843 4721 δεκά-

248 4780 329 4833 τῳ
348 4764 775 4837 ἐτειαίμόρῥουν
815 4763 1065 4834 καθαρᾶς
1093 4765 1211 4816 ἐκεῖ
1242 4766 1423 4833 τυχεῖν
1460 4765 1552 4816 καὶ
1604 4780 1844 4835 περιφοι-

253 4855 380 4919 νοῦς
435 4855 759 4928 θεραπείας.
802 4855 991 4920 Οῦτως
1038 4855 1205 4909 αὑτοῦ
1250 4857 1346 4910 καὶ
1393 4855 1494 4909 θέα
1564 4855 1717 4928 ψιλὴ,
1749 4858 1847 4909 καὶ

254 4949 521 5020 σφραγὶς,
558 4948 654 5001 καὶ
682 4947 902 5019 ῥάϐδος,
930 4948 1026 5001 καὶ
1055 4948 1248 5012 τύπος,
1269 4946 1363 4999 καὶ
1386 4946 1565 5015 λόγος,
1595 4946 1688 4999 καὶ
1714 4948 1847 5018 κλῆ-

255 5058 361 5108 σις,
390 5042 490 5096 καὶ
523 5043 576 5095 εί
602 5058 655 5094 τι
682 5041 811 5095 ἄλλο
840 5040 950 5093 τῶν
982 5040 1194 5094 ἐκείνου
1234 5039 1437 5103 παντὸς
1470 5040 1634 5111 ἢρκει
1682 5042 1841 5112 γενέ-

257 5132 380 5190 σθαι
412 5134 620 5197 πάθους
645 5133 959 5204 ἀπαλλαγή.
987 5160 991 5164 ι

327 5333 465 5398 ρκεν.
510 5322 643 5381 Εἶτά
684 5343 771 5391 τις
813 5326 1113 5399 αἱμόρρους
1152 5325 1335 5398 ἑτέρα,
1367 5325 1432 5381 ἐκ
1468 5344 1614 5391 τινος
1652 5326 1851 5397 κώμης

257 5418 516 5473 Μυλιτῶν
560 5418 885 5489 λεγομένης,
941 5420 1061 5484 ἔτος
1116 5420 1219 5491 ἠδη
1272 5419 1458 5489 τρίτον
1505 5418 1584 5489 τῷ
1625 5417 1848 5490 χαλεπῷ

257 5511 433 5582 τούτῳ
470 5510 635 5565 πάθει
667 5510 992 5581 πιεζομένη,
1035 5510 1321 5580 πρόσεισιν
1351 5513 1415 5564 ἐκ
1442 5511 1551 5566 τῶν
1581 5510 1850 5564 ὀπισθίων

257 5603 338 5675 τῷ
381 5602 634 5673 Συμεὼν,
684 5602 830 5657 κατὰ
868 5602 966 5675 τὴν
1007 5602 1312 5676 αἱμόρῤουν
1345 5603 1586 5673 ἐκείνην,
1622 5603 1722 5673 τὴν
1755 5602 1851 5657 τοῦ

261 5694 395 5765 ἐμοῦ
446 5694 687 5766 Χριστοῦ
733 5693 1091 5765 τολμήσασαν
1134 5694 1408 5766 ἅψασθαιο
1474 5697 1570 5750 καὶ
1620 5694 1757 5767 ὁμοῦ
1791 5712 1849 5749 τε

262 5783 450 5854 ψαύει,
479 5785 574 5839 καὶ
594 5785 856 5856 τυγχάνει
886 5784 984 5855 τῆς
1012 5785 1330 5859 θεραπείας.
1364 5789 1423 5843 'O
1445 5787 1554 5862 γὰρ
1583 5791 1748 5857 αὐτὸς
1782 5789 1850 5865 ἦν

266 5875 357 5934 καὶ
386 5876 484 5935 νῦν
527 5879 829 5953 Δεσπότης,
861 5877 1053 5957 ὥσπερ
1092 5882 1212 5937 ἐκεί
1252 5881 1320 5937 δι’
1350 5882 1540 5955 αὑτοῦ,
1581 5884 1725 5942 οὕτω
1763 5887 1851 5943 διά

1953 4669 2150 4724 mulier
2175 4670 2426 4739 quaedam
2458 4658 2633 4725 annos
2668 4670 2779 4740 jam
2803 4668 3119 4740 quindecim
3149 4668 3357 4723 fluxum
3413 4685 3542 4724 san-

1951 4762 2141 4834 guinis
2172 4778 2333 4834 passa
2362 4763 2655 4818 sanitatem
2674 4762 2841 4817 isthic
2870 4762 2977 4817 loci
3003 4760 3379 4815 omnimodam
3411 4777 3541 4830 per-

1950 4854 2264 4922 fectamque
2287 4852 2585 4908 invenerit.
2615 4852 2693 4906 Ita
2739 4852 2845 4907 viri
2900 4853 3076 4907 sancti
3111 4852 3197 4907 vel
3244 4851 3428 4907 tenuis
3486 4852 3540 4906 in

1951 4945 2189 5017 imagine
2242 4955 2520 5016 aspectus,
2586 4946 2803 5017 signum
2852 4947 3053 5011 crucis,
3109 4945 3287 5017 virga,
3341 4944 3540 5008 forma,

1949 5038 2205 5101 verbum,
2235 5036 2535 5101 invocatio,
2575 5048 2634 5093 et
2689 5037 2736 5092 si
2772 5038 2906 5108 quid
2947 5038 3097 5093 aliud
3157 5053 3345 5095 rerum
3395 5037 3544 5091 illius

1949 5138 2118 5192 esset,
2151 5130 2460 5186 sutiiciebat
2493 5131 2723 5186 cuilibet
2777 5131 3102 5187 morborum
3131 5132 3320 5203 generi
3359 5131 3544 5201 depel-

1952 5220 2138 5275 lendo.

2026 5327 2148 5382 125.
2187 5327 2396 5382 Deinde
2433 5326 2860 5382 bmmorrhoissa
2892 5326 3088 5389 altera,
3124 5343 3192 5382 ex
3214 5343 3352 5398 pago
3401 5342 3537 5396 quo-

1952 5419 2078 5473 dam
2106 5417 2419 5489 Mylitorum
2462 5419 2635 5485 dicto,
2660 5435 2827 5490 grave
2887 5419 3174 5490 sanguinis
3214 5419 3544 5490 profluvium

1947 5511 2057 5582 jam
2079 5509 2317 5565 triennio
2334 5525 2515 5580 passa,
2531 5526 2563 5565 a
2583 5521 2737 5580 tergo
2767 5510 3231 5580 appropinquavit
3259 5510 3541 5583 Symeoni.

1951 5601 2262 5672 exemplum
2306 5613 2498 5658 secuta
2533 5602 2974 5658 haemorrhoissae
2996 5601 3142 5657 illius
3191 5602 3543 5673 evangelicae.

1954 5704 2178 5767 tangere
2202 5694 2491 5750 Christum
2514 5710 2697 5750 meum
2732 5710 2914 5763 ausaa,
2961 5711 3127 5766 quem
3158 5694 3325 5750 simul
3369 5703 3426 5750 et
3460 5701 3537 5749 ιοσ

1956 5791 2081 5863 tigit
2109 5798 2166 5846 et
2192 5790 2490 5846 sanitatem
2516 5788 2785 5845 obtinuit.
2821 5788 2971 5845 idem
3008 5788 3215 5859 quippe
3252 5787 3543 5854 Dominus,

1956 5881 2428 5958 quemadmodum
2459 5880 2741 5940 istic'olim
2769 5896 2871 5953 per
2916 5896 2973 5937 se
3004 5880 3143 5953 ipse,
3198 5879 3273 5934 ita
3304 5877 3396 5933 hic
3444 5889 3542 5947 per
