4018 6394
485 370 627 436 3103
681 451 688 458 _

1716 377 1778 437 S.
1822 376 2200 438 SYMEONIS
2238 380 2601 441 JUNIORIS

3628 374 3773 437 310!

488 497 714 539 servum
736 496 898 537 suum
925 479 1304 536 infirmitatem
1337 478 1610 551 abigebat,
1636 490 1693 535 et
1712 496 1812 550 pro
1842 482 2075 551 paritate

2182 485 2274 540 τοῦ
2313 486 2647 558 θεράποντος
2695 484 2931 539 ἐνταῦθα
2977 484 3117 540 λύων
3163 483 3226 539 τὸ
3269 481 3460 549 rrﬂog,
3502 484 3597 539 καὶ
3631 488 3775 555 πρὸς

490 574 620 630 ﬁdei
665 589 852 645 parem
908 587 1130 643 quoque
1185 572 1624 627 misericordiam
1707 573 2069 644 largiebatur.

489 666 640 723 Abiit
693 666 860 737 igitur
896 664 1013 719 hinc
1067 664 1327 719 similiter
1370 679 1433 719 ac
1476 665 1567 718 illa
1611 664 1700 736 (de
1735 680 1843 735 qua
1907 680 2074 735 supra

490 760 740 828 memini)
781 759 1097 814 valetudine
1121 766 1476 828 recuperata;
1523 760 1780 830 quodque
1813 761 1903 815 illa
1953 776 2072 815 tne-

490 850 677 905 diantc
707 849 881 904 sancti
905 848 1164 919 imagine,
1205 848 1322 903 haec
1353 849 1421 903 ab
1449 850 1567 919 ipso
1591 860 1888 921 prototypo
1942 866 2074 905 con-

489 949 677 997 secuta
706 949 809 995 est.

562 1052 682 1106 126.
721 1052 840 1106 Non
897 1051 993 1105 diu
1048 1060 1174 1121 post
1227 1053 1385 1108 adest
1435 1068 1633 1123 magno
1689 1052 1946 1123 Symeoni
2008 1070 2075 1109 ex

487 1160 625 1214 pago
652 1144 781 1210 alio,
801 1146 890 1199 cui
909 1145 1081 1215 Magia
1100 1145 1453 1207 vocabulum.
1479 1145 1566 1199 vir
1583 1146 1833 1215 quidam,
1854 1156 2076 1216 septua—

488 1237 640 1308 ginta
704 1244 769 1291 ut
812 1252 1098 1291 summum
1151 1252 1329 1292 annos
1388 1246 1584 1303 natus;
1639 1236 1735 1306 qui
1802 1239 2076 1294 acerrimo

490 1328 741 1383 dentium
772 1328 964 1383 dolore
992 1328 1299 1394 cruciatus,
1330 1329 1495 1383 enixe
1523 1328 1879 1399 precabatur,
1931 1329 2077 1385 salu-

489 1420 708 1476 tiferam
734 1430 793 1476 ut
812 1420 918 1476 sibi
939 1437 1164 1476 manum
1195 1422 1529 1492 imponeret,
1553 1438 1664 1491 quo
1685 1422 1823 1477 dens
1844 1422 2078 1479 allectus

488 1520 849 1568 excuteretur
889 1513 1180 1579 radicitus,
1215 1515 1327 1585 jam
1359 1528 1509 1568 nunc
1528 1514 1827 1570 acerbitate
1854 1516 2075 1571 crucia-

491 1612 648 1657 tuum
699 1603 942 1659 mobilis.
996 1604 1074 1658 lta
1125 1604 1217 1659 ille
1264 1604 1617 1675 precabatur,
1664 1605 1923 1677 lacrymis
1976 1620 2077 1676 per

489 1710 656 1763 genus
687 1694 1138 1760 decurrentibus,
1189 1697 1476 1752 maerentis
1520 1698 1688 1752 animi
1722 1699 1895 1769 signis
1920 1715 2073 1754 men-

489 1787 580 1841 tiri
638 1787 861 1843 nesciis.
923 1788 1159 1843 Sanctus
1206 1804 1340 1844 vero
1397 1789 1633 1860 benigne
1690 1791 2072 1861 respondens,

446 1876 456 1886 ’
489 1882 706 1949 Nonne,
745 1883 945 1952 inquit,
982 1884 1155 1954 magis
1196 1900 1227 1940 e
1277 1899 1336 1939 re
1370 1895 1462 1940 tua
1515 1886 1682 1951 foret,
1720 1887 1765 1941 si
1812 1894 1870 1941 et
1903 1886 2074 1942 alium

486 1970 708 2026 dentem
744 1974 952 2039 enasci,
998 1989 1165 2043 quam
1202 1974 1350 2029 hunc
1373 1991 1518 2045 aegre
1544 1977 1840 2033 habentem
1870 1978 2076 2031 solum-

487 2064 654 2118 modo
699 2065 884 2129 evelli,
935 2066 1197 2135 peteres?
1234 2066 1315 2121 Ad
1366 2081 1489 2135 qum
1535 2069 1704 2123 verba
1748 2069 1839 2124 ille
1888 2077 2073 2125 mente

486 2155 783 2225 animoque
824 2156 1197 2213 inﬂammatus
1246 2159 1347 2227 (uti
1393 2159 1511 2214 ﬁeri
1560 2162 1851 2217 consuevit
1881 2162 1951 2217 ad
1987 2163 2073 2217 in-

487 2249 688 2316 sperati
711 2250 995 2320 cujusdam
1019 2250 1148 2305 boni
1176 2252 1678 2323 pollicitationem),
1696 2255 2072 2326 ambabusque

486 2342 764 2407 manibus,
816 2352 877 2397 ut
912 2351 1148 2413 poterat,
1189 2359 1253 2397 ex
1300 2344 1501 2398 melote
1534 2346 1705 2400 sancti
1737 2360 2066 2417 suspensus,

485 2433 658 2503 ejicit,
696 2450 796 2503 per
847 2435 1260 2505 impositionem
1313 2453 1575 2492 manuum
1621 2440 1791 2505 illius,
1843 2441 2072 2496 uberem

486 2540 517 2579 e
549 2527 689 2583 coelo
722 2529 952 2597 gratiam
999 2530 1335 2598 elicientem,
1390 2532 1675 2602 putridum
1715 2544 2071 2603 corruptum-

486 2633 594 2687 que
622 2636 726 2674 una
757 2636 880 2675 eum
913 2623 1196 2680 radicibus
1222 2625 1444 2680 dentem
1468 2642 1480 2678 :
1501 2641 1603 2680 nec
1624 2627 1782 2680 multi
1814 2625 2072 2679 abierunt

487 2709 627 2772 dies,
675 2726 801 2765 cum
860 2712 1000 2767 alter
1060 2716 1115 2784 (ο
1170 2732 1285 2769 rem
1345 2732 1455 2769 non
1507 2716 1803 2770 admodum
1853 2715 2068 2770 creditu

487 2799 707 2856 facilem
734 2803 771 2871 ί)
795 2814 990 2860 enatus
1014 2806 1081 2861 ad
1104 2808 1497 2876 perfectionem
1522 2809 1716 2863 crevit.
1752 2810 1818 2862 Et
1844 2809 2074 2878 hujusce

486 2892 725 2964 prodigii
764 2903 930 2951 testes
984 2898 1191 2953 oculati
1242 2900 1429 2969 plures
1488 2899 1667 2963 fuere,
1721 2900 1926 2968 quibus
1983 2900 2073 2953 ille

488 2983 647 3054 ipse,
704 2988 797 3057 qui
858 2989 1191 3046 beneﬁcium
1247 3001 1445 3047 nactus
1499 3000 1651 3056 erat,
1705 2991 2073 3054 ostendebat,

488 3077 841 3149 mirantibus,
893 3081 951 3137 in
1006 3091 1113 3137 tam
1167 3099 1428 3155 provrea
1480 3093 1673 3147 astate,
1727 3092 1927 3153 prieter
1978 3101 2074 3137 na-

2179 577 2360 629 πίστιν
2398 578 2542 645 ῖσην,
2577 576 2688 629 ἴσον
2720 576 2814 628 καὶ
2845 577 2935 629 τὸν
2960 576 3108 628 ἔλεον
3135 575 3338 645 νέμων.
3383 573 3619 644 Ἀπῆλθε
3653 591 3774 629 τοι·-

2176 668 2380 738 γαροῦν
2406 668 2608 738 ὁμοίως
2646 671 2712 738 τῇ
2752 666 3100 741 προλαϐούτῃ
3140 668 3235 721 καὶ⁹
3266 666 3404 738 αὕτη
3434 667 3533 739 τὴν
3559 668 3762 736 ὑγείαν

2175 762 2543 831 κλμισαμένη,
2576 760 2605 814 ὃ
2630 760 2736 833 πρὸ
2769 761 2965 831 μικροῦ
2990 761 3092 832 τῆς
3125 761 3331 825 είκόνος
3363 762 3568 832 ἐκείνη,
3598 760 3767 816 τοῦτο

2175 849 2269 904 νῦν
2301 850 2440 920 αῦτη
2464 850 2557 905 τοῦ
2583 850 2941 921 πρωτυτύπου
2967 852 3229 922 τυχοῦσα.

2250 1060 2402 1129 ρκςδ.
2445 1052 2604 1122 Ἑξῆς
2634 1054 2690 1107 δὲ
2723 1052 2997 1124 προσῆλθέ
3029 1071 3113 1118 τις
3147 1053 3287 1125 ἀνὴρ
3330 1052 3408 1123 τῷ
3443 1056 3664 1126 μεγάλῳ
3696 1054 3771 1111 ἔτι

2176 1167 2320 1212 τινος
2346 1149 2539 1219 κώμης
2569 1147 2779 1217 (Μαγία
2803 1145 2859 1199 δὲ
2883 1147 3116 1217 κέκλητο
3133 1144 3317 1216 αὕτη),
3344 1148 3461 1211 ἔτος
3483 1149 3544 1201 οὑ
3577 1148 3772 1201 πλεῖον

2175 1241 2209 1312 ἦ
2239 1236 2638 1309 ἑϐδομηκοστὸν
2654 1234 2916 1303 γεγονὼς,
2942 1236 3220 1307 δριμείαις
3240 1237 3332 1290 τὸν
3360 1236 3546 1290 ὀδόντα
3571 1236 3770 1306 βαλλό-

2182 1348 2343 1403 μενος
2372 1329 2605 1395 ὀδύναιςο
2633 1328 2950 1399 ὲποεθῆναί
2975 1345 3034 1381 τε
3060 1327 3209 1399 αύτῷ
3237 1329 3336 1397 τὴν
3363 1327 3519 1382 ὁσίαν
3545 1327 3761 1381 ἐκείνου

2176 1426 2335 1496 Χεῖρα
2361 1424 2635 1494 δεόμενος,
2663 1422 2805 1477 ὥστε
2829 1422 3019 1476 τοῦτον
3045 1420 3393 1476 παντάπασιν
3422 1417 3765 1489 ἐκκρουσθῆ-

2177 1535 2285 1580 ναι,
2330 1514 2687 1583 σαλευόμενον
2741 1513 2842 1585 ἤδη
2878 1512 2991 1568 τῶν
3038 1513 3215 1567 πόνων
3257 1512 3379 1575 ταῖς
3408 1508 3762 1582 προσϐολαῖς.

2178 1610 2366 1664 Ταῦτα
2406 1611 2435 1663 ό
2473 1609 2572 1680 μὲν
2600 1610 2791 1672 ἐδεῖτο,
2822 1608 3035 1678 δάκρυα
3059 1607 3170 1661 τῶν
3192 1605 3488 1677 ὀφθαλμῶν
3523 1603 3762 1667 καθιεὶς,

2176 1702 2247 1756 τὰ
2270 1701 2454 1771 ψυχῆς
2477 1700 2749 1771 ἀλγούσης
2780 1699 2984 1771 ἀψευδῆ
3022 1697 3267 1769 σύμϐολα
3289 1712 3304 1726 ⁸
3374 1701 3403 1752 ό
3447 1697 3503 1752 δὲ
3540 1697 3772 1768 χαριέν-

2177 1808 2287 1855 τως
2315 1790 2622 1856 ὑπολαϐὼν,
2656 1792 2746 1860 Μή
2782 1789 2912 1843 ποτέ
2945 1807 3028 1843 σοι
3061 1789 3287 1860 βέλτιον,
3324 1786 3453 1859 ἔφη,
3481 1788 3574 1841 καὶ
3602 1786 3773 1841 ἄλλον

2183 1885 2414 1955 ἐκφῦναι
2449 1883 2650 1955 μᾶλλον
2686 1885 2875 1948 αἰτεῖν,
2903 1882 2937 1955 ἢ
2968 1882 3061 1935 τὸν
3094 1881 3348 1951 πονήρως
3379 1879 3568 1951 ἔχοντα
3600 1879 3776 1950 μόνον

2180 1976 2478 2031 ἀποϐαλεῖν
2501 1993 2516 2041 ;
2549 1976 2660 2029 Καὶ
2700 1975 2757 2039 δς
2785 1975 2920 2045 πρὸς
2947 1974 3010 2027 τὸ
3049 1974 3204 2044 ῥῆμα
3228 1974 3326 2043 τὴν
3353 1972 3541 2043 ψυχὴν
3563 1968 3777 2033 ἀναζέ-

2182 2087 2284 2133 σας
2315 2069 2363 2141 (δ
2398 2072 2643 2138 πέφυκεν
2667 2069 2755 2121 ἀεὶ
2785 2067 2920 2139 δρᾷν
2945 2066 3165 2136 ἀγαθῶν
3198 2067 3621 2137 ἀπροσδοκήτων
3654 2065 3771 2119 ἑπ-

2181 2162 2434 2232 αγγελία)
2465 2163 2801 2234 ἀμφοτέραις
2832 2178 2893 2214 τε
2932 2161 3032 2229 τῆς
3070 2160 3327 2230 μηλωτῆς
3372 2159 3449 2222 ὡς
3491 2152 3635 2227 εἶχεν
3667 2158 3773 2210 ὲκ-

2179 2254 2535 2327 κρεμασθεὶς.
2574 2252 2871 2306 ἀποϐάλλει
2915 2252 3011 2322 μὲν
3043 2251 3231 2314 αὑταῖς
3275 2250 3474 2321 ῥίζαις,
3521 2247 3774 2302 ὲπιθέσει

2174 2347 2377 2421 χειρῶν
2419 2345 2633 2399 ἐκείνου
2681 2343 2881 2415 πολλὴν
2932 2342 3137 2398 ἄνωθεν
3172 2342 3408 2413 ἑλκούσῃ
3438 2340 3536 2409 τὴν
3577 2341 3775 2411 χάριν,

2175 2440 2267 2494 τὸν
2303 2436 2702 2508 διεφθαρμένον
2734 2434 2921 2487 ὀδόντα
2943 2447 2957 2461 ·
2994 2432 3182 2503 ἕτερος
3204 2431 3262 2485 δὲ
3288 2431 3429 2501 μετά
3454 2448 3601 2495 τινας
3625 2430 3773 2501 ἡμέ-

2182 2548 2282 2601 ρας
2311 2528 2376 2595 (ὣ
2402 2530 2729 2597 πράγματος
2755 2526 2815 2579 οὐ
2842 2522 3038 2596 ῥᾳδίως
3062 2521 3453 2593 πιστευομένου
3478 2522 3491 2576 ί
3514 2524 3533 2589 )
3569 2522 3772 2589 ὲφύετό

2176 2641 2236 2676 τε
2272 2624 2366 2676 καὶ
2396 2620 2612 2690 ηὗξετο.
2647 2619 2757 2672 Καὶ
2785 2617 2975 2671 τούτου
3023 2618 3300 2687 μάρτυρες
3322 2614 3533 2670 πολλῶν
3555 2614 3769 2684 ὀφθαλ-

2181 2716 2292 2787 μοὶ,
2346 2708 2428 2776 οἷς
2481 2712 2559 2775 εἰς
2619 2709 2805 2779 θαῦμα
2853 2712 3003 2779 παρά
3054 2708 3148 2761 τοῦ
3199 2707 3454 2777 τυχόντος
3508 2706 3607 2775 τῆς
3666 2705 3770 2759 εύ-

2177 2805 2435 2877 εργεσίας
2494 2802 2788 2865 ἐδείκνυτο,
2842 2802 2905 2855 τὸ
2981 2800 3078 2869 ὀψὲ
3143 2799 3342 2871 δηλαδὴ
3398 2798 3492 2852 τοῦ
3543 2796 3768 2867 χρόνου,

2178 2900 2271 2952 καὶ
2296 2897 2359 2950 τὸ
2405 2896 2538 2965 παρ’
2575 2892 2793 2963 ἡλικίαν
2824 2892 2921 2960 τῆς
2949 2892 3183 2960 φύσεως.
3215 2892 3395 2961 Ὅπερ
3417 2889 3481 2959 δὴ
3512 2887 3777 2959 τηλικοῦ-

2178 3008 2268 3044 τον
2299 2988 2381 3053 ὃν,
2414 2988 2690 3058 ὑποχωρεῖ
2706 2988 2771 3055 τῇ
2799 2984 3051 3052 λέγεσθαι
3081 2984 3177 3054 ἤδη
3206 2982 3473 3053 μελλούσῃ
3497 2981 3611 3049 μετ’
3632 2978 3779 3034 αὐτὸ

2181 3082 2405 3152 θεωρίᾳ.

489 3184 629 3232 tum
656 3178 905 3233 ordinem
933 3181 1354 3251 ﬁeri.potuisse.
1420 3179 1525 3236 Sed
1592 3196 1902 3249 quanquam
1965 3180 2047 3247 id,
2090 3187 2303 3234 tantum
2342 3179 2434 3240 sit,
2480 3172 2737 3232 concedit
2784 3180 2963 3228 tamen
3006 3171 3106 3238 illi,
3150 3183 3314 3241 quam
3361 3182 3527 3240 porro
3560 3166 3773 3224 dicturi

488 3282 701 3335 sumus,
744 3269 967 3324 visioni.

562 3384 688 3439 127.
723 3385 971 3451 Quodam
1009 3386 1270 3454 Sabbato,
1327 3390 1633 3446 decantatis
1681 3401 1806 3446 ante
1852 3402 2070 3444 noctem

2249 3384 2385 3458 ρκξν.
2421 3383 2557 3435 Ποτὲ
2598 3381 2707 3452 γὰρ
2742 3381 2839 3450 ὀψὲ
2870 3380 3146 3433 Σαϐϐἀτου
3189 3380 3326 3449 μετὰ
3373 3381 3498 3439 τοῦς
3544 3381 3776 3452 ἑσπερι-

489 3479 767 3548 Vesperis,
800 3481 1115 3551 congregati
1151 3497 1327 3545 erant,
1366 3492 1425 3537 ut
1464 3483 1674 3537 ferebat
1707 3481 2071 3543 consuetudo,

490 3570 701 3623 circum
748 3570 1075 3642 Symconem
1112 3573 1402 3643 discipuli;
1435 3575 1529 3646 qui
1565 3576 1687 3629 illos
1721 3576 1787 3629 de
1819 3591 1971 3629 more
2005 3574 2074 3628 ad

488 3662 828 3732 vigilandum
871 3672 1033 3719 nocte
1068 3666 1170 3719 ista
1222 3667 1546 3721 hortabatur
1589 3687 1600 3721 :
1638 3667 1835 3722 deinde
1873 3667 2075 3721 docere

487 3767 585 3807 eos
636 3754 928 3824 incipiens,
974 3758 1306 3827 qurestiones
1338 3761 1602 3828 quasdam
1646 3759 1983 3814 dilliciliores
2011 3774 2076 3812 ac

488 3846 778 3916 parabolas
810 3848 865 3902 in
916 3850 1158 3905 taedium
1196 3853 1438 3921 prolatas
1482 3848 1794 3907 elucidabat
1818 3869 1847 3929 ;.
1875 3867 1981 3922 qua
2016 3867 2074 3905 re

488 3938 563 3993 ita
590 3941 831 3995 suaviter
860 3941 1129 3997 afﬁciebat
1160 3944 1378 3999 illorum
1412 3946 1645 4011 animos,
1682 3956 1947 4015 lantoque
1974 3945 2072 3999 Dei

491 4031 689 4087 timore
711 4033 1081 4091 ac‘dulcedine
1104 4035 1312 4092 doloris
1335 4053 1429 4092 cor
1448 4038 1811 4093 exhilarantis
1830 4038 2078 4093 cumula-

489 4122 604 4189 bat,
630 4132 692 4179 ut
712 4123 861 4196 quod
885 4126 950 4183 de
982 4127 1231 4183 sirenum
1259 4139 1423 4184 cantu
1447 4127 1653 4184 dicitur
1676 4129 2077 4200 propemodum

491 4216 549 4271 in
571 4231 630 4272 se
651 4218 1060 4287 experirentur;
1090 4229 1455 4291 prmterquam
1478 4222 1624 4292 quod
1653 4222 2076 4278 delectationem

492 4307 655 4362 istam
685 4309 1132 4379 consequebatur
1173 4326 1344 4375 mors,
1376 4312 1518 4367 hanc
1559 4313 1943 4369 immortalitas
1985 4328 2079 4368 ex-

492 4396 681 4466 cipiat.
738 4398 920 4454 Finito
969 4400 1139 4471 igitur
1186 4416 1443 4458 sermone
1503 4402 1823 4474 Symeonis,
1881 4403 2079 4459 fratres

496 4498 790 4546 consuetas
817 4506 1009 4561 preces
1037 4491 1271 4547 fundere
1305 4502 1632 4563 emperunt;
1669 4508 1905 4562 cumque
1935 4493 2080 4565 psal-

494 4597 644 4641 mum
674 4581 828 4636 Beati
856 4582 1189 4636 immaculati
1210 4585 1265 4637 in
1298 4586 1406 4647 via,
1441 4585 1527 4653 qui
1561 4584 1840 4638 ambulant
1870 4586 1923 4639 in
1967 4585 2079 4658 lege

494 4671 749 4740 Domini,
788 4673 1118 4739 recitarent,
1155 4674 1407 4743 apparuit
1458 4683 1648 4728 sancto
1680 4672 1935 4730 Christus
1965 4676 2075 4731 Do-

496 4766 682 4822 minus
742 4766 1002 4837 prazelara
1069 4766 1125 4819 in
1186 4765 1420 4830 visione,
1474 4775 1659 4820 astans
1706 4782 1735 4821 a
1814 4768 2074 4824 dexteris.

495 4859 568 4917 Ut
588 4858 729 4913 vidit
764 4858 878 4923 ille,
911 4866 973 4911 ut
994 4867 1179 4912 mente
1214 4856 1542 4922 illustratus,
1569 4873 1743 4929 eaque
1779 4865 1891 4916 tota
1922 4860 2083 4917 abre-

498 4959 627 5021 ptus
661 4958 779 5014 est;
815 4963 928 5003 non
957 4948 1373 5018 quiescentibus
1404 4960 1583 5005 tamen
1615 4951 1793 5017 labiis,
1830 4966 1935 5009 nec
1964 4968 2081 5009 cm-

497 5053 649 5114 ptam
680 5042 987 5098 orationem
1028 5040 1539 5098 inlermittentibus.
1573 5044 1786 5099 interea
1819 5045 2082 5100 cernebat

502 5133 656 5202 quasi
706 5144 987 5202 passerem
1036 5145 1201 5200 supra
1236 5129 1469 5187 fratrum
1521 5134 1700 5204 capita
1729 5134 2083 5189 circumvoli—

503 5232 733 5285 tantem,
781 5222 1014 5291 hymnos
1042 5237 1164 5275 cum
1199 5222 1333 5293 ipsis
1362 5225 1682 5280 suavissime
1712 5241 1929 5290 canere,
1962 5240 2082 5279 mo-

501 5329 633 5369 vere
665 5314 907 5383 linguam
944 5312 1137 5367 eodem
1167 5330 1278 5384 quo
1309 5316 1408 5385 ipsi
1456 5317 1640 5380 modo,
1672 5317 1893 5371 easdem
1944 5332 2083 5386 quas

503 5405 606 5475 ipsi
630 5403 1033 5460 modulationes
1066 5423 1316 5477 promere
1344 5410 1445 5480 (uti
1472 5409 1673 5465 deinde
1704 5411 1838 5480 ipsis
1860 5425 2081 5480 quoque

501 5491 929 5565 manifestavit):
958 5495 1240 5555 infallibile
1263 5501 1489 5556 omnino
1510 5500 1908 5567 testimonium,
1932 5500 2081 5572 quod

495 5584 803 5653 jucundum
834 5597 979 5644 esset
1018 5590 1149 5659 Deo,
1198 5592 1507 5649 secundum
1563 5593 1909 5664 prophetam,
1964 5594 2083 5650 clo-

500 5678 693 5748 quium
728 5696 919 5737 eorum
951 5684 1017 5737 “.

574 5817 620 5850 '°
666 5817 810 5879 Psal.
853 5840 963 5893 cut,
1011 5824 1108 5881 34.

2103 4728 2157 4787 D

2177 3479 2302 3541 νοῦς
2353 3476 2577 3545 ὕμνους,
2627 3474 2769 3527 κατὰ
2823 3473 2882 3526 τὸ
2927 3472 3153 3541 σύνηθες
3181 3474 3290 3524 τῶν
3339 3469 3596 3542 μαθητῶν
3636 3472 3776 3541 περὶ

2178 3571 2338 3626 αὐτὸν
2354 3568 2772 3636 ἀθροισθέντων,
2804 3564 3130 3637 ἀγρυπνίαν,
3157 3563 3228 3627 ὡς
3244 3562 3387 3631 ἔθος,
3419 3562 3634 3633 ἐκείνης
3666 3564 3775 3616 αὐ-

2176 3667 2289 3727 τοῖς
2308 3663 2409 3731 τῆς
2437 3660 2626 3723 νυκτὸς
2648 3658 3022 3729 παραγγείλας
3042 3673 3057 3687 ⁸
3087 3652 3204 3709 εἶτα
3225 3654 3575 3720 διδασκαλίας
3596 3654 3773 3723 ἀρξάα

2181 3771 2359 3824 μενος,
2390 3751 2693 3821 αἰνίγματά
2712 3767 2770 3802 τε
2792 3751 2886 3802 καὶ
2917 3745 3232 3820 παραϐολὰς
3262 3747 3444 3808 αὐτοῖς
3478 3746 3775 3817 προτείνας

2178 3848 2273 3902 καὶ
2302 3845 2586 3910 ἐπιλύσας,
2615 3840 2790 3903 οὕτως
2820 3839 2997 3893 αὐτῶν
3020 3837 3238 3908 διέθηκε
3288 3838 3390 3901 τὰς
3427 3837 3626 3907 ψυχὰς,
3668 3839 3773 3889 καὶ

2177 3938 2428 3994 τοσοῦτον
2488 3937 2680 3993 αὐταῖς
2716 3931 2971 3998 ἐνέσταξε
3034 3933 3177 3984 θεῖον
3233 3930 3417 4000 φόϐον,
3449 3931 3542 3984 καὶ
3588 3929 3772 3998 λύπης

2178 4031 2403 4103 καρδίαν
2437 4024 2835 4097 εύφραινούσης
2869 4021 3203 4091 γλυκύτητα,
3238 4022 3314 4086 ὡς
3350 4020 3547 4092 μικροῦ
3581 4022 3674 4074 καὶ
3706 4022 3774 4074 τὸ

2178 4122 2286 4175 τῶν
2305 4120 2583 4195 ᾀδομένων
2610 4118 2808 4179 αὐτοὺς
2837 4115 3103 4185 σειρήνων
3132 4113 3347 4179 παθεῖν,
3377 4113 3516 4184 πλὴν
3535 4112 3659 4166 ὅσον
3685 4114 3772 4176 είς

2180 4213 2411 4268 θάνατον
2444 4211 2544 4281 μὲν
2569 4210 2687 4262 ἐκεῖ
2716 4209 2778 4261 τὺ
2807 4206 3017 4273 θέλγον,
3038 4204 3269 4260 ἐνταῦθα
3300 4205 3358 4259 δὲ
3389 4203 3654 4259 τελευτῶν
3686 4207 3774 4270 εἰς

2180 4301 2501 4358 ἀθανασίαν.
2534 4299 2647 4368 Τὴν
2676 4295 3025 4352 διδασκαλίαν
3054 4294 3112 4347 δὲ
3150 4295 3249 4365 τῆς
3283 4294 3547 4367 συνήθους
3582 4295 3772 4359 αὐτοῖς

2180 4396 2347 4466 εὐχῆς
2376 4390 2786 4462 διαδεξαμένης,
2818 4389 2912 4443 καὶ
2971 4387 3065 4441 τὸν
3112 4388 3486 4459 μακαρίζοντα
3539 4386 3670 4450 τοὺς
3705 4386 3771 4441 ἐν

2180 4488 2285 4560 ὀδῷ
2314 4485 2531 4557 ἀμώμῳ
2558 4481 2797 4554 ψαλμὸν,
2839 4482 2965 4545 τοὺς
3013 4482 3069 4535 ἐν
3108 4481 3255 4551 νόμῳ
3298 4479 3502 4550 Κυρίου
3536 4493 3770 4551 πορευοο

2185 4580 2399 4651 μένους,
2418 4577 2504 4631 διὰ
2539 4576 2806 4647 στόματος
2832 4575 3066 4645 ἐχόντων
3091 4574 3293 4637 αὐτῶν,
3312 4570 3655 4642 ἐπιφαίνεται
3687 4571 3774 4643 τῷ

2182 4669 2410 4741 Συμεὼν
2437 4670 2465 4723 ό
2495 4667 2773 4736 Δεσπότης
2805 4665 3065 4736 Χριστὸς,
3093 4664 3374 4737 μακαρίας
3404 4663 3620 4735 ἐκείνης
3638 4665 3765 4717 ἐπι-

2184 4764 2410 4832 φανείας
2460 4762 2527 4814 ὲκ
2571 4758 2762 4824 δεξιῶν
2795 4756 2945 4828 αύτῷ
2987 4757 3308 4828 παρεστὼς·
3356 4757 3450 4810 καὶ
3488 4755 3626 4827 πρὸς
3666 4756 3771 4825 μὲν

2181 4854 2303 4924 ὄψιν
2333 4855 2362 4907 ό
2390 4852 2514 4918 νοῦς
2546 4852 2867 4922 ὲφωτίζετο,
2899 4852 2994 4904 καὶ
3030 4850 3153 4913 ὅλος
3183 4851 3398 4923 ἐκείνης
3433 4850 3661 4919 ἐγίνετο,
3698 4850 3801 4909 τὰ.

2181 4944 2333 5015 χείλη
2363 4942 2422 4996 δὲ
2453 4941 2555 4996 οὐκ
2581 4940 2802 5011 ἠρέμει,
2854 4940 2977 4994 οὐδὲ
3006 4939 3418 5010 ἀπελιμπάνετο
3448 4939 3547 5008 τῆς
3573 4940 3768 5010 εὐχῆς.

2196 5036 2286 5087 Ἐν
2341 5032 2581 5103 τοσούτῳ
2634 5033 2693 5085 δὲ
2740 5032 2873 5086 ὡσεὶ
2922 5033 3204 5104 στρουθίον
3258 5034 3288 5084 ὁ
3350 5031 3574 5103 Συμεὼν
3627 5033 3775 5103 ὑπὲρ

2182 5127 2427 5196 κεφαλῆς
2458 5134 2571 5191 τοῖς
2628 5126 2879 5197 ἀδελφοῖς
2943 5126 3090 5196 ἐώρα
3140 5126 3592 5198 περιιπτάμενον,
3638 5142 3774 5178 συν-

2181 5218 2511 5291 υμνολογοῦν
2540 5235 2599 5271 τε
2636 5219 2819 5281 αὐτοῖς
2854 5216 3047 5288 ἥδιστα
3095 5218 3190 5271 καὶ
3230 5218 3477 5288 συνᾷδον,
3516 5217 3774 5289 καθάπερ

2181 5316 2379 5387 ἐπίσης
2394 5313 2624 5377 ἐκείνοις
2666 5315 2762 5366 καὶ
2794 5310 3043 5381 γλῶτταν
3076 5311 3280 5371 κινοῦν,
3321 5310 3414 5364 καὶ
3454 5310 3664 5374 τούτοις
3703 5311 3776 5363 τὰ

2186 5408 2327 5461 αὐτὰ
2359 5406 2869 5476 συμφθεγγόμενον,
2928 5403 3003 5467 ὡς
3060 5403 3199 5472 μετά
3244 5403 3416 5457 ταῦτα
3455 5403 3550 5456 καὶ
3581 5403 3772 5468 αὐτοῖς

2187 5497 2483 5554 καθίστατο
2532 5499 2712 5567 δῆλον.
2776 5498 2955 5567 Ὅπερ
3004 5490 3097 5547 οὖν
3159 5494 3452 5565 ἡδυνθῆναι
3491 5492 3634 5549 κατά
3678 5494 3776 5547 τὴν

2187 5594 2484 5665 Προφήτην
2523 5590 2641 5661 Θεῷ
2674 5590 2773 5661 τὴν
2814 5588 3040 5643 ἐκείνων
3068 5586 3343 5658 διαλογὴν,
3376 5586 3603 5657 ἀψευδὲς
3636 5588 3778 5642 κάν-

2188 5703 2295 5749 τως
2331 5682 2653 5756 μαρτύριον.
