4018 6392
225 402 382 463 5105
1255 404 1435 467 VITA
1471 405 1520 464 Α
1556 398 1996 465 NICEPHORO
2033 398 2516 462 CONSCRIPTA.

1700 525 1927 598 CAPUT
1958 536 2099 592 XVI.

727 704 734 712 .
774 661 838 721 In
867 663 1094 718 caritate
1119 678 1349 721 annonec
1379 663 1708 733 frumentum
1747 655 2070 728 multiplicat
2098 664 2146 709 et
2173 656 2263 709 diu
2298 665 2572 712 conservat
2616 657 2978 712 imminutum.

298 782 430 847 ρκη⁸
498 775 709 831 Ἐκεῖνο
755 775 813 831 δὲ
873 778 989 841 πῶς
1039 778 1140 833 οὐκ
1177 780 1328 845 ἄξιον
1372 779 1687 850 προσθεῖναι
1717 782 1827 840 τοῖς

2005 766 2126 821 £28.
2163 766 2303 820 illud
2337 782 2506 836 porro
2552 767 2646 837 qui
2693 767 2812 823 ﬁeri
2844 772 3027 837 potest
3077 774 3139 821 ut
3186 767 3518 839 supradictis

210 870 585 939 εἰρημένοις
619 868 701 920 ὅτι
736 868 871 939 μηδὲ
903 869 1086 939 ὀλίγου
1115 872 1245 925 ποτὲ
1309 872 1454 925 σίτου
1483 871 1562 940 τῷ
1591 871 1828 941 ταμιείῳ

1935 874 2042 913 non
2090 857 2419 928 adiungam?
2446 857 2567 912 Non
2611 858 2718 913 nisi
2748 858 2978 927 exiguus
3021 856 3359 929 quandoque
3403 859 3523 916 fru-

209 961 334 1030 τῆς
369 961 539 1030 μονῆς
579 959 1068 1031 ὑπολελειμμένου,
1100 962 1159 1015 τὸ
1193 962 1290 1031 μὲν
1326 963 1419 1016 καὶ
1456 962 1592 1031 πρὸς
1619 964 1679 1016 τὸ
1705 979 1828 1016 στε-

1935 952 2100 1007 menti
2126 967 2394 1007 numerus
2422 952 2481 1006 in
2509 952 2713 1008 horreo
2740 954 3067 1007 monasterii
3103 954 3352 1023 reliquus
3377 961 3517 1018 erat,

209 1054 321 1106 νὺν
362 1055 462 1124 τῆς
488 1053 773 1124 παρούσης
809 1055 861 1107 οἱ
908 1055 1154 1125 μαθηταῖ
1182 1057 1393 1127 διαίτης
1420 1058 1734 1128 ἀχθόμενοι,
1768 1057 1830 1110 τὸ

1935 1057 2057 1097 cum
2103 1042 2359 1112 discipuli
2393 1043 2590 1113 partim
2640 1043 2713 1098 ob
2761 1042 3047 1113 praesentis
3087 1058 3318 1099 annonae
3376 1044 3520 1099 cari-

210 1147 273 1199 δὲ
337 1147 435 1199 καὶ
477 1146 614 1215 πρὸς
656 1146 719 1199 τὸ
762 1146 953 1216 μέλλον
984 1141 1247 1216 (οἷα,τοϊς
1284 1149 1642 1220 μικροψύχοις
1685 1148 1830 1218 φιλεῖ

1935 1143 2101 1191 tatem
2152 1136 2338 1201 anxii,
2392 1135 2593 1204 partim
2628 1136 2697 1191 de
2744 1137 2934 1191 futuro
2994 1136 3095 1206 (uti
3150 1135 3521 1205 pusillanimis

214 1236 590 1307 συμϐαίνειν)
643 1237 904 1307 ὁρῶντες,
955 1238 1345 1308 προσελθόντες
1393 1241 1545 1311 αὑτῷ
1606 1240 1825 1306 πάντες,

1935 1231 2072 1288 solet
2113 1232 2398 1299 accidere)
2424 1231 2671 1297 solliciti,
2704 1238 3057 1287 accesserunt
3090 1230 3158 1284 ad
3192 1229 3518 1300 Symeonem
3574 1234 3577 1237 '

209 1331 506 1400 τέσσαρες
539 1329 631 1381 ἐπὶ
667 1328 963 1399 τριάκοντα
999 1330 1101 1402 ἤδη
1131 1332 1223 1385 τὸν
1240 1332 1486 1405 1ᾲριθμθν
1520 1332 1694 1397 ὅντες,
1734 1332 1829 1396 οὓς

1935 1323 2096 1379 simul
2145 1338 2360 1390 omnes,
2407 1326 2518 1396 jam
2569 1331 2809 1394 quatuor
2861 1329 2919 1377 et
2983 1321 3207 1391 triginta
3261 1334 3519 1385 numero,

213 1421 347 1473 ἀπὸ
376 1420 651 1489 διαφόρων
691 1421 881 1475 ἰάσατο
927 1423 1117 1477 παθῶν
1155 1425 1189 1497 ἢ
1220 1424 1484 1495 πληγῶν,
1539 1424 1829 1497 ἐπιτρέψαι

214 1513 428 1575 αὐτοῖς
475 1511 661 1581 ἠξίουν
718 1512 1022 1583 λαμϐάνειν
1074 1513 1142 1566 τὰ
1191 1515 1633 1585 προσφερόμενα,
1673 1517 1760 1584 ἐφ’
1785 1508 1830 1584 ᾧ

217 1603 498 1672 αὐτάρκη
526 1619 585 1655 τε
622 1604 687 1655 τὸ
723 1605 923 1674 παρὸν,
952 1597 1090 1659 ἀλλὰ
1119 1606 1212 1659 καὶ
1247 1606 1382 1676 πρὸς
1410 1607 1471 1659 τὸ
1499 1607 1693 1676 μέλλον
1728 1607 1829 1661 αύ-

215 1698 358 1759 τοῖς
383 1693 527 1749 εἶναι
555 1697 623 1750 τὰ
648 1697 948 1765 ἀναγκαῖα,
981 1698 1145 1751 Ὥστε
1182 1698 1244 1750 σὲ
1287 1698 1381 1750 καὶ
1413 1699 1541 1762 τοὺς
1569 1700 1668 1768 τῆς
1692 1700 1829 1769 ἠμε-

218 1784 433 1853 τὲρας,
464 1784 620 1852 φασὶ,
656 1786 934 1856 σωτηρίας
967 1787 1194 1857 μισθοὺς
1232 1789 1585 1860 κομίσασθαι,
1629 1789 1716 1843 ἵνα
1753 1790 1828 1861 μὴ

219 1876 315 1945 τῷ
355 1875 497 1943 ἄγαν
526 1877 749 1947 σκληρῷ
782 1895 841 1931 τε
873 1882 968 1932 καὶ
996 1882 1242 1951 ὲπιπόνῳ
1268 1886 1368 1951 τῆς
1403 1883 1551 1953 παρὰ
1575 1883 1657 1936 σοι
1679 1886 1828 1949 ἀγω-

3369 401 3516 467 3106

1930 1431 2167 1485 quorum
2195 1416 2586 1472 diversimodis
2618 1414 3049 1486 aegritudinibus
3085 1413 3522 1482 vulneribusque

1929 1507 2241 1563 medicatus
2288 1507 2383 1564 ille
2427 1504 2643 1575 fuerat;
2698 1506 3022 1578 ﬂagitabant
3066 1514 3251 1560 autem
3295 1504 3525 1559 faculta-

1932 1605 2044 1653 tem
2079 1599 2186 1653 sibi
2222 1597 2343 1653 ﬁeri
2382 1599 2691 1669 accipiendi
2718 1598 2832 1665 illa,
2861 1613 2986 1667 quae
3017 1597 3430 1662 atterebantur;
3461 1604 3524 1650 ut

1930 1690 2201 1746 baberent
2245 1691 2394 1762 quod
2439 1690 2701 1761 praesenti
2729 1698 2787 1746 et
2818 1690 3023 1745 futurae
3058 1689 3378 1745 necessitati
3408 1687 3524 1744 suf-

1930 1780 2162 1837 ﬁceret:
2196 1781 2269 1838 Ut
2310 1783 2505 1838 salutis
2547 1797 2768 1853 quoque
2812 1791 3020 1837 nostrae
3050 1780 3383 1846 mercedem,
3438 1779 3524 1837 in-

1930 1873 2163 1942 quiunt,
2214 1882 2497 1944 reportes;
2561 1889 2634 1930 ne
2682 1873 2916 1929 nimium
2977 1888 3172 1929 severo
3210 1872 3518 1929 laborioso-

220 1965 351 2033 γῆς
402 1966 813 2034 ὲκκακήσαντες
858 1968 1070 2021 ἐνθένδε
1112 1971 1553 2040 άπαναστῶμεν·
1595 1974 1681 2025 σοι
1719 1972 1831 2043 γὰρ

1935 1980 2043 2035 que
2063 1964 2210 2035 apud
2240 1974 2296 2021 te
2329 1964 2458 2021 vitae
2482 1965 2738 2021 instituto
2766 1966 3064 2021 exanimati
3092 1966 3222 2020 hinc
3268 1964 3524 2020 disceda-

216 2051 388 2117 οἶδας
418 2057 497 2107 ὃτι
527 2057 623 2109 καὶ
649 2057 879 2127 σώματα
933 2060 1028 2113 καὶ
1076 2059 1255 2132 ψυχὰς
1277 2061 1484 2117 ἑαυτῶν
1504 2062 1827 2132 ὰνεθέμεθα.

1936 2071 2098 2110 mus:
2128 2056 2228 2111 tibi
2245 2057 2477 2126 quippe,
2509 2067 2570 2111 ut
2598 2056 2713 2125 ipse
2740 2058 2910 2123 nosti,
2949 2072 3182 2127 corpora
3230 2057 3440 2126 pariter
3468 2066 3527 2111 et

233 2148 311 2202 Ὁ
370 2149 428 2201 δὲ
471 2149 631 2219 πράῳ
663 2150 742 2219 τῷ
768 2149 910 2220 ἤθει,
943 2153 1232 2224 πραοτέρῳ
1273 2153 1330 2206 δὲ
1364 2155 1457 2207 καὶ
1502 2157 1831 2227 φρονήματι,

1935 2148 2153 2203 animas
2189 2160 2410 2205 nostras
2454 2152 2856 2207 commisimus.
2911 2150 3147 2205 Sanctus
3195 2158 3379 2203 autem
3432 2148 3527 2204 be—

222 2239 616 2311 μικροψυχῐαν
658 2242 842 2304 αὐτοῖς
890 2243 1076 2313 ἡρέμα
1119 2246 1551 2315 προσονειδίσας,
1584 2244 1703 2300 εἶτα
1740 2250 1831 2303 καὶ

1935 2239 2107 2310 nigno
2129 2242 2306 2307 vultu,
2338 2242 2664 2313 benigniore
2718 2244 2886 2297 etiam
2933 2243 3140 2308 animo,
3170 2241 3529 2311 pusillanimi-

216 2333 316 2395 εἰς
347 2332 654 2402 ὑπόμνησιν
684 2334 843 2403 ἐνῆγε
872 2336 978 2388 τῶν
1012 2335 1106 2388 τοῦ
1145 2336 1282 2389 Θεοῦ
1317 2337 1657 2408 θαυμασίων,
1688 2342 1836 2403 ὅπως

221 2424 350 2493 μὲν
381 2425 432 2476 οἱ
473 2423 564 2476 τοῦ
593 2425 836 2495 Χριστοῦ
881 2426 1142 2495 μαθηταὶ,
1189 2426 1284 2479 τοῦ
1314 2428 1535 2496 πρώτου
1569 2430 1835 2498 Ποιμένος

220 2515 337 2570 καὶ
381 2514 734 2581 Διδασκάλου,
776 2516 853 2588 τῷ
899 2517 1008 2570 τῶν
1052 2517 1226 2587 ὄχλων
1258 2520 1453 2590 πλήθει
1482 2520 1612 2574 ποτὲ
1647 2522 1836 2591 δυσχε-

221 2607 524 2679 ραίνοντες
554 2604 687 2675 εἷεν,
718 2609 807 2665 διά
844 2627 905 2662 τε
934 2610 1034 2682 τὴν
1074 2611 1269 2681 ἄφιλον
1314 2612 1551 2683 ἐρημίαν
1593 2614 1830 2685 ἐκείνην,

222 2700 339 2753 καὶ
366 2698 464 2768 τὴν
498 2699 608 2753 τῶν
639 2699 822 2771 ἄρτιον
854 2700 1064 2756 ἔνδειαν
1090 2720 1103 2734 ·
1141 2705 1290 2768 ὅπως
1343 2705 1400 2758 δὲ
1449 2704 1611 2758 πέντε
1647 2704 1835 2775 ἄρτοις

222 2791 407 2854 αὐτὸς
431 2791 714 2862 χορτάσειε
751 2798 1221 2868 πεντακισχιλίους
1250 2798 1467 2866 ἄνδρας,
1494 2797 1574 2849 ἔτι
1608 2797 1701 2850 καὶ
1729 2795 1834 2849 δώ-

222 2885 380 2937 δεκα
422 2883 675 2952 κοφίνους
720 2885 926 2951 αὐτοῖς,
961 2889 1028 2940 τὰ
1065 2889 1481 2959 περισσεύματα
1503 2887 1614 2940 τῶν
1653 2887 1833 2956 ἄρτων

224 2974 680 3044 ὑπολιπόμενοςο
715 2976 865 3041 ὅπως
897 2977 955 3031 δὲ
989 2978 1153 3032 πάλιν
1193 2979 1381 3049 ἄρτοις
1420 2977 1558 3030 ἑπτὰ
1586 2978 1833 3047 κορέσειε

221 3067 735 3138 τετρακισχιλίους,
809 3068 940 3123 ἄνευ
987 3070 1264 3138 γυναικῶν
1306 3072 1399 3123 καὶ
1433 3069 1681 3123 παιδίων.
1725 3068 1835 3122 Καὶ

225 3160 338 3218 νῦν
372 3159 437 3212 σὺ
480 3156 531 3212 εί
580 3160 767 3227 αὐτὸς,
815 3162 970 3233 φησὶ,
1012 3164 1041 3215 ὀ
1087 3162 1354 3225 Βασιλεύς
1396 3178 1496 3232 μου
1522 3161 1617 3215 καὶ
1648 3162 1675 3213 ὀ
1701 3160 1833 3223 Θεός

230 3268 371 3321 μου,
402 3249 461 3312 ὃς
495 3251 810 3308 ἐπιϐλέπων
839 3253 1057 3324 ἐπὶτὴν
1092 3255 1373 3325 ὑπομονὴν
1404 3253 1585 3324 ἡμῶν,
1612 3251 1830 3305 ἐπιϐλέ-

226 3345 365 3414 ςνεις
389 3344 486 3397 καὶ
516 3345 576 3397 οὐ
605 3346 861 3416 παρόψει.
895 3346 967 3399 Σὺ
997 3346 1106 3417 γὰρ
1133 3348 1220 3401 διὰ
1242 3348 1339 3418 τῆς
1367 3348 1462 3401 τοῦ
1490 3346 1585 3399 σοῦ
1618 3346 1836 3414 Προφή-

226 3454 335 3489 του
383 3438 658 3500 διδάσκεις
697 3454 763 3508 με
800 3438 1077 3510 γλώττης,
1134 3443 1256 3494 Οὐκ
1302 3440 1477 3494 ἐστιν
1498 3437 1828 3507 ὑστέρημα,

229 3528 531 3598 λεγούσης,
578 3529 703 3596 τοῖς
756 3530 1153 3599 φοϐουμένοις
1205 3545 1298 3596 σε,
1342 3532 1438 3585 καὶ
1485 3532 1625 3596 τοὺς
1660 3529 1831 3597 ἐκζη-

229 3623 499 3689 τοῦντάς
551 3638 628 3677 σε
674 3624 966 3694 μηδαμῶς
1030 3624 1555 3690 ἐλαττωθήσεσθαι
1606 3621 1833 3687 παντὸς

230 3712 489 3783 ἀγαθοῦ.
514 3713 580 3765 Εἰ
617 3712 673 3765 δὲ
708 3714 782 3783 μὴ
809 3714 981 3784 ταύτῃ
1008 3712 1155 3766 δοκεί
1198 3714 1288 3765 καὶ
1318 3715 1451 3783 ἡμῖν
1489 3712 1581 3784 [an
1615 3712 1744 3781 ὑμῖν
1766 3710 1828 3782 ?],

235 3803 632 3873 σπαράττομαι
668 3803 765 3872 μὲν
805 3804 905 3857 ὅσα
933 3803 1031 3857 καὶ
1061 3803 1244 3875 πατὴρ
1277 3803 1346 3858 τά
1381 3804 1684 3874 σπλάγχνα,
1719 3804 1832 3856 ὥσ-

236 3911 349 3965 περ
364 3895 537 3958 εἰκὸς,
561 3896 655 3948 καὶ
675 3894 795 3949 λίαν
816 3895 967 3964 ἀλγῶ
985 3896 1085 3968 τὴν
1105 3896 1396 3961 διάζευξιν.
1415 3897 1602 3964 Ὅμως
1624 3896 1832 3950 ἀνεῖται

240 3989 397 4043 πᾶσα
420 3987 551 4056 ὑμῖν
577 3986 716 4050 ὁδὸς,
741 3981 787 4041 ὦ
809 3987 974 4041 τέκνα
995 3990 1090 4041 καλ⁵
1114 3988 1331 4058 ἀδελφοί
1347 4005 1361 4020 ο
1390 3988 1687 4058 πορευτέον
1707 3987 1835 4041 ἑκά-

242 4096 356 4151 στῳ
380 4078 570 4133 λοιπὸν
598 4080 663 4149 ἣν
691 4078 957 4149 βούλοιτο.

313 4171 459 4243 ρκθ’.
493 4170 637 4241 Πρὸς
667 4172 841 4227 ταῦτα
865 4171 989 4226 δυσὶ
1018 4173 1216 4227 πάθεσι
1248 4171 1460 4236 τούτοις
1500 4174 1550 4227 oi
1584 4171 1828 4243 μαθηταὶ

242 4263 394 4332 φόϐῳ
430 4263 527 4315 καὶ
549 4263 695 4333 χαρᾷ
726 4262 1098 4332 μερισθέντες,
1127 4264 1189 4316 τὸ
1219 4263 1316 4331 μὲν
1368 4262 1458 4317 διὰ
1500 4262 1602 4333 τὴν
1649 4263 1831 4317 ὲπιτίυ

243 4371 437 4424 μησιν,
466 4355 529 4407 τὺ
553 4354 612 4407 δὲ
643 4355 736 4407 καὶ
759 4355 858 4417 τὰς
889 4354 1266 4425 χρηστοτέρας
1290 4354 1652 4423 ἐπαγγελίας,
1676 4354 1833 4407 αὐτοὶ

243 4446 347 4517 μὲν
395 4447 531 4515 γόνυ
589 4445 907 4513 κλίναντες,
969 4445 1215 4500 αἰτοῦσιν
1266 4446 1428 4509 εὐθὺς
1480 4448 1832 4516 συγχώρησιν

241 4542 339 4595 καὶ
370 4539 749 4608 λαμϐάνουσιν
780 4555 796 4573 ο
828 4543 856 4594 ὁ
888 4540 947 4594 δὲ
976 4538 1068 4594 τὸν
1098 4539 1330 4609 ἀδελφὸν
1362 4537 1649 4593 Ἀντώνιον
1672 4539 1835 4595 καὶέ-

242 4648 341 4695 σας
372 4624 553 4704 (οὗτος
580 4633 690 4704 γὰρ
709 4627 778 4704 ἦν
822 4634 852 4686 ὀ
896 4632 1000 4685 ἐπὶ
1052 4631 1147 4686 τοῦ
1208 4631 1435 4695 σιτῶνος
1469 4629 1827 4702 τεταγμένος)

240 4725 556 4790 ἐκέλευσεν,
597 4723 653 4777 εἴ
679 4723 782 4777 πού
830 4739 977 4788 τινες
996 4726 1054 4777 ὲν
1082 4724 1234 4793 αὐτῷ
1260 4724 1450 4777 κόκκοι
1477 4717 1609 4790 εἷεν,
1644 4721 1831 4775 συλλά-

1938 2337 2105 2385 tatcm
2166 2331 2302 2401 ipsis
2356 2334 2621 2401 paulatim
2672 2333 3037 2404 eXprobrans,
3077 2333 3145 2387 ad
3200 2332 3524 2386 memoriam

1936 2421 2215 2476 revocavit
2239 2423 2517 2478 mirabilia
2541 2440 2573 2478 a
2603 2425 2719 2479 Deo
2739 2424 2981 2494 praestita
3003 2439 3202 2493 opera;
3244 2423 3526 2492 quomodo

1936 2528 2136 2583 nempe
2161 2514 2423 2584 discipuli
2448 2515 2674 2583 Christi,
2705 2517 2870 2587 primi
2892 2516 3137 2572 Pastoris
3156 2524 3324 2586 atque
3355 2516 3526 2587 Magi-

1937 2605 2060 2672 stri,
2101 2605 2282 2659 turbis
2311 2605 2611 2675 aliquando
2640 2608 3010 2676 sequentibus
3036 2617 3266 2677 propter
3292 2606 3526 2663 inamat—

1934 2708 2062 2748 nam
2094 2694 2455 2750 solitudinem
2480 2713 2800 2767 panumque
2816 2698 3058 2768 inopiam
3092 2697 3360 2768 indignati
3386 2698 3526 2753 fuis-

1936 2796 2097 2843 sent:
2131 2787 2412 2856 quomodo
2449 2797 2640 2843 autem
2688 2788 2946 2844 Christus
2995 2790 3243 2859 quinque
3284 2788 3526 2857 panibus

1936 2879 2166 2933 totidem
2193 2880 2482 2935 hominum
2506 2882 2680 2937 millia
2707 2897 2964 2953 pascens,
2999 2882 3298 2952 reliquerit
3353 2882 3524 2936 etiam

1935 2970 2230 3025 duodecim
2258 2973 2553 3041 eOpbinos,
2587 2975 2657 3028 iis
2684 2990 2806 3045 quae
2840 2975 3229 3029 redundabant
3264 2975 3522 3044 oppletis;

1934 3069 1992 3116 et
2013 3064 2296 3131 quomodo
2321 3079 2515 3118 rursus
2533 3074 2753 3135 septem
2785 3066 3024 3135 panibus
3049 3074 3287 3135 quatuor
3326 3065 3522 3130 millia,

1934 3156 2178 3225 exceptis
2220 3157 2444 3213 feminis
2473 3161 2797 3229 puerisque,
2855 3167 3178 3214 saturasset.
3236 3158 3377 3212 Tum
3433 3158 3524 3212 in-

1934 3247 2077 3315 quit,
2100 3247 2415 3302 Etiamnum
2444 3258 2502 3303 tu
2534 3253 2650 3320 ipse
2674 3265 2755 3314 es,
2779 3250 2896 3303 Rex
2928 3263 3087 3303 meus
3111 3256 3166 3302 et
3182 3248 3326 3302 Deus
3346 3261 3523 3314 meus,

1935 3339 2032 3407 qui
2061 3340 2291 3409 respicis
2328 3342 2651 3411 patientiam
2678 3351 2945 3407 nostram,
3001 3340 3408 3410 respiciesque,
3467 3346 3527 3394 et

1937 3444 2052 3483 non
2107 3431 2403 3501 despicies.
2462 3434 2545 3488 Tu
2594 3435 2746 3488 enim
2808 3450 2909 3504 per
2967 3447 3031 3488 os
3084 3433 3377 3502 Propheta:
3443 3430 3526 3486 tui

1938 3524 2108 3579 doces
2138 3541 2248 3591 me,
2273 3526 2547 3582 dicentis:
2570 3529 2693 3583 Non
2750 3537 2827 3582 est
2856 3530 3036 3597 inopia
3079 3527 3387 3582 timentibus
3433 3534 3525 3593 te;

1934 3623 1983 3668 et
2009 3616 2539 3689 inquirentes‘tenon
2556 3621 2863 3673 minuentur
2911 3620 3057 3673 omni
3095 3619 3228 3672 bono
3266 3620 3333 3671 “.
3365 3618 3526 3684 Quod

1932 3706 1978 3760 si
2011 3707 2168 3762 vobis
2219 3724 2441 3779 quoque
2482 3711 2557 3765 ita
2594 3726 2717 3766 esse
2770 3727 2880 3765 non
2937 3711 3215 3776 videatur,
3245 3712 3525 3765 lacerarer

1931 3812 2040 3850 non
2059 3797 2220 3852 aliter
2245 3814 2409 3868 quam
2428 3809 2596 3869 pater
2618 3801 2927 3856 visceribus
2954 3803 3114 3868 meis,
3135 3810 3196 3855 ut
3218 3817 3319 3871 par
3338 3809 3446 3868 est,
3464 3809 3526 3859 et

1932 3905 2197 3961 perquam
2220 3892 2419 3947 acerba
2442 3893 2578 3946 mihi
2602 3895 2879 3962 separatio
2904 3894 3085 3949 futura
3113 3904 3279 3949 esset.
3311 3894 3525 3951 Nihilo-

1933 3982 2117 4038 minus
2136 3985 2286 4038 nulla
2311 3985 2467 4040 vobis
2490 3986 2791 4042 interclusa
2811 3989 2896 4042 via
2923 3995 3028 4054 cst,
3053 3987 3150 4041 ﬁlii
3172 3988 3480 4058 fratresque
3504 4005 3520 4057 ;

1931 4076 2095 4131 abeat
2129 4078 2366 4149 quisque
2390 4095 2501 4149 quo
2558 4081 2744 4135 animo
2795 4081 3100 4136 collibitum
3133 4096 3234 4136 suo
3259 4081 3453 4136 fuerit.

2004 4171 2126 4225 129.
2161 4173 2260 4227 His
2286 4174 2522 4238 auditis,
2546 4175 2767 4245 gemino
2786 4174 2979 4245 agitati
3009 4174 3213 4230 aﬂcctu
3237 4174 3521 4245 discipuli,

1934 4261 2152 4318 timoris
2190 4264 2387 4333 altero,
2434 4266 2613 4320 altero
2663 4265 2870 4336 gaudii,
2925 4265 3021 4320 illo
3056 4265 3127 4319 ob
3183 4265 3526 4335 increpatio.

1933 4371 2081 4423 nem,
2112 4356 2220 4413 hoc
2244 4358 2317 4412 ob
2339 4359 2736 4429 promissiones
2775 4357 3062 4429 benignas,
3089 4367 3322 4413 curvant
3344 4371 3526 4429 genua

1932 4463 2000 4503 ac
2019 4448 2234 4502 veniam
2260 4448 2631 4520 deprecantur
2661 4461 2718 4505 et
2750 4450 3071 4520 impetrant.
3105 4450 3345 4522 Symeon
3389 4464 3525 4507 vero

1934 4536 2169 4593 fratrem
2228 4539 2535 4594 Antonium
2609 4538 2760 4610 (erat
2816 4539 2866 4593 is
2918 4554 2950 4593 a
3013 4554 3072 4593 re
3125 4537 3525 4609 frumentaria)

1930 4629 2227 4687 advocavit
2283 4633 2586 4704 jussitque,
2637 4631 2684 4686 si
2730 4644 2840 4701 qua
2894 4645 3063 4702 grana
3129 4639 3523 4705 superessent,

1935 4722 2172 4777 collecta
2207 4723 2277 4778 ad
2307 4740 2366 4779 se
2390 4723 2617 4779 afferre.
2647 4723 2744 4777 ille
2766 4732 2891 4793 post
2920 4722 3171 4778 sedulam
3202 4722 3524 4792 inquisitio-

240 4818 413 4884 ξαντα
444 4816 582 4888 πρὸς
610 4817 773 4870 αὑτὸν
823 4818 1090 4885 ἐνεγκεῖν.
1121 4815 1230 4870 Τοῦ
1259 4815 1317 4870 δὲ
1366 4816 1563 4887 κομιδῇ
1611 4814 1830 4880 ὀλίγους

1935 4827 2061 4867 nem
2086 4815 2323 4883 paucula
2344 4814 2595 4884 quaadam
2628 4813 2852 4867 inventa
2881 4813 3138 4867 manibus
3166 4813 3232 4866 ad
3261 4828 3521 4883 magnum

241 4907 522 4979 εὑρόντος,
560 4910 640 4969 είς
670 4908 861 4978 χεῖράς
895 4923 955 4960 τε
985 4905 1065 4976 τῷ
1094 4906 1316 4976 μεγάλῳ
1361 4906 1709 4975 κομίσαντος,
1741 4904 1825 4967 είς

239 5000 474 5069 οὐρανὸν
527 4997 778 5068 ἀνασχὼν
820 5001 1047 5066 ἐκεῖνος,
1086 4999 1144 5053 ὐ
1170 4999 1301 5061 Θεὸς
1328 5001 1356 5052 ὀ
1404 4998 1825 5069 παντοκράτωρ,

243 5084 421 5163 εἶπεν,
446 5089 474 5141 ὀ
506 5087 685 5152 διδοὺς
719 5090 780 5141 ού
838 5089 1066 5159 κτήνεσι
1121 5090 1303 5159 μόνον,
1359 5089 1484 5143 οὐδὲ
1512 5091 1625 5152 τοῖς
1671 5104 1827 5141 νεοσ-

244 5183 360 5239 σοῖς
399 5181 509 5233 τῶν
539 5183 796 5251 κοράκων
828 5184 940 5245 τοῖς
967 5181 1424 5252 ἐπικαλουμένοις
1458 5199 1540 5248 σε,
1568 5180 1704 5236 ἀλλὰ
1734 5180 1830 5233 καὶ

241 5273 394 5343 πάσῃ
452 5274 621 5342 σαρκὶ
646 5274 851 5345 τροφὴν
885 5274 1089 5339 αὐτῶν,
1124 5275 1154 5327 ὁ
1182 5275 1272 5328 διὰ
1306 5275 1591 5344 σπλάγχνα
1624 5276 1831 5343 οἰκτιρ-

246 5365 367 5434 μῶν
396 5382 514 5429 σου,
541 5366 570 5417 ὀ
597 5364 685 5419 διὰ
730 5366 933 5437 πολλὴν
990 5367 1226 5421 ἄϐυσσον
1273 5367 1374 5435 τῆς
1414 5365 1831 5436 φιλανθρωπίας

244 5474 341 5511 σου
381 5457 572 5528 ἄρτοις
613 5458 819 5526 ὀλίγοις
862 5458 1106 5529 χιλιάδας
1139 5460 1390 5529 κορέσας,
1425 5457 1589 5520 αὐτὸς
1616 5457 1711 5510 καὶ
1740 5456 1829 5509 τὶν

244 5550 454 5619 βραχὺν
488 5549 677 5602 τοῦτον
706 5549 980 5616 πλήθυνον
1012 5552 1183 5614 σῖτον,
1217 5550 1296 5613 είς
1360 5546 1831 5625 δόξανθαίνέσεώς

244 5659 361 5702 σου,
392 5643 473 5706 είς
508 5643 863 5713 εὐχαριστίαν
892 5642 1025 5696 λαοῦ
1060 5660 1176 5711 σου,
1223 5644 1303 5706 εἰς
1353 5640 1828 5713 μεγαλοπρέπειαν

240 5734 335 5785 τοῦ
364 5734 631 5803 ὀνόματός
658 5751 775 5787 σου.
1645 5726 1649 5731 ’

308 5846 353 5877 ³³
394 5847 539 5901 Psal.
584 5862 767 5911 sum,
830 5847 912 5901 li.

1938 4904 2156 4962 Patrem
2186 4906 2528 4976 apportavit:
2553 4905 2649 4974 qui
2682 4905 2738 4958 in
2769 4904 2969 4959 coelum
2989 4904 3181 4957 oculos
3204 4904 3520 4961 intendens:

1936 4994 2105 5063 Deus,
2133 4997 2335 5067 inquit,
2369 4998 2741 5068 omnipotens,
2771 4999 2863 5068 qui
2902 5012 3011 5051 non
3039 5005 3271 5050 tantum
3300 4998 3525 5070 jumcn~

1938 5090 2010 5144 tis
2061 5090 2337 5161 pullisque
2387 5106 2679 5146 corvorum
2738 5090 3125 5145 invocantibus
3148 5099 3219 5157 te,
3250 5092 3347 5146 sed
3373 5095 3525 5153 omni

1937 5181 2107 5237 etiam
2164 5182 2315 5236 carni
2362 5182 2462 5237 das
2513 5197 2696 5237 escam
2750 5197 2936 5249 suam;
3002 5182 3095 5252 qui
3145 5198 3246 5250 per
3307 5187 3525 5247 visecra

1936 5270 2334 5327 misericordiae
2361 5281 2488 5338 tuae,
2506 5288 2607 5343 per
2634 5272 2864 5326 multam
2892 5272 3161 5327 bonitatis
3203 5279 3309 5326 tua:
3364 5273 3523 5343 abys-

1933 5376 2078 5426 sum,
2107 5364 2359 5435 pauculis
2384 5365 2622 5435 panibus
2654 5365 2914 5421 saturasti
2967 5366 3257 5420 hominum
3308 5365 3478 5418 millia
3505 5382 3520 5425 ι

1934 5454 2053 5510 haec
2073 5471 2296 5527 quoque
2326 5472 2500 5527 pauca
2531 5457 2798 5513 frumenti
2827 5458 3055 5531 granula
3114 5457 3421 5526 multiplica
3451 5456 3521 5516 ad

1943 5549 2178 5619 gloriam
2207 5550 2411 5617 laudis,
2432 5551 2499 5606 ad
2523 5551 2819 5622 gratiarum
2864 5552 3139 5612 actionem
3201 5547 3414 5622 populi,
3449 5546 3521 5607 ad

1939 5642 2284 5713 maiestatem
2315 5643 2555 5701 nominis
2603 5644 2704 5699 tui.
