4018 6402
503 376 648 441 3101

1734 376 1804 436 S.
1845 373 2149 439 SYMEON
2155 376 2228 437 IS
2262 374 2627 439 JUNIORIS

3650 376 3804 446 3168

585 488 712 544 150.
734 489 814 545 Ita
838 495 1114 559 precatus,
1149 484 1421 541 carbones
1446 482 1733 555 poposcit;
1794 498 1955 555 quos,
2001 484 2101 540 ubi

2276 485 2375 557 ρλν.
2412 486 2595 540 Ταῦτα
2612 483 3077 557 προσευξάμενος,
3094 485 3189 541 καὶ
3200 484 3482 559 ἄνθρακας
3505 487 3804 562 ἐνεχθῆναι

512 585 757 644 sumtum
790 586 1075 657 in‘jecerat,
1105 581 1260 637 fratri
1297 578 1543 636 Antonio
1564 595 1673 635 una
1695 594 1823 635 cum
1855 578 2103 649 granulis

512 679 570 733 in
601 691 799 731 manus
820 675 1009 738 tradit,
1031 681 1089 727 et
1126 690 1140 727 :
1168 671 1341 738 Vade,
1376 671 1576 741 inquit,
1601 670 1783 726 suﬁito
1811 671 2099 738 horreum,

510 776 680 838 atque
704 764 963 837 projectis
991 764 1120 819 istic
1146 763 1303 819 hisce
1338 762 1615 833 granulis,
1652 761 1871 817 ﬁrmato
1893 761 2101 817 ostium

512 876 580 915 ac
608 859 879 914 recedito.
911 856 1067 913 Fecit
1099 858 1146 912 is
1167 851 1240 911 ‘ut
1270 856 1605 925 imperatum
1645 862 1799 909 erat:
1833 855 2101 925 postridie

511 959 696 1006 autem
723 951 904 1019 primo
922 950 1172 1003 diluculo
1193 947 1423 1002 eidema
1451 946 1736 1017 Symeone
1758 946 2099 1016 praecipitur,

510 1042 579 1096 ad
612 1042 872 1096 horreum
933 1040 1144 1105 redeat,
1173 1041 1397 1094 visurus
1449 1054 1562 1108 quo
1617 1053 1708 1093 res
1739 1036 2103 1091 frumentaria

509 1132 635 1188 loco
662 1133 769 1187 sit:
812 1141 1044 1187 noverat
1065 1134 1272 1202 quippe
1329 1147 1525 1201 preces
1575 1146 1705 1185 suas
1750 1145 2102 1200 nequaquam

509 1226 734 1279 steriles
763 1224 904 1279 fore.
943 1225 1257 1295 lvitjussus
1282 1225 1470 1293 (quam
1501 1221 1905 1292 inexplicabilis
1944 1221 2104 1275 boni-

511 1328 596 1372 tas
631 1325 725 1371 tua
746 1357 760 1380 ,
793 1316 1014 1371 Christe
1036 1318 1075 1387 ι)
1105 1333 1172 1372 ac
1207 1316 1417 1386 reperit
1462 1315 1725 1369 horreum
1775 1312 2099 1383 oppletissi-

506 1424 661 1463 mum
702 1409 1005 1474 frumento,
1041 1408 1320 1463 fructibus
1351 1423 1480 1462 vere
1499 1407 1638 1462 citra
1674 1405 2104 1469 laborem,citra

508 1517 698 1556 semen
764 1502 1181 1557 oceasionemve
1221 1498 1538 1565 natis;sola
1581 1497 1831 1552 oratione
1889 1496 2104 1565 agrico-

519 1593 784 1647 lationem
807 1605 861 1647 et
888 1592 1350 1649 stercorationem
1375 1590 1685 1661 supplente.
1719 1587 1872 1658 Opus
1901 1588 1958 1642 id
1996 1588 2102 1644 fuit

510 1684 667 1740 illius
694 1685 942 1754 profecto
975 1700 1194 1751 manus,
1251 1698 1376 1753 quae
1431 1681 1750 1753 prodigium
1804 1680 1862 1735 in
1906 1681 2102 1736 multi-

504 1774 807 1844 plicatione
835 1790 1041 1844 panum
1071 1783 1297 1844 operata
1352 1782 1472 1840 est;
1510 1788 1635 1843 qua:
1687 1772 1744 1827 in
1796 1772 2100 1828 solitudine

2204 577 2509 644 κελεύσας,
2541 576 2793 649 θυμίαμά
2823 594 2885 631 τε
2927 575 3137 641 τούτοις
3183 578 3480 647 ἐπιϐαλὼν,
3510 582 3607 635 καὶ
3657 590 3806 654 μετὰ

2202 668 2315 723 τῶν
2343 674 2562 723 κόκκων
2593 669 2674 740 τῷ
2705 667 2920 739 ἀδελφῷ
2967 670 3302 741 ἐγχειρίσας,
3348 670 3627 725 ’Δπελθὼν
3648 712 3663 737 ,
3696 673 3807 727 θυ-

2208 759 2404 828 μίασον
2433 761 2491 813 ἐν
2522 758 2600 830 τῷ
2622 759 2828 826 σιτῶνι,
2856 759 2983 832 ἔφη,
3009 760 3107 814 καὶ
3121 760 3345 826 τούτους
3379 762 3438 817 ἐν
3465 763 3615 833 αύτῷ
3641 764 3805 838 διαρο

2205 851 2391 922 ῥίψας,
2407 851 2505 915 τὰς
2519 851 2691 923 θύρας
2713 853 2921 916 ἐπιθεὶς
2941 853 3319 925 ἀναχώρησον.
3336 855 3395 909 '0
3414 856 3513 926 μὲν
3528 851 3621 910 οὖν
3637 856 3805 928 ἔδρα-

2207 961 2299 997 σεν
2329 944 2405 1007 ὡς
2437 944 2834 1013 προστέτακτο.
2863 944 2977 1013 Τῆς
3007 945 3269 1014 ἐπιούσης
3298 946 3429 1015 περ).
3446 943 3671 1017 πρώτην
3695 947 3805 1013 ἔω,

2203 1035 2508 1107 ἐπιτραπέν
2536 1035 2691 1098 αὖθις
2718 1036 2867 1108 αύτῷ
2909 1036 3063 1110 παρά
3095 1036 3188 1090 τοῦ
3219 1036 3445 1106 Συμεὼν
3473 1038 3563 1091 τὸν
3591 1040 3806 1095 σιτῶνα.

2210 1129 2338 1183 ἰδεῖν
2375 1131 2526 1194 ὅπως
2554 1130 2666 1201 ἔχοι
2701 1130 2842 1202 (ᾔδει
2871 1130 2982 1201 γὰρ
3028 1131 3131 1184 οὐκ
3156 1130 3348 1198 ἄγονον
3381 1132 3589 1195 ἐκεῖνος
3639 1131 3799 1205 αύτῷ

2202 1222 2304 1292 τὴν
2357 1222 2526 1293 εὐχὴν
2581 1222 3180 1294 ἐσομένην),ἀπελθὼν
3218 1222 3344 1293 (τῆς
3406 1224 3800 1295 ἀνεκφράστου

2206 1328 2322 1377 σου,
2357 1313 2557 1383 Χριστὲ
2598 1313 2840 1391 βασιλεῦ,
2871 1315 3238 1385 χρηστότητος
3256 1314 3302 1385 ί)
3330 1315 3577 1387 εὑρίσκει
3602 1318 3806 1373 τοῦτον

2207 1401 2353 1454 σίτου
2364 1400 3305 1478 σαφῶςύποπεπλησμένον,καρπῶν
3336 1407 3592 1478 ἁμόχθων
3620 1408 3806 1476 ὅντως·

2204 1493 2303 1547 καὶ
2334 1494 2592 1566 ἀσπόρων
2617 1496 2715 1551 καὶ
2738 1497 2841 1569 ἀνη
2853 1498 3045 1567 ρὸτων,
3078 1499 3250 1570 μόνης
3280 1499 3450 1570 εὐχῆς
3480 1502 3799 1571 γεωργίων,

2207 1588 2301 1639 καὶ
2331 1588 2431 1657 τῆς
2488 1587 2740 1643 ἐντεῦθεν
2789 1590 3094 1661 ποιότητος,
3127 1590 3291 1662 ἔργον
3328 1591 3514 1663 χειρὸς
3543 1586 3802 1665 ἀκριϐῶς·

2206 1678 2444 1749 ἐκείνης,
2479 1673 2547 1750 ἧς
2596 1680 2659 1733 τὸ
2700 1680 2843 1735 κατὰ
2889 1683 3017 1745 τοὺς
3068 1681 3275 1753 ἄρτους
3319 1682 3507 1753 θαῦμα
3536 1684 3633 1739 καὶ
3661 1686 3697 1759 ηιξ
3735 1688 3801 1739 ἐν

2207 1771 2401 1841 ἐρήμῳ
2459 1772 2730 1842 τράπεζα,
2764 1773 2826 1825 τό
2882 1789 2943 1826 τε
3006 1773 3065 1839 ἐξ
3112 1773 3344 1842 ούρανοῦ
3383 1766 3587 1846 μάννα,
3632 1778 3732 1830 καὶ
3764 1780 3802 1849 ἡ

512 1882 762 1921 mensam
789 1868 1052 1921 instruxit
1077 1884 1092 1934 ;
1120 1883 1244 1937 quae
1266 1881 1470 1921 manna
1493 1866 1561 1920 de
1589 1865 1733 1920 coelo
1764 1865 1945 1936 pluit;
1975 1880 2100 1934 quae

2211 1862 2313 1915 ἀπὸ
2376 1865 2604 1933 στερεᾶς
2660 1864 2873 1935 πέτρας
2928 1864 3027 1936 οὐχ
3076 1864 3269 1930 ὕδατος
3298 1843 3484 1938 μόνον,
3518 1867 3659 1925 ἀλλά

500 1973 576 2012 ex
599 1959 750 2013 arida
779 1967 957 2030 petra,
994 1975 1105 2014 non
1131 1959 1310 2014 solum
1330 1974 1507 2029 aqum,
1538 1957 1635 2013 sed
1671 1958 1847 2029 ipsius
1877 1973 2101 2028 quoque

2211 1950 2369 2006 αὑτοῦ
2397 1953 2614 2023 μέλιτος
2644 1952 2852 2024 βλύσις.

504 2051 691 2105 mellis
711 2050 916 2106 fontem
942 2052 1157 2106 elicuit.

586 2143 1044 2213 lBl.Discipulus
1072 2145 1263 2215 igitur,
1300 2143 1555 2199 miraculi
1587 2143 1971 2214 magnitudine
1995 2142 2099 2197 ob-

510 2234 877 2304 stupefactus,
908 2236 1188 2291 curriculo
1210 2236 1279 2290 ad
1334 2237 1658 2307 magistrum
1701 2242 1990 2305 properat,
2044 2234 2101 2289 id

517 2327 666 2397 quod
692 2326 897 2381 factum
924 2337 1046 2383 erat
1077 2330 1450 2383 annuntians:
1477 2327 1573 2398 qui
1603 2342 1731 2382 mox
1756 2342 1881 2381 cum
1937 2325 2106 2381 disci-

508 2419 663 2489 pulis
699 2418 920 2487 publice
975 2434 1162 2474 coram
1184 2420 1298 2475 Deo
1374 2419 1528 2474 ﬂexit
1577 2434 1780 2489 genua,
1814 2418 2102 2473 incensum

504 2511 737 2575 obtulit,
764 2512 1111 2567 Dominicam
1165 2512 1478 2567 orationem
1523 2509 1805 2574 recitavit,
1858 2508 2105 2564 coelesti-

504 2615 622 2669 que
650 2600 910 2655 invocato
937 2601 1099 2656 Patre
1127 2601 1377 2673 (quicum
1411 2600 1516 2671 ipsi
1550 2600 1623 2655 ob
1677 2600 1924 2670 insignes
1984 2599 2103 2654 vir-

510 2701 663 2747 tutes
678 2691 1046 2758 familiaritas,
1071 2693 1250 2763 qualis
1281 2692 1455 2748 ﬁlium
1492 2691 1673 2757 decet,
1703 2690 2100 2758 intercedebat,

512 2782 781 2852 cujusque
804 2782 1033 2837 liberale
1053 2783 1261 2838 donum
1277 2799 1518 2853 praesens
1532 2782 1913 2838 muniﬁcentia
1930 2782 2102 2853 erat),

512 2873 708 2943 dignas
750 2874 801 2927 ei
833 2890 932 2943 pro
972 2883 1124 2929 tanto
1172 2874 1447 2930 beneﬁcio
1502 2874 1710 2943 gratias
1757 2875 2101 2944 persolvens,

506 2972 682 3033 atque
735 2964 1084 3035 praecipiens,
1111 2964 1336 3020 easdem
1377 2964 1610 3036 singulis
1654 2964 1880 3019 Sabbati
1907 2965 2107 3020 diebus

515 3056 573 3109 in
626 3055 827 3110 horreo
863 3056 1052 3111 iterari
1088 3056 1469 3121 cteremonias,
1523 3056 1839 3126 similesque
1884 3056 2108 3111 benefa-

2280 2136 2411 2206 ρλαν.
2454 2135 2512 2190 '0
2537 2135 2786 2208 μαθητὴς
2807 2135 2987 2191 τοίνυν
3007 2135 3085 2208 τῷ
3107 2136 3201 2192 τοῦ
3227 2137 3513 2210 θαύματος
3571 2144 3802 2213 μεγέθει

2204 2226 2599 2296 καταπλαγεὶς,
2634 2229 2885 2298 πρόσεισι
2933 2228 3011 2300 τῷ
3044 2230 3351 2302 διδασκάλῳ
3396 2232 3697 2303 δρομαίως,
3735 2238 3804 2289 ea

2204 2321 2429 2389 γεγονὸς
2460 2321 2856 2389 ἀπαγγέλλων·
2899 2321 2997 2376 καὶ
3036 2322 3095 2387 ὃς
3143 2323 3323 2378 κοινὸν
3364 2325 3504 2394 μετά
3535 2326 3801 2396 μαθητῶν

2204 2412 2324 2483 Θεῷ
2352 2413 2482 2481 γόνυ
2528 2413 2741 2479 κλίνας,
2773 2415 3031 2486 θυμίαμά
3072 2433 3135 2469 τε
3174 2418 3565 2488 προσαγαγὼν,
3603 2421 3708 2490 τήν
3735 2438 3802 2475 τε

2205 2505 2542 2576 Δεσποτικὴν
2571 2505 2739 2576 εὐχὴν
2769 2509 3234 2579 προσευξάμενος,
3278 2511 3373 2564 καὶ
3405 2510 3497 2564 τὸν
3541 2513 3600 2565 ἐν
3625 2513 3804 2583 ούρα-

2204 2600 2316 2662 νοῖς
2362 2600 2586 2669 Πατέρα
2613 2600 2849 2664 καλέσας
2890 2600 3048 2672 (πρὸς
3096 2600 3155 2654 ὃν
3200 2601 3290 2654 διὰ
3330 2602 3431 2672 τῆς
3477 2602 3807 2672 ὑπερφυοῦς

2204 2690 2407 2760 ἀρετῆς
2420 2690 2545 2762 ἔσχε
2562 2692 2662 2762 τὴν
2680 2690 2780 2762 υίῴ
2798 2695 3181 2762 προσήκουσαν
3192 2694 3523 2765 οἰκειότητα,
3537 2696 3633 2749 καὶ
3647 2688 3708 2749 οὗ
3722 2696 3810 2750 δό-

2207 2799 2291 2844 σις
2317 2781 2496 2853 ἀγαθὴ
2524 2781 2595 2835 τὰ
2610 2784 2900 2853 παρόντα),
2921 2784 3175 2839 τοσούτου
3206 2803 3266 2838 τε
3286 2788 3611 2857 πράγματος
3630 2787 3811 2853 ἀξίως

2206 2872 2634 2944 εὐχαριστήσας,
2665 2873 2760 2927 καὶ
2799 2874 2972 2937 οὕτως
3005 2875 3108 2929 ἀνά
3138 2876 3229 2929 τὸν
3262 2877 3460 2931 σιτῶνα
3489 2878 3621 2950 δρᾷν
3664 2880 3812 2933 ἐκά-

2209 2981 2336 3019 στου
2371 2964 2647 3019 Σα66άτου
2672 2969 2784 3030 τοῖς
2806 2966 3055 3038 ἀδελφοῖς
3081 2969 3476 3037 παραγγείλας,
3501 2971 3597 3023 καὶ
3620 2972 3815 3026 τοιαύ-

2207 3071 2306 3123 την
2359 3056 2708 3125 εὐχαριστίαν
2762 3046 3091 3123 ἀποδιδόναι,
3145 3060 3451 3113 ἐντέλλεται
3507 3062 3568 3116 τὸ
3614 3061 3813 3120 λοιπὸν

509 3146 658 3201 ιοιοτὶ
702 3148 906 3218 gratias
951 3147 1144 3213 reddi;
1190 3147 1470 3203 mandavit
1523 3157 1585 3202 ut
1628 3148 1919 3219 pinsendis
1954 3147 2106 3218 pani-

2211 3147 2397 3210 αὑτοίς
2439 3148 2750 3218 ἀρτοποιεῖν
2792 3151 2890 3220 τὴν
2935 3152 3092 3220 χεῖρα
3122 3151 3396 3221 μηδέποτε
3445 3154 3810 3224 παυομένοις,

516 3236 626 3291 bus
675 3239 876 3293 darent
917 3255 1166 3309 operam.
1215 3255 1319 3294 nec
1357 3240 1425 3294 ab
1471 3240 1691 3310 incepto
1738 3255 1982 3310 unquam
2010 3239 2108 3294 de-

512 3328 803 3395 sisterent,
835 3345 1111 3385 memores
1135 3346 1352 3400 semper
1372 3331 1631 3386 salutaris
1656 3331 1805 3384 illius
1828 3329 2109 3400 praecepti,

512 3418 671 3490 quod
705 3419 989 3474 Christum
1018 3421 1070 3475 in
1102 3421 1368 3477 fratribus
1396 3422 1515 3476 vult
1542 3422 1714 3492 pasci.
1743 3422 1826 3475 llli
1845 3436 1903 3475 se
1930 3420 2114 3474 accin-

521 3521 661 3580 gunt
695 3511 873 3580 operi,
922 3528 1027 3565 nec
1053 3514 1342 3582 patiuntur
1381 3514 1641 3569 manibus
1671 3513 1846 3567 ullum
1888 3527 1919 3566 a
1954 3513 2111 3567 subi-

516 3602 700 3676 gcnda
748 3602 926 3656 farina
956 3605 1129 3658 otium
1162 3606 1391 3660 concedi
1440 3607 1534 3660 diu
1566 3614 1879 3673 noctuque;
1915 3603 2112 3659 diebus

520 3695 670 3746 enim
708 3695 764 3749 in
814 3696 1002 3751 labore
1053 3700 1348 3754 transactis
1387 3698 1869 3769 conjungebantur
1898 3707 2108 3764 noctes,

517 3783 875 3857 faciebatque
913 3788 1142 3843 candela
1172 3799 1229 3844 ut
1252 3790 1362 3845 diei
1385 3791 1592 3845 lumine
1619 3805 1760 3859 opus
1787 3790 2112 3859 neutiquam

519 3875 856 3947 indigerent.
911 3880 1046 3935 Cum
1120 3893 1305 3937 autem
1364 3890 1445 3936 tot
1495 3882 1563 3936 ad
1610 3892 1861 3938 sanctum
1913 3884 2110 3949 turbae,

521 3977 579 4022 et
621 3970 807 4037 plures
839 3980 1003 4042 atque
1049 3974 1238 4043 plures
1292 3975 1346 4029 in
1387 3975 1507 4030 dies
1551 3975 1932 4030 conﬂuerent:
1975 3976 2112 4031 illud

520 4058 687 4112 etiam
726 4063 901 4132 magis
929 4063 1163 4119 fortasse
1215 4066 1482 4134 prtedicto
1524 4066 1792 4123 miraculo
1833 4066 2113 4121 admiran-

517 4147 654 4202 dum
705 4153 876 4219 venit,
908 4155 1057 4224 quod
1100 4156 1438 4211 frumentum
1482 4157 1616 4213 illud
1646 4168 1753 4212 tam
1799 4158 1979 4227 plenis
2000 4174 2115 4213 ma-

516 4245 686 4300 nibus
710 4245 977 4309 ablatum,
1002 4245 1457 4319 inﬁnitorumque
1478 4249 1767 4305 hominum
1797 4250 2111 4305 necessitati

521 4336 860 4405 impensum,
897 4335 1263 4394 nihilominus
1309 4355 1412 4409 per
1457 4348 1569 4395 tres
1600 4339 1897 4396 continuos
1935 4355 2111 4397 annos

512 4424 824 4479 suffecerit.

2213 3237 2328 3291 ἀλλ’
2368 3238 2455 3291 ἀεὶ
2490 3239 2588 3309 τῆς
2627 3240 2903 3311 μακαρίας
2944 3241 3150 3314 ταύτης
3191 3243 3283 3295 καὶ
3311 3242 3547 3313 Χριστὸν
3575 3245 3662 3303 διὰ
3690 3247 3814 3302 τῶν

2213 3326 2458 3397 ἀδελφῶν
2490 3329 2798 3400 τρεφούσης
2832 3332 3053 3403 ἐντολῆς
3092 3332 3391 3404 ἐχομένοις.
3428 3334 3541 3398 Τὰς
3574 3335 3674 3404 μὲν
3706 3333 3815 3392 οὖν

2212 3421 2400 3490 χεῖρας
2428 3418 2552 3473 οὕτε
2582 3422 2765 3492 ἡμέρα
2806 3423 2926 3494 ἵστη
2974 3424 3073 3493 τῆς
3115 3425 3438 3496 ἀρτοποιίας
3495 3429 3601 3491 τοῖς
3641 3428 3813 3484 ἀδελ-

2214 3513 2354 3578 φοῖς,
2390 3510 2512 3565 οὔτε
2548 3513 2664 3580 νὺξ.
2691 3514 2827 3569 ἀλλὰ
2865 3516 2962 3570 καὶ
2997 3516 3189 3578 νύκτες
3224 3518 3425 3588 μᾶλλον
3467 3520 3597 3591 περὶ
3629 3522 3812 3595 αὐτὴν

2213 3603 2568 3672 πονουμένοις
2604 3605 2841 3676 ἡμέραις
2871 3609 3223 3678 συνήπτοντο,
3257 3611 3351 3664 καὶ
3381 3610 3444 3665 τὸ
3478 3611 3582 3682 τῆς
3606 3614 3810 3681 νυκτὸς

2214 3694 2375 3765 ἔργον
2398 3698 2425 3748 ὁ
2448 3696 2637 3768 λύχνος
2664 3698 2757 3751 τοῦ
2791 3700 2893 3768 τῆς
2924 3700 3137 3769 ἡμέρας
3165 3703 3342 3770 φωτὸς
3364 3706 3627 3776 παρεῖχεν
3649 3706 3812 3761 οὐδὲν

2213 3787 2410 3842 ἐνδέον.
2461 3790 2717 3844 Τοσοῦτοι
2768 3793 2918 3862 παρὰ
2962 3792 3051 3846 τὸν
3081 3795 3235 3861 ἆγιον
3273 3795 3441 3865 ὄχλοι,
3499 3798 3594 3851 καὶ
3625 3798 3812 3865 οὕτως

2213 3880 2451 3951 ἀριθμοῦ
2482 3883 2764 3953 κρείττους
2805 3885 2893 3938 ἀεὶ
2940 3887 3249 3957 συνέρρεον,
3283 3887 3313 3941 δ
3344 3889 3441 3942 καὶ
3472 3888 3564 3944 τοῦ
3592 3892 3813 3962 προλα-

2214 3970 2399 4034 ϐόντος
2430 3972 2571 4042 τάχα
2605 3975 3049 4048 παραδοξότερον,
3091 3979 3173 4031 ὅτι
3218 3979 3312 4033 καὶ
3367 3978 3539 4044 οὕτως
3589 3982 3618 4034 ὁ
3652 3984 3809 4048 σῖτος

2214 4064 2420 4127 ἐκεῖνος
2474 4065 2623 4129 ὅλαις
2676 4068 2868 4138 χερσὶν
2915 4070 3341 4140 ἐκφορούμενος,
3383 4073 3480 4125 καὶ
3506 4073 3810 4140 τοσαύταις

2214 4155 2473 4225 ἐπαρκῶν
2509 4159 2793 4228 μυριάσιν,
2823 4160 2972 4229 ὅμως
3004 4163 3096 4215 καὶ
3126 4165 3207 4224 είς
3237 4163 3424 4236 τρίτον
3458 4160 3589 4236 ἑξῆς
3610 4165 3805 4221 ἐνιαυ-

2213 4244 2304 4301 τὸν
2334 4247 2558 4318 ἢρκεσε.

592 4515 715 4569 152.
759 4515 891 4569 Post
941 4514 1061 4570 haec
1088 4516 1314 4573 humani
1363 4519 1584 4590 generis
1623 4521 1820 4590 hostis,
1864 4523 2106 4595 priorem

2215 4560 2248 4589 .
2284 4523 2420 4595 ρλβ’.
2452 4524 2609 4581 Μετὰ
2638 4525 2693 4581 δέ
2733 4526 2907 4583 ταῦτα
2934 4529 3030 4599 τῆς
3063 4531 3336 4603 προτέρας
3356 4532 3536 4605 πάλης
3560 4533 3806 4608 ἀναμνη.

522 4619 677 4659 suam
707 4620 831 4659 cum
870 4603 1141 4676 Symeone
1174 4608 1382 4663 luctam
1422 4612 1768 4679 recordatus,
1794 4623 1888 4669 aut
1920 4618 2108 4686 potius

516 4696 803 4766 antiquam
839 4696 1050 4752 cladem
1088 4714 1345 4769 reparare
1379 4702 1636 4771 cupidus,
1658 4720 1827 4759 unum
1869 4722 1899 4762 e
1923 4706 2109 4764 fratri-

521 4782 628 4837 bus
646 4784 972 4850 invadit,vel
989 4787 1181 4853 allicit,
1196 4797 1291 4843 aut
1305 4791 1460 4859 quasi
1477 4792 1720 4847 vinctum
1741 4796 1926 4859 trahit.
1943 4814 2108 4869 quem

522 4885 715 4947 aptum
744 4877 1023 4948 imprimis
1054 4880 1313 4949 pessimis
1342 4883 1458 4938 suis
1482 4887 1987 4946 machinationibus
2018 4906 2110 4947 re-

523 4968 776 5039 periebat
795 5011 812 5036 ,
840 4970 1063 5025 natione
1080 4971 1353 5037 Isaurum,
1378 4979 1795 5035 nomenclatura
1816 4981 2106 5053 Angulam,

524 5058 672 5128 quod
718 5059 904 5130 lingua
958 5060 1180 5132 Syriaca
1244 5066 1460 5138 pigrum
1518 5070 1872 5144 interpretari
1925 5074 2106 5129 aiunt.

524 5147 681 5205 Haud
709 5159 908 5206 tamem
954 5152 1071 5207 scio
1107 5163 1292 5213 utrum
1333 5158 1390 5214 id
1446 5161 1501 5215 ei
1551 5164 1794 5219 nominis
1832 5164 1991 5219 initio
2039 5167 2111 5221 sit

525 5240 786 5304 inditum,
837 5242 987 5312 quod
1052 5255 1243 5317 postea
1306 5251 1579 5322 ejusmodi
1630 5255 1819 5311 factus
1850 5265 1975 5324 est;
2039 5272 2111 5312 an

524 5331 728 5387 deinde
752 5332 1110 5392 conformiter
1141 5341 1407 5410 operibus
1435 5343 1489 5399 id
1544 5345 1651 5401 sibi
1684 5348 2107 5417 comparaverit.

524 5422 685 5478 Hunc
716 5424 885 5495 igitur
916 5425 1198 5500 ingressus
1227 5426 1598 5505 caco'daamon,
1634 5439 1947 5495 universam
1995 5441 2109 5495 fra-

526 5522 671 5569 trum
719 5519 1170 5578 communitatem
1206 5540 1305 5595 per
1352 5527 1534 5598 ipsum
1568 5531 1806 5586 concitat
1843 5531 2111 5589 adversus

524 5619 805 5676 sanctum;
851 5612 945 5683 qui
994 5616 1203 5685 pariter
1252 5617 1435 5688 posita
1466 5623 1803 5677 verecundia
1846 5639 1911 5679 ac
1955 5640 2111 5681 reve-

524 5700 701 5755 rentia
751 5699 929 5772 ipsum
972 5706 1242 5763 adeuntes
1288 5709 1469 5777 :Quae
1511 5710 1613 5766 ista
1666 5722 1782 5775 tua,
1825 5712 2106 5783 inquiunt,

526 5797 633 5845 tam
670 5807 836 5865 supra
882 5797 1109 5854 modum
1157 5801 1331 5857 effusa
1393 5803 1824 5860 misericordia?
1878 5806 2107 5862 ubinam

2216 4610 2422 4681 σθεὶς”ὁ
2454 4620 2666 4689 ἐχθρὸς,
2720 4620 2752 4691 ἢ
2806 4621 2907 4692 τὴν
2960 4622 3197 4678 παλαιὰν
3232 4625 3555 4692 φιλονεικῶν
3600 4628 3805 4697 μᾶλλον

2214 4710 2656 4767 ἀνακαλέσασθαι
2698 4708 2888 4786 ἧτταν,
2934 4716 3225 4770 ὑποδύεται
3250 4718 3360 4771 τῶν
3397 4718 3644 4789 ἀδελφῶν
3677 4722 3796 4788 ἕνα,

2213 4800 2246 4870 ἢ
2282 4802 2602 4871 ἐπισπᾶται,
2628 4804 2660 4875 ἢ
2693 4804 2980 4873 ἐπάγεται,
3000 4808 3215 4870 οἰκείως
3239 4808 3415 4878 ἑαυτῷ
3434 4809 3633 4881 δηλαδὴ
3658 4814 3804 4883 πρὸς

2215 4894 2574 4964 κακοτεχνίαν
2616 4896 2795 4966 εὑρὼν
2826 4898 3038 4967 ἔχοντα,
3075 4900 3328 4971 Ἴσαυρον
3360 4900 3421 4953 τὸ
3458 4903 3635 4970 γένος.
3678 4906 3811 4973 Ἀγ-

2214 4987 2415 5054 γουλᾶν
2463 4986 2563 5057 τὴν
2612 4989 3003 5063 προσηγορίαν,
3034 4991 3063 5044 ὃ
3109 4995 3174 5062 τῇ
3217 4993 3325 5047 τῶν
3363 4992 3552 5063 Σύρων
3581 4995 3806 5071 γλώττῃ

2215 5076 2349 5145 φασὶ
2374 5077 2465 5130 τὸν
2489 5078 2720 5150 ὀκνηρὸν
2748 5079 3127 5152 ὀνομάζεσθαι.
3159 5086 3276 5138 Ούκ
3321 5081 3459 5152 οἶδα,
3496 5087 3607 5142 εἴτε
3640 5090 3809 5145 τοῦτο

2214 5168 2315 5238 τὴν
2341 5168 2517 5240 ἀρχὴν
2548 5169 2838 5241 κληθέντα,
2870 5172 2898 5225 ὃ
2932 5173 3070 5244 μετά
3092 5174 3265 5229 ταῦτα
3294 5178 3529 5246 γεγόνει,
3566 5181 3660 5233 καὶ
3688 5186 3811 5245 τοῖς

2214 5258 2397 5329 ἔργοις
2433 5260 2532 5330 τὴν
2567 5262 2758 5333 κλῆσιν
2792 5263 3020 5337 ὕστερον
3056 5269 3122 5337 τῇ
3161 5266 3359 5337 πράξει
3401 5270 3805 5339 μεταῦαλόντα,

2214 5352 2309 5404 καὶ
2340 5352 2675 5423 κατάλληλον
2717 5357 2831 5419 τοῖς
2862 5356 3045 5427 ἔργοις
3078 5360 3464 5431 ἁρμοσάμενον
3491 5361 3591 5433 τὴν
3629 5381 3810 5436 προσ-

2214 5445 2462 5515 ηγορίαν.
2511 5446 2713 5501 Τοῦτον
2754 5451 3044 5520 τοιγαροῦν
3083 5454 3111 5505 ὁ
3142 5452 3337 5524 ἐχθρὸς
3366 5453 3588 5523 ὑποδὺς,
3622 5460 3811 5513 πᾶσαν

2213 5628 2438 5699 ἀναίδην
2463 5630 2611 5701 αύτῷ
2637 5631 3051 5702 προσελθόντες,
3084 5637 3180 5700 Τίς
3208 5641 3242 5708 ἡ
3275 5640 3512 5710 τοσαύτη
3543 5642 3638 5695 καὶ
3661 5642 3813 5698 οὕτω

2213 5718 2358 5789 πέρα
2412 5721 2507 5773 τοῦ
2541 5723 2788 5794 μετρίου,
2818 5729 3004 5795 φασὶν,
3043 5728 3415 5802 ἐλεημοσύνη;
3460 5731 3564 5787 ποῦ
3599 5733 3659 5787 δὲ
3696 5735 3812 5789 τῶν

2218 5810 2379 5880 ἱερῶν
2409 5813 2574 5869 οἴκων
2606 5814 2639 5888 ἥ
2668 5819 3102 5893 φροντιστηρίων
3127 5820 3310 5893 ψυχῆς
3338 5822 3552 5878 τοιοῦτό
3572 5842 3625 5879 τι
3653 5828 3813 5893 γινό-
