4018 6386
222 385 390 454 3109
554 393 572 429 ‘

1257 387 1437 449 VITA
1477 386 1524 444 A
1563 383 2007 447 NICEPHORO
2044 384 2535 447 CONSCRIPI‘A.

3380 385 3521 442 3H0

232 517 421 572 μενον
454 498 655 569 ίσμενς
687 497 807 571 οὐχὶ
837 497 931 553 καὶ
954 478 1117 560 αὖτδς
1158 495 1217 552 ἐν
1247 495 1642 568 Ἱεροσολύμοις
1672 498 1700 550 6
1729 498 1847 551 Κυοι

1957 506 2223 552 terrarum
2257 498 2313 552 in
2334 497 2506 554 sacris
2547 494 2807 551 domibus
2835 502 3003 567 atque
3036 496 3321 554 asceteriis
3351 498 3532 558 simile

235 591 448 655 οιακός
472 593 589 645 ἐστι
626 592 820 661 τάφος,
849 587 1284 661 θαυματουργῶν
1313 587 1551 654 ἐξαίσιας
1583 587 1769 659 μήπου
1795 605 1845 641 τι

230 682 663 754 παραπλησίως
710 683 831 752 ἕχον
877 682 993 734 ἐκεῖ
1028 682 1140 745 τοῖς
1170 679 1459 751 ἡμετέροις
1495 678 1683 745 ἐστίν;
1724 678 1847 749 οὐχὶ

232 776 364 838 πᾶς
398 777 428 829 6
466 775 773 846 προσευχῆς
810 772 1053 845 προσιὼν
1082 772 1242 844 χάριν
1276 773 1308 843 ἢ
1337 771 1652 845 Θεραπείας,
1691 771 1846 836 ἰδίαις

233 870 463 939 μᾶλλον
485 871 681 939 χρῆται
705 868 970 929 δαπάναις
989 883 1004 933 ;
1030 864 1340 920 τούναντίον
1371 863 1470 935 μὲν
1492 860 1584 917 οὗν
1607 864 1729 934 οὐχὶ
1751 865 1847 917 καὶ

226 962 561 1032 προσφέρει
590 961 649 1013 τὸ
675 960 818 1012 κατά
847 958 1117 1029 δύναμιν;
1151 959 1269 1031 πῶς
1296 957 1496 1023 τοίνυν,
1533 957 1627 1010 καὶ¹
1656 956 1843 1022 πόθεν,

224 1051 266 1122 ἢ
352 1054 521 1123 μέχρι
568 1052 762 1118 πόσου,
800 1051 1014 1114 ἑαυτοῖς
1062 1050 1299 1113 καὶτοῖς
1332 1047 1649 1120 προσιοῦσιν
1686 1050 1846 1120 ἡμεῖς

228 1145 643 1215 ἐπαρκέσομεν
666 1158 682 1208 ;

319 1423 470 1494 ρλγν.
500 1424 563 1477 Οί
602 1423 701 1494 μὲν
744 1418 837 1480 οὖν
865 1422 1041 1479 ταῦτα
1091 1424 1184 1479 καὶ
1215 1424 1388 1479 πολλὰ
1431 1425 1640 1490 τούτοις
1676 1427 1846 1499 ὃμοια

228 1508 407 1567 εἶπον
433 1531 449 1545 ο
507 1515 535 1567 6
587 1515 644 1567 δὲ
694 1516 887 1584 πράως
935 1515 1243 1583 ὑπολαϐὼν,
1297 1517 1409 1586 Τῆς
1459 1519 1702 1589 μεγάλης
1753 1518 1848 1572 καὶ

228 1604 417 1658 τοῦτο
439 1605 532 1658 τοῦ
553 1606 685 1659 Θεοῦ
718 1607 1070 1676 κηδεμονίας,
1091 1608 1217 1676 ἔφη,
1248 1608 1375 1678 περὶ
1402 1610 1567 1679 ἡμᾶς,
1605 1609 1844 1679 ἀδελφοὶ,

228 1696 307 1746 τὸ
365 1693 445 1765 μὴ
492 1695 627 1764 πρὸς
661 1694 949 1765 ἀλλοτρίας
977 1698 1164 1767 χεῖρας
1194 1699 1362 1767 ἡμᾶς,
1393 1698 1528 1751 ἀλλὰ
1569 1701 1705 1770 πρὸς
1748 1700 1848 1764 τὰς

230 1786 535 1855 ἡμετέρας
570 1786 770 1855 μᾶλλον
799 1787 1018 1858 ἐτέρους
1042 1790 1194 1859 ὁρᾷν,
1229 1792 1326 1842 καὶ
1379 1788 1442 1842 τό
1495 1792 1570 1861 μὴ
1598 1792 1746 1855 ὅπως
1780 1791 1846 1845 ἄν

360 1852 459 1931 καί
515 1852 687 1948 βραχὺ
740 1852 1004 1951 λάὃοίμεν
1058 1852 1188 1953 παρ’
1243 1882 1447 1953 ἐτέρων
1496 1852 1695 1950 αἰτεῖν,
1729 1852 1845 1938 ἀλλ’
1878 1852 1921 1907 Β

233 1969 508 2039 ἀφθόνως
544 1972 743 2040 μᾶλλον
793 1970 937 2041 ἔχειν
984 1974 1189 2043 ἑτέροις
1237 1976 1386 2044 ἡμᾶς
1438 1976 1723 2044 ἐπαρκεῖν.
1772 1977 1845 2029 Οὐ

235 2063 324 2131 γᾶ
336 2079 370 2132 ρ
405 2062 468 2126 ἐξ
498 2056 573 2117 ὧν
602 2065 756 2115 αὐτοὶ
778 2064 1081 2135 κοπιῶμεν,
1110 2066 1224 2118 ἀλλ’
1250 2066 1309 2130 ἐξ
1339 2060 1413 2120 ὧν
1443 2068 1677 2138 ἀπονητὶ
1714 2068 1851 2137 μᾶλ-
1890 2125 1897 2129 ,

234 2154 351 2208 λον
395 2157 495 2223 τῆς
524 2154 734 2207 ἄνωθεν
765 2156 1134 2226 χρηστότητος
1194 2158 1565 2226 ἀπολαύομεν,
1618 2160 1849 2223 ἐκείνοις

238 2248 603 2317 παρέχομεν,
653 2247 681 2299 ὂ
712 2252 805 2302 καὶ
851 2251 1213 2305 σπουδαστέον
1253 2252 1402 2320 ὑμῖν,
1438 2253 1597 2323 εἴπερ
1624 2252 1752 2307 ἄλλο
1797 2271 1850 2306 τι

238 2340 354 2393 διὰ
388 2340 610 2405 παντὸς,
634 2343 728 2395 καὶ
764 2344 944 2412 πάσης
975 2334 1142 2410 ἄλλης
1166 2343 1431 2411 ἐργασίας
1458 2345 1847 2414 προτιμητέον,

237 2430 310 2483 εἴ
324 2432 494 2501 τιτῆς
511 2432 718 2486 ἐκείνου
738 2436 889 2505 μέλει
907 2434 1204 2506 θεραπείας
1227 2436 1376 2504 ὑμῖν,
1394 2434 1488 2487 τοῦ
1505 2434 1655 2490 ἔλεον
1675 2437 1850 2490 θέλον-

242 2541 357 2586 τος
390 2524 590 2593 μᾶλλον
614 2528 706 2579 καὶ
730 2530 790 2579 οὐ
815 2528 1028 2583 θυσίαν.
1070 2527 1216 2597 Πρὸς
1241 2528 1413 2581 ταῦτα
1440 2527 1533 2581 τοῦ
1579 2529 1852 2597 ’Δγ-γουλᾶ

244 2616 623 2688 πειραθέντος
655 2620 992 2692 ἰταμώτερον
1017 2621 1439 2694 ἀποκρίνασθαι,
1472 2621 1626 2684 εἰδὼς
1655 2623 1684 2673 ὁ
1708 2621 1851 2684 θεῖος

244 2709 407 2779 ἀνὴρ
437 2709 503 2763 δι’
530 2711 740 2764 ἐκείνου
776 2715 1144 2768 συσκευάσθαι
1186 2714 1264 2784 τῷ
1294 2714 1474 2786 ἐχθρῷ
1504 2715 1601 2785 τὴν
1631 2715 1849 2768 ἐπιδου-

244 2803 388 2872 λὴν,
426 2804 761 2874 ἐπιτιμήσας
815 2806 1172 2877 σφοδρότερον
1214 2789 1322 2861 ὀὐκ
1369 2807 1580 2877 ἐκείνῳ,
1613 2807 1749 2860 ἀλλά
1773 2806 1849 2877 τῷ

246 2893 329 2945 δι’
364 2893 528 2945 αὐτοῦ
572 2894 774 2964 μᾶλλον
799 2898 1028 2961 ἀναιδῶς
1052 2899 1428 2970 φθεγγομένῳ,
1467 2900 1538 2952 Σὺ
1565 2901 1683 2968 μὲν,
1712 2901 1774 2967 ἀγ
1787 2918 1850 2953 α-

251 2984 382 3044 θεοῖς
418 2985 551 3037 πᾶσι
579 2985 803 3053 πολέμιε
831 2988 973 3055 (οὐδὲ
1006 2987 1114 3058 γὰρ
1142 2988 1321 3056 ἀγνοῶ
1367 3006 1459 3042 σου
1491 2990 1589 3051 τὰς
1607 2989 1850 3058 δολιότη-

247 3074 410 3142 τας),
439 3074 561 3142 ἔφη,
599 3076 692 3127 τὸν
725 3076 1072 3147 ταλαίπωρον
1093 3078 1279 3132 τοῦτον
1299 3078 1655 3143 ὑπεισελθὼν,
1692 3077 1852 3148 θορύ-

1949 583 2080 660 quid
2114 588 2233 643 ficri
2269 588 2670 644 recordamur?
2696 588 2893 643 Nonne
2940 587 3123 658 ipsum
3154 605 3375 661 quoque
3421 591 3533 647 Do-

1948 682 2082 736 mini
2137 683 2455 751 sepulcrum
2506 680 2902 752 Hierosolymis
2959 681 3223 737 inusitata
3271 693 3535 753 operatur

1946 774 2257 829 miracula?
2299 774 2550 843 nunquid
2597 784 2783 827 tamen
2830 772 2956 827 istic
3020 788 3121 842 par
3157 774 3288 828 huic
3330 783 3535 843 nostrae

1946 868 2420 938 eleemosynarum
2464 865 2727 937 largitio?
2767 865 2959 919 Nonne
3006 879 3106 919 sua
3146 865 3283 919 vivit
3324 867 3536 936 quadra

1948 960 2203 1030 quisquis
2248 968 2345 1013 aut
2380 958 2652 1014 orationis
2683 965 2780 1011 aut
2829 958 2951 1027 opis
2991 972 3159 1011 causa
3187 972 3254 1011 eo
3282 957 3536 1012 accedit?
3592 983 3597 989 -

1949 1055 2062 1109 imo
2100 1054 2249 1125 quod
2301 1065 2494 1110 contra
2537 1061 2644 1118 est,
2701 1067 2887 1106 nonne
2938 1050 3062 1105 istic
3107 1050 3273 1105 offert
3321 1050 3390 1107 de
3432 1066 3559 1106 suo

1949 1157 2220 1218 quantum
2242 1146 2469 1217 potest?
2501 1143 2790 1212 Quomodo
2818 1142 2986 1213 igitur
3018 1157 3120 1196 nos
3148 1150 3205 1196 et
3242 1142 3409 1206 unde,
3440 1150 3535 1197 aut

1946 1256 2239 1312 quousque
2286 1249 2343 1296 et
2370 1238 2533 1295 nobis
2557 1246 2613 1293 et
2635 1235 3029 1292 accedentibus
3051 1250 3152 1291 nos
3198 1234 3536 1292 suﬂiciemus

1946 1332 2267 1388 annonam?

2022 1425 2149 1479 155.
2189 1424 2317 1479 Haec
2369 1431 2427 1479 et
2479 1423 2567 1479 bis
2605 1423 2810 1479 similia
2860 1422 2970 1477 illis
3024 1418 3244 1475 turbide
3277 1417 3535 1485 elocutis,

1950 1517 2140 1572 sedate
2174 1516 2508 1572 subsumens
2543 1525 2786 1581 sanctus,
2816 1516 2897 1571 sic
2943 1515 3066 1568 infit
3094 1531 3107 1566 :
3140 1512 3209 1567 Et
3243 1511 3377 1566 illud
3417 1512 3536 1567 sin-

1950 1610 2159 1680 gularis
2190 1609 2288 1663 Dei
2316 1610 2464 1663 circa
2497 1624 2600 1663 nos
2634 1606 3026 1662 sollicitudinis
3046 1607 3265 1676 signum
3292 1612 3397 1668 est,
3430 1604 3542 1659 fra-

1953 1708 2093 1765 tres,
2139 1700 2287 1770 quod
2318 1716 2430 1753 non
2465 1715 2534 1754 ex
2565 1699 2762 1753 alienis
2791 1698 3049 1752 manibus
3079 1696 3260 1761 nobis,
3292 1695 3388 1751 sed
3416 1695 3540 1751 aliis

1949 1794 2139 1863 potius
2166 1808 2232 1847 ex
2262 1792 2474 1847 nostris
2503 1791 2871 1845 victitandum
2903 1791 3007 1853 sit;
3039 1789 3319 1859 quodque,
3349 1797 3410 1843 ut
3441 1804 3544 1858 pa-

1952 1901 2075 1939 rum
2096 1885 2230 1954 quid
2258 1886 2619 1955 accipiamus,
2653 1884 2890 1938 alienam
2915 1883 3211 1952 implorare
3238 1898 3397 1953 opem
3425 1896 3540 1937 non

1951 1978 2274 2042 debeamus,
2324 1977 2420 2032 sed
2471 1985 2677 2031 tantam
2709 1976 3013 2030 habeamus
3071 1991 3258 2030 rerum
3300 1975 3536 2045 cepiam,

1952 2073 2015 2120 ut
2047 2076 2105 2122 et
2139 2066 2356 2121 caeteris
2378 2080 2706 2119 succurrere
2729 2066 3028 2134 possimus.
3054 2064 3244 2133 Neque
3266 2080 3398 2119 vero
3424 2065 3537 2129 illa,

1952 2175 2074 2229 qua:
2107 2175 2369 2215 manuum
2400 2170 2717 2217 nostrarum
2756 2174 2923 2230 opere
2952 2159 3418 2229 eonquisivimus,
3442 2158 3542 2214 sed

1953 2251 2065 2314 illa,
2110 2251 2317 2321 quibus
2361 2252 2500 2306 citra
2546 2252 2794 2306 laborem
2827 2260 3103 2315 nostrum,
3155 2250 3543 2319 suppeditante

1953 2341 2141 2396 divina
2173 2343 2446 2408 bonitate,
2474 2344 2734 2409 fruimur,
2757 2342 3053 2413 egentibus
3071 2342 3367 2412 largimur;
3394 2340 3543 2412 quod

1952 2442 2009 2487 et
2064 2433 2381 2489 faciendum
2450 2435 2610 2490 nobis
2658 2435 2853 2490 sedulo
2898 2449 3119 2505 semper
3180 2442 3265 2488 est
3318 2434 3366 2488 si
3408 2433 3542 2503 quid

1952 2525 2135 2591 aliud;
2181 2534 2239 2580 et
2291 2527 2442 2580 omni
2475 2526 2585 2581 alio
2627 2541 2798 2596 Opere
2829 2525 3007 2595 pluris
3056 2524 3466 2587 aestimandum,
3494 2524 3545 2580 si

1952 2616 2084 2687 quid
2132 2632 2236 2672 nos
2270 2618 2452 2673 cultus
2491 2616 2642 2672 illius
2672 2618 2864 2687 tangit,
2897 2617 2991 2686 qui
3027 2616 3161 2670 dicit
3197 2633 3210 2669 :
3243 2616 3547 2670 Misericor-

1952 2712 2096 2763 diam
2117 2710 2316 2778 volo,et
2333 2728 2437 2764 non
2468 2710 2790 2779 sacriﬁcium
2808 2709 2897 2762 ²¹⁶.
2919 2708 3057 2764 Cum
3083 2710 3323 2779 Angulas
3338 2708 3403 2763 ad
3426 2708 3546 2765 bace

1952 2801 2213 2857 incitatus
2254 2802 2632 2858 turbulentius
2690 2816 3017 2872 responsum
3053 2810 3310 2870 pararet,
3339 2815 3548 2870 cogno.

1953 2904 2243 2965 sceretque
2288 2898 2375 2951 vir
2423 2898 2519 2951 Dei
2572 2911 2671 2966 per
2700 2897 2850 2949 illum
2903 2894 3087 2948 moliri
3139 2893 3369 2948 insidias
3415 2907 3545 2947 suas

1954 2987 2283 3052 daamoncm,
2327 2988 2395 3042 ad
2439 2989 2608 3053 hunc,
2641 2987 3017 3059 praetermisso
3056 2985 3224 3041 fratre
3257 3001 3357 3054 per
3385 2985 3546 3055 cujus

1950 3094 2018 3134 os
2068 3080 2444 3135 inverecunde
2494 3081 2667 3135 multa
2714 3078 3036 3142 eﬂ‘utiebat,
3098 3076 3537 3145 increpationem

253 3160 402 3221 εους
436 3160 755 3226 σπουδάζεις
805 3165 899 3217 καὶ
945 3166 1191 3237 ταραχάς
1235 3168 1543 3237 ἐπεγείρειν
1592 3186 1702 3237 μοι,
1730 3170 1851 3222 ἐπεὶ

1957 3172 2194 3241 graviter
2246 3181 2624 3227 convertens:
2674 3172 2780 3232 Tu,
2831 3170 3032 3240 inquit,
3080 3169 3241 3223 benis
3282 3167 3544 3222 munibus

249 3250 364 3301 καὶ
403 3246 817 3324 συγκεχώρηται
877 3256 1063 3324 σαφῶς
1121 3256 1348 3312 ἄνωθεν.
1401 3259 1533 3311 Εἶτα
1582 3260 1677 3313 καὶ
1719 3260 1854 3331 πρὸς

249 3339 360 3392 τὸν
425 3341 723 3408 Ἀγγουλᾶν
785 3347 1168 3417 ἐπιστραφεὶς,
1244 3347 1381 3402 Ἀλλ’
1448 3351 1569 3403 οὐαί
1630 3369 1714 3404 σοι
1778 3352 1854 3422 τῷ

249 3435 533 3505 δυστήνῳ,
564 3436 691 3507 ἔφη,
722 3438 802 3491 ὅτι
839 3439 1010 3512 ταύτῃ
1049 3443 1327 3510 συγγενῶς
1354 3443 1494 3514 ἔχων
1523 3446 1758 3515 εὑρέθης
1776 3445 1855 3516 τῷ

250 3526 543 3594 δυσμενεῖ,
572 3528 647 3591 ὡς
684 3529 780 3581 καὶ
805 3531 1021 3603 ὀργάνῳ
1072 3551 1154 3587 σοι
1196 3535 1426 3605 χρῆσθαι
1457 3537 1592 3607 πρὸς
1628 3541 1728 3610 τὴν
1757 3557 1854 3594 κα-

254 3618 415 3671 κίαν.
459 3617 618 3687 Ἑξῆς
676 3620 731 3672 δὲ
780 3622 876 3675 καὶ
928 3625 1065 3696 πρὸς
1109 3627 1209 3695 τὴν
1263 3626 1598 3700 ἀδελφότητα
1647 3634 1849 3700 πᾶσαν,

255 3707 665 3777 Κοινωνητέον,
727 3712 913 3777 φησὶν,
967 3717 1033 3765 ἐκ
1100 3715 1192 3767 τοῦ
1254 3715 1636 3788 ὑστερήματος
1699 3720 1849 3789 ὑμῖν,

255 3796 510 3862 ἀδελφοὶ,
569 3800 663 3850 καὶ
709 3799 812 3868 τῆς
870 3802 1174 3869 ἀναγκαίας
1238 3808 1428 3878 χρείας
1494 3812 1852 3880 κοινωνητέον

255 3888 612 3985 τοῖς-,ὄχλοιῇ
649 3892 770 3944 ἐπεὶ
811 3893 910 3947 οὐκ
952 3896 1109 3962 ὀλίγα
1150 3899 1277 3967 ὑμῖν
1322 3902 1378 3952 ἐν
1430 3900 1644 3972 ὑστέρῳ
1689 3920 1855 3974 μετα-

260 3978 404 4045 μελή
416 3993 518 4030 σειν.

1957 3261 2181 3317 inimice
2216 3262 2417 3335 (neque
2446 3264 2592 3319 enim
2620 3278 2707 3317 me
2741 3263 2960 3333 fugiunt
2984 3269 3090 3316 tuae
3134 3260 3407 3327 fraudes),
3438 3258 3544 3316 mi-

1956 3354 2153 3410 sellum
2186 3355 2335 3409 hunc
2365 3357 2507 3409 clam
2536 3356 2836 3426 ingressus,
2866 3355 3059 3408 turbas
3079 3352 3216 3408 mihi
3251 3352 3550 3407 tumultus-

1957 3462 2065 3516 que
2089 3447 2234 3502 ciere
2264 3448 2488 3518 satagis,
2532 3449 2792 3517 quoniam
2836 3447 2985 3501 illius
3024 3445 3265 3500 faciendi
3307 3445 3547 3514 desuper

1957 3554 2179 3608 quoque
2213 3538 2443 3593 facultas
2470 3539 2566 3593 tibi
2599 3554 2863 3594 concessa
2885 3546 2990 3593 est.
3018 3537 3158 3591 Tum
3182 3535 3250 3590 ad
3276 3536 3547 3605 Angulam

1957 3646 2292 3687 conversus:
2319 3630 2426 3685 Sed
2459 3640 2515 3686 et
2539 3631 2637 3684 tibi
2670 3631 2875 3685 misero
2897 3645 2998 3692 v:c,
3024 3628 3409 3698 inquit,'quod
3436 3636 3548 3681 tam

1958 3726 2247 3781 familiaris
2278 3725 2423 3780 hosti
2469 3734 2662 3780 nostro
2693 3725 2952 3778 inventus
2996 3720 3095 3785 sis,
3131 3728 3193 3774 ut
3240 3726 3293 3773 te
3335 3717 3548 3772 fraudis

1959 3834 2073 3873 suae
2118 3820 2551 3873 instrumentum
2597 3816 2922 3887 pra-bueris.
2961 3813 3208 3880 Denique
3256 3812 3550 3865 universos

1961 3912 2159 3967 fratres
2188 3913 2268 3968 sic
2302 3911 2641 3980 alloquitur:
2682 3905 3216 3965 Communicandum
3251 3904 3413 3958 nobis
3447 3902 3551 3957 ali-

1960 4002 2093 4070 quid
2127 4019 2193 4057 cx
2226 4003 2413 4072 inopia
2439 4011 2631 4057 nostra
2659 4012 2765 4065 est,
2800 4010 2858 4056 et
2887 4017 2956 4054 ex
2985 3998 3112 4056 illis.
3146 4011 3267 4066 quae
3297 3995 3364 4050 ad
3386 4008 3546 4049 usnm

258 4070 642 4168 n?cf’§§arj“m
695 4072 925 4143 Τθείυηῐ,
975 4081 1314 4151 erogandum
1370 4085 1551 4142 turbis
1599 4088 1906 4159 :quoniam
1951 4111 2055 4149 nos
2096 4097 2234 4152 alias
2278 4114 2388 4153 non
2439 4110 2741 4168 paucorum
2785 4094 2854 4149 ad
2885 4101 3193 4147 extremum
3229 4089 3546 4159 paenitebit.

309 4163 472 4256 7916'.
509 4165 696 4221 Ταῦτα
750 4172 887 4241 πρὲις
926 4175 1124 4240 αὐτοὺς
1171 4179 1364 4246 εἰπὼν,
1398 4184 1489 4236 καὶ
1529 4184 1631 4255 τὴν
1662 4146 1852 4256 de;th

259 4255 367 4324 τῆς
403 4256 583 4311 αὐτῶν
613 4258 827 4315 οὐκοῖδ’
858 4265 965 4319 εἴτε
996 4269 1333 4340 ἀναλγησίας
1354 4274 1458 4345 χρὴ
1503 4274 1704 4345 λέγειν,
1740 4255 1852 4332 είτε

269 4345 645 4416 μικροψυχίας
678 4353 1074 4422 περιαλγήσας,
1104 4359 1207 4430 ὁρᾷ
1252 4361 1381 4432 θείῳ
1426 4364 1609 4435 ψυχῆς
1643 4367 1854 4436 ὄμματι

2034 4194 2156 4248 154.
2214 4194 2319 4250 Ubi
2375 4195 2541 4249 ﬁnem
2605 4191 2828 4249 dicendi
2899 4189 3051 4253 fecit,
3099 4185 3302 4241 acerbo
3369 4185 3543 4241 animi

1962 4285 2194 4341 affectus
2238 4286 2429 4341 dolore
2460 4296 2566 4351 est,
2597 4302 2665 4341 ex
2692 4286 2936 4347 illorum,
2992 4291 3299 4350 stuporene
3339 4278 3544 4342 dicam,

1963 4393 2031 4431 an
2068 4378 2521 4448 pusillanimitatc
2549 4378 2803 4433 suborto.
2837 4375 2977 4429 Tum
3010 4372 3367 4442 conspicatur
3382 4370 3547 4425 oculo

264 4436 527 4507 κείμενον
548 4440 801 4515 καθάπερ
825 4445 888 4498 τὸ
913 4446 1055 4501 θεῖον
1084 4450 1419 4521 Εὐαγγέλιον
1453 4457 1547 4510 ἐπὶ
1574 4458 1669 4512 τοῦ
1696 4460 1851 4514 σιτῶ-

1961 4469 2227 4525 interiore
2280 4485 2499 4525 sacrum
2562 4468 2944 4539 Evangelium,
2998 4465 3173 4521 veluti
3226 4465 3283 4523 in
3337 4464 3541 4517 horreo

265 4543 380 4591 νος,
422 4531 518 4583 καὶ
547 4531 622 4595 ὡς
658 4535 1066 4604 ἐπεισελθόντες
1094 4542 1293 4608 ἐνδεεῖς
1329 4546 1426 4599 καὶ
1453 4547 1854 4620 διαρπάσαντες

263 4621 401 4715 αυτὸ
424 4622 671 4692 φύγοιεν,
700 4629 795 4681 καὶ
847 4629 923 4695 ὠς
960 4633 1121 4698 αὐτὸς
1182 4638 1283 4707 μὲν
1310 4638 1399 4694 διά
1423 4659 1568 4705 τινος
1595 4643 1715 4697 ὀδοῦ
1743 4644 1844 4715 βα-

264 4713 512 4808 σιλικῆς
539 4718 763 4774 ὄπισθεν
797 4723 1006 4778 τούτων
1052 4729 1402 4797 καταδιώκοι,
1435 4733 1637 4802 φθάσαι
1667 4736 1723 4790 δὲ
1744 4713 1855 4808 οὐχ

263 4801 374 4871 οἷός
394 4825 454 4860 τε
485 4807 585 4875 ῶν,
615 4812 679 4866 ἐκ
711 4815 883 4886 μέσης
907 4818 1079 4887 αὐτῆς
1104 4801 1483 4893 ἀναστρέψειε,
1514 4821 1703 4890 καὶώς
1720 4801 1853 4881 ἐκόιζ

266 4914 404 4967 στης
462 4902 680 4972 ἡμέρας
739 4904 938 4977 ἄρτους
968 4910 1077 4962 ἀπὸ
1104 4912 1225 4965 τότε
1277 4913 1386 4968 τῶν
1415 4916 1582 4987 τριῶν
1611 4920 1670 4971 ἐν
1704 4918 1854 4989 αὐτῷ

264 4989 489 5051 πλείους
551 4993 651 5064 οὐχ
711 4994 860 5066 εὖροι
892 5014 908 5028 °
939 4999 1033 5066 οὒς
1090 5001 1545 5075 λαμϐάνων,άνω
1598 5027 1658 5062 τε
1716 5011 1854 5079 πρὸς

263 5079 400 5134 Θυὸν
456 5082 694 5151 βλέπων,
727 5089 820 5141 καὶ⁵
849 5091 946 5162 τὴν
998 5095 1209 5149 ἐκεῖθεν
1264 5100 1448 5163 αὐτοῖς
1489 5102 1854 5172 ἐπευχόμενος

265 5172 540 5243 εὐλογίαν,
575 5172 691 5231 εἶτα
720 5179 1085 5252 διαθρύπτων,
1110 5190 1392 5260 παρετίθει
1414 5196 1526 5256 τοῖς
1555 5195 1851 5264 δεομένοις,

266 5266 363 5319 καὶ
409 5267 485 5329 ὡς
517 5267 752 5324 ἕκαστον
807 5273 1029 5345 κλάσμα
1082 5279 1343 5349 μέγιστος
1402 5282 1601 5338 αὐτίκα
1647 5280 1853 5354 γίνοιτο

265 5356 460 5457 ἄρτος..
499 5358 604 5457 Ἐν⁸
635 5361 814 5457 ἐαυτῷ
864 5367 1044 5420 τοίνυν
1076 5370 1384 5440 γενόμενος.
1413 5372 1506 5425 καὶ
1558 5374 1853 5444 συμϐαλὼν

266 5446 363 5537 τὴν
402 5447 528 5516 ὄψιν
580 5446 873 5524 ἀφαίρεσιν
911 5453 1050 5512 εἶναι
1099 5464 1196 5531 τῆς
1234 5463 1440 5516 ἄνωθεν
1494 5465 1737 5537 χάριτος,
1769 5462 1853 5531 οἷς

266 5535 492 5606 ἔμελλον
524 5542 854 5599 ἀνακόπτειν
884 5550 934 5601 οἱ
965 5550 1203 5622 μαθηταὶ
1228 5555 1317 5607 τὸν
1342 5556 1421 5618 είς
1450 5535 1583 5619 τοὺς
1610 5557 1852 5627 πένητας

269 5629 433 5698 ἔλεον,
469 5634 679 5700 πάντας
734 5639 931 5704 αὐτοὺς
979 5645 1344 5712 συγκαλέσας,
1397 5650 1491 5701 καὶ
1543 5649 1688 5721 ειπερ
1751 5651 1851 5705 ἴδοι

269 5724 453 5793 σαφῶς
495 5728 836 5799 ἀπαγγείλας
897 5735 1209 5808 προσευχὴν
1255 5741 1539 5812 ἐπιτρέπει
1583 5743 1722 5812 μετὰ
1760 5742 1851 5797 δα-

387 5840 442 5872 υ·
474 5839 636 5913 Osee,
674 5862 749 5915 νι,
783 5846 843 5914 6;
884 5849 1074 5906 Matth.
1108 5869 1181 5913 lx.
1218 5856 1302 5910 15.

1957 4559 2183 4629 jacens;
2217 4569 2688 4629 accurrentesque
2716 4560 2910 4629 inopes
2944 4571 3139 4627 rapere
3167 4554 3302 4609 illud
3355 4569 3420 4608 ac
3450 4552 3539 4607 fu-

1960 4665 2120 4719 gere:
2158 4650 2337 4720 ipsum
2369 4660 2553 4704 autem
2576 4666 2635 4706 se
2667 4649 2816 4721 regia
2843 4649 3079 4720 quadam
3104 4648 3192 4702 via
3218 4644 3548 4717 fugientium

1960 4743 2132 4814 tergis
2163 4743 2393 4809 instare,
2449 4745 2737 4799 retrahere
2776 4758 2912 4798 vero
2960 4742 3116 4796 nullo
3164 4739 3339 4797 modo.
3360 4752 3544 4807 posse,

1960 4834 2199 4905 ideoque
2232 4834 2339 4890 iter
2363 4850 2432 4889 ex
2458 4835 2639 4888 media
2665 4833 2753 4888 via
2814 4832 3091 4904 relegere:
3128 4847 3195 4886 ex
3236 4830 3329 4883 illo
3380 4841 3548 4897 porro

1960 4934 2210 4996 tempore
2244 4925 2476 4996 singulis
2501 4925 2700 4980 diebus
2725 4933 2839 4980 tres
2873 4940 2987 4979 non
3011 4921 3250 4992 amplius
3270 4921 3326 4974 in
3343 4918 3548 4973 horreo

1960 5016 2220 5088 granario
2250 5030 2422 5085 panes
2453 5014 2711 5084 reperiri,
2746 5029 2888 5084 quos
2913 5014 3094 5084 ipsum
3155 5010 3545 5079 accipientem,

1960 5120 2024 5159 ac
2043 5120 2264 5160 sursum
2295 5104 2490 5159 oculos
2516 5104 2584 5158 ad
2626 5104 2801 5158 Deum
2850 5102 3260 5165 intendentem,
3301 5096 3548 5155 coelesti-

1959 5213 2067 5267 que
2081 5197 2470 5253 benedictione
2488 5196 2921 5266 impertientem,
2938 5193 3176 5263 denique
3200 5191 3541 5262 frangentem

1960 5305 2238 5360 apponere
2309 5289 2636 5361 egentibus,
2712 5287 2976 5358 quodque
3046 5294 3233 5340 autem
3302 5285 3546 5338 frustum

1960 5379 2109 5433 illico
2175 5381 2230 5433 in
2305 5394 2504 5450 panem
2577 5377 2880 5433 maximum
2941 5375 3215 5432 converti.
3272 5373 3548 5429 Redditus

1960 5473 2132 5543 igitur
2160 5473 2290 5538 sibi,
2317 5482 2482 5543 atque
2511 5472 2842 5544 conjiciens,
2871 5470 3142 5525 visionem
3205 5468 3419 5538 signare
3457 5465 3547 5520 di-

1959 5565 2101 5619 vinae
2135 5565 2322 5636 gratia:
2352 5566 2713 5629 oblationem,
2739 5571 3032 5635 prepterca
3060 5559 3208 5632 quod
3237 5560 3547 5627 eleemosy-

1960 5673 2082 5723 nas,
2107 5657 2450 5728 pauperibus
2475 5657 2692 5730 erogari
2721 5657 2936 5719 solitas,
2978 5652 3298 5710 imminutas
3320 5650 3545 5716 vellent;

1962 5750 2283 5807 convocatis
2317 5750 2580 5806 omnibus
2607 5766 2732 5821 qua:
2755 5749 2862 5806 sibi
2894 5765 2995 5822 per
3020 5749 3291 5805 visionem
3324 5757 3544 5802 ostensa
