4018 6416
283 432 452 499 3113

1327 431 1499 493 ῊΤΛ
1538 432 1585 490 Α
1624 429 2063 494 NICEPHORO
2102 430 2589 491 CONSCRIPTA.

3464 429 3608 494 31M

287 553 625 624 πρόδρομος
678 548 835 622 ἡμῶν
889 549 1233 623 εἰσελήλυθεν
1282 553 1309 605 ὁ
1349 552 1634 621 ἀγαπητὸς
1687 550 1911 620 ἀδελφὸς

2018 569 2143 608 mus
2174 551 2315 607 visio
2366 552 2467 605 hac
2513 551 2628 620 ipsa
2688 548 2823 603 mihi
2864 556 3025 602 nocte
3076 547 3390 602 luculenter
3441 562 3605 603 mon-

304 649 607 719 Ἰωάννης,
649 640 710 700 οὗ
740 648 833 700 καὶ
862 647 976 718 βίον
1009 649 1102 701 καὶ
1138 648 1340 718 τρόπον
1383 647 1539 701 αὐτοὶ
1571 647 1789 711 πάντως
1814 649 1917 702 οὐκ

299 744 588 805 ἀγνοεῖτε,
620 740 670 793 οἱ
706 740 803 793 καὶ
857 739 1111 795 κοινωνὸν
1168 737 1263 793 τοῦ
1310 738 1452 791 κατὰ
1480 736 1612 791 Θεὸν
1659 737 1777 808 βίου
1826 738 1917 791 τὸν

290 835 490 904 ἄνδρα
544 833 926 902 πεποιημένοι,
969 833 1066 885 καὶ
1103 830 1214 884 τῶν
1264 831 1646 902 πνευματικῶν
1691 829 1918 899 ἀγώνων

296 925 671 993 συνάμιλλον.
704 925 942 979 Δέκατον
970 925 1098 996 γὰρ,
1125 924 1366 994 ἀδελφοὶ,
1401 923 1561 977 τοῦτο
1584 923 1703 987 ἔτος
1744 924 1918 994 ἀγρυ-

292 1019 469 1072 πνῶν
499 1018 640 1090 ὑπὲρ
673 1019 781 1072 τῶν
811 1018 1094 1089 ὑμετέρων
1133 1018 1344 1089 ψυχῶν,
1384 1017 1478 1071 καὶ
1514 1017 1768 1085 δεόμενος
1819 1016 1912 1071 τοῦ

290 1110 453 1163 Θεοῦ
500 1112 637 1180 μετὰ
675 1110 928 1183 δακρύων
954 1112 1053 1167 οὐκ
1085 1111 1435 1181 ἐπαυσάμην,
1468 1109 1545 1173 ὼς
1586 1109 1744 1177 λόγον
1775 1110 1911 1162 ἀπο-

290 1204 504 1258 δοῦναι
531 1205 738 1275 μέλλων
770 1207 909 1276 ὑπὲρ
942 1207 1098 1277 ὑμῶν
1120 1223 1132 1237 ·
1167 1207 1289 1260 ἐπεὶ
1331 1207 1424 1259 καὶ
1452 1205 1639 1260 τοῦτον
1666 1204 1779 1271 ἐγὼ
1817 1220 1913 1271 φο-

290 1295 525 1365 ϐοῦμαι
550 1296 639 1349 τὸν
679 1297 843 1364 φόϐον
881 1298 987 1359 ἀεὶ,
1023 1298 1098 1367 μὴ
1130 1300 1239 1351 τῶν
1262 1299 1532 1367 ἀφιέντων
1561 1297 1630 1351 τὰ
1662 1294 1912 1367 πρόϐατα

295 1388 612 1456 μισθωτῶν
654 1389 748 1443 καὶ
789 1390 1121 1458 φευγόντων,
1153 1385 1235 1453 οἷς
1265 1390 1422 1458 ὀλίγα
1454 1388 1610 1459 μέλει
1661 1387 1791 1458 περὶ
1816 1368 1912 1439 αὖ·

289 1480 446 1541 τῶν,
488 1482 584 1533 καὶ
619 1482 680 1533 οὑ
710 1483 819 1534 τῶν
851 1482 1129 1552 ποιμένων
1172 1475 1253 1546 εἷς
1284 1480 1514 1553 εὑρεθῶ,
1546 1480 1655 1534 τῶν
1689 1479 1785 1534 καὶ
1812 1479 1913 1547 ψυ-

292 1574 418 1643 χὴν
446 1575 619 1644 αὐτὴν
660 1575 829 1643 ἡδέως
855 1576 953 1644 τῆς
987 1576 1223 1645 ποίμνης
1258 1575 1624 1645 προϊεμένων.

2018 644 2214 700 stravit
2242 658 2529 699 ascensum
2552 650 2804 697 nostrum
2827 658 2840 704 ;
2871 640 2926 693 in
2954 654 3117 709 quam
3141 648 3197 694 et
3222 639 3504 710 ingressus
3526 649 3613 694 est

2018 739 2257 795 dilectus
2305 737 2475 791 frater
2517 736 2781 799 Joannes,
2824 732 3157 803 prodromus
3198 741 3417 801 noster;
3452 732 3616 804 cujus

2017 842 2076 888 et
2114 833 2283 887 vitam
2320 839 2378 885 et
2425 844 2609 883 mores
2652 843 2753 882 vos
2806 825 2911 897 ipsi
2952 826 3207 897 ignorare
3261 841 3613 896 nequaquam

2019 925 2274 995 potestis,
2326 923 2423 993 qui
2458 930 2514 976 et
2552 919 2878 992 participem
2930 918 3173 974 cmlestis
3223 918 3352 972 vitm
3406 916 3615 972 fecistis

2023 1017 2203 1080 illum,
2233 1025 2290 1070 et
2311 1015 2369 1070 in
2400 1012 2677 1084 spirituali
2706 1012 2956 1082 palaestra
2986 1008 3261 1065 habuistis
3282 1008 3617 1063 commilito-

2022 1123 2172 1163 nem.
2223 1105 2482 1160 Decimus
2516 1106 2742 1175 quippe,
2787 1103 2989 1159 fratres
3018 1101 3148 1166 mei,
3196 1116 3376 1156 annus
3412 1101 3611 1171 agitur,

2013 1196 2163 1268 quod
2196 1197 2418 1267 vigilem
2470 1211 2572 1266 pro
2625 1195 2913 1249 animabus
2952 1193 3171 1258 vestris,
3210 1208 3310 1246 nec
3351 1190 3611 1246 desierim

2014 1306 2176 1345 orare
2207 1291 2379 1345 Deum
2406 1304 2533 1345 cum
2570 1288 2852 1361 lacrymis,
2888 1296 3145 1358 tanquam
3187 1285 3455 1339 rationem
3489 1281 3616 1336 red-

2016 1383 2237 1438 diturus
2274 1398 2374 1453 pro
2418 1381 2597 1437 vobis.
2628 1381 2900 1449 Quoniam
2935 1387 2992 1435 et
3028 1394 3129 1450 ego
3167 1391 3449 1447 nunquam
3500 1389 3614 1429 non

2017 1476 2114 1530 illo
2150 1476 2401 1530 ineessor
2428 1474 2649 1551 timore,
2677 1488 2748 1528 ne
2779 1473 3002 1528 illorum
3028 1487 3172 1526 unus
3206 1466 3612 1539 deprehendar,

2019 1567 2113 1637 qui
2137 1566 2390 1622 mercede
2413 1566 2698 1632 conducti,
2727 1565 2797 1622 de
2820 1566 3017 1621 ovibus
3045 1562 3270 1619 solliciti
3294 1576 3612 1634 perparum,

288 1667 539 1721 easdem
568 1667 855 1722 dimittunt
883 1677 1048 1738 atque
1075 1668 1325 1738 fugiunt;
1368 1684 1478 1722 non
1513 1681 1647 1722 vero
1679 1664 1902 1719 illorum
1940 1670 2250 1731 pastorum,
2282 1659 2377 1730 qui
2440 1658 2653 1714 animas
2717 1673 2847 1715 suas
2885 1675 2987 1731 pro
3018 1658 3399 1713 incolumitate
3428 1656 3631 1728 gregis.

290 1762 399 1814 sui
433 1760 651 1814 lubenti
694 1760 879 1813 animo
908 1768 1141 1830 ponunt.

377 1852 525 1922 ρλζν.
579 1852 743 1906 ’Λλλά
787 1857 853 1925 τῇ
895 1855 1124 1924 δυνάμει
1190 1856 1290 1925 τῆς
1336 1854 1544 1908 ἀνωθεν
1607 1852 1911 1924 βακτηρίας

293 1939 686 2016 ρωννύμενος,
716 1946 983 2014 γενναίως
1012 1947 1103 2000 τὸν
1135 1946 1278 2017 θῆρα
1317 1948 1479 2017 μέχρι
1510 1946 1647 2005 τέως
1694 1944 1789 1999 νῦν
1814 1945 1908 2012 ἀφ’

2093 1846 2214 1902 157.
2250 1846 2522 1901 Attamen
2558 1845 2788 1916 superni
2817 1845 3023 1899 virtute
3060 1844 3242 1900 baculi
3280 1845 3615 1901 corrobora-

2019 1948 2141 2005 tus,
2173 1953 2349 2008 usque
2374 1938 2429 1992 in
2457 1952 2700 2008 praesens
2730 1946 2948 2007 tempus
2975 1937 3152 2007 repuli
3189 1952 3221 1990 a
3261 1937 3420 1992 vobis
3447 1952 3617 2008 gene—
3651 2014 3668 2024 ν

288 2037 331 2090 ὑ
343 2036 476 2106 μῶν
519 2037 842 2092 ἀπεσόὸουν.
874 2037 1066 2091 Οἴδατε
1097 2040 1208 2109 γὰρ
1239 2039 1472 2101 ποσάκις
1506 2036 1663 2107 ὑμῶν
1702 2036 1763 2090 οὐ
1794 2035 1909 2090 δια-

2017 2045 2142 2086 rose
2172 2029 2345 2085 feram
2375 2028 2727 2084 infernalem.
2762 2028 2950 2084 Nostis
2983 2029 3134 2084 enim
3169 2029 3361 2100 probe,
3391 2029 3615 2100 quoties

289 2129 555 2185 θολῶσαι
592 2131 752 2201 μόνον
792 2133 1060 2205 ἐπειράθη
1089 2133 1177 2187 τὸν
1207 2133 1355 2199 νοῦν,
1391 2131 1487 2187 καὶ
1527 2130 1664 2203 πρὸς
1712 2130 1910 2184 ἐπιθυ-

294 2224 451 2294 μίας
502 2224 772 2293 κοσμικὰς
828 2224 1058 2279 έλκῦσαι
1092 2226 1192 2280 καὶ
1237 2226 1623 2288 κατασπάσαι,
1656 2222 1795 2278 ἀλλά
1820 2221 1919 2276 καὶ

296 2316 711 2386 συλαγωγῆσαι
755 2317 852 2371 καὶ
898 2318 1203 2389 ὑποκλέψαι
1242 2321 1334 2373 καὶ
1379 2319 1730 2373 παντάπασιν
1770 2318 1919 2387 ὑμᾶς

294 2408 615 2480 σκορπίσαι
640 2411 736 2462 καὶ
756 2410 1071 2480 διασπεῖραι
1095 2430 1107 2442 ·
1146 2413 1297 2481 ὅμως
1319 2411 1562 2483 ᾐσχύνθη
1583 2409 1672 2465 διά
1697 2410 1915 2464 πάντων

292 2503 411 2556 καὶ
432 2501 810 2573 ἀπεκρούσθη,
843 2503 1000 2557 οὐδὲν
1034 2505 1198 2558 πλέον
1226 2494 1346 2576 ⁴τῆς
1384 2505 1654 2575 τοσαύτης
1677 2504 1916 2574 σπουδῆς

287 2597 336 2668 ἢ
384 2596 595 2668 λύσσης
622 2598 908 2669 ὀνάμενος,
930 2600 1013 2653 ὅτι
1053 2601 1127 2671 μὴ
1163 2599 1224 2653 τὸ
1253 2598 1487 2670 φανῆναι
1526 2599 1689 2654 πλέον
1719 2600 1912 2662 κακὸς.

288 2690 375 2743 τὸ
408 2690 644 2759 μάλιστα
669 2690 889 2745 πάντων
928 2691 1078 2762 αὐτῷ
1118 2693 1561 2746 σπουδαιότατον.
1586 2691 1702 2745 Νῦν
1733 2689 1829 2746 οῦν
1864 2693 1914 2745 εἰ

290 2783 415 2835 καὶ
454 2781 530 2852 μὴ
570 2779 763 2851 πολλὴ,
791 2782 919 2854 μηδ’
975 2784 1069 2837 ἐπὶ
1099 2782 1259 2850 πολὺ,
1300 2782 1722 2856 συγκεχώρηται
1751 2783 1797 2838 δ’
1818 2779 1913 2839 οὖν

288 2888 402 2934 ’τις
429 2872 578 2942 ὅμως
601 2873 752 2944 αὐτῷ
780 2874 904 2928 καθ’
932 2875 1093 2946 ἡμῶν
1125 2875 1348 2940 δξουσία
1369 2892 1385 2908 ο
1420 2877 1482 2930 οὐ
1514 2875 1622 2948 μὴν
1650 2875 1791 2931 ἀλλά
1817 2876 1914 2930 καὶ

294 2963 466 3018 κατά
528 2963 636 3017 τῶν
696 2966 929 3034 νηπίων,
979 2967 1118 3036 πρὸς
1176 2968 1235 3021 δὲ
1294 2969 1388 3023 καὶ
1453 2969 1564 3022 τῶν
1627 2969 1686 3021 ὲν
1738 2969 1911 3040 ἀρετῇ

292 3055 542 3120 ζώντων
598 3060 728 3129 παρ’
780 3052 856 3114 ὦν
904 3060 1107 3132 δηλαδὴ
1158 3063 1253 3116 καὶ
1293 3060 1495 3116 πλείων
1535 3062 1570 3133 ή
1611 3060 1798 3133 πληγὴ
1831 3060 1913 3131 τῷ

294 3150 600 3221 βασκάνῳ,
652 3153 748 3206 καὶ
801 3154 938 3225 πρὸς
989 3154 1085 3218 οὓς
1140 3155 1335 3225 ἐκείνῳ
1400 3154 1564 3210 πάλιν
1620 3155 1650 3207 ὁ
1715 3154 1913 3222 φθόνος

202 3262 220 3271 -
293 3244 817 3316 περιφανέστερος·
848 3246 964 3301 ἀλλ’
986 3247 1086 3300 οὐκ
1117 3248 1407 3319 ἀποστήσῃ
1439 3249 1468 3301 ὁ
1491 3248 1912 3318 ὑπερασπιστὴς

296 3351 452 3408 μου,
483 3335 676 3408 Κύριε.

391 3584 533 3654 ρλη’.
567 3580 700 3638 Εἶτα
748 3585 844 3637 καὶ
883 3582 1023 3638 αὐτὰ
1078 3584 1189 3648 τοῖς
1235 3582 1509 3654 μαθηταῖς
1549 3580 1797 3654 ἐξηγεῖτο
1845 3583 1915 3638 τὰ

293 3674 608 3744 ὁραθέντα,
639 3675 968 3745 προσιόντας
1000 3674 1100 3745 μὲν
1129 3676 1248 3738 ταῖς
1285 3673 1516 3745 οὐρανοῦ
1555 3673 1754 3736 πύλαις
1785 3674 1914 3737 τοὺς

297 3766 616 3830 ἐκλεκτοὺς
679 3766 946 3836 ἀγγέλους
992 3768 1072 3831 εἰς
1115 3767 1490 3840 προσκύνησιν
1526 3765 1759 3841 ἐνώπιον
1816 3764 1911 3819 τοῦ

296 3859 483 3923 Θεοῦ,
507 3859 892 3930 παρεστηκότα
910 3859 967 3913 δὲ
995 3859 1086 3912 τὸν
1113 3859 1381 3923 διάϐολον,
1409 3858 1641 3913 Αἰθίοπα
1661 3898 1676 3922 ,
1702 3875 1912 3912 σκοτει-

300 3953 412 4006 νὸν
452 3951 574 4004 ὅλον
597 3992 609 4005 ,
642 3951 833 4020 ἀναιδῆ
867 3952 967 4021 τὴν
999 3952 1142 4020 ὄψιν,
1185 3949 1344 4022 ὓϐριν
1383 3952 1646 4016 πνέοντα,
1679 3951 1913 4021 αἵματος

301 4043 462 4115 ὁμοῦ
501 4045 592 4096 καὶ
626 4043 794 4114 πυρὸς
823 4044 950 4106 τοὺς
987 4042 1300 4114 ὀφθαλμοὺς
1342 4043 1659 4108 ὑπόπλεων,
1693 4044 1794 4096 οὐκ
1821 4041 1912 4095 ἐπί

301 4153 471 4200 τινος
501 4133 626 4199 τοὺς
648 4137 818 4201 πόδας
842 4136 1066 4207 στερεοῦ
1087 4136 1381 4210 βεϐηκότα,
1414 4126 1550 4192 ἀλλὰ
1578 4137 1718 4190 κατά
1749 4137 1912 4208 μέσον

260 4230 488 4287 τοῖονεὶ
518 4232 610 4285 τὸν
629 4231 788 4305 ἀέρα,
815 4230 1085 4302 βρύχοντα
1122 4232 1220 4303 μὲν
1247 4231 1479 4301 φοὸερόν
1508 4247 1561 4284 τι
1592 4230 1686 4284 καὶ
1710 4228 1914 4301 θηριῶ-

300 4326 430 4389 δες,
481 4323 572 4375 καὶ
622 4324 898 4386 κινοῦντα,
950 4324 1104 4395 φησι,
1145 4323 1243 4394 τὴν
1284 4323 1528 4395 κεφαλὴν
1588 4321 1710 4377 κατ’
1751 4322 1910 4394 ἐμοῦ,

302 4422 661 4491 ἀναμένοντα
689 4422 746 4475 δὲ
778 4425 926 4493 ὅμως
953 4425 1053 4486 τὰς
1083 4424 1410 4493 ἀποφάσεις,
1445 4422 1630 4493 φωνήν
1662 4439 1721 4476 τε
1761 4422 1915 4492 παρά

304 4513 533 4583 Κυρίου
551 4515 686 4584 πρξς
711 4514 875 4567 αὑτὸν
892 4514 1201 4585 ὲνηνέχθαι,
1233 4515 1501 4580 Πάταξον,
1519 4515 1809 4584 λέγουσαν,
1840 4518 1911 4569 τὰ

300 4604 510 4662 παιδία
539 4606 632 4658 καὶ
665 4607 793 4669 τοὺς
835 4606 1036 4669 καλοὺς
1068 4606 1177 4661 τῶν
1222 4607 1549 4676 ἀνθρώπων,
1587 4609 1680 4662 τὸν
1715 4609 1772 4663 δὲ
1811 4609 1910 4663 ἀπ’

302 4696 457 4767 ἐμοῦ
483 4713 543 4749 τε
573 4696 846 4767 ἄρξασθαι
897 4697 1142 4767 πρώτου,
1172 4696 1428 4767 καθάπερ
1472 4697 1564 4750 ἐπὶ
1607 4696 1703 4751 τοῦ
1745 4696 1866 4752 Ἰώϐ
1891 4714 1905 4728 ο

303 4784 595 4851 αἰτοῦντα,
628 4787 721 4840 καὶ
746 4785 806 4838 τὸ
826 4786 1110 4855 ἐνδόσιμον
1140 4781 1229 4840 οἷα
1266 4786 1635 4857 λαμϐάνοντα.
1668 4788 1856 4843 Ταῦτα
1880 4790 1909 4843 ὁ

307 4874 421 4947 μὲν
450 4876 563 4937 τοῖς
591 4875 839 4942 ἀδελφοῖς
872 4874 1151 4946 ἐξηγεῖτο·
1188 4879 1217 4930 ὀ
1257 4877 1451 4949 ἐχθρὸς
1483 4877 1540 4931 δὲ
1579 4877 1680 4931 οὐκ
1713 4878 1908 4949 ἡμέλει

303 4966 540 5032 κακίας,
573 4968 688 5021 ἀλλ’
720 4967 900 5021 ἔπεισι
944 4970 1066 5023 κατ’
1098 4969 1266 5024 αὐτοῦ
1310 4970 1534 5040 μεγάλῳ
1574 4971 1908 5043 βρυχήματι,

305 5061 414 5114 καὶ
460 5060 561 5124 τὴν
605 5061 937 5131 δερματίνην
991 5062 1070 5127 ὡς
1111 5058 1223 5133 εἶχε
1260 5062 1516 5135 μηλωτὴν
1565 5065 1786 5128 ὑποδὺς,
1810 5066 1910 5120 vivat

308 5154 414 5207 καὶ
441 5153 820 5224 σφοδρότερον,
841 5156 918 5218 ὼς
937 5153 1097 5225 ᾤετο,
1129 5172 1195 5210 πε
1205 5155 1456 5229 ριτρέψῃ,
1476 5157 1676 5229 πάσχει
1711 5158 1911 5229 μᾶλλον

307 5246 345 5300 ὖ
368 5245 504 5318 δρᾷν
550 5249 580 5300 ὀ
618 5247 847 5317 μάταιος
877 5248 1097 5319 ἦλπισε,
1123 5249 1216 5302 καὶ
1246 5248 1483 5319 χαλεπὸν
1500 5250 1671 5315 αὐτὸς
1701 5251 1904 5322 πτῶμα

310 5338 690 5409 κατενεχθεὶς,
729 5339 904 5411 ᾤχετο
930 5339 1202 5405 διαλυθεὶς
1246 5342 1337 5396 ῐσα
1384 5344 1599 5413 καπνῷ,
1643 5343 1905 5414 πώγωνος

312 5429 483 5501 ψαύει
521 5430 680 5502 μόνον
700 5432 804 5495 τὰς
834 5433 1028 5505 τρίχας
1058 5434 1346 5506 περιελὼν,
1377 5436 1473 5491 καὶ
1493 5437 1699 5507 γυμνὸν
1726 5440 1906 5492 έκεῖνο

312 5524 380 5577 τὸ
412 5524 579 5595 μέρος
610 5525 746 5578 ὅπου
779 5524 982 5596 δηλαδὴ
1008 5527 1272 5597 ψαύσειεν
1314 5529 1689 5596 ἀπολελοιπώς
1712 5551 1726 5565 υ
1773 5534 1910 5588 ἀλλά

314 5616 599 5671 καὶτοῦτο
646 5619 853 5689 κόσμος
898 5619 1076 5674 ἐδόκει
1109 5619 1187 5691 τῷ
1230 5621 1478 5693 Συμεὼν,
1506 5619 1678 5695 ἧτταν
1707 5627 1907 5697 ἀγεννῆ

312 5706 414 5764 τοῦ
443 5708 745 5766 ἀντιπάλου
778 5711 1003 5783 μηνύον.

638 5977 914 6042 ΡΛΤιιοι..
963 5985 1010 6045 G
1023 6003 1079 6045 ιι.
1126 5985 1171 6044 L
1184 5984 1222 6044 ii
1234 5983 1444 6049 XXV].

2023 2139 2137 2179 non
2167 2121 2334 2177 modo
2368 2122 2592 2177 turbare
2619 2130 2861 2176 mentem
2888 2129 3151 2188 vestram,
3174 2137 3408 2192 eamque
3437 2122 3505 2178 ad
3525 2138 3614 2178 rc-

2021 2230 2145 2270 rum
2180 2213 2585 2269 mundanarum
2613 2212 2951 2268 desiderium
2984 2213 3203 2268 allicere
3235 2222 3399 2283 atque
3421 2212 3611 2269 detra-

2021 2307 2188 2372 here;
2216 2304 2314 2362 sed
2339 2305 2508 2359 etiam
2538 2304 2777 2375 spoliare
2801 2304 2975 2375 gratia
3001 2303 3187 2359 divina
3214 2319 3279 2358 ac
3304 2302 3611 2367 denudare,

2020 2402 2133 2456 imo
2161 2409 2218 2456 et
2246 2415 2346 2455 vos
2375 2401 2527 2470 ipsos
2550 2399 2870 2469 dispergere
2896 2398 3123 2452 omnino
3144 2413 3210 2453 ac
3230 2398 3499 2467 dissipare
3522 2413 3616 2453 co-

2018 2502 2182 2548 natus
2202 2491 2276 2547 sit
2303 2500 2721 2546 :verumtamen
2750 2488 3016 2544 confusus
3044 2488 3252 2559 ubique
3275 2497 3332 2544 et
3357 2490 3616 2559 repulsus

2017 2593 2137 2652 est;
2169 2584 2310 2641 nihil
2339 2583 2491 2639 aliud
2521 2581 2802 2639 commodi
2833 2598 2900 2637 ex
2941 2590 3096 2637 tanto
3131 2594 3333 2637 conatu
3359 2591 3417 2637 et
3459 2582 3613 2637 rabie

2017 2685 2240 2743 nactus,
2269 2690 2438 2745 quam
2473 2674 2625 2745 quod
2658 2682 2812 2729 tanto
2866 2673 3245 2744 perniciosior
3295 2677 3618 2745 apparuerit

2016 2776 2224 2839 quanto
2253 2767 2513 2823 adhibuit
2541 2767 2671 2838 plus
2693 2774 2949 2822 conatus.
2985 2765 3145 2821 Nunc
3176 2765 3363 2837 igitur,
3395 2766 3615 2821 tametsi

2014 2877 2129 2916 non
2167 2876 2363 2932 magna
2398 2875 2503 2916 nec
2546 2860 2677 2915 latis
2745 2859 3165 2929 circumscripta
3214 2858 3465 2913 terminis
3506 2857 3616 2929 ipsi

2012 2949 2248 3006 facultas
2270 2950 2508 3007 nocendi
2531 2949 2659 3006 data
2681 2949 2774 3017 sit,
2805 2950 2991 3021 aliqua
3019 2961 3205 3005 tamen
3235 2965 3496 3006 concessa
3529 2959 3616 3005 est

2013 3050 2208 3100 contra
2241 3058 2378 3110 nos;
2417 3057 2524 3099 nec
2555 3052 2768 3099 tantum
2799 3052 2994 3098 contra
3027 3042 3261 3110 tirones,
3312 3043 3409 3099 sed
3444 3041 3614 3098 etiam

2012 3144 2205 3192 contra
2237 3136 2361 3192 illos
2399 3135 2496 3206 qui
2535 3135 2590 3189 in
2626 3134 2718 3190 via
2762 3134 3031 3191 virtutum
3083 3135 3330 3206 provecti
3373 3144 3534 3203 sunt;
3582 3150 3616 3192 a

2013 3229 2224 3299 quibus
2255 3245 2457 3300 nempe
2480 3238 2538 3285 et
2566 3229 2788 3301 gravior
2832 3230 2992 3301 plaga
3025 3228 3216 3284 invido
3269 3228 3416 3284 hosti
3466 3228 3617 3283 infli-

2012 3321 2181 3393 gitur,
2219 3330 2276 3376 et
2319 3334 2515 3378 contra
2556 3338 2701 3392 quos
2752 3323 2872 3394 ipse
2903 3322 3150 3378 vicissim
3203 3323 3413 3378 invidia
3459 3322 3618 3379 ardet

1937 3417 1983 3479 C
2014 3414 2393 3472 manifestiore
2424 3433 2437 3469 :
2467 3415 2566 3472 sed
2597 3425 2678 3482 tu,
2712 3416 2964 3484 Domine,
3007 3426 3390 3488 propugnator
3425 3432 3605 3485 meus,

2018 3514 2145 3562 tuos
2166 3520 2282 3561 non
2317 3506 2612 3562 destitues.

2089 3599 2212 3654 158.
2252 3599 2465 3655 Deinde
2497 3609 2555 3655 et
2585 3615 2709 3671 qua:
2729 3600 2945 3656 viderat
2974 3599 3266 3671 discipulis
3292 3602 3572 3657 enarravit
3599 3622 3612 3656 :

2016 3688 2221 3746 vidisse
2251 3705 2451 3761 nempe
2481 3692 2691 3746 electos
2729 3691 2829 3746 Dei
2854 3692 3100 3763 angelos,
3134 3692 3204 3748 ad
3239 3703 3428 3763 portas
3462 3696 3612 3759 coeli,

2016 3782 2190 3838 Deum
2220 3798 2384 3838 suum
2429 3783 2780 3849 adoraturos,
2816 3783 3079 3840 advolare
3111 3801 3124 3836 :
3165 3785 3367 3841 vidisse
3400 3794 3456 3841 et
3494 3787 3617 3841 dia-

2014 3874 2205 3930 bolum
2255 3883 2424 3941 stare,
2492 3875 2749 3931 indutum
2798 3874 3138 3947 Ethiopem,
3198 3879 3610 3935 tenebricosum

2015 3977 2215 4034 totum,
2249 3968 2390 4024 faeie
2415 3968 2742 4036 deformem,
2789 3970 3096 4026 calumnias
3121 3970 3446 4041 spirantem,
3484 3988 3613 4028 san-

2014 4056 2181 4128 guine
2218 4058 2377 4129 juxta
2405 4064 2463 4112 et
2505 4057 2632 4127 igne
2681 4057 2860 4113 oculis
2900 4056 3193 4131 suffusum,
3245 4059 3385 4113 nulli
3431 4058 3609 4113 fulcro

2016 4146 2252 4216 pedibus
2286 4146 2560 4212 innixum,
2586 4146 2684 4202 sed
2715 4146 2903 4202 medio
2928 4147 3098 4202 veluti
3134 4163 3263 4202 aere
3295 4148 3609 4203 consisten-

2018 4246 2148 4303 tem,
2209 4238 2539 4293 borribilem
2581 4237 2939 4309 ferarumque
2989 4241 3044 4292 in
3090 4238 3314 4294 modum
3360 4238 3606 4294 fremen-

2016 4339 2161 4395 tem;
2194 4329 2290 4399 qui
2341 4344 2613 4384 converso
2660 4338 2855 4385 contra
2898 4345 3010 4392 me,
3047 4329 3354 4400 inquiebat,
3404 4329 3604 4400 capite,

2013 4437 2343 4492 responsum
2388 4421 2614 4491 aliquod
2647 4420 3110 4492 praestolabatur;
3141 4436 3333 4477 vocem
3364 4429 3547 4475 autem
3575 4436 3635 4475 a-

2012 4514 2248 4571 Domino
2274 4514 2540 4585 allapsam
2581 4529 2727 4579 esse,
2759 4513 3040 4571 dicentem
3071 4533 3083 4568 :
3119 4514 3353 4569 Percute
3403 4530 3606 4584 pueros

2012 4617 2069 4662 et
2096 4607 2457 4663 formosiores
2495 4622 2777 4678 quosque;
2826 4607 2980 4662 illum
3037 4622 3168 4663 vero
3213 4607 3460 4678 petiisse,
3498 4605 3605 4661 sibi

1996 4702 2078 4753 'ut
2107 4696 2303 4751 liceret
2336 4712 2367 4751 a
2402 4712 2513 4763 me,
2547 4686 3017 4768 quemadmodum
3045 4698 3176 4753 olim
3205 4714 3235 4751 a
3267 4708 3457 4753 sancto
3477 4697 3604 4756 Job.

2013 4788 2306 4851 exordium
2339 4805 2596 4857 sumere;
2624 4791 2903 4861 simulque
2940 4790 3266 4845 vestimenta
3298 4790 3605 4859 apprehen-

2007 4879 2177 4935 disse.
2208 4881 2404 4938 Isthaec
2432 4890 2660 4938 sanctus
2690 4882 2917 4952 quidem
2964 4883 3227 4938 narrabat
3276 4881 3548 4937 fratribus
3583 4902 3596 4939 :

2010 4973 2185 5029 hostis
2217 4990 2350 5030 vero
2393 4975 2604 5031 nullam
2636 4975 3022 5045 malefaciendi
3064 4975 3411 5030 occasionem
3459 4992 3600 5048 prae-

2011 5066 2429 5123 termittendam
2465 5078 2641 5135 ratus,
2676 5084 3038 5140 magnoﬂcum
3072 5068 3298 5125 fremitu
3345 5069 3400 5124 in
3442 5069 3601 5125 illum

2011 5158 2197 5224 irruit,
2225 5160 2652 5231 pellieeamque,
2686 5169 2748 5216 ut
2787 5169 3028 5239 poterat,
3060 5162 3320 5218 melotem
3363 5161 3595 5219 subiens

2012 5267 2124 5322 quo
2140 5252 2549 5320 vehementius,
2573 5255 2650 5309 uti
2670 5254 2923 5325 putabat,
2945 5256 3126 5326 ipsum
3149 5264 3453 5322 everteret;
3483 5270 3602 5327 pas-

2013 5360 2108 5398 sus
2141 5344 2328 5414 potius
2371 5344 2427 5400 id
2453 5346 2634 5416 ipsum
2661 5347 2831 5402 miser
2854 5355 2959 5413 est,
2998 5348 3147 5417 quod
3178 5348 3383 5403 inferre
3413 5364 3600 5419 spera-
3639 5351 3643 5355 ’

2012 5436 2141 5501 bat;
2175 5437 2533 5509 dejectusque
2559 5440 2715 5510 gravi
2746 5455 2878 5496 casu
2928 5439 3086 5507 abiit,
3112 5440 3268 5510 quasi
3300 5442 3355 5496 in
3384 5441 3599 5497 fumum

2012 5529 2294 5585 resolutus
2320 5546 2333 5581 :
2369 5529 2692 5601 evulsisque
2722 5539 2932 5587 tantum
2965 5531 3253 5602 prehensa:
3281 5531 3466 5587 barbae
3493 5533 3602 5588 cri-

2008 5618 2198 5686 nibus,
2220 5620 2532 5676 membrum
2565 5621 2699 5677 illud
2729 5622 2878 5693 quod
2923 5621 3175 5694 tetigerat
3211 5620 3423 5676 nudum
3470 5620 3599 5677 reii-

2007 5711 2153 5779 quit.
2182 5711 2289 5768 Sed
2325 5723 2384 5770 et
2430 5715 2539 5770 hoc
2566 5730 2786 5771 summo
2822 5714 2927 5771 sibi
2975 5719 3305 5769 ornamento
3343 5711 3598 5767 vertebat

2009 5799 2270 5870 Symeon,
2346 5812 2539 5875 utpote
2596 5807 2937 5876 patefaciens
2985 5807 3193 5861 mundo
3272 5808 3596 5859 indecorum

2009 5891 2318 5951 adversarii
2359 5898 2699 5956 conﬂictum.

3028 5993 3179 6063 .98
