4018 6404
290 379 367 448 31
386 376 450 446 Π
1322 370 1495 434 VITA
1536 372 1582 432 Α
1617 368 2057 433 NICEPHORO
2095 365 2584 429 CONSCRIPTA.
3462 362 3604 430 3i18

289 497 373 566 τῇ
423 492 501 562 Υῇ
535 487 632 542 καὶ
694 483 848 552 δ’ζιεις
901 481 1142 553 ἐρείσας,
1190 479 1250 533 οὗ
1311 481 1578 549 πρότερον
1626 479 1913 548 ἀνίστησιν

2032 492 2172 531 ρυςοε
2222 473 2539 536 effundens,
2584 470 2820 543 genibus
2850 487 2914 526 ac
2973 471 3113 526 faeie
3163 470 3318 525 humi
3379 474 3603 542 positis,

294 585 532 647 ἑαυτὸν,
565 581 672 644 ἓως
711 576 1031 651 ἁρπαγέντα
1082 576 1149 643 τῇ
1190 570 1417 643 δυνάμει
1444 571 1538 624 τοῦ
1597 570 1913 641 Πνεύματος

297 680 437 742 [δοι,
468 676 719 748 ἀγγέλων
747 690 807 726 τε
834 669 1043 740 πλῆθος
1081 668 1209 737 περὶ
1236 668 1417 726 αὑτὸν,
1451 666 1546 719 καὶ
1570 665 1760 734 ὥσπερ
1794 661 1913 717 κατ’

296 775 499 827 ἐκεῖνο
538 768 636 837 τῆς
674 764 954 834 Ἀντιόχου
1003 757 1423 829 κατενεχθέντα,
1461 756 1595 809 καθὸ
1641 752 1917 807 πενθοῦσα

295 864 453 934 φεῦῑ
491 861 705 932 ἡπόλις
772 857 859 925 εἴη
896 855 963 909 τὶ
1009 855 1264 925 φῖλτατα.
1303 853 1412 905 Καὶ
1470 849 1545 913 ὡς
1598 846 1759 911 αὐτὸς
1817 847 1918 918 μὲν

296 957 455 1028 πρὸς
511 953 775 1014 ἀνατολὰς
830 947 1005 1011 ἑστὼς
1031 943 1393 1019 προσεύξαιτο
1415 943 1544 1014 περὶ⁸
1591 942 1789 1012 αὐτῆς,
1819 941 1918 1012 οὐχ

294 1026 462 1120 ὑπὲρ
496 1046 716 1113 ἁπάσης
749 1043 805 1097 δὲ
840 1044 938 1112 τῆς
986 1041 1198 1101 πόλεως
1231 1026 1481 1090 ἆνύσειεν
1511 1038 1543 1105 ἡ
1593 1036 1753 1105 εὐχὴ,
1797 1032 1918 1086 ἀλλ’

295 1143 500 1193 ἐκεῖνο
529 1138 625 1208 μὲν
657 1136 720 1189 τὸ
757 1134 925 1205 μέρος
964 1132 1130 1200 ερθὺς
1184 1127 1574 1198 ἀπαλλαγῆναι
1619 1128 1718 1194 τῆς
1761 1126 1921 1178 ἀπει-

292 1232 415 1303 λῆς
444 1252 455 1262 ·
497 1228 798 1300 μεταϐῆναι
821 1227 880 1279 δὲ
914 1226 1057 1278 κατᾶ
1090 1221 1444 1294 μεσημϐρίαν
1475 1220 1567 1273 τὸν
1595 1217 1919 1288 ὀλοθρεύον-

292 1338 407 1383 τα,
446 1321 543 1373 καὶ
601 1318 798 1389 θρῆνον
851 1312 1009 1379 αὖθις
1066 1312 1266 1382 ἁθρόον
1320 1312 1534 1365 ἐκεῖθεν
1596 1308 1916 1380 ἐγερθῆναι,

295 1411 570 1483 κραυγὴν
605 1409 1037 1480 συντρίμματος,
1067 1407 1163 1457 καὶ
1190 1403 1422 1458 κοπετὸν
1457 1403 1552 1455 καὶ
1577 1402 1723 1464 οὐαὶ,
1752 1399 1919 1470 μηδὲν

295 1504 413 1559 τοῦ
450 1504 721 1574 προτέρου
771 1499 1098 1569 λειπόμενα,
1132 1497 1208 1561 ὡς
1250 1496 1415 1559 αὐτὸς
1444 1497 1512 1566 τῇ
1555 1492 1731 1564 μητρὶ
1765 1509 1922 1565 τηνιο

300 1596 503 1650 καῦτα
555 1598 647 1649 καὶ
697 1596 810 1656 τοῖς
860 1590 1129 1662 παροῦσιν
1197 1592 1226 1643 ὁ
1286 1587 1431 1651 θεῖος
1524 1583 1753 1657 Συμεζον
1834 1581 1926 1650 ἐξ·

298 1687 534 1755 ηγεῖτο.
719 1713 727 1721 -

393 1777 549 1850 ρμβ’.
574 1774 729 1829 Κατὰ
759 1774 923 1837 πόδας
953 1772 1010 1827 δὲ
1033 1772 1127 1826 καὶ
1148 1773 1183 1845 ἡ
1216 1771 1372 1834 πόλις
1405 1770 1544 1840 πρὸς
1567 1769 1730 1823 αὑτὸν
1760 1763 1922 1831 αὖθις

2016 583 2129 621 non
2162 567 2319 637 prius
2363 581 2421 620 se
2450 565 2672 625 levarit.
2705 578 2870 634 quam
2899 572 3053 618 extra
3087 578 3147 617 se
3196 563 3437 634 Spiritus
3487 563 3609 619 vir‘

2020 668 2136 715 tute
2185 669 2400 729 raptus,
2466 658 2700 712 vidisset
2789 656 3207 711 multitudinem
3284 658 3609 729 angelorum

2020 755 2333 825 cingentem
2364 768 2443 820 se,
2466 761 2523 808 et
2574 751 2770 806 eodem
2806 750 2964 821 quasi
3028 760 3279 820 tempore
3338 751 3396 806 in
3458 752 3610 807 illam

2019 846 2380 910 descendere,
2400 862 2509 916 quo
2547 847 2677 900 urbs
2707 845 3122 901 lamentabatur
3142 845 3610 899 charissimorum

2015 941 2312 1012 jacruram.
2351 940 2462 996 Sed
2494 942 2639 996 sicut
2694 940 2810 1011 ipse
2865 939 2933 994 ad
2983 939 3255 995 orientem
3304 954 3615 994 conversus

2021 1033 2427 1104 deprecabatur
2460 1049 2557 1103 pro
2587 1033 2725 1103 ipsa,
2764 1032 2843 1088 sic
2872 1048 2982 1087 non
3012 1048 3115 1102 pro
3143 1033 3402 1087 universa
3465 1032 3610 1087 urbe

2022 1125 2342 1197 deprecatio
2369 1125 2627 1181 exaudita
2653 1133 2763 1183 est.
2804 1141 3001 1179 verum
3029 1125 3143 1180 sola
3183 1124 3274 1179 illa
3318 1125 3613 1180 orientalis

2022 1233 2172 1290 pars,
2210 1220 2375 1273 minis
2420 1220 2605 1274 statim
2646 1219 3015 1281 cessantibus,
3070 1218 3321 1288 periculo
3370 1218 3611 1274 subduci

2022 1312 2139 1367 visa
2169 1321 2274 1367 est.
2307 1311 2515 1367 Deinde
2547 1313 2613 1366 ad
2636 1312 2927 1366 meridiem
2952 1312 3150 1367 transit
3203 1326 3442 1381 nequam
3493 1314 3612 1383 spi-

2025 1405 2200 1472 ritus;
2238 1420 2303 1460 ac
2363 1415 2591 1475 repente
2652 1405 2836 1476 gravis
2886 1406 3161 1475 planctus,
3218 1406 3346 1459 inde
3380 1406 3613 1470 clamor,
3684 1400 3700 1423 ’

2025 1498 2391 1553 contritiones
2419 1507 2476 1552 et
2501 1498 2739 1568 ejulatus
2774 1505 2830 1551 et
2878 1513 2978 1562 vae,
3009 1496 3188 1551 nihilo
3225 1513 3390 1567 quam
3456 1497 3615 1568 prius

2027 1590 2425 1655 tolerabiliora,
2499 1589 2737 1645 excitata
2790 1598 2953 1653 sunt;
3009 1589 3157 1644 sicut
3209 1588 3328 1660 ipse
3375 1588 3617 1661 Symeon

2024 1683 2186 1740 matri
2220 1699 2333 1738 sua:
2354 1683 2589 1752 aliisque
2618 1682 2982 1752 pr.esentibus
3042 1690 3175 1738 tunc
3223 1682 3532 1737 enarravit.

2097 1777 2219 1830 142.
2256 1775 2548 1845 Extemplo
2570 1783 2753 1828 autem
2781 1772 2956 1828 cﬂusa
2998 1773 3217 1839 civitas,
3237 1774 3305 1829 ad
3359 1782 3613 1829 sanetum

299 1869 501 1942 ἀνῄει,
545 1867 821 1929 πενθικοῖς
853 1865 928 1928 ὡς
969 1863 1161 1936 πρώην
1209 1864 1304 1917 καὶ
1356 1865 1598 1932 σχήμασι
1645 1862 1738 1914 καὶ
1772 1860 1921 1931 βαδί-

2032 1868 2209 1925 denuo
2259 1868 2518 1929 recurrit,
2574 1865 2767 1932 ﬂebili,
2822 1875 2882 1920 ut
2937 1866 3242 1936 quondam,
3300 1866 3487 1936 specie
3551 1881 3618 1919 ac

302 1977 520 2028 σμασι,
545 1956 845 2027 ποιουμένη
878 1954 1110 2009 κοπετὸν
1139 1954 1215 2017 ὡς
1241 1952 1573 2023 δρακόντων,
1599 1952 1695 2005 καὶ
1724 1952 1922 2015 πένθος

298 2052 396 2115 ὥς
451 2050 767 2120 θυγατέρων
817 2050 1104 2119 σειρήνων.
1156 2045 1638 2116 Ιιεριπαθέστερον
1673 2044 1920 2114 τοίνυνή

300 2148 449 2201 ὁσία
482 2145 577 2199 τοῦ
616 2146 767 2198 ὁσίου
805 2146 987 2215 μήτηρ
1011 2140 1337 2201 διατεθεῖσα,
1367 2140 1460 2193 καὶ
1493 2140 1694 2210 μᾶλλον
1724 2139 1923 2210 ἑαυτῆς

298 2241 386 2295 τὸ
414 2239 643 2311 πάθοςῆ
672 2239 895 2292 ἐκείνων
917 2232 1056 2289 εἶναι
1081 2232 1372 2305 νομίσασα,
1399 2233 1571 2286 δεῖται
1600 2233 1693 2285 τοῦ
1716 2234 1920 2286 οἰκείου

304 2334 495 2389 πάλιν
536 2332 725 2394 παιδὸς
755 2332 852 2402 οὐχ
882 2329 1091 2393 ἁπλῶς,
1129 2327 1267 2381 ἀλλὰ
1298 2330 1625 2397 στεναγμοῖς
1668 2326 1781 2398 πῦρ
1818 2328 1921 2396 ἀφ·

308 2430 483 2491 ιεῖσι,
519 2429 611 2480 καὶ
640 2425 924 2497 δάκρυσιν,
967 2423 1030 2476 ού
1062 2422 1282 2493 κάμψαι
1316 2421 1499 2492 μόνον,
1529 2420 1667 2474 ἀλλὰ
1703 2421 1798 2473 καὶ
1826 2420 1925 2490 τῆ-

307 2521 420 2588 ξαι
473 2518 702 2587 καρδίαν
752 2516 870 2571 υἱοῦ
916 2516 1262 2587 δυναμένοις,
1303 2515 1580 2584 ἐπαμῦναι
1621 2513 1923 2583 κάμνουσιν

306 2615 519 2676 αὐτοῖς
545 2613 600 2665 εἴ
626 2629 712 2676 τις
742 2611 991 2682 δύναμις.
1038 2610 1096 2663 ὐ
1121 2609 1177 2662 δὲ
1199 2609 1300 2679 τῆς
1335 2607 1594 2679 συνήθους
1619 2609 1756 2680 πρὸς
1789 2607 1924 2661 Θεὸν

307 2708 426 2761 καὶ
462 2706 621 2760 πάλιν
645 2704 810 2774 εύχῆς
841 2703 1099 2775 ἐχόμενος
1127 2697 1219 2773 ἦν,
1254 2702 1351 2755 καὶ
1395 2701 1494 2771 τῆς
1532 2702 1725 2771 ὁμοίας
1764 2700 1924 2763 αὖθις

307 2799 512 2870 ὂψεως
541 2796 882 2867 ἀξιούμενος.
927 2795 993 2850 Ἦ
1022 2795 1079 2850 δὲ
1105 2791 1174 2866 ἦν
1195 2812 1208 2826 ⁸
1250 2794 1474 2866 ἁρπαγὴ
1511 2794 1610 2865 μὲν
1639 2793 1804 2846 αὐτοῦ
1830 2793 1925 2847 καὶ

311 2892 500 2946 πάλιν
522 2891 598 2961 τῷ
618 2888 916 2960 Πνεύματι,
947 2889 1041 2942 καὶ
1065 2886 1290 2950 κάθοδος
1326 2889 1417 2940 ἐπὶ
1440 2888 1541 2956 τὴν
1563 2886 1701 2940 κατὰ
1730 2885 1925 2939 Σελεύο

310 2978 490 3040 iam
515 2982 709 3055 πύλην,
740 2981 1058 3050 ἀποστροφὴ
1090 2978 1146 3032 δὲ
1164 2978 1259 3032 τοῦ
1285 2978 1406 3032 ὀλοθ
1418 2977 1666 3049 ρεύοντος
1692 2977 1922 3044 ἐκεῖθεν,

312 3078 431 3133 καὶ
464 3077 603 3129 κατὰ
627 3074 729 3145 τῆς
761 3072 930 3144 μονῆς
962 3071 1056 3124 τοῦ
1088 3071 1245 3141 ἁγίου
1278 3070 1480 3141 μᾶλλον
1508 3071 1653 3142 ὁρμή
1680 3087 1695 3101 ·
1722 3069 1929 3142 ἅμιλλά

2026 1960 2270 2025 incessu,
2295 1959 2450 2015 ciens
2479 1960 2811 2031 ejaculatum
2839 1968 2900 2013 ut
2924 1959 3254 2023 draconum,
3294 1970 3348 2013 et
3398 1959 3614 2015 luctum

2025 2052 2168 2108 sicut
2183 2050 2304 2107 tilia:
2321 2050 2797 2107 sirenum.Saneta
2808 2065 2943 2105 vero
2965 2049 3253 2122 Symeonis
3272 2061 3445 2105 mater
3461 2052 3616 2122 gravi

2025 2143 2218 2200 dolore
2268 2143 2484 2208 aﬂ‘ecta,
2531 2159 2806 2213 suumque
2857 2143 3034 2197 multo
3096 2143 3437 2198 acerbiorem
3493 2159 3620 2199 sen-

2026 2251 2150 2291 sum
2200 2251 2321 2292 csse
2352 2251 2515 2305 quam
2556 2235 2774 2289 illorum
2808 2245 2945 2299 rata,
2977 2234 3177 2289 iterum
3224 2234 3337 2288 tilio
3375 2251 3476 2289 suo
3504 2252 3615 2290 non

2025 2342 2192 2398 prece
2214 2327 2479 2397 simplici,
2502 2325 2597 2381 sed
2622 2325 2923 2396 gemitibus
2953 2324 3221 2380 scintillas
3244 2325 3434 2396 igneas
3455 2326 3620 2381 emit-

2027 2418 2290 2481 teutibus,
2328 2417 2718 2489 Iacrymisque,
2763 2431 2874 2471 non
2921 2415 3148 2471 ﬂectere
3195 2417 3384 2483 modo,
3420 2432 3615 2472 verum

2025 2512 2192 2567 etiam
2235 2511 2451 2581 liquare
2483 2524 2581 2564 cor
2619 2508 2719 2563 ﬁlii
2759 2508 3095 2573 valentibus,
3132 2509 3427 2579 supplicat,
3468 2518 3530 2564 ut
3570 2511 3618 2565 si

2024 2619 2135 2673 quo
2160 2602 2325 2657 modo
2353 2600 2546 2673 possit,
2568 2608 2860 2656 succurrat
2888 2599 3354 2670 periclitantibus.
3389 2601 3472 2656 Ad
3502 2602 3619 2659 haec

2027 2693 2265 2763 Symeon
2317 2699 2640 2747 consuetam
2694 2690 2909 2760 pridem
2952 2689 3265 2745 orationem
3304 2706 3616 2760 resumens,

2025 2785 2192 2842 simili
2242 2799 2462 2845 rursum
2508 2783 2722 2838 visione
2774 2782 3032 2854 dignatus
3076 2783 3202 2838 fuit.
3262 2783 3393 2839 Erat
3431 2796 3616 2839 autem

2025 2879 2294 2951 ejusmodi
2327 2895 2340 2932 :
2370 2878 2581 2949 Raptus
2616 2876 2801 2932 denuo
2847 2877 2902 2930 in
2949 2876 3208 2932 exstasim
3244 2876 3622 2944 descendebat

2025 2987 2219 3026 versus
2253 2971 2425 3035 illam,
2455 2987 2578 3041 quae
2611 2970 2920 3027 Seleuciam
2947 2973 3192 3043 respicit,
3225 2983 3439 3044 portam
3469 2994 3482 3029 :
3515 2977 3624 3046 spi-

2029 3065 2171 3120 ritus
2196 3075 2378 3121 autem
2409 3074 2674 3130 vastator,
2708 3066 2835 3123 inde
2878 3065 3060 3139 fugam
3090 3052 3387 3140 arripiens,
3428 3083 3623 3128 contra

314 3185 393 3223 τε
427 3168 559 3239 περὶ
589 3166 761 3237 αὐτῆς
799 3166 1024 3236 ἀμφοῖν,
1070 3162 1313 3235 πλευρᾶς
1348 3163 1619 3235 ἑκατέρας
1661 3163 1926 3234 ἐπειλημ-

2032 3160 2428 3215 monasterium
2461 3159 2635 3214 sancti
2667 3162 3033 3216 convertebat
3071 3161 3374 3233 impetum;
3405 3164 3473 3220 de
3508 3180 3622 3235 quo

312 3263 536 3336 μένων,
563 3263 658 3315 καὶ
682 3258 777 3313 τοῦ
809 3258 908 3330 μὲν
935 3259 1084 3319 ὅπως
1113 3257 1178 3310 ἂν
1207 3257 1395 3322 κακῶς
1437 3256 1647 3329 διαθείη
1687 3258 1926 3327 φιλονει-

315 3353 578 3418 κοῦντος,
610 3351 705 3406 τοῦ
743 3351 801 3406 δὲ
831 3353 981 3416 ὅπως
1024 3349 1091 3404 ἂν
1128 3349 1380 3421 ἐξέληται
1409 3350 1510 3421 τῆς
1548 3350 1758 3404 ἐκείνου
1795 3350 1928 3422 βλά-

315 3447 440 3517 ϐης
476 3445 643 3516 αὐτὴν
685 3441 1114 3514 ἀγωνιζομένου.
1174 3443 1262 3496 Ἐν
1316 3443 1558 3511 τοσούτῳ
1600 3443 1658 3496 δὲ
1703 3445 1796 3497 τὸν
1830 3444 1933 3515 μὲν

315 3536 694 3606 ὄλοθρεύοντα
737 3535 975 3605 μυστικὴ
1021 3550 1105 3596 τις
1142 3532 1363 3588 ’ἄνωθεν
1407 3533 1561 3604 φωνὴ
1604 3534 1748 3589 κατὰ
1794 3535 1930 3591 πολὺ

315 3629 396 3684 τὸ
425 3629 684 3683 ἀκούσιον
731 3626 993 3697 ἀφίστησι
1022 3627 1120 3694 τῆς
1149 3625 1318 3696 μονῆς
1341 3641 1354 3655 ⁸
1387 3626 1417 3677 ὁ
1444 3624 1501 3677 δὲ
1539 3627 1632 3679 καὶ
1660 3625 1926 3699 δευτέραν

318 3719 530 3789 ἔφοδον
578 3717 732 3780 αὖθις
774 3714 898 3770 κατ’
930 3715 1100 3787 αὐτῆς
1133 3713 1466 3782 ἀπειλήσας,
1505 3715 1598 3769 ἐπὶ
1642 3714 1742 3785 τὴν
1781 3714 1925 3768 οὕτω

321 3812 665 3870 Κασσυῶτιν
696 3810 1041 3882 καλουμένην
1073 3809 1210 3874 τέως
1246 3808 1531 3881 ἐτράπετο.

2031 3263 2089 3309 et
2119 3254 2301 3326 gravis
2334 3262 2456 3309 orta
2495 3253 2641 3309 inter
2677 3262 2979 3325 utrumque
3007 3256 3295 3311 contentio
3330 3266 3434 3317 est.
3490 3274 3623 3314 suas

2030 3362 2368 3418 unoquoque
2409 3361 2602 3402 eorum
2643 3357 2833 3416 partes
2866 3354 3084 3417 agente,
3137 3346 3311 3403 altero
3359 3347 3622 3404 damnum

2031 3438 2239 3495 inferre
2284 3447 2590 3511 satagente,
2636 3440 2813 3494 altero
2842 3438 2977 3495 illud
3024 3449 3281 3497 avertere
3313 3441 3623 3499 laborante.

2028 3532 2246 3589 Interea
2280 3532 2549 3587 scelerum
2584 3532 2930 3587 machinator
2957 3549 3156 3589 arcana
3194 3534 3429 3601 quadam
3468 3538 3622 3594 emti-

2035 3636 2125 3681 tus
2149 3624 2313 3680 missa
2344 3638 2479 3678 voce
2510 3623 2810 3679 admodum
2834 3625 3040 3679 invitus
3060 3625 3185 3681 loco
3208 3627 3473 3697 depulsus
3500 3628 3627 3693 fuit,

2034 3717 2410 3788 minitansque
2443 3715 2674 3772 alteram
2712 3716 2897 3772 denuo
2931 3717 3297 3784 invasiouem,
3330 3718 3399 3774 ad
3443 3721 3627 3776 locum

2034 3810 2320 3883 Cassyotin
2366 3809 2577 3865 dictum
2626 3825 2802 3880 usque
2841 3809 3093 3865 recessit.

1782 3953 2011 4011 CAPUT
2044 3952 2233 4009 XVIII.

442 4071 650 4131 Iterum
681 4090 801 4130 suos
839 4074 1106 4137 hortatur,
1138 4071 1362 4144 fratrem
1386 4091 1420 4129 a
1468 4072 1706 4129 daemone
1753 4076 1983 4130 occisum
2022 4083 2138 4147 post
2179 4074 2359 4129 varias
2402 4087 2579 4144 preces
2619 4087 2682 4126 ac
2730 4073 2952 4127 visiones
2982 4072 3052 4126 ad
3087 4073 3248 4128 vitam
3285 4082 3518 4128 revocat.

409 4193 564 4261 ρμγ’.
619 4187 732 4241 Καὶ
786 4185 816 4239 6
851 4186 951 4255 μὲν
983 4185 1127 4257 ἱερὸς
1168 4185 1344 4240 ταῦτα
1372 4185 1599 4256 Συμεὼν
1644 4188 1711 4257 τῇ
1759 4188 1929 4259 μητρὶ

326 4282 628 4351 ἀφηγεῖτο,
669 4279 792 4332 ἐπεὶ
840 4281 936 4333 καὶ
965 4277 1088 4332 λίαν
1114 4277 1286 4350 αὐτὴν
1336 4278 1454 4350 ᾔδει
1487 4278 1804 4352 χαίρουσαν,
1832 4279 1929 4334 καὶ

327 4374 507 4431 πάλιν
537 4370 963 4443 παθαινομένην,
992 4368 1050 4426 εῦ
1082 4373 1219 4443 αύτῇ
1250 4371 1358 4426 τῶν
1389 4374 1716 4445 πατριωτῶν
1745 4373 1929 4447 ἢτοῦ-

326 4466 554 4525 ναντέον
598 4464 832 4536 ἐχόντων
857 4481 872 4495 ⁸
917 4463 1015 4534 τὴν
1042 4464 1099 4518 δὲ
1150 4462 1478 4517 Κασσυιῖιτιν
1533 4463 1769 4535 ὀδυρμὸς
1813 4460 1928 4536 εἶχε

2110 4188 2230 4244 145.
2273 4187 2337 4241 Et
2369 4187 2489 4242 haec
2516 4187 2740 4259 quidem
2765 4195 2990 4243 sanctus
3020 4187 3258 4260 Symeon
3300 4190 3462 4245 matri
3512 4206 3626 4246 sua:

2035 4282 2351 4344 euarrabat,
2388 4297 2513 4336 eum
2558 4281 2731 4352 ipsam
2781 4280 3081 4337 admodum
3131 4283 3626 4356 laetantem-atque

2036 4392 2233 4432 rursus
2264 4375 2507 4447 graviter
2540 4384 2872 4430 commotam
2895 4376 3310 4446 conspexisset,
3339 4388 3507 4448 prout
3550 4380 3630 4432 ci-

2033 4465 2184 4520 vium
2202 4480 2292 4520 res
2314 4464 2450 4519 beta:
2460 4465 2544 4518 vel
2562 4465 2749 4521 tristes
2764 4475 2923 4521 erant
2943 4482 2960 4533 ;
2979 4465 3267 4538 Cassyotin
3290 4485 3422 4524 vero
3445 4471 3630 4527 luctus

329 4560 438 4615 καὶ
468 4558 694 4629 θρῆνοςι
713 4558 903 4630 ἦγειρε
931 4556 1042 4629 γὰρ
1070 4558 1158 4609 ἐπ’
1190 4556 1361 4626 αὐτὴν
1391 4557 1663 4627 μάστιγας
1705 4557 1733 4609 ό
1767 4556 1924 4622 Θεὸς,

2032 4564 2089 4611 et
2111 4557 2358 4626 ploratus
2380 4556 2710 4627 occupabat,
2742 4557 2961 4613 levante
2984 4574 3152 4629 super
3175 4558 3320 4617 illam
3352 4560 3626 4634 ﬂagellum

329 4652 438 4707 καὶ
500 4649 705 4722 πλῆθος
761 4647 972 4703 ἐκεῖθεν
1030 4647 1184 4721 παρὰ
1244 4648 1336 4702 τὸν
1402 4648 1559 4716 ἅγιον
1610 4647 1711 4702 οὐκ
1750 4647 1932 4717 ὀλίγον

334 4744 562 4812 ἀπήντα
582 4781 598 4807 ,
628 4739 1150 4810 ὲλεεινολογούμενοι
1174 4738 1311 4811 πρὸς
1339 4740 1525 4806 αὐτὸν,
1553 4736 1640 4795 οἷα
1668 4738 1933 4811 τέτακται

330 4825 525 4907 ἡμέρα
553 4832 761 4905 Κυρίου
788 4833 874 4887 ἐπ’
897 4833 1118 4899 αὐτοὺς,
1143 4833 1315 4905 πικρὰ
1343 4828 1439 4887 καὶ
1470 4833 1704 4911 σκληρὰ,
1729 4831 1933 4906 δυνατὴ

333 4927 549 5001 ἡμέρα,
578 4926 750 4999 ὀργῆς
790 4928 824 4996 ἠ
861 4924 1046 4997 ἡμέρα
1091 4925 1300 4997 ἐκείνη,
1329 4925 1519 4997 ἡμέρα
1558 4925 1793 4996 θλίψεως
1835 4924 1932 4979 καὶ

336 5021 611 5092 ἀνάγκης,
639 5017 826 5090 ἡμέρα
854 5016 1061 5089 ἅωρίας
1092 5018 1187 5072 καὶ
1214 5017 1549 5090 ἀφανισμοῦ,
1582 5018 1767 5089 ἡμέρα
1801 5016 1931 5072 σκό-

333 5129 470 5178 τους
503 5111 601 5167 καὶ
625 5111 851 5181 γνόφου,
880 5109 1069 5181 ἡμέρα
1116 5106 1351 5181 νεφέλης
1399 5110 1497 5164 καὶ
1540 5106 1794 5183 ὁμίχλης.
1822 5110 1951 5165 Καὶ

343 5205 532 5276 μέντοι
552 5202 765 5259 καὶτοῦ
791 5205 851 5259 ὲν
877 5201 1176 5273 ὀφθαλμοῖς
1201 5201 1449 5257 κινδύνου
1474 5203 1568 5257 καὶ
1591 5204 1700 5259 τῶν
1719 5189 1931 5270 δεινῶν,

338 5297 531 5367 εὐχαῖς
564 5295 798 5358 ἐκείνου,
836 5293 1191 5367 κομιζόμενοι
1238 5294 1423 5349 λύσινο
1466 5296 1497 5349 ὁ
1532 5295 1609 5361 δὲ,
1651 5311 1937 5368 προσαγα-

340 5390 547 5459 γόντων
584 5386 686 5460 ἤδη
723 5388 790 5458 τῇ
828 5389 964 5458 μονῇ
996 5388 1093 5441 καὶ
1118 5388 1246 5442 ὅσον
1267 5387 1369 5442 οὐκ
1396 5387 1490 5441 ἐπὶ
1519 5385 1717 5460 θύραις
1747 5388 1936 5443 αἰσθό-

342 5496 509 5552 μενος
538 5478 649 5532 τῶν
683 5478 1077 5550 πειρατηρίων,
1110 5480 1235 5543 τοὺς
1272 5479 1522 5551 μαθητὰς
1562 5479 1699 5549 ὁμοῦ
1727 5481 1938 5548 πάντας

344 5571 691 5642 συναγαγὼν,
735 5573 889 5637 Ἰδοὺ,
921 5574 1089 5626 τέκνα
1116 5571 1211 5626 καὶ
1235 5573 1474 5642 ἀδελφοὶ,
1502 5571 1727 5642 ﬁgam-ib;
1749 5567 1937 5642 ἄμπε-

342 5656 432 5730 λος
459 5664 755 5736 ἐγενήθητε
793 5664 869 5735 τῷ
891 5666 1114 5738 Χριστῷ
1144 5665 1371 5735 κομῶσα
1399 5667 1488 5720 καὶ
1520 5665 1810 5729 θάλλουσα,
1841 5667 1938 5720 καὶ

347 5759 559 5831 ἀρετῶν
585 5758 736 5813 ἄνθει
763 5757 1189 5830 βρύουσα,δεξιᾷ
1204 5761 1268 5831 τῇ
1291 5759 1501 5812 ἐκείνου
1524 5759 1933 5831 πεφυτευμένη,

348 5850 433 5922 εἴη
463 5848 522 5904 δὲ
556 5851 648 5906 καὶ
678 5851 1088 5924 κατηρτισμένη
1114 5839 1319 5922 Myer}.
1360 5853 1553 5925 Ὁρᾶτε
1583 5849 1677 5907 οὖν
1699 5852 1774 5924 μὴ
1802 5852 1937 5907 καθ-

2036 4665 2197 4704 suum
2228 4649 2496 4717 Domino;
2520 4659 2579 4706 et
2610 4650 2805 4722 ingens
2850 4651 3150 4708 multitudo
3180 4653 3467 4712 hominum
3500 4657 3629 4714 inde

2035 4741 2105 4797 ad
2165 4750 2419 4797 sanctum
2462 4742 2850 4809 accurrebant,
2889 4743 3230 4801 lamentabili
3285 4762 3421 4803 voce
3464 4764 3627 4821 opem

2035 4833 2422 4905 implorantes,
2477 4850 2587 4889 non
2627 4849 2788 4890 secus
2817 4850 2884 4890 ac
2916 4836 2962 4891 si
3000 4836 3252 4895 irruisset
3289 4855 3458 4911 super
3505 4843 3630 4898 illos

2035 4925 2387 4983 diesDomini
2415 4941 2600 4983 amara
2641 4927 2878 4992 etdura,
2897 4928 3017 4986 dies
3032 4929 3350 4993 fortis,dies
3369 4932 3486 5001 iraa,
3508 4935 3629 4993 dies

2035 5019 2414 5076 tribulationis
2456 5029 2515 5076 et
2565 5019 2938 5083 necessitatis,
2980 5020 3101 5077 dies
3130 5021 3550 5084 immaturitatis
3572 5042 3629 5086 et

2035 5112 2387 5185 perditionis,
2421 5112 2543 5170 dies
2573 5113 2827 5185 caliginis
2872 5122 2931 5171 et
2962 5115 3342 5185 tenebrarum,
3375 5118 3499 5176 dies
3526 5138 3629 5178 nu-

2036 5207 2127 5265 bis
2152 5217 2211 5264 et
2240 5208 2479 5265 nebulae.
2507 5206 2985 5281 EtCassyotenses
3015 5210 3243 5283 quidem
3280 5213 3629 5274 imminentia

2038 5299 2144 5354 sibi
2180 5297 2432 5371 pericula
2479 5298 2934 5369 calamitatesque
2984 5300 3187 5373 depelli
3221 5304 3395 5359 sancti
3444 5308 3629 5376 preci-

2039 5388 2145 5445 bus
2191 5388 2457 5446 viderunt
2488 5407 2503 5445 :
2536 5389 2652 5461 ipse
2682 5406 2815 5446 vero
2843 5391 3106 5461 ingruere
3142 5392 3196 5449 in
3230 5396 3629 5452 monasterium

2039 5497 2202 5537 suum
2231 5481 2569 5537 tentationes
2593 5490 2650 5537 et
2672 5488 2888 5536 tantum
2916 5497 3025 5537 non
3050 5498 3164 5553 pra:
3191 5482 3408 5540 foribus
3435 5485 3632 5543 adesse

2039 5576 2310 5641 sentiens,
2372 5574 2665 5645 discipulis
2704 5574 2871 5629 simul
2927 5575 3192 5631 omnibus
3235 5579 3558 5649 convocatis
3616 5598 3629 5635 :

2041 5666 2206 5729 Ecce,
2260 5665 2358 5721 ﬁlii
2403 5682 2469 5721 ac
2510 5667 2711 5722 fratres
2738 5667 2868 5733 mei,
2902 5667 3102 5738 inquit,
3131 5669 3275 5724 sicut
3312 5669 3443 5725 vitis
3465 5669 3630 5727 Chri-

2041 5768 2127 5813 sto
2160 5759 2293 5814 faeti
2322 5760 2477 5826 estis,
2506 5760 2834 5831 palmitibus
2862 5761 3084 5826 decora,
3126 5763 3336 5829 virens,
3378 5772 3435 5820 et
3475 5763 3634 5820 θοῆς

2042 5851 2145 5907 b‘us
2192 5851 2463 5907 virtutum
2528 5869 2835 5925 geminans,
2900 5854 3129 5912 dextera
3179 5856 3329 5912 illius
3361 5857 3627 5928 plantam,
