4018 6394
1666 246 1753 260 ,ων

431 391 571 457 3119

1651 392 1710 454 S-
1752 393 2131 458 SYMEONIS
2172 394 2536 459 JUNIORIS

3561 387 3716 457 31⁵20

434 510 599 565 liceat
619 506 802 562 dicere
826 516 879 563 et
904 506 1165 578 perfecta.
1194 506 1387 561 Videte
1412 506 1578 577 igitur
1613 524 1683 564 ne
1713 509 2010 566 destruatis

2120 508 2373 582 αιρεθῆτε
2418 512 2507 564 τὸν
2542 511 2820 582 φραγμὸν,
2860 511 2918 575 ὃς
2956 512 3103 564 ἐστιν
3153 512 3181 566 ὁ
3230 510 3322 567 τοῦ
3362 512 3497 567 Θεοῦ
3527 514 3714 585 νόμος,

429 614 672 673 Septum,
708 601 853 671 quod
890 610 974 654 est
1004 599 1089 652 lex
1123 599 1215 653 Dei
1249 610 1305 653 et
1337 600 1723 657 mandatorum
1774 604 1895 675 ejus
1922 604 2019 657 ub-

432 695 669 749 servatio
692 714 703 745 :
729 691 965 746 vastabit
994 691 1197 761 quippe
1226 707 1343 755 vos,
1374 692 1481 746 heu
1511 709 1596 748 me
1618 695 1631 748 ί
1654 702 1711 750 et
1736 694 2019 766 disperget

433 804 562 855 :tpt'l‘
591 787 657 840 de
690 786 847 848 silva,
889 794 942 838 et
979 784 1395 839 transeuntibus
1438 784 1735 853 quibusvis
1777 787 2016 855 expositi

432 880 587 931 i-rizis
636 877 689 931 in
732 876 1125 930 contumeliam
1158 888 1214 931 et
1248 877 1742 933 conculcationem.
1780 879 2016 932 Verum-

433 984 609 1024 tamen
658 970 798 1024 ferte
849 969 1063 1023 fructus
1114 979 1262 1025 tanta
1319 970 1537 1025 cultura
1586 970 1803 1040 dignos,
1852 971 2019 1025 susti-

428 1073 551 1116 nete
586 1079 711 1116 cum
753 1062 1052 1131 gratiarum
1094 1062 1338 1123 actione,
1398 1072 1454 1117 et
1487 1079 1759 1134 generose
1790 1079 2018 1134 magna-

428 1157 760 1224 nimitorque
788 1171 884 1210 vos
903 1155 1080 1226 gerite
1113 1156 1165 1209 in
1206 1156 1623 1212 tentationibus.
1673 1157 1815 1212 Ecce
1865 1157 2015 1211 enim

425 1249 646 1315 grandis
667 1249 950 1304 calamitas
980 1250 1032 1304 in
1062 1249 1309 1318 proximo
1331 1258 1435 1304 est.
1458 1248 1594 1305 Cum
1624 1250 1741 1304 haec
1764 1249 2014 1315 dixisset,

424 1344 665 1407 graviter
705 1359 831 1400 cum
858 1343 1051 1398 dolore
1089 1342 1477 1413 ingemiscens,
1502 1360 1611 1397 non
1661 1343 1826 1397 aliter
1852 1358 2017 1413 quam

424 1436 466 1487 si
516 1444 641 1488 ante
694 1435 884 1490 oculos
924 1450 1048 1504 qua)
1096 1443 1363 1489 eventura
1417 1442 1578 1489 erant
1611 1441 1967 1488 versarentur
1996 1473 2010 1491 .

424 1529 728 1598 discipulos
797 1528 1022 1597 quidem
1084 1526 1495 1596 inexpugnabili
1557 1526 1743 1579 crucis
1809 1524 2017 1579 Christi

426 1624 584 1693 ςίςξηη
640 1621 819 1675 munit
872 1637 886 1673 :
958 1618 1074 1687 ipse
1132 1627 1315 1672 autem
1365 1615 1834 1685 contemplatione
1864 1630 2020 1668 men-

428 1718 495 1770 tis
560 1715 842 1783 abreptns,
889 1720 1100 1765 tantum
1157 1724 1267 1763 non
1323 1708 1615 1778 praascntia
1659 1707 1852 1762 adesse
1903 1707 2015 1777 jam

426 1814 768 1881 monstrante
800 1819 922 1874 quae
951 1802 1136 1857 futura
1160 1800 1523 1872 prtedixcrat;
1559 1801 1761 1855 iterum
1787 1800 2017 1868 supplex

2123 604 2218 657 καὶ
2247 603 2409 674 ἡτῶν
2436 602 2663 658 ἐντολῶν
2687 604 2903 676 φυλακή
2931 621 2943 634 ·
2979 605 3072 658 καὶ
3094 604 3425 678 λυμήνηται,
3453 608 3587 678 ipsi)!
3621 612 3720 664 καὶ

2122 698 2570 766 κατανεμήσηται
2603 696 2749 765 ὑμᾶς
2777 698 2805 750 ὁ
2837 696 3030 768 ἐχθρὸς
3053 690 3117 760 ὗς
3146 698 3208 751 ἐκ
3239 698 3473 770 δρυμοῦ,
3506 702 3600 754 καὶ
3634 705 3720 766 εἰς

2120 788 2307 858 κοινὴν
2335 791 2447 851 τοῖς
2470 786 2799 841 διοδεύουσιν
2838 787 3095 859 ἐκτεθῆτε
3128 789 3285 859 ὓϐριν
3326 794 3421 844 καὶ
3463 794 3720 847 καταπάο

2118 895 2292 948 τημα.
2336 878 2475 930 Ἀλλ’
2509 880 2773 945 ἐνέγκατε
2808 881 3055 951 καρποὺς
3085 882 3289 951 μᾶλλον
3315 883 3414 953 τῆς
3440 885 3722 953 γεωργίας

2119 972 2326 1038 ἀξίους,
2349 973 2626 1043 ὑπομονὴν
2652 973 2852 1044 δηλαδὴ
2880 974 2997 1042 μετ’
3020 974 3395 1043 εὐχαριστίας,
3425 977 3520 1029 καὶ
3552 977 3613 1029 τὸ
3656 979 3724 1030 ἐν

2122 1067 2449 1134 πειρασμοῖς
2480 1066 2729 1130 γενναῖον
2775 1064 2868 1117 καὶ
2904 1065 3305 1135 μεγαλὸψυχῦν.
3339 1066 3473 1119 ,16οὶ
3498 1068 3605 1135 γὰρ
3647 1069 3723 1121 τὰ

2119 1155 2270 1209 δεινά
2301 1154 2453 1225 παρὰ
2496 1154 2684 1217 πόδας.
2723 1156 2909 1208 Ταῦτα
2946 1156 3068 1225 ἔσηλ
3099 1158 3191 1209 καὶ
3224 1158 3363 1227 βαρύ
3398 1178 3447 1211 τι
3497 1162 3589 1211 καὶ
3619 1177 3726 1213 πε-

2121 1246 2314 1309 πονθὸς
2346 1245 2677 1314 ἀνοιμώξας,
2711 1240 2798 1298 οἶα
2831 1246 3081 1316 κρυφίοις
3110 1247 3323 1317 ὄμμασι
3348 1250 3415 1302 τά
3449 1250 3722 1318 μέλλοντα

2120 1338 2337 1410 διορῶν.
2366 1339 2549 1402 αὐτοῖς
2587 1340 2688 1409 μὲν
2716 1337 2809 1393 τοῦ
2838 1339 3075 1409 Χριστοῦ
3109 1340 3208 1410 τὴν
3245 1342 3456 1411 ἄμαχον
3490 1343 3725 1394 ἐπιϐάλ-

2119 1430 2201 1483 λει
2245 1431 2549 1502 σφραγῖδα·
2581 1431 2670 1484 τὸν
2700 1432 2755 1483 δὲ
2784 1431 2984 1502 θεωρία
3029 1431 3402 1491 ὑπολαϐοῦσα,
3447 1434 3570 1485 ὅσον
3613 1436 3724 1486 οὐκ

2120 1526 2219 1597 ἤδη
2250 1528 2508 1597 παρεῖναι
2539 1526 2812 1579 δείκνυσιν
2844 1529 2988 1599 άπερ
3015 1527 3318 1595 ἐπάγεσθαι
3348 1526 3549 1597 ἤμελλε
3575 1543 3587 1556 ⁸
3621 1529 3723 1581 καὶ

2121 1618 2282 1671 πάλιν
2339 1619 2496 1688 εὐχαὶ
2548 1618 2683 1687 πρὸς
2735 1620 2867 1672 Θεὸν
2913 1619 3083 1689 αὐτῷ,
3131 1621 3225 1672 καὶ
3275 1620 3435 1673 πάλιν
3478 1621 3720 1691 δάκρυα,

2122 1708 2292 1763 ὕπνου
2315 1726 2373 1763 τε
2398 1710 2560 1763 πάλιν
2596 1712 2862 1779 ἄγευστος
2893 1710 3075 1782 ἐκείνη
3105 1709 3360 1777 καθάπαξ
3399 1713 3431 1781 ή
3461 1710 3574 1776 νὺξ.
3608 1711 3724 1776 ἓως

2120 1802 2282 1856 αὐτὸν
2310 1805 2342 1872 ἡ
2376 1802 2494 1855 θεία
2526 1802 2869 1874 παρεκάλεσε
2902 1805 3080 1874 χάρις,
3108 1805 3167 1857 ὲν
3203 1805 3447 1874 σχήματι
3469 1801 3721 1867 νεά-κίδος

425 1901 490 1954 ad
534 1902 705 1954 Deum
734 1912 948 1968 preces.
982 1895 1186 1950 iterum
1228 1895 1502 1966 lacrymas
1550 1893 1753 1960 fundit,
1812 1894 2010 1948 iterum

2123 1894 2396 1967 παρθένου
2445 1896 2796 1965 ἐπιφανεῖσα.
2847 1895 3003 1966 Ἑξῆς
3038 1896 3094 1951 δὲ
3128 1897 3222 1950 καὶ
3266 1899 3293 1950 ό
3339 1896 3531 1968 ἐχθρὸς
3572 1895 3723 1966 μετὰ

425 2006 620 2062 expers
657 1989 835 2045 somni
878 1996 1098 2044 noctem
1135 1986 1283 2040 illam
1316 1993 1485 2040 totam
1521 1984 1762 2041 traducit
1793 2001 1807 2051 ;
1837 1982 2015 2038 donec

427 2099 702 2154 apparens
745 2081 797 2136 ei
833 2080 1023 2134 divina
1071 2077 1270 2149 gratia,
1291 2076 1512 2147 juvenis
1544 2076 1741 2145 puella:
1772 2075 2015 2145 speciem

429 2175 642 2237 induta,
681 2171 1013 2242 al'lligentem
1066 2184 1125 2224 se
1167 2167 1451 2222 consolata
1533 2176 1637 2221 est.
1691 2163 1899 2219 Deinde
1960 2175 2019 2219 et

426 2267 602 2321 hostis
651 2264 827 2320 adfuit
876 2278 1002 2317 cum
1045 2260 1308 2316 srandalo
1355 2266 1520 2329 atque
1570 2256 1815 2323 insidiis;
1860 2258 2019 2328 cujus

426 2358 581 2413 furor
632 2357 700 2411 ab
733 2354 943 2427 Angula
974 2368 1155 2418 orsus,
1205 2361 1399 2407 contra
1456 2351 1635 2419 ipsum
1692 2364 1757 2404 ac
1811 2347 2014 2405 fratres

2114 1987 2223 2041 τῶν
2259 1986 2574 2042 σκανδάλων
2607 1988 2825 2058 καὶτῆς
2856 1987 3175 2057 ἐπιϐουλῆς,
3213 1991 3277 2041 ὲκ
3316 1987 3410 2041 τοῦ
3441 1987 3722 2055 Ἀγγουλᾶ

2115 2093 2176 2129 τε
2218 2076 2435 2148 πρώτου
2488 2078 2519 2147 ἡ
2555 2079 2654 2147 τῆς
2688 2077 2902 2129 ἐκείνου
2953 2076 3152 2144 μανίας
3192 2075 3356 2145 ἀρχὴ,
3392 2076 3486 2128 καὶ
3528 2075 3722 2145 ἥκοντ’

2118 2167 2288 2221 αὑτοῦ
2334 2168 2431 2221 καὶ
2474 2168 2585 2221 τῶν
2634 2168 2884 2237 ἀδελφῶν
2930 2168 3133 2238 πληγὴ,
3174 2167 3390 2221 δικαίαν
3428 2167 3526 2234 τῆς
3575 2165 3719 2234 πρὸς

2120 2259 2286 2313 αὑτὸν
2319 2258 2650 2323 οἱκειὼσεως
2676 2259 2776 2331 τὴν
2811 2259 3162 2328 ἀντιμισθίαν
3186 2259 3574 2320 ἀπολαϐόντος,
3612 2257 3719 2327 χά-

2126 2352 2270 2425 ριτός
2301 2370 2361 2404 τε
2396 2352 2547 2423 παρά
2569 2351 2664 2404 τοῦ
2696 2351 2851 2420 φίλου
2885 2350 3039 2415 ἀξίας
3064 2352 3447 2420 τετυχηκότος.

422 2447 600 2520 plagis
619 2444 796 2500 saeviit
826 2462 837 2496 :
874 2441 1180 2513 recipiente
1215 2440 1311 2496 illo
1336 2438 1591 2495 meritam
1619 2453 1721 2509 pro
1754 2435 2136 2499 familiaritate
2176 2456 2301 2496 cum
2334 2440 2495 2498 hoste
2532 2449 2816 2496 contracta
2846 2440 3185 2507 mercedem,
3210 2451 3265 2495 et
3299 2441 3529 2511 gratiam
3552 2455 3582 2496 a
3618 2438 3712 2497 tali

400 2541 602 2597 amico
648 2538 885 2594 conferri
923 2537 1160 2591 solitam.

494 2634 617 2688 Ml.
661 2632 879 2707 Interea
902 2629 1049 2685 enim
1083 2627 1369 2699 temporis,
1422 2629 1552 2682 dum
1598 2642 1721 2698 qua:
1768 2626 2006 2692 viderat,

422 2723 710 2793 discipulis
752 2729 977 2776 enarrat
1042 2717 1321 2790 Symeon;
1377 2718 1641 2789 Angulas,
1700 2717 2009 2788 superioris

422 2818 691 2874 doctrinm
729 2814 886 2887 quasi
936 2813 1249 2877 immemor,
1316 2811 1451 2883 quin
1498 2811 1665 2867 etiam
1720 2808 2007 2881 prtccepti,

423 2928 491 2967 ne
519 2909 999 2978 solliciteagcrent
1029 2905 1296 2971 caventis,
1334 2904 1541 2959 oblitus
1576 2919 1590 2957 :
1625 2897 1909 2958 Soilicitus
1935 2901 2010 2955 sit

424 3005 539 3073 ipse
568 3012 624 3057 et
645 3001 772 3065 sibi,
804 2998 1007 3068 inquit,
1041 3008 1097 3052 et
1128 2996 1311 3051 nobis.
1347 2995 1479 3063 Quae
1508 2995 1677 3050 verba
1739 2993 2007 3050 continuo

419 3098 576 3167 plaga
628 3091 1010 3162 consequitur,
1064 3105 1173 3144 non
1214 3087 1379 3143 modo
1423 3088 1551 3158 ipsi,
1607 3086 1704 3143 sed
1734 3086 2006 3142 fratribus

2192 2625 2329 2697 ρμδ’.
2371 2625 2459 2679 Ἐν
2478 2625 2587 2697 ὅσῳ
2608 2625 2717 2696 γὰρ
2746 2624 2811 2678 τά
2836 2624 3069 2693 όςρθέντα
3102 2623 3236 2694 πρὸς
3261 2626 3387 2689 τοὺς
3412 2624 3659 2696 μαθητὰς
3684 2627 3721 2682 ὁ

2119 2717 2343 2785 Συμεὼν
2372 2717 2594 2790 διεξῄειο
2615 2717 2713 2789 τῆς
2750 2716 3130 2789 προλαϐούσης
3159 2717 3349 2787 ὥσπερ
3385 2718 3718 2788 ἐπιλαθόμε-

2116 2827 2202 2874 νος
2225 2810 2577 2874 διδασκαλίας
2624 2813 2652 2864 ὁ
2699 2809 3021 2879 Ἀγγουλᾶῖ,
3058 2811 3118 2864 οὐ
3162 2810 3267 2881 μὴν
3296 2811 3431 2864 ἀλλά
3483 2813 3575 2865 καὶ
3613 2811 3720 2884 τῆς

2116 2904 2358 2975 ἐντολῆς,
2395 2906 2486 2977 Μὴ
2517 2906 2917 2977 μεριμνήσητε,
2952 2904 3302 2975 κελευούσης,
3327 2904 3717 2975 Μερίμνησον,

2118 3000 2344 3063 ἐκεῖνος,
2377 2998 2553 3068 ἐαυτῷ
2582 3001 2675 3053 καὶ
2699 3000 2849 3069 ἡμῖν,
2876 2998 2979 3067 ἔφη
3037 2998 3146 3051 Καὶ
3176 3000 3313 3067 μετὰ
3334 2997 3427 3050 τοῦ
3463 2999 3723 3069 ῥήματος

2118 3090 2278 3154 εὐθὺς
2323 3094 2356 3162 ἡ
2390 3091 2595 3162 πληγὴ,
2639 3092 2700 3145 οὐ
2736 3092 2859 3146 κατ’
2896 3090 3061 3146 αὑτοῦ
3099 3092 3278 3162 μόνον,
3313 3091 3451 3145 ἀλλά
3481 3092 3573 3145 καὶ
3600 3091 3717 3147 τῶν

412 3201 641 3260 quoque
673 3183 932 3240 omnibus
978 3196 1243 3253 perquam
1298 3180 1582 3235 luctuosa:
1622 3180 1760 3234 adeo
1800 3180 2006 3250 quippe

2119 3182 2363 3252 ἀδελφῶν
2409 3184 2545 3253 όμοῦ
2578 3183 2833 3238 πάντων*
2871 3184 2965 3238 καὶ
3000 3187 3033 3256 ἡ
3078 3185 3262 3255 πληγὴ
3306 3185 3518 3255 μεγάλη
3570 3184 3722 3241 οὕτω

420 3262 603 3353 gravis
632 3294 696 3333 ac
732 3292 874 3332 saeva
918 3274 1046 3339 fuit,
1106 3282 1168 3329 ut
1220 3273 1444 3343 quidem
1489 3288 1662 3343 prope
1693 3272 1953 3327 abessent
1979 3287 2010 3326 a

422 3381 622 3435 morte,
660 3369 885 3440 quidam
918 3368 1081 3422 etiam
1117 3373 1505 3432 morerentur;
1536 3365 1613 3420 illi
1669 3365 1884 3420 scilicet
1914 3363 2009 3434 qui

422 3465 545 3520 aliis
605 3462 1035 3534 negligentiores
1079 3459 1322 3515 fuerant.
1393 3458 1513 3524 Quo
1575 3457 1859 3511 intellecto
1908 3454 2010 3527 Sy-

418 3572 610 3621 meon,
640 3563 700 3608 ut
730 3554 871 3608 alter
901 3552 1027 3617 Joh,
1066 3549 1194 3604 forti
1228 3564 1291 3603 ac
1316 3562 1589 3619 generoso
1614 3546 1800 3600 animo
1831 3545 2006 3599 dixit:

421 3653 500 3707 Sit
529 3665 719 3704 nomen
752 3645 965 3699 Domini
994 3642 1319 3698 benedictum
1362 3639 1419 3692 in
1450 3637 1643 3693 sarcula
1679 3638 1745 3693 ".
1776 3638 2009 3706 Quidam

419 3753 603 3800 autem
650 3739 840 3801 frater,
900 3735 955 3789 in
1015 3731 1208 3804 paucis
1252 3729 1537 3785 studiosus
1601 3737 1765 3797 atque
1819 3740 2010 3781 amans

419 3833 680 3897 virtutis,
736 3830 927 3886 Conon
1002 3824 1358 3895 appellatus,
1441 3819 1857 3892 Symeonique,
1937 3818 2008 3872 ob

416 3925 747 3998 elegantiam
797 3938 861 3976 ac
888 3918 1220 3974 suavitatem
1255 3926 1473 3968 morum
1520 3919 1576 3966 et
1625 3910 1870 3966 studium
1917 3923 2008 3964 se-

416 4019 611 4077 ctandi
663 4015 920 4078 meliora,
962 4008 1259 4085 admodum
1298 4006 1519 4069 charus,
1578 4002 1841 4075 perplexo
1891 4008 2010 4056 erat

416 4087 975 4184 dejectoqueoanimo,
994 4109 1250 4157 metuens
1278 4114 1348 4155 ne
1375 4097 1568 4154 eadem
1595 4110 1717 4166 qua:
1744 4093 2010 4148 lratribus

418 4206 525 4262 sibi
556 4216 776 4274 quoque
809 4196 1095 4254 calamitas
1121 4191 1421 4249 accideret.
1472 4189 1574 4245 Hic
1601 4186 1761 4258 quasi
1816 4194 2006 4240 mente

418 4318 447 4356 a
483 4296 743 4355 sensibus
773 4292 1058 4353 aberrans,
1089 4285 1282 4341 videre
1302 4284 1410 4341 sibi
1439 4281 1734 4338 videbatur
1782 4278 2009 4350 Symeo-

410 4406 568 4453 nem,
598 4387 729 4444 talia
760 4386 1192 4451 interrogantem
1217 4396 1232 4432 :
1258 4377 1452 4444 Qualis
1469 4372 1717 4428 hominis
1760 4369 1926 4424 unius
1951 4368 2007 4422 in

419 4486 584 4539 terris
613 4476 848 4532 maxima
874 4488 1005 4543 erga
1031 4471 1204 4526 Deum
1252 4466 1456 4523 fiducia
1499 4464 1621 4518 est?
1675 4477 1744 4516 co
1798 4469 2006 4523 autem,

2116 3275 2207 3329 καὶ
2251 3275 2482 3346 χαλεπὴ.
2520 3276 2596 3339 ὡς
2637 3276 2764 3339 τοὺς
2810 3276 2911 3347 μὲν
2951 3276 3129 3331 αὐτῶν
3164 3279 3451 3345 ἐγγυτάτω
3478 3277 3720 3332 Θανάτου

2114 3367 2392 3434 γενέσθαι,
2417 3368 2548 3431 τοὺς
2578 3367 2634 3421 δὲ
2666 3368 2761 3422 καὶ
2792 3370 2992 3433 θανεῖν,
3021 3370 3137 3423 ὅσοι
3165 3369 3367 3441 δηλαδὴ
3401 3369 3508 3423 τῶν
3535 3369 3720 3425 ἄλλων

2114 3458 2479 3530 ἀμελέστερον
2522 3456 2691 3530 εἶχον.
2734 3460 2914 3532 Ὅπερ
2964 3459 3206 3531 μαθόντα
3257 3459 3348 3513 τὸν
3383 3458 3611 3531 Συμεὼν
3651 3461 3719 3515 τδ

2112 3552 2209 3620 τῆς
2226 3554 2481 3622 νεανικῆς
2506 3551 2598 3605 τοῦ
2633 3551 2753 3605 Ἰὼϐ
2778 3552 2990 3623 ἐκείνης
3010 3554 3104 3605 καὶ
3126 3552 3380 3621 γενναίας
3415 3554 3584 3622 φάναι
3608 3553 3721 3623 ψυ-

2113 3644 2237 3714 χῆς,
2272 3644 2380 3711 Εἷη
2415 3644 2480 3697 τὸ
2510 3644 2699 3714 ὄνομα
2727 3643 2951 3712 Κυρίου
2979 3646 3399 3715 εὐλογημένον
3445 3648 3533 3721 είς
3567 3645 3715 3714 τοὺς

2112 3736 2353 3801 αἰῶνας.
2391 3737 2649 3809 Εἱστήκει
2677 3735 2734 3790 δέ
2770 3752 2853 3798 τις
2889 3736 3137 3805 ἀδελφὸς,
3173 3736 3283 3789 τῶν
3314 3737 3510 3809 κομιδῇ
3542 3756 3714 3794 cmu-

2111 3827 2276 3881 δαίων
2313 3830 2405 3881 καὶ
2440 3828 2769 3900 φιλαρέτων,
2800 3829 2973 3898 ὄνομα
3012 3829 3220 3895 Κόνων,
3249 3830 3307 3893 ὃς
3346 3830 3435 3884 διὰ
3464 3830 3525 3883 τὸ
3571 3830 3712 3902 χρη-

2112 3922 2236 3973 στὸν
2269 3920 2361 3974 τοῦ
2391 3920 2618 3991 τρόπον,
2652 3922 2747 3975 καὶ
2780 3922 2871 3976 τὸν
2896 3923 3025 3993 περὶ
3063 3922 3124 3975 τὸ
3160 3923 3320 3976 καλὸν
3359 3923 3536 3993 ἔρωτα
3563 3924 3708 3994 ἠγά-

2112 4030 2253 4081 πητο
2291 4013 2369 4083 τῷ
2411 4014 2634 4085 μεγάλῳ
2667 4015 3061 4086 διαφερόντως·
3102 4008 3258 4079 οὗτος
3294 4015 3403 4069 δέει
3445 4016 3543 4083 τῆς
3579 4016 3706 4087 ἴσης

2111 4108 2224 4168 τοῖς
2276 4106 2523 4173 ἀδελφοῖς
2568 4106 2783 4177 πληγῆς
2837 4108 3025 4160 ἵστατο
3072 4106 3418 4175 σκυθρωπός.
3468 4106 3612 4173 Ἐξω
3642 4105 3704 4161 δὲ

2112 4198 2366 4269 καθάπερ
2396 4198 2592 4250 ἑαυτοῦ
2618 4198 2879 4267 γεγονὼς,
2907 4199 3085 4253 ἐδόκει
3114 4198 3285 4253 ταῦτα
3309 4199 3402 4253 τὸν
3425 4200 3566 4253 θεῖον
3593 4200 3701 4254 Συ-

2116 4291 2259 4359 μεὼν
2285 4292 2416 4364 ὁρᾷν
2448 4292 2611 4345 αὑτοῦ
2645 4291 3043 4362 πυνθανόμενον
3073 4309 3088 4324 ο
3118 4293 3256 4346 Ποία
3282 4293 3390 4346 τῶν
3428 4293 3569 4365 ὑπὲρ
3594 4295 3703 4363 γῆς

2112 4385 2231 4446 ἑνὸς
2263 4383 2554 4455 ἀνθρώπου
2589 4385 2821 4454 μεγίστη
2856 4384 2992 4454 πρὸς
3018 4383 3149 4438 Θεὸν
3180 4387 3501 4457 παρρησία;
3529 4386 3622 4439 τοῦ
3644 4386 3705 4441 δὲ

2113 4477 2208 4530 καὶ
2234 4476 2318 4540 τίς
2343 4479 2546 4541 ἐκεῖνός
2569 4478 2721 4530 ἐστιν
2748 4477 3032 4547 ἐρομένου,
3065 4478 3229 4531 αὐτὸν
3251 4475 3387 4532 εἶναι
3414 4477 3580 4547 φάναι
3610 4479 3706 4534 τὸν

416 4574 552 4641 Quis
581 4571 670 4626 ille
695 4577 781 4623 est
803 4565 1004 4621 homo?
1027 4559 1422 4633 respondente,
1442 4556 1628 4611 dicere
1650 4556 2006 4626 Symeonem,

2119 4570 2231 4640 μετ’
2274 4568 2484 4623 ἐκείνου
2540 4567 2823 4622 lolio-ivra.“
2851 4568 2948 4639 τῆς
2990 4568 3162 4638 Θείας,
3189 4566 3362 4642 οἶμαι,
3394 4571 3634 4644 χάριτος,
3673 4571 3707 4626 δ

405 4668 513 4724 Ἰπιο
548 4674 633 4721 est
663 4664 760 4735 qui
788 4659 1036 4730 loquitur
1078 4665 1293 4720 tecum;
1356 4650 1566 4715 divina,
1629 4657 1691 4703 ut
1742 4645 2005 4712 arbitror,

418 4759 592 4828 gratia
624 4758 705 4812 sic
740 4753 1071 4823 disponente
1110 4762 1197 4811 ea,
1228 4760 1351 4815 qua:
1375 4750 1500 4813 post
1536 4741 1705 4811 paulo
1738 4748 2005 4796 eventura

420 4852 524 4923 ipsi
565 4856 767 4922 praeter
786 4841 1256 4915 exspectationem
1284 4843 1467 4899 erant,
1500 4841 1596 4889 aut
1616 4832 1805 4905 potius
1838 4833 2005 4888 disci-

418 4945 609 5016 pulum
644 4943 979 5000 instruente,
1004 4945 1073 4987 ne
1103 4929 1170 4984 ad
1203 4927 1585 4983 infidelitatem
1613 4942 1644 4982 a
1676 4926 1820 4982 malo
1845 4928 2008 4997 genio

418 5036 709 5107 pellectus,
735 5028 1163 5089 oblivisceretur
1216 5035 1370 5075 suam
1407 5018 1672 5091 magistro
1705 5018 2008 5076 infirmita-

421 5140 529 5182 lem
555 5126 804 5182 indicare
826 5111 1544 5174 adversusmacbinamenta
1567 5111 1775 5181 ipsius:
1797 5112 2005 5168 etenim

420 5220 525 5274 sibi
555 5215 810 5272 redditus
832 5208 1045 5267 Conon.
1074 5218 1269 5275 magno
1298 5218 1425 5258 cum
1458 5218 1699 5259 maerore
1727 5202 2005 5258 visionem

422 5311 583 5364 istam
614 5312 809 5361 saneto
840 5297 1077 5369 aperuit.

494 5401 615 5455 145.
675 5395 798 5451 Non
846 5390 1021 5447 multo
1077 5389 1368 5459 interiecto
1412 5395 1663 5457 tempore
1718 5387 1918 5443 Conon
1975 5404 2005 5443 a

418 5492 644 5550 diabolo
684 5499 977 5559 percussus
1021 5482 1354 5552 exspiravit:
1386 5479 1536 5551 quod
1570 5479 1665 5535 ubi
1719 5481 1787 5535 ad
1843 5498 2008 5538 aures

421 5583 715 5659 Symeonis
746 5576 1016 5652 pervenit,
1046 5591 1140 5631 cor
1176 5566 1370 5645 ingens
1390 5573 1550 5628 dolor
1596 5572 1819 5629 invasit.
1841 5574 2009 5631 Jubet

419 5696 550 5751 ergo
581 5673 857 5747 apportari
891 5680 1190 5735 mortuum,
1236 5668 1461 5723 allatum
1508 5666 1641 5735 poni
1706 5667 1860 5738 juxta
1917 5686 1998 5735 se,

490 5859 674 5918 “Job.
710 5879 750 5926 ι,
781 5860 876 5915 21.
956 5838 970 5849 ’

2116 4664 2236 4732 μετ’
2275 4664 2337 4717 οὗ
2396 4662 2531 4717 πολὺ
2587 4662 2888 4734 παράδοξον
2941 4663 3166 4735 ἔμελλεν
3224 4665 3311 4718 ἐπ’
3344 4664 3493 4736 αὐτῷ
3539 4667 3706 4737 γενή-

2114 4754 2301 4807 σεσθαι
2366 4755 2883 4826 προοικονομούσης,
2940 4756 2972 4826 ἢ
3025 4756 3118 4810 τὸν
3180 4756 3430 4828 μαθητὴν
3495 4756 3704 4826 μᾶλλον

2111 4847 2521 4917 οἰκοδομούσης.
2587 4846 2662 4918 μὴ
2716 4847 2852 4919 λάθῃ
2909 4848 3069 4919 παρὰ,
3110 4847 3205 4902 τοῦ
3266 4848 3501 4918 πονηροῦ
3560 4850 3702 4921 πρὸς

2113 4940 2368 4991 ἀπιστίαν
2408 4938 2727 5008 ὑποσυρεὶς,
2766 4940 3055 4994 ἀσθένειαν
3081 4941 3175 4994 τοῦ
3209 4941 3530 4995 διδασκάλου
3562 4942 3702 5012 πρὸς

2112 5030 2209 5094 τὰς
2241 5031 2450 5083 ἐκείνου
2484 5031 2730 5100 μηχανὰς
2756 5031 3105 5099 καταγνῶναι
3131 5048 3143 5061 ο
3178 5032 3207 5083 ό
3238 5032 3334 5102 μὲν
3365 5035 3474 5102 γὰρ
3513 5032 3704 5084 Κόνων

2112 5125 2192 5186 εἰς
2220 5122 2414 5175 ἑαυτὸν
2437 5121 2767 5187 ἐπανελθὼν,
2795 5124 3034 5194 ἀγωνίας
3063 5124 3259 5195 μεστὸς
3285 5123 3381 5196 τὴν
3402 5124 3523 5194 ὄψιν
3552 5122 3707 5196 αὑτῷ

2111 5212 2439 5284 ἐξηγήσατο.

2189 5400 2327 5464 ρμε’.
2344 5395 2417 5447 Οὐ
2451 5394 2585 5447 πολὺ
2612 5394 2668 5447 δὲ
2698 5394 2758 5448 τὸ
2776 5396 2836 5447 ὲν
2856 5395 3006 5467 μέσῳ
3031 5396 3126 5448 καὶ
3154 5395 3385 5467 τελευτᾷ
3417 5396 3517 5466 μὲν
3537 5397 3707 5464 αὐτὸς

2113 5488 2220 5540 ὑπὸ
2273 5485 2366 5539 τοῦ
2418 5487 2665 5541 διαϐόλου
2722 5487 2951 5557 πληγεὶς
2983 5490 3011 5541 ό
3047 5488 3235 5542 Κόνων
3263 5505 3278 5518 ⁶
3310 5489 3449 5561 ὅπερ
3475 5489 3555 5561 τῷ
3600 5490 3709 5543 Συ-

2118 5580 2262 5652 μεὼν
2315 5581 2601 5644 ἀκουσθὲν,
2636 5581 2811 5651 μέσης
2847 5579 3014 5634 αὐτοῦ
3052 5580 3394 5636 καθικνεῖται
3444 5581 3702 5656 καρδίας.

2125 5673 2183 5727 '0
2213 5672 2309 5725 δὲ’
2332 5673 2422 5727 τὸν
2477 5671 2673 5744 νεκρὸν
2736 5670 3090 5758 κομισθῆναι,
3126 5672 3220 5728 καὶ
3250 5672 3388 5744 πρὸς
3414 5671 3579 5729 αὑτοῦ
3608 5686 3705 5725 τεο
