  <div class='ocr_page' id='page_1' title='image "/cluster/home/n/w/nwhite01/storage/ocr_20150623/86:pt.2/coo.31924054869890/688.png"; bbox 0 0 4018 6392; ppageno 0'>
   <div class='ocr_carea' id='block_1_1' title="bbox 332 360 486 430">
    <p class='ocr_par' dir='ltr' id='par_1_1' title="bbox 332 360 486 430">
     <span class='ocr_line' id='line_1_1' title="bbox 332 360 486 430; baseline 0.013 -2"><span class='ocrx_word' id='word_1_1' title='bbox 332 360 486 430; x_wconf 67' lang='grc'>9121</span> 
     </span>
    </p>
   </div>
   <div class='ocr_carea' id='block_1_2' title="bbox 1350 365 2624 429">
    <p class='ocr_par' dir='ltr' id='par_1_2' title="bbox 1350 365 2624 429">
     <span class='ocr_line' id='line_1_2' title="bbox 1350 365 2624 429; baseline -0.002 0"><span class='ocrx_word' id='word_1_2' title='bbox 1350 367 1530 429; x_wconf 80' lang='grc' dir='ltr'>νιΤΑ</span> <span class='ocrx_word' id='word_1_3' title='bbox 1566 368 1615 427; x_wconf 84' lang='grc' dir='ltr'>Α</span> <span class='ocrx_word' id='word_1_4' title='bbox 1654 367 2099 428; x_wconf 83' lang='lat' dir='ltr'>NICEPHORO</span> <span class='ocrx_word' id='word_1_5' title='bbox 2137 365 2624 427; x_wconf 72' lang='lat' dir='ltr'>CONSCIllPTA.</span> 
     </span>
    </p>
   </div>
   <div class='ocr_carea' id='block_1_3' title="bbox 3484 350 3674 414">
    <p class='ocr_par' dir='ltr' id='par_1_3' title="bbox 3484 350 3674 414">
     <span class='ocr_line' id='line_1_3' title="bbox 3484 350 3674 414; baseline 0 -2"><span class='ocrx_word' id='word_1_6' title='bbox 3484 350 3674 414; x_wconf 63' lang='lat' dir='ltr'>3l22”</span> 
     </span>
    </p>
   </div>
   <div class='ocr_carea' id='block_1_4' title="bbox 334 460 1943 551">
    <p class='ocr_par' dir='ltr' id='par_1_4' title="bbox 334 460 1943 551">
     <span class='ocr_line' id='line_1_4' title="bbox 334 460 1943 551; baseline -0.002 -16"><span class='ocrx_word' id='word_1_7' title='bbox 334 481 536 548; x_wconf 75' lang='grc' dir='ltr'>θήναι,</span> <span class='ocrx_word' id='word_1_8' title='bbox 566 460 666 551; x_wconf 75' lang='grc' dir='ltr'>τὴν</span> <span class='ocrx_word' id='word_1_9' title='bbox 685 476 742 531; x_wconf 72' lang='grc' dir='ltr'>δὲ</span> <span class='ocrx_word' id='word_1_10' title='bbox 772 477 1109 550; x_wconf 77' lang='grc' dir='ltr'>δερματίνην</span> <span class='ocrx_word' id='word_1_11' title='bbox 1134 477 1228 531; x_wconf 89' lang='grc' dir='ltr'>τοῦ</span> <span class='ocrx_word' id='word_1_12' title='bbox 1275 477 1467 531; x_wconf 83' lang='grc' dir='ltr'>στύλον</span> <span class='ocrx_word' id='word_1_13' title='bbox 1505 478 1718 549; x_wconf 79' lang='grc' dir='ltr'>σκέπην</span> <span class='ocrx_word' id='word_1_14' title='bbox 1776 477 1943 550; x_wconf 80' lang='grc' dir='ltr'>ἀρθῆ-</span> 
     </span>
    </p>
   </div>
   <div class='ocr_carea' id='block_1_5' title="bbox 2049 460 3645 551">
    <p class='ocr_par' dir='ltr' id='par_1_5' title="bbox 2055 473 3645 548">
     <span class='ocr_line' id='line_1_5' title="bbox 2055 473 3645 548; baseline 0 -17"><span class='ocrx_word' id='word_1_15' title='bbox 2055 477 2359 548; x_wconf 90' lang='lat' dir='ltr'>pelliceum</span> <span class='ocrx_word' id='word_1_16' title='bbox 2390 477 2660 532; x_wconf 81' lang='lat' dir='ltr'>columme</span> <span class='ocrx_word' id='word_1_17' title='bbox 2692 482 2898 531; x_wconf 90' lang='lat' dir='ltr'>tectum</span> <span class='ocrx_word' id='word_1_18' title='bbox 2948 473 3233 541; x_wconf 78' lang='lat' dir='ltr'>amoveri;</span> <span class='ocrx_word' id='word_1_19' title='bbox 3268 478 3382 529; x_wconf 75' lang='lat' dir='ltr'>tum</span> <span class='ocrx_word' id='word_1_20' title='bbox 3435 474 3645 531; x_wconf 83' lang='lat' dir='ltr'>inlimis</span> 
     </span>
    </p>
   </div>
   <div class='ocr_carea' id='block_1_6' title="bbox 336 569 1948 641">
    <p class='ocr_par' dir='ltr' id='par_1_6' title="bbox 336 569 1948 641">
     <span class='ocr_line' id='line_1_6' title="bbox 336 569 1948 641; baseline 0.001 -19"><span class='ocrx_word' id='word_1_21' title='bbox 336 588 438 625; x_wconf 87' lang='grc' dir='ltr'>ναι</span> <span class='ocrx_word' id='word_1_22' title='bbox 462 569 755 635; x_wconf 82' lang='grc' dir='ltr'>κελεύσας,</span> <span class='ocrx_word' id='word_1_23' title='bbox 785 570 853 623; x_wconf 74' lang='grc' dir='ltr'>τὰ</span> <span class='ocrx_word' id='word_1_24' title='bbox 888 571 1175 641; x_wconf 74' lang='grc' dir='ltr'>σπλάγχνα</span> <span class='ocrx_word' id='word_1_25' title='bbox 1204 588 1264 622; x_wconf 89' lang='grc' dir='ltr'>τε</span> <span class='ocrx_word' id='word_1_26' title='bbox 1290 570 1481 633; x_wconf 83' lang='grc' dir='ltr'>δεινῶς</span> <span class='ocrx_word' id='word_1_27' title='bbox 1504 571 1599 624; x_wconf 78' lang='grc' dir='ltr'>ἐπὶ</span> <span class='ocrx_word' id='word_1_28' title='bbox 1643 571 1725 640; x_wconf 85' lang='grc' dir='ltr'>τῷ</span> <span class='ocrx_word' id='word_1_29' title='bbox 1755 570 1948 641; x_wconf 87' lang='grc' dir='ltr'>κειμέ-</span> 
     </span>
    </p>
   </div>
   <div class='ocr_carea' id='block_1_7' title="bbox 274 660 1948 733">
    <p class='ocr_par' dir='ltr' id='par_1_7' title="bbox 274 660 1948 733">
     <span class='ocr_line' id='line_1_7' title="bbox 274 660 1948 733; baseline 0.002 -20"><span class='ocrx_word' id='word_1_30' title='bbox 274 708 307 731; x_wconf 37' lang='grc' dir='ltr'>-ι</span> <span class='ocrx_word' id='word_1_31' title='bbox 338 679 429 731; x_wconf 85' lang='grc' dir='ltr'>νῳ</span> <span class='ocrx_word' id='word_1_32' title='bbox 462 660 656 715; x_wconf 81' lang='grc' dir='ltr'>παθὼν</span> <span class='ocrx_word' id='word_1_33' title='bbox 694 661 959 733; x_wconf 72' lang='grc' dir='ltr'>ὀδυνηρόν</span> <span class='ocrx_word' id='word_1_34' title='bbox 990 679 1047 715; x_wconf 90' lang='grc' dir='ltr'>τε</span> <span class='ocrx_word' id='word_1_35' title='bbox 1078 662 1199 715; x_wconf 84' lang='grc' dir='ltr'>λίαν</span> <span class='ocrx_word' id='word_1_36' title='bbox 1228 662 1508 731; x_wconf 77' lang='grc' dir='ltr'>δακρύσας</span> <span class='ocrx_word' id='word_1_37' title='bbox 1541 663 1637 716; x_wconf 89' lang='lat' dir='ltr'>xui</span> <span class='ocrx_word' id='word_1_38' title='bbox 1670 662 1948 718; x_wconf 84' lang='grc' dir='ltr'>ἀνακλαύ-</span> 
     </span>
    </p>
   </div>
   <div class='ocr_carea' id='block_1_8' title="bbox 338 753 1948 824">
    <p class='ocr_par' dir='ltr' id='par_1_8' title="bbox 338 753 1948 824">
     <span class='ocr_line' id='line_1_8' title="bbox 338 753 1948 824; baseline 0.001 -19"><span class='ocrx_word' id='word_1_39' title='bbox 338 771 473 817; x_wconf 82' lang='grc' dir='ltr'>σας,</span> <span class='ocrx_word' id='word_1_40' title='bbox 526 753 729 821; x_wconf 70' lang='grc' dir='ltr'>γόνατά</span> <span class='ocrx_word' id='word_1_41' title='bbox 782 771 844 806; x_wconf 87' lang='grc' dir='ltr'>τε</span> <span class='ocrx_word' id='word_1_42' title='bbox 885 754 1010 817; x_wconf 74' lang='grc' dir='ltr'>δοὺς</span> <span class='ocrx_word' id='word_1_43' title='bbox 1042 754 1229 822; x_wconf 73' lang='grc' dir='ltr'>ἐδάφει</span> <span class='ocrx_word' id='word_1_44' title='bbox 1278 755 1376 806; x_wconf 75' lang='grc' dir='ltr'>καὶ</span> <span class='ocrx_word' id='word_1_45' title='bbox 1427 754 1583 824; x_wconf 69' lang='grc' dir='ltr'>ὄψεις</span> <span class='ocrx_word' id='word_1_46' title='bbox 1625 794 1640 817; x_wconf 90' lang='grc'>,</span> <span class='ocrx_word' id='word_1_47' title='bbox 1701 753 1948 808; x_wconf 78' lang='grc' dir='ltr'>Δέσποτα</span> 
     </span>
    </p>
   </div>
   <div class='ocr_carea' id='block_1_9' title="bbox 339 841 1949 916">
    <p class='ocr_par' dir='ltr' id='par_1_9' title="bbox 339 841 1949 916">
     <span class='ocr_line' id='line_1_9' title="bbox 339 841 1949 916; baseline 0.001 -19"><span class='ocrx_word' id='word_1_48' title='bbox 339 847 760 916; x_wconf 82' lang='grc' dir='ltr'>παντοκράτορ,</span> <span class='ocrx_word' id='word_1_49' title='bbox 791 841 971 906; x_wconf 82' lang='grc' dir='ltr'>εἶπεν,</span> <span class='ocrx_word' id='word_1_50' title='bbox 1006 847 1033 898; x_wconf 99' lang='lat'>6</span> <span class='ocrx_word' id='word_1_51' title='bbox 1061 847 1298 915; x_wconf 82' lang='grc' dir='ltr'>ποιήσας</span> <span class='ocrx_word' id='word_1_52' title='bbox 1325 844 1420 897; x_wconf 78' lang='grc' dir='ltr'>τὸν</span> <span class='ocrx_word' id='word_1_53' title='bbox 1455 844 1687 914; x_wconf 83' lang='grc' dir='ltr'>οὐρανὸν</span> <span class='ocrx_word' id='word_1_54' title='bbox 1712 846 1807 897; x_wconf 83' lang='lat' dir='ltr'>xui</span> <span class='ocrx_word' id='word_1_55' title='bbox 1843 847 1949 916; x_wconf 85' lang='grc' dir='ltr'>πή-</span> 
     </span>
    </p>
   </div>
   <div class='ocr_carea' id='block_1_10' title="bbox 335 934 1948 1009">
    <p class='ocr_par' dir='ltr' id='par_1_10' title="bbox 335 934 1948 1009">
     <span class='ocr_line' id='line_1_10' title="bbox 335 934 1948 1009; baseline 0.001 -20"><span class='ocrx_word' id='word_1_56' title='bbox 335 934 449 1000; x_wconf 80' lang='grc' dir='ltr'>ξας</span> <span class='ocrx_word' id='word_1_57' title='bbox 480 938 665 1000; x_wconf 77' lang='grc' dir='ltr'>αὑτὸν,</span> <span class='ocrx_word' id='word_1_58' title='bbox 697 938 725 990; x_wconf 84' lang='lat'>6</span> <span class='ocrx_word' id='word_1_59' title='bbox 786 936 1099 1006; x_wconf 75' lang='grc' dir='ltr'>στερεώσας</span> <span class='ocrx_word' id='word_1_60' title='bbox 1121 936 1220 1006; x_wconf 82' lang='grc' dir='ltr'>τὴν</span> <span class='ocrx_word' id='word_1_61' title='bbox 1240 940 1344 1007; x_wconf 86' lang='grc' dir='ltr'>γῆν</span> <span class='ocrx_word' id='word_1_62' title='bbox 1381 937 1473 991; x_wconf 85' lang='lat' dir='ltr'>xui</span> <span class='ocrx_word' id='word_1_63' title='bbox 1527 938 1595 991; x_wconf 79' lang='grc' dir='ltr'>τά</span> <span class='ocrx_word' id='word_1_64' title='bbox 1630 939 1688 990; x_wconf 77' lang='grc' dir='ltr'>ἐν</span> <span class='ocrx_word' id='word_1_65' title='bbox 1722 938 1882 1009; x_wconf 74' lang='grc' dir='ltr'>αὐτῇ,</span> <span class='ocrx_word' id='word_1_66' title='bbox 1919 939 1948 991; x_wconf 89' lang='lat'>6</span> 
     </span>
    </p>
   </div>
   <div class='ocr_carea' id='block_1_11' title="bbox 330 1028 1949 1102">
    <p class='ocr_par' dir='ltr' id='par_1_11' title="bbox 330 1028 1949 1102">
     <span class='ocr_line' id='line_1_11' title="bbox 330 1028 1949 1102; baseline 0.001 -22"><span class='ocrx_word' id='word_1_67' title='bbox 330 1028 530 1091; x_wconf 72' lang='grc' dir='ltr'>διδοὺς</span> <span class='ocrx_word' id='word_1_68' title='bbox 565 1029 735 1100; x_wconf 83' lang='grc' dir='ltr'>πνοὴν</span> <span class='ocrx_word' id='word_1_69' title='bbox 761 1029 839 1100; x_wconf 78' lang='grc' dir='ltr'>τῷ</span> <span class='ocrx_word' id='word_1_70' title='bbox 864 1029 981 1101; x_wconf 80' lang='grc' dir='ltr'>λαῷ</span> <span class='ocrx_word' id='word_1_71' title='bbox 1008 1029 1086 1100; x_wconf 83' lang='grc' dir='ltr'>τῷ</span> <span class='ocrx_word' id='word_1_72' title='bbox 1126 1030 1212 1081; x_wconf 75' lang='grc' dir='ltr'>ἐπ’</span> <span class='ocrx_word' id='word_1_73' title='bbox 1243 1030 1415 1099; x_wconf 77' lang='grc' dir='ltr'>αὐτῆς</span> <span class='ocrx_word' id='word_1_74' title='bbox 1447 1031 1539 1083; x_wconf 85' lang='lat' dir='ltr'>xui</span> <span class='ocrx_word' id='word_1_75' title='bbox 1575 1031 1795 1102; x_wconf 84' lang='grc' dir='ltr'>πνεῦμα</span> <span class='ocrx_word' id='word_1_76' title='bbox 1834 1034 1949 1095; x_wconf 85' lang='grc' dir='ltr'>τοῖς</span> 
     </span>
    </p>
   </div>
   <div class='ocr_carea' id='block_1_12' title="bbox 333 1122 1950 1194">
    <p class='ocr_par' dir='ltr' id='par_1_12' title="bbox 333 1122 1950 1194">
     <span class='ocr_line' id='line_1_12' title="bbox 333 1122 1950 1194; baseline 0.002 -19"><span class='ocrx_word' id='word_1_77' title='bbox 333 1122 614 1176; x_wconf 77' lang='grc' dir='ltr'>πατοῦσιν</span> <span class='ocrx_word' id='word_1_78' title='bbox 644 1124 835 1194; x_wconf 80' lang='grc' dir='ltr'>αὐτὴν.</span> <span class='ocrx_word' id='word_1_79' title='bbox 867 1127 896 1177; x_wconf 90' lang='lat'>6</span> <span class='ocrx_word' id='word_1_80' title='bbox 922 1125 1245 1193; x_wconf 76' lang='grc' dir='ltr'>έκστρέφων</span> <span class='ocrx_word' id='word_1_81' title='bbox 1282 1126 1363 1190; x_wconf 88' lang='grc' dir='ltr'>είς</span> <span class='ocrx_word' id='word_1_82' title='bbox 1395 1124 1538 1193; x_wconf 71' lang='grc' dir='ltr'>πρωῒ</span> <span class='ocrx_word' id='word_1_83' title='bbox 1585 1126 1746 1178; x_wconf 85' lang='grc' dir='ltr'>σκιάν</span> <span class='ocrx_word' id='word_1_84' title='bbox 1781 1124 1950 1179; x_wconf 83' lang='grc' dir='ltr'>Θανά-</span> 
     </span>
    </p>
   </div>
   <div class='ocr_carea' id='block_1_13' title="bbox 329 1211 1947 1287">
    <p class='ocr_par' dir='ltr' id='par_1_13' title="bbox 329 1211 1947 1287">
     <span class='ocr_line' id='line_1_13' title="bbox 329 1211 1947 1287; baseline 0.002 -19"><span class='ocrx_word' id='word_1_85' title='bbox 329 1232 444 1268; x_wconf 81' lang='grc' dir='ltr'>του</span> <span class='ocrx_word' id='word_1_86' title='bbox 499 1215 592 1269; x_wconf 90' lang='lat' dir='ltr'>xui</span> <span class='ocrx_word' id='word_1_87' title='bbox 649 1216 868 1287; x_wconf 79' lang='grc' dir='ltr'>ἡμέραν</span> <span class='ocrx_word' id='word_1_88' title='bbox 906 1219 985 1281; x_wconf 91' lang='grc' dir='ltr'>είς</span> <span class='ocrx_word' id='word_1_89' title='bbox 1037 1218 1212 1272; x_wconf 80' lang='grc' dir='ltr'>νύκτα</span> <span class='ocrx_word' id='word_1_90' title='bbox 1289 1219 1592 1284; x_wconf 78' lang='grc' dir='ltr'>σκοτάζων,</span> <span class='ocrx_word' id='word_1_91' title='bbox 1629 1220 1662 1272; x_wconf 78' lang='grc' dir='ltr'><em>ὅ</em></span> <span class='ocrx_word' id='word_1_92' title='bbox 1697 1211 1947 1273; x_wconf 64' lang='grc' dir='ltr'>θαίνατῶν</span> 
     </span>
    </p>
   </div>
   <div class='ocr_carea' id='block_1_14' title="bbox 331 1305 1945 1381">
    <p class='ocr_par' dir='ltr' id='par_1_14' title="bbox 331 1305 1945 1381">
     <span class='ocr_line' id='line_1_14' title="bbox 331 1305 1945 1381; baseline 0.003 -21"><span class='ocrx_word' id='word_1_93' title='bbox 331 1308 445 1361; x_wconf 77' lang='grc' dir='ltr'>καὶ</span> <span class='ocrx_word' id='word_1_94' title='bbox 506 1305 811 1376; x_wconf 77' lang='grc' dir='ltr'>ζωογονῶν,</span> <span class='ocrx_word' id='word_1_95' title='bbox 843 1312 871 1363; x_wconf 89' lang='lat'>6</span> <span class='ocrx_word' id='word_1_96' title='bbox 926 1311 1009 1374; x_wconf 84' lang='grc' dir='ltr'>είς</span> <span class='ocrx_word' id='word_1_97' title='bbox 1067 1309 1197 1381; x_wconf 75' lang='grc' dir='ltr'>ᾅδου</span> <span class='ocrx_word' id='word_1_98' title='bbox 1263 1312 1527 1378; x_wconf 75' lang='grc' dir='ltr'>κατάγων</span> <span class='ocrx_word' id='word_1_99' title='bbox 1561 1312 1657 1365; x_wconf 82' lang='lat' dir='ltr'>xui</span> <span class='ocrx_word' id='word_1_100' title='bbox 1702 1312 1945 1380; x_wconf 81' lang='grc' dir='ltr'>ἀνάγων,</span> 
     </span>
    </p>
   </div>
   <div class='ocr_carea' id='block_1_15' title="bbox 336 1400 1947 1472">
    <p class='ocr_par' dir='ltr' id='par_1_15' title="bbox 336 1400 1947 1472">
     <span class='ocr_line' id='line_1_15' title="bbox 336 1400 1947 1472; baseline 0.004 -20"><span class='ocrx_word' id='word_1_101' title='bbox 336 1400 594 1453; x_wconf 78' lang='grc' dir='ltr'>πνεῦσον</span> <span class='ocrx_word' id='word_1_102' title='bbox 651 1400 744 1454; x_wconf 72' lang='grc' dir='ltr'>ἐπὶ</span> <span class='ocrx_word' id='word_1_103' title='bbox 793 1403 857 1455; x_wconf 84' lang='grc' dir='ltr'>τὸ</span> <span class='ocrx_word' id='word_1_104' title='bbox 910 1402 1105 1472; x_wconf 78' lang='grc' dir='ltr'>νεκρὸν</span> <span class='ocrx_word' id='word_1_105' title='bbox 1140 1403 1301 1471; x_wconf 80' lang='grc' dir='ltr'>σῶμα</span> <span class='ocrx_word' id='word_1_106' title='bbox 1348 1402 1514 1458; x_wconf 86' lang='grc' dir='ltr'>τοῦτο</span> <span class='ocrx_word' id='word_1_107' title='bbox 1557 1405 1653 1457; x_wconf 91' lang='grc' dir='ltr'>τοῦ</span> <span class='ocrx_word' id='word_1_108' title='bbox 1679 1404 1947 1469; x_wconf 84' lang='grc' dir='ltr'>ζωοποιοῦ</span> 
     </span>
    </p>
   </div>
   <div class='ocr_carea' id='block_1_16' title="bbox 331 1492 1947 1570">
    <p class='ocr_par' dir='ltr' id='par_1_16' title="bbox 331 1492 1947 1570">
     <span class='ocr_line' id='line_1_16' title="bbox 331 1492 1947 1570; baseline 0.002 -25"><span class='ocrx_word' id='word_1_109' title='bbox 331 1492 671 1562; x_wconf 81' lang='grc' dir='ltr'>Πνεύματός</span> <span class='ocrx_word' id='word_1_110' title='bbox 720 1510 839 1552; x_wconf 84' lang='grc' dir='ltr'>σου,</span> <span class='ocrx_word' id='word_1_111' title='bbox 874 1495 966 1547; x_wconf 85' lang='lat' dir='ltr'>xui</span> <span class='ocrx_word' id='word_1_112' title='bbox 1007 1495 1452 1565; x_wconf 84' lang='grc' dir='ltr'>ἁποκαταστήτω</span> <span class='ocrx_word' id='word_1_113' title='bbox 1501 1495 1651 1568; x_wconf 80' lang='grc' dir='ltr'>αύτῷ</span> <span class='ocrx_word' id='word_1_114' title='bbox 1701 1497 1734 1566; x_wconf 78' lang='grc' dir='ltr'><strong>ἡ</strong></span> <span class='ocrx_word' id='word_1_115' title='bbox 1799 1495 1947 1570; x_wconf 73' lang='grc' dir='ltr'>ψυχὴ</span> 
     </span>
    </p>
   </div>
   <div class='ocr_carea' id='block_1_17' title="bbox 330 1585 1949 1660">
    <p class='ocr_par' dir='ltr' id='par_1_17' title="bbox 330 1585 1949 1660">
     <span class='ocr_line' id='line_1_17' title="bbox 330 1585 1949 1660; baseline 0.001 -20"><span class='ocrx_word' id='word_1_116' title='bbox 330 1586 544 1648; x_wconf 75' lang='grc' dir='ltr'>αὑτοῦ,</span> <span class='ocrx_word' id='word_1_117' title='bbox 578 1585 722 1638; x_wconf 83' lang='grc' dir='ltr'>ὥστε</span> <span class='ocrx_word' id='word_1_118' title='bbox 756 1585 991 1656; x_wconf 83' lang='grc' dir='ltr'>λαλῆσαι</span> <span class='ocrx_word' id='word_1_119' title='bbox 1022 1589 1149 1650; x_wconf 80' lang='grc' dir='ltr'>τοὺς</span> <span class='ocrx_word' id='word_1_120' title='bbox 1178 1589 1329 1651; x_wconf 73' lang='grc' dir='ltr'>υἱοὺς</span> <span class='ocrx_word' id='word_1_121' title='bbox 1356 1587 1466 1640; x_wconf 83' lang='grc' dir='ltr'>τῶν</span> <span class='ocrx_word' id='word_1_122' title='bbox 1517 1588 1821 1659; x_wconf 80' lang='grc' dir='ltr'>ἀνθρώπων</span> <span class='ocrx_word' id='word_1_123' title='bbox 1850 1589 1949 1660; x_wconf 87' lang='grc' dir='ltr'>τὴν</span> 
     </span>
    </p>
   </div>
   <div class='ocr_carea' id='block_1_18' title="bbox 330 1676 1948 1751">
    <p class='ocr_par' dir='ltr' id='par_1_18' title="bbox 330 1676 1948 1751">
     <span class='ocr_line' id='line_1_18' title="bbox 330 1676 1948 1751; baseline 0.003 -22"><span class='ocrx_word' id='word_1_124' title='bbox 330 1676 674 1730; x_wconf 78' lang='grc' dir='ltr'>δυναστείαν</span> <span class='ocrx_word' id='word_1_125' title='bbox 706 1695 823 1741; x_wconf 88' lang='grc' dir='ltr'>σου,</span> <span class='ocrx_word' id='word_1_126' title='bbox 859 1679 953 1731; x_wconf 68' lang='grc' dir='ltr'>καὶ</span> <span class='ocrx_word' id='word_1_127' title='bbox 992 1679 1093 1749; x_wconf 79' lang='grc' dir='ltr'>τὴν</span> <span class='ocrx_word' id='word_1_128' title='bbox 1124 1679 1281 1744; x_wconf 74' lang='grc' dir='ltr'>δόξαν</span> <span class='ocrx_word' id='word_1_129' title='bbox 1315 1679 1416 1748; x_wconf 86' lang='grc' dir='ltr'>τῆς</span> <span class='ocrx_word' id='word_1_130' title='bbox 1464 1680 1948 1751; x_wconf 78' lang='grc' dir='ltr'>μεγαλοπρεπείας</span> 
     </span>
    </p>
   </div>
   <div class='ocr_carea' id='block_1_19' title="bbox 328 1766 1946 1840">
    <p class='ocr_par' dir='ltr' id='par_1_19' title="bbox 328 1766 1946 1840">
     <span class='ocr_line' id='line_1_19' title="bbox 328 1766 1946 1840; baseline 0.004 -20"><span class='ocrx_word' id='word_1_131' title='bbox 328 1768 448 1837; x_wconf 80' lang='grc' dir='ltr'>τῆς</span> <span class='ocrx_word' id='word_1_132' title='bbox 485 1766 767 1837; x_wconf 77' lang='grc' dir='ltr'>βασιλείας</span> <span class='ocrx_word' id='word_1_133' title='bbox 822 1786 940 1822; x_wconf 87' lang='grc' dir='ltr'>σου.</span> <span class='ocrx_word' id='word_1_134' title='bbox 975 1769 1163 1823; x_wconf 89' lang='grc' dir='ltr'>Ταῦτα</span> <span class='ocrx_word' id='word_1_135' title='bbox 1218 1769 1664 1840; x_wconf 82' lang='grc' dir='ltr'>προσευξάμενος</span> <span class='ocrx_word' id='word_1_136' title='bbox 1700 1773 1794 1826; x_wconf 76' lang='grc' dir='ltr'>καὶ</span> <span class='ocrx_word' id='word_1_137' title='bbox 1828 1772 1946 1827; x_wconf 87' lang='grc' dir='ltr'>δια-</span> 
     </span>
    </p>
   </div>
   <div class='ocr_carea' id='block_1_20' title="bbox 326 1836 2021 1939">
    <p class='ocr_par' dir='ltr' id='par_1_20' title="bbox 326 1836 2021 1939">
     <span class='ocr_line' id='line_1_20' title="bbox 326 1836 2021 1939; baseline 0.005 -28"><span class='ocrx_word' id='word_1_138' title='bbox 326 1836 575 1922; x_wconf 70' lang='grc' dir='ltr'>ναστάς,</span> <span class='ocrx_word' id='word_1_139' title='bbox 602 1861 816 1929; x_wconf 79' lang='grc' dir='ltr'>μεγάλῃ</span> <span class='ocrx_word' id='word_1_140' title='bbox 843 1859 918 1923; x_wconf 83' lang='grc' dir='ltr'>ὡς</span> <span class='ocrx_word' id='word_1_141' title='bbox 952 1855 1122 1931; x_wconf 58' lang='grc' dir='ltr'>εἶχεν,</span> <span class='ocrx_word' id='word_1_142' title='bbox 1164 1836 1336 1916; x_wconf 77' lang='grc' dir='ltr'>’Δϐϐᾶ</span> <span class='ocrx_word' id='word_1_143' title='bbox 1372 1836 1583 1927; x_wconf 71' lang='grc' dir='ltr'>Κόνων,</span> <span class='ocrx_word' id='word_1_144' title='bbox 1626 1850 1941 1939; x_wconf 49' lang='grc' dir='ltr'>ὲϐόησείτῇ</span> <span class='ocrx_word' id='word_1_145' title='bbox 1977 1836 2021 1892; x_wconf 74' lang='grc' dir='ltr'><strong>Β</strong></span> 
     </span>
    </p>
   </div>
   <div class='ocr_carea' id='block_1_21' title="bbox 328 1948 1945 2026">
    <p class='ocr_par' dir='ltr' id='par_1_21' title="bbox 328 1948 1945 2026">
     <span class='ocr_line' id='line_1_21' title="bbox 328 1948 1945 2026; baseline 0.005 -23"><span class='ocrx_word' id='word_1_146' title='bbox 328 1953 527 2020; x_wconf 76' lang='grc' dir='ltr'>φωνῇ,</span> <span class='ocrx_word' id='word_1_147' title='bbox 569 1950 627 2003; x_wconf 86' lang='grc'>’0</span> <span class='ocrx_word' id='word_1_148' title='bbox 651 1951 709 2003; x_wconf 79' lang='grc' dir='ltr'>δὲ</span> <span class='ocrx_word' id='word_1_149' title='bbox 760 1948 829 2022; x_wconf 79' lang='grc' dir='ltr'>ἦν</span> <span class='ocrx_word' id='word_1_150' title='bbox 888 1952 1117 2023; x_wconf 69' lang='grc' dir='ltr'>ἄψυχος,</span> <span class='ocrx_word' id='word_1_151' title='bbox 1151 1954 1312 2021; x_wconf 85' lang='grc' dir='ltr'>σῶμα</span> <span class='ocrx_word' id='word_1_152' title='bbox 1360 1954 1670 2026; x_wconf 78' lang='grc' dir='ltr'>αἰσθήσεώς</span> <span class='ocrx_word' id='word_1_153' title='bbox 1733 1974 1796 2011; x_wconf 89' lang='grc' dir='ltr'>τε</span> <span class='ocrx_word' id='word_1_154' title='bbox 1849 1959 1945 2011; x_wconf 86' lang='lat' dir='ltr'>xui</span> 
     </span>
    </p>
   </div>
   <div class='ocr_carea' id='block_1_22' title="bbox 331 2043 1944 2116">
    <p class='ocr_par' dir='ltr' id='par_1_22' title="bbox 331 2043 1944 2116">
     <span class='ocr_line' id='line_1_22' title="bbox 331 2043 1944 2116; baseline 0.007 -23"><span class='ocrx_word' id='word_1_155' title='bbox 331 2046 523 2113; x_wconf 81' lang='grc' dir='ltr'>πνοῆς</span> <span class='ocrx_word' id='word_1_156' title='bbox 554 2043 783 2114; x_wconf 74' lang='grc' dir='ltr'>ἔρημον.</span> <span class='ocrx_word' id='word_1_157' title='bbox 806 2044 986 2101; x_wconf 83' lang='grc' dir='ltr'>Τοῦδὲ</span> <span class='ocrx_word' id='word_1_158' title='bbox 1010 2048 1076 2114; x_wconf 81' lang='grc' dir='ltr'>τῇ</span> <span class='ocrx_word' id='word_1_159' title='bbox 1115 2048 1184 2116; x_wconf 83' lang='grc' dir='ltr'>γῇ</span> <span class='ocrx_word' id='word_1_160' title='bbox 1236 2046 1399 2098; x_wconf 83' lang='grc' dir='ltr'>πάλιν</span> <span class='ocrx_word' id='word_1_161' title='bbox 1446 2046 1639 2100; x_wconf 80' lang='grc' dir='ltr'>ἑαυτὸν</span> <span class='ocrx_word' id='word_1_162' title='bbox 1678 2048 1774 2102; x_wconf 90' lang='grc' dir='ltr'>τοῦ</span> <span class='ocrx_word' id='word_1_163' title='bbox 1836 2050 1944 2104; x_wconf 85' lang='grc' dir='ltr'>Συ-</span> 
     </span>
    </p>
   </div>
   <div class='ocr_carea' id='block_1_23' title="bbox 329 2137 1947 2216">
    <p class='ocr_par' dir='ltr' id='par_1_23' title="bbox 329 2137 1947 2216">
     <span class='ocr_line' id='line_1_23' title="bbox 329 2137 1947 2216; baseline 0.006 -26"><span class='ocrx_word' id='word_1_164' title='bbox 329 2137 501 2208; x_wconf 80' lang='grc' dir='ltr'>μεὼν</span> <span class='ocrx_word' id='word_1_165' title='bbox 555 2140 870 2205; x_wconf 78' lang='grc' dir='ltr'>δεδωκότος,</span> <span class='ocrx_word' id='word_1_166' title='bbox 897 2142 965 2194; x_wconf 70' lang='grc' dir='ltr'>τὰ</span> <span class='ocrx_word' id='word_1_167' title='bbox 1017 2142 1164 2196; x_wconf 83' lang='grc' dir='ltr'>αὑτά</span> <span class='ocrx_word' id='word_1_168' title='bbox 1224 2160 1283 2196; x_wconf 86' lang='grc' dir='ltr'>τε</span> <span class='ocrx_word' id='word_1_169' title='bbox 1350 2144 1817 2216; x_wconf 80' lang='grc' dir='ltr'>προσευξαμένου,</span> <span class='ocrx_word' id='word_1_170' title='bbox 1849 2147 1947 2201; x_wconf 77' lang='grc' dir='ltr'>καὶ</span> 
     </span>
    </p>
   </div>
   <div class='ocr_carea' id='block_1_24' title="bbox 328 2231 1945 2307">
    <p class='ocr_par' dir='ltr' id='par_1_24' title="bbox 328 2231 1945 2307">
     <span class='ocr_line' id='line_1_24' title="bbox 328 2231 1945 2307; baseline 0.009 -25"><span class='ocrx_word' id='word_1_171' title='bbox 328 2231 707 2302; x_wconf 59' lang='grc' dir='ltr'>παραπλησία</span> <span class='ocrx_word' id='word_1_172' title='bbox 729 2236 880 2304; x_wconf 84' lang='grc' dir='ltr'>φωνῇ</span> <span class='ocrx_word' id='word_1_173' title='bbox 905 2233 1066 2287; x_wconf 84' lang='grc' dir='ltr'>πάλιν</span> <span class='ocrx_word' id='word_1_174' title='bbox 1087 2236 1179 2288; x_wconf 76' lang='grc' dir='ltr'>τὸν</span> <span class='ocrx_word' id='word_1_175' title='bbox 1204 2234 1458 2307; x_wconf 77' lang='grc' dir='ltr'>μαθητὴν</span> <span class='ocrx_word' id='word_1_176' title='bbox 1477 2238 1811 2303; x_wconf 87' lang='grc' dir='ltr'>καλέσαντος</span> <span class='ocrx_word' id='word_1_177' title='bbox 1864 2241 1945 2296; x_wconf 77' lang='grc' dir='ltr'>ἔτι</span> 
     </span>
    </p>
   </div>
   <div class='ocr_carea' id='block_1_25' title="bbox 321 2322 1947 2407">
    <p class='ocr_par' dir='ltr' id='par_1_25' title="bbox 321 2322 1947 2407">
     <span class='ocr_line' id='line_1_25' title="bbox 321 2322 1947 2407; baseline 0.009 -30"><span class='ocrx_word' id='word_1_178' title='bbox 321 2322 542 2392; x_wconf 80' lang='grc' dir='ltr'>νεκρὸς</span> <span class='ocrx_word' id='word_1_179' title='bbox 553 2324 795 2394; x_wconf 84' lang='grc' dir='ltr'>ἀκριϐῶς</span> <span class='ocrx_word' id='word_1_180' title='bbox 812 2328 839 2380; x_wconf 86' lang='lat'>6</span> <span class='ocrx_word' id='word_1_181' title='bbox 854 2327 1048 2398; x_wconf 76' lang='grc' dir='ltr'>νεκρὸς</span> <span class='ocrx_word' id='word_1_182' title='bbox 1071 2324 1160 2401; x_wconf 81' lang='grc' dir='ltr'>ἦν.</span> <span class='ocrx_word' id='word_1_183' title='bbox 1200 2327 1405 2382; x_wconf 85' lang='grc' dir='ltr'>Γόνατα</span> <span class='ocrx_word' id='word_1_184' title='bbox 1420 2329 1515 2381; x_wconf 87' lang='lat' dir='ltr'>xui</span> <span class='ocrx_word' id='word_1_185' title='bbox 1530 2332 1772 2407; x_wconf 84' lang='grc' dir='ltr'>κεφαλὴν</span> <span class='ocrx_word' id='word_1_186' title='bbox 1791 2331 1947 2401; x_wconf 77' lang='grc' dir='ltr'>αὖθις</span> 
     </span>
    </p>
   </div>
   <div class='ocr_carea' id='block_1_26' title="bbox 326 2414 1951 2495">
    <p class='ocr_par' dir='ltr' id='par_1_26' title="bbox 326 2414 1951 2495">
     <span class='ocr_line' id='line_1_26' title="bbox 326 2414 1951 2495; baseline 0.009 -27"><span class='ocrx_word' id='word_1_187' title='bbox 326 2414 641 2484; x_wconf 78' lang='grc' dir='ltr'>κολληοεὶς</span> <span class='ocrx_word' id='word_1_188' title='bbox 683 2417 761 2487; x_wconf 84' lang='grc' dir='ltr'>τῷ</span> <span class='ocrx_word' id='word_1_189' title='bbox 808 2419 1020 2489; x_wconf 75' lang='grc' dir='ltr'>ἐδάφει,</span> <span class='ocrx_word' id='word_1_190' title='bbox 1069 2421 1472 2495; x_wconf 75' lang='grc' dir='ltr'>συντονώτερον</span> <span class='ocrx_word' id='word_1_191' title='bbox 1532 2443 1593 2480; x_wconf 85' lang='grc' dir='ltr'>τε</span> <span class='ocrx_word' id='word_1_192' title='bbox 1658 2428 1753 2481; x_wconf 89' lang='grc' dir='ltr'>τοῦ</span> <span class='ocrx_word' id='word_1_193' title='bbox 1807 2428 1951 2483; x_wconf 85' lang='grc' dir='ltr'>Θεοῦ</span> 
     </span>
    </p>
   </div>
   <div class='ocr_carea' id='block_1_27' title="bbox 322 2506 1944 2592">
    <p class='ocr_par' dir='ltr' id='par_1_27' title="bbox 322 2506 1944 2592">
     <span class='ocr_line' id='line_1_27' title="bbox 322 2506 1944 2592; baseline 0.011 -34"><span class='ocrx_word' id='word_1_194' title='bbox 322 2506 583 2577; x_wconf 75' lang='grc' dir='ltr'>δεηθεὶς,</span> <span class='ocrx_word' id='word_1_195' title='bbox 624 2509 817 2564; x_wconf 76' lang='grc' dir='ltr'>ἔπειτα</span> <span class='ocrx_word' id='word_1_196' title='bbox 851 2512 1035 2581; x_wconf 83' lang='grc' dir='ltr'>μέντοι</span> <span class='ocrx_word' id='word_1_197' title='bbox 1080 2516 1314 2587; x_wconf 84' lang='grc' dir='ltr'>καρδίαν</span> <span class='ocrx_word' id='word_1_198' title='bbox 1350 2518 1468 2584; x_wconf 77' lang='grc' dir='ltr'>ἅμα</span> <span class='ocrx_word' id='word_1_199' title='bbox 1497 2521 1592 2572; x_wconf 82' lang='lat' dir='ltr'>xui</span> <span class='ocrx_word' id='word_1_200' title='bbox 1624 2520 1944 2592; x_wconf 78' lang='grc' dir='ltr'>ὀφθαλμοὺς</span> 
     </span>
    </p>
   </div>
   <div class='ocr_carea' id='block_1_28' title="bbox 323 2600 1947 2686">
    <p class='ocr_par' dir='ltr' id='par_1_28' title="bbox 323 2600 1947 2686">
     <span class='ocr_line' id='line_1_28' title="bbox 323 2600 1947 2686; baseline 0.01 -34"><span class='ocrx_word' id='word_1_201' title='bbox 323 2600 426 2663; x_wconf 82' lang='grc' dir='ltr'>είς</span> <span class='ocrx_word' id='word_1_202' title='bbox 459 2602 723 2671; x_wconf 75' lang='grc' dir='ltr'>οὐρανοὺς</span> <span class='ocrx_word' id='word_1_203' title='bbox 761 2604 1075 2668; x_wconf 81' lang='grc' dir='ltr'>ἀνατείνας,</span> <span class='ocrx_word' id='word_1_204' title='bbox 1110 2609 1300 2678; x_wconf 64' lang='grc' dir='ltr'>φωνήν</span> <span class='ocrx_word' id='word_1_205' title='bbox 1345 2628 1404 2663; x_wconf 90' lang='grc' dir='ltr'>τε</span> <span class='ocrx_word' id='word_1_206' title='bbox 1436 2610 1673 2683; x_wconf 87' lang='grc' dir='ltr'>δάκρυσι</span> <span class='ocrx_word' id='word_1_207' title='bbox 1718 2612 1947 2686; x_wconf 77' lang='grc' dir='ltr'>θερμοῖς</span> 
     </span>
    </p>
   </div>
   <div class='ocr_carea' id='block_1_29' title="bbox 325 2696 1947 2776">
    <p class='ocr_par' dir='ltr' id='par_1_29' title="bbox 325 2696 1947 2776">
     <span class='ocr_line' id='line_1_29' title="bbox 325 2696 1947 2776; baseline 0.009 -29"><span class='ocrx_word' id='word_1_208' title='bbox 325 2696 765 2766; x_wconf 78' lang='grc' dir='ltr'>κεκερασμένην</span> <span class='ocrx_word' id='word_1_209' title='bbox 797 2698 977 2766; x_wconf 67' lang='grc' dir='ltr'>ἀφεὶς,</span> <span class='ocrx_word' id='word_1_210' title='bbox 998 2699 1063 2751; x_wconf 86' lang='lat' dir='ltr'>&#39;H</span> <span class='ocrx_word' id='word_1_211' title='bbox 1094 2699 1188 2753; x_wconf 90' lang='grc' dir='ltr'>τοῦ</span> <span class='ocrx_word' id='word_1_212' title='bbox 1221 2700 1357 2754; x_wconf 88' lang='grc' dir='ltr'>Θεοῦ</span> <span class='ocrx_word' id='word_1_213' title='bbox 1383 2704 1594 2776; x_wconf 82' lang='grc' dir='ltr'>μήτηρ,</span> <span class='ocrx_word' id='word_1_214' title='bbox 1620 2707 1652 2774; x_wconf 85' lang='grc' dir='ltr'>ἡ</span> <span class='ocrx_word' id='word_1_215' title='bbox 1680 2705 1947 2762; x_wconf 75' lang='grc' dir='ltr'>Δέσποινα</span> 
     </span>
    </p>
   </div>
   <div class='ocr_carea' id='block_1_30' title="bbox 329 2783 1947 2862">
    <p class='ocr_par' dir='ltr' id='par_1_30' title="bbox 329 2783 1947 2862">
     <span class='ocr_line' id='line_1_30' title="bbox 329 2783 1947 2862; baseline 0.01 -26"><span class='ocrx_word' id='word_1_216' title='bbox 329 2783 572 2838; x_wconf 77' lang='grc' dir='ltr'>πάντων</span> <span class='ocrx_word' id='word_1_217' title='bbox 621 2788 715 2839; x_wconf 87' lang='lat' dir='ltr'>xui</span> <span class='ocrx_word' id='word_1_218' title='bbox 755 2787 1019 2853; x_wconf 87' lang='grc' dir='ltr'>Θεοτόκος</span> <span class='ocrx_word' id='word_1_219' title='bbox 1050 2790 1083 2861; x_wconf 78' lang='grc' dir='ltr'><strong>ἡ</strong></span> <span class='ocrx_word' id='word_1_220' title='bbox 1117 2794 1217 2862; x_wconf 81' lang='grc' dir='ltr'>τῆς</span> <span class='ocrx_word' id='word_1_221' title='bbox 1247 2793 1278 2862; x_wconf 88' lang='grc' dir='ltr'><strong>ή</strong></span> <span class='ocrx_word' id='word_1_222' title='bbox 1290 2793 1405 2862; x_wconf 84' lang='grc' dir='ltr'>μῶν</span> <span class='ocrx_word' id='word_1_223' title='bbox 1452 2795 1821 2859; x_wconf 80' lang='grc' dir='ltr'>ἁναπλάσεως</span> <span class='ocrx_word' id='word_1_224' title='bbox 1852 2798 1947 2851; x_wconf 86' lang='lat' dir='ltr'>xui</span> 
     </span>
    </p>
   </div>
   <div class='ocr_carea' id='block_1_31' title="bbox 330 2876 1949 2959">
    <p class='ocr_par' dir='ltr' id='par_1_31' title="bbox 330 2876 1949 2959">
     <span class='ocr_line' id='line_1_31' title="bbox 330 2876 1949 2959; baseline 0.011 -32"><span class='ocrx_word' id='word_1_225' title='bbox 330 2876 627 2944; x_wconf 82' lang='grc' dir='ltr'>σωτηρίας</span> <span class='ocrx_word' id='word_1_226' title='bbox 678 2882 892 2947; x_wconf 80' lang='grc' dir='ltr'>μεσῖτις</span> <span class='ocrx_word' id='word_1_227' title='bbox 924 2921 939 2944; x_wconf 93' lang='grc'>,</span> <span class='ocrx_word' id='word_1_228' title='bbox 975 2881 1081 2949; x_wconf 81' lang='grc' dir='ltr'>ἔφη</span> <span class='ocrx_word' id='word_1_229' title='bbox 1121 2899 1135 2914; x_wconf 90' lang='grc'><strong>·</strong></span> <span class='ocrx_word' id='word_1_230' title='bbox 1162 2885 1191 2936; x_wconf 87' lang='lat'>6</span> <span class='ocrx_word' id='word_1_231' title='bbox 1237 2884 1544 2955; x_wconf 80' lang='grc' dir='ltr'>πρόδρομος</span> <span class='ocrx_word' id='word_1_232' title='bbox 1591 2886 1685 2940; x_wconf 89' lang='grc' dir='ltr'>τοῦ</span> <span class='ocrx_word' id='word_1_233' title='bbox 1730 2889 1949 2959; x_wconf 83' lang='grc' dir='ltr'>Ἐμμα-</span> 
     </span>
    </p>
   </div>
   <div class='ocr_carea' id='block_1_32' title="bbox 322 2968 1948 3050">
    <p class='ocr_par' dir='ltr' id='par_1_32' title="bbox 322 2968 1948 3050">
     <span class='ocr_line' id='line_1_32' title="bbox 322 2968 1948 3050; baseline 0.009 -30"><span class='ocrx_word' id='word_1_234' title='bbox 322 2968 529 3039; x_wconf 68' lang='grc' dir='ltr'>νουὴλ.</span> <span class='ocrx_word' id='word_1_235' title='bbox 554 2971 581 3021; x_wconf 88' lang='lat'>6</span> <span class='ocrx_word' id='word_1_236' title='bbox 605 2972 694 3022; x_wconf 75' lang='grc' dir='ltr'>καὶ</span> <span class='ocrx_word' id='word_1_237' title='bbox 724 2974 887 3025; x_wconf 74' lang='grc' dir='ltr'>αὐτὸν</span> <span class='ocrx_word' id='word_1_238' title='bbox 924 2974 1285 3041; x_wconf 75' lang='grc' dir='ltr'>καταξιωοεὶς</span> <span class='ocrx_word' id='word_1_239' title='bbox 1312 2976 1575 3044; x_wconf 87' lang='grc' dir='ltr'>βαπτίσαι</span> <span class='ocrx_word' id='word_1_240' title='bbox 1602 2978 1694 3032; x_wconf 81' lang='grc' dir='ltr'>τὸν</span> <span class='ocrx_word' id='word_1_241' title='bbox 1723 2978 1948 3050; x_wconf 78' lang='grc' dir='ltr'>αἴροντα</span> 
     </span>
    </p>
   </div>
   <div class='ocr_carea' id='block_1_33' title="bbox 322 3060 1952 3143">
    <p class='ocr_par' dir='ltr' id='par_1_33' title="bbox 322 3060 1952 3143">
     <span class='ocr_line' id='line_1_33' title="bbox 322 3060 1952 3143; baseline 0.009 -29"><span class='ocrx_word' id='word_1_242' title='bbox 322 3060 444 3131; x_wconf 80' lang='grc' dir='ltr'>τὴν</span> <span class='ocrx_word' id='word_1_243' title='bbox 479 3063 750 3131; x_wconf 71' lang='grc' dir='ltr'>ἁμαρτίαν</span> <span class='ocrx_word' id='word_1_244' title='bbox 773 3064 865 3116; x_wconf 83' lang='grc' dir='ltr'>τοῦ</span> <span class='ocrx_word' id='word_1_245' title='bbox 887 3065 1116 3136; x_wconf 79' lang='grc' dir='ltr'>κόσμου,</span> <span class='ocrx_word' id='word_1_246' title='bbox 1148 3067 1177 3119; x_wconf 97' lang='lat'>6</span> <span class='ocrx_word' id='word_1_247' title='bbox 1210 3070 1274 3139; x_wconf 80' lang='grc' dir='ltr'>τῇ</span> <span class='ocrx_word' id='word_1_248' title='bbox 1305 3068 1473 3139; x_wconf 86' lang='grc' dir='ltr'>μητρί</span> <span class='ocrx_word' id='word_1_249' title='bbox 1500 3087 1569 3140; x_wconf 89' lang='grc' dir='ltr'>με</span> <span class='ocrx_word' id='word_1_250' title='bbox 1601 3071 1696 3126; x_wconf 74' lang='grc' dir='ltr'>καὶ</span> <span class='ocrx_word' id='word_1_251' title='bbox 1718 3072 1822 3143; x_wconf 81' lang='grc' dir='ltr'>πρὸ</span> <span class='ocrx_word' id='word_1_252' title='bbox 1856 3090 1952 3141; x_wconf 88' lang='grc' dir='ltr'>γε-</span> 
     </span>
    </p>
   </div>
   <div class='ocr_carea' id='block_1_34' title="bbox 2049 566 3741 639">
    <p class='ocr_par' dir='ltr' id='par_1_34' title="bbox 2049 566 3741 639">
     <span class='ocr_line' id='line_1_34' title="bbox 2049 566 3741 639; baseline -0.004 -15"><span class='ocrx_word' id='word_1_253' title='bbox 2049 569 2366 624; x_wconf 89' lang='lat' dir='ltr'>visceribus</span> <span class='ocrx_word' id='word_1_254' title='bbox 2400 584 2571 639; x_wconf 91' lang='lat' dir='ltr'>super</span> <span class='ocrx_word' id='word_1_255' title='bbox 2586 569 2861 639; x_wconf 85' lang='lat' dir='ltr'>jacentem</span> <span class='ocrx_word' id='word_1_256' title='bbox 2888 577 3222 633; x_wconf 89' lang='lat' dir='ltr'>commotus,</span> <span class='ocrx_word' id='word_1_257' title='bbox 3284 566 3646 637; x_wconf 79' lang='lat' dir='ltr'>doleutcrquc</span> <span class='ocrx_word' id='word_1_258' title='bbox 3736 596 3741 617; x_wconf 85' lang='grc'>;</span> 
     </span>
    </p>
   </div>
   <div class='ocr_carea' id='block_1_35' title="bbox 2051 658 3725 731">
    <p class='ocr_par' dir='ltr' id='par_1_35' title="bbox 2051 658 3725 731">
     <span class='ocr_line' id='line_1_35' title="bbox 2051 658 3725 731; baseline -0.002 -16"><span class='ocrx_word' id='word_1_259' title='bbox 2051 660 2351 719; x_wconf 84' lang='lat' dir='ltr'><strong>admodum</strong></span> <span class='ocrx_word' id='word_1_260' title='bbox 2383 660 2520 715; x_wconf 88' lang='lat' dir='ltr'>ﬁens</span> <span class='ocrx_word' id='word_1_261' title='bbox 2555 669 2722 731; x_wconf 89' lang='lat' dir='ltr'>atque</span> <span class='ocrx_word' id='word_1_262' title='bbox 2770 660 3163 729; x_wconf 78' lang='lat' dir='ltr'>ingemiscens,</span> <span class='ocrx_word' id='word_1_263' title='bbox 3224 658 3521 730; x_wconf 87' lang='lat' dir='ltr'>prostratis</span> <span class='ocrx_word' id='word_1_264' title='bbox 3553 674 3646 728; x_wconf 68' lang='lat' dir='ltr'>ge-</span> <span class='ocrx_word' id='word_1_265' title='bbox 3722 728 3725 729; x_wconf 16' lang='grc' dir='ltr'><em>ν</em></span> 
     </span>
    </p>
   </div>
   <div class='ocr_carea' id='block_1_36' title="bbox 2050 748 3648 820">
    <p class='ocr_par' dir='ltr' id='par_1_36' title="bbox 2050 748 3648 820">
     <span class='ocr_line' id='line_1_36' title="bbox 2050 748 3648 820; baseline -0.003 -14"><span class='ocrx_word' id='word_1_266' title='bbox 2050 754 2217 807; x_wconf 88' lang='lat' dir='ltr'>nibus</span> <span class='ocrx_word' id='word_1_267' title='bbox 2247 769 2312 808; x_wconf 90' lang='lat' dir='ltr'>ac</span> <span class='ocrx_word' id='word_1_268' title='bbox 2346 753 2482 807; x_wconf 87' lang='lat' dir='ltr'>facie</span> <span class='ocrx_word' id='word_1_269' title='bbox 2514 753 2568 806; x_wconf 92' lang='lat' dir='ltr'>in</span> <span class='ocrx_word' id='word_1_270' title='bbox 2596 760 2797 806; x_wconf 89' lang='lat' dir='ltr'>terram</span> <span class='ocrx_word' id='word_1_271' title='bbox 2824 771 2835 805; x_wconf 90' lang='lat'>:</span> <span class='ocrx_word' id='word_1_272' title='bbox 2875 752 3129 816; x_wconf 83' lang='lat' dir='ltr'>Domine,</span> <span class='ocrx_word' id='word_1_273' title='bbox 3156 751 3355 820; x_wconf 87' lang='lat' dir='ltr'>inquit,</span> <span class='ocrx_word' id='word_1_274' title='bbox 3392 748 3648 820; x_wconf 90' lang='lat' dir='ltr'>omnipo-</span> 
     </span>
    </p>
   </div>
   <div class='ocr_carea' id='block_1_37' title="bbox 2054 843 3668 915">
    <p class='ocr_par' dir='ltr' id='par_1_37' title="bbox 2054 843 3668 915">
     <span class='ocr_line' id='line_1_37' title="bbox 2054 843 3668 915; baseline -0.002 -15"><span class='ocrx_word' id='word_1_275' title='bbox 2054 846 2321 915; x_wconf 91' lang='lat' dir='ltr'>tens,qui</span> <span class='ocrx_word' id='word_1_276' title='bbox 2352 845 2532 899; x_wconf 89' lang='lat' dir='ltr'>fecisti</span> <span class='ocrx_word' id='word_1_277' title='bbox 2584 843 2785 899; x_wconf 89' lang='lat' dir='ltr'>coelum</span> <span class='ocrx_word' id='word_1_278' title='bbox 2838 852 2894 898; x_wconf 88' lang='lat' dir='ltr'>ct</span> <span class='ocrx_word' id='word_1_279' title='bbox 2953 843 3277 913; x_wconf 82' lang='lat' dir='ltr'>compegisti</span> <span class='ocrx_word' id='word_1_280' title='bbox 3330 843 3496 908; x_wconf 91' lang='lat' dir='ltr'>illud;</span> <span class='ocrx_word' id='word_1_281' title='bbox 3547 843 3668 913; x_wconf 71' lang='lat' dir='ltr'>qui.</span> 
     </span>
    </p>
   </div>
   <div class='ocr_carea' id='block_1_38' title="bbox 2052 934 3637 1006">
    <p class='ocr_par' dir='ltr' id='par_1_38' title="bbox 2052 934 3637 1006">
     <span class='ocr_line' id='line_1_38' title="bbox 2052 934 3637 1006; baseline -0.001 -16"><span class='ocrx_word' id='word_1_282' title='bbox 2052 936 2281 991; x_wconf 90' lang='lat' dir='ltr'>ﬁrmasti</span> <span class='ocrx_word' id='word_1_283' title='bbox 2316 944 2518 991; x_wconf 91' lang='lat' dir='ltr'>terram</span> <span class='ocrx_word' id='word_1_284' title='bbox 2553 945 2609 991; x_wconf 90' lang='lat' dir='ltr'>et</span> <span class='ocrx_word' id='word_1_285' title='bbox 2636 952 2758 1006; x_wconf 71' lang='lat' dir='ltr'>qua:</span> <span class='ocrx_word' id='word_1_286' title='bbox 2785 936 2839 989; x_wconf 92' lang='lat' dir='ltr'>in</span> <span class='ocrx_word' id='word_1_287' title='bbox 2868 951 2932 990; x_wconf 89' lang='lat' dir='ltr'>ea</span> <span class='ocrx_word' id='word_1_288' title='bbox 2950 946 3115 1000; x_wconf 88' lang='lat' dir='ltr'>sunt;</span> <span class='ocrx_word' id='word_1_289' title='bbox 3149 935 3241 1003; x_wconf 88' lang='lat' dir='ltr'>qui</span> <span class='ocrx_word' id='word_1_290' title='bbox 3267 934 3637 1004; x_wconf 79' lang='lat' dir='ltr'>dasspiritum</span> 
     </span>
    </p>
   </div>
   <div class='ocr_carea' id='block_1_39' title="bbox 2052 1028 3645 1102">
    <p class='ocr_par' dir='ltr' id='par_1_39' title="bbox 2052 1028 3645 1102">
     <span class='ocr_line' id='line_1_39' title="bbox 2052 1028 3645 1102; baseline -0.001 -18"><span class='ocrx_word' id='word_1_291' title='bbox 2052 1031 2260 1102; x_wconf 91' lang='lat' dir='ltr'>populo</span> <span class='ocrx_word' id='word_1_292' title='bbox 2287 1039 2492 1084; x_wconf 92' lang='lat' dir='ltr'>terram</span> <span class='ocrx_word' id='word_1_293' title='bbox 2529 1029 2794 1084; x_wconf 80' lang='lat' dir='ltr'>incolenti</span> <span class='ocrx_word' id='word_1_294' title='bbox 2848 1037 2905 1083; x_wconf 89' lang='lat' dir='ltr'>et</span> <span class='ocrx_word' id='word_1_295' title='bbox 2958 1030 3234 1096; x_wconf 86' lang='lat' dir='ltr'>calcanti;</span> <span class='ocrx_word' id='word_1_296' title='bbox 3295 1028 3391 1098; x_wconf 87' lang='lat' dir='ltr'>qui</span> <span class='ocrx_word' id='word_1_297' title='bbox 3447 1030 3645 1083; x_wconf 88' lang='lat' dir='ltr'>mortis</span> 
     </span>
    </p>
   </div>
   <div class='ocr_carea' id='block_1_40' title="bbox 2054 1119 3642 1185">
    <p class='ocr_par' dir='ltr' id='par_1_40' title="bbox 2054 1119 3642 1185">
     <span class='ocr_line' id='line_1_40' title="bbox 2054 1119 3642 1185; baseline 0 -12"><span class='ocrx_word' id='word_1_298' title='bbox 2054 1119 2307 1173; x_wconf 81' lang='lat' dir='ltr'>umbram</span> <span class='ocrx_word' id='word_1_299' title='bbox 2343 1120 2517 1175; x_wconf 81' lang='lat' dir='ltr'>vertis</span> <span class='ocrx_word' id='word_1_300' title='bbox 2543 1120 2596 1174; x_wconf 86' lang='lat' dir='ltr'>in</span> <span class='ocrx_word' id='word_1_301' title='bbox 2621 1120 2826 1185; x_wconf 88' lang='lat' dir='ltr'>lucem,</span> <span class='ocrx_word' id='word_1_302' title='bbox 2860 1128 2916 1173; x_wconf 84' lang='lat' dir='ltr'>et</span> <span class='ocrx_word' id='word_1_303' title='bbox 2949 1119 3097 1172; x_wconf 91' lang='lat' dir='ltr'>diem</span> <span class='ocrx_word' id='word_1_304' title='bbox 3134 1119 3185 1172; x_wconf 90' lang='lat' dir='ltr'>in</span> <span class='ocrx_word' id='word_1_305' title='bbox 3223 1128 3441 1172; x_wconf 88' lang='lat' dir='ltr'>noctem</span> <span class='ocrx_word' id='word_1_306' title='bbox 3484 1127 3642 1173; x_wconf 85' lang='lat' dir='ltr'>tene-</span> 
     </span>
    </p>
   </div>
   <div class='ocr_carea' id='block_1_41' title="bbox 2054 1214 3644 1288">
    <p class='ocr_par' dir='ltr' id='par_1_41' title="bbox 2054 1214 3644 1288">
     <span class='ocr_line' id='line_1_41' title="bbox 2054 1214 3644 1288; baseline -0.002 -17"><span class='ocrx_word' id='word_1_307' title='bbox 2054 1217 2315 1284; x_wconf 88' lang='lat' dir='ltr'>brosam;</span> <span class='ocrx_word' id='word_1_308' title='bbox 2346 1219 2442 1288; x_wconf 90' lang='lat' dir='ltr'>qui</span> <span class='ocrx_word' id='word_1_309' title='bbox 2474 1217 2687 1272; x_wconf 90' lang='lat' dir='ltr'>occidis</span> <span class='ocrx_word' id='word_1_310' title='bbox 2712 1223 2769 1272; x_wconf 89' lang='lat' dir='ltr'>et</span> <span class='ocrx_word' id='word_1_311' title='bbox 2826 1215 3112 1280; x_wconf 80' lang='lat' dir='ltr'>viviﬁcas;</span> <span class='ocrx_word' id='word_1_312' title='bbox 3168 1215 3262 1285; x_wconf 90' lang='lat' dir='ltr'>qui</span> <span class='ocrx_word' id='word_1_313' title='bbox 3316 1214 3384 1269; x_wconf 90' lang='lat' dir='ltr'>ad</span> <span class='ocrx_word' id='word_1_314' title='bbox 3434 1214 3644 1269; x_wconf 85' lang='lat' dir='ltr'>inferos</span> 
     </span>
    </p>
   </div>
   <div class='ocr_carea' id='block_1_42' title="bbox 2050 1306 3642 1378">
    <p class='ocr_par' dir='ltr' id='par_1_42' title="bbox 2050 1306 3642 1378">
     <span class='ocr_line' id='line_1_42' title="bbox 2050 1306 3642 1378; baseline -0.002 -15"><span class='ocrx_word' id='word_1_315' title='bbox 2050 1309 2285 1365; x_wconf 84' lang='lat' dir='ltr'>deducis</span> <span class='ocrx_word' id='word_1_316' title='bbox 2307 1318 2364 1365; x_wconf 89' lang='lat' dir='ltr'>et</span> <span class='ocrx_word' id='word_1_317' title='bbox 2384 1309 2648 1376; x_wconf 77' lang='lat' dir='ltr'>reducis;</span> <span class='ocrx_word' id='word_1_318' title='bbox 2688 1308 2835 1378; x_wconf 91' lang='lat' dir='ltr'>spira</span> <span class='ocrx_word' id='word_1_319' title='bbox 2873 1323 3040 1377; x_wconf 86' lang='lat' dir='ltr'>super</span> <span class='ocrx_word' id='word_1_320' title='bbox 3067 1307 3173 1361; x_wconf 90' lang='lat' dir='ltr'>hoc</span> <span class='ocrx_word' id='word_1_321' title='bbox 3210 1307 3448 1361; x_wconf 75' lang='lat' dir='ltr'>cadaver</span> <span class='ocrx_word' id='word_1_322' title='bbox 3472 1306 3642 1377; x_wconf 84' lang='lat' dir='ltr'>spiri-</span> 
     </span>
    </p>
   </div>
   <div class='ocr_carea' id='block_1_43' title="bbox 2055 1400 3641 1468">
    <p class='ocr_par' dir='ltr' id='par_1_43' title="bbox 2055 1400 3641 1468">
     <span class='ocr_line' id='line_1_43' title="bbox 2055 1400 3641 1468; baseline -0.001 -12"><span class='ocrx_word' id='word_1_323' title='bbox 2055 1412 2172 1457; x_wconf 86' lang='lat' dir='ltr'>tum</span> <span class='ocrx_word' id='word_1_324' title='bbox 2195 1410 2353 1457; x_wconf 91' lang='lat' dir='ltr'>tuum</span> <span class='ocrx_word' id='word_1_325' title='bbox 2387 1401 2693 1468; x_wconf 91' lang='lat' dir='ltr'>viviﬁcum,</span> <span class='ocrx_word' id='word_1_326' title='bbox 2721 1409 2777 1456; x_wconf 87' lang='lat' dir='ltr'>et</span> <span class='ocrx_word' id='word_1_327' title='bbox 2815 1401 3143 1455; x_wconf 83' lang='lat' dir='ltr'>restituatur</span> <span class='ocrx_word' id='word_1_328' title='bbox 3168 1400 3246 1455; x_wconf 91' lang='lat' dir='ltr'>illi</span> <span class='ocrx_word' id='word_1_329' title='bbox 3294 1400 3474 1453; x_wconf 89' lang='lat' dir='ltr'>anima</span> <span class='ocrx_word' id='word_1_330' title='bbox 3520 1415 3641 1464; x_wconf 89' lang='lat' dir='ltr'>sua,</span> 
     </span>
    </p>
   </div>
   <div class='ocr_carea' id='block_1_44' title="bbox 2052 1493 3639 1563">
    <p class='ocr_par' dir='ltr' id='par_1_44' title="bbox 2052 1493 3639 1563">
     <span class='ocr_line' id='line_1_44' title="bbox 2052 1493 3639 1563; baseline -0.003 -14"><span class='ocrx_word' id='word_1_331' title='bbox 2052 1504 2115 1551; x_wconf 86' lang='lat' dir='ltr'>ut</span> <span class='ocrx_word' id='word_1_332' title='bbox 2165 1496 2264 1550; x_wconf 90' lang='lat' dir='ltr'>ﬁlii</span> <span class='ocrx_word' id='word_1_333' title='bbox 2319 1496 2608 1551; x_wconf 89' lang='lat' dir='ltr'>hominum</span> <span class='ocrx_word' id='word_1_334' title='bbox 2682 1493 2973 1549; x_wconf 91' lang='lat' dir='ltr'>celebrent</span> <span class='ocrx_word' id='word_1_335' title='bbox 3024 1493 3329 1563; x_wconf 84' lang='lat' dir='ltr'>potentiam</span> <span class='ocrx_word' id='word_1_336' title='bbox 3383 1500 3531 1546; x_wconf 88' lang='lat' dir='ltr'>tuam</span> <span class='ocrx_word' id='word_1_337' title='bbox 3583 1500 3639 1545; x_wconf 89' lang='lat' dir='ltr'>et</span> 
     </span>
    </p>
   </div>
   <div class='ocr_carea' id='block_1_45' title="bbox 2052 1584 3636 1659">
    <p class='ocr_par' dir='ltr' id='par_1_45' title="bbox 2052 1584 3636 1659">
     <span class='ocr_line' id='line_1_45' title="bbox 2052 1584 3636 1659; baseline -0.002 -17"><span class='ocrx_word' id='word_1_338' title='bbox 2052 1588 2280 1659; x_wconf 81' lang='lat' dir='ltr'>gloriam</span> <span class='ocrx_word' id='word_1_339' title='bbox 2310 1587 2614 1658; x_wconf 83' lang='lat' dir='ltr'>majestatis</span> <span class='ocrx_word' id='word_1_340' title='bbox 2642 1585 2798 1655; x_wconf 85' lang='lat' dir='ltr'>regni</span> <span class='ocrx_word' id='word_1_341' title='bbox 2834 1586 2935 1641; x_wconf 93' lang='lat' dir='ltr'>tui.</span> <span class='ocrx_word' id='word_1_342' title='bbox 2968 1585 3047 1640; x_wconf 87' lang='lat' dir='ltr'>Ita</span> <span class='ocrx_word' id='word_1_343' title='bbox 3077 1592 3337 1655; x_wconf 84' lang='lat' dir='ltr'>precatus</span> <span class='ocrx_word' id='word_1_344' title='bbox 3370 1584 3636 1649; x_wconf 77' lang='lat' dir='ltr'>surrexit,</span> 
     </span>
    </p>
   </div>
   <div class='ocr_carea' id='block_1_46' title="bbox 2051 1679 3637 1751">
    <p class='ocr_par' dir='ltr' id='par_1_46' title="bbox 2051 1679 3637 1751">
     <span class='ocr_line' id='line_1_46' title="bbox 2051 1679 3637 1751; baseline 0 -17"><span class='ocrx_word' id='word_1_345' title='bbox 2051 1690 2368 1751; x_wconf 89' lang='lat' dir='ltr'>quantaque</span> <span class='ocrx_word' id='word_1_346' title='bbox 2420 1679 2603 1749; x_wconf 90' lang='lat' dir='ltr'>potuit</span> <span class='ocrx_word' id='word_1_347' title='bbox 2656 1680 2897 1734; x_wconf 88' lang='lat' dir='ltr'>maxima</span> <span class='ocrx_word' id='word_1_348' title='bbox 2958 1694 3094 1734; x_wconf 89' lang='lat' dir='ltr'>voce</span> <span class='ocrx_word' id='word_1_349' title='bbox 3145 1679 3425 1741; x_wconf 86' lang='lat' dir='ltr'>clamavit,</span> <span class='ocrx_word' id='word_1_350' title='bbox 3482 1679 3637 1734; x_wconf 80' lang='lat' dir='ltr'>Abba</span> 
     </span>
    </p>
   </div>
   <div class='ocr_carea' id='block_1_47' title="bbox 2051 1769 3686 1841">
    <p class='ocr_par' dir='ltr' id='par_1_47' title="bbox 2051 1769 3686 1841">
     <span class='ocr_line' id='line_1_47' title="bbox 2051 1769 3686 1841; baseline -0.002 -14"><span class='ocrx_word' id='word_1_351' title='bbox 2051 1773 2265 1828; x_wconf 86' lang='lat' dir='ltr'>Conon.</span> <span class='ocrx_word' id='word_1_352' title='bbox 2290 1772 2338 1826; x_wconf 77' lang='lat' dir='ltr'>Is</span> <span class='ocrx_word' id='word_1_353' title='bbox 2363 1780 2548 1826; x_wconf 89' lang='lat' dir='ltr'>autem</span> <span class='ocrx_word' id='word_1_354' title='bbox 2596 1786 2733 1826; x_wconf 83' lang='lat' dir='ltr'>voce</span> <span class='ocrx_word' id='word_1_355' title='bbox 2783 1770 3013 1825; x_wconf 87' lang='lat' dir='ltr'>carebat</span> <span class='ocrx_word' id='word_1_356' title='bbox 3061 1769 3381 1839; x_wconf 87' lang='lat' dir='ltr'>animaque,</span> <span class='ocrx_word' id='word_1_357' title='bbox 3442 1785 3686 1841; x_wconf 83' lang='lat' dir='ltr'>corpus-</span> 
     </span>
    </p>
   </div>
   <div class='ocr_carea' id='block_1_48' title="bbox 2051 1862 3645 1934">
    <p class='ocr_par' dir='ltr' id='par_1_48' title="bbox 2051 1862 3645 1934">
     <span class='ocr_line' id='line_1_48' title="bbox 2051 1862 3645 1934; baseline -0.001 -14"><span class='ocrx_word' id='word_1_358' title='bbox 2051 1880 2219 1920; x_wconf 89' lang='lat' dir='ltr'>sensu</span> <span class='ocrx_word' id='word_1_359' title='bbox 2252 1879 2316 1919; x_wconf 90' lang='lat' dir='ltr'>ac</span> <span class='ocrx_word' id='word_1_360' title='bbox 2348 1864 2550 1934; x_wconf 86' lang='lat' dir='ltr'>spiritu</span> <span class='ocrx_word' id='word_1_361' title='bbox 2578 1863 2935 1919; x_wconf 84' lang='lat' dir='ltr'>destitutum.</span> <span class='ocrx_word' id='word_1_362' title='bbox 2961 1862 3099 1919; x_wconf 87' lang='lat' dir='ltr'>Cum</span> <span class='ocrx_word' id='word_1_363' title='bbox 3157 1878 3292 1918; x_wconf 89' lang='lat' dir='ltr'>vero</span> <span class='ocrx_word' id='word_1_364' title='bbox 3333 1879 3393 1918; x_wconf 91' lang='lat' dir='ltr'>se</span> <span class='ocrx_word' id='word_1_365' title='bbox 3450 1878 3645 1918; x_wconf 87' lang='lat' dir='ltr'>rursus</span> 
     </span>
    </p>
   </div>
   <div class='ocr_carea' id='block_1_49' title="bbox 2049 1954 3644 2027">
    <p class='ocr_par' dir='ltr' id='par_1_49' title="bbox 2049 1954 3644 2027">
     <span class='ocr_line' id='line_1_49' title="bbox 2049 1954 3644 2027; baseline -0.002 -16"><span class='ocrx_word' id='word_1_366' title='bbox 2049 1956 2211 2011; x_wconf 91' lang='lat' dir='ltr'>humi</span> <span class='ocrx_word' id='word_1_367' title='bbox 2264 1956 2618 2027; x_wconf 78' lang='lat' dir='ltr'>projecisset,</span> <span class='ocrx_word' id='word_1_368' title='bbox 2675 1954 2985 2025; x_wconf 86' lang='lat' dir='ltr'>eademque</span> <span class='ocrx_word' id='word_1_369' title='bbox 3038 1956 3317 2025; x_wconf 87' lang='lat' dir='ltr'>precando</span> <span class='ocrx_word' id='word_1_370' title='bbox 3364 1956 3644 2019; x_wconf 86' lang='lat' dir='ltr'>iterasset,</span> 
     </span>
    </p>
   </div>
   <div class='ocr_carea' id='block_1_50' title="bbox 2049 2048 3683 2121">
    <p class='ocr_par' dir='ltr' id='par_1_50' title="bbox 2049 2048 3683 2121">
     <span class='ocr_line' id='line_1_50' title="bbox 2049 2048 3683 2121; baseline -0.002 -15"><span class='ocrx_word' id='word_1_371' title='bbox 2049 2065 2115 2106; x_wconf 89' lang='lat' dir='ltr'>ac</span> <span class='ocrx_word' id='word_1_372' title='bbox 2170 2051 2291 2121; x_wconf 90' lang='lat' dir='ltr'>pari</span> <span class='ocrx_word' id='word_1_373' title='bbox 2361 2065 2496 2106; x_wconf 86' lang='lat' dir='ltr'>voce</span> <span class='ocrx_word' id='word_1_374' title='bbox 2577 2049 2913 2120; x_wconf 89' lang='lat' dir='ltr'>discipulum</span> <span class='ocrx_word' id='word_1_375' title='bbox 2959 2060 3214 2104; x_wconf 80' lang='lat' dir='ltr'>vocasset</span> <span class='ocrx_word' id='word_1_376' title='bbox 3267 2048 3683 2118; x_wconf 45' lang='lat' dir='ltr'>nequidquam-</span> 
     </span>
    </p>
   </div>
   <div class='ocr_carea' id='block_1_51' title="bbox 2053 2142 3649 2213">
    <p class='ocr_par' dir='ltr' id='par_1_51' title="bbox 2053 2142 3649 2213">
     <span class='ocr_line' id='line_1_51' title="bbox 2053 2142 3649 2213; baseline -0.001 -16"><span class='ocrx_word' id='word_1_377' title='bbox 2053 2142 2327 2213; x_wconf 88' lang='lat' dir='ltr'>(mortuus</span> <span class='ocrx_word' id='word_1_378' title='bbox 2366 2142 2514 2199; x_wconf 82' lang='lat' dir='ltr'>enim</span> <span class='ocrx_word' id='word_1_379' title='bbox 2565 2151 2629 2198; x_wconf 88' lang='lat' dir='ltr'>ut</span> <span class='ocrx_word' id='word_1_380' title='bbox 2679 2153 2818 2207; x_wconf 87' lang='lat' dir='ltr'>erat,</span> <span class='ocrx_word' id='word_1_381' title='bbox 2878 2158 3012 2198; x_wconf 88' lang='lat' dir='ltr'>vere</span> <span class='ocrx_word' id='word_1_382' title='bbox 3055 2142 3316 2198; x_wconf 86' lang='lat' dir='ltr'>manebat</span> <span class='ocrx_word' id='word_1_383' title='bbox 3346 2149 3649 2209; x_wconf 77' lang='lat' dir='ltr'>mortuus),</span> 
     </span>
    </p>
   </div>
   <div class='ocr_carea' id='block_1_52' title="bbox 2050 2232 3649 2305">
    <p class='ocr_par' dir='ltr' id='par_1_52' title="bbox 2050 2232 3649 2305">
     <span class='ocr_line' id='line_1_52' title="bbox 2050 2232 3649 2305; baseline -0.002 -18"><span class='ocrx_word' id='word_1_384' title='bbox 2050 2232 2289 2305; x_wconf 78' lang='lat' dir='ltr'>genibus</span> <span class='ocrx_word' id='word_1_385' title='bbox 2335 2248 2402 2287; x_wconf 90' lang='lat' dir='ltr'>ac</span> <span class='ocrx_word' id='word_1_386' title='bbox 2431 2233 2612 2303; x_wconf 88' lang='lat' dir='ltr'>capite</span> <span class='ocrx_word' id='word_1_387' title='bbox 2645 2234 2808 2288; x_wconf 89' lang='lat' dir='ltr'>tertio</span> <span class='ocrx_word' id='word_1_388' title='bbox 2848 2232 3041 2288; x_wconf 79' lang='lat' dir='ltr'>afﬁxus</span> <span class='ocrx_word' id='word_1_389' title='bbox 3072 2241 3254 2299; x_wconf 66' lang='lat' dir='ltr'>terrae,</span> <span class='ocrx_word' id='word_1_390' title='bbox 3313 2232 3649 2288; x_wconf 89' lang='lat' dir='ltr'>contentiori</span> 
     </span>
    </p>
   </div>
   <div class='ocr_carea' id='block_1_53' title="bbox 2050 2323 3647 2394">
    <p class='ocr_par' dir='ltr' id='par_1_53' title="bbox 2050 2323 3647 2394">
     <span class='ocr_line' id='line_1_53' title="bbox 2050 2323 3647 2394; baseline -0.002 -15"><span class='ocrx_word' id='word_1_391' title='bbox 2050 2324 2311 2379; x_wconf 85' lang='lat' dir='ltr'>oratione</span> <span class='ocrx_word' id='word_1_392' title='bbox 2332 2325 2427 2379; x_wconf 84' lang='lat' dir='ltr'>Dei</span> <span class='ocrx_word' id='word_1_393' title='bbox 2469 2340 2629 2394; x_wconf 92' lang='lat' dir='ltr'>opcm</span> <span class='ocrx_word' id='word_1_394' title='bbox 2668 2325 3010 2394; x_wconf 87' lang='lat' dir='ltr'>imploravit.</span> <span class='ocrx_word' id='word_1_395' title='bbox 3047 2326 3249 2381; x_wconf 82' lang='lat' dir='ltr'>Postea</span> <span class='ocrx_word' id='word_1_396' title='bbox 3311 2341 3444 2381; x_wconf 89' lang='lat' dir='ltr'>vero</span> <span class='ocrx_word' id='word_1_397' title='bbox 3477 2323 3647 2379; x_wconf 85' lang='lat' dir='ltr'>corde</span> 
     </span>
    </p>
   </div>
   <div class='ocr_carea' id='block_1_54' title="bbox 2049 2416 3641 2490">
    <p class='ocr_par' dir='ltr' id='par_1_54' title="bbox 2049 2416 3641 2490">
     <span class='ocr_line' id='line_1_54' title="bbox 2049 2416 3641 2490; baseline 0.001 -20"><span class='ocrx_word' id='word_1_398' title='bbox 2049 2416 2340 2485; x_wconf 88' lang='lat' dir='ltr'>oculisque</span> <span class='ocrx_word' id='word_1_399' title='bbox 2366 2416 2423 2470; x_wconf 92' lang='lat' dir='ltr'>in</span> <span class='ocrx_word' id='word_1_400' title='bbox 2452 2417 2653 2471; x_wconf 71' lang='lat' dir='ltr'>cmlum</span> <span class='ocrx_word' id='word_1_401' title='bbox 2684 2418 2914 2483; x_wconf 89' lang='lat' dir='ltr'>erectis,</span> <span class='ocrx_word' id='word_1_402' title='bbox 2980 2433 3173 2473; x_wconf 87' lang='lat' dir='ltr'>vocem</span> <span class='ocrx_word' id='word_1_403' title='bbox 3221 2417 3481 2490; x_wconf 80' lang='lat' dir='ltr'>lacrymis</span> <span class='ocrx_word' id='word_1_404' title='bbox 3526 2419 3641 2473; x_wconf 85' lang='lat' dir='ltr'>fer-</span> 
     </span>
    </p>
   </div>
   <div class='ocr_carea' id='block_1_55' title="bbox 2049 2506 3643 2588">
    <p class='ocr_par' dir='ltr' id='par_1_55' title="bbox 2049 2506 3643 2588">
     <span class='ocr_line' id='line_1_55' title="bbox 2049 2506 3643 2588; baseline 0 -27"><span class='ocrx_word' id='word_1_405' title='bbox 2049 2507 2314 2563; x_wconf 84' lang='lat' dir='ltr'>ventibus</span> <span class='ocrx_word' id='word_1_406' title='bbox 2356 2506 2578 2561; x_wconf 90' lang='lat' dir='ltr'>mistam</span> <span class='ocrx_word' id='word_1_407' title='bbox 2634 2507 2952 2577; x_wconf 83' lang='lat' dir='ltr'>hujusmodi</span> <span class='ocrx_word' id='word_1_408' title='bbox 2999 2507 3221 2563; x_wconf 86' lang='lat' dir='ltr'>emisit:</span> <span class='ocrx_word' id='word_1_409' title='bbox 3250 2509 3452 2588; x_wconf 37' lang='lat' dir='ltr'>.Mater</span> <span class='ocrx_word' id='word_1_410' title='bbox 3508 2508 3643 2572; x_wconf 89' lang='lat' dir='ltr'>Dei,</span> 
     </span>
    </p>
   </div>
   <div class='ocr_carea' id='block_1_56' title="bbox 2048 2600 3644 2671">
    <p class='ocr_par' dir='ltr' id='par_1_56' title="bbox 2048 2600 3644 2671">
     <span class='ocr_line' id='line_1_56' title="bbox 2048 2600 3644 2671; baseline 0.001 -17"><span class='ocrx_word' id='word_1_411' title='bbox 2048 2600 2284 2654; x_wconf 86' lang='lat' dir='ltr'>Domina</span> <span class='ocrx_word' id='word_1_412' title='bbox 2311 2600 2561 2653; x_wconf 91' lang='lat' dir='ltr'>omnium</span> <span class='ocrx_word' id='word_1_413' title='bbox 2593 2614 2656 2654; x_wconf 87' lang='lat' dir='ltr'>ac</span> <span class='ocrx_word' id='word_1_414' title='bbox 2678 2600 2938 2669; x_wconf 88' lang='lat' dir='ltr'>Dcipara,</span> <span class='ocrx_word' id='word_1_415' title='bbox 2972 2600 3271 2655; x_wconf 83' lang='lat' dir='ltr'>mediatrix</span> <span class='ocrx_word' id='word_1_416' title='bbox 3328 2601 3644 2671; x_wconf 87' lang='lat' dir='ltr'>reparatio-</span> 
     </span>
    </p>
   </div>
   <div class='ocr_carea' id='block_1_57' title="bbox 2049 2691 3665 2766">
    <p class='ocr_par' dir='ltr' id='par_1_57' title="bbox 2049 2691 3665 2766">
     <span class='ocr_line' id='line_1_57' title="bbox 2049 2691 3665 2766; baseline 0 -21"><span class='ocrx_word' id='word_1_417' title='bbox 2049 2691 2135 2745; x_wconf 75' lang='lat' dir='ltr'>nis</span> <span class='ocrx_word' id='word_1_418' title='bbox 2167 2706 2232 2745; x_wconf 90' lang='lat' dir='ltr'>ac</span> <span class='ocrx_word' id='word_1_419' title='bbox 2264 2691 2461 2746; x_wconf 88' lang='lat' dir='ltr'>salutis</span> <span class='ocrx_word' id='word_1_420' title='bbox 2487 2699 2730 2746; x_wconf 59' lang='lat' dir='ltr'>nostra):</span> <span class='ocrx_word' id='word_1_421' title='bbox 2773 2692 3090 2747; x_wconf 71' lang='lat' dir='ltr'>Przecursor</span> <span class='ocrx_word' id='word_1_422' title='bbox 3119 2694 3515 2762; x_wconf 88' lang='lat' dir='ltr'>Emmanuelis,</span> <span class='ocrx_word' id='word_1_423' title='bbox 3549 2697 3665 2766; x_wconf 71' lang='lat' dir='ltr'>qui,</span> 
     </span>
    </p>
   </div>
   <div class='ocr_carea' id='block_1_58' title="bbox 2049 2782 3639 2858">
    <p class='ocr_par' dir='ltr' id='par_1_58' title="bbox 2049 2782 3639 2858">
     <span class='ocr_line' id='line_1_58' title="bbox 2049 2782 3639 2858; baseline 0.004 -21"><span class='ocrx_word' id='word_1_424' title='bbox 2049 2784 2219 2837; x_wconf 88' lang='lat' dir='ltr'>etiam</span> <span class='ocrx_word' id='word_1_425' title='bbox 2248 2782 2448 2852; x_wconf 85' lang='lat' dir='ltr'>dignus</span> <span class='ocrx_word' id='word_1_426' title='bbox 2477 2782 2632 2838; x_wconf 86' lang='lat' dir='ltr'>fuisti</span> <span class='ocrx_word' id='word_1_427' title='bbox 2670 2784 2956 2853; x_wconf 80' lang='lat' dir='ltr'>baptizare</span> <span class='ocrx_word' id='word_1_428' title='bbox 2976 2785 3133 2839; x_wconf 90' lang='lat' dir='ltr'>illum</span> <span class='ocrx_word' id='word_1_429' title='bbox 3169 2784 3264 2856; x_wconf 90' lang='lat' dir='ltr'>qui</span> <span class='ocrx_word' id='word_1_430' title='bbox 3317 2786 3463 2841; x_wconf 86' lang='lat' dir='ltr'>tollit</span> <span class='ocrx_word' id='word_1_431' title='bbox 3506 2803 3639 2858; x_wconf 85' lang='lat' dir='ltr'>pec-</span> 
     </span>
    </p>
   </div>
   <div class='ocr_carea' id='block_1_59' title="bbox 2040 2874 3642 2946">
    <p class='ocr_par' dir='ltr' id='par_1_59' title="bbox 2040 2874 3642 2946">
     <span class='ocr_line' id='line_1_59' title="bbox 2040 2874 3642 2946; baseline 0.002 -17"><span class='ocrx_word' id='word_1_432' title='bbox 2040 2884 2171 2935; x_wconf 82' lang='lat' dir='ltr'>cata</span> <span class='ocrx_word' id='word_1_433' title='bbox 2201 2874 2417 2939; x_wconf 86' lang='lat' dir='ltr'>mundi,</span> <span class='ocrx_word' id='word_1_434' title='bbox 2475 2876 2688 2946; x_wconf 85' lang='lat' dir='ltr'>quique</span> <span class='ocrx_word' id='word_1_435' title='bbox 2727 2885 3024 2946; x_wconf 85' lang='lat' dir='ltr'>antequam</span> <span class='ocrx_word' id='word_1_436' title='bbox 3086 2886 3254 2932; x_wconf 88' lang='lat' dir='ltr'>natus</span> <span class='ocrx_word' id='word_1_437' title='bbox 3294 2894 3416 2932; x_wconf 90' lang='lat' dir='ltr'>sum</span> <span class='ocrx_word' id='word_1_438' title='bbox 3477 2880 3642 2935; x_wconf 86' lang='lat' dir='ltr'>matri</span> 
     </span>
    </p>
   </div>
   <div class='ocr_carea' id='block_1_60' title="bbox 2052 2967 3643 3041">
    <p class='ocr_par' dir='ltr' id='par_1_60' title="bbox 2052 2967 3643 3041">
     <span class='ocr_line' id='line_1_60' title="bbox 2052 2967 3643 3041; baseline 0.004 -21"><span class='ocrx_word' id='word_1_439' title='bbox 2052 2982 2188 3021; x_wconf 61' lang='lat' dir='ltr'>mea;</span> <span class='ocrx_word' id='word_1_440' title='bbox 2210 2982 2295 3021; x_wconf 92' lang='lat' dir='ltr'>me</span> <span class='ocrx_word' id='word_1_441' title='bbox 2320 2967 2661 3022; x_wconf 84' lang='lat' dir='ltr'>annuntiasti</span> <span class='ocrx_word' id='word_1_442' title='bbox 2683 2985 2695 3020; x_wconf 89' lang='lat'><strong>:</strong></span> <span class='ocrx_word' id='word_1_443' title='bbox 2720 2967 3045 3033; x_wconf 89' lang='lat' dir='ltr'>Cherubim,</span> <span class='ocrx_word' id='word_1_444' title='bbox 3073 2968 3387 3041; x_wconf 89' lang='lat' dir='ltr'>Seraphim,</span> <span class='ocrx_word' id='word_1_445' title='bbox 3409 2970 3643 3035; x_wconf 88' lang='lat' dir='ltr'>Throni,</span> 
     </span>
    </p>
   </div>
   <div class='ocr_carea' id='block_1_61' title="bbox 2054 3059 3647 3130">
    <p class='ocr_par' dir='ltr' id='par_1_61' title="bbox 2054 3059 3647 3130">
     <span class='ocr_line' id='line_1_61' title="bbox 2054 3059 3647 3130; baseline 0 -13"><span class='ocrx_word' id='word_1_446' title='bbox 2054 3059 2493 3123; x_wconf 87' lang='lat' dir='ltr'>Dominationes,</span> <span class='ocrx_word' id='word_1_447' title='bbox 2523 3060 2899 3130; x_wconf 86' lang='lat' dir='ltr'>Principatus,</span> <span class='ocrx_word' id='word_1_448' title='bbox 2930 3061 3198 3125; x_wconf 85' lang='lat' dir='ltr'>Virtutes,</span> <span class='ocrx_word' id='word_1_449' title='bbox 3255 3062 3511 3129; x_wconf 78' lang='lat' dir='ltr'>Michael,</span> <span class='ocrx_word' id='word_1_450' title='bbox 3535 3063 3647 3119; x_wconf 48' lang='lat' dir='ltr'>Ga‘</span> 
     </span>
    </p>
   </div>
   <div class='ocr_carea' id='block_1_62' title="bbox 322 3152 1943 3235">
    <p class='ocr_par' dir='ltr' id='par_1_62' title="bbox 322 3152 1940 3235">
     <span class='ocr_line' id='line_1_62' title="bbox 322 3152 1940 3235; baseline 0.009 -31"><span class='ocrx_word' id='word_1_451' title='bbox 322 3153 1076 3225; x_wconf 74' lang='grc' dir='ltr'>νέσεωςεὐαγγελισάμενοςο</span> <span class='ocrx_word' id='word_1_452' title='bbox 1100 3152 1409 3231; x_wconf 60' lang='grc' dir='ltr'>Χερουϐὶμ,</span> <span class='ocrx_word' id='word_1_453' title='bbox 1437 3160 1707 3235; x_wconf 69' lang='grc' dir='ltr'>Σεραφὶμ,</span> <span class='ocrx_word' id='word_1_454' title='bbox 1727 3164 1940 3235; x_wconf 88' lang='grc' dir='ltr'>Θρόνοι,</span> 
     </span>
    </p>
   </div>
   <div class='ocr_carea' id='block_1_63' title="bbox 2049 3152 3637 3235">
    <p class='ocr_par' dir='ltr' id='par_1_63' title="bbox 2052 3152 3637 3227">
     <span class='ocr_line' id='line_1_63' title="bbox 2052 3152 3637 3227; baseline 0.001 -19"><span class='ocrx_word' id='word_1_455' title='bbox 2052 3152 2216 3219; x_wconf 89' lang='lat' dir='ltr'>briel,</span> <span class='ocrx_word' id='word_1_456' title='bbox 2242 3162 2299 3207; x_wconf 85' lang='lat' dir='ltr'>et</span> <span class='ocrx_word' id='word_1_457' title='bbox 2331 3160 2607 3223; x_wconf 89' lang='lat' dir='ltr'>quotquot</span> <span class='ocrx_word' id='word_1_458' title='bbox 2630 3161 2901 3223; x_wconf 65' lang='lat' dir='ltr'>praeterea</span> <span class='ocrx_word' id='word_1_459' title='bbox 2935 3154 3071 3209; x_wconf 89' lang='lat' dir='ltr'>estis</span> <span class='ocrx_word' id='word_1_460' title='bbox 3105 3154 3340 3226; x_wconf 83' lang='lat' dir='ltr'>angelici</span> <span class='ocrx_word' id='word_1_461' title='bbox 3379 3156 3637 3227; x_wconf 84' lang='lat' dir='ltr'>spiritus,</span> 
     </span>
    </p>
   </div>
   <div class='ocr_carea' id='block_1_64' title="bbox 322 3244 1937 3328">
    <p class='ocr_par' dir='ltr' id='par_1_64' title="bbox 322 3244 1937 3328">
     <span class='ocr_line' id='line_1_64' title="bbox 322 3244 1937 3328; baseline 0.006 -29"><span class='ocrx_word' id='word_1_462' title='bbox 322 3244 707 3315; x_wconf 67' lang='grc' dir='ltr'>κυριότητες,</span> <span class='ocrx_word' id='word_1_463' title='bbox 744 3247 960 3318; x_wconf 78' lang='grc' dir='ltr'>Ἀρχαὶ,</span> <span class='ocrx_word' id='word_1_464' title='bbox 1008 3249 1306 3317; x_wconf 80' lang='grc' dir='ltr'>Ἐξουσίαι,</span> <span class='ocrx_word' id='word_1_465' title='bbox 1371 3253 1614 3324; x_wconf 81' lang='grc' dir='ltr'>Μιχαὴλ,</span> <span class='ocrx_word' id='word_1_466' title='bbox 1673 3254 1937 3328; x_wconf 77' lang='grc' dir='ltr'>Γαϐριὴλ,</span> 
     </span>
    </p>
   </div>
   <div class='ocr_carea' id='block_1_65' title="bbox 320 3337 1942 3414">
    <p class='ocr_par' dir='ltr' id='par_1_65' title="bbox 320 3337 1942 3414">
     <span class='ocr_line' id='line_1_65' title="bbox 320 3337 1942 3414; baseline 0.01 -27"><span class='ocrx_word' id='word_1_467' title='bbox 320 3337 486 3389; x_wconf 81' lang='grc' dir='ltr'>ἀλλὰ</span> <span class='ocrx_word' id='word_1_468' title='bbox 511 3338 603 3390; x_wconf 80' lang='grc' dir='ltr'>καὶ</span> <span class='ocrx_word' id='word_1_469' title='bbox 632 3340 833 3405; x_wconf 84' lang='grc' dir='ltr'>πάντες</span> <span class='ocrx_word' id='word_1_470' title='bbox 855 3342 968 3395; x_wconf 83' lang='grc' dir='ltr'>ὅσοι</span> <span class='ocrx_word' id='word_1_471' title='bbox 998 3342 1107 3397; x_wconf 89' lang='grc' dir='ltr'>τῶν</span> <span class='ocrx_word' id='word_1_472' title='bbox 1172 3345 1484 3414; x_wconf 83' lang='grc' dir='ltr'>ἁγγελικῶν</span> <span class='ocrx_word' id='word_1_473' title='bbox 1529 3348 1757 3402; x_wconf 83' lang='grc' dir='ltr'>ἐκείνων</span> <span class='ocrx_word' id='word_1_474' title='bbox 1783 3349 1942 3405; x_wconf 89' lang='grc' dir='ltr'>δυνά-</span> 
     </span>
    </p>
   </div>
   <div class='ocr_carea' id='block_1_66' title="bbox 328 3431 1945 3509">
    <p class='ocr_par' dir='ltr' id='par_1_66' title="bbox 328 3431 1945 3509">
     <span class='ocr_line' id='line_1_66' title="bbox 328 3431 1945 3509; baseline 0.009 -29"><span class='ocrx_word' id='word_1_475' title='bbox 328 3447 523 3500; x_wconf 82' lang='grc' dir='ltr'>μεων,</span> <span class='ocrx_word' id='word_1_476' title='bbox 550 3431 714 3495; x_wconf 85' lang='grc' dir='ltr'>ἄλλος</span> <span class='ocrx_word' id='word_1_477' title='bbox 739 3432 908 3503; x_wconf 84' lang='grc' dir='ltr'>ἄλλης</span> <span class='ocrx_word' id='word_1_478' title='bbox 962 3439 1229 3506; x_wconf 77' lang='grc' dir='ltr'>στρατιᾶς</span> <span class='ocrx_word' id='word_1_479' title='bbox 1284 3438 1617 3509; x_wconf 75' lang='grc' dir='ltr'>προηγεῖσθε</span> <span class='ocrx_word' id='word_1_480' title='bbox 1647 3457 1663 3472; x_wconf 77' lang='grc' dir='ltr'><strong><em>ο</em></strong></span> <span class='ocrx_word' id='word_1_481' title='bbox 1712 3441 1945 3495; x_wconf 82' lang='grc' dir='ltr'>ἀπόστο-</span> 
     </span>
    </p>
   </div>
   <div class='ocr_carea' id='block_1_67' title="bbox 318 3521 1942 3604">
    <p class='ocr_par' dir='ltr' id='par_1_67' title="bbox 318 3521 1942 3604">
     <span class='ocr_line' id='line_1_67' title="bbox 318 3521 1942 3604; baseline 0.009 -31"><span class='ocrx_word' id='word_1_482' title='bbox 318 3522 424 3574; x_wconf 58' lang='grc' dir='ltr'>λοι</span> <span class='ocrx_word' id='word_1_483' title='bbox 483 3521 654 3583; x_wconf 81' lang='grc' dir='ltr'>θεῖοι,</span> <span class='ocrx_word' id='word_1_484' title='bbox 709 3526 1018 3594; x_wconf 69' lang='grc' dir='ltr'>προφῆται,</span> <span class='ocrx_word' id='word_1_485' title='bbox 1116 3528 1421 3598; x_wconf 84' lang='grc' dir='ltr'>μάρτυρες,</span> <span class='ocrx_word' id='word_1_486' title='bbox 1478 3532 1679 3602; x_wconf 82' lang='grc' dir='ltr'>ίερείς,</span> <span class='ocrx_word' id='word_1_487' title='bbox 1731 3533 1781 3585; x_wconf 76' lang='lat' dir='ltr'>oi</span> <span class='ocrx_word' id='word_1_488' title='bbox 1844 3533 1942 3604; x_wconf 77' lang='grc' dir='ltr'>τὴν</span> 
     </span>
    </p>
   </div>
   <div class='ocr_carea' id='block_1_68' title="bbox 323 3612 1943 3693">
    <p class='ocr_par' dir='ltr' id='par_1_68' title="bbox 323 3612 1943 3693">
     <span class='ocr_line' id='line_1_68' title="bbox 323 3612 1943 3693; baseline 0.007 -27"><span class='ocrx_word' id='word_1_489' title='bbox 323 3612 693 3684; x_wconf 79' lang='grc' dir='ltr'>ἀδαπάνητον</span> <span class='ocrx_word' id='word_1_490' title='bbox 754 3616 1036 3682; x_wconf 77' lang='grc' dir='ltr'>μυστικῶς</span> <span class='ocrx_word' id='word_1_491' title='bbox 1088 3617 1281 3671; x_wconf 86' lang='grc' dir='ltr'>θυσίαν</span> <span class='ocrx_word' id='word_1_492' title='bbox 1306 3620 1455 3690; x_wconf 75' lang='grc' dir='ltr'>ὑπὲρ</span> <span class='ocrx_word' id='word_1_493' title='bbox 1498 3620 1687 3693; x_wconf 71' lang='grc' dir='ltr'>ψυχῶν</span> <span class='ocrx_word' id='word_1_494' title='bbox 1717 3622 1943 3677; x_wconf 88' lang='grc' dir='ltr'>δικαίων</span> 
     </span>
    </p>
   </div>
   <div class='ocr_carea' id='block_1_69' title="bbox 322 3704 1942 3785">
    <p class='ocr_par' dir='ltr' id='par_1_69' title="bbox 322 3704 1942 3785">
     <span class='ocr_line' id='line_1_69' title="bbox 322 3704 1942 3785; baseline 0.007 -28"><span class='ocrx_word' id='word_1_495' title='bbox 322 3704 773 3776; x_wconf 68' lang='grc' dir='ltr'>προσφέροντες,</span> <span class='ocrx_word' id='word_1_496' title='bbox 809 3708 1111 3779; x_wconf 75' lang='grc' dir='ltr'>σεσίγηκεν</span> <span class='ocrx_word' id='word_1_497' title='bbox 1148 3710 1280 3779; x_wconf 80' lang='grc' dir='ltr'>ὑμῖν</span> <span class='ocrx_word' id='word_1_498' title='bbox 1314 3712 1466 3765; x_wconf 82' lang='grc' dir='ltr'>πᾶσα</span> <span class='ocrx_word' id='word_1_499' title='bbox 1497 3712 1593 3766; x_wconf 88' lang='grc' dir='ltr'>νῦν</span> <span class='ocrx_word' id='word_1_500' title='bbox 1628 3712 1775 3785; x_wconf 76' lang='grc' dir='ltr'>ὑπὲρ</span> <span class='ocrx_word' id='word_1_501' title='bbox 1806 3715 1942 3785; x_wconf 84' lang='grc' dir='ltr'>ἐμοῦ</span> 
     </span>
    </p>
   </div>
   <div class='ocr_carea' id='block_1_70' title="bbox 324 3795 1943 3873">
    <p class='ocr_par' dir='ltr' id='par_1_70' title="bbox 324 3795 1943 3873">
     <span class='ocr_line' id='line_1_70' title="bbox 324 3795 1943 3873; baseline 0.007 -24"><span class='ocrx_word' id='word_1_502' title='bbox 324 3795 489 3866; x_wconf 70' lang='grc' dir='ltr'>’πρὸς</span> <span class='ocrx_word' id='word_1_503' title='bbox 546 3795 678 3848; x_wconf 79' lang='grc' dir='ltr'>Θεὸν</span> <span class='ocrx_word' id='word_1_504' title='bbox 736 3799 1047 3870; x_wconf 75' lang='grc' dir='ltr'>παρρησία,</span> <span class='ocrx_word' id='word_1_505' title='bbox 1080 3801 1411 3873; x_wconf 72' lang='grc' dir='ltr'>ἐπιλέλησθε</span> <span class='ocrx_word' id='word_1_506' title='bbox 1443 3801 1540 3857; x_wconf 86' lang='grc' dir='ltr'>τοῦ</span> <span class='ocrx_word' id='word_1_507' title='bbox 1590 3803 1681 3858; x_wconf 78' lang='grc' dir='ltr'>διὰ</span> <span class='ocrx_word' id='word_1_508' title='bbox 1739 3806 1943 3871; x_wconf 77' lang='grc' dir='ltr'>παντὸς</span> 
     </span>
    </p>
   </div>
   <div class='ocr_carea' id='block_1_71' title="bbox 326 3887 1942 3968">
    <p class='ocr_par' dir='ltr' id='par_1_71' title="bbox 326 3887 1942 3968">
     <span class='ocr_line' id='line_1_71' title="bbox 326 3887 1942 3968; baseline 0.006 -28"><span class='ocrx_word' id='word_1_509' title='bbox 326 3887 496 3957; x_wconf 77' lang='grc' dir='ltr'>ὑμᾶς</span> <span class='ocrx_word' id='word_1_510' title='bbox 520 3891 750 3957; x_wconf 83' lang='grc' dir='ltr'>μεσίτας</span> <span class='ocrx_word' id='word_1_511' title='bbox 777 3891 1218 3963; x_wconf 73' lang='grc' dir='ltr'>προϐαλλομένου</span> <span class='ocrx_word' id='word_1_512' title='bbox 1249 3910 1264 3923; x_wconf 87' lang='grc'><strong>·</strong></span> <span class='ocrx_word' id='word_1_513' title='bbox 1300 3895 1480 3949; x_wconf 78' lang='grc' dir='ltr'>κεῖται</span> <span class='ocrx_word' id='word_1_514' title='bbox 1504 3893 1636 3966; x_wconf 84' lang='grc' dir='ltr'>γὰρ,</span> <span class='ocrx_word' id='word_1_515' title='bbox 1659 3895 1735 3960; x_wconf 84' lang='grc' dir='ltr'>ὡς</span> <span class='ocrx_word' id='word_1_516' title='bbox 1755 3898 1942 3968; x_wconf 80' lang='grc' dir='ltr'>ὁρᾶτε,</span> 
     </span>
    </p>
   </div>
   <div class='ocr_carea' id='block_1_72' title="bbox 322 3975 1945 4060">
    <p class='ocr_par' dir='ltr' id='par_1_72' title="bbox 322 3975 1945 4060">
     <span class='ocr_line' id='line_1_72' title="bbox 322 3975 1945 4060; baseline 0.006 -26"><span class='ocrx_word' id='word_1_517' title='bbox 322 3975 543 4044; x_wconf 71' lang='grc' dir='ltr'>οὗτος,</span> <span class='ocrx_word' id='word_1_518' title='bbox 594 3983 689 4035; x_wconf 82' lang='grc' dir='ltr'>καὶ</span> <span class='ocrx_word' id='word_1_519' title='bbox 738 3984 967 4056; x_wconf 80' lang='grc' dir='ltr'>οὐδεμία</span> <span class='ocrx_word' id='word_1_520' title='bbox 1010 3987 1142 4057; x_wconf 80' lang='grc' dir='ltr'>παρ’</span> <span class='ocrx_word' id='word_1_521' title='bbox 1199 3986 1354 4057; x_wconf 85' lang='grc' dir='ltr'>ὑμῶν</span> <span class='ocrx_word' id='word_1_522' title='bbox 1405 3989 1707 4060; x_wconf 87' lang='grc' dir='ltr'>πρεσϐεία,</span> <span class='ocrx_word' id='word_1_523' title='bbox 1767 3990 1945 4055; x_wconf 78' lang='grc' dir='ltr'>οὐδεὶς</span> 
     </span>
    </p>
   </div>
   <div class='ocr_carea' id='block_1_73' title="bbox 322 4075 1944 4148">
    <p class='ocr_par' dir='ltr' id='par_1_73' title="bbox 322 4075 1944 4148">
     <span class='ocr_line' id='line_1_73' title="bbox 322 4075 1944 4148; baseline 0.007 -21"><span class='ocrx_word' id='word_1_524' title='bbox 322 4075 455 4127; x_wconf 73' lang='grc' dir='ltr'>τῶν</span> <span class='ocrx_word' id='word_1_525' title='bbox 490 4075 637 4144; x_wconf 81' lang='grc' dir='ltr'>ἐμῶν</span> <span class='ocrx_word' id='word_1_526' title='bbox 661 4077 758 4146; x_wconf 73' lang='grc' dir='ltr'>τῆς</span> <span class='ocrx_word' id='word_1_527' title='bbox 815 4077 1041 4148; x_wconf 82' lang='grc' dir='ltr'>καρδίας</span> <span class='ocrx_word' id='word_1_528' title='bbox 1068 4077 1271 4131; x_wconf 76' lang='grc' dir='ltr'>ὀδυνῶν</span> <span class='ocrx_word' id='word_1_529' title='bbox 1316 4079 1498 4143; x_wconf 73' lang='grc' dir='ltr'>ἔλεος.</span> <span class='ocrx_word' id='word_1_530' title='bbox 1533 4076 1719 4135; x_wconf 82' lang='grc' dir='ltr'>Ἦπου</span> <span class='ocrx_word' id='word_1_531' title='bbox 1756 4081 1944 4138; x_wconf 80' lang='grc' dir='ltr'>διακε-</span> 
     </span>
    </p>
   </div>
   <div class='ocr_carea' id='block_1_74' title="bbox 327 4155 1944 4243">
    <p class='ocr_par' dir='ltr' id='par_1_74' title="bbox 327 4167 1944 4243">
     <span class='ocr_line' id='line_1_74' title="bbox 327 4167 1944 4243; baseline 0.017 -40"><span class='ocrx_word' id='word_1_532' title='bbox 327 4168 445 4237; x_wconf 67' lang='grc' dir='ltr'>νῆς</span> <span class='ocrx_word' id='word_1_533' title='bbox 486 4167 613 4235; x_wconf 75' lang='grc' dir='ltr'>παρ’</span> <span class='ocrx_word' id='word_1_534' title='bbox 644 4168 774 4240; x_wconf 76' lang='grc' dir='ltr'>ὅλην</span> <span class='ocrx_word' id='word_1_535' title='bbox 807 4173 834 4224; x_wconf 82' lang='grc' dir='ltr'>ὁ</span> <span class='ocrx_word' id='word_1_536' title='bbox 863 4170 1021 4234; x_wconf 77' lang='grc' dir='ltr'>πόνος</span> <span class='ocrx_word' id='word_1_537' title='bbox 1051 4172 1176 4241; x_wconf 73' lang='grc' dir='ltr'>ἐμοὶ</span> <span class='ocrx_word' id='word_1_538' title='bbox 1221 4171 1321 4243; x_wconf 79' lang='grc' dir='ltr'>τὴν</span> <span class='ocrx_word' id='word_1_539' title='bbox 1353 4170 1532 4243; x_wconf 76' lang='grc' dir='ltr'>ζωήνς</span> <span class='ocrx_word' id='word_1_540' title='bbox 1565 4174 1628 4225; x_wconf 79' lang='lat' dir='ltr'>El</span> <span class='ocrx_word' id='word_1_541' title='bbox 1669 4175 1769 4228; x_wconf 79' lang='grc' dir='ltr'>οὐκ</span> <span class='ocrx_word' id='word_1_542' title='bbox 1809 4175 1944 4229; x_wconf 81' lang='grc' dir='ltr'>ἁνα-</span> 
     </span>
    </p>
   </div>
   <div class='ocr_carea' id='block_1_75' title="bbox 330 4261 1944 4338">
    <p class='ocr_par' dir='ltr' id='par_1_75' title="bbox 330 4261 1944 4338">
     <span class='ocr_line' id='line_1_75' title="bbox 330 4261 1944 4338; baseline 0.004 -24"><span class='ocrx_word' id='word_1_543' title='bbox 330 4261 630 4329; x_wconf 80' lang='grc' dir='ltr'>στήσεται,</span> <span class='ocrx_word' id='word_1_544' title='bbox 666 4264 836 4326; x_wconf 75' lang='grc' dir='ltr'>ὅντως</span> <span class='ocrx_word' id='word_1_545' title='bbox 882 4264 983 4315; x_wconf 83' lang='grc' dir='ltr'>οὐκ</span> <span class='ocrx_word' id='word_1_546' title='bbox 1016 4263 1366 4334; x_wconf 69' lang='grc' dir='ltr'>εὐηρέστησα</span> <span class='ocrx_word' id='word_1_547' title='bbox 1395 4265 1474 4336; x_wconf 81' lang='grc' dir='ltr'>τῷ</span> <span class='ocrx_word' id='word_1_548' title='bbox 1508 4265 1628 4337; x_wconf 87' lang='grc' dir='ltr'>Θεῷ</span> <span class='ocrx_word' id='word_1_549' title='bbox 1678 4285 1805 4338; x_wconf 86' lang='grc' dir='ltr'>μου,</span> <span class='ocrx_word' id='word_1_550' title='bbox 1852 4268 1944 4320; x_wconf 81' lang='grc' dir='ltr'>ού-</span> 
     </span>
    </p>
   </div>
   <div class='ocr_carea' id='block_1_76' title="bbox 324 4352 1943 4432">
    <p class='ocr_par' dir='ltr' id='par_1_76' title="bbox 324 4352 1943 4432">
     <span class='ocr_line' id='line_1_76' title="bbox 324 4352 1943 4432; baseline 0.004 -26"><span class='ocrx_word' id='word_1_551' title='bbox 324 4352 395 4406; x_wconf 55' lang='lat'><em>6:</em></span> <span class='ocrx_word' id='word_1_552' title='bbox 424 4358 716 4407; x_wconf 85' lang='grc' dir='ltr'>κοινωνίαν</span> <span class='ocrx_word' id='word_1_553' title='bbox 746 4356 1016 4425; x_wconf 76' lang='grc' dir='ltr'>οὐμενοῦν</span> <span class='ocrx_word' id='word_1_554' title='bbox 1044 4354 1201 4428; x_wconf 80' lang='grc' dir='ltr'>εῦρον</span> <span class='ocrx_word' id='word_1_555' title='bbox 1234 4359 1493 4429; x_wconf 78' lang='grc' dir='ltr'>οὐδεμίαν</span> <span class='ocrx_word' id='word_1_556' title='bbox 1526 4361 1584 4412; x_wconf 79' lang='grc' dir='ltr'>ἐν</span> <span class='ocrx_word' id='word_1_557' title='bbox 1617 4360 1767 4432; x_wconf 82' lang='grc' dir='ltr'>ὑμῖν,</span> <span class='ocrx_word' id='word_1_558' title='bbox 1804 4361 1852 4414; x_wconf 88' lang='grc' dir='ltr'>εἰ</span> <span class='ocrx_word' id='word_1_559' title='bbox 1883 4363 1943 4413; x_wconf 83' lang='grc' dir='ltr'>οὐ</span> 
     </span>
    </p>
   </div>
   <div class='ocr_carea' id='block_1_77' title="bbox 332 4443 1944 4519">
    <p class='ocr_par' dir='ltr' id='par_1_77' title="bbox 332 4443 1944 4519">
     <span class='ocr_line' id='line_1_77' title="bbox 332 4443 1944 4519; baseline 0.005 -23"><span class='ocrx_word' id='word_1_560' title='bbox 332 4443 599 4512; x_wconf 80' lang='grc' dir='ltr'>ζήσεται.</span> <span class='ocrx_word' id='word_1_561' title='bbox 646 4447 704 4499; x_wconf 84' lang='lat'>&#39;0</span> <span class='ocrx_word' id='word_1_562' title='bbox 729 4449 790 4499; x_wconf 83' lang='grc' dir='ltr'>ὲν</span> <span class='ocrx_word' id='word_1_563' title='bbox 843 4447 1072 4519; x_wconf 73' lang='grc' dir='ltr'>ὑψηλοῖς</span> <span class='ocrx_word' id='word_1_564' title='bbox 1116 4449 1415 4517; x_wconf 88' lang='grc' dir='ltr'>κατοικῶν,</span> <span class='ocrx_word' id='word_1_565' title='bbox 1441 4451 1535 4506; x_wconf 85' lang='lat' dir='ltr'>xui</span> <span class='ocrx_word' id='word_1_566' title='bbox 1581 4451 1653 4504; x_wconf 63' lang='grc' dir='ltr'>τὶ</span> <span class='ocrx_word' id='word_1_567' title='bbox 1707 4451 1944 4506; x_wconf 87' lang='grc' dir='ltr'>ταπεινὰ</span> 
     </span>
    </p>
   </div>
   <div class='ocr_carea' id='block_1_78' title="bbox 2047 3244 3647 3317">
    <p class='ocr_par' dir='ltr' id='par_1_78' title="bbox 2047 3244 3647 3317">
     <span class='ocr_line' id='line_1_78' title="bbox 2047 3244 3647 3317; baseline 0 -17"><span class='ocrx_word' id='word_1_568' title='bbox 2047 3244 2139 3301; x_wconf 87' lang='lat' dir='ltr'>alii</span> <span class='ocrx_word' id='word_1_569' title='bbox 2204 3244 2329 3300; x_wconf 90' lang='lat' dir='ltr'>aliis</span> <span class='ocrx_word' id='word_1_570' title='bbox 2380 3244 2725 3300; x_wconf 84' lang='lat' dir='ltr'>exercitibus</span> <span class='ocrx_word' id='word_1_571' title='bbox 2798 3244 3085 3316; x_wconf 69' lang='lat' dir='ltr'>prtefecti:</span> <span class='ocrx_word' id='word_1_572' title='bbox 3133 3246 3309 3301; x_wconf 87' lang='lat' dir='ltr'>divini</span> <span class='ocrx_word' id='word_1_573' title='bbox 3364 3247 3647 3317; x_wconf 86' lang='lat' dir='ltr'>apostoli,</span> 
     </span>
    </p>
   </div>
   <div class='ocr_carea' id='block_1_79' title="bbox 2044 3335 3646 3408">
    <p class='ocr_par' dir='ltr' id='par_1_79' title="bbox 2044 3335 3646 3408">
     <span class='ocr_line' id='line_1_79' title="bbox 2044 3335 3646 3408; baseline -0.001 -18"><span class='ocrx_word' id='word_1_574' title='bbox 2044 3335 2355 3407; x_wconf 80' lang='lat' dir='ltr'>prophetae,</span> <span class='ocrx_word' id='word_1_575' title='bbox 2409 3345 2711 3407; x_wconf 81' lang='lat' dir='ltr'>martyres,</span> <span class='ocrx_word' id='word_1_576' title='bbox 2764 3336 3104 3402; x_wconf 87' lang='lat' dir='ltr'>sacerdotes,</span> <span class='ocrx_word' id='word_1_577' title='bbox 3130 3337 3221 3408; x_wconf 89' lang='lat' dir='ltr'>qui</span> <span class='ocrx_word' id='word_1_578' title='bbox 3255 3337 3646 3392; x_wconf 84' lang='lat' dir='ltr'>inexhaustum</span> 
     </span>
    </p>
   </div>
   <div class='ocr_carea' id='block_1_80' title="bbox 2048 3427 3636 3501">
    <p class='ocr_par' dir='ltr' id='par_1_80' title="bbox 2048 3427 3636 3501">
     <span class='ocr_line' id='line_1_80' title="bbox 2048 3427 3636 3501; baseline 0.003 -18"><span class='ocrx_word' id='word_1_579' title='bbox 2048 3427 2385 3483; x_wconf 88' lang='lat' dir='ltr'>sacriﬁcium</span> <span class='ocrx_word' id='word_1_580' title='bbox 2439 3443 2542 3498; x_wconf 91' lang='lat' dir='ltr'>pro</span> <span class='ocrx_word' id='word_1_581' title='bbox 2588 3427 2881 3483; x_wconf 89' lang='lat' dir='ltr'>animabus</span> <span class='ocrx_word' id='word_1_582' title='bbox 2926 3428 3097 3500; x_wconf 87' lang='lat' dir='ltr'>justis</span> <span class='ocrx_word' id='word_1_583' title='bbox 3127 3429 3357 3501; x_wconf 81' lang='lat' dir='ltr'>mystice</span> <span class='ocrx_word' id='word_1_584' title='bbox 3401 3428 3636 3488; x_wconf 84' lang='lat' dir='ltr'>oﬁ‘crtis.</span> 
     </span>
    </p>
   </div>
   <div class='ocr_carea' id='block_1_81' title="bbox 2042 3517 3639 3590">
    <p class='ocr_par' dir='ltr' id='par_1_81' title="bbox 2042 3517 3639 3590">
     <span class='ocr_line' id='line_1_81' title="bbox 2042 3517 3639 3590; baseline 0.001 -18"><span class='ocrx_word' id='word_1_585' title='bbox 2042 3517 2156 3589; x_wconf 87' lang='lat' dir='ltr'>jam</span> <span class='ocrx_word' id='word_1_586' title='bbox 2205 3517 2388 3572; x_wconf 92' lang='lat' dir='ltr'>omnis</span> <span class='ocrx_word' id='word_1_587' title='bbox 2433 3527 2615 3573; x_wconf 87' lang='lat' dir='ltr'>vestra</span> <span class='ocrx_word' id='word_1_588' title='bbox 2649 3517 2705 3572; x_wconf 91' lang='lat' dir='ltr'>in</span> <span class='ocrx_word' id='word_1_589' title='bbox 2758 3518 2931 3572; x_wconf 88' lang='lat' dir='ltr'>Demu</span> <span class='ocrx_word' id='word_1_590' title='bbox 2970 3517 3173 3573; x_wconf 82' lang='lat' dir='ltr'>ﬁducia</span> <span class='ocrx_word' id='word_1_591' title='bbox 3207 3535 3310 3589; x_wconf 88' lang='lat' dir='ltr'>pro</span> <span class='ocrx_word' id='word_1_592' title='bbox 3354 3535 3442 3574; x_wconf 89' lang='lat' dir='ltr'>me</span> <span class='ocrx_word' id='word_1_593' title='bbox 3490 3520 3639 3590; x_wconf 79' lang='lat' dir='ltr'>loqui</span> 
     </span>
    </p>
   </div>
   <div class='ocr_carea' id='block_1_82' title="bbox 2044 3609 3667 3682">
    <p class='ocr_par' dir='ltr' id='par_1_82' title="bbox 2044 3609 3667 3682">
     <span class='ocr_line' id='line_1_82' title="bbox 2044 3609 3667 3682; baseline -0.001 -18"><span class='ocrx_word' id='word_1_594' title='bbox 2044 3609 2258 3666; x_wconf 88' lang='lat' dir='ltr'>destitit</span> <span class='ocrx_word' id='word_1_595' title='bbox 2320 3625 2385 3663; x_wconf 89' lang='lat' dir='ltr'>ac</span> <span class='ocrx_word' id='word_1_596' title='bbox 2416 3618 2568 3664; x_wconf 88' lang='lat' dir='ltr'>muta</span> <span class='ocrx_word' id='word_1_597' title='bbox 2614 3618 2735 3673; x_wconf 87' lang='lat' dir='ltr'>est;</span> <span class='ocrx_word' id='word_1_598' title='bbox 2800 3610 2962 3664; x_wconf 88' lang='lat' dir='ltr'>obliti</span> <span class='ocrx_word' id='word_1_599' title='bbox 3012 3610 3149 3666; x_wconf 81' lang='lat' dir='ltr'>estis</span> <span class='ocrx_word' id='word_1_600' title='bbox 3205 3612 3335 3679; x_wconf 87' lang='lat' dir='ltr'>mei,</span> <span class='ocrx_word' id='word_1_601' title='bbox 3383 3612 3479 3682; x_wconf 91' lang='lat' dir='ltr'>qui</span> <span class='ocrx_word' id='word_1_602' title='bbox 3542 3628 3667 3669; x_wconf 22' lang='lat' dir='ltr'>vos.</span> 
     </span>
    </p>
   </div>
   <div class='ocr_carea' id='block_1_83' title="bbox 2046 3692 3641 3775">
    <p class='ocr_par' dir='ltr' id='par_1_83' title="bbox 2046 3692 3641 3775">
     <span class='ocr_line' id='line_1_83' title="bbox 2046 3692 3641 3775; baseline 0.001 -18"><span class='ocrx_word' id='word_1_603' title='bbox 2046 3717 2268 3771; x_wconf 88' lang='lat' dir='ltr'>semper</span> <span class='ocrx_word' id='word_1_604' title='bbox 2300 3701 2642 3757; x_wconf 90' lang='lat' dir='ltr'>mediatorcs</span> <span class='ocrx_word' id='word_1_605' title='bbox 2667 3702 2900 3757; x_wconf 87' lang='lat' dir='ltr'>adhibui</span> <span class='ocrx_word' id='word_1_606' title='bbox 2928 3721 2941 3755; x_wconf 89' lang='lat'><strong>:</strong></span> <span class='ocrx_word' id='word_1_607' title='bbox 2973 3692 3123 3773; x_wconf 69' lang='lat' dir='ltr'>jacet</span> <span class='ocrx_word' id='word_1_608' title='bbox 3166 3704 3393 3775; x_wconf 85' lang='lat' dir='ltr'>quippe,</span> <span class='ocrx_word' id='word_1_609' title='bbox 3427 3714 3488 3759; x_wconf 89' lang='lat' dir='ltr'>ut</span> <span class='ocrx_word' id='word_1_610' title='bbox 3519 3722 3641 3761; x_wconf 87' lang='lat' dir='ltr'>cer-</span> 
     </span>
    </p>
   </div>
   <div class='ocr_carea' id='block_1_84' title="bbox 2046 3793 3648 3865">
    <p class='ocr_par' dir='ltr' id='par_1_84' title="bbox 2046 3793 3648 3865">
     <span class='ocr_line' id='line_1_84' title="bbox 2046 3793 3648 3865; baseline 0.003 -18"><span class='ocrx_word' id='word_1_611' title='bbox 2046 3793 2200 3856; x_wconf 86' lang='lat' dir='ltr'>nitis,</span> <span class='ocrx_word' id='word_1_612' title='bbox 2234 3793 2327 3847; x_wconf 90' lang='lat' dir='ltr'>hic</span> <span class='ocrx_word' id='word_1_613' title='bbox 2352 3793 2663 3865; x_wconf 91' lang='lat' dir='ltr'>discipulus</span> <span class='ocrx_word' id='word_1_614' title='bbox 2687 3810 2881 3860; x_wconf 89' lang='lat' dir='ltr'>meus;</span> <span class='ocrx_word' id='word_1_615' title='bbox 2917 3809 2975 3850; x_wconf 88' lang='lat' dir='ltr'>et</span> <span class='ocrx_word' id='word_1_616' title='bbox 2999 3796 3150 3851; x_wconf 88' lang='lat' dir='ltr'>nulla</span> <span class='ocrx_word' id='word_1_617' title='bbox 3193 3813 3223 3850; x_wconf 92' lang='lat' dir='ltr'>a</span> <span class='ocrx_word' id='word_1_618' title='bbox 3259 3797 3419 3851; x_wconf 85' lang='lat' dir='ltr'>vobis</span> <span class='ocrx_word' id='word_1_619' title='bbox 3472 3799 3648 3852; x_wconf 77' lang='lat' dir='ltr'>inter-</span> 
     </span>
    </p>
   </div>
   <div class='ocr_carea' id='block_1_85' title="bbox 2047 3884 3645 3959">
    <p class='ocr_par' dir='ltr' id='par_1_85' title="bbox 2047 3884 3645 3959">
     <span class='ocr_line' id='line_1_85' title="bbox 2047 3884 3645 3959; baseline 0.003 -20"><span class='ocrx_word' id='word_1_620' title='bbox 2047 3884 2249 3949; x_wconf 90' lang='lat' dir='ltr'>cessio,</span> <span class='ocrx_word' id='word_1_621' title='bbox 2278 3884 2432 3941; x_wconf 86' lang='lat' dir='ltr'>nulla</span> <span class='ocrx_word' id='word_1_622' title='bbox 2458 3884 2716 3941; x_wconf 89' lang='lat' dir='ltr'>dolorum</span> <span class='ocrx_word' id='word_1_623' title='bbox 2748 3902 2999 3943; x_wconf 89' lang='lat' dir='ltr'>meorum</span> <span class='ocrx_word' id='word_1_624' title='bbox 3050 3888 3465 3945; x_wconf 89' lang='lat' dir='ltr'>commiseratio</span> <span class='ocrx_word' id='word_1_625' title='bbox 3514 3906 3645 3959; x_wconf 81' lang='lat' dir='ltr'>pro-</span> 
     </span>
    </p>
   </div>
   <div class='ocr_carea' id='block_1_86' title="bbox 2049 3976 3642 4050">
    <p class='ocr_par' dir='ltr' id='par_1_86' title="bbox 2049 3976 3642 4050">
     <span class='ocr_line' id='line_1_86' title="bbox 2049 3976 3642 4050; baseline 0.003 -19"><span class='ocrx_word' id='word_1_626' title='bbox 2049 3976 2219 4031; x_wconf 89' lang='lat' dir='ltr'>cedit.</span> <span class='ocrx_word' id='word_1_627' title='bbox 2272 3976 2355 4032; x_wconf 80' lang='lat' dir='ltr'>An</span> <span class='ocrx_word' id='word_1_628' title='bbox 2407 3992 2540 4047; x_wconf 83' lang='lat' dir='ltr'>ergo</span> <span class='ocrx_word' id='word_1_629' title='bbox 2600 3978 2809 4033; x_wconf 83' lang='lat' dir='ltr'>frustra</span> <span class='ocrx_word' id='word_1_630' title='bbox 2880 3978 3065 4035; x_wconf 86' lang='lat' dir='ltr'>omnis</span> <span class='ocrx_word' id='word_1_631' title='bbox 3114 3995 3214 4050; x_wconf 92' lang='lat' dir='ltr'>per</span> <span class='ocrx_word' id='word_1_632' title='bbox 3269 3989 3438 4036; x_wconf 89' lang='lat' dir='ltr'>totam</span> <span class='ocrx_word' id='word_1_633' title='bbox 3469 3981 3642 4036; x_wconf 88' lang='lat' dir='ltr'>vitam</span> 
     </span>
    </p>
   </div>
   <div class='ocr_carea' id='block_1_87' title="bbox 2048 4069 3663 4146">
    <p class='ocr_par' dir='ltr' id='par_1_87' title="bbox 2048 4069 3663 4146">
     <span class='ocr_line' id='line_1_87' title="bbox 2048 4069 3663 4146; baseline 0.004 -23"><span class='ocrx_word' id='word_1_634' title='bbox 2048 4070 2361 4125; x_wconf 87' lang='lat' dir='ltr'>exantlatus</span> <span class='ocrx_word' id='word_1_635' title='bbox 2419 4069 2624 4125; x_wconf 83' lang='lat' dir='ltr'>labor?</span> <span class='ocrx_word' id='word_1_636' title='bbox 2664 4069 2723 4126; x_wconf 87' lang='lat' dir='ltr'>Si</span> <span class='ocrx_word' id='word_1_637' title='bbox 2755 4071 2848 4128; x_wconf 93' lang='lat' dir='ltr'>hic</span> <span class='ocrx_word' id='word_1_638' title='bbox 2878 4088 2989 4127; x_wconf 89' lang='lat' dir='ltr'>non</span> <span class='ocrx_word' id='word_1_639' title='bbox 3022 4083 3298 4146; x_wconf 80' lang='lat' dir='ltr'>resurgat,</span> <span class='ocrx_word' id='word_1_640' title='bbox 3353 4090 3482 4130; x_wconf 86' lang='lat' dir='ltr'>vere</span> <span class='ocrx_word' id='word_1_641' title='bbox 3527 4092 3663 4131; x_wconf 62' lang='lat' dir='ltr'>now.</span> 
     </span>
    </p>
   </div>
   <div class='ocr_carea' id='block_1_88' title="bbox 2050 4163 3647 4237">
    <p class='ocr_par' dir='ltr' id='par_1_88' title="bbox 2050 4163 3647 4237">
     <span class='ocr_line' id='line_1_88' title="bbox 2050 4163 3647 4237; baseline 0.004 -20"><span class='ocrx_word' id='word_1_642' title='bbox 2050 4163 2235 4236; x_wconf 91' lang='lat' dir='ltr'>placui</span> <span class='ocrx_word' id='word_1_643' title='bbox 2293 4163 2406 4218; x_wconf 89' lang='lat' dir='ltr'>Deo</span> <span class='ocrx_word' id='word_1_644' title='bbox 2464 4180 2621 4231; x_wconf 90' lang='lat' dir='ltr'>meo;</span> <span class='ocrx_word' id='word_1_645' title='bbox 2684 4181 2869 4237; x_wconf 88' lang='lat' dir='ltr'>neque</span> <span class='ocrx_word' id='word_1_646' title='bbox 2927 4168 3376 4224; x_wconf 90' lang='lat' dir='ltr'>communionem</span> <span class='ocrx_word' id='word_1_647' title='bbox 3452 4169 3647 4225; x_wconf 86' lang='lat' dir='ltr'>inveni</span> 
     </span>
    </p>
   </div>
   <div class='ocr_carea' id='block_1_89' title="bbox 2049 4256 3643 4332">
    <p class='ocr_par' dir='ltr' id='par_1_89' title="bbox 2049 4256 3643 4332">
     <span class='ocr_line' id='line_1_89' title="bbox 2049 4256 3643 4332; baseline 0.005 -23"><span class='ocrx_word' id='word_1_648' title='bbox 2049 4257 2219 4311; x_wconf 89' lang='lat' dir='ltr'>ullam</span> <span class='ocrx_word' id='word_1_649' title='bbox 2254 4256 2308 4310; x_wconf 90' lang='lat' dir='ltr'>in</span> <span class='ocrx_word' id='word_1_650' title='bbox 2345 4257 2526 4322; x_wconf 86' lang='lat' dir='ltr'>vobis,</span> <span class='ocrx_word' id='word_1_651' title='bbox 2562 4258 2607 4312; x_wconf 91' lang='lat' dir='ltr'>si</span> <span class='ocrx_word' id='word_1_652' title='bbox 2661 4275 2772 4312; x_wconf 88' lang='lat' dir='ltr'>non</span> <span class='ocrx_word' id='word_1_653' title='bbox 2823 4260 3144 4315; x_wconf 82' lang='lat' dir='ltr'>reviviscat.</span> <span class='ocrx_word' id='word_1_654' title='bbox 3176 4260 3260 4315; x_wconf 85' lang='lat' dir='ltr'>Tu</span> <span class='ocrx_word' id='word_1_655' title='bbox 3296 4262 3391 4332; x_wconf 90' lang='lat' dir='ltr'>qui</span> <span class='ocrx_word' id='word_1_656' title='bbox 3425 4261 3481 4316; x_wconf 88' lang='lat' dir='ltr'>in</span> <span class='ocrx_word' id='word_1_657' title='bbox 3513 4264 3643 4317; x_wconf 86' lang='lat' dir='ltr'>altis</span> 
     </span>
    </p>
   </div>
   <div class='ocr_carea' id='block_1_90' title="bbox 2049 4349 3640 4423">
    <p class='ocr_par' dir='ltr' id='par_1_90' title="bbox 2049 4349 3640 4423">
     <span class='ocr_line' id='line_1_90' title="bbox 2049 4349 3640 4423; baseline 0.003 -19"><span class='ocrx_word' id='word_1_658' title='bbox 2049 4349 2270 4405; x_wconf 90' lang='lat' dir='ltr'>habitas</span> <span class='ocrx_word' id='word_1_659' title='bbox 2299 4359 2356 4406; x_wconf 90' lang='lat' dir='ltr'>ct</span> <span class='ocrx_word' id='word_1_660' title='bbox 2378 4351 2610 4406; x_wconf 89' lang='lat' dir='ltr'>humilia</span> <span class='ocrx_word' id='word_1_661' title='bbox 2639 4353 2893 4423; x_wconf 91' lang='lat' dir='ltr'>respicis,</span> <span class='ocrx_word' id='word_1_662' title='bbox 2924 4352 3020 4423; x_wconf 94' lang='lat' dir='ltr'>qui</span> <span class='ocrx_word' id='word_1_663' title='bbox 3071 4354 3140 4409; x_wconf 89' lang='lat' dir='ltr'>ad</span> <span class='ocrx_word' id='word_1_664' title='bbox 3200 4353 3484 4409; x_wconf 90' lang='lat' dir='ltr'>dexteram</span> <span class='ocrx_word' id='word_1_665' title='bbox 3520 4372 3640 4408; x_wconf 84' lang='lat' dir='ltr'>ma-</span> 
     </span>
    </p>
   </div>
   <div class='ocr_carea' id='block_1_91' title="bbox 2044 4443 3636 4517">
    <p class='ocr_par' dir='ltr' id='par_1_91' title="bbox 2044 4443 3636 4517">
     <span class='ocr_line' id='line_1_91' title="bbox 2044 4443 3636 4517; baseline 0.003 -19"><span class='ocrx_word' id='word_1_666' title='bbox 2044 4443 2264 4514; x_wconf 85' lang='lat' dir='ltr'>jestatis</span> <span class='ocrx_word' id='word_1_667' title='bbox 2297 4443 2459 4499; x_wconf 88' lang='lat' dir='ltr'>sedes</span> <span class='ocrx_word' id='word_1_668' title='bbox 2505 4445 2559 4499; x_wconf 92' lang='lat' dir='ltr'>in</span> <span class='ocrx_word' id='word_1_669' title='bbox 2606 4445 2785 4508; x_wconf 85' lang='lat' dir='ltr'>coelis,</span> <span class='ocrx_word' id='word_1_670' title='bbox 2819 4456 3106 4511; x_wconf 88' lang='lat' dir='ltr'>converte,</span> <span class='ocrx_word' id='word_1_671' title='bbox 3144 4463 3352 4517; x_wconf 74' lang='lat' dir='ltr'>quzcso,</span> <span class='ocrx_word' id='word_1_672' title='bbox 3381 4448 3636 4509; x_wconf 84' lang='lat' dir='ltr'>Domine,</span> 
     </span>
    </p>
   </div>
   <div class='ocr_carea' id='block_1_92' title="bbox 339 4535 1943 4616">
    <p class='ocr_par' dir='ltr' id='par_1_92' title="bbox 339 4538 1938 4616">
     <span class='ocr_line' id='line_1_92' title="bbox 339 4538 1938 4616; baseline 0.006 -29"><span class='ocrx_word' id='word_1_673' title='bbox 339 4538 586 4607; x_wconf 69' lang='grc' dir='ltr'>ἐφορῶν,</span> <span class='ocrx_word' id='word_1_674' title='bbox 620 4542 648 4593; x_wconf 89' lang='lat'>6</span> <span class='ocrx_word' id='word_1_675' title='bbox 689 4541 746 4592; x_wconf 81' lang='grc' dir='ltr'>ἐν</span> <span class='ocrx_word' id='word_1_676' title='bbox 776 4540 926 4612; x_wconf 82' lang='grc' dir='ltr'>δεξιᾷ</span> <span class='ocrx_word' id='word_1_677' title='bbox 963 4542 1062 4612; x_wconf 82' lang='grc' dir='ltr'>τῆς</span> <span class='ocrx_word' id='word_1_678' title='bbox 1095 4542 1490 4615; x_wconf 82' lang='grc' dir='ltr'>μεγαλωσύνης</span> <span class='ocrx_word' id='word_1_679' title='bbox 1539 4545 1849 4616; x_wconf 84' lang='grc' dir='ltr'>καθήμενος</span> <span class='ocrx_word' id='word_1_680' title='bbox 1879 4548 1938 4598; x_wconf 83' lang='grc' dir='ltr'>ὲν</span> 
     </span>
    </p>
   </div>
   <div class='ocr_carea' id='block_1_93' title="bbox 2049 4535 3671 4616">
    <p class='ocr_par' dir='ltr' id='par_1_93' title="bbox 2052 4535 3671 4611">
     <span class='ocr_line' id='line_1_93' title="bbox 2052 4535 3671 4611; baseline 0.004 -22"><span class='ocrx_word' id='word_1_681' title='bbox 2052 4535 2203 4601; x_wconf 93' lang='lat' dir='ltr'>inde,</span> <span class='ocrx_word' id='word_1_682' title='bbox 2234 4545 2292 4591; x_wconf 90' lang='lat' dir='ltr'>et</span> <span class='ocrx_word' id='word_1_683' title='bbox 2318 4536 2534 4608; x_wconf 87' lang='lat' dir='ltr'>respice</span> <span class='ocrx_word' id='word_1_684' title='bbox 2569 4552 2599 4592; x_wconf 94' lang='lat' dir='ltr'>e</span> <span class='ocrx_word' id='word_1_685' title='bbox 2635 4538 2801 4593; x_wconf 91' lang='lat' dir='ltr'>domo</span> <span class='ocrx_word' id='word_1_686' title='bbox 2821 4548 3009 4595; x_wconf 88' lang='lat' dir='ltr'>sancta</span> <span class='ocrx_word' id='word_1_687' title='bbox 3033 4541 3224 4611; x_wconf 66' lang='lat' dir='ltr'>gloriae</span> <span class='ocrx_word' id='word_1_688' title='bbox 3262 4549 3386 4596; x_wconf 64' lang='lat' dir='ltr'>tua}.</span> <span class='ocrx_word' id='word_1_689' title='bbox 3419 4542 3525 4598; x_wconf 91' lang='lat' dir='ltr'>Ubi</span> <span class='ocrx_word' id='word_1_690' title='bbox 3553 4551 3671 4597; x_wconf 69' lang='lat' dir='ltr'>est,</span> 
     </span>
    </p>
   </div>
   <div class='ocr_carea' id='block_1_94' title="bbox 324 4632 1934 4711">
    <p class='ocr_par' dir='ltr' id='par_1_94' title="bbox 324 4632 1934 4711">
     <span class='ocr_line' id='line_1_94' title="bbox 324 4632 1934 4711; baseline 0.005 -28"><span class='ocrx_word' id='word_1_691' title='bbox 324 4633 458 4692; x_wconf 73' lang='grc' dir='ltr'>τοῖς</span> <span class='ocrx_word' id='word_1_692' title='bbox 486 4632 756 4700; x_wconf 75' lang='grc' dir='ltr'>οὐρανοῖς,</span> <span class='ocrx_word' id='word_1_693' title='bbox 788 4634 1141 4703; x_wconf 73' lang='grc' dir='ltr'>ἐπίστρεψον,</span> <span class='ocrx_word' id='word_1_694' title='bbox 1178 4635 1374 4708; x_wconf 84' lang='grc' dir='ltr'>Κύριε,</span> <span class='ocrx_word' id='word_1_695' title='bbox 1412 4638 1476 4689; x_wconf 80' lang='grc' dir='ltr'>ἐκ</span> <span class='ocrx_word' id='word_1_696' title='bbox 1530 4636 1644 4708; x_wconf 86' lang='grc' dir='ltr'>τοῦ¹</span> <span class='ocrx_word' id='word_1_697' title='bbox 1677 4637 1934 4711; x_wconf 86' lang='grc' dir='ltr'>οὐρανοῦ,</span> 
     </span>
    </p>
   </div>
   <div class='ocr_carea' id='block_1_95' title="bbox 327 4720 1935 4799">
    <p class='ocr_par' dir='ltr' id='par_1_95' title="bbox 327 4720 1935 4799">
     <span class='ocr_line' id='line_1_95' title="bbox 327 4720 1935 4799; baseline 0.007 -26"><span class='ocrx_word' id='word_1_698' title='bbox 327 4721 438 4773; x_wconf 79' lang='grc' dir='ltr'>καὶ</span> <span class='ocrx_word' id='word_1_699' title='bbox 470 4720 544 4773; x_wconf 86' lang='grc' dir='ltr'>ίδε</span> <span class='ocrx_word' id='word_1_700' title='bbox 579 4726 643 4775; x_wconf 83' lang='grc' dir='ltr'>ἐκ</span> <span class='ocrx_word' id='word_1_701' title='bbox 681 4722 770 4775; x_wconf 88' lang='grc' dir='ltr'>τοῦ</span> <span class='ocrx_word' id='word_1_702' title='bbox 819 4725 971 4778; x_wconf 84' lang='grc' dir='ltr'>οῐκου</span> <span class='ocrx_word' id='word_1_703' title='bbox 999 4726 1091 4779; x_wconf 84' lang='grc' dir='ltr'>τοῦ</span> <span class='ocrx_word' id='word_1_704' title='bbox 1134 4728 1294 4797; x_wconf 83' lang='grc' dir='ltr'>ἁγίου</span> <span class='ocrx_word' id='word_1_705' title='bbox 1345 4746 1439 4782; x_wconf 89' lang='grc' dir='ltr'>σου</span> <span class='ocrx_word' id='word_1_706' title='bbox 1470 4729 1565 4783; x_wconf 89' lang='lat' dir='ltr'>xui</span> <span class='ocrx_word' id='word_1_707' title='bbox 1591 4729 1750 4799; x_wconf 77' lang='grc' dir='ltr'>δόξης</span> <span class='ocrx_word' id='word_1_708' title='bbox 1784 4748 1799 4762; x_wconf 77' lang='grc' dir='ltr'><strong>ο</strong></span> <span class='ocrx_word' id='word_1_709' title='bbox 1831 4732 1935 4785; x_wconf 91' lang='grc' dir='ltr'>ποῦ</span> 
     </span>
    </p>
   </div>
   <div class='ocr_carea' id='block_1_96' title="bbox 328 4813 1939 4894">
    <p class='ocr_par' dir='ltr' id='par_1_96' title="bbox 328 4813 1939 4894">
     <span class='ocr_line' id='line_1_96' title="bbox 328 4813 1939 4894; baseline 0.005 -27"><span class='ocrx_word' id='word_1_710' title='bbox 328 4815 489 4867; x_wconf 70' lang='grc' dir='ltr'>ἔστιν</span> <span class='ocrx_word' id='word_1_711' title='bbox 519 4816 548 4867; x_wconf 90' lang='lat'>6</span> <span class='ocrx_word' id='word_1_712' title='bbox 580 4813 740 4886; x_wconf 76' lang='grc' dir='ltr'>ξῆλὸς</span> <span class='ocrx_word' id='word_1_713' title='bbox 772 4834 863 4870; x_wconf 88' lang='grc' dir='ltr'>σου</span> <span class='ocrx_word' id='word_1_714' title='bbox 888 4818 984 4871; x_wconf 87' lang='lat' dir='ltr'>xui</span> <span class='ocrx_word' id='word_1_715' title='bbox 1017 4819 1051 4889; x_wconf 82' lang='grc' dir='ltr'>ἡ</span> <span class='ocrx_word' id='word_1_716' title='bbox 1081 4818 1238 4889; x_wconf 78' lang='grc' dir='ltr'>ἰσχύς</span> <span class='ocrx_word' id='word_1_717' title='bbox 1262 4837 1392 4886; x_wconf 72' lang='grc' dir='ltr'>σονς</span> <span class='ocrx_word' id='word_1_718' title='bbox 1425 4819 1527 4874; x_wconf 87' lang='grc' dir='ltr'>ποῦ</span> <span class='ocrx_word' id='word_1_719' title='bbox 1555 4822 1671 4875; x_wconf 76' lang='grc' dir='ltr'>ἐστι</span> <span class='ocrx_word' id='word_1_720' title='bbox 1706 4823 1766 4875; x_wconf 83' lang='grc' dir='ltr'>τὸ</span> <span class='ocrx_word' id='word_1_721' title='bbox 1801 4821 1939 4894; x_wconf 76' lang='grc' dir='ltr'>πλῆ-</span> 
     </span>
    </p>
   </div>
   <div class='ocr_carea' id='block_1_97' title="bbox 332 4904 1637 4984">
    <p class='ocr_par' dir='ltr' id='par_1_97' title="bbox 332 4904 1637 4984">
     <span class='ocr_line' id='line_1_97' title="bbox 332 4904 1637 4984; baseline 0.008 -27"><span class='ocrx_word' id='word_1_722' title='bbox 332 4906 436 4967; x_wconf 70' lang='grc' dir='ltr'>θος</span> <span class='ocrx_word' id='word_1_723' title='bbox 464 4904 559 4959; x_wconf 87' lang='grc' dir='ltr'>τοῦ</span> <span class='ocrx_word' id='word_1_724' title='bbox 593 4908 746 4962; x_wconf 80' lang='grc' dir='ltr'>ἐλέου</span> <span class='ocrx_word' id='word_1_725' title='bbox 777 4926 870 4964; x_wconf 89' lang='grc' dir='ltr'>σου</span> <span class='ocrx_word' id='word_1_726' title='bbox 902 4911 998 4964; x_wconf 75' lang='grc' dir='ltr'>καὶ</span> <span class='ocrx_word' id='word_1_727' title='bbox 1027 4909 1135 4964; x_wconf 89' lang='grc' dir='ltr'>τῶν</span> <span class='ocrx_word' id='word_1_728' title='bbox 1164 4912 1467 4984; x_wconf 77' lang='grc' dir='ltr'>οἰκτιρμῶν</span> <span class='ocrx_word' id='word_1_729' title='bbox 1499 4930 1592 4968; x_wconf 90' lang='grc' dir='ltr'>σου</span> <span class='ocrx_word' id='word_1_730' title='bbox 1618 4931 1637 4983; x_wconf 86' lang='lat'><strong>;</strong></span> 
     </span>
    </p>
   </div>
   <div class='ocr_carea' id='block_1_98' title="bbox 415 4999 1936 5076">
    <p class='ocr_par' dir='ltr' id='par_1_98' title="bbox 415 4999 1936 5076">
     <span class='ocr_line' id='line_1_98' title="bbox 415 4999 1936 5076; baseline 0.006 -25"><span class='ocrx_word' id='word_1_731' title='bbox 415 5005 575 5069; x_wconf 84' lang='grc' dir='ltr'>ρμς’.</span> <span class='ocrx_word' id='word_1_732' title='bbox 610 4999 798 5054; x_wconf 86' lang='grc' dir='ltr'>Ταῦτα</span> <span class='ocrx_word' id='word_1_733' title='bbox 839 5000 936 5055; x_wconf 88' lang='grc' dir='ltr'>τοῦ</span> <span class='ocrx_word' id='word_1_734' title='bbox 1000 5002 1156 5071; x_wconf 80' lang='grc' dir='ltr'>ἁγίου</span> <span class='ocrx_word' id='word_1_735' title='bbox 1202 5005 1665 5076; x_wconf 88' lang='grc' dir='ltr'>προσευχομένου,</span> <span class='ocrx_word' id='word_1_736' title='bbox 1707 5007 1767 5059; x_wconf 86' lang='grc' dir='ltr'>ού</span> <span class='ocrx_word' id='word_1_737' title='bbox 1806 5024 1936 5060; x_wconf 71' lang='grc' dir='ltr'>κατ-</span> 
     </span>
    </p>
   </div>
   <div class='ocr_carea' id='block_1_99' title="bbox 339 5091 1950 5169">
    <p class='ocr_par' dir='ltr' id='par_1_99' title="bbox 339 5091 1950 5169">
     <span class='ocr_line' id='line_1_99' title="bbox 339 5091 1950 5169; baseline 0.007 -27"><span class='ocrx_word' id='word_1_738' title='bbox 339 5091 541 5162; x_wconf 80' lang='grc' dir='ltr'>ηφείας</span> <span class='ocrx_word' id='word_1_739' title='bbox 571 5092 731 5161; x_wconf 89' lang='grc' dir='ltr'>μόνον</span> <span class='ocrx_word' id='word_1_740' title='bbox 751 5095 801 5147; x_wconf 87' lang='grc' dir='ltr'>οί</span> <span class='ocrx_word' id='word_1_741' title='bbox 833 5095 1105 5165; x_wconf 79' lang='grc' dir='ltr'>παρόντες</span> <span class='ocrx_word' id='word_1_742' title='bbox 1130 5094 1469 5169; x_wconf 77' lang='grc' dir='ltr'>ἐπληροῦντο</span> <span class='ocrx_word' id='word_1_743' title='bbox 1494 5101 1586 5151; x_wconf 82' lang='grc' dir='ltr'>καὶ</span> <span class='ocrx_word' id='word_1_744' title='bbox 1602 5099 1776 5166; x_wconf 80' lang='grc' dir='ltr'>δέους,</span> <span class='ocrx_word' id='word_1_745' title='bbox 1798 5099 1950 5153; x_wconf 79' lang='grc' dir='ltr'>ἀλλὰ</span> 
     </span>
    </p>
   </div>
   <div class='ocr_carea' id='block_1_100' title="bbox 339 5183 1937 5263">
    <p class='ocr_par' dir='ltr' id='par_1_100' title="bbox 339 5183 1937 5263">
     <span class='ocr_line' id='line_1_100' title="bbox 339 5183 1937 5263; baseline 0.008 -27"><span class='ocrx_word' id='word_1_746' title='bbox 339 5183 694 5255; x_wconf 80' lang='grc' dir='ltr'>συμπάσχειν</span> <span class='ocrx_word' id='word_1_747' title='bbox 718 5184 868 5257; x_wconf 83' lang='grc' dir='ltr'>αὖτῷ</span> <span class='ocrx_word' id='word_1_748' title='bbox 905 5188 1105 5259; x_wconf 90' lang='grc' dir='ltr'>μικροῦ</span> <span class='ocrx_word' id='word_1_749' title='bbox 1129 5189 1225 5243; x_wconf 88' lang='lat' dir='ltr'>xui</span> <span class='ocrx_word' id='word_1_750' title='bbox 1263 5192 1331 5244; x_wconf 83' lang='grc' dir='ltr'>τὰ</span> <span class='ocrx_word' id='word_1_751' title='bbox 1368 5194 1609 5263; x_wconf 84' lang='grc' dir='ltr'>στοιχεῖα</span> <span class='ocrx_word' id='word_1_752' title='bbox 1634 5194 1832 5256; x_wconf 85' lang='grc' dir='ltr'>ἐδόκει,</span> <span class='ocrx_word' id='word_1_753' title='bbox 1852 5194 1937 5247; x_wconf 82' lang='grc' dir='ltr'>δι-</span> 
     </span>
    </p>
   </div>
   <div class='ocr_carea' id='block_1_101' title="bbox 340 5277 1934 5357">
    <p class='ocr_par' dir='ltr' id='par_1_101' title="bbox 340 5277 1934 5357">
     <span class='ocr_line' id='line_1_101' title="bbox 340 5277 1934 5357; baseline 0.008 -28"><span class='ocrx_word' id='word_1_754' title='bbox 340 5277 507 5340; x_wconf 86' lang='grc' dir='ltr'>καίας</span> <span class='ocrx_word' id='word_1_755' title='bbox 559 5277 703 5332; x_wconf 78' lang='grc' dir='ltr'>οὕτω</span> <span class='ocrx_word' id='word_1_756' title='bbox 754 5280 937 5351; x_wconf 75' lang='grc' dir='ltr'>ψυχῆς</span> <span class='ocrx_word' id='word_1_757' title='bbox 986 5281 1116 5353; x_wconf 84' lang='grc' dir='ltr'>βοὴν</span> <span class='ocrx_word' id='word_1_758' title='bbox 1144 5283 1569 5355; x_wconf 85' lang='grc' dir='ltr'>δυσωπούμενα·</span> <span class='ocrx_word' id='word_1_759' title='bbox 1608 5288 1709 5356; x_wconf 79' lang='grc' dir='ltr'>τὴν</span> <span class='ocrx_word' id='word_1_760' title='bbox 1749 5288 1934 5357; x_wconf 86' lang='grc' dir='ltr'>μέντοι</span> 
     </span>
    </p>
   </div>
   <div class='ocr_carea' id='block_1_102' title="bbox 342 5370 1935 5452">
    <p class='ocr_par' dir='ltr' id='par_1_102' title="bbox 342 5370 1935 5452">
     <span class='ocr_line' id='line_1_102' title="bbox 342 5370 1935 5452; baseline 0.008 -30"><span class='ocrx_word' id='word_1_761' title='bbox 342 5370 626 5440; x_wconf 87' lang='grc' dir='ltr'>μακαρίαν</span> <span class='ocrx_word' id='word_1_762' title='bbox 655 5372 889 5442; x_wconf 83' lang='grc' dir='ltr'>Μάρθαν</span> <span class='ocrx_word' id='word_1_763' title='bbox 921 5374 1017 5427; x_wconf 86' lang='lat' dir='ltr'>xui</span> <span class='ocrx_word' id='word_1_764' title='bbox 1046 5376 1251 5447; x_wconf 81' lang='grc' dir='ltr'>φρίκης</span> <span class='ocrx_word' id='word_1_765' title='bbox 1275 5394 1326 5429; x_wconf 92' lang='grc' dir='ltr'>τι</span> <span class='ocrx_word' id='word_1_766' title='bbox 1363 5377 1712 5449; x_wconf 85' lang='grc' dir='ltr'>ὑπεληλύθει·</span> <span class='ocrx_word' id='word_1_767' title='bbox 1743 5380 1846 5452; x_wconf 78' lang='grc' dir='ltr'>ἤδη</span> <span class='ocrx_word' id='word_1_768' title='bbox 1877 5381 1935 5435; x_wconf 84' lang='grc' dir='ltr'>δὲ</span> 
     </span>
    </p>
   </div>
   <div class='ocr_carea' id='block_1_103' title="bbox 336 5462 1936 5540">
    <p class='ocr_par' dir='ltr' id='par_1_103' title="bbox 336 5462 1936 5540">
     <span class='ocr_line' id='line_1_103' title="bbox 336 5462 1936 5540; baseline 0.008 -26"><span class='ocrx_word' id='word_1_769' title='bbox 336 5463 435 5515; x_wconf 75' lang='lat' dir='ltr'>xui</span> <span class='ocrx_word' id='word_1_770' title='bbox 487 5462 592 5529; x_wconf 79' lang='grc' dir='ltr'>ἔξω</span> <span class='ocrx_word' id='word_1_771' title='bbox 645 5465 846 5536; x_wconf 78' lang='grc' dir='ltr'>ἑαυτῆς</span> <span class='ocrx_word' id='word_1_772' title='bbox 901 5466 1121 5537; x_wconf 79' lang='grc' dir='ltr'>ἐνόμιζε</span> <span class='ocrx_word' id='word_1_773' title='bbox 1174 5470 1527 5540; x_wconf 80' lang='grc' dir='ltr'>γεγενῆσθαι,</span> <span class='ocrx_word' id='word_1_774' title='bbox 1574 5470 1681 5536; x_wconf 77' lang='grc' dir='ltr'>ἕως</span> <span class='ocrx_word' id='word_1_775' title='bbox 1728 5474 1936 5527; x_wconf 81' lang='grc' dir='ltr'>ἄνωθεν</span> 
     </span>
    </p>
   </div>
   <div class='ocr_carea' id='block_1_104' title="bbox 336 5553 1932 5631">
    <p class='ocr_par' dir='ltr' id='par_1_104' title="bbox 336 5553 1932 5631">
     <span class='ocr_line' id='line_1_104' title="bbox 336 5553 1932 5631; baseline 0.008 -28"><span class='ocrx_word' id='word_1_776' title='bbox 336 5553 585 5623; x_wconf 83' lang='grc' dir='ltr'>κρυφίως</span> <span class='ocrx_word' id='word_1_777' title='bbox 622 5555 1013 5627; x_wconf 79' lang='grc' dir='ltr'>ὲπιδημήσασα</span> <span class='ocrx_word' id='word_1_778' title='bbox 1045 5560 1203 5630; x_wconf 85' lang='grc' dir='ltr'>χάρις</span> <span class='ocrx_word' id='word_1_779' title='bbox 1227 5562 1309 5622; x_wconf 86' lang='grc' dir='ltr'>είς</span> <span class='ocrx_word' id='word_1_780' title='bbox 1337 5560 1537 5631; x_wconf 80' lang='grc' dir='ltr'>ἑαυτὴν</span> <span class='ocrx_word' id='word_1_781' title='bbox 1560 5562 1932 5631; x_wconf 83' lang='grc' dir='ltr'>ἐπανήγαγεν.</span> 
     </span>
    </p>
   </div>
   <div class='ocr_carea' id='block_1_105' title="bbox 351 5640 1938 5724">
    <p class='ocr_par' dir='ltr' id='par_1_105' title="bbox 351 5640 1938 5724">
     <span class='ocr_line' id='line_1_105' title="bbox 351 5640 1938 5724; baseline 0.006 -28"><span class='ocrx_word' id='word_1_782' title='bbox 351 5640 495 5697; x_wconf 76' lang='grc' dir='ltr'>Ἀλλ’</span> <span class='ocrx_word' id='word_1_783' title='bbox 523 5645 583 5698; x_wconf 85' lang='grc' dir='ltr'>οὐ</span> <span class='ocrx_word' id='word_1_784' title='bbox 612 5645 722 5717; x_wconf 83' lang='grc' dir='ltr'>γὰρ</span> <span class='ocrx_word' id='word_1_785' title='bbox 755 5646 947 5716; x_wconf 77' lang='grc' dir='ltr'>ἔμελλε</span> <span class='ocrx_word' id='word_1_786' title='bbox 976 5649 1110 5713; x_wconf 77' lang='grc' dir='ltr'>Θεὸς</span> <span class='ocrx_word' id='word_1_787' title='bbox 1134 5649 1309 5724; x_wconf 80' lang='grc' dir='ltr'>ταύτῃ</span> <span class='ocrx_word' id='word_1_788' title='bbox 1340 5650 1435 5704; x_wconf 90' lang='grc' dir='ltr'>τοῦ</span> <span class='ocrx_word' id='word_1_789' title='bbox 1461 5650 1671 5704; x_wconf 86' lang='grc' dir='ltr'>δικαίου</span> <span class='ocrx_word' id='word_1_790' title='bbox 1701 5653 1938 5722; x_wconf 85' lang='grc' dir='ltr'>κάμνον-</span> 
     </span>
    </p>
   </div>
   <div class='ocr_carea' id='block_1_106' title="bbox 340 5738 1934 5815">
    <p class='ocr_par' dir='ltr' id='par_1_106' title="bbox 340 5738 1934 5815">
     <span class='ocr_line' id='line_1_106' title="bbox 340 5738 1934 5815; baseline 0.006 -27"><span class='ocrx_word' id='word_1_791' title='bbox 340 5753 432 5798; x_wconf 78' lang='grc' dir='ltr'>τος</span> <span class='ocrx_word' id='word_1_792' title='bbox 466 5738 559 5790; x_wconf 74' lang='grc' dir='ltr'>ἐπὶ</span> <span class='ocrx_word' id='word_1_793' title='bbox 601 5739 764 5792; x_wconf 85' lang='grc' dir='ltr'>πλέον</span> <span class='ocrx_word' id='word_1_794' title='bbox 811 5741 1112 5813; x_wconf 80' lang='grc' dir='ltr'>ὑπερορᾷν,</span> <span class='ocrx_word' id='word_1_795' title='bbox 1145 5744 1281 5797; x_wconf 81' lang='grc' dir='ltr'>ἀλλὰ</span> <span class='ocrx_word' id='word_1_796' title='bbox 1308 5744 1459 5808; x_wconf 81' lang='grc' dir='ltr'>θείας</span> <span class='ocrx_word' id='word_1_797' title='bbox 1484 5748 1511 5799; x_wconf 88' lang='grc' dir='ltr'>ὁ</span> <span class='ocrx_word' id='word_1_798' title='bbox 1542 5744 1767 5815; x_wconf 81' lang='grc' dir='ltr'>Συμεὼν</span> <span class='ocrx_word' id='word_1_799' title='bbox 1812 5747 1934 5798; x_wconf 82' lang='grc' dir='ltr'>ἐπι-</span> 
     </span>
    </p>
   </div>
   <div class='ocr_carea' id='block_1_107' title="bbox 346 5831 1934 5910">
    <p class='ocr_par' dir='ltr' id='par_1_107' title="bbox 346 5831 1934 5910">
     <span class='ocr_line' id='line_1_107' title="bbox 346 5831 1934 5910; baseline 0.007 -29"><span class='ocrx_word' id='word_1_800' title='bbox 346 5831 553 5903; x_wconf 63' lang='grc' dir='ltr'>σκοπῆς</span> <span class='ocrx_word' id='word_1_801' title='bbox 587 5831 683 5886; x_wconf 85' lang='lat' dir='ltr'>xui</span> <span class='ocrx_word' id='word_1_802' title='bbox 716 5837 1094 5908; x_wconf 84' lang='grc' dir='ltr'>προσαγούσης</span> <span class='ocrx_word' id='word_1_803' title='bbox 1124 5837 1225 5909; x_wconf 78' lang='grc' dir='ltr'>ήδη</span> <span class='ocrx_word' id='word_1_804' title='bbox 1252 5837 1649 5910; x_wconf 84' lang='grc' dir='ltr'>παρακλήσεως</span> <span class='ocrx_word' id='word_1_805' title='bbox 1672 5838 1934 5892; x_wconf 77' lang='grc' dir='ltr'>ύπαισοό-</span> 
     </span>
    </p>
   </div>
   <div class='ocr_carea' id='block_1_108' title="bbox 2047 4627 3635 4690">
    <p class='ocr_par' dir='ltr' id='par_1_108' title="bbox 2047 4627 3635 4690">
     <span class='ocr_line' id='line_1_108' title="bbox 2047 4627 3635 4690; baseline 0.005 -9"><span class='ocrx_word' id='word_1_806' title='bbox 2047 4627 2200 4682; x_wconf 88' lang='lat' dir='ltr'>zelus</span> <span class='ocrx_word' id='word_1_807' title='bbox 2232 4635 2361 4683; x_wconf 91' lang='lat' dir='ltr'>tuus</span> <span class='ocrx_word' id='word_1_808' title='bbox 2390 4644 2453 4683; x_wconf 92' lang='lat' dir='ltr'>ac</span> <span class='ocrx_word' id='word_1_809' title='bbox 2483 4628 2666 4685; x_wconf 91' lang='lat' dir='ltr'>virtus</span> <span class='ocrx_word' id='word_1_810' title='bbox 2696 4630 2832 4684; x_wconf 89' lang='lat' dir='ltr'>tua?</span> <span class='ocrx_word' id='word_1_811' title='bbox 2861 4631 2956 4685; x_wconf 87' lang='lat' dir='ltr'>ubi</span> <span class='ocrx_word' id='word_1_812' title='bbox 2992 4641 3077 4688; x_wconf 89' lang='lat' dir='ltr'>est</span> <span class='ocrx_word' id='word_1_813' title='bbox 3111 4633 3410 4687; x_wconf 90' lang='lat' dir='ltr'>multitudo</span> <span class='ocrx_word' id='word_1_814' title='bbox 3466 4634 3635 4690; x_wconf 80' lang='lat' dir='ltr'>misc-</span> 
     </span>
    </p>
   </div>
   <div class='ocr_carea' id='block_1_109' title="bbox 2041 4718 3281 4778">
    <p class='ocr_par' dir='ltr' id='par_1_109' title="bbox 2041 4718 3281 4778">
     <span class='ocr_line' id='line_1_109' title="bbox 2041 4718 3281 4778; baseline 0.004 -5"><span class='ocrx_word' id='word_1_815' title='bbox 2041 4718 2302 4775; x_wconf 71' lang='lat' dir='ltr'>ricordia:</span> <span class='ocrx_word' id='word_1_816' title='bbox 2334 4728 2441 4775; x_wconf 74' lang='lat' dir='ltr'>tua:</span> <span class='ocrx_word' id='word_1_817' title='bbox 2480 4728 2537 4775; x_wconf 90' lang='lat' dir='ltr'>et</span> <span class='ocrx_word' id='word_1_818' title='bbox 2563 4722 2982 4778; x_wconf 87' lang='lat' dir='ltr'>miserationum</span> <span class='ocrx_word' id='word_1_819' title='bbox 3021 4723 3281 4778; x_wconf 89' lang='lat' dir='ltr'>tuarum?</span> 
     </span>
    </p>
   </div>
   <div class='ocr_carea' id='block_1_110' title="bbox 2116 5003 3660 5071">
    <p class='ocr_par' dir='ltr' id='par_1_110' title="bbox 2116 5003 3660 5071">
     <span class='ocr_line' id='line_1_110' title="bbox 2116 5003 3660 5071; baseline 0.003 -14"><span class='ocrx_word' id='word_1_820' title='bbox 2116 5004 2236 5059; x_wconf 78' lang='lat' dir='ltr'>H6.</span> <span class='ocrx_word' id='word_1_821' title='bbox 2278 5003 2334 5058; x_wconf 86' lang='lat' dir='ltr'>In</span> <span class='ocrx_word' id='word_1_822' title='bbox 2386 5005 2532 5058; x_wconf 90' lang='lat' dir='ltr'>hunc</span> <span class='ocrx_word' id='word_1_823' title='bbox 2591 5005 2814 5059; x_wconf 90' lang='lat' dir='ltr'>modum</span> <span class='ocrx_word' id='word_1_824' title='bbox 2870 5011 3067 5061; x_wconf 89' lang='lat' dir='ltr'>orante</span> <span class='ocrx_word' id='word_1_825' title='bbox 3117 5015 3330 5071; x_wconf 88' lang='lat' dir='ltr'>sancto,</span> <span class='ocrx_word' id='word_1_826' title='bbox 3396 5023 3660 5063; x_wconf 67' lang='lat' dir='ltr'>nia-rore-</span> 
     </span>
    </p>
   </div>
   <div class='ocr_carea' id='block_1_111' title="bbox 2042 5097 3727 5171">
    <p class='ocr_par' dir='ltr' id='par_1_111' title="bbox 2042 5097 3727 5171">
     <span class='ocr_line' id='line_1_111' title="bbox 2042 5097 3727 5171; baseline 0.004 -19"><span class='ocrx_word' id='word_1_827' title='bbox 2042 5097 2347 5168; x_wconf 88' lang='lat' dir='ltr'>timoreque</span> <span class='ocrx_word' id='word_1_828' title='bbox 2392 5097 2603 5167; x_wconf 90' lang='lat' dir='ltr'>impleti</span> <span class='ocrx_word' id='word_1_829' title='bbox 2670 5106 2798 5154; x_wconf 89' lang='lat' dir='ltr'>sunt</span> <span class='ocrx_word' id='word_1_830' title='bbox 2828 5115 2936 5153; x_wconf 88' lang='lat' dir='ltr'>non</span> <span class='ocrx_word' id='word_1_831' title='bbox 2971 5099 3135 5153; x_wconf 93' lang='lat' dir='ltr'>modo</span> <span class='ocrx_word' id='word_1_832' title='bbox 3182 5108 3501 5171; x_wconf 64' lang='lat' dir='ltr'>prmsentcs,</span> <span class='ocrx_word' id='word_1_833' title='bbox 3538 5116 3633 5155; x_wconf 87' lang='lat' dir='ltr'>ve-</span> <span class='ocrx_word' id='word_1_834' title='bbox 3708 5118 3727 5159; x_wconf 57' lang='grc' dir='ltr'>,λ</span> 
     </span>
    </p>
   </div>
   <div class='ocr_carea' id='block_1_112' title="bbox 2041 5186 3711 5261">
    <p class='ocr_par' dir='ltr' id='par_1_112' title="bbox 2041 5186 3711 5261">
     <span class='ocr_line' id='line_1_112' title="bbox 2041 5186 3711 5261; baseline 0.001 -18"><span class='ocrx_word' id='word_1_835' title='bbox 2041 5206 2162 5244; x_wconf 91' lang='lat' dir='ltr'>rum</span> <span class='ocrx_word' id='word_1_836' title='bbox 2214 5189 2331 5260; x_wconf 90' lang='lat' dir='ltr'>ipsa</span> <span class='ocrx_word' id='word_1_837' title='bbox 2366 5205 2589 5260; x_wconf 88' lang='lat' dir='ltr'>quoque</span> <span class='ocrx_word' id='word_1_838' title='bbox 2636 5189 2912 5245; x_wconf 84' lang='lat' dir='ltr'>elementa</span> <span class='ocrx_word' id='word_1_839' title='bbox 2956 5187 3441 5245; x_wconf 85' lang='lat' dir='ltr'>commiseratione</span> <span class='ocrx_word' id='word_1_840' title='bbox 3485 5191 3628 5261; x_wconf 77' lang='lat' dir='ltr'>tangi</span> <span class='ocrx_word' id='word_1_841' title='bbox 3708 5186 3711 5191; x_wconf 42' lang='grc' dir='ltr'>ί</span> 
     </span>
    </p>
   </div>
   <div class='ocr_carea' id='block_1_113' title="bbox 2036 5280 3721 5359">
    <p class='ocr_par' dir='ltr' id='par_1_113' title="bbox 2036 5280 3721 5359">
     <span class='ocr_line' id='line_1_113' title="bbox 2036 5280 3721 5359; baseline 0.004 -27"><span class='ocrx_word' id='word_1_842' title='bbox 2036 5280 2393 5346; x_wconf 84' lang='lat' dir='ltr'>videbantur,</span> <span class='ocrx_word' id='word_1_843' title='bbox 2447 5288 2637 5352; x_wconf 92' lang='lat' dir='ltr'>utpote</span> <span class='ocrx_word' id='word_1_844' title='bbox 2698 5289 2805 5335; x_wconf 91' lang='lat' dir='ltr'>tam</span> <span class='ocrx_word' id='word_1_845' title='bbox 2851 5282 3015 5353; x_wconf 70' lang='lat' dir='ltr'>jnsue</span> <span class='ocrx_word' id='word_1_846' title='bbox 3064 5282 3264 5337; x_wconf 63' lang='lat' dir='ltr'>animae</span> <span class='ocrx_word' id='word_1_847' title='bbox 3329 5282 3629 5337; x_wconf 88' lang='lat' dir='ltr'>clamorem</span> <span class='ocrx_word' id='word_1_848' title='bbox 3714 5332 3721 5359; x_wconf 48' lang='grc' dir='ltr'>τ</span> 
     </span>
    </p>
   </div>
   <div class='ocr_carea' id='block_1_114' title="bbox 2037 5372 3631 5429">
    <p class='ocr_par' dir='ltr' id='par_1_114' title="bbox 2037 5372 3631 5429">
     <span class='ocr_line' id='line_1_114' title="bbox 2037 5372 3631 5429; baseline 0.001 -3"><span class='ocrx_word' id='word_1_849' title='bbox 2037 5372 2271 5427; x_wconf 87' lang='lat' dir='ltr'>ulterius</span> <span class='ocrx_word' id='word_1_850' title='bbox 2299 5388 2407 5427; x_wconf 90' lang='lat' dir='ltr'>non</span> <span class='ocrx_word' id='word_1_851' title='bbox 2439 5373 2672 5427; x_wconf 87' lang='lat' dir='ltr'>ferentia</span> <span class='ocrx_word' id='word_1_852' title='bbox 2694 5391 2707 5427; x_wconf 90' lang='lat'>:</span> <span class='ocrx_word' id='word_1_853' title='bbox 2727 5382 2875 5429; x_wconf 88' lang='lat' dir='ltr'>certe</span> <span class='ocrx_word' id='word_1_854' title='bbox 2897 5373 3112 5428; x_wconf 89' lang='lat' dir='ltr'>beatam</span> <span class='ocrx_word' id='word_1_855' title='bbox 3142 5373 3408 5429; x_wconf 85' lang='lat' dir='ltr'>Martham</span> <span class='ocrx_word' id='word_1_856' title='bbox 3432 5373 3631 5428; x_wconf 79' lang='lat' dir='ltr'>horror</span> 
     </span>
    </p>
   </div>
   <div class='ocr_carea' id='block_1_115' title="bbox 2037 5463 3628 5536">
    <p class='ocr_par' dir='ltr' id='par_1_115' title="bbox 2037 5463 3628 5536">
     <span class='ocr_line' id='line_1_115' title="bbox 2037 5463 3628 5536; baseline 0.001 -19"><span class='ocrx_word' id='word_1_857' title='bbox 2037 5463 2264 5534; x_wconf 88' lang='lat' dir='ltr'>quidam</span> <span class='ocrx_word' id='word_1_858' title='bbox 2294 5463 2524 5525; x_wconf 87' lang='lat' dir='ltr'>subivit,</span> <span class='ocrx_word' id='word_1_859' title='bbox 2550 5480 2661 5536; x_wconf 92' lang='lat' dir='ltr'>quo</span> <span class='ocrx_word' id='word_1_860' title='bbox 2683 5480 2713 5519; x_wconf 88' lang='lat' dir='ltr'>a</span> <span class='ocrx_word' id='word_1_861' title='bbox 2743 5465 3002 5520; x_wconf 89' lang='lat' dir='ltr'>sensibus</span> <span class='ocrx_word' id='word_1_862' title='bbox 3022 5464 3260 5520; x_wconf 88' lang='lat' dir='ltr'>abivissc</span> <span class='ocrx_word' id='word_1_863' title='bbox 3293 5481 3351 5520; x_wconf 86' lang='lat' dir='ltr'>se</span> <span class='ocrx_word' id='word_1_864' title='bbox 3378 5464 3628 5536; x_wconf 85' lang='lat' dir='ltr'>putabat,</span> 
     </span>
    </p>
   </div>
   <div class='ocr_carea' id='block_1_116' title="bbox 2038 5557 3632 5631">
    <p class='ocr_par' dir='ltr' id='par_1_116' title="bbox 2038 5557 3632 5631">
     <span class='ocr_line' id='line_1_116' title="bbox 2038 5557 3632 5631; baseline 0 -20"><span class='ocrx_word' id='word_1_865' title='bbox 2038 5557 2219 5613; x_wconf 89' lang='lat' dir='ltr'>donec</span> <span class='ocrx_word' id='word_1_866' title='bbox 2249 5573 2491 5629; x_wconf 91' lang='lat' dir='ltr'>superna</span> <span class='ocrx_word' id='word_1_867' title='bbox 2536 5560 2631 5615; x_wconf 90' lang='lat' dir='ltr'>Dei</span> <span class='ocrx_word' id='word_1_868' title='bbox 2663 5560 2839 5631; x_wconf 79' lang='lat' dir='ltr'>gratia</span> <span class='ocrx_word' id='word_1_869' title='bbox 2871 5564 3087 5614; x_wconf 90' lang='lat' dir='ltr'>occulte</span> <span class='ocrx_word' id='word_1_870' title='bbox 3119 5558 3521 5629; x_wconf 87' lang='lat' dir='ltr'>superveniens</span> <span class='ocrx_word' id='word_1_871' title='bbox 3546 5558 3632 5628; x_wconf 88' lang='lat' dir='ltr'>ip-</span> 
     </span>
    </p>
   </div>
   <div class='ocr_carea' id='block_1_117' title="bbox 2037 5650 3631 5720">
    <p class='ocr_par' dir='ltr' id='par_1_117' title="bbox 2037 5650 3631 5720">
     <span class='ocr_line' id='line_1_117' title="bbox 2037 5650 3631 5720; baseline 0.001 -15"><span class='ocrx_word' id='word_1_872' title='bbox 2037 5666 2151 5705; x_wconf 89' lang='lat' dir='ltr'>sam</span> <span class='ocrx_word' id='word_1_873' title='bbox 2184 5652 2252 5705; x_wconf 88' lang='lat' dir='ltr'>ad</span> <span class='ocrx_word' id='word_1_874' title='bbox 2297 5667 2356 5706; x_wconf 91' lang='lat' dir='ltr'>sc</span> <span class='ocrx_word' id='word_1_875' title='bbox 2397 5652 2635 5707; x_wconf 87' lang='lat' dir='ltr'>reduxit.</span> <span class='ocrx_word' id='word_1_876' title='bbox 2672 5653 3166 5709; x_wconf 85' lang='lat' dir='ltr'>Verumenimvero</span> <span class='ocrx_word' id='word_1_877' title='bbox 3223 5668 3334 5707; x_wconf 90' lang='lat' dir='ltr'>non</span> <span class='ocrx_word' id='word_1_878' title='bbox 3392 5650 3631 5720; x_wconf 88' lang='lat' dir='ltr'>amplius</span> 
     </span>
    </p>
   </div>
   <div class='ocr_carea' id='block_1_118' title="bbox 2038 5743 3628 5818">
    <p class='ocr_par' dir='ltr' id='par_1_118' title="bbox 2038 5743 3628 5818">
     <span class='ocr_line' id='line_1_118' title="bbox 2038 5743 3628 5818; baseline -0.001 -20"><span class='ocrx_word' id='word_1_879' title='bbox 2038 5747 2145 5801; x_wconf 90' lang='lat' dir='ltr'>hoc</span> <span class='ocrx_word' id='word_1_880' title='bbox 2190 5746 2355 5801; x_wconf 81' lang='lat' dir='ltr'>modo</span> <span class='ocrx_word' id='word_1_881' title='bbox 2391 5748 2754 5818; x_wconf 84' lang='lat' dir='ltr'>despccturus</span> <span class='ocrx_word' id='word_1_882' title='bbox 2784 5757 2904 5803; x_wconf 87' lang='lat' dir='ltr'>erat</span> <span class='ocrx_word' id='word_1_883' title='bbox 2938 5747 3082 5803; x_wconf 86' lang='lat' dir='ltr'>Deus</span> <span class='ocrx_word' id='word_1_884' title='bbox 3109 5748 3321 5818; x_wconf 86' lang='lat' dir='ltr'>justum</span> <span class='ocrx_word' id='word_1_885' title='bbox 3367 5743 3628 5800; x_wconf 77' lang='lat' dir='ltr'>laboran-</span> 
     </span>
    </p>
   </div>
   <div class='ocr_carea' id='block_1_119' title="bbox 2040 5838 3614 5912">
    <p class='ocr_par' dir='ltr' id='par_1_119' title="bbox 2040 5838 3614 5912">
     <span class='ocr_line' id='line_1_119' title="bbox 2040 5838 3614 5912; baseline -0.001 -19"><span class='ocrx_word' id='word_1_886' title='bbox 2040 5847 2148 5894; x_wconf 90' lang='lat' dir='ltr'>tem</span> <span class='ocrx_word' id='word_1_887' title='bbox 2188 5856 2200 5892; x_wconf 90' lang='lat'><strong>:</strong></span> <span class='ocrx_word' id='word_1_888' title='bbox 2234 5840 2482 5896; x_wconf 77' lang='lat' dir='ltr'>sentiens</span> <span class='ocrx_word' id='word_1_889' title='bbox 2526 5840 2708 5912; x_wconf 89' lang='lat' dir='ltr'>itaque</span> <span class='ocrx_word' id='word_1_890' title='bbox 2735 5840 2981 5896; x_wconf 87' lang='lat' dir='ltr'>divinam</span> <span class='ocrx_word' id='word_1_891' title='bbox 3029 5841 3397 5896; x_wconf 76' lang='lat' dir='ltr'>visitationem</span> <span class='ocrx_word' id='word_1_892' title='bbox 3448 5838 3614 5892; x_wconf 78' lang='lat' dir='ltr'>adve-</span> 
     </span>
    </p>
   </div>
  </div>
