4018 6396
390 340 534 440 3123

1577 387 1640 448 S.
1686 384 2074 448 SYMEONIS
2113 385 2476 452 JUNIORIS

3545 393 3686 458 alii

392 496 751 569 nientemque
813 499 1269 559 consolationem.
1346 503 1554 574 ingenti
1613 505 1797 560 statim
1845 519 1983 560 voce

2095 522 2277 576 μενος,
2314 507 2408 571 όξῦ
2442 508 2642 562 αὐτίκα
2677 509 2879 581 βοήσας
2904 552 2919 578 ,
2960 511 3062 566 Ἕκ
3106 513 3371 582 θλίψεως
3398 512 3693 568 ἐπεκαλε-

392 588 671 650 elamavit,
697 589 889 645 dicens
922 607 935 644 :
969 588 1050 644 Ea:
1081 591 1426 647 tribulatione
1463 609 1581 646 mea
1613 593 1853 647 invocavi
1880 591 1990 646 Do-

392 681 690 751 mimtm,et
734 683 1001 737 exaudivit
1052 701 1133 739 me
1176 686 1232 739 iit
1279 686 1561 741 latitudine
1612 687 1704 740 ἠε
1747 686 1987 751 Domine,

394 775 589 828 exaudi
620 776 914 831 orationem
948 792 1119 830 meam
1165 784 1217 831 et
1270 778 1474 833 clamor
1523 796 1667 833 meus
1715 778 1784 832 ad
1817 786 1866 831 te
1900 794 1990 832 ve-

396 868 528 920 niat.
561 866 636 921 Ne
682 876 892 923 avertas
924 868 1114 939 faciem
1157 879 1305 924 tuam
1339 890 1370 926 a
1399 887 1559 942 puero
1588 880 1699 935 tuo,
1737 872 1991 934 quoniam

393 958 620 1012 triltulor
664 974 684 1022 ,°
792 960 1039 1015 velociter
1091 963 1288 1017 exaudi
1336 979 1419 1017 me
1456 972 1535 1025 tu,
1579 964 1668 1033 qui
1718 962 1873 1017 cazlos
1905 964 1992 1015 in-

394 1049 589 1116 clinas,
643 1052 945 1122 Πετίνηηυί
982 1071 1050 1109 ex
1100 1056 1310 1111 sanctis
1342 1065 1398 1111 et
1431 1057 1665 1111 excelsis
1689 1056 1995 1111 habitacu-

386 1142 459 1196 lis
494 1144 606 1199 luis
645 1144 1007 1212 descendisti,
1043 1148 1138 1217 qui
1174 1157 1403 1218 propter
1433 1162 1523 1201 me
1546 1162 1676 1201 caro
1703 1146 1878 1201 factus
1910 1160 1989 1211 es,

387 1234 484 1304 qui
523 1252 621 1305 pro
649 1252 733 1290 me
758 1252 981 1293 erucem
1005 1247 1062 1294 et
1085 1250 1319 1296 mortem
1345 1239 1682 1294 sustinuisti.
1718 1238 1771 1294 Si
1800 1239 1995 1293 volun-

390 1334 559 1380 t-ttem
612 1327 927 1383 timentium
966 1337 1040 1393 te,
1076 1330 1157 1385 uti
1189 1329 1517 1400 promisisti,
1556 1330 1721 1396 facis;
1762 1329 1806 1383 si
1851 1328 1993 1384 libro

390 1419 522 1474 vita:
544 1428 767 1474 interna:
787 1437 873 1476 me
897 1421 1149 1477 inutilem
1175 1438 1397 1477 servum
1422 1421 1749 1491 inscripsisti
1769 1436 1784 1487 ;
1805 1436 1993 1491 quem-

385 1510 684 1565 admodum
730 1512 897 1567 ﬁliam
926 1513 1195 1584 principis
1218 1515 1331 1585 jam
1363 1513 1680 1569 defunctam
1704 1554 1718 1576 ,
1749 1524 1807 1567 et
1840 1528 1993 1567 mor—

396 1612 556 1657 tuum
598 1604 780 1659 viduae
824 1605 996 1661 ﬁlium
1049 1607 1160 1676 jam
1208 1606 1439 1671 elatum,
1472 1614 1530 1661 et
1581 1605 1851 1659 Lazarum
1879 1605 1993 1676 jam

384 1694 820 1764 quatriduanum
868 1711 937 1750 ex
973 1697 1209 1751 mortuis
1256 1696 1631 1764 resuscitasti;
1684 1695 1759 1751 ita
1804 1696 1994 1751 veniat

387 1801 610 1857 quoque
660 1787 890 1858 spiritus
918 1788 1046 1844 vitae
1077 1788 1131 1843 in
1163 1788 1316 1845 hunc
1350 1788 1700 1853 defunctum,
1742 1798 1800 1844 et
1836 1789 1986 1844 revi-

2095 596 2307 668 σάμην
2354 602 2459 654 τὸν
2498 602 2737 670 Κύριον,
2767 603 2896 674 ἔφη,
2941 604 3040 659 καὶ
3092 604 3403 671 ἐπήκουσέ
3430 622 3550 673 μου
3596 606 3689 673 sic

2095 695 2492 763 πλατυσμόν·
2533 696 2730 764 Κύριε,
2773 696 3147 752 εἰσάκουσον
3186 696 3297 765 τῆς
3333 697 3688 767 προσευχῆς

2088 800 2231 852 μου,
2259 786 2357 840 καὶ
2389 788 2425 854 ἡ
2455 788 2684 857 κραυγή
2709 807 2828 859 μου
2854 790 3003 857 πρὸς
3028 789 3103 845 σὲ
3135 791 3355 845 ἐλθέτω
3377 810 3385 819 ·
3409 790 3496 860 μὴ
3532 793 3687 845 ἀπο-

2094 875 2373 945 στρέψεις
2401 880 2467 932 τό
2495 881 2824 948 πρόσωπόν
2851 899 2969 937 σου
3008 882 3127 937 ἀπὸ
3154 883 3260 936 τοῦ
3295 883 3508 948 παιδός
3540 900 3685 949 σου,

2095 968 2185 1021 ὅτι
2209 970 2513 1038 θλίϐομαιο
2538 973 2693 1041 ταχὺ
2722 972 3074 1028 ἐπάκουσόν
3089 992 3208 1044 μου
3225 1010 3240 1035 ,
3278 977 3311 1028 ὁ
3345 977 3565 1040 κλίνας
3591 978 3691 1028 οὑ·

2086 1061 2317 1130 ρανοὺς
2342 1065 2488 1130 θεός
2511 1079 2525 1092 '
2552 1067 2647 1117 καὶ
2678 1065 2737 1131 ἐξ
2765 1067 2936 1133 ἁγίων
2963 1066 3274 1136 ὑψωμάτων
3304 1068 3400 1120 καὶ
3425 1085 3691 1138 κατοικη-

2096 1154 2301 1223 τηρίων
2334 1172 2428 1207 σου
2459 1158 2725 1222 καταϐὰς,
2757 1160 2785 1211 6
2811 1158 2878 1210 δι’
2909 1158 3007 1227 ἐμὲ
3037 1158 3174 1229 σὰρξ
3192 1159 3502 1227 γενόμενος,
3536 1160 3564 1210 ὁ
3591 1159 3691 1211 καὶ

2099 1248 2331 1318 σταυρὸν
2358 1249 2498 1319 ὑπὲρ
2525 1252 2662 1321 ἐμοῦ
2696 1251 2788 1304 κοιλ⁵
2820 1252 3048 1306 θάνατον
3077 1252 3467 1320 ἀνασχόμενος.
3501 1252 3562 1304 Εἰ
3598 1250 3692 1303 θέν-

2095 1334 2160 1403 λη
2172 1352 2245 1403 μα
2265 1335 2373 1389 τῶν
2406 1354 2463 1389 σε
2495 1339 2866 1410 φοϐουμένων,
2889 1340 2965 1403 ὡς
2985 1342 3318 1411 ἐπηγγείλω,
3343 1345 3535 1404 ποιεῖς,
3553 1344 3601 1394 εἰ
3618 1342 3687 1413 τῇ

2098 1426 2268 1498 βίϐλῳ
2299 1445 2367 1497 με
2398 1429 2497 1497 τῆς
2523 1431 2675 1501 παρὰ
2705 1433 2789 1484 σοι.
2826 1432 2972 1501 ζωῆς
3012 1433 3106 1486 καὶ
3141 1434 3231 1485 τὸν
3258 1435 3476 1504 ἀχρεῖον
3501 1432 3692 1486 δοῦλον

2097 1519 2489 1590 ἐναπεγρὰςιω,
2535 1520 2611 1586 ὡς
2649 1520 2980 1592 τεθνηκυῖαν
3025 1523 3126 1595 ἥδη
3175 1524 3275 1594 τὴν
3302 1523 3397 1577 τοῦ
3426 1524 3694 1594 ἄρχοντος

2100 1610 2398 1681 θυγατέρα,
2440 1611 2513 1675 Lb;
2559 1610 2990 1685 ἐκκομιζόμενον
3032 1617 3226 1684 νεκρὸν
3263 1616 3353 1670 τὸν
3380 1620 3479 1688 τῆς
3512 1618 3693 1686 χήρας

2097 1703 2234 1770 υἱὸν,
2263 1703 2339 1767 ὡς
2366 1705 2742 1777 τετραήμερον
2772 1708 2835 1760 ἐκ
2858 1709 3067 1779 νεκρῶν
3091 1710 3394 1780 ἀνέστησας
3416 1708 3691 1780 Λάζαρον,

2096 1795 2271 1859 οὕτως
2327 1796 2531 1851 ἐλθέτω
2584 1798 2804 1866 πνεῦμα
2858 1798 3006 1869 ζωῆς
3055 1802 3147 1856 καὶ
3195 1804 3275 1866 εἰς
3311 1803 3404 1856 τὸν
3433 1803 3696 1873 κείμενον

386 1855 582 1944 viseat,
619 1855 963 1936 eteonsistat
998 1881 1236 1952 pedibus
1265 1879 1403 1937 suis.
1440 1880 1519 1935 lta
1541 1881 1690 1952 justo
1713 1879 1985 1952 Symeone

2095 1887 2299 1953 τοῦτον,
2334 1890 2425 1942 καὶ
2455 1886 2697 1958 ζησάτω,
2732 1892 2828 1945 καλ¹
2864 1893 3045 1964 στήτω
3088 1893 3183 1947 ἐπὶ
3221 1894 3332 1948 τῶν
3372 1895 3548 1948 ποδῶν
3583 1896 3692 1949 αὐ-

386 1971 685 2038 clamante,
737 1988 867 2037 vox,
916 1972 1387 2044 quemadmodum
1442 1974 1497 2029 in
1537 1972 1787 2028 oratione
1821 1973 1982 2037 solet,

385 2066 536 2120 intra
573 2065 750 2137 ipsius
774 2057 1012 2137 jacentis
1062 2066 1303 2122 animam
1331 2065 1520 2121 audita
1549 2073 1633 2120 est
1658 2065 1761 2137 (uti
1795 2075 1985 2136 postea

384 2159 669 2227 narrabat)
692 2158 888 2214 dicens
917 2175 930 2211 :
955 2158 1128 2214 Totus
1151 2157 1394 2213 mundus
1416 2157 1657 2212 tenebras
1680 2165 1801 2223 est;
1834 2158 1984 2212 nulla

387 2252 603 2321 uSpiam
635 2251 729 2305 lux
759 2265 931 2320 super
972 2249 1170 2305 faciem
1222 2258 1404 2315 terrae,
1442 2249 1707 2321 quoniam
1757 2249 1985 2321 impleta

385 2350 476 2399 est
525 2342 792 2413 iniquitas
838 2344 893 2398 in
930 2342 1172 2414 negotiis
1201 2342 1438 2398 ﬁliorum
1475 2341 1785 2407 hominum,
1817 2341 1984 2413 idque

388 2451 505 2490 non
539 2436 717 2492 solum
765 2436 872 2491 hoc
912 2436 969 2491 in
1010 2436 1155 2492 loco.

459 2632 585 2689 M7.
620 2631 740 2688 Jam
792 2631 877 2687 sol
923 2646 1120 2687 versus
1151 2630 1443 2687 meridiem
1487 2630 1816 2695 inclinabat,
1855 2645 1981 2686 cum

386 2723 626 2794 suspicit
678 2732 903 2779 sanctus
949 2721 1186 2795 Symeon
1223 2731 1435 2792 :atque
1483 2736 1615 2777 ecce
1662 2721 1984 2791 panduntur

389 2816 540 2880 coeli,
581 2824 638 2871 et
678 2814 888 2882 lumen,
933 2831 1045 2870 non
1095 2814 1261 2870 modo
1295 2815 1582 2870 oculorum
1635 2813 1832 2876 aciem,
1886 2813 1982 2870 sed

388 2907 563 2978 ipsam
603 2923 826 2979 quoque
860 2908 1006 2963 diem
1041 2916 1098 2963 et
1132 2906 1644 2979 splendidissimum
1681 2907 1852 2962 solem
1903 2904 1985 2960 of.

385 3001 632 3066 l'uscans,
680 3017 845 3073 supra
878 3002 1285 3057 ﬁrmamentum
1315 2999 1548 3065 emicat;
1587 3015 1867 3071 sonusque
1897 3015 1987 3054 ro-

388 3105 572 3151 tarum
610 3094 956 3150 currentium
986 3093 1248 3148 allabitur
1277 3093 1527 3148 auribus.
1556 3091 1768 3148 Curi-us
1796 3099 1983 3147 autem

2089 1980 2206 2036 τοῦ.
2261 1981 2449 2035 Ταῦτα
2511 1983 2607 2035 τοῦ
2659 1982 2870 2037 δικαίου
2927 1984 3181 2054 βοῶντος,
3232 1987 3383 2056 φωνὴ
3433 1986 3691 2059 καθάπερ

2087 2074 2149 2125 ἐν
2209 2076 2488 2146 προσευχῇ
2545 2078 2610 2146 τῇ
2667 2075 2812 2147 ψυχῇ
2871 2076 2967 2130 τοῦ
3026 2078 3278 2148 κειμένου
3317 2079 3567 2148 ἠκούετο,
3609 2079 3688 2145 ὡς

2088 2165 2252 2230 αὐτὸς
2288 2165 2516 2238 ὕστερον
2532 2167 2894 2238 ἐξηγούμενος
2912 2164 3001 2240 ἦν,
3037 2170 3220 2235 Ὀλος,
3255 2170 3513 2239 λέγουσα,
3553 2172 3690 2225 σκό-

2087 2274 2181 2321 τος
2225 2261 2253 2313 6
2284 2259 2510 2329 κόσμος,
2559 2261 2658 2315 οὐκ
2688 2261 2807 2314 ἐστι
2838 2261 2954 2330 φῶς
2995 2262 3088 2315 ἐπὶ
3121 2262 3418 2333 προσώπου
3455 2262 3556 2332 τῆς
3581 2263 3690 2333 γῆς

2087 2350 2350 2421 οὐδαμοῦ,
2390 2351 2791 2425 πληθυνθείσης
2841 2355 2943 2425 τῆς
2992 2355 3223 2427 ἀνομίας
3261 2356 3319 2408 ἐν
3350 2359 3464 2420 τοῖς
3493 2359 3689 2427 ἐπιτη-

2085 2444 2320 2516 δεὺμασι
2380 2446 2492 2499 τῶν
2546 2446 2681 2500 υἱῶν
2732 2447 2843 2502 τῶν
2890 2446 3219 2519 ἀνθρώπων,
3265 2447 3347 2502 ὅτι
3399 2446 3476 2520 μὴ
3523 2451 3683 2518 μόνον

2089 2534 2340 2589 ἐνταῦθα.

2160 2623 2307 2697 ρμξ.
2342 2626 2530 2690 Ἥλιος
2565 2628 2666 2699 μὲν
2689 2622 2784 2682 οὖν
2815 2628 2916 2701 ἤδη
2949 2628 3089 2700 μετὰ
3115 2629 3465 2701 μεσημϐρίαν
3494 2629 3686 2685 κεκλί-

2086 2732 2206 2770 κειο
2241 2717 2343 2788 ὁρᾷ
2394 2716 2451 2771 δὲ
2487 2718 2516 2769 6
2548 2717 2691 2787 ἱερὸς
2716 2718 2963 2790 Συμεὼν,
2994 2720 3089 2772 καὶ
3127 2719 3235 2772 ἰδοὺ
3283 2718 3593 2788 ἀνοίγονται
3632 2719 3684 2772 οἱ

2084 2809 2324 2879 οὐρανοὶ,
2358 2808 2473 2880 φῶς
2501 2809 2558 2863 δὲ
2595 2811 2693 2864 οὐκ
2718 2810 2997 2882 ὀφθαλμοῦ
3033 2812 3214 2881 μόνον,
3240 2810 3376 2866 ἀλλὰ
3396 2812 3491 2865 καὶ
3510 2811 3686 2880 αὐτῆς

2085 2904 2321 2976 ἡμέρας,
2356 2904 2450 2958 καὶ
2472 2902 2640 2959 αὑτοῦ
2670 2906 2919 2975 κρεῖττον
2942 2905 3098 2977 ἡλίου
3131 2906 3390 2978 ὑπεράνω
3421 2905 3516 2958 τοῦ
3563 2921 3689 2957 στεο

2087 2996 2414 3071 ρεώματοςο
2453 2993 2588 3071 ἦχός
2641 3014 2702 3051 τε
2750 2997 2961 3070 τροχῶν
3022 2999 3340 3069 φερομένων
3392 2998 3691 3069 ἐμπίπτων

2084 3089 2206 3152 ταῖς
2227 3090 2421 3152 ἀκοαῖς
2445 3105 2462 3120 ο
2490 3088 2646 3161 ἅρμα
2677 3089 2734 3142 δὲ
2759 3089 2989 3143 κατόπιν
3012 3089 3106 3143 τοῦ
3131 3090 3264 3161 ἤχου
3294 3090 3556 3160 τέσσαρσι
3583 3088 3690 3159 μὲν

386 3196 628 3257 quatuor
656 3188 964 3243 instructus
996 3185 1156 3256 cquis
1184 3200 1249 3240 ac
1284 3184 1514 3240 totidem
1552 3183 1692 3238 rotis
1720 3193 1862 3248 erat,
1892 3184 1981 3238 cui

2095 3181 2278 3246 ἵπποις
2306 3180 2611 3254 χρώμενον,
2642 3182 2922 3247 τοσούτοις
2949 3183 3006 3237 δὲ
3031 3184 3126 3237 καλ¹
3160 3185 3378 3254 τροχοῖς
3399 3198 3413 3211 ·
3449 3184 3598 3255 τρεῖς
3623 3200 3690 3237 τε

388 3289 502 3335 tres
534 3278 909 3350 praesidebant
937 3277 1074 3343 viri;
1105 3292 1341 3348 quorum
1369 3292 1512 3332 unus
1540 3291 1571 3330 a
1603 3284 1758 3347 parte
1790 3274 1986 3330 dextra

388 3370 609 3427 medius
635 3371 781 3426 inter
816 3370 955 3425 duas
999 3377 1150 3424 rotas
1181 3377 1240 3424 et
1266 3384 1462 3441 equos,
1494 3369 1635 3423 alter
1665 3383 1695 3422 a
1721 3376 1876 3438 parte
1907 3367 1985 3424 si-

386 3466 565 3521 nistra
590 3462 871 3529 similiter,
896 3463 1092 3518 lentius
1119 3479 1150 3517 a
1179 3472 1330 3534 tergo
1351 3460 1598 3518 sedebat.
1618 3459 1798 3515 Vestis
1823 3474 1987 3529 porro

389 3569 447 3614 et
474 3574 631 3614 coma
661 3559 798 3615 viris
820 3559 942 3614 talis
971 3568 1112 3624 erat,
1147 3567 1208 3614 ut
1233 3557 1407 3613 altera
1434 3554 1672 3611 candore
1697 3562 1989 3626 superaret

388 3651 597 3716 nivem,
653 3650 826 3705 altera
877 3649 1175 3720 splendore
1224 3663 1422 3704 aurum
1475 3665 1488 3700 :
1534 3662 1805 3718 equorum
1851 3663 1986 3702 vero

390 3744 545 3799 color
573 3751 629 3798 et
661 3743 835 3806 frena.
888 3752 946 3797 et
998 3741 1263 3819 vehiculi
1296 3740 1513 3811 species
1555 3755 1772 3795 merum
1824 3749 1988 3795 erant

389 3836 603 3904 lumen,
642 3836 789 3908 quod
836 3837 1029 3892 oculos
1076 3836 1262 3908 potius
1295 3833 1361 3887 ad
1397 3831 1783 3903 spectandum,
1820 3848 1984 3903 quam

390 3930 635 4001 linguam
692 3929 762 3985 ad
821 3929 1215 4001 explicandum
1270 3927 1602 3997 requireret,
1653 3935 1748 3980 aut
1801 3925 1987 3997 potius

393 4030 761 4090 utrorumque
793 4019 1081 4089 :equaliter
1103 4015 1781 4089 argueretinﬁrmitatem.
1818 4016 1987 4071 Fere-

390 4109 557 4166 batur
573 4119 757 4166 autem
782 4124 984 4165 currus
1012 4123 1155 4179 pone
1189 4107 1501 4162 columnam
1528 4122 1557 4161 a
1585 4116 1741 4177 parte
1763 4106 1988 4162 sinistra

393 4219 592 4260 versus
648 4203 957 4269 dexteram,
1001 4202 1180 4257 donec
1230 4201 1565 4258 consisteret
1615 4211 1743 4255 ante
1788 4200 1986 4255 faciem

394 4297 686 4371 Symeonis
719 4312 914 4352 versus
951 4296 1244 4363 orientem,
1287 4296 1368 4352 sie
1398 4294 1629 4366 iubente
1669 4310 1737 4349 eo
1768 4295 1862 4364 qui
1897 4309 1987 4349 se-

394 4391 672 4463 quebatur
703 4406 732 4445 a
770 4389 997 4446 dextris.

471 4486 592 4541 148.
622 4483 743 4539 Mox
764 4484 931 4539 etiam
959 4500 989 4539 a
1015 4481 1259 4540 dexteris
1281 4480 1576 4551 tranquilla
1604 4478 1810 4534 amavit
1832 4494 1986 4545 aura,

2095 3280 2330 3351 ἀριθμὸν
2351 3279 2726 3351 παραθέοντες
2747 3280 2939 3352 ἄνδρες
2954 3322 2969 3344 ,
2998 3281 3027 3334 6
3056 3280 3156 3351 μὲν
3177 3282 3241 3334 ὲκ
3263 3280 3454 3348 δεξιῶν
3481 3279 3692 3351 μεταξῦ

2094 3371 2202 3425 τῶν
2254 3371 2347 3426 δύο
2380 3372 2593 3445 τροχῶν
2637 3390 2697 3427 τε
2751 3373 2848 3427 καὶ
2889 3373 3093 3436 ἵππων,
3126 3374 3156 3426 6
3197 3372 3243 3425 δ’
3273 3372 3334 3438 ἐξ
3377 3370 3691 3443 ἀριστερῶν

2094 3462 2315 3535 ὁμοίως,
2347 3463 2536 3536 ἔτερος
2575 3463 2622 3517 δ’
2648 3466 2713 3519 ἐκ
2758 3465 2867 3519 τῶν
2908 3463 3194 3521 ὀπισθίων.
3232 3464 3296 3518 Ἥ
3339 3464 3397 3518 δὲ
3446 3463 3694 3535 ἀναϐολὴ

2093 3562 2207 3624 τοῖς
2240 3560 2469 3631 ἀνδράσι
2513 3562 2608 3615 καὶ
2648 3562 2682 3633 ή
2715 3560 2888 3632 κόμη,
2918 3563 2952 3633 ἡ
2983 3560 3082 3630 μὲν
3114 3560 3267 3633 χιόνα
3298 3563 3363 3630 τῇ
3394 3560 3692 3631 λευκότητι

2095 3653 2392 3724 παριοῦσα,
2436 3656 2470 3725 ἡ
2511 3654 2568 3707 δὲ
2611 3654 2771 3708 πλέον
2804 3655 2898 3708 καὶ
2936 3652 3139 3725 χρυσοῦ
3181 3653 3509 3707 στίλϐουσα·
3541 3653 3600 3706 τὸ
3630 3651 3692 3706 δὲ

2093 3746 2202 3803 τῶν
2232 3747 2419 3802 ἵππων
2449 3747 2670 3818 χρῶμα,
2710 3747 2777 3803 τὰ
2815 3747 2872 3801 δὲ
2907 3746 3055 3818 ἡνία,
3099 3746 3159 3800 τὺ
3195 3746 3249 3800 δὲ
3277 3746 3371 3800 τοῦ
3410 3747 3692 3818 ὀχήματος

2095 3835 2256 3906 εἶδος,
2295 3838 2412 3907 φῶς
2452 3839 2778 3909 αὐτόχρημα
2816 3833 2978 3910 ἦσαν,
3015 3837 3132 3908 φῶς
3156 3836 3454 3908 ὀφθαλμῶν
3485 3836 3694 3907 μᾶλλον

2095 3930 2175 3994 είς
2206 3930 2334 3982 θέαν
2371 3928 2405 4001 ἢ
2453 3927 2703 3998 γλώττης
2749 3930 2829 3992 εἰς
2870 3927 3169 4000 ἑρμηνείαν
3215 3927 3489 3996 δεόμενον,
3527 3926 3561 3997 ἢ
3593 3928 3693 3981 καὶ

2094 4023 2302 4093 ἀμφοῖν
2328 4023 2546 4091 ἐπίσης,
2572 4020 2820 4092 γλώττης
2849 4020 2985 4092 ὁμοῦ
3022 4021 3117 4074 καὶ
3145 4019 3441 4089 ὀφθαλμῶν
3467 4020 3694 4090 ἐλέγχον

2100 4115 2407 4172 ἀσθένειαν,
2453 4112 2714 4184 Ἐφέρετο
2743 4112 2925 4166 τοίνυν
2950 4112 3047 4166 ἐπὶ
3081 4110 3151 4166 τὰ
3180 4111 3332 4176 δεξιὰ
3358 4111 3445 4165 διὰ
3466 4111 3578 4164 τῶν
3606 4112 3696 4164 εὖ·

2097 4205 2207 4260 ωνύ
2216 4222 2332 4276 μων
2362 4206 2425 4259 ὲκ
2451 4205 2563 4258 τῶν
2585 4202 2845 4258 ὀπισθίων
2879 4202 2973 4257 τοῦ
2996 4203 3194 4267 κίονος,
3220 4202 3327 4267 ’έως
3354 4202 3496 4257 κατά
3518 4201 3695 4272 πρόσ-

2096 4314 2247 4352 ωπον
2284 4297 2415 4368 ἔστη
2462 4294 2558 4350 τοῦ
2618 4293 2845 4365 Συμεὼν
2885 4294 3023 4366 πρὸς
3061 4293 3345 4359 ἀνατολὰς,
3395 4292 3490 4346 τοῦ
3536 4292 3695 4359 δεξιὰ

2098 4388 2488 4461 παρεπομένου
2515 4386 2690 4459 ταύτῃ
2714 4384 3092 4450 κελεύσαντος.

2175 4486 2324 4553 ρμη’.
2350 4480 2562 4533 Λύτίκα
2585 4477 2718 4547 γοῦν
2747 4478 2814 4532 ὲκ
2843 4476 2954 4530 τῶν
2987 4476 3178 4542 δεξιῶν
3200 4476 3385 4548 ἠρέμα
3417 4475 3693 4545 προσέϐα-

395 4578 764 4650 apparuitque
823 4576 1132 4633 similitudo
1184 4573 1641 4635 llrmainenti,et
1669 4571 1810 4627 visio
1862 4581 1988 4641 post

2095 4574 2185 4630 λεν
2213 4573 2378 4645 αὖρα,
2409 4571 2504 4626 καὶ
2536 4570 2645 4624 ἰδοὺ
2672 4568 2747 4634 ὡς
2773 4569 3028 4639 ὁμοίωμα
3053 4571 3454 4641 στερεώματος,
3485 4568 3581 4622 καὶ
3611 4566 3694 4633 ὡς

397 4685 613 4745 tergum
665 4673 818 4730 velut
841 4669 1043 4741 lapidis
1073 4667 1346 4738 sapphiri,
1393 4675 1450 4720 et
1493 4673 1735 4736 quatuor
1795 4679 1992 4721 manus

393 4767 642 4822 virorum
690 4766 951 4838 (dixisses
1010 4758 1459 4818 consternatione
1504 4772 1568 4812 ac
1612 4756 1812 4813 timore
1865 4773 1993 4827 per-

395 4859 601 4928 culsos)
645 4856 867 4915 levibus
916 4853 1020 4909 alis
1068 4849 1499 4922 pervolantium,
1532 4857 1589 4903 et
1614 4848 1772 4919 quasi
1808 4849 1993 4904 velum

398 4951 624 5023 aliquod
647 4947 839 5007 altaris
857 4961 917 5003 se
932 4943 1273 4999 moventium
1296 4959 1312 4996 :
1339 4941 1487 5012 quod
1517 4941 1893 5013 spectabatur,
1919 4944 1996 4998 si-

399 5042 658 5100 militudo
708 5037 895 5096 throni
965 5036 1270 5091 introrsum
1324 5032 1697 5104 splendentis;
1756 5050 1822 5088 ac
1864 5049 1995 5089 rur-

398 5150 496 5190 sus
544 5148 711 5203 supra
763 5130 1025 5184 thronum
1088 5125 1243 5180 velut
1291 5125 1506 5196 species
1554 5124 1815 5190 hominis,
1876 5139 1985 5179 non

396 5223 798 5299 permittentis.
825 5229 1037 5276 tantum
1064 5218 1151 5273 vel
1174 5217 1348 5273 oculis
1379 5218 1463 5274 vel
1491 5226 1676 5274 mente
1705 5234 1737 5273 e
1774 5225 1990 5289 specta-

399 5320 528 5375 culo
568 5315 869 5386 voluptatis
909 5312 1053 5382 capi,
1093 5320 1362 5381 quantum
1413 5319 1672 5382 spectans
1698 5309 1988 5380 cupiebat:

401 5409 580 5482 angeli
644 5420 867 5477 quoque
911 5419 1150 5460 numero
1196 5402 1435 5470 inﬁniti,
1494 5402 1781 5475 cingentes
1833 5400 1991 5455 thro-

401 5518 562 5567 num,
595 5509 799 5567 praesto
827 5508 1018 5566 erant;
1053 5497 1150 5570 qui
1184 5497 1364 5568 ipsum
1393 5512 1583 5552 revera
1613 5498 1803 5552 lumen
1838 5494 1994 5549 vide-

402 5595 632 5660 bantur,
668 5593 740 5648 ita
765 5591 1129 5648 coruscabant
1150 5590 1398 5660 undique
1447 5588 1756 5644 omittendo
1785 5586 1993 5643 radios.

412 5689 523 5746 Αἱἰί
580 5685 820 5758 speciem
882 5684 1251 5758 praeferebant
1308 5680 1474 5747 aeris,
1539 5681 1633 5735 alii
1686 5680 1854 5753 ignis,
1901 5679 1993 5735 alii

486 5871 532 5904 "
570 5872 713 5930 Psal.
755 5888 918 5942 cxvn,
964 5872 1016 5928 5.
1096 5873 1140 5907 ἰ’
1180 5870 1327 5929 Psal.
1374 5886 1444 5940 et,
1497 5869 1553 5938 Ξ,
1583 5868 1647 5931 '5;
1680 5878 1810 5925 χιιι,
1840 5865 1917 5921 lt).

2096 4667 2287 4739 ὅρασις
2346 4662 2487 4716 κατὰ
2534 4661 2704 4716 νῶτον
2747 4661 2895 4714 λίθου
2946 4663 3274 4734 σαπφείρου,
3321 4661 3587 4732 τέσσαρές
3628 4677 3693 4715 τε

2096 4763 2282 4832 χεῖρες
2316 4754 2527 4828 ἀνδρῶν
2558 4754 2724 4808 οἱονεὶ
2751 4755 2847 4807 σὺν
2878 4753 3141 4823 ἐκπλήξει
3177 4753 3272 4806 καὶ
3304 4751 3455 4823 φόϐῳ
3483 4751 3694 4822 πτέρυ-

2097 4853 2179 4921 ξιν
2211 4851 2475 4921 ἐλαφραῖς
2497 4848 2926 4918 διαπετομένων,
2962 4848 3057 4901 καὶ
3084 4846 3275 4918 ὥσπερ
3297 4864 3351 4900 τι
3380 4846 3697 4899 καταπέτα-

2100 4962 2215 5016 σμα
2247 4942 2637 5013 θυσιαστηρίου
2678 4940 3081 4995 κατασειόντων
3104 4958 3116 4972 ·
3147 4940 3216 4994 τὰ
3259 4939 3317 4993 δὲ
3349 4938 3491 5009 ὑπὲρ
3530 4938 3695 4992 τοῦτο

2070 5038 2352 5108 ,ὁμοίωμα
2378 5034 2570 5106 θρόνου
2595 5033 2665 5087 τὰ
2688 5033 2834 5086 ἔνδον
2854 5031 3328 5103 καταλάμποντος,
3353 5032 3448 5085 καὶ
3481 5032 3569 5084 ἐπ’
3593 5031 3696 5083 αὐ-

2095 5129 2190 5183 τοῦ
2212 5130 2372 5182 πάλιν
2395 5126 2470 5190 ὡς
2492 5122 2631 5190 εἶδος
2645 5125 2961 5197 ἀνθρώπου,
2997 5127 3135 5196 μήτε
3155 5123 3421 5195 ὀφθαλμῷ
3438 5124 3538 5194 τῆς
3561 5122 3693 5189 θέας

2078 5206 2415 5292 ’ἐφικέσθαῃ
2444 5220 2582 5290 μήτε
2620 5217 2696 5289 νῷ
2718 5216 2969 5271 τοσοῦτον
2999 5219 3243 5287 ἐφιέντος
3263 5217 3387 5269 ὅσον
3404 5214 3693 5268 ἐϐούλετοο

2103 5313 2354 5382 ἀγγέλων
2386 5329 2446 5366 τε
2486 5313 2744 5384 μυριάδες
2771 5311 3008 5384 ἀριθμοῦ
3074 5311 3358 5382 κρείττους
3388 5307 3694 5362 κυκλοῦσαι

2103 5405 2194 5458 τὸν
2227 5403 2415 5474 θρόνον
2462 5404 2598 5476 ὁμοῦ
2644 5406 2738 5458 καὶ
2780 5406 3200 5476 παρεστηκυῖαι,
3222 5403 3338 5472 φῶς
3367 5402 3695 5473 αὐτόχρημα

2097 5493 2275 5564 οὖσαι,
2292 5496 2406 5567 φῶς
2432 5497 2699 5567 ἀφιεῖσαι,
2717 5496 2831 5566 φῶς
2855 5495 3352 5567 ἐξαστράπτουσαι.
3376 5495 3441 5549 Ol
3466 5495 3567 5566 μὲν
3590 5496 3694 5549 ὅσα

2099 5591 2194 5645 καὶ
2219 5591 2325 5661 ἀὴρ
2352 5588 2646 5661 ὁρώμενοι,
2676 5591 2724 5642 ci
2751 5590 2806 5644 δὲ
2838 5589 2971 5661 πῦρ,
3000 5591 3049 5642 οἱ
3079 5589 3136 5643 δὲ
3161 5578 3311 5660 ἥλιος
3336 5604 3350 5618 ο
3388 5588 3467 5659 τῷ
3504 5587 3693 5657 μέντοι

2098 5683 2316 5755 Μιχαὴλ
2343 5682 2440 5753 (ὡς
2473 5682 2773 5754 τηνικαῦτα
2810 5683 3087 5754 μυστικῶς
3121 5681 3197 5753 τῷ
3223 5681 3451 5753 Συμεὼν
3473 5678 3698 5751 ὲδηλοῦο
