4018 6452
418 364 574 433 3125

1439 364 1612 424 VITA
1651 363 1699 423 A
1735 361 2177 435 NICEPHORO
2216 362 2704 425 CONSCRIPTA.

3580 352 3740 420 3l25i

417 486 537 554 το),
571 482 818 544 πλείονος
852 478 964 535 τῶν
1002 479 1177 536 ἄλλων
1223 473 1553 540 οἱκειώσεως
1586 478 1681 531 καὶ
1713 475 2021 548 παρρησίας

2132 474 2297 530 solis:
2331 474 2582 530 Michaeli
2644 483 2828 528 tamen
2864 472 2967 544 (uti
3010 479 3227 527 secreto
3284 468 3543 541 Symeoni
3587 477 3726 523 tunc

427 578 630 649 μετῆν.
664 573 741 638 ὡς
770 571 868 627 καὶ⁸
916 571 1138 626 πάντων
1167 570 1269 642 ἤδη
1301 568 1546 638 κεφαλὰς
1592 568 2025 639 ὲπικλινομένων

430 671 599 742 μόνον
621 667 980 739 ὕπερανέχειν
1012 664 1196 723 αὐτὸν.
1233 661 1653 733 διακονούμενον
1680 665 1792 727 τοῖς
1818 664 2026 716 Δεσπο-

424 769 608 830 τικοῖς
631 766 1023 834 διατάγμασιν.
1062 756 1197 813 Ἀπὸ
1229 758 1414 830 μέντοι
1442 758 1541 829 τῆς
1567 755 1662 811 τοῦ
1684 757 1879 820 κίονος-
1895 756 2027 809 στά-

430 877 577 923 σεως
602 858 731 929 ἄχρι
762 856 873 910 τῶν
897 853 1149 918 ὰθεάτως
1184 851 1411 905 ἐκείνων
1445 853 1538 905 καὶ
1571 848 1849 920 μυστικῶς
1881 850 2025 920 ὁρω-

429 953 621 1023 μένων
652 949 968 1013 ἀναϐάσεις,
1002 947 1078 1011 ὼς
1111 947 1194 1010 είς
1248 944 1341 999 τὸν
1379 942 1627 1013 οὐρανὸν,
1669 941 1728 995 αἱ
1767 939 2029 1010 δυνάμεις

427 1043 717 1097 ὲτίθεντο⁵
766 1041 1021 1110 συνανῄει
1067 1037 1126 1091 δὲ
1167 1037 1263 1091 καὶ
1309 1035 1513 1107 πλῆθος
1558 1035 1751 1096 αὑταῖς
1790 1031 1895 1085 ἀνὰ
1935 1030 2029 1086 τὸν

427 1136 578 1203 ἀέρι
605 1133 828 1205 μυρίον,
853 1131 931 1197 ὡς
957 1130 1092 1203 μηδὲ
1121 1128 1199 1201 τῷ
1220 1128 1383 1182 παντὶ
1411 1124 1708 1198 χωρείσθαι
1743 1123 2027 1188 δύνασθαι,

426 1230 555 1285 ἀλλ’
581 1223 698 1281 οἷον
732 1226 985 1295 ἀλλήλοις
1015 1223 1356 1292 συγκεῖσθαι,
1391 1223 1488 1275 καὶ
1518 1219 1747 1288 θατέρου
1777 1218 1867 1273 τὸν
1908 1218 2030 1272 ἓτε·

426 1340 535 1393 ρον
570 1321 816 1389 ἔχεσθαι,
872 1318 1005 1388 φῶς
1040 1316 1483 1387 περικειμένους,
1529 1312 1644 1382 φῶς
1691 1311 2030 1385 ὁρωμένους,

429 1415 558 1482 φῶς
596 1406 709 1467 οἷον
739 1410 875 1481 μηδὲ
925 1407 1194 1479 ὀφθαλμῷ
1225 1402 1574 1474 καταληπτὸν
1609 1398 1750 1458 εἶναι
1784 1405 2032 1475 λάμπον-

425 1520 572 1568 τας·
625 1502 778 1572 φωνὴ
812 1501 907 1555 τοῦ
949 1497 1300 1570 ὁμοιώματος
1337 1495 1548 1550 ἐκείνου
1588 1494 1922 1565 ἁκουομένη,
1953 1493 2029 1558 ὡς

427 1598 591 1665 φωνὴ
616 1594 711 1649 τοῦ
735 1597 793 1647 ἐν
814 1593 1111 1664 ὑπεροχαῖς
1130 1588 1446 1659 ἀνθρώπου,
1463 1587 1909 1641 ἀποκατάστασιν
1929 1585 2027 1655 τῆς

424 1689 532 1743 τοῦ
564 1689 820 1758 κειμένου
847 1676 1028 1756 ψυχῆς
1061 1682 1425 1754 σημαίνουσα.

2136 565 2551 621 manifestatum
2588 564 2714 635 est)
2758 564 2932 634 major
2990 576 3159 632 quam
3217 559 3344 615 aliis
3381 558 3725 614 familiaritas

2138 659 2449 730 agendique
2473 658 2705 713 libertas
2749 666 2890 723 erat,
2937 656 3079 710 adeo
3139 662 3199 708 ut
3239 653 3503 723 omnibus
3542 651 3726 721 capita

2144 752 2564 819 inclinantibus,
2596 753 2714 822 ipse
2745 732 2889 805 unus
2913 749 3207 813 emineret,
3231 746 3534 803 Dominicis
3567 760 3726 800 man~

2137 845 2283 900 datis
2318 845 2649 900 inserviens.
2681 845 2765 899 Ab
2787 844 2882 898 illo
2907 858 3076 914 porro
3120 841 3216 896 ubi
3259 841 3517 897 columna
3541 840 3764 906 stabat,

2132 936 2280 1003 loco,
2304 936 2373 992 ad
2399 937 2555 992 illum
2593 952 2769 1008 usque
2792 937 2890 991 ubi
2924 952 3127 992 arcana
3158 950 3264 992 nec
3283 935 3447 990 alteri
3479 950 3727 1006 unquam

2131 1030 2276 1097 visa,
2308 1031 2629 1102 spectacula
2686 1030 3052 1101 apparebant,
3098 1043 3365 1085 ascensus
3425 1037 3567 1093 erat,
3626 1043 3728 1099 per

2134 1139 2301 1193 quem
2336 1123 2491 1179 velut
2537 1123 2592 1178 in
2628 1123 2811 1194 ipsum
2848 1138 3024 1193 usque
3074 1122 3275 1177 ctelum
3336 1121 3569 1192 angelici
3611 1122 3731 1192 spie

2135 1215 2280 1271 ritus
2305 1223 2469 1270 erant
2496 1213 2808 1278 constituti,
2835 1212 3393 1281 conscendebantque
3417 1226 3513 1282 per
3536 1226 3724 1266 aerem

2135 1312 2289 1361 tanta
2336 1304 2717 1371 multitudine,
2751 1314 2811 1360 ut
2853 1303 2973 1374 capi
3000 1304 3226 1358 omnino
3258 1304 3380 1358 loco
3452 1318 3562 1356 non
3602 1317 3728 1373 pos-

2134 1406 2280 1463 sent,
2308 1396 2406 1452 sed
2433 1397 2578 1452 inter
2611 1411 2671 1452 se
2710 1396 2868 1467 quasi
2894 1396 3230 1467 conglobati,
3257 1395 3351 1450 alii
3384 1394 3524 1450 alios
3568 1409 3727 1450 com-

2133 1487 2303 1559 plecti
2339 1496 2713 1560 cogerentur:
2743 1500 2938 1541 omnes
3001 1484 3459 1557 splendidissimo
3486 1485 3728 1541 cireum-

2132 1580 2246 1636 dati
2285 1581 2517 1645 lumine,
2552 1579 2885 1635 videbantur
2913 1579 3093 1649 ipsum
3114 1593 3236 1633 esse
3270 1577 3484 1642 lumen,
3529 1587 3583 1633 ct
3618 1575 3726 1632 tale

2136 1674 2358 1745 quidem
2385 1673 2550 1744 quale
2577 1672 2868 1727 oculorum
2900 1671 3050 1726 acies
3073 1670 3221 1727 ferre
3269 1671 3546 1741 nequiret.
3578 1668 3725 1724 Tum

420 1785 675 1855 denique
709 1797 815 1837 vox
876 1779 1068 1836 audita
1101 1784 1209 1843 est,
1272 1776 1428 1831 velut
1464 1773 1710 1830 hominis
1758 1773 1816 1829 in
1870 1771 2093 1828 sublimi
2132 1770 2353 1831 stantis.
2401 1767 2720 1840 signiﬁcans
2753 1765 3168 1822 restitutionem
3208 1766 3408 1821 animae
3447 1765 3723 1822 demortui

419 1883 487 1938 in
530 1893 685 1935 suam
712 1876 925 1931 sedem.

503 1966 651 2040 ρμθ’.
686 1966 774 2030 Ὠς
803 1966 860 2018 δὲ
889 1960 1234 2035 κρύπτεσθαι
1264 1959 1364 2032 ήδη
1396 1958 1465 2014 τὰ
1494 1959 1594 2031 τῆς
1624 1959 1777 2022 θείας
1813 1958 2021 2030 ἐκείνης

2212 1954 2336 2011 N9.
2371 1954 2735 2023 Posteaquam
2767 1953 2970 2008 divinae
3015 1952 3121 2008 illa:
3166 1951 3545 2021 apparitioues
3590 1968 3723 2008 eva-

418 2061 779 2132 ἑπιφανείας,
817 2059 916 2113 καὶ
947 2054 1143 2129 μηκέθ’
1165 2055 1398 2128 ὁρᾶσθαι
1430 2054 1657 2128 ἤμελλε,
1685 2053 1917 2125 στρατιά
1944 2070 2031 2118 τις

418 2153 678 2221 ἀγγέλων
722 2148 968 2220 παρέστη
1018 2143 1097 2213 τῷ
1144 2142 1396 2214 Συμεὼν,
1451 2146 1552 2213 τῆς
1584 2142 1751 2196 αὐτοῦ
1781 2144 2028 2208 στάσεως

421 2241 807 2313 ἑκατέρωθεν,
840 2237 984 2292 κατὰ
1043 2237 1154 2291 τῶν
1198 2235 1301 2304 τῆς
1340 2234 1608 2306 πονηρίας
1648 2233 1977 2305 πνευμάτων
2009 2250 2024 2265 ο

419 2336 779 2409 παραχρῆμα
810 2332 869 2388 δὲ
926 2331 1020 2386 καὶ
1053 2328 1240 2395 αὐτὸς,
1294 2329 1518 2399 χάριτος
1562 2325 1753 2396 ὥσπερ
1801 2326 2026 2396 δαψιλε-

416 2430 630 2501 στέρας
659 2423 1054 2496 ὑποπλησθεὶς,
1095 2421 1328 2492 λαμπρᾷ
1356 2420 1432 2482 ὡς
1463 2415 1577 2489 εἶχε
1602 2419 1698 2472 καὶ
1726 2417 2025 2489 πεποιθυίᾳ

418 2523 607 2592 (ρωνῇ.
652 2517 876 2586 ’Λδελφὲ
927 2516 1141 2575 Κόνων,
1178 2512 1415 2582 ἕγειραι,
1450 2510 1581 2580 ἔφη.
1629 2509 1787 2563 καλεῖ
1841 2526 1901 2563 σε
1955 2509 2023 2563 δι’

419 2607 569 2678 ἐμοῦ
600 2607 630 2661 ὁ
664 2605 1052 2677 τετραήμερον
1102 2603 1168 2656 ὲκ
1216 2601 1391 2669 τάφου
1446 2599 1685 2663 καλέσας
1722 2599 1976 2673 Λάζαρον
2005 2615 2025 2634 ο

420 2699 526 2755 καὶ
573 2697 708 2768 ὁμοῦ
772 2700 841 2768 τῇ
891 2698 1042 2766 φωνῇ
1070 2694 1177 2767 (τίς
1214 2710 1310 2747 σου
1336 2693 1406 2747 τὰ
1437 2692 1749 2764 θαυμάσια,
1785 2692 2018 2764 Χριστὲ,

416 2792 752 2862 διηγήσεται
788 2789 828 2858 ;)
858 2791 886 2843 ὁ
907 2787 1101 2858 νεκρὸς
1133 2785 1365 2851 ἁνεὸῗω,
1401 2785 1499 2839 καὶ
1522 2785 1622 2854 τῆς
1644 2785 1905 2854 γλυκείας
1926 2782 2021 2836 τοῦ

416 2883 755 2939 διδασκάλου
790 2883 977 2950 φωνῆς
1011 2883 1040 2934 ὁ
1069 2879 1321 2951 μαθητὴς
1359 2879 1556 2950 ᾔσθετο
1577 2893 1594 2909 ⁸
1624 2878 1723 2931 καὶ
1762 2876 1898 2949 πρὸς
1921 2877 2023 2947 τὴν

416 2978 626 3045 κλῆσιν
676 2974 993 3039 διαναστὰς,
1044 2973 1142 3026 καὶ
1179 2971 1393 3041 ὗμμασι
1446 2968 1672 3040 βλέψας,
1739 2969 1835 3022 καὶ
1892 2971 2023 3023 ποσὶ

415 3069 777 3143 ϊρησάμενος
804 3106 821 3132 ,
881 3064 1232 3137 ἀπρκατέστη
1325 3065 1393 3133 τῇ
1476 3060 1822 3130 ἀδελφότητι.
1908 3060 2024 3115 Καὶ

413 3161 591 3218 τοῦτο
621 3162 720 3231 μὲν
770 3158 836 3230 δὴ
867 3155 1078 3213 τοιοῦτο
1111 3155 1207 3210 τοῦ
1255 3152 1507 3226 Συμεὼν,
1539 3155 1636 3207 καὶ
1681 3151 1829 3206 οὕτω
1872 3151 2017 3207 κατὰ

414 3256 522 3310 τὸν
548 3256 799 3323 γενναῖον
838 3251 958 3306 Ἰὼϐ
983 3248 1352 3321 πειρασθῆναι
1386 3244 1771 3318 συγχωρηθεὶς
1795 3246 1894 3301 καὶ
1927 3245 2026 3301 αὐ-

414 3312 961 3419 τδς,λαμπροτέρας
1021 3312 1116 3396 ιτὲι
1146 3312 1293 3395 τέλει
1342 3312 1606 3410 curiave}.
1636 3312 1737 3411 τῆς
1776 3338 2022 3412 ἁναρρή-
2047 3312 2091 3375 c

416 3453 591 3500 σεως,
616 3436 727 3504 ὅσῳ
747 3433 843 3488 τοῦ
873 3430 1145 3488 διπλασίω
1171 3430 1281 3485 τῶν
1311 3428 1507 3500 πρώην
1542 3429 1919 3500 ἀφῃρημένων
1949 3429 2020 3484 τὰ

418 3528 572 3602 μετὰ
616 3527 793 3581 ταῦτα
852 3523 1210 3597 κομίσασθαι,
1243 3523 1304 3576 τὸ
1332 3524 1426 3576 τὸν
1469 3522 1704 3576 θανόντα
1745 3522 2021 3595 μαθητὴν,

413 3622 590 3679 αὑτὸν
610 3622 820 3675 ἐκεῖνον
850 3618 1031 3685 ζῶντα
1080 3618 1246 3672 πάλιν
1293 3616 1549 3682 ὲξαισίως
1581 3615 1897 3679 ἀπολαϐεῖν,
1924 3616 2020 3670 καὶ

412 3713 686 3786 τοιαύτης
735 3712 1065 3782 ἐπιφανείας
1105 3708 1405 3780 ἀξιωθῆναι
1426 3749 1442 3774 ,
1467 3708 1568 3762 οὐκ
1601 3707 1771 3779 ὀλίγῳ
1799 3707 2014 3779 θαυμα-

415 3806 712 3878 σιώτερον.
759 3804 924 3877 Ἡμῖν
975 3804 1033 3859 δὲ
1088 3804 1183 3858 καὶ
1215 3802 1353 3874 πρὸς
1390 3802 1461 3857 τὰ
1493 3799 1622 3872 ἑξῆς
1653 3802 1682 3856 ὁ
1707 3799 1867 3870 λόγος
1917 3799 2019 3855 ἴτω

410 3898 528 3971 τῆς
552 3898 876 3964 ἀκολουθίας
914 3897 1195 3970 ἐχόμενος.

2131 2049 2405 2114 nuissent,
2436 2055 2771 2119 conspectus
2792 2046 3073 2102 exercitus
3125 2045 3349 2116 quidam
3399 2044 3724 2116 angelorum

2129 2142 2307 2197 astitit
2339 2139 2624 2213 Symeoni,
2672 2139 2742 2195 ab
2801 2148 3037 2209 utraque
3091 2138 3368 2194 columnae
3417 2147 3578 2209 parte
3629 2138 3743 2194 δέ..

2128 2251 2328 2293 versus
2372 2237 2550 2292 malos
2601 2235 2835 2309 spiritus
2897 2235 3259 2307 praesidium:
3323 2236 3725 2309 moxqueipse.

2126 2329 2280 2385 velut
2309 2329 2574 2386 uberiore
2605 2331 2782 2400 gratia
2814 2331 3083 2400 repletus,
3110 2345 3301 2400 quam__
3328 2329 3512 2400 potuit
3536 2329 3727 2385 claris-

2127 2421 2267 2476 sima
2294 2436 2454 2487 voce,
2482 2437 2548 2477 ac
2578 2421 2796 2476 ﬁducita
2812 2420 2977 2492 plena
3016 2421 3190 2477 dixit:
3249 2394 3445 2476 [prater
3486 2418 3681 2477 Conon
3704 2461 3720 2486 ,

2126 2513 2433 2579 suscitare;
2481 2520 2647 2568 vocat
2678 2520 2732 2569 te
2769 2527 2868 2582 per
2892 2527 2982 2568 me
3024 2512 3118 2568 ille
3148 2513 3244 2583 qui
3286 2510 3724 2584 quatriduanum

2124 2621 2157 2660 e
2186 2605 2446 2677 sepulcro
2491 2604 2764 2660 Lazarum
2797 2605 3073 2661 evocavit.
3137 2604 3375 2662 Vixdum
3422 2605 3579 2676 loqui
3620 2604 3719 2660 de.

2124 2697 2295 2753 sierat
2327 2697 2476 2769 (quis
2504 2697 2783 2753 mirabilia
2811 2705 2925 2762 tua,
2956 2696 3208 2758 Domine.
3230 2697 3493 2754 enarret?
3516 2696 3557 2768 ),
3592 2711 3722 2754 cum

2125 2800 2380 2847 mortuus
2408 2792 2631 2857 revixit,
2663 2803 2721 2848 et
2767 2807 2990 2848 suavem
3018 2792 3268 2863 magistri
3299 2806 3496 2848 vocem
3551 2791 3723 2850 disci-

2124 2884 2288 2954 pulus
2311 2883 2548 2951 audivit,
2582 2894 2639 2941 et
2664 2884 2734 2940 ad
2759 2885 3146 2942 evocationem
3181 2886 3446 2951 surrexit,
3480 2894 3537 2941 et
3588 2900 3725 2942 οευι

2123 2974 2195 3031 lis
2218 2975 2379 3041 vidit,
2410 2987 2467 3031 et
2488 2976 2729 3047 pedibus
2758 2978 2934 3044 stetit,
2963 2986 3020 3034 et
3067 2976 3306 3049 collegio
3364 2975 3597 3033 fratrum
3629 2993 3723 3034 re-

2124 3067 2359 3123 stitutus
2401 3077 2509 3123 est.
2560 3069 2743 3138 Atque
2790 3068 2901 3124 hoc
2949 3068 3178 3139 quidem
3243 3068 3325 3124 sic
3373 3077 3558 3124 actum
3589 3076 3715 3125 est:

2124 3161 2312 3231 itaque
2336 3160 2593 3230 exemplo
2611 3160 2871 3234 generosi
2900 3160 3006 3216 Job
3039 3161 3240 3217 tentari
3276 3160 3433 3216 varie
3481 3161 3722 3231 pet-mis.

2125 3268 2243 3318 sus,
2296 3251 2571 3308 illustrius
2637 3252 2978 3324 praeeuntium
3031 3251 3102 3308 ad
3147 3262 3464 3308 extremum
3499 3252 3717 3317 retulit.

2123 3344 2348 3418 quando
2379 3353 2503 3416 post
2525 3353 2719 3401 secuta
2766 3344 3068 3416 dupliciter
3118 3344 3724 3406 resareiveruntpdame

2125 3456 2259 3496 num
2290 3438 2446 3511 prius
2475 3438 2786 3493 ablatorum
2810 3455 2824 3505 ;
2854 3454 2982 3493 nam
3008 3447 3066 3494 et
3086 3438 3423 3510 discipulum
3438 3447 3721 3499 mrtuum

2129 3531 2399 3587 inusitato
2431 3531 2596 3586 modo
2630 3545 2826 3585 rursus
2850 3530 3038 3585 vivum
3075 3532 3308 3603 recepit,
3340 3539 3397 3587 et
3437 3542 3546 3587 tam
3579 3532 3727 3589 inso-

2128 3624 2228 3679 lita
2257 3623 2610 3694 apparitione
2671 3622 2932 3694 dignatus
2984 3623 3110 3690 fuit,
3172 3623 3321 3695 quod
3372 3624 3520 3680 haud
3560 3626 3726 3697 paulo

2128 3716 2537 3772 admirabilius.
2619 3715 2826 3771 Verum
2889 3716 2958 3770 ad
3040 3727 3261 3783 caztera,
3335 3733 3461 3789 quae
3513 3729 3728 3775 restant

2127 3807 2462 3875 enarranda,
2495 3816 2687 3864 nostra
2722 3807 2989 3878 procedat
3023 3808 3223 3864 oratio.

1885 4012 2116 4076 CAPUT
2143 4015 2286 4074 XIX.

1075 4135 1344 4193 Miracula
1385 4153 1482 4209 per
1522 4135 1744 4210 capillos
1778 4135 2021 4210 Symeom‘

2129 4144 2332 4193 atrata.
2358 4135 2730 4194 Sacerdotium
2757 4148 3078 4212 sttsccptum.

499 4263 598 4332 pv.
642 4253 849 4325 Ἱερεύς
879 4271 988 4321 τις,
1041 4256 1142 4327 τῆς
1183 4253 1418 4325 Ἰϐήρων
1474 4252 1823 4325 ὁρμώμενος,
1877 4251 2020 4309 κατὰ

416 4349 618 4419 φήμην
646 4347 742 4402 τοῦ
776 4348 935 4416 ἁγίου
966 4347 1106 4417 πρὸς
1132 4346 1297 4400 αὒτδν
1333 4346 1731 4417 παραγεγονὼς
1755 4388 1770 4412 ,
1841 4345 2020 4411 οὕτως

416 4441 713 4515 ἀνηρτήθη
732 4441 833 4511 τῆς
859 4441 939 4502 είς
970 4439 1139 4517 αὑτὸν⁸
1163 4438 1422 4503 πίστεως,
1464 4438 1540 4504 ὡς
1567 4440 1664 4493 καὶ
1704 4438 1817 4493 τῶν
1853 4440 2020 4510 ἱερῶν

414 4533 591 4592 αὐτοῦ
621 4532 826 4603 τριχῶν
859 4531 1082 4601 αἰτῆσαι
1119 4529 1248 4600 παρ’
1274 4527 1442 4582 αὐτοῦ
1473 4529 1569 4582 καὶ
1595 4529 1807 4585 λαϐεῖν.
1847 4524 2019 4595 Οὗτος

414 4630 505 4692 είς
530 4628 632 4698 τὴν
654 4626 866 4680 οἰκείαν
897 4620 1232 4687 ἐπανελθὼν,
1266 4622 1326 4675 ἐν
1359 4621 1588 4695 καθαρῷ
1622 4621 1732 4676 τῶν
1768 4622 2015 4694 θορύϐων

414 4717 610 4791 χωρίῳ
633 4715 762 4769 ναὸν
795 4712 1070 4785 ἐδείματο,
1090 4714 1186 4766 καὶ
1209 4713 1430 4784 σταυρῷ
1474 4714 1675 4783 τιμίως
1709 4713 1881 4777 αὐτάς
1928 4716 2019 4767 ὲν-

410 4807 678 4874 απέθετο,
712 4806 801 4861 ἶνα
824 4807 920 4859 καὶ
936 4805 1095 4876 διπλῇ
1125 4803 1326 4875 μᾶλλον
1355 4807 1421 4876 τῇ
1451 4821 1511 4858 τε
1538 4802 1683 4880 θήκῃ
1708 4803 1807 4859 καὶ·
1835 4805 2021 4874 σξίσιν

411 4899 614 4963 αὐταῐς
646 4898 732 4971 εἴη
761 4897 1226 4970 θαυματουργεῖν.
1262 4896 1383 4951 Τῶν
1438 4896 1497 4952 δὲ
1544 4899 1734 4962 κακῶς
1776 4899 2017 4970 πασχόν-

412 5009 532 5047 των
577 4992 786 5055 πολλοὶ,
831 4993 931 5047 καὶ
984 4991 1294 5062 πνεύμασιν
1352 4990 1689 5061 ἀκαθάρτοις
1736 4992 1770 5062 ἢ
1836 4994 2017 5058 νόσοις

411 5083 787 5156 πιεζομένων,
820 5082 1162 5156 προσιόντες.
1182 5084 1278 5137 καὶ
1297 5082 1598 5153 θεραπείας
1625 5084 2011 5157 τυγχάνοντες,

413 5175 521 5229 οὐκ
570 5176 728 5249 ὀλίγῃ
784 5175 933 5248 χειρὶ
966 5174 1131 5229 πάλιν
1185 5175 1341 5228 αὐτοὶ
1370 5177 1469 5247 τὴν
1512 5175 1818 5247 θεραπείαν
1848 5178 2012 5249 ἡμείο

414 5266 600 5323 θοντο.
633 5266 868 5338 Ὅπερὸ
923 5265 1123 5334 φθόνος
1174 5266 1277 5320 οὐκ
1331 5265 1596 5334 ἐνεγκὼν,
1653 5259 2014 5340 ἐπανίστησιν

414 5357 571 5432 αὐτῷ
597 5354 724 5424 τοὺς
756 5358 1106 5429 ὲκγειτόνων
1144 5360 1339 5429 ἱερεῖς,
1370 5359 1419 5413 οἳ
1448 5361 1544 5414 καὶ
1572 5361 2014 5433 προσαγγέλλου-

420 5469 510 5508 σιν
538 5452 703 5508 αὐτὸν
729 5453 808 5525 τῷ
840 5452 992 5524 σφῶν
1020 5454 1341 5524 ἐπισκὸπῳ,
1387 5452 1464 5518 ὡς
1512 5453 1622 5527 ἄρα
1667 5453 2014 5527 περιεργίαις

416 5543 481 5619 δή
512 5561 625 5599 τισι
664 5545 764 5600 καὶ
817 5548 1086 5618 πονηραῖς
1128 5548 1436 5617 ἐνεργείαις
1476 5549 1565 5618 εἴη
1601 5548 1729 5609 τοὺς
1782 5547 2013 5610 πολλοὺς

422 5638 673 5706 ἀπατῶν,
697 5640 795 5693 καὶ
826 5639 964 5711 πρὸς
995 5639 1056 5693 τὸ
1082 5641 1271 5694 καινον
1311 5640 1603 5711 εὐκτήριον
1629 5640 1971 5709 ἑπαγόμενος
1999 5655 2012 5670 ·

495 5817 609 5890 (38)
643 5816 717 5871 De
741 5817 914 5874 lberis
953 5834 1121 5889 supra
1145 5818 1214 5872 ad
1236 5836 1356 5890 cap.
1386 5820 1452 5874 l3
1479 5818 1578 5890 egi.

2195 4252 2319 4310 l50.
2350 4253 2650 4325 Presbyter
2672 4253 2921 4326 quidam,
2968 4253 3094 4309 lber
3139 4253 3365 4309 natione
3403 4253 3538 4326 (38),
3570 4252 3730 4311 fama.

2120 4347 2229 4403 viri
2252 4348 2429 4404 sancti
2457 4349 2693 4411 excitus,
2723 4364 2791 4404 eo
2816 4348 2922 4404 iter
2949 4347 3306 4403 instituerat:
3329 4347 3522 4418 sicque
3562 4363 3727 4404 exar-

2123 4438 2203 4494 sit
2249 4453 2380 4510 erga
2423 4439 2581 4494 illum
2642 4438 2865 4505 ﬁducia,
2925 4447 3043 4495 ute
3095 4437 3270 4495 sacris
3335 4439 3458 4509 ejus
3503 4438 3723 4511 capillis

2119 4532 2404 4605 quidpiam
2436 4541 2651 4604 peteret
2678 4548 2741 4589 ac
2762 4533 3109 4607 impetraret.
3140 4531 3277 4589 inde
3309 4531 3535 4588 domum
3563 4548 3717 4589 suam

2123 4640 2406 4693 reversus,
2436 4626 2491 4680 in
2517 4626 2663 4682 loco
2695 4641 2726 4682 a
2779 4625 2962 4682 turbis
3010 4634 3227 4682 remoto
3279 4641 3493 4682 sacram
3546 4626 3720 4681 tndem

2126 4719 2421 4784 exstruxit,
2467 4729 2525 4788 e_t
2573 4719 2839 4791 pretiosa}
2863 4718 3162 4774 admodum
3224 4720 3379 4774 cruci
3429 4719 3729 4790 praedictas

2129 4810 2399 4881 reliquias
2426 4810 2675 4875 inclusit,
2733 4819 2796 4866 ut
2823 4810 3029 4882 duplici
3083 4825 3150 4866 ex
3205 4811 3385 4882 capite
3433 4820 3723 4883 patrarent

2129 4902 2421 4965 miracula,
2443 4918 2512 4958 ex
2541 4903 2750 4958 virtute
2779 4902 2994 4958 scilicet
3018 4901 3142 4957 talis
3170 4901 3342 4958 theca:
3360 4908 3416 4956 et
3443 4917 3540 4957 sua
3568 4903 3719 4972 ipso-

2127 5010 2271 5049 rum.
2304 4993 2458 5049 Multi
2483 4993 2631 5048 enim
2666 4993 2935 5049 habentes
2966 4981 3220 5059 male,.et
3268 4994 3505 5066 impuris
3546 4993 3713 5066 spiri-

2124 5087 2276 5143 tibus
2326 5086 2647 5157 morbisque
2693 5086 2874 5143 vexati
2955 5095 3348 5144 accesserunt:
3428 5102 3706 5160 opemque

2121 5180 2305 5246 nacti,
2337 5195 2447 5235 non
2472 5195 2637 5252 parca
2673 5196 2840 5235 manu
2877 5195 2979 5251 pro
3005 5181 3391 5240 incolumitate
3424 5183 3737 5254 impetrata

2120 5270 2765 5343 appendehantaliquid.
2792 5269 2964 5343 Cujus
3010 5272 3091 5329 rei
3144 5274 3442 5346 impatiens
3480 5274 3739 5340 invidiaL
3781 5309 3789 5321 ο

2119 5361 2419 5417 concitavit
2450 5361 2667 5417 vicinos
2686 5362 3082 5436 presbyteros:
3116 5364 3212 5435 qui
3261 5364 3445 5420 virum
3493 5364 3716 5422 detule-

2119 5464 2251 5510 runt
2274 5454 2343 5510 ad
2365 5453 2689 5528 episcopum
2720 5469 2904 5520 suum,
2924 5457 3206 5514 criminati
3231 5458 3380 5531 quod
3440 5460 3717 5531 supersti-

2119 5546 2280 5604 tiosis
2319 5545 2657 5618 quibusdam
2688 5562 2753 5603 ac
2773 5548 2934 5605 malis
2953 5549 3168 5606 artibus
3185 5551 3447 5623 populum
3482 5551 3715 5609 seduce-

2121 5645 2206 5692 ret
2234 5637 2646 5710 adduceretque
2683 5638 2741 5695 in
2764 5641 3072 5699 oratorium
3110 5658 3337 5699 novum.
3380 5640 3738 5720 Episcopus»
