4018 6460
912 308 953 321 ηκ-

326 349 468 414 8127

1546 355 1607 415 S.
1651 349 2033 414 SYMEONIS
2070 349 2434 411 JUNIORIS

3476 352 3620 420 3128

326 464 481 539 nullo
499 462 756 519 examine
785 463 949 530 facto,
973 463 1137 518 dictis
1161 463 1323 519 [idem
1356 462 1651 528 adhibens,
1680 463 1921 534 graviter

2034 455 2106 523 οἷς
2147 460 2367 514 ἐκεῖνον
2431 461 2811 522 ἀϐασανίστως
2866 462 3275 529 πιστεύσαντα,
3350 464 3449 519 καὶ
3517 466 3616 532 ὀξὺ

326 556 386 611 in
419 554 601 610 virum
635 566 969 620 commotus,
1018 556 1191 612 sacris
1235 556 1315 611 illi
1348 556 1668 611 interdicit:
1702 556 1770 611 ad
1798 556 1916 611 haec

324 656 386 703 ct
407 645 699 703 facultates
738 648 926 717 diripi,
948 657 1006 702 et
1035 647 1247 702 aditum
1276 647 1486 710 sacelli,
1519 663 1590 703 ne
1629 648 1719 703 cui
1750 647 1914 702 dein-

328 754 464 808 ceps
491 738 729 794 adeundi
762 737 919 806 copia
948 746 1121 805 esset,
1144 737 1362 792 obstrui
1382 738 1563 809 jubet.

405 958 526 1014 131.
558 960 777 1014 Interea
812 958 1044 1014 sedebat
1065 957 1158 1014 ille
1207 958 1414 1014 clausis
1447 959 1639 1015 sacelli
1676 960 1911 1028 foribus,

325 1048 640 1105 lamentans
666 1065 780 1105 non
810 1057 1025 1105 tantum
1052 1050 1380 1107 facultatem
1409 1054 1586 1109 sacris
1648 1052 1915 1124 operandi

327 1142 589 1207 ablatam,
617 1142 713 1198 sed
738 1158 856 1197 rem
893 1142 1223 1199 familiarem
1253 1159 1477 1215 quoque
1512 1164 1526 1200 :
1578 1146 1917 1216 respiciens-

326 1249 439 1304 que
486 1233 703 1289 unicam
731 1249 888 1289 suam
922 1234 1263 1305 minimeque
1292 1234 1543 1291 fallacem
1594 1252 1746 1307 spem
1770 1237 1919 1307 posi-

325 1341 436 1385 tam
472 1331 528 1385 in
552 1340 741 1385 saneto
779 1329 1082 1403 Symeone,
1113 1331 1547 1387 consolationem
1595 1332 1663 1387 ab
1697 1333 1792 1387 illo
1829 1348 1922 1388 ac-

328 1421 514 1491 cepit,
552 1420 866 1476 subsidium
884 1436 997 1475 non
1020 1427 1349 1477 cunctanter
1375 1422 1600 1477 tardeve
1639 1422 1915 1488 conferre,

325 1527 441 1566 non
479 1512 912 1582 procrastinare,
953 1522 1050 1567 aut
1104 1514 1161 1567 in
1211 1513 1363 1567 aliud
1406 1522 1626 1583 tempus
1656 1513 1910 1584 rejicere,

325 1620 441 1659 non
469 1615 651 1660 certas
686 1606 743 1660 in
772 1606 943 1661 horas
976 1621 1265 1661 reservare
1307 1606 1493 1662 solito.
1519 1606 1800 1662 Continuo
1832 1605 1919 1660 in-

325 1697 504 1753 festus
525 1699 740 1754 daemon
763 1699 1088 1770 episcopum
1118 1698 1412 1765 invadens,
1442 1699 1623 1769 ipsum
1636 1700 1751 1771 jam
1772 1699 1916 1754 luei-

2025 552 2173 605 κατὰ
2257 551 2354 605 τοῦ
2438 550 2633 622 ἀνδρὸς
2728 550 3060 622 κινηθέντα,
3149 556 3251 626 τῆς
3314 571 3374 607 τε
3462 555 3617 621 θείας

2021 640 2185 693 αὐτὸν
2253 639 2564 710 ἱερουργίας
2622 640 2904 711 ἀπεῖρξαι,
2957 643 3054 696 καὶ
3111 642 3177 713 δὴ
3233 645 3332 697 καὶ
3389 644 3461 699 τὰ
3485 646 3614 700 ὅντα

2022 732 2490 803 προσμφελὲσθαι,
2528 731 2609 786 ἔτι
2654 733 2748 786 καὶ
2792 733 2891 806 τὴν
2932 733 3028 787 τοῦ
3063 735 3357 806 εύκτηρίου
3407 737 3616 793 εἴσοδον

2022 827 2312 879 ὑπανείναι
2340 825 2543 898 ’μηδενὶ
2575 824 2668 880 τοῦ
2708 825 2896 880 λοιποῦ
2926 827 3401 899 παραγγείλαντα.

2104 964 2314 1037 ρνα’.’0
2371 963 2469 1034 μὲν
2523 956 2618 1016 οὖν
2676 961 3131 1031 ἐπικλεισάμενος
3184 963 3282 1027 τὰς
3317 965 3612 1037 εὐκτηρίου

2024 1058 2197 1130 θύρας
2255 1055 2518 1126 καθῆστο,
2551 1055 2613 1109 οὐ
2661 1054 2761 1126 τὴν
2810 1054 2908 1124 τῆς
2968 1053 3270 1123 ἱερωσύνης
3321 1054 3603 1110 ἔκπτωσιν

2029 1152 2212 1222 μόνον,
2247 1148 2383 1202 ἀλλὰ
2404 1149 2499 1202 καὶ⁸
2531 1148 2633 1218 τὴν
2668 1145 2781 1201 τῶν
2818 1146 2988 1200 ὄντων
3020 1146 3313 1217 ἀφαίρεσιν
3344 1147 3610 1217 ὀδυρόμε-

2032 1262 2119 1310 νος
2143 1260 2157 1273 “
2190 1244 2327 1313 πρὸς
2364 1242 2530 1313 μόνας
2561 1240 2617 1294 δέ
2643 1239 2805 1293 πάλιν
2832 1238 2931 1302 τὰς
2961 1241 3041 1302 εἰς
3095 1239 3187 1292 τὸν
3221 1239 3377 1308 ἅγιον
3443 1240 3612 1308 ἀψευο

2023 1339 2133 1403 δεῖς
2156 1336 2375 1400 ἐλπίδας
2400 1336 2565 1405 ὀρῶν,
2618 1337 2714 1388 καὶ
2743 1334 2844 1405 τὴν
2893 1335 3105 1387 ἐκεῖθεν
3137 1334 3485 1405 παράκλησιν
3517 1337 3613 1395 ἐκ·

2021 1429 2331 1501 δεχόμενος.
2365 1428 2509 1499 Πρὸς
2540 1425 2611 1497 ἢν
2643 1425 2798 1478 οὐδὲν
2855 1426 3064 1487 ἐκεῖνος
3095 1424 3270 1478 ὀκνῶν
3303 1424 3426 1477 οὐδὲ
3482 1424 3614 1477 ἁνα-

2022 1522 2282 1593 δυόμενος
2336 1515 2425 1591 ἦν,
2479 1519 2581 1572 οὐκ
2628 1517 2857 1588 ὀψίζων,
2909 1517 2973 1570 ού
3030 1516 3357 1585 διαμέλλων,
3415 1516 3475 1569 οὐ
3534 1514 3615 1582 τῷ

2026 1615 2313 1685 πράγματι
2345 1611 2538 1683 καιρὺν
2568 1610 2768 1664 οἰκεῖον
2785 1608 3183 1679 ταμιευόμενος
3202 1624 3216 1636 ·
3242 1607 3378 1661 ἀλλὰ
3400 1606 3615 1675 δαίμων

2024 1708 2186 1771 εὐθὺς
2214 1705 2448 1777 χαλεπὸς
2492 1702 2569 1773 τῷ
2610 1701 2898 1771 ἐπισκόπῳ
2958 1701 3330 1771 ἐπιπηδήσας,
3362 1715 3615 1769 νυκτερι-

324 1791 520 1863 fugum
553 1808 653 1863 per
681 1794 939 1849 tenebras
978 1796 1180 1860 noctis,
1212 1802 1275 1849 ut
1300 1794 1441 1850 clam
1490 1793 1754 1849 omnibus
1786 1810 1916 1865 per-

2034 1801 2112 1853 μὸν
2144 1800 2329 1868 ἱκέτην
2360 1795 2543 1859 αὐτὸν,
2583 1797 2672 1852 ἵνα
2703 1795 2798 1849 καὶ
2858 1793 2921 1846 τὸ
2981 1794 3200 1846 πάντων
3244 1791 3399 1862 ὄμμα
3449 1790 3609 1844 λάθοι

327 1894 450 1938 acta
476 1900 567 1939 res
592 1885 644 1938 in
673 1884 961 1941 hominum
988 1887 1244 1943 notitiam
1287 1904 1399 1944 non
1430 1889 1669 1952 veniret,
1706 1887 1918 1959 suppli-

327 1990 450 2030 cem
474 1974 540 2030 ad
567 1975 957 2047 presbyterum
1005 1978 1214 2049 adigit:
1245 1981 1361 2051 jam
1414 1981 1567 2034 enim
1598 1981 1920 2035 innotuerat

325 2067 533 2123 misero
552 2076 609 2123 et
639 2069 973 2124 calamitatis
1001 2086 1115 2127 sua:
1142 2087 1307 2127 causa
1345 2080 1402 2128 et
1428 2074 1569 2128 ultio
1605 2072 1814 2129 divina.
1840 2073 1919 2129 Ae

325 2160 510 2230 primo
542 2159 767 2229 quidem
791 2176 822 2215 a
853 2161 1080 2217 subdito
1104 2180 1206 2219 suo
1254 2165 1477 2220 veniam
1505 2167 1667 2235 petit,
1717 2165 1918 2221 deinde

328 2253 612 2307 miseriam
634 2268 789 2309 suam
814 2255 866 2310 ei
900 2256 1135 2322 revelat,
1182 2257 1426 2328 denique
1486 2268 1642 2330 rogat
1695 2268 1759 2314 ut
1798 2276 1911 2317 me-

328 2343 510 2397 delam
533 2343 639 2398 sibi
671 2345 946 2416 impertiri
970 2345 1255 2417 dignetur,
1280 2349 1749 2418 quemadmodum
1793 2351 1918 2407 aliis

327 2433 588 2503 pluribus
622 2433 942 2505 impertitus
971 2436 1175 2493 fuerat.
1217 2438 1315 2496 Ille
1356 2442 1592 2512 supplici
1640 2444 1918 2499 sinceram

326 2525 558 2581 exhibet
580 2528 935 2595 medicinam,
967 2531 1198 2601 gratiam
1223 2533 1542 2603 gratuitam,
1587 2534 1807 2591 divitias
1831 2537 1920 2592 in-

327 2619 649 2687 exhaustas,
683 2636 932 2685 crucem,
973 2624 1222 2693 inquam,
1258 2641 1447 2692 suam;
1484 2627 1649 2682 simul
1700 2628 1915 2694 edocet,

327 2722 571 2781 quantus
600 2720 657 2768 et
684 2714 831 2771 unde
849 2725 1111 2786 acceptus
1140 2717 1307 2773 lateat
1329 2718 1386 2773 in
1415 2735 1577 2775 cruce
1600 2721 1916 2777 thesaurus.

328 2806 575 2862 Accessit
604 2806 773 2878 igitur
792 2809 1087 2880 episcopus
1118 2810 1370 2867 fervente
1395 2814 1618 2884 spiritu,
1652 2829 1716 2871 ae
1744 2814 1918 2872 multo

306 2898 499 2959 etiam
536 2899 875 2956 ferventiore
925 2903 1294 2972 paenitudine,
1331 2913 1447 2960 tum
1486 2908 1617 2976 quia
1648 2908 1796 2964 circa
1827 2908 1917 2964 di-

327 2990 517 3046 vinam
538 2990 684 3046 illam
706 2994 939 3063 gratiam
961 2995 1118 3065 prius
1134 2997 1451 3054 caecutierat
1470 3006 1527 3054 et
1548 3000 1920 3057 calumniatus

330 3090 453 3139 erat
482 3083 855 3154 impudenter,
889 3094 1007 3141 tum
1043 3089 1171 3158 quia
1205 3089 1356 3145 illius
1385 3090 1703 3147 ministrum
1736 3108 1802 3148 ac
1832 3108 1921 3149 sa-

2024 1893 2120 1948 καὶ
2180 1893 2364 1947 πᾶσαν
2418 1891 2675 1956 αἴσθησιν
2743 1886 3064 1956 διακλέψοι,
3125 1884 3205 1955 τῷ
3252 1883 3615 1956 πρεσϐυτέρῳ

2022 1984 2313 2059 προσάγει,
2347 1984 2448 2054 τὴν
2476 1981 2655 2037 αἰτίαν
2683 1979 2885 2052 δηλαδὴ
2916 1977 3144 2031 συνέντα
3187 1978 3288 2030 καὶ⁸
3316 1977 3415 2044 τὴν
3453 1975 3620 2044 δίκην

2020 2078 2122 2131 οὐκ
2176 2075 2545 2147 ἀγνοήσαντα.
2583 2072 2695 2126 Καὶ
2743 2071 2939 2140 πρῶτα
2995 2068 3094 2139 μὲν
3141 2068 3282 2121 αἰτεῖ
3329 2066 3480 2135 παρὰ
3516 2064 3617 2117 τοῦ

2022 2169 2129 2223 ὑπὸ
2162 2168 2325 2239 χεῖρα
2356 2163 2713 2235 συγγνώμην,
2741 2161 2859 2216 εἶτα
2889 2162 2951 2215 τὸ
3001 2160 3176 2223 πάθος
3210 2158 3613 2222 ἀνακαλύπτει,

2021 2260 2148 2331 ἑξῆς
2174 2260 2231 2314 δὲ
2258 2259 2500 2313 δυσωπεῖ
2529 2257 2830 2328 θεραπείας
2868 2255 3186 2324 ἀξιωθῆναι,
3220 2254 3332 2321 ὅτῳ
3382 2253 3447 2322 δή
3482 2269 3617 2306 ποτε

2020 2354 2229 2424 τρόπῳ,
2257 2350 2412 2422 φησὶ,
2440 2348 2668 2413 πολλοὺς
2684 2344 2793 2401 οἶδε
2823 2347 2918 2401 καὶ
2944 2347 3136 2409 ἄλλους
3164 2346 3323 2409 αὐτὸς
3347 2344 3612 2410 ἀξιώσας.

2033 2442 2094 2499 '0
2118 2444 2177 2498 δὲ
2216 2442 2315 2515 τὴν
2346 2443 2572 2514 ἄτεχνον
2605 2439 2869 2513 ἰατρείαν,
2902 2440 3003 2511 τὴν
3049 2437 3283 2508 ἄμισθον
3311 2437 3495 2507 χάριν,
3521 2435 3615 2487 τὸν

2019 2536 2082 2589 ού
2131 2533 2459 2605 κενούμενον
2500 2528 2730 2584 πλοῦτον
2761 2528 2940 2600 αὐτῷ,
2990 2529 3083 2581 τὸν
3130 2526 3362 2599 σταυρὸν
3396 2525 3615 2579 ὑποδεί-

2022 2641 2205 2690 κνυσι,
2256 2624 2352 2677 καὶ
2399 2620 2491 2675 τὸν
2530 2621 2590 2673 ἐν
2639 2618 2719 2690 τῷ
2772 2617 2994 2689 σταυρῷ
3048 2616 3454 2688 κεκρυμμένον,
3491 2614 3617 2667 ὅθεν

2021 2716 2129 2787 ἄρα
2153 2717 2248 2768 καὶ
2322 2713 2493 2777 ὅπως,
2579 2710 2852 2782 θησαυρὸν
2924 2706 3237 2780 ἐρμηνεύει.
3291 2705 3617 2777 Προσελθὼν

2019 2809 2198 2862 τοίνυν
2246 2806 2275 2859 6
2326 2806 2626 2867 ἐπίσκοπος
2658 2802 2847 2874 θερμῷ
2877 2801 3151 2871 πνεύματι
3176 2841 3190 2865 ,
3224 2797 3532 2869 θερμοτέρα
3556 2797 3617 2850 δὲ

2021 2896 2203 2968 πολλῷ
2234 2898 2328 2951 καὶ
2354 2899 2418 2967 τῇ
2448 2895 2729 2968 μετανοίᾳ,
2760 2891 2843 2958 οἷς
2871 2911 2930 2949 τε
2952 2894 3083 2964 περὶ
3122 2892 3221 2960 τὴν
3245 2891 3399 2945 θείαν
3448 2889 3615 2960 χάριν

2020 2989 2239 3061 ἐκείνην
2296 2987 2626 3058 τυφλώττων
2679 2986 2946 3058 πρότερον
2997 2981 3087 3056 ἦν,
3120 2985 3215 3037 καὶ
3259 2979 3617 3050 συκοφαντῶν

2021 3082 2253 3155 ἀναίόην
2309 3081 2405 3135 καὶ
2453 3078 2777 3148 διαϐάλλων,
2835 3072 2918 3143 οἷς
2955 3095 3015 3131 τε
3050 3078 3179 3146 περὶ
3201 3076 3295 3130 τὸν
3332 3076 3483 3147 ἱερέα
3520 3074 3617 3126 καὶ

321 3175 615 3231 cerdutem
644 3176 864 3247 injuriis
887 3178 1171 3246 all‘eccrat,
1197 3197 1347 3238 nunc
1371 3182 1551 3253 ipsum
1583 3184 1796 3241 habens
1822 3202 1920 3256 pa-

2034 3176 2269 3232 5ιάκονον
2286 3174 2557 3246 ἐνύϐρισε,
2576 3173 2782 3244 ταύτης
2814 3173 2932 3241 ἅμα
2963 3172 3020 3225 δὲ
3048 3171 3144 3224 καὶ
3180 3171 3341 3223 αὐτὸν
3362 3166 3616 3238 συναιρό-

332 3267 726 3325 trocinantem.
757 3269 827 3325 Et
852 3272 945 3326 ille
981 3272 1206 3342 quidem
1239 3273 1501 3330 infestum
1532 3292 1563 3330 a
1588 3292 1647 3333 se
1674 3278 1923 3333 excussit

334 3358 674 3426 daemonem;
727 3361 1016 3433 presbyter
1044 3378 1178 3417 vero
1223 3379 1348 3419 cum
1393 3366 1626 3435 pristina
1658 3367 1924 3437 dignitate

324 3464 454 3506 rem
505 3450 856 3519 familiarem,
886 3455 1212 3524 ampliorem
1236 3457 1401 3512 etiam
1434 3474 1598 3528 quam
1631 3458 1925 3526 habuerat,

336 3552 395 3597 et
422 3542 738 3597 libertatem
802 3546 1034 3615 recepit.
1848 3555 1855 3561 '

421 3676 542 3730 159.
582 3676 820 3733 Circiter
868 3679 1013 3735 idem
1056 3690 1272 3751 tempus
1313 3682 1565 3754 contigit,
1595 3685 1791 3740 Persas
1819 3684 1929 3743 illis

339 3766 597 3836 partibus
617 3783 743 3823 cum
767 3771 1014 3826 exercitu
1043 3774 1435 3842 supervenire;
1458 3776 1663 3846 quibus
1683 3793 1808 3833 cum
1836 3778 1920 3834 in-

343 3856 586 3913 dicatum
614 3868 780 3924 esset,
817 3858 976 3930 plura
1009 3862 1062 3916 in
1098 3863 1301 3918 sacello
1335 3864 1449 3935 jam
1478 3865 1630 3921 dicto
1657 3876 1713 3923 et
1741 3871 1923 3939 magni

339 3954 503 4027 pretii
538 3957 887 4010 anathemata
916 3969 1061 4021 esse,
1091 3970 1120 4008 a
1150 3953 1483 4011 Christianis
1517 3971 1627 4011 non
1656 3972 1821 4028 parca
1845 3969 1942 4015 aut

339 4062 504 4101 avara
546 4064 712 4102 manu
760 4047 881 4101 istic
924 4061 1229 4113 suspensa,
1276 4061 1387 4116 quo
1430 4048 1709 4118 quippiam
1746 4051 1938 4105 eodem

345 4130 513 4185 celeri
542 4146 710 4186 cursu
732 4133 1080 4188 contendunt
1102 4149 1275 4204 :quos
1303 4136 1398 4200 ubi
1427 4139 1687 4196 sacerdos
1715 4142 1935 4199 eminus

344 4222 710 4280 adventantes
735 4225 909 4289 videt,
947 4226 1003 4280 in
1032 4227 1271 4284 vicinam
1312 4245 1432 4287 sese
1475 4231 1690 4287 abdidit
1718 4234 1933 4300 silvam,

344 4318 524 4373 donec
565 4319 669 4389 ipsi
710 4319 779 4374 ad
810 4320 1114 4375 exercitum
1147 4323 1525 4380 revertissent.
1558 4326 1641 4380 Illi
1679 4341 1812 4380 vero
1849 4327 1936 4381 in-

345 4409 516 4479 gressi
567 4411 853 4477 sacellum,
902 4420 1017 4466 toto
1070 4413 1197 4469 istic
1242 4415 1332 4470 die
1383 4424 1777 4486 permanentes
1821 4433 1932 4471 non

2030 3287 2190 3341 μενον
2212 3268 2352 3339 ἔχων
2371 3310 2386 3334 ,
2414 3267 2577 3325 αὑτός
2599 3282 2661 3319 τε
2685 3266 2777 3318 τὸν
2805 3264 3042 3335 χαλεπὸν
3082 3261 3318 3352 ἀπέθετο
3363 3258 3619 3352 δαίμονα,

2027 3365 2274 3426 κάνεῖνος
2348 3360 2486 3431 μετὰ
2578 3356 2675 3411 τοῦ
2754 3353 3063 3426 ἀξιώματος
3122 3350 3278 3415 αὖθις
3351 3355 3446 3406 καὶ
3518 3350 3622 3420 τῆς

2026 3456 2216 3519 οὐσίας
2252 3452 2472 3524 μείζονα
2511 3451 2608 3523 τῆς
2671 3448 2944 3522 προτέρας
3005 3446 3297 3517 ἀπειλήφει
3368 3445 3463 3498 καὶ
3518 3441 3624 3513 τὴν

2031 3542 2362 3613 ἐλευθερίαν.

2107 3677 2241 3751 ρνβθ.
2284 3674 2491 3746 Συνέϐη
2546 3674 2603 3728 δὲ
2645 3674 2766 3728 κατ’
2800 3674 2978 3727 ἐκεῖνο
3009 3672 3203 3739 καιροῦ
3243 3672 3462 3743 Πέρσας
3506 3674 3624 3736 τοῖς

2037 3773 2261 3844 μέρεσιν
2291 3771 2523 3832 ἐκείνοις
2552 3765 3008 3837 ἐπιστρατεῦσαι·
3035 3767 3129 3821 καὶ
3169 3765 3403 3837 μηνυθὲν
3436 3765 3624 3828 αὐτοῖς

2034 3866 2108 3928 ὡς
2134 3865 2219 3936 εἴη
2252 3862 2423 3917 πολλὰ
2457 3862 2552 3915 καὶ
2588 3858 2783 3915 πολλοῦ
2820 3858 2948 3923 ἄξια
2978 3857 3379 3929 καθωσιωμένα
3422 3857 3498 3928 τῷ
3527 3858 3624 3910 εὑ-

2036 3958 2279 4029 κτηρίῳ,
2334 3951 2423 4009 οἷα
2465 3952 2808 4026 Χριστιανῶν
2857 3953 2919 4006 ού
2956 3952 3289 4022 φειδομένως
3331 3951 3451 4005 οὐδὲ
3505 3951 3627 4019 γλί-

2039 4062 2217 4121 σχρως
2261 4050 2382 4101 ἐκεῖ
2416 4044 2997 4115 προσαναλισκόντων,
3041 4042 3134 4096 δύο
3176 4043 3319 4106 τινὲς
3367 4043 3454 4096 ἐπ’
3489 4044 3625 4096 αὐτὸ

2035 4140 2314 4212 δρομαίως
2351 4138 2610 4210 ἐφέροντο
2637 4153 2650 4167 ·
2701 4134 2796 4200 οὓς
2847 4134 2972 4189 ἰδὼν
3020 4134 3305 4208 πόρρωθεν
3346 4137 3374 4187 6
3420 4136 3623 4203 ἱερεὺς,

2035 4232 2136 4303 τὴν
2167 4231 2635 4302 παραπεφυκυῖαν
2672 4226 2963 4280 ὑποδύεται
2988 4221 3144 4294 ὕλην,
3188 4225 3292 4287 ἕως
3332 4226 3485 4277 αὐτοὶ
3516 4227 3628 4278 πα·-

2038 4324 2121 4377 λιν
2156 4325 2236 4387 είς
2264 4323 2325 4376 τὸ
2362 4319 2726 4392 στρατόπεδον
2756 4316 3173 4387 ἀναστρέψειαν.
3219 4317 3283 4369 Οἱ
3326 4316 3383 4368 δὲ
3428 4316 3489 4369 τὸ
3532 4316 3622 4369 az)-

2046 4419 2274 4489 κτήριον
2308 4414 2662 4479 εἰσελθόντες,
2697 4411 2945 4480 ἀπρόῖτοι
2985 4411 3166 4463 πᾶσαν
3199 4410 3408 4462 ἐκεῖθεν
3435 4409 3629 4478 διαμε-

346 4500 625 4570 prodiere.
649 4502 970 4572 Suspicatus
1000 4504 1185 4575 itaque
1209 4507 1521 4588 presbyter,
1549 4522 1645 4563 eos
1663 4509 1773 4579 jam
1806 4509 1924 4563 inde

2048 4513 2316 4582 μενήκασι
2364 4508 2464 4579 τὴν
2515 4506 2753 4577 ἡμέραν.
2820 4501 3139 4557 Ὑπολαϐὼν
3186 4502 3365 4555 τοίνυν
3421 4504 3632 4567 ἐκεῖνος

347 4591 487 4645 clam
520 4608 578 4646 se
625 4609 879 4664 egressos
903 4594 1067 4664 (Quid
1099 4598 1271 4664 enim,
1301 4584 1609 4668 inquiebat,
1639 4600 1764 4654 istic
1792 4601 1924 4656 ultra

2041 4597 2223 4649 λαθεῖν
2258 4597 2421 4649 αὐτὸν
2446 4594 2566 4662 τὴν
2606 4592 2715 4645 τῶν
2757 4591 2983 4660 Περσῶν
3017 4589 3225 4645 ἐκεῖθεν
3259 4590 3516 4644 ἐπάνοδον
3556 4593 3632 4659 (τί

348 4686 651 4756 agerent?),
685 4703 855 4743 ausus
887 4696 1063 4744 esteo
1114 4690 1334 4760 regredi
1374 4709 1385 4743 :
1422 4691 1707 4761 ingressus
1752 4702 1938 4749 autem

350 4779 559 4849 reperit
580 4780 770 4836 ambos
800 4791 929 4836 ante
965 4783 1336 4853 prodigiosam
1361 4798 1584 4839 crucem
1619 4785 1772 4853 (vere
1803 4787 1938 4843 illud

350 4881 503 4926 tuum
523 4883 719 4943 potens
741 4874 1029 4930 brachium
1058 4874 1317 4944 patravit,
1332 4874 1571 4943 Christe,
1598 4877 1715 4932 Rex
1738 4882 1938 4952 meus,)

351 4964 654 5021 exstinctos
675 4967 857 5033 iacere
874 4966 1239 5038 ;adjacebant
1259 4981 1481 5038 quoque
1500 4967 1650 5024 faces
1671 4985 1935 5036 accensae.

353 5062 566 5112 certum
612 5059 729 5114 fere
765 5058 1145 5114 testimonium
1178 5059 1419 5117 voluisse
1454 5061 1663 5132 templo
1694 5060 1943 5120 ﬂammas

354 5149 650 5221 subjicere,
684 5167 829 5222 quae,
865 5151 1258 5208 corruentibus
1295 5154 1446 5225 ipsis,
1472 5171 1504 5211 e
1538 5156 1795 5213 manibus
1842 5157 1942 5214 de-

352 5240 519 5312 lapsae
558 5243 799 5299 fuerant.
826 5244 1004 5313 Atque
1034 5244 1153 5300 brec
1184 5247 1367 5303 omnia
1399 5248 1488 5304 ille
1520 5249 1637 5319 ipse
1660 5250 1939 5316 sacerdos,

357 5350 482 5389 cum
510 5335 711 5392 deinde
742 5334 1069 5405 Symeonem
1103 5337 1387 5405 inviseret,
1422 5348 1654 5397 testatus
1692 5350 1797 5397 est.

430 5518 553 5572 155.
596 5517 715 5572 .lam
754 5531 886 5572 vero
926 5517 994 5573 ad
1033 5534 1096 5574 ea
1143 5535 1229 5574 me
1274 5536 1527 5576 sermone
1570 5536 1942 5593 pregressum,

358 5628 481 5677 qam
510 5612 576 5667 ad
636 5610 884 5666 divinum
942 5612 1229 5685 Symeonis
1277 5615 1647 5670 sacerdotium
1713 5615 1942 5694 faciunt,

362 5705 507 5759 unde
556 5712 613 5759 et
655 5707 934 5776 quomodo
985 5708 1421 5780 presbyteratus
1438 5724 1656 5764 sacrum
1694 5708 1945 5763 ordinem

360 5796 687 5867 susceperit,
736 5808 1168 5856 consentaneum
1223 5799 1412 5867 fuerit,
1469 5809 1595 5871 apta
1631 5798 1945 5855 narratione

2041 4692 2150 4761 γάρ
2168 4690 2258 4754 ἂν,
2287 4689 2445 4758 φησι,
2465 4686 2561 4738 καὶ⁵
2589 4685 2824 4755 δρῶντες
2847 4686 2905 4736 ἐν
2927 4682 3075 4752 αὐτῷ
3104 4682 3288 4736 λοιπὸν
3317 4678 3470 4755 εἷεν),
3495 4684 3632 4756 θαρ-

2044 4784 2129 4854 ρεῖ
2155 4781 2255 4852 τὴν
2288 4779 2525 4833 εἷσοδον·
2562 4777 2657 4831 καλ⁸
2682 4776 2903 4840 τούτους
2935 4775 3179 4847 εὑρίσκει
3209 4775 3314 4846 πρὸ
3347 4777 3447 4845 τῆς
3482 4777 3634 4840 θείας

2044 4875 2265 4946 ἐκείνης
2288 4872 2380 4927 τοῦ
2413 4868 2647 4943 σταυροῦ
2677 4870 2962 4941 δυνάμεως
2999 4869 3114 4941 (σὸς
3152 4872 3180 4923 6
3215 4869 3456 4942 βραχίων
3496 4869 3634 4938 μετὰ

2043 4968 2365 5031 δυναστείας
2406 4967 2598 5031 ὅντως,
2632 4966 2837 5037 Χριστέ
2869 4965 3138 5037 βασιλεῦ),
3185 4966 3414 5037 νεκροὺς
3453 4968 3634 5035 ἀμφο-

2043 5063 2241 5134 τέρους
2266 5061 2581 5131 κειμένους,
2602 5058 2884 5129 λαμπάδες
2910 5076 2970 5112 τε
3005 5059 3179 5129 πυρὸς
3208 5059 3631 5128 παρακείμεναι,

1997 5203 2000 5207 λ
2046 5155 2302 5224 καθάπερ
2341 5156 2398 5206 ἐν
2431 5152 2737 5223 ἐπαγγελίᾳ
2780 5151 2875 5206 τοῦ
2905 5153 2996 5205 τὸν
3034 5150 3161 5204 ναὸν
3204 5151 3508 5222 ἐμπρῆσαι,
3540 5153 3636 5205 καὶ

2046 5248 2155 5301 τῶν
2184 5244 2383 5318 χειρῶν
2427 5244 2684 5298 πεσοῦσιν
2727 5246 2911 5309 αὐτοῖς
2937 5243 3403 5317 καταρῤεύσασαι,
3433 5244 3507 5307 ὡς
3540 5245 3638 5297 αύ-

2046 5337 2137 5401 τδς
2156 5338 2361 5398 ἐκεῖνος
2387 5335 2525 5406 μετὰ
2547 5335 2719 5388 ταῦτα
2740 5335 2890 5406 παρὰ
2908 5335 3000 5388 τὺν
3031 5335 3186 5404 ἅγιον
3221 5335 3392 5389 ἐλθὼν
3411 5338 3439 5389 6
3458 5337 3639 5406 ἱερεὺς

2048 5428 2313 5499 ἐξηγεῖτο.

2124 5526 2258 5592 ρνγ’.
2303 5519 2444 5572 ama
2470 5511 2571 5572 ὧδέ
2613 5536 2679 5589 με
2708 5518 2803 5572 τοῦ
2837 5519 3000 5588 λόγου
3044 5520 3357 5592 γενόμενον,
3393 5518 3462 5572 τὰ
3509 5519 3640 5588 περὶ

2048 5614 2146 5689 τῆς
2174 5612 2321 5675 θείας
2371 5611 2465 5665 τοῦ
2499 5611 2644 5664 θείου
2679 5613 2900 5680 Συμεὼν
2942 5613 3261 5683 ἱερωσύνης,
3289 5613 3411 5666 ὅθεν
3442 5628 3503 5665 τε
3539 5611 3640 5682 τὴν

2049 5704 2144 5757 τοῦ
2206 5704 2581 5775 πρεσϐυτέρου
2636 5702 2972 5773 χειροτονίαν
3025 5702 3265 5767 ἐδέξατο.
3316 5704 3410 5756 καὶ
3464 5703 3636 5765 ὅπως,

2048 5797 2343 5853 ἀκόλουθον
2384 5797 2446 5851 ἂν
2480 5798 2563 5867 εἴη
2609 5796 2899 5851 διαλαϐεῖν.
2938 5798 3023 5861 Ὠς
3075 5797 3183 5867 γὰρ
3239 5797 3270 5868 ἡ
3323 5794 3494 5870 πολλὴ
3528 5794 3637 5850 τῶν
