4018 6382
182 342 350 409 3129

1220 350 1401 411 VITA
1436 355 1486 415 A
1524 352 1970 414 NICEPHORO
2013 343 2499 412 CONSCRIPTA.

3347 353 3492 418 3130

183 459 505 528 θαυμάτων
534 460 719 530 ἐκείνη
745 460 977 530 πληθὺς.
1012 463 1105 516 καὶ
1134 462 1370 534 ἀριθμὸν
1403 464 1601 536 μικροῦ
1631 465 1809 519 πάντα

1919 463 2181 534 proferre.
2220 463 2323 518 Ubi
2357 471 2502 517 tanta
2530 460 2906 532 prodigiorum
2937 464 3256 529 multitudo,
3277 475 3485 526 ct.om-

182 550 466 621 δεύτερον
514 548 719 620 ἑαυτῆς
748 553 972 623 ἐλέγχου
1008 554 1138 625 παρ’
1169 555 1336 610 αὑτοῦ
1374 557 1625 620 ἐτελεῖτο,
1656 556 1803 625 ἐγλί-

178 659 362 711 χοντο
401 642 502 707 μὲν
550 643 600 694 οἱ
648 643 857 696 τούτων
889 645 1271 714 τυγχάνοντες,
1324 648 1511 717 χερσὶν
1561 648 1802 712 ἐκείναις

178 735 305 786 τῶν
373 735 739 804 ἁγιασμάτων
800 739 1267 807 μεταλαμϐάνειν,
1322 740 1390 793 δι’
1448 734 1525 795 ὧν
1585 742 1681 794 καὶ
1729 740 1800 794 τὰ

177 826 497 897 θαύματα·
535 828 771 881 ἐπόθουν
796 828 854 881 δὲ
890 829 985 884 καὶ
1010 833 1057 882 οἱ
1093 832 1336 901 μαθηταὶ
1367 834 1558 904 χεῖρας
1585 833 1801 896 ὲκείνας

174 916 305 967 τῶν
350 917 671 987 μυστηρίων
706 919 1097 987 μεταδιδούσας
1130 921 1297 992 ἔχειν,
1327 923 1394 988 ἃς
1419 924 1514 977 καὶ
1545 924 1639 978 τοῦ
1672 927 1803 995 σχή-

179 1025 419 1074 ματος·
460 1010 554 1062 καὶ
602 1010 691 1064 διὰ
747 1011 908 1066 τοῦτο
961 1014 1099 1081 πρὸς
1139 1016 1239 1085 τὴν
1301 1016 1603 1087 ἱερωσύνην
1652 1017 1802 1086 αὐτῷ

176 1100 412 1162 πάντες
448 1101 765 1170 ἐγκείμενοι
816 1104 911 1156 καὶ
956 1105 1270 1175 βιαζόμενοι
1314 1103 1477 1178 ἦσαν.
1524 1107 1586 1160 '0
1617 1107 1675 1160 δὲ
1709 1124 1804 1160 τα-

179 1190 643 1260 πεινοφροσύνης
684 1193 985 1266 ὑπερϐολῇ.
1011 1197 1216 1267 χείλεσι
1257 1198 1484 1270 καρδίας
1513 1198 1667 1251 οὐδὲν
1707 1193 1805 1269 ἦτ-

176 1300 283 1336 τον
330 1284 370 1356 ἢ
411 1286 700 1353 στόματος,
740 1291 1037 1359 παρῃτεῖτο
1081 1290 1175 1341 καὶ
1215 1289 1559 1354 ἀνεὸἀλλετο,
1601 1290 1663 1342 Et
1707 1290 1803 1342 καὶ

178 1376 345 1429 αὐτὰ
371 1378 571 1443 δήπου,
590 1378 790 1446 λέγων,
824 1381 936 1451 πῦρ
961 1374 1075 1433 οἷον
1092 1381 1257 1435 ἄῦλον
1282 1381 1411 1434 ὄντα
1430 1380 1502 1433 τὰ
1530 1381 1804 1452 Σεραφὶμ,

177 1472 252 1540 τῇ
311 1468 501 1522 λαὸἰδι
547 1470 711 1539 ψαύει
756 1472 853 1524 τοῦ
887 1471 1182 1541 ἄνθρακος,
1227 1472 1347 1536 πῶς
1384 1472 1451 1527 ἂν
1483 1473 1513 1525 6
1546 1458 1803 1537 δείλαιος,

181 1559 323 1625 ἐγὼ·
351 1561 546 1632 χόρτος
587 1560 683 1627 ὢν,
724 1564 887 1632 ἐμαῖς
916 1566 1074 1636 χερσὶ
1109 1563 1317 1634 ψαῦσαι
1361 1564 1555 1617 τούτου
1597 1565 1804 1636 τολμή-

182 1666 401 1717 σαιμις

1904 555 1994 609 nis
2026 553 2143 609 fere
2173 553 2393 607 numeri
2424 554 2873 622 supputationem
2907 556 3200 621 excedens,
3261 558 3330 612 ab
3370 558 3490 629 ipso

1903 655 2117 715 patrata
2147 651 2295 710 erat;
2333 644 2506 699 subiit
2541 646 2828 713 quosdam,
2879 646 2932 699 in
2978 647 3182 715 quibus
3227 649 3494 704 miracula

1904 738 1999 791 illa
2048 736 2415 807 contigerant,
2462 735 2798 791 desiderium
2823 738 3159 807 suscipiendi
3192 755 3259 794 ex
3282 740 3491 796 eisdem

1904 828 2161 883 manibus
2196 828 2645 883 sanctiﬁcationis
2686 845 2938 893 munera,
2979 846 3045 885 ex
3074 833 3277 901 quibus
3307 848 3498 889 susce-

1904 929 2098 991 perant
2118 921 2386 976 beneficia
2413 922 2762 976 curationum
2792 941 2804 976 :
2830 924 3301 996 avebantquoque
3322 926 3493 981 disci-

1906 1011 2020 1081 puli
2055 1019 2115 1065 ut
2140 1012 2245 1066 illae
2274 1011 2379 1065 sibi
2413 1026 2606 1065 manus
2641 1026 2796 1066 sacra
2825 1013 3171 1083 porrigerent
3205 1016 3492 1086 mysteria,

1907 1117 2030 1173 quae
2065 1104 2317 1159 habitum
2345 1104 2745 1169 attribuerant;
2772 1114 2935 1174 atque
2966 1105 3054 1159 illa
3086 1107 3153 1161 de
3184 1122 3347 1161 causa
3375 1123 3496 1161 om-

1904 1212 2003 1251 nes
2036 1197 2216 1265 ipsum
2255 1195 2322 1249 ad
2354 1211 2542 1250 sacros
2576 1196 2802 1249 ordines
2827 1196 3210 1266 suscipiendos
3241 1197 3492 1267 impelle-

1905 1288 2061 1346 bant.
2084 1296 2141 1341 et
2157 1287 2390 1357 quadam
2413 1287 2675 1341 violentia
2698 1287 3011 1357 adigebant.
3035 1288 3101 1341 At
3127 1288 3237 1351 ille,
3263 1304 3492 1344 excessu

1907 1380 2147 1451 quodam
2197 1376 2551 1447 humilitatis,
2597 1396 2707 1434 non
2737 1380 2921 1435 minus
2966 1381 3149 1435 cordis
3177 1397 3339 1451 quam
3379 1381 3494 1436 oris

1906 1472 2095 1543 lingua
2116 1471 2519 1541 deprecabatur
2546 1481 2752 1526 tantam
2780 1472 3125 1542 dignitatem,
3149 1473 3494 1542 negabatque

1908 1566 2135 1619 omnino
2158 1564 2530 1618 admissurum
2558 1581 2572 1618 :
2610 1562 2847 1628 Etenim,
2883 1564 3158 1633 inquiens,
3193 1563 3237 1619 si
3271 1563 3370 1633 ipsi
3400 1564 3498 1618 Se-

1910 1656 2125 1727 rapliici
2161 1656 2412 1726 spiritus,
2450 1655 2545 1725 qui
2600 1671 2787 1709 merus
2832 1664 2888 1709 et
2923 1655 3303 1709 immaterialis
3356 1655 3498 1725 ignis

181 1742 1326 1819 suun-forcipetanguntcarbonemﬁS")
1355 1767 1369 1817 ;
1394 1766 1503 1821 qua
1520 1750 1700 1807 fronte
1718 1766 1845 1822 ego,
1887 1752 1979 1821 qui
2004 1749 2296 1807 evanidum
2340 1762 2405 1805 ac
2452 1749 2640 1821 fragile
2678 1748 2864 1803 fenum
2902 1764 3046 1815 sum,
3079 1750 3334 1804 manibus
3357 1750 3496 1803 meis

178 1852 299 1893 con
310 1844 560 1892 treetare
596 1838 754 1891 illum
780 1839 994 1893 ausim?

263 1932 413 1998 pse.
457 1928 644 1990 Οὕτως
693 1926 787 1982 οὖν
832 1931 1229 2000 ἁπαραδέκτως
1291 1934 1458 1988 αὑτοῦ
1522 1936 1658 2007 πρὸς
1707 1936 1806 2007 τὴν
1839 1942 1882 1997 Β

185 2019 521 2088 ἱερωσύνην
572 2019 825 2089 ἔχοντος,
888 2024 1042 2093 φωνή
1099 2042 1181 2088 τις
1210 2027 1543 2098 παραδόξως
1598 2027 1804 2083 ἄνωθεν

180 2113 483 2182 ἐμπίπτει
504 2115 623 2175 ταῖς
651 2114 868 2178 ἀκοαῖς,
902 2114 1138 2184 Ποίησον
1180 2119 1371 2188 εὐχὴν,
1398 2118 1633 2187 λέγουσα
1663 2136 1678 2151 ο
1711 2121 1806 2174 καὶ

180 2205 294 2258 τοῦ
327 2205 607 2272 στόματος
632 2205 783 2275 αὐτῷ
804 2208 1148 2277 παραχρῆμα
1181 2209 1276 2278 (ὡς
1323 2210 1443 2263 οὐδὲ
1475 2211 1635 2274 αὐτὸς
1665 2212 1807 2282 ᾔδει)

180 2296 601 2363 διανοιγέντος,
642 2297 769 2350 Ὅτι
801 2300 866 2351 σὺ
908 2298 1215 2368 βασιλεύεις
1249 2302 1408 2372 ἡμῶν
1451 2306 1481 2356 6
1521 2305 1653 2365 Θεὸς
1711 2305 1807 2357 καὶ

184 2390 431 2459 Πατὴρ.
458 2388 584 2458 ἔφη,
604 2391 698 2442 καὶ
715 2393 742 2443 6
763 2391 1061 2463 μονογενής
1081 2409 1176 2445 σου
1204 2393 1328 2458 Υἱὸς
1348 2396 1515 2447 καὶτὸ
1542 2396 1808 2463 πανὰγιόν

188 2499 302 2535 σου
379 2481 631 2549 Πνεῦμα,
669 2484 763 2537 νῦν
797 2486 892 2538 καὶ
926 2487 1012 2538 ἀεὶ
1043 2487 1138 2539 καὶ
1173 2490 1253 2550 εἰς
1284 2489 1411 2550 τοὺς
1453 2488 1654 2550 αἰῶνας
1700 2488 1808 2541 τῶν

188 2574 464 2629 αἰώνων.
498 2577 686 2640 Συνεὶς
737 2573 831 2631 οὖν
868 2579 1119 2632 ἐντεῦθεν
1167 2581 1263 2632 καὶ
1315 2580 1447 2631 Θεὸν
1498 2579 1808 2631 ἐπευόοκεῖν

185 2671 265 2738 τῇ
292 2667 635 2738 χειροτονία,
663 2669 838 2722 ἐδόκει
881 2671 1157 2724 Διονύσιον
1185 2674 1264 2735 εἰς
1290 2671 1388 2741 τὴν
1418 2671 1681 2724 ἐπιοῦσαν
1734 2670 1808 2733 ὡς

186 2762 256 2813 ὲν
294 2759 566 2812 ἐκστάσει
614 2762 746 2830 ὁρᾷν
805 2763 855 2831 (6
913 2762 969 2814 δὲ
1023 2759 1093 2833 ἦν
1154 2766 1451 2825 ἐπίσκοπος
1509 2763 1810 2831 τηνικαῦτα

189 2848 365 2901 κατὰ
414 2847 737 2901 Σελεύκειαν
768 2852 795 2902 6
823 2851 1098 2914 Διονύσιος
1138 2847 1314 2913 οὗτος)
1342 2854 1435 2905 ἐπὶ
1488 2853 1582 2904 τοῦ
1632 2852 1810 2914 κίονος

188 2939 527 2999 ἀναϐάντα,
562 2941 697 2993 εἴσω
716 2957 775 2993 τε
803 2946 901 3011 τῆς
927 2944 1201 3009 κιγκλίδος
1231 2945 1516 3010 γεγονότα,
1544 2946 1634 2996 καὶ
1660 2945 1811 3014 ἱερέα

188 3031 410 3084 τοῦτον
438 3033 925 3101 χειροτονήσαντα.
973 3036 1087 3088 Καὶ
1110 3036 1138 3087 6
1171 3036 1270 3104 μὲν
1307 3035 1454 3098 θείας
1485 3032 1691 3088 ἄνωθεν
1721 3037 1811 3088 καί

188 3126 380 3179 τοῦτο
409 3127 544 3193 πρὸς
583 3126 680 3193 τὴν
719 3128 1062 3196 χειροτονίαν
1092 3128 1364 3198 σύμϐολον
1401 3129 1555 3181 ἔθετο
1592 3131 1808 3199 ψή-ςουο

192 3222 307 3289 τῆς
371 3218 417 3270 δ’
473 3219 764 3289 ὑστεραὶας
815 3221 895 3280 εἱς
962 3221 1227 3289 ἀλήθειαν
1277 3223 1309 3289 ὴ
1366 3223 1571 3290 θεωρία
1629 3222 1811 3294 ἐξέϐη.

204 3314 570 3381 Ἀ’,ςικνεῖται
597 3316 703 3386 γὰρ
738 3319 874 3383 πρδς
899 3314 996 3386 τὴν
1028 3315 1194 3386 μονὴν
1239 3317 1267 3369 6
1303 3317 1466 3378 αὐτὸς
1506 3310 1659 3377 οὗτος
1697 3315 1813 3369 ὲπὶ-
1838 3285 1881 3346 C

195 3422 428 3463 exorto;
463 3404 530 3469 (ὣ
561 3406 655 3458 τοῦ
705 3406 976 3476 θαύματο-
1002 3408 1039 3473 !)
1073 3407 1338 3475 νεύμασιν
1368 3408 1617 3471 ἀθεάτοις
1642 3423 1658 3439 ⁸
1713 3411 1816 3476 ἁφ-

196 3501 460 3554 ικνεῖται
516 3499 570 3551 ἑὲ
629 3499 749 3551 δυσὶ
788 3500 888 3567 μὲν
937 3501 1218 3572 κληρικοίς
1252 3502 1435 3569 μόνοις
1463 3542 1478 3561 ,
1512 3501 1607 3554 καὶ
1651 3501 1815 3553 nion-

194 3595 303 3665 σίςι
334 3592 605 3661 λιτότητι,
638 3594 791 3664 ἁδρῷ
827 3594 883 3646 δὲ
916 3593 990 3664 τῷ
1021 3596 1121 3663 τῆς
1147 3598 1452 3664 πραότητος
1476 3596 1570 3646 καὶ
1597 3596 1688 3662 τῆς
1717 3612 1815 3646 τα-

193 3685 662 3755 πεινοφροσύνης
719 3689 910 3757 κ’ἷσμῳ
974 3687 1474 3756 καλλωπιζόμενος.
1550 3685 1815 3739 ’Λνελθὼν

193 3777 520 3847 τοιγαροῦν
571 3780 665 3831 ἐπὶ
720 3779 813 3832 τὸν
871 3780 1084 3844 στύλον,
1134 3779 1276 3851 ἁγίῳ
1332 3796 1391 3831 τε
1432 3778 1697 3849 φιλήματι
1725 3779 1816 3831 τὸν

198 3873 385 3941 ἅγιον
475 3871 888 3940 ἀσπασάμενος,
965 3872 1179 3942 δάκρυὰ
1234 3889 1295 3924 τε
1348 3871 1444 3924 τοῦ
1512 3871 1817 3941 φιλήματος

198 3964 627 4026 κατασπείσας,
660 3964 754 4016 καὶ
780 3964 899 4034 Θεῷ
926 3964 1147 4035 θερμῶς
1183 3966 1282 4037 τῆς
1318 3964 1487 4020 αὑτοῦ
1534 3967 1817 4035 προκοπῆς

276 4052 396 4119 τῆς
432 4054 511 4114 εἰς
562 4053 723 4104 αὑτὸν
766 4054 989 4124 χάριτος
1030 4055 1236 4124 μᾶλλον
1266 4057 1671 4125 εὐχαριστήσας
1699 4093 1713 4117 ,
1759 4053 1817 4105 Ὀ

200 4146 381 4205 Θεὸς.
424 4145 612 4213 ἡρέμα
639 4145 765 4215 ἔφη,
795 4149 821 4199 ὁ
852 4147 945 4200 καὶ
977 4147 1081 4216 πρὸ
1116 4147 1459 4209 διαπλάσεως
1512 4146 1819 4215 ἐπισταμε-

201 4239 307 4299 νός
354 4254 439 4299 σε,
465 4238 755 4306 εὐδόκησεν
789 4237 978 4309 ὥσπερ
1013 4239 1238 4308 ἱλαστήν
1267 4256 1325 4290 σε
1365 4241 1434 4290 τὰ
1482 4237 1621 4307 πρὸς
1655 4237 1819 4290 αὑτὸν

202 4332 325 4400 ἤδη
375 4327 453 4398 τῷ
496 4331 753 4399 ἡμετέρῳ
796 4331 943 4400 γένει
995 4332 1087 4382 καί¹
1126 4330 1493 4400 πρεσϐευτὴν,
1547 4329 1691 4382 οὕτω
1727 4331 1820 4383 καὶ

211 4422 466 4493 μεσίτην
490 4421 616 4492 ἄρτι
640 4421 728 4473 διὰ
753 4423 846 4474 τοῦ
880 4423 980 4492 τῆς
1015 4421 1317 4491 ἱερωσύνης
1343 4412 1546 4474 σεπτοῦ
1576 4419 1820 4492 ἀξιώμα·

206 4533 317 4578 τος
345 4514 497 4581 αὐτῷ
524 4532 583 4567 τε
616 4515 708 4568 καὶ
740 4514 1048 4583 ἀνθρώποις
1075 4515 1331 4581 γενέσθαι
1367 4532 1448 4567 σε.

304 4613 438 4677 ρνε’.
480 4607 537 4661 '0
581 4607 639 4659 δὲ
681 4609 915 4661 ταπεινὰ
948 4610 1074 4679 περὶ
1106 4606 1301 4662 ἑαυτοῦ
1347 4607 1443 4660 καὶ
1483 4604 1699 4676 φρονῶν
1728 4605 1824 4659 καὶ
1857 4632 1900 4688 D

217 4698 634 4770 φθεγγόμενος,
666 4699 793 4770 ἄχρι
855 4700 953 4768 μέν
1010 4716 1158 4763 τινος
1202 4698 1367 4752 ὤκνει
1399 4698 1494 4753 καὶ
1546 4696 1821 4761 ἀνεδύετο,

216 4792 487 4855 εὐλαϐῶς
510 4792 649 4861 ἔχων
673 4792 766 4846 τοῦ
795 4792 1127 4862 ἀξιώματος,
1160 4794 1255 4845 καὶ
1286 4792 1408 4846 λίαν
1453 4791 1825 4862 ἐπαινουμένη

220 4884 416 4955 φειδοῖ
447 4887 577 4953 περὶ
606 4883 739 4936 αὐτὸ
774 4882 1077 4954 χρώμενος.
1108 4883 1196 4947 Ὠς
1223 4883 1279 4937 δὲ
1309 4882 1570 4954 προσθεὶς
1594 4884 1823 4951 ἐκεῖνος,

220 4976 568 5045 Εὑλόγησον,
607 4978 735 5047 ἔφη,
765 4977 963 5030 αὐτίκα
1002 4993 1063 5029 τε
1123 4976 1261 5047 μετὰ
1287 4977 1388 5048 τὴν
1417 4976 1670 5044 εὐλογίαν
1697 4977 1828 5030 εἵσω

216 5072 333 5138 τῆς
379 5069 658 5138 κιγκλίδος
703 5068 940 5140 ἐγένετο,
983 5068 1293 5139 ἀνενεγκὼν
1350 5070 1432 5134 εἱς
1477 5070 1577 5140 τὴν
1628 5069 1751 5141 ὄψιν
1800 5069 1831 5123 6

309 5224 460 5298 (38*)
475 5226 635 5282 Isaia!
655 5243 708 5281 vt
720 5266 734 5291 ,
753 5227 807 5283 6.
827 5227 1043 5284 Volavit
1062 5227 1129 5283 ad
1153 5238 1241 5281 me
1258 5240 1404 5298 unus
1422 5225 1492 5281 de
1507 5220 1820 5298 Seraphim,

223 5307 289 5354 et
306 5296 367 5371 in
396 5314 591 5371 manus
607 5300 728 5371 ejus
749 5300 995 5361 calculus
1012 5298 1181 5371 (LXX
1202 5296 1392 5368 carbo)
1415 5312 1582 5368 quem
1605 5296 1823 5366 forcipe

230 5370 447 5423 tulerat
481 5370 549 5424 de
573 5369 755 5424 altari.
1023 5369 1031 5371 “
1514 5389 1534 5409 ο

313 5440 430 5506 (59)
468 5440 761 5511 Dionysius
791 5456 881 5510 ep.
909 5439 1178 5511 Seleuciae
1202 5438 1468 5511 interfuit
1484 5435 1704 5511 concilio
1741 5450 1832 5507 ge-

232 5510 418 5581 nerali
447 5506 630 5579 quinto
657 5506 1123 5581 Constantinopoli
1166 5525 1326 5581 anno
1346 5506 1507 5581 ’ὅξὶᾷ
1544 5506 1831 5581 Dubitatur

232 5580 298 5653 in
324 5576 552 5653 editione
579 5581 810 5647 Labbtei,
834 5576 1060 5653 fueritne
1090 5580 1357 5653 seleuciae
1390 5578 1582 5653 Syriae,
1597 5592 1664 5630 an
1691 5576 1833 5653 Isau-

236 5649 343 5720 riae
364 5650 682 5720 episcopus.
719 5653 815 5707 llic
834 5646 1050 5706 dubium
1077 5650 1315 5720 tollitur;
1348 5646 1492 5720 abest
1513 5657 1692 5720 autem
1732 5646 1831 5720 See

240 5717 429 5794 leucia
455 5717 570 5794 ista
597 5732 941 5794 cognomento
976 5723 1152 5794 Pieria
1177 5718 1351 5775 solum
1383 5719 1485 5794 150
1521 5717 1716 5794 stadiis
1761 5718 1828 5794 ab

249 5790 555 5861 Antiochia,
583 5788 803 5849 ab'ostiu
829 5793 1040 5849 Orontis
1070 5791 1159 5859 40,
1186 5800 1366 5863 postea
1402 5790 1544 5860 facta
1570 5788 1831 5858 archiepi-

1983 1933 2105 1988 154.
2147 1933 2288 1987 Dum
2317 1932 2503 1987 animo
2534 1939 2723 1985 contra
2765 1932 3137 1988 sacerdotium
3188 1942 3295 1989 tam
3328 1936 3498 1991 obﬁr-

1907 2034 2055 2081 mato
2106 2023 2236 2096 agit,
2288 2040 2393 2078 vox
2445 2024 2692 2094 qnzedam
2740 2040 2843 2080 nec
2884 2027 3105 2095 opinata
3154 2029 3373 2084 caalitus
3425 2029 3495 2084 ad

1908 2132 2071 2172 aures
2118 2116 2340 2181 accidit,
2387 2115 2579 2171 dicens
2614 2133 2626 2168 :
2661 2115 2791 2171 Ora.
2846 2117 3078 2187 Moxque
3099 2134 3164 2174 os
3192 2120 3500 2187 (nesciebat

1909 2209 2026 2279 ipse
2074 2223 2187 2278 quo
2218 2207 2402 2267 modo)
2448 2216 2699 2277 apertum
2733 2215 2838 2272 est,
2870 2210 2936 2264 ac
2984 2209 3159 2264 dixit:
3193 2210 3274 2265 Tu
3319 2211 3499 2266 domi-

1908 2300 2060 2356 naris
2094 2300 2150 2354 in
2210 2315 2334 2366 nos,
2369 2300 2518 2355 Deus
2557 2316 2621 2355 ac
2649 2301 2814 2355 Pater
2859 2317 3036 2366 meus,
3069 2311 3126 2358 et
3181 2304 3499 2374 unigenitus

1909 2403 2039 2450 tuus
2085 2393 2280 2459 Filius,
2316 2401 2372 2448 et
2400 2393 2786 2448 sanctissimus
2812 2394 3050 2465 Spiritus
3087 2404 3235 2463 tuus,
3262 2412 3411 2451 nunc
3441 2406 3499 2453 et

1909 2493 2209 2555 semper.ct
2233 2485 2288 2539 in
2317 2486 2513 2541 saecula
2535 2486 2885 2541 saeculorum.
2911 2486 3050 2542 Hinc
3069 2489 3274 2543 certior
3296 2488 3497 2555 factus,

1910 2579 2134 2648 probari
2184 2578 2296 2632 Deo
2344 2593 2566 2648 quoque
2614 2587 2675 2633 ut
2720 2590 3173 2647 consecraretur;
3209 2582 3501 2637 videbatur

1910 2668 2015 2722 sibi
2065 2669 2120 2722 in
2145 2677 2303 2738 raptu
2355 2669 2561 2723 mentis
2594 2668 2783 2725 videre
2823 2670 3148 2734 Dionysium
3196 2671 3309 2742 (59)
3356 2674 3501 2738 (erat

1912 2759 2002 2815 iile
2034 2769 2147 2814 tum
2182 2762 2449 2831 temporis
2475 2761 2743 2817 Seleucia:
2767 2763 3109 2833 episcopus),
3141 2763 3196 2817 in
3221 2772 3500 2834 posteram

1910 2854 2091 2908 lucem
2147 2853 2216 2908 ad
2284 2854 2599 2909 columnam
2681 2855 3005 2921 adventare,
3067 2857 3497 2926 ingressumque

1912 2946 2059 2999 intra
2080 2947 2358 3001 cancellos
2392 2947 2572 3016 ipsum
2599 2948 2984 3019 presbyterum
3018 2948 3241 3003 initiare
3269 2949 3404 3020 (40).
3431 2949 3503 3003 Et

1913 3037 2020 3091 hoc
2049 3038 2274 3106 quidem
2304 3039 2613 3108 symbolum
2646 3039 2847 3095 divina:
2868 3040 3016 3096 circa
3069 3041 3313 3095 futuram
3351 3041 3507 3097 ordi-

1914 3130 2196 3183 nationem
2233 3130 2675 3199 approbationis,
2718 3132 2862 3185 visio
2897 3142 3085 3186 autem
3125 3141 3351 3202 postero
3409 3132 3504 3188 die

1915 3222 2124 3275 exitum
2147 3238 2207 3277 re
2234 3223 2350 3291 ipsa
2377 3223 2572 3278 sortita
2603 3231 2708 3278 est.
2738 3223 2833 3278 llle
2867 3224 2985 3294 ipse
3014 3239 3250 3293 namque
3290 3224 3509 3293 episco-

1918 3332 2020 3384 pus
2042 3324 2179 3369 nutu
2205 3316 2301 3370 Dei
2337 3316 2608 3370 invisibili
2634 3318 2687 3385 (ο
2718 3315 3095 3385 miraculum!)
3132 3314 3200 3369 ad
3231 3324 3514 3371 monaste-

1918 3407 2058 3460 rium
2093 3408 2278 3461 venit:
2311 3407 2466 3462 venit
2497 3416 2682 3462 autem
2703 3424 2831 3463 cum
2878 3407 3101 3462 duobus
3155 3407 3513 3463 solummodo

1917 3502 2138 3557 clericis
2179 3511 2235 3557 et
2274 3502 2448 3557 divite
2486 3504 2794 3569 tenuitate;
2836 3503 2932 3558 sed
2979 3500 3214 3559 vtnusto
3252 3519 3512 3559 mansue-

1920 3596 2130 3651 tudinis
2161 3612 2226 3651 ac
2275 3595 2611 3652 humilitatis
2653 3604 2851 3649 ornatu
2885 3594 3142 3650 decorus.
3192 3593 3511 3650 Conscensa

1920 3690 2088 3760 igitur
2120 3690 2402 3753 columna,
2438 3696 2633 3743 saneto
2684 3695 2938 3742 sanctum
2988 3688 3202 3753 osculo,
3254 3686 3512 3743 admistis

1923 3781 2089 3835 etiam
2127 3782 2406 3851 lacrymis,
2460 3779 2723 3834 salutavit
2756 3798 2768 3832 :
2801 3794 3040 3848 cumque
3076 3779 3207 3833 Deo.
3224 3794 3328 3849 pro
3357 3779 3513 3833 illius

1920 3871 1975 3926 in
2027 3872 2236 3926 virtute
2291 3870 2572 3941 profectu,
2614 3879 2710 3924 aut
2768 3870 2956 3940 potius
3018 3884 3119 3939 pro
3182 3870 3357 3940 gratia
3399 3884 3511 3938 qua

1919 3973 2234 4033 prmventus
2256 3974 2394 4028 erat,
2426 3962 2708 4017 ferventer
2735 3961 2940 4032 gratias
2977 3961 3201 4031 egisset,
3233 3961 3511 4016 submissa

1920 4074 2055 4113 voce
2077 4058 2217 4112 dixit
2245 4075 2259 4111 :
2296 4056 2668 4117 PlacuitDeo,
2691 4055 2788 4124 qui
2814 4063 3115 4123 antequam
3163 4063 3388 4108 creatus
3418 4069 3505 4108 es-

1921 4164 2031 4211 ses,
2065 4147 2323 4217 cognovit
2350 4155 2422 4213 te,
2453 4155 2512 4201 ut
2575 4145 3043 4216 quemadmodum
3080 4146 3271 4216 generi
3317 4153 3510 4200 nostro

1924 4249 1978 4294 te
2009 4241 2429 4310 propitiatorem
2456 4248 2622 4309 atque
2655 4240 3083 4293 intercessorem
3118 4237 3262 4307 apud
3286 4253 3344 4291 sc
3394 4237 3509 4307 jam

1902 4329 2141 4399 ,pridem
2200 4345 2322 4385 esse
2351 4330 2562 4395 voluit,
2622 4329 2697 4383 ita
2728 4343 2874 4383 nunc
2916 4343 3160 4398 quoque,
3204 4326 3507 4382 venerabili

1923 4422 2345 4494 presbyteratus
2369 4422 2637 4492 dignitate
2666 4421 2939 4486 initiatus,
2971 4419 3334 4474 mediatorcm
3371 4419 3514 4472 inter

1924 4534 1983 4573 se
2017 4529 2073 4574 ct
2099 4518 2357 4573 homines
2389 4530 2540 4586 agas.

2003 4613 2123 4667 155.
2156 4610 2392 4666 Sanctus
2411 4617 2629 4671 autem,
2658 4599 2950 4661 bumiiiter
2977 4605 3046 4660 de
3072 4620 3130 4659 se
3166 4604 3414 4663 sentiens
3459 4612 3517 4656 et

1926 4705 2185 4773 loquens,
2221 4699 2406 4753 adhuc
2432 4696 2838 4767 aliquantulum
2878 4694 3228 4749 detrectabat
3255 4699 3311 4746 et
3353 4691 3517 4744 diffe-

1926 4795 2084 4849 rebat
2109 4804 2234 4847 cum
2268 4791 2466 4845 timore
2497 4803 2562 4842 ac
2592 4787 2953 4842 veneratione
3000 4784 3347 4855 dignitatem,
3389 4798 3513 4850 per-

1926 4902 2091 4956 quam
2127 4881 2403 4939 laudanda
2429 4881 2494 4935 ad
2515 4880 2666 4933 illam
2696 4878 2953 4932 tarditate
2977 4875 3351 4947 progrediens.
3372 4875 3512 4929 Cum

1926 4990 2063 5031 vero
2103 4975 2195 5028 ille
2209 4972 2345 5027 foris
2375 4981 2528 5025 stans
2556 4968 2788 5023 dixisset
2819 4968 2967 5037 (4|):
3001 4966 3273 5030 Benedic;
3299 4964 3515 5019 statim-

1931 5082 2041 5139 que
2076 5063 2521 5122 abenedictioue
2572 5061 2718 5115 intra
2774 5059 3050 5114 cancellos
3099 5074 3158 5114 se
3212 5057 3512 5124 intulisset,

1922 5223 2169 5280 scapulis.

2001 5239 2375 5367 agri’idetur
2415 5296 2511 5350 hoc
2568 5297 2781 5349 nomine
2831 5291 3127 5365 signiﬁcari
3169 5290 3375 5346 modius
3403 5289 3516 5342 sive

1932 5364 2126 5437 cellula
2158 5383 2324 5437 supra
2355 5367 2659 5437 columnam
2686 5368 2876 5437 posita.

2008 5436 2120 5507 (41)
2146 5431 2411 5507 Consueta
2434 5431 2708 5507 salutandi
2738 5437 2910 5507 {arma
2940 5437 3080 5507 inter
3112 5431 3511 5507 ecclesiasticos,

1929 5520 2037 5576 qua
2065 5502 2203 5561 alter
2222 5508 2287 5560 ab
2315 5506 2486 5561 altero
2510 5502 2748 5561 benedici
2771 5508 2870 5561 sibi
2906 5506 3131 5576 petebat.
3158 5504 3247 5559 Sic
3285 5504 3339 5576 in
3368 5502 3513 5554 Actis

1927 5574 2130 5649 {unum
2180 5577 2373 5633 Maria:
2423 5577 2757 5649 Egyptiacw
2814 5574 2971 5649 nunt.
3024 5577 3140 5649 15,_
3171 5578 3254 5649 de_
3299 5574 3419 5649 ipsa
3460 5579 3513 5625 et

1925 5645 2138 5701 Zosimo
2173 5649 2389 5714 dicitur,
2421 5641 2687 5706 Jacébant
2720 5648 2902 5712 ambo,
2926 5647 3065 5701 alter
3091 5646 3162 5702 ab
3207 5641 3384 5714 altero
3407 5641 3509 5696 be-

1928 5717 2111 5772 nedici
2159 5720 2351 5773 volens
2376 5712 2398 5784 ﬁ;
2467 5736 2570 5775 nec
2631 5719 2782 5775 aliud
2834 5719 3094 5788 utrinque
3178 5712 3511 5772 audiebatur

1929 5803 2113 5857 quam,
2141 5788 2400 5846 Benedic.
