4018 6398
458 413 468 423 ,
499 330 634 394 3ἱ31

1728 330 1791 392 S.
1833 331 2215 393 SYMEONIS
2244 332 2605 395 JUNlORIS

3652 333 3804 402 3132

504 436 785 496 revocavit
816 436 1062 492 animum
1085 445 1313 491 sanctus
1330 435 1399 491 ad
1421 436 1692 493 visionem
1728 439 1904 503 illam,
1924 455 2089 509 quam

2207 441 2458 513 Συμεὼν,
2489 444 2559 515 ἣν
2607 444 2738 514 χθὲς
2784 446 2880 499 καὶ
2922 443 3117 516 πρώην
3163 445 3295 518 περὶ
3347 444 3516 503 αὑτοῦ
3556 448 3803 521 ἐωρὶκει

502 535 679 606 pridie
712 548 778 589 ac
810 532 1025 603 pridem
1061 531 1167 587 hac
1189 546 1360 602 super
1404 549 1465 588 re
1491 544 1887 606 conspexerat;
1922 552 2090 607 quam

503 629 715 683 scilicet
783 641 1043 696 expresse
1129 641 1262 681 cum
1332 626 1429 682 illa
1482 630 1911 692 concordarent,
1965 645 2092 701 quae

507 720 666 773 modo
699 718 899 774 fiebant.
922 735 936 784 ;
963 733 1242 789 quamque
1264 718 1528 775 distincte
1581 735 1731 775 nunc
1762 722 1915 776 exitu
1941 735 2095 777 com-

502 820 644 885 pleta
677 821 955 870 cerneret.
980 827 1103 879 quae
1128 812 1289 882 prius
1315 822 1533 869 secreto
1554 821 1724 883 atque
1762 814 1981 870 occulte
2003 829 2095 870 re-

506 910 835 971 praesentata
890 901 1152 957 fuerant:
1219 902 1423 959 deinde
1469 904 1638 959 etiam
1684 905 1887 960 divinae
1941 906 2095 961 illius

497 993 673 1053 vocis,
704 1006 828 1063 quae
847 991 1081 1047 auribus
1103 992 1450 1057 insonuerat,
1476 992 1844 1059 recordatus;
1878 1002 2094 1063 etquo-

501 1078 668 1133 modo
698 1095 883 1135 coram
909 1097 969 1136 se
1001 1081 1235 1136 haberet
1266 1081 1615 1152 episcopum,
1645 1083 1814 1137 etiam
1850 1083 1918 1137 ad
1977 1084 2092 1137 vim

499 1165 809 1227 faciendam
833 1185 1107 1243 paratum,
1134 1174 1527 1247 dicentemque
1559 1174 1709 1244 quod
1738 1191 1888 1238 eum,
1923 1174 2092 1246 quid-

499 1266 635 1335 quid
670 1266 894 1323 demnm
942 1268 1102 1323 ﬁeret
1131 1308 1148 1334 ,
1192 1283 1306 1323 non
1354 1277 1502 1323 esset
1544 1267 1908 1334 dimissurus;
1975 1283 2094 1323 rem

503 1359 844 1429 beneplaciti
867 1362 950 1429 (ut
971 1375 1100 1414 vere
1122 1365 1266 1427 erat)
1302 1360 1477 1415 divini
1525 1375 1650 1416 esse
1704 1360 2091 1425 considerans,

500 1451 767 1506 incurvat
798 1453 889 1507 ille
909 1453 1137 1521 quidem
1169 1453 1375 1509 collum
1403 1453 1571 1508 etiam
1605 1454 1844 1522 invitus;
1875 1455 2097 1524 episco-

498 1559 606 1613 pus
662 1560 815 1611 vcro,
860 1547 1118 1602 manibus
1140 1547 1310 1617 capiti
1376 1547 1632 1618 religiose
1683 1547 1986 1602 admodum
2036 1558 2097 1604 et

499 1634 906 1705 circumspecte
930 1636 1225 1707 impositis,
1262 1638 1374 1694 diei
1402 1639 1594 1693 solitas
1626 1639 1910 1694 orationes
1959 1654 2094 1709 per-

499 1724 689 1789 solvit;
723 1727 1088 1797 suaviumque
1114 1729 1482 1800 lacrymarum
1511 1728 1688 1785 imbre
1741 1729 1891 1807 inter
1954 1745 2088 1799 pre-

2198 539 2349 603 ὃπως
2379 557 2439 594 τε
2473 541 2768 611 σύμφωνον
2807 541 2945 612 αὐτῇ
2981 540 3043 594 τὸ
3072 541 3467 611 γεγενημένον,
3490 541 3590 596 καὶ
3642 544 3802 608 ὅπως

2198 631 2337 703 ὅπερ
2375 631 2559 703 ἐκείνη
2585 630 2903 702 παρέδειξεν
2932 631 3082 702 αὑτῷ
3114 633 3365 703 κρυφίως
3395 634 3492 687 καὶ
3541 634 3803 708 ἁποῤῥὴ-

2201 738 2335 786 τως.
2365 722 2525 776 τοῦτο
2552 724 2734 777 τοίνυν
2768 725 2864 779 ἐπὶ
2891 723 2988 779 τοῦ
3019 725 3350 795 πράγματος
3379 727 3482 780 ῐδοι
3516 743 3530 757 ⁸
3587 727 3790 782 ἔπειτα

2203 815 2389 886 μέντοι
2417 816 2517 869 καὶ
2552 818 2649 885 τῆς
2676 816 2828 880 θείας
2850 817 3036 887 φωνῆς
3060 818 3277 887 ἐκείνης
3323 817 3426 887 τῆς
3468 820 3606 889 πρὸς
3633 820 3809 873 αὐτὸν

2200 907 2630 985 ἀν[εν]εχθείσης
2680 909 3080 980 ἐπιμνησθεὶς,
3138 909 3215 972 ὡς
3288 910 3426 980 πρὸς
3551 909 3809 982 ἀνάγκης

2202 1002 2355 1073 αὑτῷ
2393 1002 2743 1058 καταστάντα
2770 1003 2869 1057 καὶ
2897 1002 2987 1056 τον
3022 1000 3323 1055 ἐπίσκοπον
3369 999 3516 1072 εἶχε,
3552 1003 3649 1054 καὶ
3685 1001 3805 1058 οὐδ’

2202 1092 2271 1147 ἂν
2318 1092 2422 1147 εἴτι
2461 1093 2560 1147 καὶ
2607 1093 2818 1162 γένοιτο
2886 1093 3152 1165 μεθήσειν
3235 1094 3494 1161 λέγοντα,
3546 1089 3803 1157 εὗδοκίας

2207 1182 2259 1252 (ὃ
2288 1183 2385 1237 καὶ
2424 1183 2614 1254 σαφῶς
2634 1180 2729 1254 ἦν)
2766 1184 2869 1255 τῆς
2906 1186 3115 1241 ἄνωθεν
3145 1187 3410 1256 ἄντικρυς
3443 1186 3507 1238 τὸ
3563 1188 3803 1254 πρᾶγμα

2202 1275 2575 1345 κατανοήσας,
2591 1275 2763 1330 κλίνει
2786 1277 2885 1347 μὲν
2906 1278 2997 1331 τὸν
3023 1277 3226 1347 αὐχένα
3255 1278 3347 1331 καὶ
3374 1276 3540 1330 ἄκων·
3562 1278 3590 1329 ὁ
3614 1277 3671 1329 δὲ
3701 1277 3803 1346 τὴν

2207 1367 2369 1437 χεῖρα
2396 1368 2462 1436 τῇ
2492 1367 2704 1437 κεφαλῇ
2737 1365 2967 1433 ἐπιθεὶς,
2999 1366 3246 1431 εὐλαϐῶς
3274 1367 3473 1437 κομιδῇ
3502 1366 3598 1419 καὶ
3624 1383 3807 1433 πεφυ-

2200 1457 2599 1528 λαγμένως-ξας
2610 1476 2670 1513 τε
2695 1459 2946 1530 συνήθεις
2968 1459 3135 1530 εὐχὰς
3153 1457 3420 1521 ἐπειπὼν,
3442 1459 3535 1512 καὶ
3561 1459 3806 1528 δάκρυον

2201 1549 2301 1620 ἡδὺ
2330 1548 2439 1603 τῶν
2469 1548 2649 1620 εὐχῶν
2676 1550 2967 1622 καταχέας,
3009 1550 3071 1602 τὸ
3098 1549 3280 1619 ψυχῆς
3304 1549 3448 1603 θεῖόν
3474 1566 3528 1602 τι
3557 1549 3806 1619 πασχού-

2204 1653 2305 1706 σης
2336 1639 2564 1709 ἐναργές
2594 1637 2886 1708 σύμϐολον,
2916 1637 3068 1709 ἱερέα
3093 1638 3313 1704 τελειοϊ,
3349 1638 3521 1711 τρίτῳ
3548 1638 3651 1709 τῆς
3679 1638 3810 1710 ἠλι-

2204 1729 2337 1806 κίας
2364 1730 2461 1784 ἐπὶ
2489 1730 2787 1801 τριάκοντα
2821 1730 2953 1786 ἔτει.

497 1819 735 1874 candum
765 1819 1063 1891 perfusus,
1100 1823 1287 1876 anima
1344 1823 1536 1878 nescio
1586 1821 1733 1893 quod
1768 1822 1971 1878 divina:
1993 1824 2218 1881 virtutis
2291 1824 2559 1893 indicium
2642 1823 2917 1879 sentiente
2950 1864 2967 1890 ,
3021 1821 3367 1879 sacerdotem
3426 1823 3812 1888 consecravit,

500 1912 664 1967 tertio
698 1922 756 1969 et
785 1914 1070 1971 tricesimo
1097 1916 1281 1971 aetatis
1309 1931 1481 1972 anno.

571 2052 694 2109 156.
724 2053 856 2108 Post
886 2052 1006 2108 haec
1035 2052 1351 2122 episcopus,
1395 2052 1542 2108 dicta
1575 2063 1912 2124 acceptaque
1940 2054 2095 2109 salu-
2127 2061 2170 2117 Β

500 2154 579 2213 te,
611 2146 930 2212 revertitur,
965 2146 1130 2201 laetus
1157 2146 1304 2216 quod
1344 2162 1542 2201 manus
1566 2161 1697 2202 suas
1744 2147 1801 2201 in
1844 2146 1936 2201 tali
1968 2161 2098 2202 vase

500 2238 888 2297 consecrando
949 2236 1187 2308 Spiritui
1256 2246 1449 2292 sancto
1507 2238 1946 2293 commodassot:
1992 2237 2099 2310 Sy-

500 2331 687 2384 meoni
742 2343 880 2383 vero
927 2336 1287 2383 accesserunt
1344 2326 1628 2397 discipuli‘,
1685 2338 1978 2399 rogantes,
2036 2335 2101 2383 ut

500 2418 818 2474 divinorum
851 2420 1239 2490 mysteriorum
1281 2418 1555 2490 primitias
1589 2417 1842 2474 offerret.
1882 2418 2089 2475 Verum

501 2507 595 2565 ille
623 2509 933 2578 profectum
958 2523 1122 2564 suum
1157 2510 1213 2565 in
1260 2520 1455 2566 sancto
1484 2510 1695 2580 Spiritu
1729 2511 2101 2567 constitutum

500 2598 746 2664 habens,
787 2601 952 2656 anxio
996 2608 1117 2656 erat
1164 2601 1388 2668 animo,
1449 2601 1706 2672 exemplo
1761 2601 2100 2657 ferventium

501 2699 834 2750 amatorum.
865 2691 1151 2762 quomodo
1173 2691 1512 2747 sacriﬁcium
1552 2692 1669 2747 Deo
1717 2707 1821 2748 suo
1851 2694 2104 2763 gratissi-

501 2798 656 2838 mum
684 2782 932 2849 oﬂ‘erret,
970 2800 1036 2840 ac
1056 2785 1252 2855 majori
1282 2784 1437 2839 illum
1490 2783 1739 2841 adiceret
1792 2785 2108 2856 voluptate;

498 2875 756 2946 viditque
815 2891 920 2946 per
975 2878 1383 2947 apparitionem
1434 2893 1494 2933 se
1543 2878 1727 2948 ipsum
1785 2878 2103 2935 istiusmodi

500 2966 785 3024 oblatione
832 2984 1049 3024 sacram
1108 2969 1392 3042 liturgiam
1450 2971 1878 3040 perticientem;
1928 2981 2097 3041 atque

502 3064 828 3135 angelorum
854 3074 1182 3119 sanctorum
1212 3065 1497 3132 cohortes,
1522 3065 1779 3120 vestibus
1807 3064 1936 3120 nive
1967 3081 2102 3120 ean-

2276 2054 2420 2128 ρνς⁹.
2462 2056 2522 2111 '0
2549 2057 2647 2128 μέν
2674 2051 2770 2111 οὖν
2793 2056 3020 2128 εἰρήνην
3041 2056 3167 2121 δοὺς
3197 2055 3232 2128 ἦ
3262 2054 3360 2111 καὶ
3383 2055 3569 2110 λαϐὼν
3595 2055 3819 2128 ἁνεχὼο

2203 2164 2360 2219 ρησε,
2391 2147 2599 2219 χαίρων
2626 2152 2711 2206 ὅτι
2756 2146 2858 2212 τὰς
2887 2149 3075 2218 χεῖρας
3105 2146 3198 2200 ἐπὶ
3232 2147 3460 2219 τοιούτῳ
3504 2145 3687 2201 σκεύει
3726 2145 3812 2218 τῷ

2200 2239 2487 2311 Πνεύματι
2515 2239 2778 2311 χρήσειεν
2798 2256 2813 2271 ·
2837 2239 2917 2310 τῷ
2944 2238 3002 2292 δέ
3029 2239 3254 2309 Συμεὼν
3278 2239 3329 2293 oi
3357 2240 3602 2310 μαθηταὶ
3633 2256 3810 2312 προσ-

2201 2331 2473 2398 ελθόντες,
2520 2333 2708 2402 ἠξίουν
2739 2332 2842 2405 τὴν
2885 2330 3037 2385 θείαν
3074 2331 3239 2386 αὑτὸν
3283 2330 3597 2386 ἐπιτελέσαι
3631 2348 3807 2401 μυστο

2203 2424 2468 2493 αγωγίαν.
2510 2422 2571 2477 '0
2603 2422 2661 2476 δὲ
2688 2421 2791 2493 τὴν
2832 2420 3209 2491 προσκομιδὴν
3242 2422 3301 2474 ἐν
3339 2421 3620 2491 Πνεύματι
3659 2419 3809 2491 ἁγίῳ

2205 2514 2498 2583 συντάξας,
2528 2514 2741 2585 ἠγωνία
2769 2512 2913 2567 κατὰ
2941 2514 3069 2575 τοὺς
3099 2512 3340 2582 θερμοὺς
3382 2513 3490 2567 τῶν
3523 2513 3803 2585 ἐραστῶν,

2203 2609 2355 2672 ὅπως
2390 2608 2459 2662 ἂν
2484 2607 2564 2679 τῷ
2601 2607 2922 2677 ποθουμένῳ
2957 2605 3079 2677 Θεῷ
3109 2605 3493 2677 προσενέγκοι,
3521 2607 3616 2661 καὶ
3651 2603 3810 2677 αὐτῷ

2208 2700 2412 2772 μᾶλλον
2430 2699 2686 2772 ἠδυνθείη
2709 2700 2778 2754 τὰ
2798 2698 2900 2768 τῆς
2928 2697 3146 2763 θυσίας.
3176 2699 3287 2753 Καὶ
3311 2700 3414 2770 ὁρᾷ
3440 2700 3497 2752 ἐν
3526 2695 3816 2752 ἀποκαλύ-

2204 2794 2297 2866 ψει
2329 2793 2523 2847 ἑαυτὸν
2560 2793 2660 2863 μὲν
2686 2792 2788 2862 τὴν
2809 2790 2963 2845 θείαν
2992 2791 3080 2844 διὰ
3109 2790 3208 2861 τῆς
3236 2790 3495 2859 τοιαύτης
3522 2789 3817 2858 ἀναφορᾶς

2205 2885 2554 2956 λειτουργίαν
2592 2883 2967 2947 ἐπιτελοῦντα,
2999 2882 3258 2953 τάγματα
3300 2881 3356 2935 δὲ
3399 2880 3573 2948 ἁγίων
3627 2881 3812 2948 ἀγγέ-

2205 2977 2317 3032 λων
2346 2979 2526 3047 χιόνος
2557 2976 2860 3048 λευκότερα
2903 2976 3004 3038 τὰς
3031 2973 3331 3038 ἀναϐολὰς,¹
3355 2972 3465 3044 πρὸ
3504 2972 3607 3042 τῆς
3633 2970 3813 3026 αὐτοῦ

2210 3071 2460 3133 στάσεως
2499 3068 2735 3134 ἑστῶτα,
2765 3067 2859 3121 καί
2906 3083 3015 3120 τινι
3073 3067 3289 3134 κινήσει
3344 3063 3547 3135 χειρῶν
3586 3062 3818 3136 ἐξαισίᾳ

502 3154 820 3212 didioribus
860 3157 1217 3222 amictorum,
1251 3157 1519 3212 stantium
1578 3166 1707 3213 ante
1756 3156 2096 3224 columnam,

2207 3155 2313 3215 οἷον
2347 3159 2800 3230 ἐπευφημοῦντα.
2831 3158 3054 3213 κάκεῖνο
3077 3157 3573 3230 προσεπιλέγοντω
3620 3154 3688 3209 Εἴ
3718 3171 3817 3220 τις

500 3257 561 3305 et
583 3249 831 3304 motione
871 3249 1108 3320 quadam
1143 3264 1406 3304 manuum
1440 3251 1709 3305 inusitata
1728 3250 1904 3305 veluti
1956 3250 2100 3307 bene

502 3340 871 3412 precantium.
900 3354 965 3395 ac
1003 3340 1096 3394 tali
1123 3340 1580 3396 concludentium
1632 3341 1779 3396 dicta
1830 3343 2050 3414 epilogo
2082 3357 2098 3397 :

504 3430 564 3486 Si
605 3431 732 3501 quis
781 3430 912 3486 huic
959 3430 1087 3487 ﬁdei
1151 3432 1491 3488 confessioni
1541 3447 1655 3487 non
1695 3436 2097 3501 communicat,

504 3523 807 3587 anathema
848 3523 942 3580 sit.
977 3508 1118 3578 Tum
1182 3524 1327 3579 vidit
1379 3523 1561 3578 Deum
1610 3540 1854 3595 quoque.
1886 3526 2097 3583 cmlesti

504 3614 664 3685 signo
694 3614 1013 3686 angelorum
1045 3630 1215 3671 voces
1258 3616 1745 3684 comprobantem,
1803 3631 1868 3672 ac
1919 3617 2100 3688 sigillo

504 3704 663 3775 quasi
698 3719 801 3760 suo
828 3705 1198 3759 munientem.
1223 3704 1419 3775 Itaque
1456 3715 1751 3777 postquam
1793 3707 1921 3762 talia
1952 3709 2103 3763 circa

503 3798 756 3853 divinum
815 3796 1152 3853 sacrificium
1205 3799 1462 3863 edoctus,
1514 3797 1938 3856 testificationes
1989 3811 2103 3856 tam

505 3896 709 3951 certas,
733 3897 842 3942 tam
876 3888 1109 3951 solidas,
1140 3897 1249 3944 tam
1293 3888 1646 3961 perspicuas,
1689 3899 1748 3946 et
1779 3892 2008 3963 quibus,
2057 3892 2108 3948 si

504 3980 582 4036 ita
612 3980 722 4044 vis,
754 3980 1064 4036 contradici
1096 3981 1177 4036 nil
1198 3991 1401 4052 potest,
1424 3983 1768 4055 accepisset,
1805 3985 2111 4055 promptis-

507 4073 647 4129 sima
682 4072 952 4143 deinceps
981 4080 1041 4128 et
1068 4073 1258 4146 lingua
1307 4084 1367 4132 et
1416 4076 1618 4148 spiritu
1677 4077 1816 4133 illud
1872 4078 2102 4135 obtulit.

503 4163 621 4224 Nos
647 4181 782 4224 vero
807 4176 1008 4225 caetera
1035 4167 1142 4223 viri
1172 4168 1441 4227 miracula
1471 4186 1901 4245 prosequamur.

2206 3255 2275 3324 τῇ
2305 3251 2569 3324 ὁμολογίᾳ
2591 3252 2766 3323 ταύτῃ
2788 3250 2886 3318 τῆς
2911 3249 3148 3312 πίστεως
3169 3248 3232 3301 οὔ
3264 3248 3532 3304 κοινωνεῖ.
3553 3245 3817 3315 ἀνάθεμα.

2207 3344 2378 3398 εστωο
2416 3341 2548 3414 ἑξῆς
2584 3343 2642 3396 δὲ
2686 3342 2783 3395 xai.
2825 3340 2960 3395 θεὸν
2989 3338 3199 3394 ἄνωθεν
3244 3335 3659 3402 ἐπευδοκοῦντα,
3707 3337 3816 3390 καὶ

2205 3436 2307 3501 τὰς
2335 3436 2520 3506 φωνὰς
2546 3433 2740 3507 ὥσπερ
2771 3431 3259 3507 ἐπισφραγίζοντα.
3299 3429 3359 3485 '0
3384 3430 3483 3499 μὲν
3514 3423 3607 3482 οὖν
3628 3424 3816 3481 ταῦτα

2211 3528 2446 3602 μυηθεὶς
2474 3529 2607 3601 περὶ
2631 3526 2735 3595 τῆς
2770 3525 2924 3588 θείας
2959 3521 3370 3595 μυσταγωγίας,
3408 3520 3504 3573 καὶ
3545 3516 3816 3581 τοιαύτας

2209 3622 2588 3694 πληροφορίας
2616 3619 2823 3686 λαϐὼν,
2857 3620 2951 3673 καὶ
2975 3617 3150 3679 οὕτως
3179 3614 3446 3684 ἀσφαλεῖς
3464 3612 3559 3666 καὶ
3580 3609 3814 3681 βεϐαίας

2203 3717 2239 3786 ἢ
2273 3715 2535 3785 λαμπρὰς
2566 3712 2659 3766 καὶ
2675 3694 3410 3779 ἀναντιρῤητους,είβούλει,
3443 3702 3711 3773 προθύμῳ
3743 3701 3814 3756 ea

2207 3808 2396 3863 λοιπὸν
2420 3806 2590 3877 αὐτὴν
2610 3805 2858 3859 ἐπετέλει
2877 3804 2973 3856 καὶ
2994 3801 3212 3874 γλώττῃ
3236 3799 3331 3852 καὶ
3351 3796 3622 3869 πνεύματι
3638 3810 3651 3825 '
3669 3796 3816 3865 ἡμῖν

2209 3900 2267 3955 δὲ
2296 3900 2390 3954 καὶ
2419 3899 2484 3953 τὰ
2512 3899 2652 3969 προς
2682 3896 2752 3952 τὰ
2778 3894 2908 3965 ἑξῆς
2931 3896 2961 3948 ὁ
2980 3893 3138 3962 λόγος
3170 3891 3435 3963 βαδιεῖται
3455 3889 3565 3943 τῶν
3585 3884 3680 3941 τοῦ
3713 3887 3819 3942 ἀν-

2212 3992 2338 4064 δρὸς
2368 3990 2708 4063 θαυμασίων.

2008 4334 2236 4413 csru‘r
2265 4351 2385 4410 xx.

1183 4467 1417 4533 Bacillo,
1449 4467 1626 4533 verba,
1665 4484 1812 4537 aqua
1841 4484 2123 4531 manuum,
2162 4468 2317 4523 varia
2352 4471 2556 4537 patrat.
2604 4461 2872 4518 Hermum
2907 4459 3151 4513 suscitat.

584 4580 710 4637 157.
749 4580 845 4635 Vir
873 4581 1119 4651 quidam,
1154 4582 1380 4637 natione
1402 4579 1550 4642 lber,
1573 4595 1675 4650 per
1693 4581 1911 4636 calores
1932 4588 2102 4637 aesta-

2286 4579 2421 4656 ρνζ⁸.
2467 4577 2633 4647 Ἀνήρ
2664 4592 2748 4638 τις
2773 4574 2931 4644 Ἰϐηρ
2951 4573 3012 4627 τὸ
3038 4571 3217 4641 γένος,
3236 4571 3295 4624 ἐν
3321 4569 3474 4641 ἀκμῇ
3503 4569 3696 4643 θέρους
3717 4570 3813 4625 ἐπί

508 4672 585 4729 tis
614 4670 669 4726 in
699 4686 826 4726 area
879 4671 1118 4743 quadam
1164 4685 1421 4726 somnum
1455 4669 1711 4739 capiebat
1739 4668 1872 4725 vino
1918 4681 2105 4742 potus,

511 4762 981 4835 quemadmodum
1011 4763 1253 4819 ebriosis
1319 4761 1461 4817 solet
1522 4759 1814 4825 accidere,
1942 4762 2111 4835 idque

512 4854 701 4910 hiante
730 4869 860 4908 ore:
886 4868 1012 4909 cum
1038 4852 1315 4922 adrepens
1338 4848 1590 4912 coluber,
1624 4860 1890 4924 percepto
1914 4854 2107 4922 odore,

512 4962 613 5018 per
679 4946 868 5002 fauces
917 4945 1021 5000 viri
1058 4943 1126 4999 ad
1185 4944 1399 4999 viscera
1448 4959 1623 5014 usque
1658 4945 1980 5002 sitibundus
2010 4962 2112 5019 pc-

511 5049 697 5096 netrat
730 5056 745 5094 :
779 5054 887 5110 qua
924 5052 984 5093 re
1016 5037 1110 5092 ille
1154 5037 1210 5092 in
1240 5045 1552 5091 extremum
1587 5039 1895 5108 periculum
1924 5039 2103 5095 addu-

491 5140 657 5215 1ctus,
689 5131 828 5185 nihil
859 5128 1162 5200 quidquam
1194 5128 1342 5199 quod
1369 5129 1475 5184 sibi
1507 5132 1836 5200 applicaret,
1869 5131 2105 5187 remedii

483 5220 824 5279 'inveniens.
867 5217 1158 5274 confestim
1188 5218 1257 5274 ad
1287 5229 1538 5300 sanctum
1569 5218 1899 5290 Symeonem
1933 5220 2108 5275 advo-

511 5310 613 5377 lat,
648 5311 874 5366 unicum
910 5310 966 5365 in
1014 5298 1221 5367 morbis
1247 5298 1584 5383 perfugium,
1611 5312 1830 5367 unicam
1861 5312 1917 5367 in
1955 5319 2109 5366 tanto

515 5406 664 5461 malo
698 5404 1053 5460 medicinam.
1092 5406 1141 5462 ls
1183 5416 1366 5463 autem
1407 5405 1715 5464 calamitosi
1758 5405 1867 5461 viri
1921 5406 2119 5462 miscr-

518 5506 630 5559 tus.
677 5506 952 5563 ventrem,
986 5514 1152 5569 quem
1185 5499 1417 5555 coluber
1459 5498 1537 5555 uti
1582 5507 1804 5553 antrum
1836 5512 1999 5553 suum
2034 5496 2121 5551 in-

513 5588 756 5653 coiehat,
777 5590 977 5647 bacillo
1005 5607 1107 5647 suo
1126 5593 1328 5665 signat,
1348 5599 1515 5662 atque
1540 5589 1881 5645 monasterio
1963 5589 2117 5646 exire

513 5681 689 5755 iubet.
721 5683 945 5741 Jussum
979 5684 1187 5743 factum
1214 5706 1228 5740 :
1271 5685 1330 5740 in
1375 5699 1603 5757 egressu
1636 5683 1822 5739 statim
1848 5690 2115 5739 exonerat

519 5774 606 5831 via
644 5779 879 5835 naturali
923 5781 1110 5836 vivum
1143 5787 1480 5850 serpentem,
1534 5785 1589 5832 et
1637 5775 1932 5833 incolumis
1968 5776 2115 5832 redit

2206 4691 2354 4737 τινος
2394 4671 2601 4734 ἅλωνος
2644 4666 2941 4721 ἐκάθευδεν
2972 4664 3078 4718 ὑπὸ
3106 4663 3276 4727 οίνου,
3304 4656 3396 4717 οἷα
3441 4662 3506 4731 δὴ
3532 4663 3680 4733 φιλεῖ
3698 4667 3816 4731 τοῖς

2207 4763 2481 4820 οἰνωθεῖσι
2507 4758 2850 4826 συμϐαίνειν,
2869 4754 2981 4819 Δκαὶ
3011 4752 3073 4807 τὸ
3103 4753 3277 4822 στόμα
3313 4751 3557 4824 κεχήνει.
3590 4753 3818 4822 Ὄφεως

2207 4853 2501 4927 τοιγαροῦν
2561 4850 2714 4920 αὐτῷ
2766 4846 3258 4920 προσερπύσαντος
3322 4845 3417 4899 καὶ
3478 4845 3583 4913 τῆς
3629 4845 3819 4915 ὀσμῆς

2210 4947 2563 5017 αἰσθομένου.
2595 4945 2654 4997 ἐν
2679 4939 2822 5012 δίψει
2867 4956 2928 4992 τε
2965 4938 3102 5008 πρὸς
3138 4937 3208 4990 τὰ
3237 4937 3447 5004 ἔγκατα
3488 4936 3584 4990 τοῦ
3615 4935 3821 5005 ἀνδρὸς

2208 5035 2504 5096 εἰσδύντος,
2532 5033 2591 5085 ἐν
2619 5031 2781 5084 παντὶ
2805 5028 3053 5083 κινδύνου
3078 5026 3392 5098 γενόμενος,
3427 5027 3523 5080 καὶ
3543 5027 3570 5079 ὅ
3596 5026 3648 5078 τί
3678 5043 3822 5082 ποτε

2211 5129 2486 5200 χρήσηται
2522 5120 2711 5177 λοιπὸν
2739 5118 2921 5191 ἑαυτῷ
2949 5119 3025 5191 μὴ
3056 5119 3217 5189 ἔχων,
3248 5116 3402 5191 παρὰ
3428 5116 3521 5171 τον
3546 5117 3690 5171 θεῖον
3721 5120 3825 5172 εὐ-

2214 5220 2314 5284 θὺς
2336 5216 2584 5287 Συμεὼν,
2618 5216 2717 5288 τὴν
2748 5214 2920 5286 μόνην
2941 5214 3069 5285 ἥκει
3094 5212 3190 5266 τοῦ
3220 5211 3430 5276 πάθους
3459 5213 3816 5283 καταφυγὴν,

2215 5311 2317 5383 τὴν
2362 5312 2532 5383 μόνην
2558 5291 2881 5381 τηλικούτου
2911 5305 3099 5362 κακοῦ·
3118 5305 3295 5360 λύσιν.
3342 5305 3401 5360 Ὀ
3437 5305 3495 5359 δέ
3521 5305 3612 5365 τὸν
3639 5307 3819 5377 ἄνδρα

2216 5406 2317 5477 τῆς
2350 5392 2636 5476 συμφορᾶς
2670 5402 2922 5473 ἐλεήσας,
2945 5400 3048 5473 τὴν
3081 5399 3312 5463 κοιλίαν,
3341 5399 3411 5471 ἣν
3440 5401 3543 5453 ὅσα
3571 5398 3667 5452 καὶ
3698 5417 3818 5469 φω-

2200 5498 2338 5552 ⁸λιεὸν
2379 5498 2408 5551 ὁ
2443 5495 2568 5565 ὄφις
2597 5495 2755 5566 ᾤκει,
2789 5493 2854 5562 τῇ
2897 5491 3082 5564 ῥάϐδῳ
3112 5491 3538 5561 διασφραγίσας,
3580 5489 3690 5557 ἔξω
3720 5507 3818 5559 γε·

2214 5589 2405 5644 νέσθαι
2431 5591 2532 5659 τῆς
2558 5587 2726 5658 μονῆς
2757 5585 3070 5655 ἐπιτρέπει.
3105 5582 3372 5649 Ἐξελθὼν
3394 5582 3577 5637 τοίνυν
3604 5582 3701 5636 eoo
3719 5586 3818 5647 ’ως

2216 5662 2447 5747 ἐκεῖνος,
2490 5680 2640 5735 κενοῖ
2684 5674 2774 5733 διὰ.
2814 5676 2923 5730 τῶν
2964 5674 3210 5746 φυσικῶν
3260 5672 3459 5740 ἐξόδων
3500 5672 3683 5739 ζῶντα
3704 5672 3816 5739 ,τὸν

2216 5775 2361 5844 ὅφιν,
2419 5773 2514 5826 καὶ
2561 5771 2744 5825 οἶκαδε
2795 5767 2954 5841 ὑγιὴς
2991 5767 3281 5839 ἐπανήκει,
3321 5763 3507 5839 θαῦμα
3547 5764 3608 5818 οὗ
3644 5765 3819 5818 πᾶσιν
