4018 6414
258 412 415 481 3133

1304 415 1483 478 VITA
1521 416 1569 475 A
1609 416 2050 480 NICEPHORO
2084 421 2575 486 CONSCRIPTA.

3430 427 3578 495 3134

263 532 340 595 δ’).
353 546 517 593 μαπῑ,
542 523 681 580 ἀλλὰ
707 526 804 579 καὶ
836 525 989 591 ὠσὶν,
1015 526 1076 579 τδ
1108 525 1413 597 τηνικαῦτα
1446 528 1595 595 ἰδεῖν,
1621 531 1716 584 καὶ
1738 532 1873 592 ὅσοις

1986 533 2233 599 domum,
2295 538 2625 593 miraculum
2677 537 2855 594 factus
2907 555 3017 597 non
3059 540 3310 597 omnium
3363 551 3576 600 tantum

264 622 353 683 εἰς
382 619 551 691 δεῦρο
584 621 748 673 πάλιν
779 619 1009 674 ἀκοῦσαι
1040 619 1271 688 γένοιτο.

1985 626 2187 693 oculis,
2213 627 2308 685 sed
2354 630 2521 685 etiam
2578 633 2840 697 auribus;
2889 633 3065 688 oculis
3110 634 3358 704 quidem,
3410 649 3577 706 qum-

259 718 415 779 quot
472 719 605 766 tunc
660 708 926 780 temporis
962 706 1097 762 illud
1150 705 1387 776 videre;
1442 710 1676 767 auribus
1757 727 1913 781 vero,
1987 708 2260 787 quotquot
2319 718 2374 773 in
2432 730 2760 790 praesentem
2823 738 2998 793 usque
3059 723 3207 780 diem
3264 705 3457 783 audire
3507 727 3579 784 li-

257 802 413 857 Cuit.

348 892 493 965 ρνη’.
536 889 672 949 Εἶτα
715 894 1055 966 προσάγεται
1100 912 1184 960 τις
1224 894 1374 966 αὖτῷ
1412 895 1617 959 νεᾶνις,
1669 894 1733 948 οὐ
1769 911 1884 949 κω-

257 990 519 1059 φεύουσα
558 990 720 1059 μόνον
758 989 854 1041 καὶ¹
896 988 1162 1059 μηδαμῶς
1194 988 1565 1059 φθεγγομένη,
1604 989 1741 1043 ἀλλὰ
1784 989 1881 1046 καὶ

254 1084 467 1153 τρεμῳ
507 1082 567 1134 τὸ
606 1083 716 1135 πᾶν
761 1081 922 1151 σῶμα
951 1080 1192 1149 τοσούτῳ
1233 1081 1566 1149 συνεχομένη
1598 1122 1612 1144 ,
1645 1081 1722 1145 ὼς
1754 1083 1879 1152 μηδ’

255 1175 395 1228 οἷαν
422 1192 482 1226 τε
515 1171 654 1226 εἶναι
685 1175 1000 1244 διακρατεῖν
1029 1175 1231 1242 ἑαυτὴν
1259 1213 1273 1235 ,
1295 1172 1431 1226 ἀλλὰ
1457 1173 1655 1226 σινδόνι
1678 1175 1878 1243 μᾶλλον

260 1265 683 1336 βαστάζεσθαι*
720 1264 948 1317 ἕσϐεστο
974 1264 1031 1316 δὲ
1064 1266 1156 1315 καὶ
1182 1267 1209 1318 ὁ
1236 1263 1420 1334 πατὴρ
1451 1264 1550 1334 ἤδη
1582 1266 1679 1334 τῆς
1710 1266 1879 1337 κόρης

254 1358 402 1420 τοὺς
432 1355 771 1426 ὀφθαλμούς.
810 1358 918 1409 Καὶ
956 1359 984 1409 ό
1027 1357 1127 1424 μὲν
1155 1356 1247 1424 ὑφ’
1276 1357 1481 1426 ἑτέρων
1507 1357 1881 1427 χειραγωγού-

254 1466 465 1520 μενος.
491 1452 524 1520 ἡ
549 1449 606 1501 δὲ
634 1449 912 1519 φερομένη
933 1465 946 1478 ·
979 1450 1007 1502 ὁ
1039 1449 1137 1519 μὲν
1179 1450 1395 1501 ἵσταται
1431 1449 1537 1518 πρὸ
1564 1449 1657 1503 τοῦ
1716 1450 1874 1516 ἁγίςυ

249 1543 501 1612 τυφλὸς,
527 1545 560 1613 ή
594 1542 652 1596 δὲ
689 1542 1027 1613 προτίθεται.
1078 1543 1136 1595 Ὀ
1167 1542 1267 1611 μὲν
1295 1536 1387 1594 οὖν
1433 1541 1617 1613 πατὴρ
1642 1544 1721 1605 εἰς
1748 1543 1877 1595 ἑαυ-

249 1638 369 1690 τὸν
398 1636 797 1707 ἀναδεχόμενος
824 1636 925 1706 τὴν
957 1636 1056 1706 τῆς
1095 1635 1286 1699 παιδὸς
1329 1635 1565 1705 πάρεσιν
1612 1636 1757 1704 (ἐπεὶ
1783 1635 1877 1687 καὶ

250 1731 486 1802 πατὴρ,
540 1730 798 1785 κάκείνου
850 1729 1053 1799 μᾶλλον
1098 1729 1159 1782 τὸ
1209 1728 1381 1792 πάθος
1430 1725 1520 1799 ἦν,
1552 1731 1600 1781 εἰ
1636 1727 1732 1781 καὶ
1776 1729 1877 1797 τῆς

251 1827 471 1888 παιδὸς
502 1826 829 1894 ἐνομίζετο).
867 1824 1052 1894 ἱκέτης
1091 1823 1233 1893 ὑπὲρ
1283 1822 1383 1891 τῆς
1418 1820 1613 1891 διπλῆς
1661 1822 1874 1889 ἐγίνετο

254 1919 591 1989 συμφορᾶς,
626 1919 690 1971 οὐ
744 1918 978 1984 πάρεσιν
1009 1915 1190 1970 αὐτῶν
1242 1914 1459 1985 ἰαθῆναι
1506 1914 1688 1984 μόνον,
1738 1912 1873 1967 ἀλλὰ

250 2013 371 2065 καὶ
398 2011 697 2077 τύφλωσιν.
744 2010 803 2060 '0
823 2010 879 2064 δὲ
905 2008 1048 2073 θεῖος
1077 2005 1305 2078 Συμεὼν
1331 2008 1535 2076 ἀμφοῖν
1564 2006 1633 2060 τὰ
1664 2005 1876 2073 σπλάγ-

2055 902 2178 957 158.
2221 903 2461 958 Rursum
2511 904 2809 959 adducitur
2839 905 2913 960 illi
2957 908 3161 976 puella,
3215 925 3325 964 non
3363 919 3576 967 tantum

1982 996 2245 1051 audiendi
2284 997 2656 1068 loquendique
2693 998 2954 1055 facultate
2979 1001 3262 1063 destituta,
3296 1003 3391 1057 sed
3424 1015 3576 1058 tanto

1981 1088 2149 1142 etiam
2196 1098 2440 1144 tremore
2473 1092 2738 1146 membris
2771 1093 3033 1147 omnibus
3063 1105 3340 1163 correpta.
3376 1107 3437 1149 ut
3469 1097 3575 1150 im-

1981 1187 2201 1248 potens,
2251 1194 2374 1249 quae
2404 1195 2463 1234 se
2500 1181 2672 1250 ipsam
2724 1183 3049 1243 sustineret,
3101 1184 3274 1237 linteo
3326 1186 3573 1240 involuta

1979 1273 2184 1342 gestari
2226 1272 2456 1327 deberet
2488 1291 2500 1327 :
2533 1274 2671 1343 patri
2728 1290 2863 1328 vero
2891 1276 3031 1345 ejus,
3064 1277 3395 1330 exstinctum
3449 1285 3574 1332 erat

1980 1366 2269 1420 oculorum
2318 1367 2528 1423 lumen.
2577 1367 2645 1421 Et
2696 1368 2799 1423 iste
2848 1367 3072 1437 quidem
3118 1369 3189 1423 ah
3234 1369 3359 1423 aliis
3405 1383 3586 1434 manu,

1982 1456 2205 1522 ductus,
2261 1459 2444 1513 stabat
2478 1474 2663 1514 coram
2700 1471 2891 1516 sancto
2936 1477 3141 1527 aecus;
3174 1462 3265 1516 illa
3318 1478 3449 1516 vero
3477 1477 3573 1531 ap.

1979 1558 2226 1619 portata,
2301 1550 2507 1605 ibidem
2568 1552 2833 1606 collocata
2873 1553 3114 1623 jacebat.
3171 1554 3334 1608 Pater
3387 1554 3572 1623 itaque

1978 1643 2254 1714 paralysin
2278 1642 2401 1697 lilia:
2427 1659 2580 1698 suam
2614 1646 2789 1714 ipsius
2816 1661 2936 1701 esse.
2962 1656 3226 1716 reputans
3253 1648 3397 1717 (cum
3422 1648 3574 1702 enim

1979 1742 2137 1804 pater
2184 1745 2351 1800 esset,
2388 1737 2565 1801 dolor,
2600 1739 2694 1808 qui
2736 1737 2860 1793 ﬂlite
2904 1740 3218 1809 putabatur,
3260 1741 3437 1809 ipsum
3470 1755 3573 1810 po-

1983 1828 2091 1881 tius
2125 1843 2266 1899 tegre
2298 1828 2579 1897 habebat),
2614 1831 2844 1900 supplex
2875 1847 2975 1901 pro
3016 1832 3222 1902 duplici
3255 1832 3570 1887 calamitate

1978 1918 2323 1988 deprecanda
2350 1922 2409 1973 tit
2428 1962 2442 1980 .
2468 1920 2753 1976 obtestans
2784 1938 2894 1975 non
2924 1924 3099 1977 solum
3128 1932 3189 1977 ut
3222 1923 3453 1996 paralysi
3486 1939 3576 1979 re-

1976 2010 2244 2074 medium,
2274 2010 2367 2064 setl
2387 2011 2617 2065 czeeitati
2648 2028 2869 2082 quoque
2889 2012 3417 2070 all‘eratur.Sanctus
3438 2030 3572 2069 vero

252 2121 379 2175 χνα
411 2101 813 2173 περιαλγήσας,
848 2103 926 2164 εἰς
954 2101 1238 2170 σπλάγχνα
1266 2116 1327 2153 τε
1372 2099 1535 2152 πάλιν
1565 2098 1726 2161 αὐτὸς
1757 2099 1873 2166 φιλ-

1981 2103 2250 2176 Symeon,
2304 2105 2422 2175 ipse
2468 2104 2693 2174 quidem
2747 2106 3035 2160 amborum
3089 2107 3570 2163 commiseratione

249 2196 375 2252 avo
386 2193 598 2267 ρωπίας
626 2193 765 2246 Θεοῦ
791 2192 1013 2262 βλέψας,
1047 2192 1141 2245 καὶ
1176 2191 1305 2260 γόνυ
1340 2190 1527 2253 κλίνας
1545 2189 1714 2261 αὐτῷ,
1742 2192 1874 2260 παρ’

251 2283 330 2345 οὗ
388 2290 481 2343 τὸν
508 2289 656 2341 ἔλεον
688 2287 805 2358 ᾔδει
845 2284 1119 2348 πλουσίως
1167 2286 1445 2355 χεόμενον,
1479 2286 1743 2348 ἀναστὰς.
1775 2285 1874 2354 τὴν

252 2382 620 2453 Δεσποτικὴν
675 2380 862 2450 φωνὴν
895 2379 1239 2484 (ἑπιτιμῄσει
1291 2378 1348 2431 δέ
1404 2394 1495 2447 μοι
1536 2378 1636 2445 τῆς
1668 2377 1874 2447 τόλμης

252 2476 481 2541 οὐδεὶς,
521 2478 643 2529 ἐπεὶ
682 2474 942 2528 κάκείνου
976 2471 1166 2541 σαφῶς
1203 2473 1235 2540 ἡ
1265 2471 1439 2541 φωνὴ,
1483 2472 1537 2523 Ὀ
1568 2472 1875 2523 πιστεύων

251 2578 365 2638 εις
409 2572 535 2641 ἐμὲ,
564 2572 637 2625 τὰ
672 2570 818 2639 ἔργα
844 2567 883 2623 ἄ
920 2567 1033 2637 ἐγὼ
1061 2565 1231 2631 ποιῶ,
1274 2566 1554 2631 κάκεῖνος
1581 2563 1868 2634 ποιήσει)·

254 2668 521 2729 ἀναστὰς
549 2666 755 2727 τοίνυνς
780 2664 881 2735 τὴν
902 2662 1240 2732 Δεσποτικὴν
1269 2660 1372 2731 ἔφη
1398 2662 1603 2730 φωνήν·
1635 2660 1698 2712 Ἡ
1719 2660 1870 2723 παῖς,

253 2758 546 2827 ἀνάστηθι
582 2757 680 2810 καὶ
715 2754 874 2824 στῆθι
900 2756 996 2808 ἐπὶ
1027 2756 1151 2818 τοὺς
1192 2754 1361 2818 πόδας
1392 2771 1507 2807 σου.
1539 2754 1652 2822 Τῆς
1686 2754 1742 2806 δὲ
1776 2754 1873 2807 αὑ-

251 2854 406 2905 τίκα
433 2851 567 2919 μέλη
595 2851 774 2903 πάντα
801 2847 1126 2919 ῥωσθείσης,
1157 2850 1248 2901 καὶ
1276 2847 1412 2916 ὁμοῦ
1442 2846 1517 2916 τῷ
1540 2848 1872 2916 κελεύσματι

252 2947 443 2999 ποσὶν
474 2943 674 3007 οἰκείος
700 2941 1087 3009 διαναστάσης.
1127 2943 1238 3001 τοῖς
1265 2941 1431 2993 αὐτοῦ
1460 2939 1696 3010 χείλεσιν
1727 2943 1869 2992 ἐκεῖο

253 3054 368 3099 νος
422 3036 513 3087 τὸν
558 3035 823 3088 δάκτυλον
868 3035 1151 3096 ἐκπιέσας,
1191 3032 1422 3101 στόματί
1455 3048 1514 3084 τε
1552 3031 1652 3100 τῆς
1703 3031 1873 3101 κόρης

254 3130 442 3186 αὐτὸν
464 3130 557 3181 καὶ
584 3127 718 3180 ὠσὶν
747 3125 1023 3196 ἐμϐαλὼν,
1050 3124 1319 3178 λαλοῦσαν
1350 3122 1677 3195 ἐλευθερίως
1708 3123 1874 3188 εὐθὺς

252 3224 374 3280 καὶ
434 3221 741 3277 ἀκούουσαν
802 3218 1036 3290 ὁρᾶσθαι
1095 3222 1209 3281 τοῖς
1277 3217 1514 3289 παροῦσι
1582 3221 1869 3290 παρεῖχεν.

253 3313 411 3372 Εἶτα
448 3316 584 3386 πρὸς
615 3316 708 3367 τὶν
733 3313 946 3382 πατέρα
971 3310 1325 3381 ἐπιστρέψας,
1366 3313 1457 3363 καὶ
1486 3310 1735 3382 δακτύλῳ
1768 3314 1874 3366 πά-

251 3410 360 3463 λιν
420 3408 624 3476 ὁμοίως
676 3408 743 3476 τῇ
806 3404 973 3457 αὑτοῦ
1046 3403 1262 3475 γλώττῃ
1335 3403 1683 3475 διαϐραχέντι
1742 3403 1941 3499 scina

252 3498 595 3567 ὀιρθαλμοὺς
652 3495 963 3565 ἐπιχρίσας,
1004 3496 1311 3564 Δεσποτικῇ
1365 3495 1605 3564 κάκείνῳ
1647 3494 1707 3547 τὸ
1756 3496 1871 3563 φῶς

252 3591 533 3661 ἐνεργείᾳ
596 3589 906 3660 χαρίζεται.
987 3587 1224 3649 Ἐκεῖνος
1290 3586 1400 3655 γὰρ
1456 3582 1523 3657 ἦν
1590 3586 1872 3642 κάνταῦθα

256 3684 471 3752 σαφῶς
514 3682 776 3753 ἐνεργῶν,
820 3683 869 3733 εἱ
918 3682 1025 3734 καὶ·
1054 3674 1287 3747 διακόνῳ
1332 3678 1410 3748 τῷ
1440 3678 1735 3748 θεράποντι
1775 3680 1869 3733 κέ-

252 3794 471 3849 χρητο,
506 3776 601 3829 καὶ
630 3773 775 3827 οὕτω
803 3773 933 3843 μιᾶς
965 3771 1277 3842 προσευχῆς
1325 3769 1537 3841 καρπὸς
1572 3769 1736 3840 διπλῆ
1783 3770 1872 3823 θε-

259 3872 486 3943 ραπεία
515 3868 752 3936 γίνεται.

352 3963 485 4032 ρυθκ
517 3963 754 4015 Ἔπειτα
809 3963 995 4031 μέντοι
1043 3959 1141 4014 καὶ
1185 3957 1466 4022 γυναικῶν
1510 3957 1659 4027 αὐτῷ
1687 3958 1868 4029 πλήθη

253 4055 605 4127 προσῆλθον,
631 4056 688 4106 αἱ
722 4055 819 4121 μὲν
850 4052 1014 4123 ξηραὶ
1038 4052 1165 4114 τοὺς
1197 4051 1457 4122 μαστοὺς.
1490 4044 1579 4126 οἷα
1598 4050 1871 4118 γάλακτος

255 4144 672 4214 ἁπορούμεναι,
705 4144 799 4196 καὶ
829 4144 898 4197 τὰ
925 4142 1106 4213 βρέφη
1151 4141 1402 4204 ἐλεεινῶς
1432 4140 1550 4194 ἀνθ’
1583 4142 1870 4213 ἱκετηρίας

254 4236 681 4307 προϐάλλουσαι
707 4254 723 4267 ι
759 4238 813 4289 αἱ
841 4236 886 4287 δ’
919 4237 979 4287 ὲν
1004 4236 1202 4305 γαστρὶ
1237 4233 1336 4301 μὲν
1370 4233 1591 4302 ἔχουσαι
1623 4233 1719 4287 καὶ
1746 4233 1872 4287 ὡδί-

254 4345 486 4387 νουσαι.
532 4326 811 4397 πνεύματι
854 4325 911 4378 δὲ
959 4327 1218 4394 πονηροῖς
1264 4320 1615 4392 ἐταζόμεναι,
1656 4322 1733 4384 ὡς
1776 4322 1872 4375 καὶ

252 4420 418 4475 αὐτὰ
457 4420 557 4488 np’)
589 4419 685 4487 τῆς
711 4417 901 4479 ὠδῖνος
934 4416 1003 4469 τὰ
1041 4416 1257 4485 ἔμϐρυα
1285 4413 1618 4467 κινδυνεύειν
1648 4412 1872 4484 ἀμϐλῶ-

255 4528 408 4568 σαι·
460 4512 559 4575 τᾶς
609 4512 667 4565 δὲ
720 4509 1030 4563 ἁτεκνοῢσα
1090 4509 1275 4578 μήτρα
1322 4506 1555 4567 ἐλύπει.
1616 4506 1714 4560 καὶ
1768 4510 1870 4577 τὴν

253 4605 534 4662 ἀπαιδίαν
565 4604 817 4675 χαλεπῶς
853 4602 1224 4670 ἀπωδύροντο.
1268 4600 1415 4654 Ἀλλ’
1443 4602 1501 4655 αἱ
1545 4600 1644 4670 μὲν
1683 4601 1871 4670 εὐχαῖς

253 4699 489 4755 ἐκείνου
535 4700 639 4766 τὴν
671 4678 841 4766 θηλὴν
876 4696 1217 4764 ἁναθήλασαι
1245 4736 1260 4758 ,
1305 4694 1399 4746 καὶ
1458 4692 1733 4760 γάλακτος
1771 4694 1871 4746 αὐ-

1975 2196 2325 2251 visceraliter
2371 2204 2572 2261 tactus,
2619 2196 2812 2251 oculos
2859 2212 2993 2251 vero
3025 2197 3079 2251 in
3109 2198 3323 2252 viscera
3357 2198 3574 2253 miseri-

1975 2289 2182 2344 cordia:
2201 2289 2404 2344 divinae
2427 2290 2754 2360 conjiciens,
2782 2306 2960 2362 genua
2981 2291 3032 2345 ei
3069 2289 3240 2351 ﬂexit.
3266 2306 3296 2345 a
3328 2307 3438 2361 quo
3465 2291 3574 2346 lar-

1975 2383 2119 2453 giter
2156 2381 2367 2437 effundi
2418 2382 2858 2439 misericordiam
2905 2399 3049 2453 saepe
3078 2394 3342 2455 expertus
3361 2385 3570 2442 fuerat:

1977 2490 2327 2546 surgensque
2379 2475 2581 2531 deinde
2617 2476 2903 2532 Dominica
2952 2478 3043 2531 illa
3090 2492 3225 2532 voce
3260 2482 3386 2545 (nec
3437 2494 3573 2534 vero

1978 2569 2308 2623 temeritatis
2342 2583 2429 2622 me
2456 2569 2750 2639 quisquam
2789 2580 3001 2640 arguet,
3032 2570 3294 2639 quoniam
3327 2571 3572 2626 clarissi-

1978 2677 2065 2715 me
2089 2660 2223 2715 dicit
2253 2662 2369 2731 ipse
2400 2662 2663 2717 Dominus
2693 2680 2706 2717 :
2733 2661 2837 2727 Qui
2865 2663 3029 2717 credit
3048 2665 3103 2717 in
3134 2680 3236 2724 me,
3267 2681 3429 2736 opera
3452 2681 3575 2737 qua!

1979 2771 2074 2825 ego
2101 2755 2236 2825 facio
2263 2757 2375 2826 ipse
2408 2757 2564 2823 faciet
2589 2756 2679 2825 ⁸⁸),
2709 2756 3017 2822 Dominica,
3044 2758 3289 2827 inquam,
3320 2759 3407 2812 illa
3435 2773 3572 2815 voce

1978 2862 2113 2902 usus
2132 2857 2218 2902 est
2254 2865 2268 2902 :
2315 2849 2523 2913 Puella,
2562 2864 2747 2920 surge,
2787 2858 2844 2904 et
2874 2858 2957 2904 sta
3009 2866 3180 2920 super
3219 2850 3388 2920 pedes
3424 2859 3568 2907 tuos.

1974 2940 2225 3011 Cumque
2264 2943 2440 3011 puella
2490 2958 2611 2997 mox
2642 2944 2904 2999 omnibus
2926 2944 3249 2999 conﬁrmata
3282 2945 3568 3005 membris.

1975 3034 2141 3087 simul
2180 3044 2346 3103 atque
2372 3035 2522 3103 jussa
2550 3034 2675 3098 fuit,
2703 3036 2947 3105 pedibus
2992 3035 3108 3090 suis
3151 3044 3335 3118 erepta
3363 3048 3567 3104 staret;

1976 3139 2197 3178 rursum
2249 3125 2340 3179 illc
2365 3124 2647 3179 admotum
2674 3126 2830 3195 prius
2866 3127 3032 3180 labiis
3065 3126 3182 3181 suis
3215 3127 3449 3198 digitum
3481 3128 3568 3183 ori

1975 3219 2313 3288 auribusque
2367 3220 2564 3289 puella:
2598 3219 2860 3283 inseruit,
2918 3228 2974 3276 et
3024 3220 3344 3290 loquentem
3393 3222 3571 3277 libere

1975 3311 2407 3382 audientemque
2459 3313 2831 3383 praesentibus
2872 3313 3237 3383 Spectandam
3292 3313 3569 3369 exhibuit.

1979 3401 2121 3457 Hinc
2163 3402 2231 3457 ad
2277 3412 2559 3472 parentem
2604 3420 2926 3469 conversus,
2960 3405 3264 3476 digitoque,
3317 3405 3574 3459 similiter

1978 3496 2167 3566 lingua
2215 3496 2544 3560 madefacto,
2590 3499 2785 3553 oculos
2832 3498 3072 3563 illinens,
3135 3499 3321 3553 divina
3364 3498 3572 3554 virtute

1980 3587 2058 3642 illi
2088 3604 2309 3658 quoque
2338 3605 2496 3644 usum
2531 3590 2758 3645 videndi
2787 3591 3021 3661 largitus
3050 3599 3155 3645 est.
3192 3591 3337 3646 Deus
3363 3592 3572 3661 quippe

1978 3689 2117 3743 erat,
2141 3681 2235 3750 qui
2267 3680 2456 3735 isthmc
2479 3692 2585 3735 tam
2602 3682 2891 3736 manifesta
2926 3683 3193 3736 miracula
3212 3683 3567 3752 operabatur,

1978 3772 2081 3825 etsi
2137 3771 2343 3826 famulo
2398 3788 2499 3828 suo
2526 3788 2627 3843 pro
2667 3774 2925 3829 ministro
2968 3784 3261 3829 uteretur:
3293 3783 3460 3844 atque
3494 3776 3570 3829 ita

1980 3866 2145 3920 unius
2179 3866 2449 3921 orationis
2488 3867 2703 3921 fruetus
2746 3867 2950 3937 duplex
2985 3867 3200 3922 curatio
3230 3866 3354 3921 fuit.

2054 3959 2176 4013 159.
2203 3959 2397 4028 lugens
2430 3975 2654 4029 quoque
2680 3960 2975 4014 mulierum
3001 3961 3162 4015 turba
3196 3960 3405 4015 secutis
3430 3968 3571 4015 tent-

1977 4047 2209 4117 poribus
2256 4049 2322 4102 ad
2365 4060 2615 4104 sanctum
2660 4058 3042 4105 convenerunt
3093 4068 3109 4104 :
3157 4034 3390 4119 quarum
3449 4050 3571 4105 aliae

1980 4136 2153 4193 ubera
2187 4139 2426 4194 arefacta
2460 4140 2710 4208 lacteque
2756 4140 3021 4196 destituta
3071 4149 3450 4211 apportanles,
3480 4141 3569 4195 iu-

1977 4229 2159 4284 fantes
2193 4246 2324 4287 suos
2370 4233 2747 4302 spectaculum
2791 4232 3107 4288 miserabile
3142 4246 3248 4303 pro
3286 4233 3568 4303 supplica-

1981 4321 2149 4377 tionis
2171 4332 2297 4377 actu
2332 4333 2461 4378 ante
2492 4324 2671 4393 ipsum
2697 4323 3045 4379 collocabant
3082 4341 3096 4378 :
3132 4324 3253 4379 alia:
3283 4332 3570 4392 portantes

1980 4421 2199 4466 uterum
2241 4424 2298 4469 et
2341 4431 2373 4470 e
2416 4417 2729 4485 propinquo
2762 4425 2921 4485 partu
2948 4415 3286 4476 laborantes,
3315 4416 3589 4485 malignis

1978 4505 2270 4574 spiritibus
2304 4507 2377 4562 ita
2427 4508 2868 4579 exagitabantur,
2900 4517 2960 4563 ut
2996 4507 3300 4562 infantibus
3322 4508 3569 4562 nondum

1978 4597 2146 4652 editis
2183 4599 2491 4667 periculum
2527 4615 2636 4655 non
2677 4600 2795 4655 leve
2850 4610 3139 4654 crearetur
3172 4618 3185 4653 :
3218 4601 3344 4656 aliis
3379 4610 3571 4655 uterus

1979 4690 2317 4746 infecundus
2367 4691 2545 4747 dolori
2601 4700 2721 4747 erat
2777 4692 3129 4746 sterilitatem
3196 4708 3354 4747 suam
3391 4693 3572 4746 inces-

252 4794 373 4863 τὴν
401 4790 918 4861 ὑποπεπλησμὲναι,
949 4791 1005 4842 αἰ
1032 4788 1088 4840 δὲ
1117 4788 1224 4840 τὼν
1254 4786 1585 4856 πνευμάτων
1625 4786 1872 4839 ἀπαλλα-

1981 4794 2166 4840 santer
2203 4784 2657 4840 lamentantihus.
2683 4784 2885 4839 Verum
2931 4784 3040 4838 illa:
3078 4784 3340 4854 precibus
3387 4784 3567 4840 sancti

253 4887 478 4955 γεῖσαι,
516 4883 575 4936 αἱ
603 4882 660 4934 δὲ
684 4881 931 4935 λυθεῖσαι
958 4879 1057 4950 τὴν
1087 4880 1375 4950 στείρωσιν
1402 4876 1731 4945 ἐπανῆλθον,
1763 4894 1874 4946 μη-

250 4978 431 5045 τέρες
455 4978 593 5046 μετὰ
622 4974 799 5027 ταῦτα
826 4972 1140 5042 γενόμεναι,
1162 4971 1256 5025 καὶ
1278 4970 1493 5041 καρπὸν
1521 4969 1654 5040 παρ’
1680 4968 1874 5022 ἐλπίδα

258 5068 486 5132 κοιλίας
517 5067 826 5121 ὲπιδιῦσαι.

343 5248 444 5319 ρξ’.
490 5245 655 5315 Ἑξῆς
716 5244 776 5298 δὲ
833 5240 1173 5312 προσάγεταί
1214 5259 1298 5305 τις
1339 5240 1482 5312 ἀνὴρ
1540 5239 1870 5310 ’Δντιοχεὺς,

258 5340 422 5409 αὖτῴ
454 5339 676 5409 μεγέθει
702 5336 952 5405 σώματος
991 5335 1267 5403 μέγιστος,
1301 5334 1398 5387 καὶ
1423 5334 1485 5388 οὐ
1508 5332 1698 5403 πόρρω
1737 5332 1874 5384 πολὺ

261 5432 568 5502 γιγάντων,
590 5429 806 5498 πικροῖς
829 5427 894 5480 τά
908 5444 964 5479 τε
978 5426 1116 5480 ἄλλα
1134 5426 1333 5479 πάθεσι
1347 5426 1441 5477 καὶ
1453 5425 1630 5487 νόσοις
1654 5438 1874 5493 κατειρ-

261 5523 569 5594 γασ,ιένο;,
601 5523 694 5576 καὶ
738 5523 838 5593 τὴν
872 5522 1027 5591 χεῖρα
1061 5519 1230 5590 ξηρὰν
1260 5518 1400 5588 ἔχων
1447 5515 1549 5587 ἤδη
1583 5520 1676 5570 καὶ
1706 5515 1867 5569 οἱονεὶ

259 5615 620 5686 τεθνηκλαν.
656 5614 803 5668 Ἰδὼν
834 5612 1128 5685 τοιγαροῦν
1157 5614 1187 5667 ὁ
1214 5612 1308 5666 τοῦ
1333 5612 1469 5666 Θεοῦ
1483 5610 1668 5673 δοῦλος
1685 5608 1871 5673 αὑτὸν,

261 5717 333 5769 ob
371 5712 586 5773 θεατοῖς
608 5706 931 5778 ὀφθαλμοῖς,
963 5707 1077 5760 ἀλλ’
1106 5706 1156 5759 οῖ
1188 5707 1280 5761 καὶ
1324 5705 1433 5759 τῶν
1463 5703 1674 5774 ἀδήλων
1730 5697 1872 5773 ἦσαν

341 5890 388 5921 ⁸⁸
425 5887 587 5945 Joan.
627 5903 740 5953 xtv,
786 5885 871 5941 l2.

1979 4891 2251 4931 mammas
2294 4876 2618 4931 tuberantes
2668 4876 2923 4945 laetoque
2968 4875 3159 4945 plenas
3199 4882 3563 4941 receperunt;

1979 4965 2104 5021 istae
2136 4967 2432 5036 spiritibus
2462 4965 2677 5021 abactis
2700 4967 2950 5021 liberate
2979 4974 3129 5030 sunt,
3152 4964 3237 5019 ha:
3273 4963 3567 5018 sterilitate

1976 5057 2193 5112 sublata
2236 5067 2604 5121 revertentes,
2637 5067 2846 5117 matres
2877 5057 3035 5113 facta
3065 5067 3218 5123 sunt,
3241 5054 3457 5111 ventris
3479 5052 3567 5109 sui

1974 5148 2159 5203 fructu
2196 5156 2395 5217 praeter
2417 5163 2570 5216 spem
2606 5148 2780 5203 edito.

2048 5241 2174 5296 460.
2207 5241 2357 5297 Alias
2387 5240 2607 5296 sistitur
2638 5244 2723 5295 vir
2747 5241 2974 5313 quidam
3007 5240 3412 5306 Antiochenus,
3443 5254 3567 5295 cor-

1973 5338 2128 5408 poris
2169 5340 2507 5409 proceritate
2537 5336 2814 5389 maximus
2849 5336 2954 5389 ne‘c
2977 5336 3216 5390 multum
3274 5334 3567 5389 dissimilis

1969 5414 2202 5499 gtgauti,
2219 5424 2336 5492 qui,
2357 5418 2553 5492 praeter
2575 5421 2713 5474 alios
2736 5421 2940 5488 quibus
2967 5422 3331 5491 torquebatur
3349 5423 3569 5476 dolores

1970 5538 2035 5577 ac
2084 5523 2329 5584 morbos,
2361 5530 2583 5571 manum
2637 5513 2847 5568 aridam
2906 5515 3139 5569 habebat
3174 5526 3227 5571 et
3256 5516 3368 5587 jam
3410 5515 3566 5585 quasi

1968 5626 2265 5671 mortuam.
2300 5611 2504 5668 Videtis
2548 5608 2696 5663 illum
2752 5608 2843 5663 Dei
2893 5607 3153 5674 famulus,
3193 5625 3301 5665 non
3340 5610 3560 5680 quidem

1969 5705 2147 5761 oculis
2199 5702 2590 5766 cxxerioribus,
2628 5699 2721 5755 sed
2756 5698 3134 5763 interioribus,
3162 5715 3286 5769 qua:
3323 5703 3557 5757 abscon-
