4018 6400
478 377 625 444 3135

1721 371 1783 429 S.
1821 363 2204 427 SYMEONIS
2238 362 2603 424 JUNIORIS

3626 353 3781 421 3136

481 493 600 548 dita
629 496 760 546 sunt
809 485 1153 544 intuentibus
1206 493 1263 539 et
1309 474 1736 555 penetrantibus
1791 479 2044 543 occulta;

2184 474 2303 544 ,ύτῷ
2318 473 2521 532 θεατοί,
2540 470 2636 524 καὶ
2656 467 2764 523 τῶν
2788 467 3118 540 ἀπορρήτων
3142 463 3503 536 ἑρμηνευταὶ,
3526 464 3776 539 Ἕλληνα

480 596 937 656 cognoscensque
989 579 1254 649 gentilem
1309 576 1576 646 religione
1634 591 1794 630 esse:
1846 574 1904 629 Si
1961 575 2067 642 vis,

482 677 687 747 inquit,
708 690 877 730 sanus
905 671 1044 734 fieri,
1068 671 1262 725 invoca
1296 669 1587 723 nobiscum
1626 668 1680 721 in
1712 668 2072 738 simplicitate

481 769 665 825 cordis
689 766 1035 836 unigenitum
1079 763 1177 817 Dei
1208 762 1435 825 Filium,
1465 760 1761 814 Dominum
1812 769 2071 816 nostrum

478 862 667 917 Jesum
688 840 995 921 Christum,
1019 863 1382 924 sanctamque
1404 853 1683 924 Virginem
1706 853 1801 906 Dei
1821 852 2073 907 Genitri-

480 969 622 1020 cem,
651 968 719 1007 ex
756 951 1030 1022 quanasei
1060 950 1236 1004 voluit
1287 947 1593 1004 secundum
1636 961 1886 1008 carnem,
1948 960 2072 999 ere-

481 1048 622 1104 dens
652 1047 707 1100 in
749 1060 920 1099 unum
985 1044 1159 1097 Deum
1212 1042 1433 1096 Patrem
1489 1039 1951 1109 omnipotentem,
2016 1036 2071 1089 in

480 1141 664 1210 ipsum
691 1137 1043 1209 unigenitum
1076 1136 1199 1203 ejus
1224 1133 1451 1197 Filium,
1475 1142 1532 1187 et
1564 1132 1618 1185 in
1639 1119 2071 1185 sanctissimum

478 1248 545 1286 ac
578 1231 948 1284 vivificantem
981 1226 1272 1296 Spiritum.
1331 1223 1549 1278 fallacia
1601 1237 1737 1276 vero
1770 1220 1918 1273 idola
1972 1234 2073 1273 ex-

479 1322 813 1379 secratione
849 1319 1076 1389 publica
1110 1319 1321 1371 devove
1342 1325 1509 1385 atque
1542 1313 1852 1377 detestare;
1893 1318 1950 1364 et
1982 1310 2072 1363 in-

482 1421 767 1483 posterum
805 1409 1015 1465 doloris
1052 1424 1253 1478 expers
1287 1408 1514 1462 futurus
1537 1421 1618 1470 es,
1650 1404 1799 1459 omni
1820 1419 1884 1458 ex
1915 1409 2072 1472 parte

482 1517 730 1560 sanatus.
762 1504 967 1559 Verum
994 1502 1083 1555 ille
1123 1516 1191 1555 ex
1225 1500 1317 1554 his
1348 1499 1515 1554 dictis
1551 1497 1727 1552 nihilo
1761 1495 2072 1564 promptior

483 1594 552 1649 ad
580 1592 920 1649 credendum
948 1590 1149 1654 factus,
1175 1589 1273 1643 sed
1293 1588 1473 1642 fallaci
1498 1602 1610 1641 sua:
1635 1584 2069 1655 perniciosaeque

484 1682 782 1755 gentilitati
840 1680 1202 1752 pertinaciter
1259 1678 1548 1732 adhaerere
1603 1691 1873 1746 pergens,
1941 1672 2072 1727 inde

487 1786 747 1845 tanquam
788 1788 932 1827 onus
963 1771 1163 1826 inutile
1226 1772 1439 1841 eiectus
1487 1779 1594 1834 est,
1648 1769 1790 1823 nihil
1842 1767 2071 1823 omnino

482 1866 605 1936 opis
631 1871 966 1919 consecutus
989 1875 1291 1933 congressu
1341 1874 1463 1914 suo.

557 1988 681 2042 161.
719 1987 857 2041 Cum
888 2000 1024 2039 vero
1082 1984 1141 2038 in
1194 1981 1291 2037 tali
1350 1989 1497 2036 statu
1564 1980 1661 2035 diu
1722 1981 2075 2049 multumque

483 2076 848 2148 perstitisset,
868 2074 1198 2143 videretque
1229 2072 1369 2126 alios
1389 2086 1583 2126 omnes
1611 2080 1887 2140 quotquot
1912 2070 2075 2126 fidem

482 2169 725 2238 amplexi
754 2167 977 2222 fuerant
997 2165 1385 2220 incolumitate
1426 2162 1661 2228 donari;
1717 2162 1825 2216 sibi
1879 2171 2077 2217 contra

487 2278 562 2317 ne
593 2262 866 2316 lantillam
896 2258 1125 2329 quidem
1173 2256 1538 2313 levandorum
1587 2256 1869 2311 malorum
1917 2270 2076 2325 spem

484 2354 754 2424 affulgere
805 2369 819 2406 :
889 2350 1090 2405 nuntio
1159 2349 1515 2405 ethnicorum
1581 2347 2078 2418 superstitionibus

488 2445 727 2500 remisso
750 2486 765 2510 ,
797 2442 1042 2508 Christe,
1062 2442 1264 2511 inquit,
1280 2441 1420 2512 quia
1438 2440 1644 2497 famulo
1670 2449 1767 2494 tuo
1779 2439 2075 2511 Symeone,

485 2550 615 2591 cum
645 2534 792 2588 Deus
817 2548 993 2595 esses,
1016 2531 1338 2602 praedicaris
1351 2546 1420 2586 ex
1449 2540 1638 2585 sancta
1655 2530 1881 2601 Virgine
1908 2529 2077 2584 Maria

484 2634 651 2680 natus
695 2624 900 2690 homo;
947 2623 1017 2678 da
1056 2636 1222 2677 aures
1272 2621 1467 2676 faciles
1512 2620 1778 2691 precibus
1838 2619 1988 2674 illius
2019 2619 2077 2673 in

484 2717 823 2787 adjutorium
856 2731 1064 2771 meum.
1090 2716 1171 2771 lta
1208 2724 1489 2785 precatus,
1535 2723 1646 2768 tam
1693 2713 1896 2767 bellam
1936 2728 2075 2767 con-

483 2809 782 2865 fessionem
846 2823 1003 2863 suam
1055 2806 1404 2877 paenitentiae
1465 2804 1726 2875 lacrymis
1775 2804 2075 2874 gratiorem

484 2897 639 2961 fecit,
674 2907 732 2953 et
752 2896 1055 2967 pristinum
1100 2909 1353 2950 errorem
1383 2902 1708 2948 exsecratus
1763 2900 1868 2947 est.
1916 2891 2076 2958 Quod

484 3005 612 3044 cum
639 2990 967 3061 Symeonem
1004 3003 1117 3043 non
1141 2987 1380 3057 fugeret,
1404 2984 1618 3040 aﬂ‘undi
1653 3000 1852 3053 aquam
1892 2984 2075 3054 jubet,

482 3057 727 3149 latisque
755 3057 1019 3133 inanibus
1044 3076 1159 3132 suis
1194 3076 1470 3130 laboranti
1515 3075 1635 3130 viro
1683 3074 1933 3145 portari:
1978 3073 2073 3144 qui

2174 567 2273 633 τὴν
2297 563 2592 633 θρησκείαν
2614 561 2763 628 ὄντα,
2800 561 2863 613 Εἰ
2899 559 3077 624 Θέλεις
3101 559 3262 628 ὑγιὴς
3284 555 3556 627 γενέσθαι,
3575 562 3771 631 φησιν,

2175 654 2496 709 ἐπικάλεσαι
2524 652 2611 704 διὰ
2633 651 2733 720 τῆς
2760 650 2920 722 ἡμῶν
2946 649 3227 712 εὐτελείας
3251 648 3344 700 τὸν
3370 650 3640 722 μονογενῆ
3668 650 3770 705 τοῦ

2175 747 2311 799 Θεοῦ
2361 747 2504 811 Υίδν,
2539 747 2632 799 τῆν
2674 746 2879 815 Κύριον
2931 744 3089 814 ἡμῶν
3125 742 3331 813 Ἰησοῦν
3380 743 3637 814 Χριστὸν,
3670 746 3777 800 καὶ

2174 841 2273 910 τὴν
2326 839 2488 905 άγίαν
2534 838 2811 908 Παρθένον
2860 838 2956 888 καὶ
2989 836 3274 900 Θεοτόκον,
3309 836 3369 901 ἐξ
3406 831 3475 907 ἦς
3502 837 3777 908 εύδόκησε

2176 932 2505 1001 γεννηθῆναι
2532 932 2595 983 τὸ
2634 931 2778 983 κατὰ
2812 929 3012 999 σάρκα,
3046 929 3323 981 πιστεύων
3371 929 3451 993 εἰς
3488 929 3585 981 ἕνα
3628 930 3776 985 Θεὸν

2173 1012 2401 1094 Πατέρα
2433 1025 2879 1093 παντοκράτορα,
2909 1024 2967 1076 ὲν
2999 1020 3149 1092 αύτῷ
3172 1021 3252 1090 τῷ
3285 1026 3572 1093 μονογενεϊ
3599 1024 3775 1079 αὐτοῦ

2176 1115 2293 1185 Υἰῷ
2330 1155 2345 1176 ,
2379 1118 2473 1168 καί
2498 1115 2577 1184 τῷ
2608 1116 2863 1185 παναγίῳ
2891 1114 2987 1167 καὶ
3034 1113 3289 1184 ζωοποιῷ
3323 1114 3628 1184 Πνεύματι,
3667 1115 3775 1188 τὴν

2176 1208 2269 1260 ἐπὶ
2298 1209 2410 1270 τοῖς
2442 1206 2684 1270 εἰδώλοις
2727 1206 2939 1276 πλάνην
2996 1205 3302 1275 ἀναθέματι
3340 1205 3580 1279 λαμπρῷ
3613 1226 3777 1280 περι..

2176 1297 2409 1356 ϐάλλων,
2441 1300 2534 1351 καὶ
2577 1301 2637 1351 τὸ
2676 1298 2863 1351 λοιπὸν
2910 1296 3135 1361 ἀλύπως
3197 1297 3297 1369 ἔσῃ
3349 1299 3447 1352 καὶ
3508 1301 3777 1373 καθαρῶς

2176 1388 2461 1456 ὑγιαίνων.
2504 1389 2562 1443 '0
2616 1389 2672 1443 δὲ
2725 1389 3189 1460 πειθομένηνούκ
3220 1384 3369 1460 εἶχεν
3409 1392 3509 1461 τὴν
3540 1393 3776 1464 καρδίαν

2173 1484 2289 1544 τοῖς
2314 1480 2655 1551 λεγομένοις,
2687 1481 2826 1534 ἀλλά
2856 1483 2954 1552 τῆς
2978 1483 3191 1545 οἰκείας
3232 1481 3314 1535 ἔτι
3367 1484 3773 1556 περιεχομένην

2174 1573 2394 1641 ἀπάτης
2432 1572 2531 1642 τῆς
2577 1570 2901 1643 Ἑλληνικῆς
2938 1572 3153 1643 ἐκείνης
3176 1573 3270 1626 καὶ
3316 1573 3581 1644 ὀλεθρίου,
3613 1573 3774 1628 ἔνθεν

2173 1681 2255 1717 τοι
2315 1664 2411 1716 καί⁸
2471 1663 2625 1726 κενὸς
2697 1664 2927 1735 ἔρριπτο
2980 1666 3198 1737 φόρτος,
3263 1666 3480 1731 οὐδενὸς
3525 1665 3772 1739 χρηστοῦ

2173 1755 2460 1825 τυγχάνων
2482 1756 2583 1826 τῆς
2606 1756 2983 1828 προσεδρείας.

2254 1968 2387 2041 ρξα’.
2430 1969 2585 2021 Ἐπεὶ
2612 1967 2669 2020 δὲ
2733 1968 2869 2021 πολὺ
2907 1968 3065 2022 τοῦτο
3110 1965 3179 2042 ἦν
3210 1972 3305 2025 καὶ
3343 1974 3504 2044 μέχρι
3545 1974 3778 2045 πολλοῦ,

2183 2063 2277 2114 καὶ
2304 2060 2430 2122 τοὺς
2464 2059 2565 2129 μὲν
2592 2059 2786 2122 ἄλλους
2812 2046 2963 2130 ὶώρα
2986 2061 3196 2125 πάντας
3228 2062 3344 2115 ὅσοι
3375 2065 3557 2118 πίστει
3594 2083 3777 2137 προσ-

2181 2154 2349 2226 ῄεσαν
2374 2156 2472 2225 τὴν
2510 2154 2807 2224 θεραπείαν
2831 2155 3223 2225 κομιζομένους
3247 2171 3263 2186 ⁸
3299 2157 3480 2228 ἑαυτῷ
3507 2157 3565 2210 δὲ
3601 2157 3776 2227 μηδο-

2181 2245 2331 2298 τιοῦν
2408 2244 2547 2316 πρὸς
2610 2244 2933 2315 ἀπαλλαγὴν
2989 2245 3180 2299 κακῶν
3242 2245 3513 2300 τοσούτων
3576 2248 3774 2317 ἐπιση-

2184 2339 2374 2407 μαῖνον
2411 2353 2424 2368 ⁸
2458 2336 2848 2406 ἀπαγορεύσας
2900 2338 2966 2408 τῇ
3008 2337 3118 2389 τῶν
3174 2335 3445 2407 Ἐλλήνων
3478 2336 3772 2408 θρησκεία,

2181 2429 2407 2501 Χριστὲ,
2438 2430 2467 2481 ὁ
2498 2428 2648 2499 παρά
2669 2426 2766 2482 τοῦ
2791 2426 2981 2481 δούλου
3007 2443 3103 2480 σου
3135 2426 3364 2499 Συμεὼν
3394 2430 3458 2481 ἐκ
3481 2428 3580 2498 τῆς
3604 2428 3779 2496 ἁγίας

2181 2521 2465 2593 Παρθένου
2492 2521 2714 2592 Μαρίας
2742 2521 3001 2592 τεχθῆναι
3023 2522 3433 2593 κηρυσσόμενος
3455 2521 3610 2587 Θεὸς,
3639 2521 3775 2592 ἔφη,

2183 2615 2422 2685 πρόσχες
2450 2614 2640 2685 εὐχαῖς
2675 2614 2885 2667 ἐκείνου
2917 2614 2999 2677 εἰς
3020 2613 3119 2683 τὴν
3144 2613 3394 2685 βοήθειάν
3425 2632 3549 2685 μου.
3583 2611 3779 2668 Ταῦτα

2183 2704 2313 2775 ἔφη,
2349 2706 2445 2760 καὶ
2471 2705 2708 2776 δάκρυσι
2743 2705 3034 2776 μετανοίας
3061 2705 3161 2775 τὴν
3196 2706 3373 2776 καλὴν
3400 2705 3608 2777 ταύτην
3632 2723 3780 2759 κατ-

2182 2799 2414 2870 αρτίσας
2467 2798 2759 2869 ὁμολογίαν
2785 2838 2802 2864 ,
2834 2799 3143 2870 ἀναθέματι
3180 2801 3280 2870 τὴν
3308 2802 3581 2872 προτέραν
3604 2798 3780 2853 αὐτοῦ

2181 2890 2365 2943 δίδωσι
2390 2888 2605 2960 πλάνην
2634 2903 2647 2918 ⁸
2681 2890 2819 2959 ὅπερ
2850 2890 2953 2942 ούκ
2985 2892 3330 2961 ἀγνοήσαντα
3367 2892 3456 2944 τὸν
3493 2891 3637 2962 ἱερὸν
3661 2892 3781 2944 Συ-

2186 2981 2333 3052 μεὼν
2361 2977 2507 3050 ὕδωρ
2536 2980 2823 3051 ἐνεχθῆναι
2857 2980 3139 3044 κελεῦσαι,
3167 2983 3261 3036 καὶ
3286 2984 3386 3044 τὰς
3412 2985 3603 3053 χεῖρας
3634 2984 3785 3038 ἀπο-

2181 3072 2474 3144 νιψάμενον
2501 3072 2579 3143 τῷ
2599 3073 2862 3143 πάσχοντι
2880 3074 3223 3143 μεταδοῦναι·
3242 3074 3332 3128 τὸν
3349 3075 3405 3128 δὲ
3423 3074 3781 3146 χρησάμενον

484 3173 579 3229 illa
610 3189 764 3237 usus,
799 3179 951 3228 recte
999 3171 1268 3227 continuo
1299 3170 1527 3235 habere,
1564 3182 1875 3238 manusque
1913 3166 2067 3222 arida

2184 3163 2379 3227 εὐθέως
2449 3163 2849 3234 ἀνορθωθῆναι,
2915 3165 3016 3234 τήν
3097 3182 3156 3219 τε
3216 3166 3386 3237 ξηρὰν
3447 3167 3481 3238 ἢ
3569 3168 3783 3239 νεκράν

483 3275 544 3322 et
567 3275 786 3320 mortua
813 3265 968 3319 velut
991 3263 1324 3318 reviviscere
1349 3275 1414 3315 ac
1435 3275 1639 3315 novum
1671 3258 1905 3313 induere
1930 3257 2082 3328 vigo-

484 3372 638 3424 rem;
669 3367 925 3427 totusque
955 3371 1125 3412 sanus
1148 3372 1260 3410 non
1285 3370 1519 3425 corpore
1539 3362 1775 3419 tantum,
1803 3352 1897 3407 sed
1929 3350 2080 3421 quod

483 3448 665 3520 pluris
690 3457 797 3513 est,
827 3449 1016 3504 animo
1046 3462 1289 3519 quoque,
1333 3446 1561 3502 domum
1606 3458 1881 3507 remeare,
1913 3457 2080 3513 gran-

485 3538 615 3593 dius
649 3539 982 3594 benefieium
1041 3552 1212 3609 quam
1248 3544 1573 3608 speraverat
1628 3539 2080 3603 exspectaverat-

483 3643 593 3698 que
610 3628 864 3698 adeptus.

563 3755 681 3809 162.
710 3754 995 3825 Superiori
1034 3754 1277 3825 quodam
1310 3754 1478 3809 modo
1507 3751 1669 3807 aliine
1700 3760 1789 3807 est
1832 3750 1888 3807 id
1928 3750 2079 3822 quod

484 3846 736 3917 proxime
804 3847 1085 3917 sequitur,
1150 3847 1368 3916 reliqua
1421 3860 1555 3899 vero
1607 3844 1786 3899 multo
1845 3846 2077 3915 majora.

483 3939 643 3995 Alius
664 3939 890 4009 quidam
933 3940 1181 4011 gentilis,
1223 3939 1319 4009 qui
1381 3947 1438 3993 et
1488 3937 1605 4008 ipse
1656 3936 2077 3992 idololatrarum

483 4033 773 4088 erroribus
818 4033 1100 4096 imbutus,
1139 4030 1474 4102 paralyticos
1516 4037 1638 4085 erat
1675 4048 1688 4084 :
1720 4029 1988 4084 advectus
2008 4028 2078 4083 ad

484 4123 838 4195 Symeonem,
863 4123 1213 4193 professione
1252 4122 1380 4177 fidei
1402 4121 1732 4178 Christiana:
1756 4121 1928 4190 (bono
1970 4120 2081 4176 uti-

483 4233 615 4287 que,
646 4233 752 4272 nec
780 4218 973 4272 labore
1030 4231 1134 4271 nec
1185 4216 1366 4285 pretio
1406 4213 1793 4285 comparabili)
1841 4213 2078 4268 salutem

483 4316 820 4362 consecutus
873 4315 960 4361 est
988 4305 1289 4374 duplicem,
1346 4320 1523 4375 eoque
1577 4303 1754 4373 magis
1800 4301 2078 4356 aestiman-

485 4399 633 4461 dam,
662 4408 870 4468 quanto
899 4400 1071 4467 pluris
1103 4408 1189 4455 est
1203 4399 1388 4454 anima
1416 4413 1585 4468 quam
1611 4410 1843 4465 corpus.
1869 4395 2076 4450 Verum

2185 3258 2403 3328 ἐκείνην
2484 3259 2645 3328 χεῖρα
2709 3254 2822 3311 οἷον
2896 3258 3199 3312 ἀναϐιῶναι
3224 3297 3239 3321 ,
3294 3261 3391 3314 καὶ
3473 3261 3782 3333 ἀναθῆλαι,

2184 3348 2281 3403 καὶ
2337 3348 2464 3419 ὑγιῆ
2523 3349 2584 3400 ού
2642 3348 2803 3418 σῶμα
2853 3347 3018 3419 μόνον
3068 3350 3209 3403 ἀλλά
3261 3350 3358 3406 καὶ
3390 3350 3648 3422 «lanxth
3678 3354 3784 3407 καὶ

2185 3440 2505 3511 σωματικῆς
2540 3440 2730 3508 ὑγείας
2767 3439 2965 3512 μακρῷ
2997 3440 3201 3512 μεῖζον,
3222 3442 3412 3497 οἴκαδε
3445 3445 3777 3513 ἀφικέσθαι,

2182 3531 2363 3601 πολλῴ
2416 3532 2512 3585 τοῦ
2568 3531 2917 3599 ὲλπισθέντος
2954 3533 3164 3604 ἀγαθοῦ
3221 3534 3406 3590 πλεῖον
3453 3535 3687 3591 λαϐόντα
3715 3538 3785 3592 τὸ

2183 3624 2614 3694 ἀπροσδόκητον.

2256 3751 2391 3823 ρξβν.
2424 3753 2695 3821 Συγγενὲς
2722 3754 2802 3827 τῷ
2831 3757 3112 3830 εἰρημένῳ
3155 3758 3219 3812 τὸ
3249 3758 3596 3831 ἐπαγόμενον
3644 3762 3786 3832 ἄχρι

2180 3844 2347 3907 τινὸς,
2385 3842 2455 3897 τὰ
2500 3844 2545 3896 δ’
2568 3843 2695 3914 ἑξῆς
2750 3845 2965 3913 τούτου,
3008 3850 3234 3919 μείζονα
3297 3849 3483 3922 πολλῷ.
3525 3850 3622 3904 καί⁵
3676 3850 3784 3904 τοῦ

2182 3935 2566 4006 προλαϐόντος.
2602 3936 2805 4008 Ἕλλην
2844 3940 2953 4010 γάρ
2977 3956 3063 4003 τις
3092 3941 3306 4013 ἔτερος,
3339 3945 3443 4012 τῆς
3486 3942 3787 4014 εἰδωλικῆς

2183 4025 2397 4095 πλάνης
2467 4026 2564 4078 καὶ
2633 4021 2811 4092 οὗτος,
2876 4030 3192 4105 παράλυτος
3256 4032 3408 4102 αύτῷ
3468 4032 3785 4102 κομισθεὶς,

2181 4120 2284 4188 τῆς
2331 4121 2413 4183 εἰς
2468 4120 2707 4189 Χριστὸν
2763 4121 2859 4173 καὶ
2901 4123 3063 4186 αὐτὸς
3124 4124 3383 4192 πίστεως,
3439 4124 3788 4196 πράγματος

2181 4210 2424 4281 ἀμόχθου
2455 4214 2551 4266 καὶ
2571 4213 2850 4267 ἀδαπάνου
2875 4253 2890 4277 ,
2928 4216 3205 4285 σωτηρίαν
3237 4217 3433 4289 διπλῆν
3464 4218 3783 4287 πορίζεται,

2181 4300 2578 4373 ἢπολλαπλῆν,
2613 4303 2642 4355 ὃ
2686 4305 2784 4357 καὶ
2818 4304 3043 4374 μᾶλλον,
3084 4309 3195 4378 ὅσῳ
3228 4309 3325 4361 καὶ
3355 4308 3456 4378 τῆς
3500 4308 3687 4379 ψυχῆς
3714 4313 3786 4363 τὸ

2179 4392 2459 4463 διάφορον.
2505 4394 2644 4447 Ἀλλ’
2669 4391 2737 4467 ἦν
2774 4397 2982 4467 ἔσχατα
3023 4399 3194 4453 νοσῶν
3245 4400 3395 4471 αύτῷ
3436 4404 3529 4455 καὶ
3555 4403 3695 4468 υίὸς,
3716 4404 3784 4456 ὃν

483 4497 607 4545 erat
648 4490 725 4543 illi
753 4490 899 4544 filius
922 4505 1165 4559 quoque,
1198 4489 1527 4560 gravissima
1572 4485 1903 4557 egritudine
1952 4484 2071 4540 fere

2186 4486 2287 4585 ουκ
2315 4487 2477 4550 αὐτὸς
2511 4488 2693 4557 μόνος,
2734 4490 2870 4544 ἀλλὰ
2905 4482 2999 4543 καὶ
3041 4493 3074 4562 ή
3113 4499 3297 4565 μήτηρ
3344 4495 3605 4558 λαϐόντες
3630 4535 3647 4558 ,
3677 4495 3781 4565 ἡδὺ

485 4577 833 4647 desperatus,
875 4594 1043 4648 quem
1079 4589 1197 4633 tum
1235 4580 1357 4649 ipse
1393 4587 1510 4631 tum
1547 4587 1726 4632 mater
1769 4576 2070 4642 sublatum,

486 4670 649 4726 dulce
679 4672 909 4741 utrique
965 4672 1207 4742 pondus,
1263 4671 1332 4725 ad
1389 4678 1650 4723 sanctum
1721 4667 2074 4723 aﬂ'erebant:

486 4763 586 4818 sed
617 4763 897 4819 initinere
953 4780 1092 4834 puer
1150 4763 1392 4817 animam
1432 4760 1701 4823 reddidit,
1751 4760 2079 4830 parentibus

450 4928 459 4939 .
490 4855 755 4910 acerbum
781 4856 1097 4921 decessum,
1138 4855 1221 4909 uti
1252 4852 1388 4924 ipsis
1410 4867 1530 4908 mos
1563 4862 1670 4920 est,
1716 4854 2078 4909 lamentanti-

484 4947 610 5002 bus.
637 4947 776 5003 Cum
821 4962 977 5013 vero,
1028 4947 1142 5018 jam
1192 4945 1452 5016 persuasi
1506 4945 1647 5000 nihil
1701 4946 1760 5001 in
1803 4947 2079 5003 ulteriore

484 5040 689 5096 itinere
775 5042 899 5112 opis
970 5054 1286 5110 superesse,
1365 5039 1791 5096 constituissent
1847 5040 2076 5095 domum

484 5133 744 5205 regredi,
783 5131 920 5187 illud
953 5131 1099 5201 patri
1125 5133 1181 5186 in
1232 5140 1476 5187 mentem
1522 5132 1715 5188 venit:
1746 5131 1932 5199 Quid?
1978 5132 2077 5203 qui

458 5200 575 5281 ime
615 5226 984 5297 paralyticum
1009 5233 1065 5280 et
1097 5224 1307 5295 portari
1364 5241 1592 5282 necesse
1638 5226 1938 5282 habentem
1981 5200 2082 5281 ro-

482 5320 727 5383 beravit,
760 5329 818 5374 et
856 5317 1061 5387 pedum
1085 5319 1577 5389 membrorumque
1604 5319 1855 5375 omnium
1913 5335 2075 5376 usum

484 5411 756 5476 restituit,
782 5425 969 5465 nonne
987 5412 1193 5481 poterit
1226 5412 1378 5468 hunc
1425 5428 1647 5485 quoque
1678 5414 1854 5469 filium
1886 5429 2073 5470 meum

482 5502 828 5558 resuscitare
844 5501 868 5555 ?

553 5611 677 5667 165.
714 5611 948 5670 Talibus
978 5614 1164 5670 animo
1203 5615 1408 5671 volutis
1440 5616 1713 5686 uxorique
1765 5618 2078 5672 communi-

489 5702 653 5769 catis,
679 5714 972 5761 resumunt
993 5705 1100 5762 iter
1148 5722 1346 5764 versus
1391 5719 1665 5773 sanetum,
1722 5724 1918 5779 magna
1964 5726 2076 5766 non

484 5795 649 5852 modo
665 5812 760 5869 spe
779 5798 924 5870 fulti,
944 5799 1042 5857 sed
1065 5801 1232 5857 etiam
1255 5802 1497 5858 roborati
1526 5802 1652 5861 fide.
1675 5803 1904 5874 Jamque
1935 5806 2067 5861 sub-

2186 4578 2415 4650 φόρημα
2472 4579 2730 4642 τεκοῦσι,
2773 4583 3147 4654 προσφέρουσι
3197 4584 3277 4655 τῷ
3341 4586 3506 4656 ἁγίῳ.
3551 4587 3781 4653 Μεταξὺ

2181 4670 2243 4723 δὲ
2266 4675 2368 4742 τῆς
2418 4672 2645 4742 πορείας
2671 4714 2686 4739 ,
2716 4674 2924 4743 οἴχεται
2974 4676 3072 4745 μὲν
3102 4678 3131 4729 ό
3162 4676 3276 4741 υίὸς
3318 4678 3420 4747 τὴν
3452 4678 3785 4731 τελευταίαν

2183 4764 2402 4832 γονεῦσι
2428 4766 2525 4817 καὶ
2550 4765 2759 4837 πικρὰν
2780 4766 3052 4836 ἐκδημίαν
3070 4783 3084 4796 ο
3112 4767 3209 4821 καὶ
3235 4767 3531 4838 θρηνοῦσιν
3563 4769 3734 4823 αὑτὸν
3764 4813 3782 4834 ,

2181 4857 2283 4910 ὅσα
2341 4856 2582 4922 πατράσι
2627 4858 2812 4929 νόμος.
2846 4858 3140 4929 Οἰηθέντες
3171 4860 3228 4912 δὲ
3271 4859 3546 4931 μηδεμίαν
3586 4862 3786 4925 αὐτοῖς

2180 4949 2291 5002 ἀπὸ
2311 4948 2408 5003 τοῦ
2430 4948 2526 5003 νῦν
2557 4949 2746 5019 ὄνησιν
2771 4947 2915 5006 εἶναι
2944 4954 3045 5022 τῆς
3079 4954 3162 5013 είς
3187 4951 3396 5007 ἐκεῖνον
3422 4950 3569 5019 ὁδοῦ,
3597 4951 3781 5019 ἔγνω-

2185 5058 2285 5094 σαν
2323 5041 2507 5095 οίκαδε
2567 5042 2948 5113 ἀναστρέφειν,
3005 5039 3123 5096 εἶτα
3173 5045 3354 5100 ἐκεῖνο
3406 5044 3500 5098 τδν
3557 5043 3787 5114 πατέρα

2182 5134 2490 5205 εἰσέρχεται
2515 5175 2530 5198 ,
2554 5134 2629 5199 ὡς
2659 5136 2769 5207 ἄρα
2804 5135 2865 5189 '0
2908 5136 3240 5208 παρειμένον
3268 5139 3371 5209 ἐμὲ
3400 5137 3496 5191 καὶ
3532 5137 3786 5209 φερόμε-

2186 5244 2347 5298 μενον
2391 5228 2591 5301 ῥώσας,
2623 5231 2713 5284 καὶ
2749 5231 2987 5301 χρῆσθαι
3023 5232 3097 5304 μὴ
3131 5232 3262 5285 ποσὶ
3304 5232 3489 5303 μόνον,
3513 5230 3785 5288 ἀλλὰκαὶ

2183 5322 2319 5375 πᾶσι
2350 5322 2536 5391 μέλεσι
2582 5319 3065 5395 παρασχὼν,ἦπου
3111 5322 3335 5388 δυνατὸς
3357 5316 3514 5387 οὗτος
3557 5321 3655 5376 καὶ
3682 5320 3784 5376 τὸν

2186 5414 2300 5469 υἰδν
2319 5415 2648 5485 ἀναστῆσαι.

2260 5623 2394 5694 ρξγ⁸.
2424 5620 2610 5676 Ταῦτα
2637 5619 2760 5674 καθ’
2784 5618 2982 5673 ἑαυτὸν
3005 5617 3312 5687 διανοηθεὶς
3340 5616 3437 5671 καὶ
3459 5617 3525 5688 τῇ
3546 5574 3788 5684 γυναικὶ

2184 5715 2734 5784 κοινολογησάμενος,
2789 5712 3099 5766 στέλλονται
3132 5710 3234 5783 τὴν
3295 5709 3450 5783 παρὰ
3488 5707 3582 5762 τὸν
3612 5708 3779 5775 ἅγιον

2184 5805 2359 5873 αὖθις,
2388 5803 2526 5875 μετά
2549 5803 2803 5875 τοιαύτης
2836 5803 2936 5857 οὐκ
2962 5801 3177 5866 ἐλπίδος
3202 5801 3366 5873 μόνον
3392 5798 3529 5856 ἀλλὰ
3552 5797 3648 5854 καὶ
3675 5795 3773 5852 πί-
