4018 6386
140 5505 182 5531 ul

166 424 319 490 313‘!

1230 415 1409 477 VITA
1448 413 1497 471 A
1536 404 1983 470 NICEI‘IIORO
2026 368 2519 468 CONSCRIPTl’i.

3355 404 3500 467 3138

169 552 381 600 στεως.
413 533 555 606 Ἤδη
585 532 643 587 δὲ
676 531 777 602 τὴν
805 531 974 601 μονὴν
1010 527 1293 590 εἰσιοῦσιν,
1325 527 1483 597 ἔτυχέ
1510 542 1634 579 τινα
1671 540 1777 593 μα-
1808 564 1815 580 ε

1920 520 2042 573 bant
2065 521 2459 573 monasterium
2485 559 2499 584 ,
2530 533 2656 572 cum
2688 517 2829 572 forte
2860 516 3254 588 magistrianus
3286 514 3497 584 (42-45)

163 626 506 701 γιστριανὸν
548 623 941 695 ὑπαντήσαντα
1001 622 1212 683 τούτοις
1260 621 1478 691 ἐπέχειν
1526 618 1625 689 τὴν
1671 617 1784 671 εἴσ-

160 723 322 789 οδον,
374 720 636 793 περιττὸν
689 714 830 771 εἶναι
883 717 1113 783 λέγοντα
1152 715 1244 766 καὶ
1288 713 1388 766 οὐκ
1437 708 1695 781 εὔκαιρον
1725 709 1785 762 τὸ

156 816 503 887 γινόμενον.
550 813 613 865 El
649 812 756 880 γὰρ
797 808 890 861 καὶ
922 809 1057 859 πᾶσι
1088 806 1293 876 Κύριος
1327 804 1495 871 ἐγγὺς
1520 805 1633 864 τοῖς
1665 804 1784 855 ἐπι-

162 906 557 977 καλουμένοις
588 904 752 957 αῦτδν
782 902 838 954 ἐν
868 898 1119 969 ἀληθείᾳ,
1160 898 1257 949 καὶ
1305 894 1519 964 θέλημα
1552 893 1662 946 τῶν
1691 910 1785 961 φο-

164 999 477 1070 ϐουμένων
529 995 691 1050 αὑτὸν
741 991 848 1046 οἶδε
884 993 1081 1055 ποιεῖν,
1126 990 1263 1043 ἀλλὰ
1303 988 1481 1058 ψυχὴν
1513 987 1662 1052 ἅπαξ
1690 985 1783 1038 τοῦ

169 1092 449 1162 σώματος
477 1089 868 1157 ἐκδημήσασαν
912 1082 1255 1153 ἀναστρέψαι
1285 1082 1450 1133 πάλιν
1479 1080 1781 1150 ἀμήχανον.

173 1188 377 1254 Ὅπερ
406 1185 500 1238 τὸν
537 1183 678 1236 θεῖον
725 1180 894 1249 ἄνδρα
940 1179 1016 1249 μὴ
1060 1179 1407 1247 ἀγνοήσαντα
1447 1174 1567 1227 ὅλον
1599 1172 1789 1226 ἑαυτὴν

175 1281 494 1342 συντεῖναι,
549 1277 641 1329 καὶ
684 1274 819 1345 πρὸς
848 1273 979 1325 Θεδν
1017 1274 1077 1325 οὐ
1106 1274 1295 1343 χεῖρας
1329 1269 1489 1339 μόνον
1532 1267 1665 1319 ἀλλᾶ
1698 1266 1791 1318 καὶ

171 1372 429 1442 καρδίας
461 1370 775 1439 ὀφθαλμοὺς
796 1368 1172 1431 ἀνατείναντα,
1205 1364 1430 1436 Χριστὲ,
1457 1362 1645 1431 φάναι,
1681 1363 1792 1415 [Ια-

176 1465 324 1535 τρδς
360 1463 601 1532 ἀνάρκω
636 1460 731 1517 Υἱὲ
763 1458 1071 1528 μονογενὲς.
1102 1458 1189 1525 ἐφ’
1213 1455 1272 1509 ὃν
1300 1456 1393 1508 καὶ
1422 1451 1792 1517 πεπιστεύκσι⁴

178 1576 291 1628 μεν
322 1556 423 1609 καὶ
461 1553 824 1621 πεποίθαμεν,
860 1553 891 1620 ἡ
915 1551 1143 1620 δύναμις
1172 1549 1333 1620 ἡμῶν
1359 1548 1453 1600 καὶ
1478 1544 1792 1615 καταφυγὴ,

175 1652 245 1704 οὐ
282 1650 383 1711 σὸς
411 1646 648 1718 ἀψευδὴ;
680 1646 859 1711 λόγος,
890 1645 952 1696 οὐ
994 1642 1062 1712 σὴ
1093 1642 1228 1712 πρὸς
1259 1642 1385 1702 τοὺς
1420 1638 1666 1709 μαθητὰς
1695 1639 1794 1689 ἐπ-

182 1740 474 1810 αγγελία·
526 1740 672 1793 Ἐὰν
709 1737 887 1805 ἔχητε
931 1735 1159 1800 πίστιν,
1201 1732 1384 1787 οὐδὲν
1426 1729 1798 1796 ἀδυνατήσει

176 1835 381 1905 ὑμῖν;
421 1831 605 1885 Ταῦτα
640 1831 775 1896 πρὸς
806 1828 937 1881 Θεὸν
972 1826 1153 1898 ἡσυχῆ
1200 1825 1472 1896 διελέχθη,
1503 1826 1594 1878 καὶ
1621 1822 1682 1876 τὸ
1715 1841 1797 1876 νε-

178 1927 334 1997 κρὸν
372 1922 471 1976 τοῦ
502 1922 688 1984 παιδὸς
739 1920 899 1990 σῶμα
935 1920 1042 1990 πρὸ
1067 1916 1233 1970 αὑτοῦ
1267 1917 1495 1987 τεθῆναι
1533 1914 1798 1978 κελεύσας

175 2017 413 2087 γόνατά
445 2032 504 2067 τε
540 2013 676 2074 θεὶς,
708 2013 804 2065 καὶ
844 2010 1045 2073 ἱκανῶς
1069 2007 1538 2079 προσευξάμενος,
1571 2003 1692 2061 εἶτα
1725 2007 1803 2061 δι-

176 2110 449 2172 αναστὰς
501 2107 781 2179 θαρραλέα
836 2105 974 2175 πρὸς
1024 2103 1114 2156 τῦν
1153 2103 1407 2173 κείμενον
1445 2101 1701 2174 γλώττῃ,
1746 2102 1804 2154 Ὀ

176 2205 451 2266 καλέσας
483 2201 860 2271 τετραήμερον
900 2192 965 2251 ἐδὶ
991 2199 1163 2268 τάφου
1190 2197 1463 2269 Λάζαρον,
1498 2196 1625 2267 ἔφη,
1651 2195 1807 2250 καλεῖ

183 2314 249 2349 σε
294 2296 374 2347 δι’
408 2294 544 2364 ἐμοῦ
594 2288 688 2345 τοῦ
736 2292 923 2345 δούλου
970 2289 1160 2345 αὐτοῦ.
1202 2291 1312 2344 Καὶ
1355 2290 1701 2362 παραχρῆμα
1742 2286 1808 2357 (ὣ

178 2387 344 2442 Θ;οὖ
370 2385 719 2447 δυκαστείαςῑ
748 2382 793 2435 ῶ
816 2382 1053 2435 ἀϐύσσου
1080 2382 1478 2455 χρηστότητοςι
1516 2380 1561 2435 ὣ
1594 2380 1687 2434 κα1⁵
1712 2380 1808 2433 αὐ-

177 2485 311 2545 τοῖς
350 2479 655 2548 ὀξθαλμοῖς
691 2478 921 2531 ἀπίστου
949 2476 1042 2531 καὶ
1072 2476 1336 2531 ἀπιθάνου
1363 2475 1635 2546 θεάματος
1655 2475 1691 2545 1)
1729 2474 1807 2527 δι-

180 2576 415 2642 ανέστη
461 2572 678 2623 πάντων
726 2568 1001 2639 ὁρώντων,
1039 2569 1134 2624 καὶ
1188 2567 1297 2633 ζῶν
1340 2569 1454 2631 τοῖς
1486 2566 1737 2621 τεκοῦσιν
1780 2568 1809 2619 ὁ

182 2665 407 2735 νεκρὸς
436 2662 765 2727 ἀποδίδοται,
796 2660 981 2732 θαῦμα
1008 2662 1069 2714 οὐ
1108 2660 1268 2731 μόνον
1300 2659 1361 2714 οὐ
1392 2660 1640 2730 χωρητὸν
1671 2660 1807 2730 ἀκοῇ

191 2758 278 2830 μὴ
321 2756 572 2827 τυχούσῃ
618 2755 718 2823 τῆς
763 2753 890 2816 θέας
923 2795 936 2815 ,
972 2753 1087 2807 ἀλλ’
1118 2752 1241 2807 οὐδὲ
1286 2751 1587 2824 ὀφθαλμοῖς
1641 2750 1809 2805 ἰδοῦσι

194 2850 385 2905 τειστὰ
423 2847 622 2919 μικροῦ
654 2845 942 2916 τιθέμενον
964 2845 1033 2898 τὰ
1054 2844 1326 2917 ὁρώμενα.

1896 610 2120 681 quidam
2155 610 2374 663 obviam
2418 610 2619 672 factus,
2653 617 2808 662 arcet
2838 606 2963 660 illos
3015 606 3268 671 introitu,
3307 622 3499 677 supel-

1894 717 2207 757 vacaneum
2236 701 2500 756 dictitans
2542 709 2598 753 et
2632 709 2814 754 aetum
2848 714 3012 769 agere
3045 717 3058 751 :
3100 699 3317 753 tametsi
3349 699 3497 753 enim

1894 810 2064 865 prope
2117 794 2191 848 sit
2250 795 2518 849 Dominus
2570 791 2831 846 omnibus
2880 791 3271 845 invocantibus
3322 806 3382 845 se
3442 791 3497 844 in

1890 886 2146 949 veritate,
2211 895 2269 939 et
2320 885 2663 938 voluntatem
2723 882 3036 936 timentium
3087 897 3146 935 se
3200 881 3375 935 soleat
3417 880 3466 933 fa

1890 994 2020 1033 cere
2047 999 2058 1032 :
2089 976 2453 1031 nihilominus
2473 976 2711 1029 animam
2735 989 2968 1043 corpore
2995 974 3164 1027 semel
3193 987 3469 1043 egressam

1891 1085 1960 1124 co
1996 1067 2336 1138 postliminio
2389 1067 2593 1121 reverti
2622 1082 2913 1145 punquam
2962 1081 3146 1134 posse.
3197 1064 3335 1118 Cum
3381 1063 3499 1119 haec

1893 1164 2185 1234 perspicue
2220 1164 2593 1216 innotuissent
2632 1162 2755 1215 viro
2808 1162 2945 1226 Dei,
3003 1169 3177 1214 totum
3222 1175 3279 1214 se
3316 1160 3499 1212 inten-

1895 1257 2052 1321 dens,
2085 1256 2282 1310 levatis
2333 1256 2398 1309 ad
2424 1255 2624 1309 cmlum
2658 1253 2920 1307 manibus
2954 1252 3264 1320 mentisque
3302 1252 3499 1314 oculis,

1897 1348 2137 1410 Christe,
2171 1348 2392 1417 inquit,
2426 1347 2606 1401 Patris
2643 1346 2918 1416 principio
2971 1346 3214 1399 carentis
3250 1344 3502 1413 unigeni-

1898 1450 1988 1495 tus
2018 1441 2208 1505 Filius,
2248 1442 2303 1493 in
2357 1455 2522 1513 quem
2560 1447 2616 1491 et
2645 1438 2925 1492 credimus
2954 1449 3010 1490 ct
3050 1450 3358 1505 speramus,
3393 1436 3504 1487 vir-

1900 1546 1988 1589 tus
2016 1543 2071 1588 et
2102 1534 2374 1604 refugium
2411 1540 2663 1586 nostrum
2689 1573 2703 1595 ,
2742 1547 2854 1584 non
2917 1530 3054 1583 fallit
3084 1530 3314 1582 verbum
3348 1538 3522 1596 tuum,

1900 1642 2004 1681 nec
2048 1626 2349 1697 promissio
2377 1623 2666 1693 discipulis
2698 1622 2837 1677 facta
2872 1641 2884 1675 :
2917 1620 2973 1676 Si
3007 1622 3298 1675 habueritis
3322 1621 3501 1689 ﬁdem,

1900 1719 2082 1770 omnia
2110 1713 2546 1785 vobis'possibilia
2582 1722 2706 1767 sunt
2738 1714 2802 1766 ³⁸.
2837 1713 2964 1766 "me
2997 1728 3122 1766 cum
3155 1713 3263 1765 Deo
3290 1719 3504 1764 secreto

1904 1810 2235 1872 collocutus,
2262 1807 2500 1875 imperat
2525 1806 2681 1875 pueri
2708 1804 2945 1857 cadaver
2967 1813 3093 1857 ante
3123 1819 3181 1856 se
3206 1802 3355 1870 poni;
3386 1811 3501 1854 tum

1830 1880 1873 1935 Β
1902 1901 2137 1972 genibus
2184 1899 2384 1970 positis
2412 1897 2627 1968 prolixe
2680 1895 2882 1958 oravit,
2940 1910 3288 1965 surgensque
3329 1892 3505 1946 conﬁ-

1904 1995 2057 2051 denti
2086 2008 2221 2048 voce
2246 2000 2467 2046 mortuo
2497 1988 2636 2044 dixit
2664 2007 2675 2040 :
2700 1988 2804 2052 Qui
2828 1987 3271 2057 quadriduanum
3300 1984 3508 2039 excivit

1907 2104 1938 2144 e
1960 2086 2220 2158 sepulcro
2238 2084 2532 2146 Lazarum,
2560 2089 2830 2141 evocatte
2853 2096 2950 2150 per
2971 2095 3059 2134 me
3077 2094 3297 2133 servum
3321 2093 3506 2131 suum.

1907 2156 2381 2249 Necvinterposita
2407 2190 2561 2230 mora
2593 2184 2699 2237 est,
2735 2169 2911 2242 surgit
2938 2177 2993 2234 (ο
3022 2170 3320 2241 potentiam
3363 2156 3515 2223 divi;

1909 2273 2071 2328 nam!
2110 2288 2143 2326 ο
2177 2268 2443 2325 bonitatis
2467 2266 2757 2338 abyssum!
2794 2280 2826 2318 ο
2860 2263 3261 2334 spectaculum,
3309 2260 3510 2314 viden-

1915 2364 2064 2418 tibus
2080 2361 2246 2417 etiam
2271 2358 2444 2414 oculis
2463 2353 3071 2428 persuasucredituque
3091 2350 3514 2414 diﬂicile!),sur—

1915 2455 1993 2526 git
2021 2451 2468 2523 inspectantibus
2494 2447 2733 2511 cunctis,
2759 2452 2816 2500 et
2844 2445 3004 2499 vivus
3037 2443 3364 2513 parentibus
3394 2442 3512 2496 suis

1913 2545 2190 2601 redditur.
2221 2541 2364 2597 Illud
2397 2540 2650 2611 profecto
2680 2539 3009 2593 miraculum
3055 2545 3161 2597 est,
3196 2535 3348 2605 quod
3395 2550 3510 2589 non

1914 2637 2145 2693 auribus
2176 2634 2342 2688 modo
2383 2648 2579 2687 eorum
2626 2630 2721 2700 qui
2759 2630 2840 2682 rei
2886 2639 3053 2699 geste.
3089 2644 3200 2681 non
3246 2626 3513 2681 interfue—

1916 2736 2084 2795 runt,
2124 2725 2222 2782 sed
2276 2724 2411 2794 ipsis
2456 2736 2679 2791 quoque
2713 2720 3063 2774 intuentibus
3101 2734 3287 2772 coram
3334 2716 3514 2772 oculis

1919 2816 2482 2892 incomprehensibile
2505 2814 2748 2878 videtur,
2779 2820 2970 2884 utpote
3006 2810 3386 2882 magnitudine
3410 2823 3513 2863 sua

1923 2915 2091 2971 ﬁdem
2145 2912 2434 2969 oculorum
2466 2923 2759 2977 superans.

1661 3080 1890 3138 CAPUT
1928 3078 2077 3137 XXI.

973 3196 1335 3269 Paralyticus,
1371 3197 1590 3264 surdus,
1643 3205 1842 3262 mulus,
1900 3196 2156 3267 furiosus,
2214 3192 2438 3248 claudus
2485 3199 2768 3244 curantur.

281 3311 426 3385 ρξδο.
467 3311 632 3367 Οῦπω
666 3312 822 3377 τέλος
850 3306 964 3384 εἶχε
997 3313 1061 3366 τὸ
1101 3312 1311 3367 τοιοῦτο
1346 3312 1476 3383 περὶ
1503 3310 1596 3367 τὸν
1621 3312 1816 3382 νεκρὸν
1844 3316 1888 3374 c

196 3405 415 3476 θαῦμα
439 3405 517 3477 τῷ
542 3403 790 3476 Συμεὼν,
813 3406 905 3458 καὶ
938 3408 1322 3476 προσήνεγκαν
1351 3404 1638 3477 ἄνθρωπον
1671 3402 1822 3475 αὐτῷ

201 3497 636 3566 συγκύπτοντα,
666 3498 760 3552 καὶ
781 3498 842 3550 οὐ
878 3498 1039 3568 μόνον
1067 3496 1319 3564 οὐδαμῶς
1345 3496 1624 3566 ἀνακύψαι
1657 3495 1822 3549 δυνά-

203 3606 414 3662 μενον,
453 3587 588 3641 ἀλλὰ
630 3587 728 3642 καὶ
763 3587 1032 3659 τράχηλον
1063 3589 1157 3642 καὶ
1188 3586 1453 3657 κεφαλὴν,
1489 3588 1583 3641 καὶ
1618 3586 1737 3640 ὅλον
1762 3587 1822 3640 τὸ

201 3685 391 3753 σῶμα
446 3680 586 3734 οὕτω
622 3681 1039 3750 πεπεδημένον,
1098 3681 1173 3742 ὡς
1224 3680 1346 3750 μηδ’
1375 3680 1484 3749 ὅτῳ
1525 3676 1619 3732 οῦν
1672 3679 1823 3750 μέλει

201 3774 489 3830 δύνασθαι
517 3773 756 3844 χρῆσθαι
779 3790 792 3804 ⁸
825 3772 886 3837 ὃς
914 3773 1104 3826 τοῦτον
1141 3772 1283 3837 ἰδὼν,
1314 3770 1521 3843 ἐλεεινῇ
1568 3772 1645 3835 ὠς
1678 3766 1824 3841 εἶχεν

204 3869 361 3922 ἐϐόα
390 3869 567 3935 φωνῇ,
607 3865 860 3936 Ἐλέησόν
887 3883 976 3935 με,
1004 3863 1159 3918 δοῦλε
1178 3862 1272 3917 τοῦ
1299 3863 1435 3917 Θεοῦ
1459 3863 1552 3916 τοῦ
1575 3863 1821 3932 ὑψίστου.

216 3961 287 4013 Ὀ
329 3958 390 4010 δὲ
420 3961 577 4028 χεῖρα
617 3956 695 4028 τῷ
736 3956 997 4028 τραχήλῳ
1042 3957 1138 4011 τοῦ
1187 3957 1381 4029 ἀνδρὸς
1425 3956 1654 4019 ἐπιθεὶς,
1704 3956 1826 4009 ἐπι-

206 4052 428 4119 κλήσει
460 4050 579 4119 θείᾳ
611 4049 1047 4120 δυναμουμένην,
1071 4050 1240 4120 ἀνῆκε
1271 4050 1370 4120 τῆς
1388 4048 1629 4118 ἀφύκτου
1658 4047 1826 4117 πέδης

207 4144 451 4213 ἐκείνης
475 4143 571 4213 τὴν
597 4143 861 4216 κεφαλὴν,
896 4140 1015 4196 εἶτα
1036 4145 1101 4214 τῇ
1129 4144 1265 4213 αὐτῇ
1294 4142 1483 4196 τοῦτον
1509 4141 1653 4212 χειρὶ
1683 4141 1827 4195 κατὰ

207 4236 407 4289 νώτου
436 4234 638 4297 παίσας
661 4234 796 4305 ὁμοῦ
822 4237 888 4304 τῇ
911 4234 1093 4304 πληγῇ
1121 4235 1216 4288 καὶ
1239 4233 1336 4304 τὴν
1363 4221 1471 4286 τῶν
1498 4233 1699 4286 ὀδυνῶν
1722 4236 1829 4287 ἁπ-

209 4327 500 4396 αλλαγὴν,
559 4326 655 4378 καὶ
715 4326 815 4394 τὴν
870 4324 978 4379 τῶν
1028 4325 1207 4396 μελῶν
1258 4324 1433 4390 λύσιν,
1473 4324 1569 4377 καὶ
1602 4324 1701 4395 τὴν
1732 4322 1827 4376 τοῦ

211 4418 441 4483 παντὸς
500 4418 755 4489 σώματος
813 4417 1127 4490 ἐλευθερίαν
1178 4417 1484 4488 χαρίζεται.
1528 4417 1636 4469 Καὶ
1685 4415 1831 4469 οὕτω

218 4513 497 4582 πέμπτου
538 4513 631 4565 ἐπὶ
673 4513 969 4583 τριάκοντα
1018 4509 1292 4570 ἐνιαυτοῦ,
1342 4508 1520 4578 μελῶν
1569 4508 1706 4578 πέδη
1737 4509 1831 4561 καὶ

214 4603 494 4674 σώματος
524 4604 777 4671 πάρεσις,
807 4601 882 4663 ὡς
909 4598 1004 4653 τοῦ
1039 4600 1341 4668 πάσχοντος
1370 4594 1591 4649 ἀκούειν
1620 4591 1709 4666 ἦν,
1740 4594 1831 4647 τὸν

1994 3311 2120 3367 164.
2160 3309 2418 3365 Nondum
2451 3307 2614 3379 plane
2645 3306 2961 3361 absolutum
3003 3312 3121 3359 erat
3161 3301 3518 3368 miraculum,

1923 3405 2073 3477 quod
2112 3405 2169 3459 in
2200 3413 2421 3460 mortuo
2449 3406 2562 3475 jam
2597 3404 2747 3459 dicto
2795 3399 3051 3472 patrabat
3100 3396 3361 3468 Symcon,
3392 3410 3523 3450 cum

1923 3499 2208 3554 hominem
2263 3497 2552 3552 adducunt
2584 3497 2781 3557 alium,
2838 3495 3213 3551 incurvatum,
3274 3503 3377 3542 nec
3425 3502 3520 3542 so-

1923 3590 2038 3645 lum
2087 3604 2198 3644 non
2251 3588 2524 3642 valentem
2577 3602 2637 3641 se
2698 3586 2811 3639 ullo
2865 3582 3028 3637 modo
3090 3580 3310 3649 erigere
3357 3594 3371 3630 :
3412 3584 3522 3632 ‘vc-

1924 3694 2050 3732 rum
2098 3678 2265 3733 etiam
2298 3676 2462 3738 collo,
2498 3674 2700 3744 capite,
2748 3688 2812 3726 ac
2863 3678 2975 3723 toto
2997 3682 3232 3737 corpore
3278 3665 3353 3719 ita
3386 3678 3525 3718 con-

1929 3780 2164 3826 tractum
2219 3768 2682 3838 impeditumque,
2732 3773 2795 3817 ut
2833 3760 3066 3816 membri
3118 3757 3328 3812 nullius
3361 3771 3523 3810 usum

1924 3864 2163 3919 liberum
2219 3860 2472 3915 haberet.
2525 3856 2598 3912 Ut
2661 3855 2751 3908 hic
2799 3852 3128 3923 Symeonem
3175 3846 3335 3911 vidit,
3388 3860 3525 3901 voce

1926 3968 2093 4025 quam
2138 3950 2320 4022 potuit
2366 3949 2605 4002 maxime
2642 3942 2985 4000 lamentabili
3024 3938 3281 3994 clamavit
3313 3955 3327 3991 :
3363 3937 3528 3991 Mise-

1927 4060 2053 4100 rere
2094 4042 2225 4107 mei,
2271 4040 2476 4095 famule
2520 4037 2616 4093 Dei
2652 4033 2928 4090 altissimi.
2964 4031 3057 4088 Sic
3098 4031 3387 4084 invocatus
3411 4044 3528 4082 ma-

1927 4154 2063 4193 num
2115 4134 2351 4204 imponit
2396 4132 2541 4187 collo
2584 4130 2713 4195 viri,
2762 4141 2987 4183 manum
3038 4122 3392 4177 invocatione
3440 4119 3527 4174 di-

1929 4230 2058 4284 vina
2078 4236 2384 4298 potentem,
2417 4234 2475 4279 et
2529 4223 2766 4278 nexibus
2812 4218 3008 4275 solutis
3058 4223 3225 4286 caput
3280 4213 3528 4268 restituit

1932 4321 2035 4377 sibi
2068 4338 2081 4373 :
2113 4331 2228 4374 tum
2254 4317 2449 4372 eadem
2488 4330 2655 4370 manu
2721 4313 2828 4367 viri
2894 4320 3108 4381 tergum
3176 4307 3428 4377 percutit
3468 4312 3526 4360 et

1932 4413 2052 4483 ipsa
2074 4410 2439 4482 percussione
2459 4405 2847 4477 depulsionem
2878 4404 3132 4458 dolorum
3154 4409 3210 4455 et
3245 4398 3527 4453 membro-

1934 4517 2056 4556 rum
2079 4499 2437 4562 solutionem,
2466 4507 2521 4551 et
2546 4495 2803 4565 corporis
2826 4493 2998 4548 toxius
3017 4489 3336 4560 expeditum
3367 4503 3528 4542 usum

1937 4591 2212 4649 concedit.
2232 4590 2411 4660 Atque
2442 4589 2518 4645 ita
2556 4586 2955 4658 impedimenta
2984 4573 3319 4651 vinculaque
3350 4594 3530 4634 mem-

211 4660 337 4766 τῆς
386 4660 673 4757 ἀσθενείας
728 4660 920 4763 ﬁeri»;
971 4660 1411 4763 δημοσιεύοντος,
1452 4688 1566 4758 ἁφῇ
1610 4660 1711 4758 μιᾷ
1740 4687 1815 4739 κα

1942 4684 2173 4739 brorum
2212 4698 2280 4736 ac
2308 4679 2580 4751 paralysis
2607 4677 2882 4747 corporis,
2916 4690 3040 4745 qua:
3058 4674 3169 4744 jam
3195 4673 3446 4742 quinque
3474 4676 3531 4723 et

216 4789 423 4859 πληγῇ
457 4785 779 4855 παραδόξως
800 4785 1008 4838 λύεται.

1946 4776 2173 4847 triginta
2204 4788 2380 4828 annos
2404 4777 2703 4827 tenuerant
2751 4763 3239 4838 (quemadmodum
3287 4776 3354 4815 ex
3411 4760 3532 4829 ipso

218 4898 387 4956 aegro
408 4884 605 4939 audire
631 4881 810 4945 licuit,
849 4889 1067 4950 tempus
1131 4875 1469 4933 inﬁrmitatis
1499 4890 1613 4931 suaa
1670 4872 1893 4943 publice
1932 4870 2305 4939 enuntiante),
2361 4866 2602 4921 tactione
2670 4876 2781 4916 una
2846 4872 3067 4928 unaque
3129 4853 3528 4926 percuSsione,

224 4983 450 5049 prater
480 4973 951 5043 exspectationem
981 4971 1310 5026 mirabiliter
1339 4968 1519 5023 soluta
1544 4965 1792 5019 fuerunt.

322 5068 455 5142 ρξε’.
492 5062 629 5120 Εἶτα
676 5064 1126 5138 προσηνέχθησαν
1174 5060 1323 5132 αὑτῷ
1380 5059 1621 5123 νεάνιδες
1655 5060 1767 5122 δύο,
1809 5059 1842 5128 ή

237 5160 350 5232 μὲν
373 5158 472 5228 τὴν
501 5158 749 5227 γλῶτταν
777 5158 1152 5228 πεπεδημένη,
1175 5157 1209 5226 ἡ
1245 5154 1302 5207 δὲ
1332 5153 1401 5206 τὰ
1429 5146 1543 5208 ὦτα
1567 5152 1847 5223 κωφεύου-

235 5268 351 5309 aa.’
384 5252 445 5320 ἐξ
475 5253 645 5324 αὐτῆς
676 5253 734 5308 δὲ
755 5254 905 5324 ὅμως
929 5253 1191 5322 ἑκάτεραι
1226 5249 1326 5320 τῆς
1354 5251 1434 5312 εἰς
1464 5248 1581 5318 φῶς
1614 5247 1844 5317 προόδου

233 5343 326 5418 τῷ
360 5343 529 5413 πάθει
572 5343 1034 5417 κατειλημμέναι.
1063 5335 1164 5396 Ὧν
1193 5340 1224 5394 ὁ
1272 5337 1369 5392 τοῦ
1409 5336 1548 5391 Θεοῦ
1584 5335 1848 5409 θεράπων

321 5502 371 5536 ³⁸
410 5500 608 5558 Matth.
648 5516 764 5566 χχι,
794 5498 887 5554 21.

330 5661 548 5733 (42-45)
584 5660 680 5717 Gr.
712 5657 1137 5733 Μαγιστριανᾷς.
1164 5651 1645 5733 Quod‘pleifumque
1670 5649 1723 5702 in
1737 5657 1847 5731 εετ-

251 5720 542 5810 pretantur
562 5748 732 5805 agens
766 5720 1033 5810 in'_rel)'t_ts.
1055 5729 1171 5782 ideo
1189 5720 1343 5797 quod
1359 5740 1416 5810 re
1434 5724 1557 5810 ipsa,
1572 5722 1626 5774 in
1657 5720 1846 5782 sacris,

252 5793 349 5861 hut
377 5793 715 5869 militiaraat
752 5801 873 5854 aliis
907 5802 1091 5856 etiam,
1127 5793 1316 5869 mutuis
1337 5793 1557 5869 aliquod
1581 5799 1847 5843 exerceat:

256 5888 305 5932 et
327 5885 404 5934 est
428 5863 590 5947 quasi
611 5872 857 5945 ofﬁcialis
878 5871 1119 5940 magistri
1145 5866 1489 5944 ofﬁciorum;
1521 5863 1584 5916 dc
1607 5877 1710 5932 quo
1744 5878 1856 5914 ma—

2015 5053 2138 5108 165.
2178 5049 2338 5106 llisce
2363 5048 2435 5102 ita
2469 5044 2707 5117 peractis
2745 5041 3074 5112 prodierunt
3106 5034 3537 5090 adulescentula;

1945 5146 2091 5209 duae,
2139 5145 2317 5199 altera-
2377 5136 2663 5208 loquendi,
2735 5135 2911 5188 altera
2943 5128 3205 5186 audiendi
3276 5126 3537 5181 facultate

1945 5246 2217 5295 carente:
2277 5244 2334 5290 et.
2376 5234 2501 5287 illos
2555 5228 2779 5299 quidem
2816 5224 3066 5281 defectus
3117 5222 3188 5276 ab
3229 5220 3350 5290 ipso
3410 5227 3537 5273 ortu

1948 5346 2140 5387 secum
2173 5330 2229 5384 in
2282 5329 2428 5382 hanc
2483 5326 2667 5380 lucem
2724 5319 3047 5376 intulerant.
3103 5314 3275 5369 Movit
3322 5312 3540 5367 illarum

1956 5645 2120 5716 giatro
2150 5649 2275 5716 ante
2294 5635 2501 5716 v_it_am§
2527 5635 2590 5716 _8,
2611 5633 2851 5716 “egimus.
2896 5629 3023 5716 ῑξὶάθ
3078 5625 3325 5716 eiuratio

1958 5691 2269 5770 3351161};
2299 5691 3043 5766 Clossaurio'Oetaeo-barbaro
3079 5691 3304 5755 Memmii
3347 5701 3396 5748 et
3437 5691 3547 5744 Fu-

1962 5786 1989 5839 b
2004 5786 2126 5839 rotii
2152 5784 2221 5838 ad
2256 5780 2573 5838 Cedremzm.
