4018 6448
476 414 623 484 3143

1697 425 1764 487 S.
1808 421 2193 485 SYMEONIS
2233 419 2599 484 JUNIORIS

3639 412 3795 475 3}“

483 543 640 591 tanto
690 532 954 606 majorem
1001 542 1196 589 contra
1236 532 1393 589 hunc
1453 532 1821 607 adigebantur
1875 535 1944 590 ad
1996 535 2077 589 in-

2202 537 2281 588 tui.
2315 535 2437 588 κατ’
2463 532 2633 588 αὐτοῦ
2705 526 2909 599 μᾶλλον
2974 528 3230 600 ἐξέμαινε
3295 524 3425 591 τοὺς
3497 525 3793 600 ἀνοήτως.

484 641 720 682 samam.

561 717 683 772 l70.
722 715 975 785 Denique
1022 716 1261 788 contigit
1289 715 1401 786 (45)
1447 718 1667 773 cuidam
1706 718 2079 785 Antiocheno,

488 808 699 864 homini
744 808 961 879 plebeio
1012 823 1076 863 ac
1124 807 1332 879 opiﬁci,
1367 810 1441 865 ita
1488 810 1705 866 obstrui
1740 821 1956 867 meatus
1984 827 2083 882 per

487 919 627 974 quos
677 904 910 973 spiritus
943 916 1262 957 commeans
1302 902 1613 974 ingreditur
1655 904 2079 975 egrediturque,

487 1008 569 1061 ut,
619 997 917 1053 accedente
964 998 1130 1052 etiam
1171 996 1407 1067 longiori
1454 997 1723 1066 temporis
1764 996 2080 1061 intervallo,

486 1104 599 1157 quo
638 1088 815 1141 tenuit
851 1087 1078 1152 malum,
1116 1086 1449 1140 suﬂocatum
1489 1086 1555 1140 iri
1594 1102 1653 1140 se
1684 1095 1927 1156 putaret.
1982 1085 2084 1140 llic

486 1196 547 1235 se
595 1183 818 1233 tandem
850 1177 1089 1232 contulit
1120 1177 1189 1232 ad
1218 1186 1471 1232 sanctum
1499 1178 1851 1250 Symeonem,
1883 1178 2081 1233 obten—

488 1279 653 1339 taque
705 1268 963 1333 sanitate,
1012 1268 1237 1323 domum
1287 1284 1571 1333 reversus,
1615 1270 1672 1323 in
1722 1268 1865 1340 grati
1911 1269 2083 1324 animi

488 1364 874 1418 tcsﬁmonium
917 1377 982 1416 ac
1031 1362 1168 1416 tanti
1221 1363 1480 1418 benelicii
1512 1363 1857 1428 memoriam,
1890 1363 2085 1419 statuit

488 1462 679 1508 sancto
711 1469 811 1523 pro
837 1453 1053 1508 foribus
1085 1454 1203 1509 suis
1234 1454 1471 1516 iconem,
1499 1470 1732 1524 eamque
1762 1471 1872 1510 non
1904 1456 2083 1510 solum

486 1546 880 1611 luminaribus,
907 1547 1003 1602 sed
1037 1548 1206 1602 etiam
1243 1549 1432 1603 aulaeis
1468 1548 1801 1618 tapetiisque
1826 1549 2081 1602 ornabat.

487 1640 647 1707 Quod
675 1641 829 1709 impii
869 1639 1178 1709 nefariique
1202 1641 1460 1696 homines
1482 1641 1810 1710 conspicati,
1837 1649 2082 1696 aestuan-

490 1742 575 1788 tes
628 1733 857 1798 invidia,
910 1744 1421 1804 congregantcsque
1474 1735 1762 1789 cohortem
1830 1749 2081 1802 suorum,

489 1826 777 1880 turmatim
828 1836 1212 1891 accurrerunt,
1262 1842 1459 1898 magna
1493 1842 1627 1882 voce
1680 1827 1986 1882 clamantes
2032 1827 2087 1898 (ο

490 1914 658 1974 Deus,
691 1924 895 1982 quanta
928 1916 1117 1971 hostes
1155 1915 1424 1973 adversus
1465 1926 1719 1974 sanetum
1761 1927 1916 1973 tuum
1970 1934 2088 1973 ma-
2119 1889 2160 1947 Β

491 2007 698 2061 cbinati
728 2008 905 2076 sunt!)
933 2027 947 2062 :
982 2008 1138 2063 Tolle
1166 2010 1343 2078 illum,
1371 2012 1466 2081 qui
1507 2013 1637 2067 talia
1662 2014 1828 2081 fecit;
1865 2014 2082 2085 signum

491 2099 642 2152 illico
663 2098 1015 2153 deturbetur.
1049 2098 1244 2169 Opifex
1292 2110 1479 2157 autem
1516 2103 1627 2167 ille,
1664 2104 1853 2159 divina
1891 2106 2085 2175 procul

492 2192 667 2247 dubio
692 2191 1079 2261 dispositione,
1115 2193 1309 2247 aberat
1344 2194 1451 2250 hoc
1482 2195 1603 2266 ipso
1635 2204 1883 2268 tempore
1911 2198 1981 2253 ab
2006 2197 2087 2253 of-

494 2281 695 2348 ficina;
758 2281 964 2351 alioqui
1005 2282 1155 2337 enim
1211 2285 1671 2341 tumultuantium
1730 2303 1930 2344 manus
1972 2304 2086 2344 non

494 2375 761 2429 evasisset
805 2374 1123 2430 incolumis.

568 2467 693 2519 ﬁl.
733 2464 965 2521 Omnem
1019 2467 1207 2537 itaque
1238 2469 1507 2527 adversus
1559 2472 1776 2529 iconem
1804 2482 2089 2531 vertentes

496 2558 864 2622 iracundiam,
900 2570 1286 2630 praeceperunt
1321 2562 1417 2617 uni
1472 2563 1736 2631 militum,
1787 2567 1985 2623 similis
2010 2567 2091 2622 fa-

496 2650 639 2704 rina:
685 2666 751 2704 ac
797 2649 1142 2707 infidelitatis
1186 2651 1422 2719 homini,
1474 2664 1537 2710 ut
1571 2656 1720 2711 illam
1767 2658 2090 2714 conscensis

498 2741 664 2796 scalis
682 2742 1001 2798 deturbarel
1031 2761 1043 2795 :
1063 2744 1156 2813 qui
1177 2760 1306 2799 cum
1324 2745 1380 2799 in
1399 2746 1572 2801 altum
1590 2749 1880 2810 evasisset,
1901 2750 2093 2821 utins-

495 2849 592 2889 sus
608 2842 746 2894 erat,
760 2835 983 2905 jamque
1016 2845 1316 2891 conaretur
1332 2852 1529 2894 manus
1547 2839 1803 2910 injicere;
1833 2843 2091 2898 manibus

498 2924 629 2989 illis,
659 2941 796 2996 quas
822 2937 903 2994 tu,
930 2926 1174 2995 Christe,
1205 2944 1374 2999 super
1407 2931 1629 2987 illorum
1652 2936 1965 3004 superbiam
1996 2952 2092 2992 ex-

500 3016 699 3078 tulisti,
741 3016 1155 3087 dejicientibus,
1208 3029 1438 3089 repente
1478 3023 1631 3092 gravi
1660 3039 1790 3080 casu
1823 3033 1985 3082 terrae
2014 3026 2093 3081 al-

497 3107 639 3163 lisus
669 3118 771 3163 est.
800 3108 958 3175 Quod
992 3125 1121 3164 cum
1157 3110 1391 3166 aliorum
1415 3114 1641 3184 quidem
1672 3118 1955 3173 mentibus
1979 3135 2092 3174 non

499 3199 785 3269 vulgarem
814 3200 1139 3273 incussisset
1187 3210 1418 3269 metum,
1453 3205 1752 3277 impiorum
1795 3209 1935 3263 iram
1980 3225 2091 3264 non

500 3306 698 3361 parum
726 3291 971 3346 adauxit.
998 3292 1178 3347 Alium
1198 3310 1331 3365 ergo
1353 3311 1420 3351 eo
1441 3296 1719 3354 adducere
1736 3301 1921 3355 conati
1944 3310 2093 3365 sunt,

502 3381 776 3451 ignaviain
830 3381 1036 3449 prioris
1069 3381 1439 3441 incusantes:
1483 3403 1649 3459 quem
1704 3405 1835 3443 mox
1892 3391 2098 3446 similia

507 3470 810 3540 patientem
834 3471 1043 3540 potius,
1087 3488 1253 3542 quam
1313 3472 1612 3530 facientem
1660 3485 2094 3545 conspexerunt,

506 3571 699 3632 utpote
734 3563 853 3631 pari
880 3578 1012 3617 casu
1042 3563 1347 3635 deiectum.
1398 3566 1592 3637 Neque
1633 3567 1715 3623 sic
1778 3577 1964 3622 tamen
2013 3568 2097 3622 in-

506 3654 623 3710 sani
661 3655 749 3709 isti
779 3654 1192 3720 intellexerunt,
1222 3657 1319 3712 sed
1349 3659 1545 3714 oculos
1568 3659 1637 3714 ad
1665 3659 1960 3715 veritatem
1987 3669 2096 3714 tam

506 3746 853 3801 manifestam
891 3748 1214 3804 claudentes
1227 3751 1722 3821 czecutientesque,
1760 3750 2099 3807 addiderunt

505 3839 674 3893 etiam
703 3839 963 3894 tertium:
1010 3840 1101 3895 cui
1138 3842 1308 3896 etiam
1351 3843 1504 3912 paria
1529 3844 1644 3914 jam
1688 3843 1853 3900 dictis
1896 3861 2100 3901 evene-

442 3942 447 3947 ‘
506 3943 661 3986 runt.
688 3931 824 3986 Cum
853 3933 1001 3987 enim
1028 3934 1376 3990 extendisset
1420 3951 1619 3991 manus
1664 3936 1930 3993 adversus
1978 3940 2094 3994 ico-

506 4039 655 4086 nem,
695 4024 918 4078 nescius
952 4024 1145 4080 iisdem
1176 4041 1235 4081 se
1283 4038 1477 4083 contra
1524 4044 1583 4084 se
1614 4030 1802 4099 potius
1838 4032 1946 4096 uti,
1998 4033 2099 4087 de-

507 4112 767 4166 turbatus
790 4113 1050 4169 similiter
1088 4124 1194 4180 est,
1234 4117 1521 4188 jacuitque
1555 4124 2098 4190 prostratus;multo

507 4204 701 4273 majori
749 4205 998 4260 ludibrio
1055 4207 1342 4276 prioribus
1396 4210 1618 4281 dignus,
1670 4213 1821 4283 quod
1874 4214 2097 4269 illorum

505 4296 763 4365 exemplo
826 4298 1002 4352 nihilo
1036 4300 1311 4368 sapuisset
1351 4304 1544 4372 magis.
1601 4304 1743 4358 Tum
1810 4304 1949 4359 v'ero
1985 4323 2098 4376 pra:

506 4387 722 4457 pudore
749 4389 997 4444 velantes
1026 4389 1221 4445 faciem
1268 4393 1585 4457 abiverunt,
1616 4394 1918 4449 miserandi
1971 4412 2099 4466 pro-

508 4490 632 4549 pter
655 4481 1121 4549 experimentum,
1151 4483 1325 4553 magis
1343 4498 1479 4537 vero
1504 4492 1729 4553 propter
1758 4484 2094 4542 infortunia:

507 4572 698 4626 ﬁdeles
715 4582 898 4628 autem
923 4574 1118 4640 laetati,
1141 4575 1411 4645 gaudium
1431 4589 1553 4640 ore,
1584 4583 1641 4629 et
1667 4578 2095 4634 exsultationem
2120 4593 2177 4651 ι)

506 4663 693 4736 lingua
726 4666 1095 4720 testabantur.

583 4857 706 4913 172.
737 4858 902 4913 Hisce
929 4857 1271 4914 renuntiatis
1301 4858 1585 4930 Symeoni,
1621 4878 1950 4933 perparvam
2000 4865 2097 4921 ille

456 4948 463 4951 ’
507 4951 596 5006 sui
628 4950 957 5022 injurimque
984 4950 1090 5004 sibi
1130 4949 1295 5006 illata:
1352 4953 1623 5008 rationem
1680 4956 1913 5024 habens,
1979 4967 2097 5013 toto

507 5050 695 5096 autem
722 5043 844 5096 zelo
869 5048 1070 5096 contra
1094 5041 1469 5112 blasphemias
1511 5045 1567 5100 in
1595 5047 1894 5102 Dominum
1932 5064 2095 5103 suum

506 5137 751 5205 prolatas
779 5134 1171 5202 exardescens,
1196 5136 1577 5194 indesinenter
1600 5142 1839 5196 orationi
1868 5144 2099 5200 vacabat

507 5227 902 5296 perstabatque
935 5226 993 5279 in
1028 5240 1295 5284 consueto
1316 5230 1525 5294 cordis,
1557 5234 1674 5288 oris
1702 5248 1775 5305 ac
1821 5235 2096 5291 labiorum

507 5318 799 5375 exercitio.
843 5320 990 5376 Deus
1020 5336 1174 5388 vero,
1197 5324 1382 5394 justus
1418 5325 1771 5396 dispensator
1796 5343 1859 5383 ac
1875 5328 2099 5400 legisla-

510 5420 621 5475 tor,
660 5412 891 5469 ultionis
942 5414 1236 5471 immemor
1275 5433 1386 5472 non
1448 5418 1576 5474 fuit.
1628 5421 1843 5492 Raptus
1887 5408 2097 5495 quippe

510 5502 750 5572 Symeon
774 5505 995 5574 spiritu,
1027 5508 1353 5578 conspicere
1383 5508 1502 5564 haec
1536 5512 1690 5565 visus
1712 5512 2094 5579 est.Putabat,

492 5593 986 5668 Constantinopoli
1026 5613 1085 5655 Se
1118 5600 1174 5654 in
1208 5602 1414 5671 palatio
1456 5602 1811 5672 imperatoris
1862 5608 2095 5674 versari,

508 5700 577 5742 ac
605 5687 787 5744 virum
817 5691 1135 5761 quemdam,
1166 5694 1255 5749 cui
1289 5710 1489 5765 magna
1514 5705 1759 5765 potestas
1807 5697 1862 5752 in
1912 5708 2099 5768 partes

2258 715 2354 786 ρο’.
2404 714 2623 785 ’Λμέλει
2654 715 2748 769 καὶ
2776 712 2994 783 συμϐάν
3018 729 3125 765 τινι
3157 710 3267 765 τῶν
3301 710 3406 766 ἀνὰ
3432 710 3532 783 τὴν
3573 713 3799 768 Ἀντιό-

2182 824 2304 877 χου,
2333 807 2489 877 ἀνδρὶ
2533 806 2789 878 βαναύσῳ
2825 806 2919 860 καὶ
2961 803 3231 873 ἁγοραίῳ,
3260 806 3389 866 τοὺς
3416 805 3799 859 ἁναπνευστι-

2182 901 2314 963 κοὺς
2345 901 2744 972 ἀποφραγῆναι
2791 900 3017 969 πόρους,
3046 898 3115 951 δι’
3136 891 3213 950 ὧν
3257 896 3319 949 τὸ
3352 896 3568 969 πνεῦμα
3607 900 3804 969 εἰσρεῖ

2181 1007 2243 1044 τε
2288 991 2384 1044 καὶ
2431 993 2585 1062 ὲκρεῖ
2615 989 3004 1062 διηθούμενον·
3044 991 3237 1059 συχνὸν
3273 992 3479 1054 ἐκεῖνος
3507 991 3582 1061 τῷ
3620 991 3798 1045 πάθει

2187 1084 2546 1153 συνεχόμενος
2574 1085 2789 1153 χρόνον,
2818 1083 2913 1136 καὶ
2944 1081 3345 1150 ἀποπνίγεσθαι
3381 1082 3482 1153 ἤδη
3520 1083 3792 1151 νομίζων,

2185 1175 2464 1246 προσῆλθε
2502 1173 2581 1244 τῷ
2613 1174 2872 1246 Συμεώνο
2904 1173 3205 1243 θεραπείας
3236 1190 3296 1227 τε
3333 1172 3462 1244 παρ’
3488 1174 3654 1227 αὑτοῦ
3686 1192 3793 1227 τυ-

2189 1262 2320 1333 χὼν,
2372 1264 2469 1316 καὶ
2518 1260 2701 1315 οἴκαδε
2755 1260 2912 1326 αὖθις
2959 1261 3295 1325 ἐπανελθὼν,
3355 1263 3797 1334 εὐγνωμοσύνης

2185 1354 2347 1408 οἱονεί
2371 1371 2426 1408 τι
2452 1354 2670 1424 δεῖγμα,
2704 1356 2797 1410 καὶ
2821 1354 3155 1426 τηλικαύτης
3180 1355 3500 1424 εὐεργεσίας
3529 1357 3796 1426 ἀπομνη-

2191 1446 2458 1515 μόνευμα,
2487 1445 2670 1498 εἰκόνα
2698 1445 2804 1516 πρὸ
2842 1446 2944 1515 τῆς
2979 1444 3146 1499 αὑτοῦ
3214 1445 3375 1513 φλιᾶς
3408 1446 3673 1515 ἀνέστησε
3705 1447 3794 1517 τῷ

2192 1536 2357 1606 ἁγίῳ,
2394 1536 2694 1605 φιλοτίμως
2750 1539 2812 1590 οὐ
2844 1537 3039 1606 φωτῶν
3077 1538 3257 1608 μόνον,
3289 1536 3426 1591 ἀλλὰ
3468 1539 3562 1590 καὶ
3603 1555 3794 1608 παρα-

2188 1630 2555 1698 πετασμάτων
2601 1629 2855 1699 ἔχουσαν.
2909 1631 3089 1700 Ὅπερ
3137 1629 3343 1693 ἰδόντας
3383 1630 3509 1693 τοὺς
3538 1630 3789 1695 ἀσεϐεῖς,

2189 1725 2284 1776 καὶ
2315 1723 2496 1794 φθόνῳ
2520 1725 2619 1787 τὰς
2644 1724 2825 1794 ψυχὰς
2861 1720 3254 1787 ἆναζέσαντας,
3286 1723 3347 1776 τὸ
3374 1725 3573 1777 οἰκεῖον
3599 1725 3796 1795 ἀθροῖ-

2192 1832 2282 1868 σαι
2307 1815 2618 1884 σύνταγμα,
2645 1816 2742 1870 καὶ
2778 1817 2919 1870 κατὰ
2950 1817 3157 1885 πλῆθος
3186 1816 3515 1880 ἐπελθόντας
3547 1816 3595 1889 (ὁ
3622 1817 3790 1884 θεὸς,

2189 1908 2289 1960 ὅσα
2329 1906 2769 1978 ὲπονηρεύσαντο
2814 1909 2863 1960 ol
2891 1908 3078 1979 ἐχθροὶ
3108 1907 3251 1961 κατὰ
3279 1909 3373 1961 τοῦ
3400 1909 3554 1976 ἁγίου
3586 1927 3683 1962 σου
3708 1910 3752 1979 ι)
3775 1926 3793 1943 ο

2191 1993 2325 2070 Αἶρε
2346 2000 2437 2053 τὸν
2465 2000 2623 2056 τοῦτο
2654 2001 2954 2073 δράσαντα,
2986 2001 3130 2071 μέγα
3161 2000 3289 2072 βοᾷν
3310 2019 3323 2032 ·
3354 2004 3386 2073 ἡ
3420 2001 3581 2056 εἰκὼν
3606 2005 3668 2057 τὸ
3693 2004 3795 2058 τά·

2193 2111 2284 2164 χος
2322 2093 2773 2166 καταϐεϐλὴσθω.
2823 2093 2882 2147 Ὁ
2922 2094 3021 2165 μὲν
3046 2089 3144 2147 οὖν
3176 2094 3528 2166 χειροτέχνης
3554 2098 3787 2162 ἐκεῖνος,

2195 2186 2445 2258 θειοτέρα
2486 2187 2545 2241 δὲ
2579 2188 2801 2251 πάντως
2837 2186 3123 2258 οἰκονομίᾳ
3154 2186 3216 2239 τὸ
3244 2189 3602 2258 πρᾶγμα,οὑκ
3624 2188 3788 2258 ἔτυχε

2193 2279 2497 2350 τηνικαῦτα
2540 2281 2620 2351 τῷ
2651 2281 3001 2353 ἐργαστηρίῳ
3042 2280 3235 2351 παρών
3257 2297 3272 2310 ·
3310 2279 3343 2350 ἦ
3373 2280 3482 2352 γὰρ
3529 2280 3594 2334 ἂν
3630 2282 3784 2334 οὐδὲν

2193 2372 2290 2427 τοῦ
2318 2372 2549 2444 θορύϐου
2581 2372 2820 2445 χρηστὸν
2842 2372 3142 2426 ἀπέλαυσε.

2269 2466 2402 2537 ροα’.
2508 2465 2690 2520 Πάντα
2750 2465 2807 2519 δὲ
2863 2466 3003 2520 κατὰ
3062 2469 3161 2535 τῆς
3188 2465 3397 2530 εἰκόνος
3447 2467 3647 2520 ἐκεῖνοι
3690 2468 3789 2523 τὸν

2198 2560 2373 2631 θυμὸν
2396 2560 2721 2632 τρέψαντες,
2740 2560 3049 2631 ἐπέτρεψαν
3083 2563 3163 2613 ένὶ
3188 2562 3295 2613 τῶν
3322 2561 3422 2630 τῆς
3448 2560 3566 2627 ίσης
3599 2560 3791 2623 αὐτοῖς

2196 2649 2457 2715 ἀπιστίας
2497 2650 2868 2720 στρατιωτῶν,
2898 2650 2987 2705 διά
3034 2665 3180 2714 τινος
3232 2649 3529 2708 ἀνελθόντα
3584 2648 3794 2720 κλίμα⁴⁵

2199 2756 2315 2803 κος,
2350 2736 2518 2808 αὐτὴν
2548 2739 2824 2795 καθελεῖν.
2870 2740 2931 2793 ’0
2971 2741 3027 2793 δὲ
3070 2741 3171 2810 τὴν
3211 2740 3398 2795 ἄνοδον
3438 2740 3513 2802 ὡς
3551 2741 3793 2811 προσ-τέο

2198 2848 2367 2885 τακτο
2395 2830 2643 2902 θέμενος,
2670 2833 2746 2897 ὡς
2774 2833 2876 2905 ἤδη
2915 2835 3011 2886 καὶ
3048 2835 3238 2904 χεῖρας
3265 2835 3544 2887 ἐπιϐαλεῖν
3574 2833 3797 2903 ἐπεχεί-

2204 2941 2309 2996 ρει,
2327 2924 2526 2996 χειρῶν
2556 2925 2803 2991 ἐκείνων,
2828 2927 2894 2990 ἃς
2918 2928 3003 2994 σὺ,
3037 2928 3241 2998 Χριστὲ
3275 2928 3521 2998 βασιλεῦ,
3573 2929 3795 2999 ἐπῆρας

2202 3016 2297 3068 ἐπὶ
2325 3015 2426 3074 τὰς
2474 3017 2856 3087 ὑπερηφανίας
2886 3016 3088 3085 αὐτῶν,
3122 3017 3320 3088 ἀθρόον
3351 3019 3560 3072 ἐκεῖθεν
3586 3018 3795 3088 πτῶμα

2199 3108 2435 3179 χαλεπὸν
2478 3109 2791 3182 κατηνέχθη
2820 3126 2834 3139 ⁸
2875 3110 2903 3163 ὅ
2932 3111 3053 3173 ταῖς
3097 3110 3196 3180 μὲν
3244 3110 3355 3163 τῶν
3387 3111 3561 3165 ἄλλων
3588 3110 3796 3181 ψυχαῖς

2201 3200 2261 3252 οὗ
2292 3200 2493 3270 μικρὸν
2525 3200 2764 3253 ἐνέσεισε
2795 3200 2915 3264 δέος
2951 3241 2966 3264 ,
2997 3203 3113 3264 τοῖς
3145 3202 3201 3255 δὲ
3230 3201 3486 3256 ἀσεϐέσιν
3520 3203 3614 3256 ἐπὶ
3658 3203 3796 3274 μᾶλ-

2200 3288 2291 3343 λον
2320 3290 2411 3343 τὸν
2443 3290 2640 3359 φθόνον
2667 3289 2896 3362 ηὺξησε.
2929 3292 3040 3345 Καὶ
3083 3291 3339 3362 δεύτερον
3390 3292 3550 3347 ἄλλον
3583 3294 3796 3362 ἀναγα-

2199 3383 2318 3449 γεῖν
2379 3380 2767 3450 πειραθέντες,
2825 3377 2914 3434 οἷα
2955 3381 3049 3435 τοῦ
3101 3384 3371 3455 προτέρου
3415 3385 3623 3438 δειλία-ι
3658 3402 3795 3437 κατε-

2200 3473 2525 3542 εγνωκότες,
2566 3472 2641 3537 ὡς
2672 3476 2743 3527 τὰ
2773 3475 2864 3526 ι’σα
2906 3474 3150 3529 παθόντα
3186 3476 3389 3546 μᾶλλον
3424 3477 3519 3530 καὶ
3563 3478 3730 3530 αὑτὸν
3758 3475 3792 3549 ἢ

2199 3564 2475 3636 δράσαντα
2524 3559 2684 3625 εἶδον,
2723 3566 3109 3637 παραπλήσιόν
3139 3583 3198 3619 τε
3233 3566 3311 3638 τῷ
3342 3569 3594 3640 προτέρῳ
3634 3569 3785 3622 πτῶ-

2205 3673 2285 3728 μα
2341 3656 2740 3726 κατενεχθέντα
2772 3673 2787 3688 ο
2835 3658 2910 3727 μὴ
2955 3659 3253 3732 καὶταύτῃ
3286 3659 3419 3729 γοῦν
3451 3663 3500 3714 οἱ
3544 3662 3793 3716 ἀσύνετοι

2202 3748 2498 3814 συνιέντες,
2521 3748 2656 3803 ἀλλὰ
2683 3750 2820 3820 πρὸς
2840 3748 2984 3803 οὕτω
3009 3752 3250 3823 φανερὰν
3275 3752 3534 3824 ἀλήθειαν
3561 3755 3791 3824 μύοντες

2200 3843 2233 3913 ἥ
2282 3842 2719 3912 τυφλώττοντες,
2754 3845 3086 3915 προσέθεντο
3113 3847 3209 3899 καὶ
3256 3851 3441 3919 τρίτον
3470 3851 3789 3919 ἀναγαγεῖν.

2214 3935 2367 3987 Ἐπεὶ
2397 3935 2454 3986 δὲ
2484 3934 2657 3988 ταῦτα
2686 3938 2799 3999 τοῖς
2864 3937 3201 4005 προλαϐοῦσι
3252 3941 3346 3993 καὶ
3391 3941 3539 4012 αὐτῷ
3569 3943 3789 4010 συνέϐη,

2201 4028 2296 4080 καὶ
2320 4028 2417 4090 τὰς
2447 4031 2634 4099 χεῖρας
2658 4030 2802 4084 κατὰ
2827 4029 2931 4099 τῆς
2947 4032 3158 4096 εἰκόνος
3179 4033 3447 4099 ἐκτείνας,
3473 4035 3633 4088 ἔλαθε
3664 4036 3779 4088 καθ’

2200 4119 2397 4172 ἑαυτοῦ
2430 4120 2629 4188 μᾶλλον
2652 4123 2845 4190 ὥσπερ
2883 4122 3074 4186 αὐταῖς
3106 4124 3470 4196 χρησάμενος,
3500 4129 3594 4178 καὶ
3624 4144 3791 4179 κατα-

2201 4208 2624 4280 ϐ).ηθεὶς,ἔκειτο
2646 4211 2741 4265 καὶ
2766 4204 2944 4275 οὗτος,
2973 4212 3174 4283 πτῶμα
3204 4214 3314 4267 τῶν
3354 4217 3635 4287 προτέρων
3664 4217 3787 4268 πολῦ

2200 4301 2758 4371 καταγελαστότερον,
2797 4302 2907 4372 ὅσῳ
2933 4303 3068 4372 μηδὲ
3094 4308 3487 4377 σωφρονισθεὶς
3521 4308 3682 4378 ὤφθη

2202 4393 2583 4466 ὑποδείγματι.
2609 4397 2672 4453 Οἱ
2697 4396 2800 4466 μὲν
2829 4399 3066 4470 ἐντροπῇ
3100 4398 3477 4471 καλυψάμενοι
3508 4402 3608 4465 τὰς
3642 4402 3785 4471 ὄψεις

2201 4486 2467 4557 ἀπῆλθον,
2497 4487 2723 4541 ὲλεεινοὶ
2765 4488 2865 4558 τῆς
2896 4491 3110 4560 πείρας,
3143 4491 3495 4563 ἐλεεινότεροι
3526 4493 3624 4562 τῆς
3654 4496 3785 4546 ἁπο-

2203 4579 2427 4650 τυχίας·
2470 4581 2596 4643 τοὺς
2629 4579 2687 4631 δὲ
2727 4580 2956 4643 πιστοὺς
2996 4581 3290 4653 φαιδρότης
3328 4578 3461 4653 εἶχε,
3497 4587 3589 4637 καὶ
3618 4584 3785 4654 χαρᾶς

2204 4675 2389 4737 αὐτοῖς
2441 4673 2750 4744 ἐπληροῦτο
2778 4674 2839 4728 τὸ
2873 4675 3072 4745 στόμα,
3103 4679 3202 4730 καὶ
3242 4678 3276 4747 ἡ
3319 4678 3542 4747 γλῶσσα
3593 4678 3785 4751 μᾶλλον

2202 4767 2604 4834 ἀγαλλιάσεως.
3474 4762 3481 4765 ’

2277 4857 2412 4928 ροβ¹.
2450 4858 2669 4913 Τούτων
2705 4859 2786 4931 τῷ
2814 4859 3042 4932 Συμεὼν
3084 4861 3485 4931 ἀγγελθέντων,
3509 4864 3663 4929 ὀλίγα
3694 4860 3784 4932 μὲν

2207 4952 2403 5006 ἑαυτοῦ
2426 4955 2521 5007 καὶ
2550 4954 2649 5023 τῆς
2675 4956 2755 5017 είς
2804 4955 2969 5008 αὑτὸν
3001 4954 3213 5027 ὕϐρεως
3242 4958 3448 5020 ἐκεῖνος
3481 4961 3781 5028 φροντίσας,

2206 5045 2282 5116 τῷ
2311 5047 2374 5099 δὲ
2400 5050 2564 5099 παντὶ
2586 5046 2736 5117 ζήλῳ
2770 5049 2901 5119 περὶ
2928 5048 3031 5118 τῆς
3064 5050 3145 5113 είς
3169 5050 3259 5104 τὸν
3286 5051 3493 5109 οἰκεῖον,
3518 5051 3802 5116 Δεσπότηνξ

2210 5139 2562 5210 βλασφημίας
2610 5141 2913 5211 χρώμενος,
2948 5143 3081 5213 εὐχῇ
3118 5142 3566 5213 προσαδολεσχῶν
3606 5141 3781 5207 εἱστή-

2208 5250 2294 5286 κει
2345 5232 2424 5304 τῷ
2479 5234 2699 5305 συνήθει
2752 5229 2845 5289 καὶ
2894 5236 3125 5306 καρδίας
3159 5236 3307 5309 ἔργῳ
3346 5241 3442 5290 καὶ
3473 5236 3671 5307 χειρῶν
3696 5230 3785 5284 καὶ

2210 5327 2437 5397 χειλέων
2457 5345 2471 5359 ·
2493 5329 2625 5392 Θεὸς
2652 5329 2729 5395 δὲ,
2768 5331 2799 5382 ὁ
2836 5329 2929 5382 τοῦ
2962 5330 3173 5383 δικαίου
3203 5331 3408 5401 ταμίας
3439 5332 3537 5384 καὶ
3570 5326 3784 5399 νομοθέ-

2206 5438 2326 5491 της,
2358 5422 2458 5474 οὐκ
2513 5422 2706 5492 ἡμέλει
2765 5422 2867 5492 τῆς
2915 5422 3094 5493 δίκης,
3146 5421 3264 5478 ἀλλ’
3327 5423 3601 5494 ἁρπαγεὶς
3654 5415 3782 5472 κατὰ

2208 5515 2428 5585 πνεῦμα
2461 5517 2489 5568 ὁ
2550 5515 2800 5586 Συμεὼν,
2828 5517 2962 5587 ὀρᾷν
3012 5516 3207 5570 ἑαυτὸν
3249 5516 3425 5571 ἐδόκει
3457 5516 3702 5581 καθάπερ
3731 5513 3783 5559 ἐν

2206 5608 2785 5664 Κωνσταντινουπόλει
2815 5613 2873 5664 ἐν
2926 5609 3004 5682 τῷ
3038 5610 3308 5682 βασιλικῷ
3341 5612 3590 5681 παλατίῳ
3636 5601 3778 5677 γενέ·

2212 5719 2397 5771 μενον,
2434 5704 2663 5758 ἑστάναι
2697 5722 2753 5758 τε
2815 5703 3008 5777 ἄνδρα,
3111 5705 3357 5776 μεγάλην
3406 5705 3654 5772 ἐξουσίαν
3696 5690 3778 5748 επὶ

588 5862 700 5937 (44)
728 5863 838 5919 Hoc
882 5866 1198 5922 miraculum
1255 5869 1418 5922 etiam
1474 5878 1601 5924 ante
1658 5871 1829 5927 Vitam
1861 5871 1888 5945 §
1923 5875 1952 5928 7
2007 5891 2071 5929 ea:
2109 5875 2443 5933 Damasceno
2477 5880 2775 5936 retulimus.
