4018 6444
310 351 467 416 3145

1334 345 1506 408 VITA
1549 353 1597 406 Α
1634 343 2074 407 NICEPHORO
2109 340 2593 403 CONSCRIPTA.

3442 331 3580 395 3146

314 463 422 533 τὴν
453 462 529 516 ἕω
548 460 635 515 διὰ
656 456 752 514 τοῦ
781 458 1089 530 πνεύματος
1118 455 1376 523 δίδοσθαι,
1400 461 1494 512 καὶ
1522 459 1685 512 αὐτὸν
1711 460 1769 510 ὲν
1786 460 1909 521 ταῖς

2012 457 2320 514 Orientales
2363 472 2394 511 a
2448 454 2646 524 spiritu
2703 449 3073 512 tribuebatur,
3124 445 3333 517 plateas
3388 446 3582 501 Antio-

312 553 609 617 πλατείαις
641 551 911 622 περιιέναι
942 548 1045 617 τῆς
1082 548 1377 619 Ἀντιόχου,
1405 548 1498 602 τόν
1524 565 1582 601 τε
1626 548 1900 620 Ἰορδάνην

2011 549 2206 604 ehenas
2225 548 2402 611 obire,
2437 545 2665 600 fluvium
2691 556 2826 597 vero
2848 539 3141 595 Iordanem
3162 536 3394 607 vestigia
3412 536 3583 607 ipsius

314 645 574 717 ποταμὸν
624 644 775 715 αύτῷ
813 641 1063 706 ἕπεσθαι,
1098 642 1197 695 καὶ
1226 641 1316 695 τὸν
1341 643 1398 694 ὲν
1447 640 1610 711 Ἐδὲμ
1637 640 1898 711 παράδειο

313 754 419 790 σον
448 738 639 807 ὥσπερ
684 732 1170 790 ἀποκαλύπτεσθαι
1199 748 1214 764 ⁸
1245 732 1338 785 καὶ
1380 732 1454 795 ὡς
1509 732 1746 802 πονηρὸν
1805 732 1902 802 Θη-

310 830 443 902 ρίον
502 829 561 882 ἓν
597 846 706 882 τινι
760 827 1013 898 σπηλαίῳ
1041 824 1417 896 κρυπτόμενον
1445 824 1655 876 ἐκεῖθεν
1684 823 1898 892 ἐξενεχ-

314 922 416 974 θὲν
440 921 528 973 διὰ
565 919 736 989 μέσης
761 918 950 987 ἄγοιτο
979 917 1078 987 τῆς
1117 915 1325 978 πόλεως
1358 914 1713 984 ὑϐριζόμενον
1753 932 1766 945 ’
1801 914 1896 966 καὶ

307 1012 396 1074 ὡς
464 1010 674 1073 πολλοῖς
731 1008 841 1062 τῶν
890 1006 1193 1078 ἀνθρώπων
1245 1004 1577 1059 διαταθεῖσιν
1633 1006 1663 1057 δ
1720 1003 1903 1074 ἄρχων

312 1104 533 1166 ἐκεῖνος
578 1100 793 1171 ἐπιθείη
854 1099 1068 1169 πληγὰς
1121 1098 1182 1152 οὐ
1236 1098 1424 1170 πόρρω
1464 1097 1731 1163 θανάτου,
1761 1096 1901 1150 ὥστε

313 1194 508 1264 σάρκα
533 1194 714 1246 πᾶσαν
735 1191 992 1254 ἐπιεικῶς
1017 1188 1384 1259 καταπτῆξαιο
1411 1190 1503 1242 καὶ
1524 1188 1598 1251 ὡς
1622 1188 1729 1240 τῶν
1756 1187 1905 1257 αὐτῷ

310 1285 620 1355 γνωρίμων
658 1301 740 1347 τις
794 1284 875 1354 τῷ
918 1284 1141 1354 ἄρχοντι
1186 1279 1474 1353 παρεστὼς
1516 1283 1598 1345 είς
1636 1280 1902 1347 ἐξέτασιν,

313 1378 547 1448 ἀπαθὴς
577 1377 761 1432 κακῶν
792 1377 883 1430 ὑπ’
922 1375 1089 1429 αὐτοῦ
1120 1374 1370 1444 ἀφεθείη.

405 1642 542 1708 ρογν.
576 1634 761 1688 Ταῦτα
795 1637 822 1688 ὁ
846 1634 948 1704 μὲν
978 1624 1127 1697 πον,
1149 1634 1262 1697 τοῖς
1280 1631 1555 1703 μαθηταῖς
1578 1631 1905 1703 ἐξηγήσατο·

313 1729 457 1798 ἑξῆς
486 1729 540 1781 δὲ
576 1729 672 1782 καὶ
696 1728 724 1780 ὃ
765 1727 816 1778 τί
876 1743 1006 1779 ποτε
1035 1725 1102 1778 τὰ
1159 1724 1392 1792 ὀφθέντα
1432 1724 1682 1794 βούλεται
1722 1723 1910 1791 σαφῶς

2001 636 2178 704 sequi,
2211 643 2265 688 et
2294 634 2633 705 paradisum,
2659 631 2755 701 qui
2798 630 2852 684 in
2908 628 3083 684 Edem
3141 636 3251 691 est,
3284 627 3439 681 velut
3483 628 3583 681 de-

2003 726 2111 797 tegi
2141 743 2204 782 ac
2235 727 2464 781 revelari
2493 734 2649 780 :tum
2673 739 2808 778 vero
2838 721 3009 776 feram
3043 720 3363 789 pessimam.
3412 735 3583 789 specu

2002 818 2241 888 quadam
2273 817 2562 881 latentem,
2606 815 2735 869 inde
2757 813 2960 875 emitti,
2996 819 3289 880 actamque
3339 825 3439 880 per
3468 825 3577 864 me.

2004 908 2152 963 diam
2202 908 2501 972 civitatem,
2539 906 2751 961 cladem
2822 918 2936 956 non
3003 901 3277 955 modicam
3335 899 3580 962 inferre;

2004 999 2260 1066 homines
2302 1013 2468 1069 porro
2499 997 2702 1051 multos
2759 994 2929 1048 feram
2969 993 3326 1060 insequentes
3368 989 3438 1042 ab
3486 988 3582 1041 illo

2005 1089 2259 1161 principe
2290 1088 2467 1159 plagis
2499 1088 2641 1142 male
2688 1084 2939 1140 mulctari
2972 1083 3090 1138 fere
3122 1095 3298 1150 usque
3338 1080 3406 1133 ad
3436 1095 3587 1133 mor-

2007 1192 2138 1249 tem,
2165 1185 2304 1239 adeo
2349 1191 2411 1258 ut
2437 1181 2618 1237 omnis
2642 1195 2773 1236 caro
2793 1176 3090 1232 admodum
3111 1182 3582 1237 consternaretur;

2009 1272 2252 1344 denique
2281 1289 2312 1328 e
2357 1273 2506 1327 notis
2564 1287 2628 1326 ac
2677 1268 3043 1325 familiaribus
3106 1264 3222 1319 suis
3270 1263 3585 1332 quempiam

2016 1365 2171 1420 dicto
2197 1365 2433 1435 principi
2466 1373 2648 1418 astare
2669 1359 3120 1417 examinandum.
3151 1355 3220 1409 ab
3252 1369 3431 1424 eoque
3465 1370 3584 1407 om-

2008 1455 2098 1509 nis
2130 1454 2464 1509 calamitatis
2519 1468 2584 1508 ac
2622 1450 2857 1523 periculi
2905 1450 3229 1512 immunem,
3290 1442 3584 1497 dimissum

2007 1562 2149 1602 esse.
2508 1530 2509 1533 “

2085 1639 2207 1693 175.
2242 1638 2369 1693 Ilaec
2400 1638 2476 1693 ita
2504 1645 2569 1691 ut
2596 1636 2817 1691 viderat
2865 1634 3156 1704 discipulis
3203 1634 3451 1689 narravit
3484 1633 3590 1704 Sy-

2008 1745 2210 1796 meon;
2263 1729 2465 1784 deinde
2516 1729 2708 1791 etiam,
2752 1726 2887 1797 quid
2940 1725 3045 1781 sibi
3083 1734 3298 1780 ostenta
3356 1725 3586 1790 vellent,

313 1820 575 1891 ὲπεξῄει,
608 1819 682 1881 ὡς
714 1819 822 1887 ἄρα
862 1817 1090 1886 φοϐερὸς
1133 1815 1411 1869 ἐλεύσεται
1446 1815 1648 1886 ἄρχων,
1687 1816 1780 1868 καὶ
1811 1815 1909 1878 τὰς

2011 1823 2326 1891 explicavit.
2404 1820 2701 1887 Quomodo
2742 1833 2943 1888 nempe
3008 1817 3277 1873 terribilis
3324 1819 3588 1887 princeps

322 1906 593 1969 ἀσεϐείας
614 1904 796 1958 αὐτῶν
828 1903 1058 1973 ἐλέγξει,
1089 1903 1198 1956 τῶν
1227 1904 1284 1957 δὲ
1317 1905 1411 1958 καὶ
1442 1904 1671 1957 θανάτου
1705 1904 1905 1974 τρόπον

323 2000 692 2053 καταδικάσει
732 1997 1057 2069 βαρύτατον.
1095 1997 1265 2051 Τοῦτο
1311 1999 1421 2083 γὰρ
1457 1997 1723 2067 ἑπόμενος
1765 1997 1906 2050 ὑπο-

319 2092 513 2161 φαίνει
539 2093 567 2144 ό
604 2090 898 2162 Ἰορδάνης,
927 2089 1008 2143 ὅτι
1032 2092 1213 2143 πᾶσαν
1239 2090 1419 2143 αὐτῶν
1458 2090 1755 2143 καταδύσει
1783 2090 1905 2143 θεο-

320 2183 557 2253 μαχίαν,
589 2181 780 2252 ὥσπερ
808 2182 837 2234 ὁ
867 2182 1382 2251 ἀνακαλυπτόμενος
1427 2182 1760 2251 παράδεισος
1805 2182 1907 2249 πά-

312 2272 434 2339 λιν,
476 2273 571 2335 τὰς
599 2271 815 2341 ἀγαθὰς
864 2272 972 2324 τῶν
1009 2271 1237 2324 δικαίων
1286 2269 1639 2323 ὑποδείκνυσι
1682 2272 1906 2344 παρρη-

317 2365 727 2434 σιασθήσεσθαι
782 2364 1029 2434 πράξεις.
1086 2363 1160 2415 Τὸ
1253 2361 1437 2432 μέντοι
1511 2363 1908 2432 περιαγόμενον

312 2457 541 2526 θηρίον,
566 2458 600 2524 ἠ
634 2454 726 2509 τού
771 2453 1017 2507 διαϐόλου
1048 2453 1114 2506 ἂν
1147 2452 1234 2522 εἴη
1257 2453 1454 2522 πλάνη,
1481 2452 1547 2523 ἢν
1576 2454 1629 2505 ot
1687 2453 1908 2518 μάταιοι

310 2550 423 2603 ἐπὶ
454 2551 568 2610 τοῖς
601 2547 838 2610 εἰδώλοις
859 2546 1256 2616 πεπλάνηνται,
1288 2547 1321 2617 ἢ
1363 2551 1456 2600 καὶ
1483 2546 1909 2616 δημοσιευθεϊσα

307 2642 633 2710 οἰχήσεται,
665 2638 1006 2693 λανθάνουσα
1038 2637 1108 2690 τὰ
1149 2637 1322 2690 πολλὰ
1350 2640 1487 2701 τέως
1531 2638 1627 2692 καὶ
1660 2654 1906 2709 κρυπτο-

314 2734 493 2803 μένη.
530 2731 885 2801 Παρεδή).ωσε
924 2730 981 2783 δὲ
1014 2735 1109 2783 καὶ
1139 2729 1217 2799 τῷ
1245 2730 1325 2791 είς
1364 2729 1610 2792 ἐξέτασιν
1659 2730 1766 2800 πρὸ
1809 2727 1906 2782 τοῦ

315 2826 596 2893 ἄρχοντος
635 2820 972 2891 παρεστάναι
1018 2820 1257 2889 φανέντι,
1290 2819 1627 2888 φυλάξασθαι
1673 2821 1772 2882 τὰς
1798 2818 1911 2872 τῶν

312 2915 553 2981 φαύλων
581 2914 815 2983 ὁμιλίας,
853 2912 1031 2983 ἑαυτῷ
1063 2913 1156 2974 τοῦ
1190 2912 1380 2965 λοιποῦ
1404 2915 1494 2965 ἐπὶ
1525 2912 1687 2964 πλέον
1740 2929 1912 2981 προσ-

314 3010 550 3074 σίὸντα.
588 3008 744 3075 ’Ᾱρτι
775 3007 872 3075 μὲν
901 3002 994 3059 οὖν
1030 3005 1203 3058 ταῦτα
1233 3008 1261 3058 ὁ
1293 3002 1518 3073 Συμεὼν
1547 3006 1867 3076 προειρήκει
1894 3020 1909 3034 °

308 3098 489 3150 οὔπω
511 3096 566 3149 δὲ
592 3097 850 3164 τέταρτος
889 3092 1134 3164 παρῆλθε
1171 3092 1373 3161 μεταξὺ
1409 3090 1537 3160 μὴν,
1573 3090 1666 3143 καί
1694 3106 1778 3150 τις
1807 3106 1906 3159 με-

2005 1923 2300 1978 venturus,
2339 1920 2751 1983 arguturusque
2796 1910 2922 1965 illos
2984 1909 3307 1980 impietatis,
3368 1908 3587 1976 aliquos

2006 2006 2170 2060 etiam
2197 2003 2365 2059 morti
2405 2004 2718 2059 saevissimae
2746 2001 3076 2056 addicturus
3103 2008 3269 2054 esset.
3309 2000 3444 2054 Nam
3468 1999 3589 2054 Jor-

2007 2096 2176 2150 danes
2199 2096 2296 2165 qui
2334 2095 2691 2165 sequebatur,
2733 2100 3118 2162 praemonstrat
3152 2089 3268 2144 fore
3297 2098 3358 2144 ut
3401 2088 3587 2143 omnis

2010 2184 2227 2239 illorum
2260 2194 2450 2240 contra
2481 2186 2654 2240 Deum
2680 2184 2935 2252 impietas
2974 2196 3038 2236 ac
3083 2180 3313 2235 rebellio
3365 2179 3587 2248 penitus

2009 2276 2373 2342 obrueretur;
2406 2276 2498 2346 qui
2528 2290 2663 2331 vero
2690 2273 3052 2343 detegebatur
3075 2271 3386 2341 paradisus,
3440 2268 3586 2339 quod

2008 2362 2307 2431 proborum
2334 2370 2482 2418 recte
2507 2361 2649 2417 facta
2682 2360 2863 2431 palam
2895 2374 2960 2413 ac
3011 2357 3188 2412 libere
3237 2356 3585 2427 praedicanda

2005 2462 2218 2507 essent.
2267 2451 2403 2519 Qua:
2442 2461 2627 2507 autem
2679 2449 3175 2506 circumferebatur
3223 2447 3429 2513 bellua,
3466 2447 3586 2500 dia-

2009 2552 2123 2606 boli
2156 2552 2428 2606 fallaciam
2460 2561 2627 2621 atque
2655 2552 3016 2622 imposturam
3055 2564 3179 2605 esse
3224 2547 3432 2611 aiebat,
3487 2560 3586 2616 per

2010 2655 2177 2710 quam
2201 2640 2325 2694 vani
2347 2640 2623 2705 homines,
2653 2641 2709 2694 in
2740 2640 2902 2695 idolis
2944 2655 3098 2710 spem
3131 2648 3425 2709 ponentes,
3480 2638 3588 2692 cir-

2010 2730 2505 2785 cumveniebantur
2532 2748 2547 2797 ;
2568 2746 2802 2802 quaeque
2814 2747 2884 2786 eo
2906 2746 3081 2800 usque
3108 2739 3169 2785 ut
3186 2731 3489 2801 plurimum
3508 2730 3588 2783 la-

2011 2821 2199 2886 tilans,
2256 2820 2480 2876 tandem
2530 2822 2586 2875 in
2636 2822 2819 2877 lucem
2872 2820 3145 2892 producta
3198 2828 3585 2876 evanesceret.

2012 2910 2281 2966 lndicavit
2318 2912 2485 2966 etiam
2519 2928 2620 2982 per
2644 2929 2796 2978 eum,
2831 2912 2927 2983 qui
2950 2913 3018 2967 ad
3044 2912 3404 2981 quaestionem
3436 2908 3588 2965 acci-

2013 3012 2103 3058 tus
2131 3013 2311 3058 astare
2334 3005 2573 3075 principi
2608 3004 2898 3060 videbatur
2927 3005 3140 3060 moneri
3180 3020 3261 3069 se,
3294 3012 3358 3058 ut
3401 3003 3456 3057 in
3485 3016 3588 3073 po-

2013 3106 2221 3151 sterum
2260 3113 2291 3151 a
2322 3113 2619 3167 pravorum
2647 3098 2911 3168 alloquiis
2930 3114 2988 3153 se
3019 3096 3347 3160 custodiret,
3366 3096 3588 3165 sibique

310 3187 507 3255 γάλην
528 3187 606 3248 εἰς
655 3183 724 3252 τά
773 3183 906 3253 πρός
950 3183 1026 3234 ἕω
1069 3180 1249 3233 λαϐὼν
1298 3180 1491 3249 ἀρχὴν,
1514 3178 1776 3249 ἐπεδήμει
1834 3181 1902 3249 τῇ

2011 3165 2730 3246 studiosiusattendendum
2754 3165 2878 3247 esse
2906 3193 3092 3247 sciret.
3112 3192 3180 3246 Et
3203 3201 3335 3246 tunc
3357 3190 3586 3260 quidem

325 3277 642 3346 Ἀντιόχου,
710 3274 995 3343 Ἀμάντιος
1044 3274 1253 3343 ὄνομα,
1311 3272 1448 3342 ἀνὴρ
1512 3272 1859 3337 παιδευτικδς
1890 3314 1904 3336 ,

308 3367 578 3438 ἀρχικὸς,
621 3364 866 3435 λογισμῷ
902 3365 1200 3434 χρώμενος,
1229 3364 1479 3434 ἀρρεπὴς
1521 3364 1621 3434 τὴν
1656 3363 1905 3435 γνώμην,

307 3460 617 3530 ἐλεύθερος
643 3460 742 3528 τὴν
770 3457 969 3527 ψυχὴν,
996 3454 1161 3524 ζυγοῦ
1188 3456 1318 3525 περὶ
1347 3455 1407 3507 τὸ
1438 3455 1648 3509 δίκαιον
1682 3454 1899 3526 ἀκριϐέ-

2004 3280 2196 3336 isthaec
2228 3281 2671 3351 praedicebantur
2695 3298 2725 3337 a
2746 3283 3052 3355 Symeone:
3099 3297 3205 3339 nec
3254 3282 3590 3338 intercesse-

2006 3383 2142 3427 runt
2169 3388 2389 3428 menses
2412 3384 2672 3444 quatuor,
2720 3364 2845 3430 cu'm
2873 3376 3098 3447 quidam
3158 3375 3449 3430 Amantius
3486 3390 3591 3430 no-

2007 3462 2155 3517 mine
2190 3463 2322 3531 (45),
2355 3478 2456 3532 per
2480 3457 2762 3521 Orientem
2799 3480 2999 3535 magno
3041 3474 3312 3537 occupato
3334 3464 3588 3535 imperio.

308 3568 546 3623 στερος,
584 3550 822 3604 τοσαῦτα
862 3548 1038 3620 ζηλῶν
1080 3547 1220 3618 ὑπὲρ
1244 3547 1466 3618 ἀρετῆς,
1500 3548 1601 3600 ὅσα
1642 3548 1738 3601 καὶ
1770 3548 1909 3600 κατὰ

2011 3552 2357 3610 Antiochiam
2412 3558 2667 3612 accessit.
2719 3554 2812 3613 Vir
2865 3550 2985 3613 e’rat
3045 3558 3370 3623 litteratus,
3428 3565 3592 3628 aptus

304 3648 428 3717 τῆς
473 3645 689 3709 κακίας,
726 3645 818 3697 καὶ
846 3645 926 3705 είς
953 3643 1119 3712 ἄκρον
1152 3640 1419 3711 ἑκάτεραο
1453 3639 1510 3702 ὃς
1549 3640 1644 3693 καὶ
1673 3641 1779 3709 πρὸ
1811 3639 1906 3692 τοῦ

306 3760 347 3794 τ
362 3743 427 3808 ἦν
476 3737 746 3807 Ἀντιόχου
775 3735 1125 3800 καταλαϐεῖν,
1151 3734 1332 3788 πᾶσαν
1350 3732 1427 3797 ὡς
1451 3729 1563 3785 οἶόν
1586 3749 1646 3784 τε
1669 3747 1909 3802 κακουρ-

303 3831 461 3905 γίαν
507 3831 777 3902 περιεῖλεν
812 3827 914 3881 ἀνὰ
951 3827 1051 3898 τὴν
1092 3825 1207 3878 Ἕω
1230 3841 1244 3857 ο
1280 3824 1595 3896 τομωτέραν
1625 3823 1765 3877 κατὰ
1803 3824 1910 3883 τῶν

304 3922 590 3979 τοιούτων
646 3920 745 3992 τὴν
806 3920 1079 3991 μάχαιραν
1139 3917 1362 3986 ἐπάγων
1424 3915 1518 3969 τοῦ
1578 3914 1909 3986 ἀξιώματος,

304 4017 476 4067 ὥστε
516 4012 742 4065 δεδιέναι
783 4010 991 4072 πάντας
1037 4008 1135 4061 καὶ
1171 4007 1393 4078 τρέμειν
1433 4008 1571 4077 πρὸς
1608 4007 1709 4079 τὴν
1741 4006 1910 4062 αὑτοῦ

309 4103 661 4175 παρουσίαν,
709 4102 769 4156 ού
847 4100 1083 4169 φαύλους
1137 4098 1319 4169 μόνον,
1379 4098 1499 4152 οὐδὲ
1551 4098 1913 4171 κακούργους,

308 4196 469 4250 am
501 4196 594 4249 καὶ
623 4188 700 4257 οἷς
726 4195 789 4247 τὸ
817 4194 1059 4256 ἐπιεικὲς
1083 4193 1112 4245 ὀ
1139 4192 1253 4263 βίος
1287 4191 1422 4245 πολὺ
1468 4194 1563 4246 καὶ
1604 4194 1663 4246 τὸ
1698 4195 1916 4263 μέτριον

310 4285 470 4358 εἶχε.
511 4286 761 4356 Τοσαύτη
810 4302 892 4348 τις
932 4281 1000 4355 ἦν
1042 4286 1142 4353 τῆς
1179 4284 1483 4355 παρουσίας
1525 4283 1620 4337 τοῦ
1662 4285 1914 4356 ἀνδρὸς-η

311 4377 694 4444 κατάπληξις.

2014 3643 2272 3714 imperio,
2306 3646 2596 3702 ratiocinio
2619 3646 2852 3717 pollens.
2878 3657 3137 3704 constans
3175 3648 3384 3713 animo,
3403 3655 3593 3723 mente

2014 3739 2178 3806 liber,
2214 3741 2442 3812 iustitia:
2467 3742 2523 3796 in
2551 3741 2752 3812 primis
2786 3741 3104 3810 studiosus;
3146 3743 3240 3813 qui
3296 3750 3450 3796 tanto
3489 3757 3592 3812 pro

2014 3835 2243 3896 virtute,
2283 3844 2490 3905 quanto
2521 3843 2714 3890 contra
2734 3834 3087 3905 iniquitatem
3120 3836 3261 3897 zelo,
3297 3833 3591 3904 utrobique

2017 3935 2255 3984 summo,
2305 3922 2604 3992 agebatur:
2636 3922 2732 3992 qui
2777 3922 2932 3993 prius
2960 3921 3125 3978 etiam
3170 3937 3333 3990 quam
3377 3921 3595 3976 veniret

2016 4012 2389 4074 Antiochiam.
2445 4028 2663 4068 omnem
2721 4022 2990 4084 quantum
3055 4004 3239 4084 potuit
3286 4012 3591 4082 nequitiam

2015 4119 2115 4175 per
2147 4104 2428 4161 Orientem
2491 4104 2812 4169 sustulerat,
2869 4103 3108 4159 acutiori
3151 4104 3318 4159 etiam
3367 4103 3425 4157 in
3470 4103 3594 4158 illos

2014 4196 2210 4251 stricto
2233 4195 2436 4266 gladio,
2476 4194 2572 4265 qui
2622 4204 2781 4250 erant
2824 4193 2883 4248 in
2938 4193 3211 4264 dignitate
3264 4193 3591 4258 constituti;

2016 4288 2097 4345 sic
2124 4297 2184 4342 ut
2208 4289 2499 4343 universos
2540 4288 2705 4343 timor
2748 4304 2812 4343 ac
2863 4295 3074 4342 tremor
3116 4286 3427 4353 invaderet,
3472 4287 3595 4359 ipso

2016 4380 2387 4434 adventante:
2444 4394 2549 4433 nec
2581 4379 2761 4433 solum
2815 4376 2979 4432 nihili
3024 4377 3280 4432 homines
3314 4391 3379 4432 ac
3422 4377 3596 4432 male-

312 4472 465 4531 voli,
498 4470 593 4525 sed
621 4472 656 4525 ii
685 4471 926 4540 quoque,
956 4486 1193 4540 quorum
1229 4469 1341 4524 vita
1380 4484 1504 4525 cum
1539 4469 1815 4539 probitate
1881 4486 1948 4526 ac
1984 4472 2147 4528 bonis
2178 4472 2427 4527 moribus
2460 4472 2755 4543 conjuncta
2817 4478 2960 4538 erat,
2990 4469 3435 4536 reformidarent,
3460 4468 3597 4524 adeo

314 4564 611 4625 terribilis
636 4571 759 4617 erat
788 4563 910 4632 ejus
940 4563 1255 4632 praesentia.

406 4656 534 4728 ροδ’.
564 4646 731 4714 Οὗτος
758 4651 984 4715 πολλοὺς
1005 4652 1108 4705 ἀνὰ
1133 4652 1232 4721 τὴν
1270 4651 1541 4721 Ἀντιόχου
1576 4653 1686 4705 τῶν
1723 4652 1909 4723 Ἐλλη-

2089 4653 2209 4707 174.
2241 4651 2341 4709 llic
2371 4653 2574 4708 multos
2604 4654 2893 4723 gentilium
2925 4661 2981 4708 et
3004 4653 3295 4708 atheornm
3329 4654 3601 4711 siderum-

317 4748 537 4806 νιστῶν
567 4746 661 4799 καὶ
686 4745 884 4807 ἀθέων,
903 4743 1011 4797 τῶν
1035 4760 1094 4794 τε
1120 4743 1335 4813 περὶτὰ
1359 4744 1615 4814 σχήματα
1635 4742 1746 4798 τῶν
1764 4744 1917 4798 ἀστέ-

317 4860 445 4916 ρων
478 4840 573 4893 καὶ
593 4839 691 4901 τὰς
708 4824 918 4899 ⁴’ἲιλοκᾶις
941 4836 1267 4907 κεχηνότων,
1293 4835 1437 4904 ἆπερ
1457 4837 1640 4900 αὐτοῖς
1661 4837 1803 4890 κατὰ
1823 4839 1922 4907 τῆς

314 4935 597 5004 προνοίας
640 4930 976 4999 ἐπινενόῃτο,
1032 4928 1358 4982 καὶτούτων
1388 4930 1501 4982 ὅσοι
1551 4929 1924 4999 διαφερόντως

314 5028 443 5084 τῶν
502 5025 680 5080 ἄλλων
732 5021 1142 5093 ὲπισημότεροι,
1195 5020 1439 5091 ἀνευρὼν
1484 5021 1789 5089 φιλοπόνως
1824 5021 1921 5075 καὶ

318 5115 756 5185 συλλαϐόμενος,
778 5114 872 5166 καὶ
904 5112 1101 5173 αὐτοὺς
1136 5110 1234 5178 μὲν
1263 5111 1342 5172 είς
1371 5111 1724 5184 δεσμωτήρια
1752 5128 1922 5166 κατα·

319 5206 581 5269 κλείσας,
614 5203 791 5266 πάσας
825 5201 881 5254 δὲ
928 5201 1025 5265 τὰς
1055 5200 1238 5254 αὐτῶν
1270 5200 1507 5270 βίϐλους,
1549 5200 1609 5266 ἐξ
1647 5196 1723 5257 ὧν
1772 5202 1919 5256 ἐκεί..

410 5360 522 5431 (45)
546 5359 599 5413 Is
625 5375 731 5431 non
758 5356 919 5423 alius,
951 5357 1126 5431 credo,
1154 5356 1333 5431 fuerit,
1360 5372 1520 5431 quam
1540 5356 1604 5410 de
1629 5373 1730 5427 quo
1755 5357 1922 5431 Theo-

272 5462 289 5483 .-
325 5426 537 5496 plumea
597 5430 666 5482 ad
708 5432 910 5481 aurium
958 5428 1026 5483 29
1066 5426 1524 5496 lustiuianiimp.
1578 5426 1674 5481 hoc
1720 5429 1916 5484 modo:

373 5450 537 5483 mmet;
597 5450 664 5482 aa
708 5450 910 5481 annum
960 5450 1026 5483 Ζῖν
1066 5450 1362 5480 δαδιιιιιαηι
1393 5450 1524 5496 Imp.
1578 5450 1674 5481 ηυσ
1720 5450 1916 5484 1ηοιιο;

322 5450 609 5568 ἰζιωρορὶι
632 5500 907 5561 Amantio,
941 5499 1150 5551 militiae
1183 5497 1466 5568 magistro,
1488 5498 1553 5550 in.
1574 5497 1918 5568 Palaestinam

328 5571 507 5625 miss»
526 5566 595 5622 de
623 5570 887 5637 Stephani
915 5569 1061 5622 caede
1088 5568 1368 5637 inquirere
1406 5566 1602 5636 (fuerat
1628 5569 1710 5620 hic
1736 5566 1916 5637 ϐαξξη-

328 5655 444 5695 rem
474 5635 748 5710 manus
783 5649 940 5706 atque
975 5655 1007 5691 a
1039 5635 1704 5710 tumultuantibusjudafis
1736 5646 1782 5690 et
1811 5635 1913 5691 Sa-

327 5705 707 5772 maritis,'una
737 5705 858 5761 cum
895 5723 1111 5761 numero
1144 5723 1249 5759 non
1271 5722 1435 5774 parvo
1465 5705 1909 5772 Christianarum,

324 5780 690 5850 interfectus»,
730 5779 822 5847 qui
846 5794 986 5847 quos
1019 5777 1454 5846 rcperitsontes,
1492 5777 1627 5832 alios
1678 5793 1911 5847 suspen-

624 5872 875 5933 Ριιτιιοι,
946 5870 1063 5930 Gn.
1112 5868 1457 5931 LXXXVI.

2021 4761 2130 4815 que
2162 4747 2479 4816 aspectibus
2508 4753 2565 4823 et
2594 4744 3080 4815 conjunctionibus
3113 4747 3464 4816 speculandis
3501 4747 3601 4802 de-

2022 4835 2289 4902 ditorum,
2326 4851 2391 4890 ac
2426 4837 2597 4890 multa
2628 4835 2757 4889 inde
2790 4844 2982 4890 contra
3013 4835 3425 4890 Providentiam
3453 4835 3600 4890 divi-

2018 4944 2145 4982 nam
2175 4929 2567 4991 astruenlium,
2604 4928 2909 4997 praesertim
2956 4927 3308 4993 illustriores,
3351 4927 3598 4983 studiose

2019 5019 2360 5089 conquisitos
2410 5019 2918 5089 comprehendebat
2972 5019 3470 5090 compingebatque
3540 5019 3599 5075 in

2019 5128 2296 5168 carcerem
2330 5129 2344 5166 ι
2376 5112 2545 5166 libros
2594 5120 2776 5165 autem
2825 5111 3045 5165 illorum
3089 5127 3303 5177 omnes,
3360 5127 3429 5168 ex
3478 5112 3602 5184 qui-

2020 5204 2125 5260 bus
2145 5204 2279 5259 falsa
2304 5203 2575 5273 sapientia
2598 5210 2655 5258 et
2676 5217 2831 5257 novae
2856 5212 3049 5258 contra
3071 5202 3363 5259 veritatem
3385 5203 3601 5273 opinio-

2030 5356 2144 5421 dio,
2170 5356 2308 5411 alios
2325 5357 2523 5427 capitis
2552 5358 2915 5420 abscissione.
2938 5360 3284 5417 truncatione
3320 5351 3601 5416 membro-

2025 5443 2145 5500 rum
2178 5430 2496 5500 nonnullos.
2560 5431 2855 5500 plerosque
2906 5430 3228 5487 facultatum
3299 5432 3600 5486 amissione

2019 5498 2292 5571 multavit.
2348 5499 2424 5553 Ex
2478 5515 2589 5567 quo
2610 5498 2792 5571 metus
2847 5500 3042 5571 ingens
3080 5503 3134 5554 in
3161 5509 3348 5571 partes
3404 5515 3599 5554 omnes

2017 5566 2327 5641 Orientales
2352 5566 2651 5641 incubuit.
2694 5569 2831 5625 Hinc
2864 5566 3022 5641 porro
3075 5566 3350 5641 colligitur
3394 5571 3594 5631 omnia,

2014 5653 2132 5707 quae
2156 5636 2219 5691 ab
2241 5640 2392 5712 initio
2416 5642 2604 5711 capitis
2636 5640 2705 5697 15
2735 5642 2837 5694 huc
2864 5636 3052 5711 'usque
3119 5636 3221 5712 per'
3241 5639 3309 5695 70
3352 5655 3598 5712 numeros

2013 5716 2330 5779 narrantur,
2362 5708 2506 5764 intra
2546 5712 2714 5765 «nius
2745 5720 2839 5765 aut
2885 5720 2940 5765 ut
2968 5708 3253 5766 sumntum
3292 5708 3600 5779 sesqui/mni

2009 5778 2183 5847 spatio
2207 5781 2471 5834 accidisse.

3152 5873 3229 5933 99
