4018 6418
433 339 575 407 3H7

1647 335 1703 392 S.
1748 331 2123 392 SYMEONIS
2162 332 2525 395 JUNIORIS

3551 337 3684 407 3148

432 469 533 508 nes
586 449 1077 522 depromebantur,
1123 447 1371 518 collegit;
1421 462 1599 515 neque
1662 448 1781 502 illos
1826 447 2010 508 modo,

2125 461 2228 509 νοις
2273 445 2308 515 ή
2349 444 2650 515 ψευδομένη
2693 443 2855 514 σοφία
2900 446 2992 499 καὶ
3030 447 3092 498 τὸ
3137 448 3275 498 κατὰ
3309 449 3401 513 τῖς
3437 449 3708 536 ἀληθείας.

429 545 526 598 sed
572 542 718 596 idola
746 541 998 597 similiter
1037 539 1240 601 omnia,
1277 538 1331 591 in
1364 536 1564 605 quibus
1596 545 1854 605 tanquam
1902 535 2010 589 diis

433 633 785 703 conﬁdebant
813 650 828 686 :
853 631 1140 701 Argentum
1173 631 1364 698 quippe
1384 644 1538 682 suum
1563 640 1614 684 et
1642 643 1834 681 aurum
1855 643 2008 681 suum

436 727 668 795 fecerunt
693 725 788 778 sibi
815 723 959 776 idola
985 723 1048 776 ³¹.
1090 721 1159 775 Ει
1195 740 1206 774 :
1244 723 1610 776 Adoraverunt
1641 737 1701 775 ea
1735 737 1852 791 qua:
1875 721 2008 791 fece-

439 825 559 871 rant
579 817 728 886 digiti
757 817 990 885 ipsorum
1017 814 1082 878 ³³,
1116 823 1176 866 ut
1206 830 1331 867 cum
1356 814 1494 868 Osea
1526 824 1690 884 atque
1729 813 1866 867 lsaia
1888 827 2012 882 pro-

437 909 619 980 phetis
651 909 860 977 loquar.
900 907 967 960 Et
1004 921 1071 960 ex
1116 906 1274 961 libris
1311 907 1534 976 quidem
1582 923 1693 960 non
1738 906 2007 960 modicam

433 998 693 1054 excitavit
728 999 1022 1062 ﬂammam,
1065 997 1248 1051 medio
1279 999 1398 1052 foro
1430 997 1485 1051 in
1526 997 1708 1067 ignem
1756 996 2006 1068 injectis;

433 1091 705 1145 idolorum
742 1103 874 1143 vero
906 1089 1288 1158 impotentiam
1317 1105 1381 1143 ac
1413 1089 1849 1144 imbecillitatem
1895 1103 2010 1143 ma-

434 1183 630 1237 nil'este
666 1180 1086 1248 demonstravit,
1125 1181 1514 1250 suspendendo
1547 1182 1636 1235 illa
1669 1181 1723 1235 in
1753 1182 2010 1252 compitis

431 1289 494 1326 ac
536 1272 752 1342 plateis,
785 1272 1236 1342 ostendendoque
1260 1271 1398 1326 nihil
1433 1286 1553 1326 esse
1585 1271 1819 1340 amplius
1843 1287 2006 1341 quam

431 1365 579 1434 quod
608 1364 886 1427 videntur,
915 1379 1084 1433 opera
1119 1379 1380 1418 manumn
1405 1372 1460 1418 et
1486 1364 1650 1429 artis;
1685 1363 1826 1418 nihil
1858 1364 2007 1419 aliud

431 1471 595 1526 quam
621 1456 765 1526 quod
797 1470 918 1510 esse
947 1456 1062 1525 ipsa
1088 1457 1282 1511 volunt
1305 1455 1565 1520 artifices,
1598 1465 1657 1509 ut
1679 1455 1860 1510 denuo
1882 1470 2011 1511 ver-

434 1545 518 1600 bis
552 1545 948 1616 prophetarum
978 1555 1121 1599 utar.
1156 1544 1344 1599 Stabat
1375 1560 1593 1615 quoque
1624 1546 1737 1611 ille,
1773 1547 1864 1616 qui
1894 1547 2007 1618 jam

434 1633 644 1703 pridem
669 1633 926 1704 Symeoni
957 1634 1010 1686 in
1033 1633 1247 1688 visione
1273 1645 1624 1703 apparuerat,
1647 1651 1831 1690 coram
1857 1636 2009 1706 prin-

434 1725 555 1794 cipe
608 1725 660 1778 in
705 1723 1060 1793 quaestionem
1095 1731 1322 1778 vocatus
1365 1741 1376 1777 :
1414 1725 1509 1778 sed
1557 1725 1858 1781 monachus
1885 1727 2008 1796 qui-

2117 536 2509 602 νεανιεύεσθαι,
2533 537 2594 590 οὐ
2629 536 2736 607 μὴν
2758 536 2896 591 ἀλλὰ
2919 537 3011 591 καὶ
3039 538 3108 592 τὰ
3134 537 3328 590 εἴδωλα
3358 540 3532 595 πάντα
3567 541 3710 596 συν-ι’

2117 629 2361 698 αγαγὼν,
2393 625 2474 692 οἷς
2518 629 2616 680 ὅσα
2659 629 2752 682 καὶ
2798 629 2939 692 θεοῖς
2971 630 3335 685 ἐπεποίθεσαν
3379 633 3476 700 (Τὸ
3511 634 3694 702 ἀργύ-
3781 672 3790 695 μ

2108 740 2246 790 pter
2273 721 2382 791 γὰρ
2415 722 2614 775 αὐτῶν
2649 722 2745 776 καὶ
2785 725 2850 776 τὸ
2879 726 3136 792 χρυσίον
3164 723 3364 779 αὐτῶν
3398 726 3700 794 ἐποίησαν

2116 812 2352 878 ἑαυτοῖς
2382 812 2621 877 εἴδωλα,
2655 812 2752 866 καί
2783 816 3254 880 προσεκύνησαν
3282 811 3372 882 οἷς
3396 817 3699 886 ἐποίησαν

2116 906 2168 956 οἱ
2194 901 2480 956 δάκτυλοι
2510 900 2728 966 αὐτῶν,
2757 903 2845 956 ἵνα
2873 903 2966 957 καὶ
3001 903 3160 975 Ὠσηέ
3192 906 3312 974 ἅμα
3337 906 3429 959 καὶ
3465 907 3701 962 Ἡσαΐαν

2116 993 2223 1065 ἔχω
2262 993 2829 1064 συμφθεγγομένους),
2863 995 2970 1048 τῶν
3026 996 3124 1066 μὲν
3181 997 3243 1048 οὐ
3293 997 3498 1067 μικρὰν
3548 1000 3699 1071 αἴρει

2117 1086 2310 1153 φλόγα,
2365 1084 2478 1156 πῦρ
2533 1084 2672 1137 κατὰ
2722 1085 2894 1154 μέσην
2934 1086 3138 1156 ἀγορὰν
3174 1087 3359 1150 αὐτοῖς
3399 1089 3652 1160 ἐμϐαλών
3677 1107 3694 1121 ·

2115 1181 2224 1233 τῶν
2271 1179 2328 1233 δὲ
2387 1179 2704 1251 δημοσιεύει
2751 1180 2999 1252 φανερῶς
3059 1181 3160 1251 τὴν
3208 1183 3513 1248 ἀσθένειαν,
3569 1189 3696 1241 κατ’

2115 1272 2374 1340 ἀμφόδων
2418 1274 2511 1325 καὶ
2552 1273 2824 1326 πλατειῶν
2869 1274 3154 1343 κρεμάσας
3183 1276 3342 1339 αὐτὰ,
3375 1277 3469 1330 καὶ
3510 1278 3697 1343 δείξας

2121 1357 2290 1427 μηδὲν
2345 1357 2506 1409 πλέον
2545 1357 2674 1411 ὄντα
2719 1357 2827 1412 τῶν
2863 1359 3183 1430 ὁρωμένων,
3220 1365 3357 1420 ἀλλὰ
3394 1368 3539 1423 τοῦτ’
3573 1373 3712 1428 αὐτὸ

2118 1448 2318 1520 χειρῶν
2355 1447 2494 1518 ἔργα
2523 1448 2618 1502 καὶ
2664 1450 2883 1522 τέχνης,
2917 1453 3071 1508 οὐδὲν
3106 1455 3255 1521 ἄλλο,
3294 1459 3326 1528 ἢ
3356 1460 3384 1513 ὂ
3423 1445 3711 1532 βούλονται.

2116 1544 2164 1594 οἱ
2202 1543 2440 1610 τεχνῖται
2486 1541 2626 1595 αὐτὰ
2674 1544 2948 1611 γενέσθαι,
2997 1547 3084 1601 ἵνα
3117 1553 3230 1611 τοῖς
3275 1552 3384 1605 τῶν
3410 1559 3714 1628 προφητῶν

2117 1630 2211 1682 καὶ
2256 1631 2350 1684 νῦν
2396 1633 2691 1703 χρήσωμαι
2741 1632 2985 1709 [λόγοις].
3027 1637 3288 1712 Είστήκει
3326 1643 3381 1698 δέ
3436 1648 3532 1700 καὶ
3573 1652 3716 1712 ότῷ

2131 1720 2294 1790 ’Δγίῳ
2319 1724 2510 1794 πρώην
2540 1726 2626 1779 διὰ
2648 1726 2884 1799 θεωρίας
2917 1705 3123 1800 ὀφθεὶς,
3170 1705 3276 1806 πρὸ
3317 1737 3412 1791 τοῦ
3445 1705 3712 1812 ἄρχοντος

433 1816 594 1880 dam,
649 1814 946 1870 admodum
1001 1813 1258 1885 Symeoni
1311 1815 1544 1879 similis,
1609 1817 1788 1886 ipsum
1843 1833 2011 1872 manu

2125 1816 2196 1878 είς
2228 1812 2498 1880 ἐξέτασιν,
2532 1819 2765 1889 μοναχδς
2793 1819 2849 1872 δέ
2869 1839 2975 1884 τις,
3009 1822 3090 1893 τῷ
3129 1826 3356 1896 Συμεὼν
3405 1807 3714 1902 προσεικαὲ

435 1906 798 1977 apprehensa,
853 1904 1077 1960 instanti
1106 1904 1316 1974 judicio
1345 1906 1574 1975 eripuit,
1605 1907 1850 1978 principe
1901 1909 2015 1963 cle-

435 2008 648 2053 menter
689 1997 894 2052 factum
931 1996 1164 2052 ferente.

510 2223 630 2276 I75.
669 2218 886 2275 Accidit
929 2234 1028 2288 per
1073 2216 1215 2272 idem
1249 2228 1483 2286 tempus,
1529 2231 1722 2270 eorum
1756 2216 1850 2285 qui
1890 2215 2016 2270 istic

438 2326 568 2371 sunt
610 2312 988 2368 mendicorum
1021 2309 1314 2380 quemdam
1382 2309 1448 2363 ad
1486 2308 1810 2380 Symeonem
1861 2323 2019 2363 acce-

438 2410 590 2470 dere,
635 2411 800 2476 atque
835 2419 902 2460 ex
935 2403 1109 2474 ipsius
1150 2411 1299 2457 terra
1341 2399 1550 2471 aliquid
1602 2408 1880 2470 petentem
1927 2417 2019 2456 ac-

439 2501 663 2570 cipere,
723 2496 1072 2552 Antiochiam
1126 2494 1326 2550 deinde
1393 2494 1449 2548 in
1508 2493 1787 2564 tugurium
1853 2508 2015 2547 suum

442 2603 750 2653 reversum,
817 2584 1103 2641 oﬂ‘endere
1160 2583 1330 2639 alium
1365 2581 1660 2653 quemdam
1708 2580 2016 2636 vicinorum

442 2696 692 2744 suorum,
741 2688 797 2734 et
846 2679 1025 2749 ipsum
1075 2676 1413 2741 mendicum,
1447 2675 1682 2745 pedibus
1736 2672 2019 2727 manibus-

440 2789 549 2842 que
589 2771 819 2842 paralysi
861 2769 1022 2824 tactis
1077 2767 1538 2832 decumbentem;
1576 2765 1693 2835 qui,
1738 2765 1806 2819 ab
1846 2765 2019 2818 altero

442 2863 537 2917 illo
582 2862 808 2932 pulvere
851 2861 964 2930 jam
1032 2857 1181 2913 dicto
1231 2872 1506 2927 aspersus,
1583 2854 1741 2908 visus
1791 2853 1894 2908 sibi
1936 2861 2021 2908 est

441 2955 633 3009 videre
695 2953 1024 3007 monachum
1077 2949 1394 3020 quemdam,
1447 2949 1604 3003 vultu
1649 2955 1816 3017 atque
1865 2962 2019 3002 coma

444 3046 701 3117 Symeoni
732 3042 1093 3114 persimilem,
1129 3043 1335 3112 jacenti
1369 3041 1473 3094 sibi
1502 3039 1874 3110 porrigentem
1907 3054 2022 3092 ma-

2119 1906 2336 1973 σμένος,
2387 1911 2506 1961 κατ’
2561 1910 2876 1981 ὀφθαλμοὺς
2928 1914 3150 1968 πάντων
3188 1917 3485 1990 λαϐόμενος
3536 1927 3714 1980 αὐτοῦ

2116 1997 2218 2066 τῆς
2264 2001 2466 2071 χειρὸς,
2500 2003 2735 2068 ἐξείλετο
2761 2008 2856 2075 τῆς
2892 2007 3191 2081 μελλούσης
3237 2014 3488 2086 εὐθύνης,
3516 2021 3714 2090 πράως

2117 2092 2211 2144 τοῦ
2245 2092 2506 2164 ἄρχοντος
2535 2095 2596 2148 τὸ
2628 2099 2852 2166 γεγονὸς
2881 2103 3220 2172 ἐνεγκόντος.

2190 2238 2312 2304 ροε’.
2360 2229 2607 2299 Ἐγένετο
2651 2229 2709 2283 δέ
2753 2246 2874 2283 τινα
2917 2229 3215 2299 τηνικαῦτα
3257 2231 3576 2302 προσαίτην,
3617 2233 3698 2302 τῷ

2118 2321 2248 2392 θείῳ
2278 2321 2503 2392 Συμεὼν
2535 2320 2921 2391 προσελθόντα,
2957 2322 3054 2389 τῆς
3084 2322 3293 2374 ἐκείνου
3323 2339 3381 2375 τε
3410 2324 3516 2392 γῆς
3547 2325 3702 2393 αἰτή-

2121 2432 2289 2468 σαντα
2331 2414 2425 2466 καλ⁸
2463 2413 2716 2475 λαϐόντα,
2752 2412 2832 2476 εἷς
2872 2429 2928 2464 τε
2969 2413 3067 2481 τὴν
3108 2413 3381 2484 Ἀντιόχου
3431 2416 3566 2485 πρὸς
3599 2417 3703 2484 τὴν

2119 2507 2327 2560 οἰκείαν
2359 2504 2514 2568 αὖθις
2543 2504 2784 2572 καλύϐην
2815 2503 3201 2568 ἐπανελθόντα,
3233 2506 3540 2573 παράλυτόν
3576 2523 3706 2560 τινα

2121 2601 2308 2668 χεῖρας
2337 2597 2431 2649 καὶ
2464 2596 2649 2661 πόδας,
2682 2597 2982 2667 προσαίτην
3014 2598 3109 2650 καὶ
3143 2600 3326 2661 αὑτὸν,
3356 2601 3419 2652 ἐκ
3443 2606 3706 2666 γειτόνων

2121 2687 2516 2756 κατακείμενον
2548 2685 2728 2756 ἔχειν’
2768 2686 2827 2739 ὃν
2869 2687 3037 2740 αὐτοῦ
3076 2687 3471 2758 φιλανθρώπως
3507 2689 3708 2758 ἐκείνῳ

2121 2778 2387 2849 χρίσαντα
2414 2777 2491 2846 τῷ
2518 2777 2623 2848 χοῖ,
2651 2777 2796 2841 ἔδοξέ
2824 2795 2945 2830 τινα
2979 2778 3056 2848 τῷ
3088 2781 3409 2850 παρειμένῳ
3441 2781 3705 2851 μοναχὸν,

2121 2868 2360 2922 τοιοῦτον
2404 2865 2515 2931 οἷος
2565 2870 2594 2920 ό
2650 2867 2874 2937 Συμεὼν
2931 2869 3030 2939 τὴν
3083 2870 3204 2938 ὄψιν
3247 2872 3342 2924 καὶ
3367 2870 3466 2941 τὴν
3501 2873 3708 2942 κόμην,

2125 2958 2253 3012 ἰδεῖν
2287 2957 2551 3029 ὀρέξαντα
2598 2961 2759 3030 χεῖρα
2803 2961 3059 3032 κειμένῳ,
3110 2962 3204 3015 καὶ
3236 2963 3426 3034 ὥσπερ
3457 2966 3563 3016 ἀπὸ
3606 2973 3712 3017 κε-

2122 3051 2426 3122 λεύσματος
2475 3051 2636 3106 αὑτὸν
2681 3053 3066 3124 ἀναστήσαντα
3121 3037 3216 3107 καὶ
3255 3056 3599 3126 παραχρῆμα
3638 3056 3713 3126 (ὣ

445 3153 601 3201 num,
649 3152 714 3191 ac
741 3135 910 3190 veluti
934 3149 1003 3189 ex
1030 3133 1288 3188 mandato
1313 3133 1493 3202 ipsum
1520 3130 1823 3200 erigentem
1855 3139 2016 3198 atque

2125 3142 2244 3205 πῶς
2293 3160 2410 3210 σου,
2452 3144 2690 3214 Χριστὲ,
2737 3145 2956 3216 λαλήσω
2997 3146 3094 3209 τὰς
3128 3147 3512 3218 δυναστείαςς)
3544 3148 3714 3219 ὑγιὴς

442 3245 573 3285 ecce
619 3227 732 3297 (qui
764 3227 1014 3296 eloquar,
1056 3224 1313 3288 Domine,
1345 3222 1645 3292 potentiam
1678 3231 1826 3275 tuam
1845 3220 1884 3291 ι)
1914 3230 2021 3275 sta-

448 3322 543 3375 tim
593 3318 924 3389 paralyticus
953 3330 1118 3371 sanus
1152 3314 1387 3394 exstjtit,
1413 3329 1673 3369 manuum
1711 3312 2020 3383 pedumque

446 3409 862 3480 expeditissimo
906 3423 1009 3461 usu
1042 3415 1288 3476 recepto.

524 3542 649 3596 176.
685 3541 862 3596 Judex
898 3551 1080 3595 autem
1107 3554 1202 3594 seu
1237 3538 1492 3609 princeps
1526 3537 1638 3603 ille,
1671 3537 1738 3592 de
1768 3553 1878 3607 quo
1905 3537 2023 3606 egi-

452 3650 576 3690 mus
624 3632 998 3704 (progreditur
1029 3631 1174 3688 enim
1203 3631 1269 3686 ad
1321 3631 1532 3702 reliqua
1565 3629 1742 3686 oratio
1783 3630 2021 3700 nostra),

450 3742 553 3798 pro
607 3727 836 3797 justitiaa
888 3724 1149 3778 tribunali
1189 3740 1411 3779 rursum
1450 3722 1765 3786 considens,
1824 3721 2024 3776 vinctis

450 3817 765 3890 singulatim
791 3832 854 3870 ac
888 3816 1140 3886 pluribus
1174 3814 1334 3870 simul
1364 3815 1482 3870 sisti
1509 3814 1696 3886 jussis,
1737 3813 1794 3867 in
1822 3828 2024 3867 unum-

451 3925 724 3982 quemque
753 3923 943 3963 eorum
981 3906 1402 3963 convenientem
1431 3920 1530 3975 pro
1559 3904 1771 3960 meritis
1805 3912 2028 3959 senten-

453 4005 582 4058 tiam
611 3997 1090 4056 condemnationis
1123 3998 1252 4052 tulit
1285 4014 1298 4050 :
1334 4011 1502 4050 unum
1530 4011 1682 4062 vero,
1724 3995 1874 4065 quod
1899 4011 2027 4066 gra-

450 4099 605 4154 viora
664 4093 1008 4165 deliquisset,
1059 4092 1457 4161 seditionisque
1513 4090 1794 4161 popularis
1837 4100 2028 4146 auctor

453 4192 810 4256 incentorque
858 4184 1286 4241 novissimorum
1341 4183 1676 4238 tumultuum
1714 4182 1930 4248 fuisset,
1972 4183 2028 4236 in

453 4295 673 4336 carcere
707 4277 1026 4347 reliquerat,
1055 4273 1396 4348 gravissimis
1430 4272 1717 4328 tormentis
1746 4287 2032 4328 reservan-

2123 3235 2152 3288 ό
2182 3234 2493 3306 παράλυτος
2535 3229 2625 3306 ἦν,
2658 3236 2817 3289 ποσὶν
2855 3235 2992 3305 ὁμοῦ
3032 3237 3126 3290 καὶ
3159 3237 3346 3307 χερσὶν
3383 3237 3713 3311 ἐλευθερίως

2123 3343 2427 3399 χρωμενος.

2201 3548 2341 3614 ρος⁹.
2388 3542 2447 3596 '0
2475 3542 2654 3614 μέντοι
2692 3542 2953 3614 δικαστὴς
2994 3543 3198 3615 (ἔχεται
3223 3545 3331 3617 γὰρ
3349 3547 3425 3600 ἔτι
3458 3549 3554 3618 τῆς
3579 3551 3716 3604 ἀκο-

2125 3636 2344 3700 λουθίας
2367 3637 2396 3688 ό
2428 3635 2609 3704 λόγος)
2636 3635 2728 3686 ἐπὶ
2758 3635 3004 3706 βήματος
3033 3633 3190 3701 αὖθις
3225 3639 3540 3693 δικαστικοῦ
3570 3659 3715 3712 προ-

2128 3727 2382 3788 καθίσας,
2429 3726 2556 3789 τούς
2605 3742 2664 3778 τε
2714 3725 2998 3797 δεσμώτας
3039 3729 3160 3781 καθ’
3200 3730 3296 3783 ἕνα
3345 3733 3439 3784 καὶ
3490 3733 3717 3798 πλείους

2130 3817 2648 3889 παραστησάμενος,
2694 3819 2788 3872 καὶ
2821 3819 2919 3890 τὴν
2963 3820 3178 3890 ἑκάστῳ
3209 3824 3593 3893 προσήκουσαν
3626 3825 3720 3889 ἐξ·

2127 3905 2368 3977 ενεγκὼν
2399 3909 2718 3979 καταδίκην,
2739 3909 2837 3963 ἐνα
2860 3909 3066 3964 τούτων
3092 3910 3171 3980 (ὃς
3207 3913 3301 3966 καὶ
3331 3912 3612 3983 βαρύτατα
3643 3911 3720 3988 ἦν

2129 4000 2552 4073 ἐξημαρτηκὼς,
2583 4005 2678 4054 καὶ
2703 4003 2921 4065 στάσεις
2946 4003 3246 4073 δημοτικὰς
3275 4005 3584 4077 ἀνεγείρας,
3617 4010 3720 4062 καὶ

2131 4093 2410 4164 νεωτέρων
2467 4092 2712 4163 θορύϐων
2763 4093 3060 4163 ἁψάμενος)
3112 4095 3170 4146 ἐν
3215 4094 3293 4164 τῷ
3347 4096 3720 4169 δεσμωτηρίῳ

2132 4185 2536 4249 καταλελοίπει,
2581 4185 2914 4255 βαρυτάταις
2954 4187 3116 4239 αὐτὸν
3162 4189 3256 4240 καὶ
3290 4191 3583 4261 τιμωρίαις
3620 4209 3721 4244 τα-

2137 4275 2477 4345 μιευόμενος.
2526 4276 2614 4328 Ἐν
2645 4275 2882 4344 τοσούτῳ
2925 4275 2982 4331 δέ
3026 4294 3111 4340 τις
3144 4278 3326 4350 ἐνδεὴς
3358 4281 3590 4350 μοναχὸς
3633 4281 3720 4352 τῷ

451 4375 604 4429 dum.
637 4372 852 4426 Interea
896 4369 1202 4423 monachus
1249 4366 1474 4438 quidam
1530 4380 1762 4435 pauper,
1807 4364 2016 4436 Symeo-

2135 4367 2357 4436 Συμεὼν
2381 4366 2714 4437 προσελθὼν,
2749 4367 2841 4422 καί
2870 4384 3014 4432 τινος
3047 4369 3260 4422 ἐκείνου
3301 4371 3393 4423 τοῦ
3432 4371 3720 4442 δεσμώτου

453 4482 579 4521 nem
609 4460 966 4524 conveniens,
1002 4460 1229 4530 injecta,
1260 4466 1324 4512 ut
1370 4456 1596 4519 assolet,
1629 4455 1830 4524 captivi
1884 4455 2016 4508 illius

2139 4461 2382 4529 μνήμης,
2430 4454 2518 4511 οἷα
2553 4459 2717 4524 φιλεῖ,
2756 4459 3080 4529 γενομένης,
3133 4460 3404 4531 ἐπηύχετο
3457 4459 3514 4516 εῦ
3567 4466 3724 4536 αὐτῷ

456 4553 754 4614 mentione,
805 4551 1171 4620 precabantur
1205 4562 1530 4617 prosperum
1561 4547 1661 4610 illi,
1698 4546 1810 4600 Deo
1841 4545 2016 4614 propi-

2135 4549 2390 4616 γενέσθαι
2424 4549 2576 4618 παρὰ
2620 4548 2776 4612 Θεοῦ,
2805 4549 2926 4601 Ὅτι
2979 4566 3070 4616 μοι
3112 4552 3586 4624 κατακεκλιμένῳ,
3616 4572 3726 4624 φη-

454 4647 555 4711 tio,
605 4653 862 4699 eventum
900 4660 913 4696 :
946 4641 1218 4708 Quoniam
1270 4637 1518 4708 precanti
1548 4638 1704 4701 mihi,
1739 4636 1937 4706 inquit,
1976 4636 2016 4690 ir

2138 4642 2243 4708 σὶν,
2277 4644 2337 4694 ἐν
2369 4640 2498 4712 ἱερῷ
2534 4640 2615 4712 (τὸ
2646 4639 2741 4693 τοῦ
2789 4639 2918 4692 ναοῦ
2966 4641 3222 4711 προσθεὶς
3270 4642 3460 4715 ὄνομα)
3486 4646 3726 4712 ἐπιστὰς

453 4739 687 4796 ecclesia
735 4737 916 4808 (cujus
968 4748 1175 4789 nomen
1202 4746 1424 4802 quoque
1481 4730 1796 4801 adjiciebat)
1838 4731 2016 4786 astitit,

2137 4734 2230 4784 καὶ
2266 4731 2568 4802 πυθόμενος
2600 4732 2723 4784 ὅτου
2767 4731 3024 4808 δεοίμην,
3059 4734 3273 4803 ἱμάτιον
3316 4735 3566 4806 ὠνήσατο
3601 4739 3726 4809 τρί-

456 4844 509 4884 et
537 4844 662 4884 cum
690 4827 978 4889 audiisset,
1004 4822 1139 4895 quid
1167 4831 1433 4892 peterem,
1453 4827 1663 4874 vestem
1693 4819 1832 4873 hanc
1863 4820 2016 4874 cilici-

2138 4837 2306 4889 χινον·
2341 4819 2534 4873 τούτου
2584 4821 2692 4890 γὰρ
2745 4815 2813 4890 ἦν
2861 4837 2952 4889 μοι
3008 4821 3144 4892 πρὸς
3187 4823 3434 4893 ἀνάγκης
3468 4827 3500 4896 ἡ
3540 4827 3722 4895 χρεία.

459 4938 583 4975 nam
630 4919 854 4980 cocmit,
893 4917 1050 4984 cujus
1081 4927 1232 4967 cram
1279 4910 1550 4981 imprimis
1586 4918 1814 4980 urgente
1847 4925 2016 4965 neces-

2143 4910 2372 4978 ’Έτερος
2412 4909 2471 4962 δέ
2502 4927 2584 4972 τις
2611 4908 2910 4979 προσαίτης
2937 4913 3031 4963 καὶ
3062 4907 3238 4977 οὗτος,
3280 4913 3434 4983 Ἐμοὶ
3452 4915 3530 4977 δὲ,
3563 4919 3721 4986 φησὶ,

458 5013 619 5065 sitate
657 5009 896 5078 indigus.
933 5005 1088 5059 Alius
1121 5017 1342 5072 quoque
1378 5002 1684 5068 mendicus,
1715 5001 1848 5054 mihi
1878 5017 2010 5055 vero

2139 4999 2414 5070 ἐπιτυχὼν
2465 5000 2588 5053 καθ’
2613 5001 2752 5065 ὁδὸν,
2804 5001 3024 5071 δαψιλὲς
3070 5004 3150 5065 είς
3199 5005 3494 5078 διατροφὴν
3540 5011 3729 5078 κέρμα

461 5101 658 5170 inquit,
715 5113 814 5168 per
865 5096 1008 5148 viam
1049 5107 1364 5156 occurrens,
1412 5092 1678 5162 insignem
1729 5091 1924 5160 stipem
1966 5107 2016 5143 at

2138 5093 2379 5148 δεδώκει.
2411 5093 2604 5156 Ἀλλος
2626 5094 2683 5146 δὲ
2709 5094 2803 5146 καὶ
2827 5095 2991 5147 πάλιν
3022 5094 3329 5161 ὑπολαϐὼν,
3369 5100 3605 5161 Ἐκεῖνος
3629 5103 3730 5154 καὶ

462 5191 917 5248 sustentationem
935 5187 1162 5256 largitus
1176 5194 1280 5241 est.
1302 5187 1538 5241 Rursum
1563 5185 1702 5238 alius
1720 5184 2004 5253 excipiens

2144 5187 2341 5256 βρέφος
2383 5183 2486 5236 ὑπὸ
2521 5184 2621 5253 τῆς
2664 5185 2991 5256 γειναμένης
3034 5187 3279 5251 ἐκτεθὲν,
3311 5187 3436 5258 ἔφη,
3473 5190 3563 5241 καὶ
3595 5207 3724 5242 κνυ-

463 5287 608 5341 Idem
648 5282 760 5344 ille,
793 5279 1096 5348 inquiebat,
1137 5277 1396 5332 infantem
1440 5292 1469 5329 a
1507 5285 1680 5330 matre
1723 5275 2016 5344 exposituu‘

2144 5275 2405 5344 ζούμενον
2442 5275 2784 5345 ἀνελόμενος,
2834 5277 3031 5348 ἐρεύνῃ
3088 5293 3145 5329 τε
3196 5277 3466 5352 φιλοπόνῳ
3493 5283 3732 5345 γυναῖκα

463 5392 526 5431 ac
550 5375 856 5444 vagiemm
892 5370 1142 5435 sustulit;
1182 5385 1244 5424 ac
1276 5368 1466 5423 sedula
1500 5366 1862 5436 inquisitione
1916 5381 2006 5419 mu

2144 5366 2391 5418 νεοτόκον
2435 5365 2635 5435 εὑρὼν,
2679 5365 3041 5437 παρατίθησιν
3075 5369 3212 5438 αὐτῇ
3261 5367 3492 5438 θηλάσαι
3522 5385 3580 5420 τε
3611 5368 3735 5437 ἅμα

465 5470 676 5523 liercm.
715 5481 836 5534 qua:
883 5479 1074 5518 recens
1127 5469 1437 5533 pepererat,
1499 5459 1806 5521 inveniens,
1857 5458 2016 5512 eideu

2149 5458 2238 5510 καὶ
2283 5457 2543 5528 ἐκθρέψαι
2588 5457 2650 5510 τὸ
2695 5457 2913 5528 βρέφος,
2939 5459 3032 5511 δύο
3057 5459 3292 5529 χρυσοῦς
3329 5460 3463 5523 τέως
3488 5460 3734 5513 καταϐα-

466 5557 776 5616 lactandum
815 5568 976 5627 atque
1005 5555 1398 5611 enutriendum
1433 5553 1744 5615 commisit;
1785 5552 1925 5605 duos
1968 5551 2012 5603 si

2147 5545 2276 5611 λὼν,
2340 5547 2434 5600 καὶ
2489 5546 2544 5598 εί
2595 5563 2647 5599 τι
2710 5544 2838 5600 ἄλλο
2902 5546 3001 5615 τῆς
3068 5548 3197 5618 περὶ
3259 5548 3360 5615 τὴν
3416 5545 3728 5616 ἀνατροφὴν

536 5749 570 5772 ⁷·
619 5757 725 5805 Uss
767 5767 874 5811 vui,
909 5758 956 5804 lt.
1035 5751 1080 5781 ³³
1118 5751 1216 5802 lsa.
1262 5766 1318 5812 ιι,
1369 5747 1421 5798 8.
