4018 6428
249 392 406 460 3149

1265 390 1442 453 νιΤΑ
1479 390 1527 448 Α
1564 385 2003 448 NICEPHORO
2043 385 2533 447 CONSCRIPTA.

3400 385 3539 449 £1.30

253 509 602 582 μισθαρνίας
666 505 1095 563 ὲπικαταϐαλεῖν
1160 506 1257 561 καὶ
1317 506 1478 560 τοῦτο
1544 504 1849 577 βεϐαιωσά-

1961 504 2065 558 mul
2110 503 2430 574 dependens
2462 520 2686 572 aureos,
2735 515 3041 577 sancteque
3102 506 3381 578 spondens
3419 523 3545 577 per-

252 619 453 674 μενος.

338 779 472 851 ροξκ
496 780 638 861 [lg-‘9;
653 779 846 844 ταῦτα,
872 778 1074 832 πλείων
1088 771 1269 841 οἶκτος
1293 776 1460 830 αὑτοῦ
1480 771 1857 844 λαμϐάνειτδν

252 872 515 943 Συμεὼν,
534 871 627 926 καὶ
642 871 743 941 τῆς
762 870 972 926 ἄνωθεν
991 870 1130 941 ὑπὲρ
1146 867 1314 923 αὐτοῦ
1335 868 1497 923 πάλιν
1516 868 1723 926 ἐκεῖνος
1739 863 1858 933 φιλ-

250 962 584 1034 ανθρωπίας
614 962 802 1017 ἐδεῖτο,
835 961 925 1033 Τῷ
962 961 1062 1032 μὲν
1086 959 1178 1013 οὖν
1210 960 1438 1030 δικαστῇ
1466 957 1683 1011 δέδοκτο
1710 955 1811 1027 ἤδη
1835 994 1853 1021 ,

1958 594 2271 650 soluturum
2318 596 2546 667 insuper
2572 596 2846 668 quidquid
2890 613 2995 669 pro
3022 598 3355 654 educatione
3384 599 3542 669 pueri

1957 684 2388 754 expenderetur.

2031 777 2154 831 177.
2195 778 2413 833 Auditis
2438 780 2612 841 hisce,
2639 780 2848 850 majore
2876 778 3114 850 Symeon
3145 780 3367 850 capitur
3390 795 3548 835 com-

1959 866 2316 923 miseratione
2346 867 2475 930 viri,
2521 868 2878 939 divinumque
2907 885 3008 940 pro
3048 885 3117 925 eo
3147 870 3546 941 benignitatem

1959 961 2194 1030 supplex
2214 960 2565 1031 deprecatur.
2589 961 2820 1031 Jamque
2841 962 3009 1016 ﬁxum
3033 977 3099 1016 ac
3129 971 3398 1017 statutum
3426 973 3549 1017 eral.

248 1054 356 1124 νηῒ
406 1056 500 1108 τὸν
540 1054 711 1125 ἄνδρα
756 1054 955 1124 φόρτον
1009 1052 1293 1122 ἐμϐαλεῖν,
1331 1051 1427 1105 καὶ
1475 1049 1679 1120 ταύτην
1717 1049 1853 1103 ἀνά-

1961 1053 2131 1124 iudici
2183 1053 2469 1108 hominem
2504 1054 2629 1108 navi
2680 1052 2991 1123 imponere,
3038 1068 3273 1123 eamque
3326 1054 3546 1123 injectis

250 1149 448 1217 ψαιτα
485 1147 629 1202 κατὰ
680 1147 949 1215 πελάγους
982 1147 1223 1216 ἀφεῖναι,
1282 1141 1423 1196 ὥστε
1477 1141 1571 1195 τὸν
1617 1139 1856 1195 δείλαιον

255 1244 504 1305 ἐκεῖνον,
537 1242 607 1294 τὰ
639 1239 734 1294 δύο
762 1239 962 1303 ταῦτα,
1003 1238 1117 1317 πῆῦρ
1148 1238 1266 1310 ἅμα
1296 1238 1391 1291 καὶ
1436 1233 1584 1306 ὕδωρ
1621 1233 1852 1305 μερίσα-

255 1334 416 1386 σθαι.
456 1332 682 1385 Δέδοκτο
714 1329 908 1396 ταῦτα,
945 1330 1041 1385 καὶ
1073 1332 1108 1402 ἡ
1141 1328 1321 1401 ψῆφος
1346 1326 1593 1398 ἐκράτει,
1636 1324 1732 1379 καὶ
1761 1324 1853 1377 τὸν

256 1424 370 1493 μὲν
427 1422 715 1493 δεσμώτην
765 1423 1029 1492 ἀνάλογον
1061 1425 1120 1476 ὲν
1158 1423 1226 1493 τῇ
1278 1419 1493 1490 φυλακῇ
1529 1417 1853 1488 τηλικούτου

253 1515 597 1586 προσδοκίας
651 1514 827 1568 κακοῦ
880 1514 1000 1576 δέος
1033 1509 1146 1585 εἶχε
1178 1529 1193 1543 ⁸
1226 1513 1317 1566 τὸν
1351 1507 1578 1582 Συμεὼν
1622 1508 1680 1562 δὲ
1719 1525 1857 1580 χρη.

254 1607 497 1677 στότερα
529 1605 655 1676 περὶ
676 1604 842 1658 αὐτοῦ
875 1604 1081 1675 μᾶλλον
1102 1608 1130 1661 ὁ
1161 1606 1291 1675 περὶ
1311 1604 1439 1666 τοὺς
1467 1603 1671 1665 ἐνδεεῖς
1703 1598 1853 1654 ὲκεί-

250 1713 357 1749 νου
409 1697 559 1758 ἔλεος
587 1696 831 1761 ἐλπίζειν
871 1694 1066 1761 ἐποίει,
1100 1695 1237 1764 πρὸς
1276 1693 1427 1747 ἔλεον
1452 1692 1613 1746 πάλιν
1641 1691 1853 1761 δρῶντα

250 1788 428 1853 Θεοῦ,
457 1788 551 1841 τοῦ
625 1789 721 1841 καὶ
779 1787 1042 1857 ποτήριον
1094 1785 1304 1856 ψυχροῦ
1367 1785 1700 1855 δεχομένου,
1758 1784 1854 1838 καὶ

1958 1142 2195 1199 ﬂammis
2217 1158 2503 1199 accensam
2530 1143 2876 1199 committere
2905 1144 3133 1215 pelago;
3171 1152 3232 1198 ut
3278 1144 3544 1199 miserum

1958 1233 2073 1290 duo
2107 1235 2399 1300 elementa,
2430 1235 2575 1305 ignis
2600 1245 2657 1290 et
2682 1251 2844 1306 aqua,
2891 1218 3232 1306 partirentur
3273 1235 3545 1306 quodam-

1956 1326 2127 1382 modo
2156 1327 2304 1382 inter
2343 1343 2422 1382 se.
2451 1328 2552 1392 Ita,
2585 1327 2834 1397 inquam,
2885 1327 3055 1381 ﬁxum
3094 1327 3269 1398 judici
3310 1336 3433 1382 erat
3479 1340 3546 1382 ac

1958 1417 2142 1473 stabat
2170 1419 2445 1473 sententia
2466 1437 2482 1485 ;
2503 1420 2865 1491 vinctumque
2898 1420 2955 1475 in
2983 1418 3233 1475 custodia
3265 1418 3386 1488 pari
3414 1433 3546 1488 pro-

1958 1508 2215 1577 portione
2275 1520 2458 1565 metus
2488 1532 2491 1533 ν
2520 1512 2657 1566 tanti
2701 1512 2929 1584 jamjam
2987 1509 3247 1566 instantis
3293 1509 3423 1563 mali
3450 1523 3543 1564 oc-

1956 1609 2274 1670 cupaverat.
2307 1602 2511 1657 Verum
2551 1603 2771 1659 mitiora
2809 1604 2997 1660 omnia
3049 1618 3271 1674 sperare
3317 1602 3546 1675 Symeo-

1957 1705 2087 1745 nem
2126 1690 2355 1761 iubebat
2384 1693 2789 1759 misericordia,
2821 1708 2988 1763 quam
3030 1708 3158 1765 erga
3190 1693 3409 1764 indigos
3448 1693 3544 1748 ille

1958 1792 2309 1847 exercuerat,
2337 1786 2529 1841 oculos
2571 1787 2815 1842 vicissim
2846 1783 2904 1841 in
2941 1786 3383 1842 misericordiam
3442 1786 3540 1840 Dei

251 1874 539 1939 πλουσίως
605 1877 952 1945 ἁντιμετρεῖν
1010 1874 1215 1939 εἰδότος
1284 1874 1518 1943 ἀγαθαῖς
1577 1874 1844 1945 προαιρέ-

1961 1882 2391 1941 convertentem,
2445 1875 2542 1946 qui
2595 1892 2754 1947 aqua;
2808 1863 2977 1932 etiam
3030 1875 3243 1947 frigidae
3306 1875 3539 1929 calicem

252 1982 440 2022 σεσιν.

335 2143 476 2215 ροη’.
494 2144 747 2215 Γεωργοῦ
764 2145 821 2199 δέ
850 2163 992 2208 τινος
1012 2148 1069 2200 ἐν
1091 2145 1266 2217 τούτῳ
1297 2145 1406 2200 τῶν
1430 2145 1642 2200 ἐκείνου
1667 2146 1857 2217 ἀγρῶν

244 2239 421 2306 παρὰ
454 2237 545 2291 τὸν
582 2238 773 2307 Ἀγιον
808 2236 1148 2304 ἀνελθόντος,
1172 2239 1428 2292 κάκείνου
1460 2240 1592 2312 περὶ
1623 2238 1719 2293 τοῦ
1751 2240 1851 2294 άν-

240 2328 392 2399 δρδς
448 2330 730 2400 ἐρομένου,
768 2330 888 2400 ἥτις
926 2329 1057 2384 ποτὲ
1089 2331 1125 2401 ἡ
1168 2331 1290 2385 κατ’
1315 2329 1482 2385 αὐτοῦ
1530 2330 1713 2403 ψῆφος
1743 2332 1855 2403 εῖη,

241 2421 342 2484 ὡς
374 2421 581 2484 ἐκεῖνος
610 2420 679 2473 τὰ
703 2425 834 2492 περὶ¹
864 2420 1030 2476 αὐτοῦ
1076 2421 1377 2493 δεδογμένα
1406 2422 1605 2493 φράσοι
1649 2439 1663 2453 ·
1695 2424 1724 2476 ό
1751 2423 1855 2476 Συ-

247 2513 420 2586 μεὼν
455 2514 791 2578 πεποιθότως
820 2514 1129 2579 ὑπολαϐὼν,
1180 2515 1316 2568 Ούδὲ
1360 2514 1482 2586 θρὶξ
1516 2517 1582 2569 ὲκ
1628 2514 1731 2586 τῆς
1760 2533 1856 2570 κε-

246 2606 448 2676 φαλῆς
472 2605 635 2659 αὐτοῦ
675 2608 947 2669 πεσεῖται,
979 2602 1157 2671 εἶπεν,
1185 2608 1293 2660 οὐδ’
1325 2607 1374 2660 εί
1419 2606 1623 2670 πάντες
1660 2609 1711 2660 οί
1744 2608 1852 2678 γῆς

242 2700 528 2770 ἄρχοντες
552 2701 669 2752 κατ’
699 2699 864 2753 αὑτοῦ
894 2699 1254 2772 ἀθροισθεῖεν.
1272 2701 1347 2754 Οὐ
1375 2699 1485 2771 γὰρ
1504 2698 1540 2754 ἃ
1558 2698 1637 2771 τῷ
1664 2700 1858 2771 ἄρχον-

243 2806 313 2844 τι
355 2791 489 2860 περὶ
533 2790 629 2844 τοῦ
677 2791 890 2864 ἀνδρὸς,
922 2793 1060 2847 ἀλλὰ
1093 2796 1159 2865 τῇ
1197 2792 1406 2849 ἄνωθεν
1434 2794 1603 2864 ψήφῳ
1634 2799 1858 2864 κέκριτο

248 2880 479 2952 μᾶλλον
493 2882 685 2954 ἐκείνῳ
707 2884 834 2953 περὶ
855 2883 1019 2937 αὐτοῦ
1044 2885 1407 2957 προφητεύειν
1432 2885 1857 2957 ἐπῄει.”Επειτα

248 2974 461 3044 μέντοι
488 2976 580 3027 καὶ
608 2975 684 3039 ὡς
712 2977 747 3045 ἡ
778 2976 900 3050 χεὶρ
929 2976 1043 3047 ἔχει
1063 2976 1331 3031 διακονεῖν
1368 2977 1465 3031 ἐπὶ
1485 2979 1585 3050 τῆς
1608 2977 1857 3048 φυλακῆς

242 3062 422 3135 αὐτῷ
453 3067 683 3138 παρῄνει
712 3067 805 3121 τὸν
842 3068 1244 3138 γεωργόν”’1ν⁹
1272 3063 1334 3122 εὖ
1371 3085 1454 3122 σοι
1486 3068 1627 3139 μετὰ
1658 3068 1854 3133 ταῦτα,

1957 1977 2232 2039 acceptat,
2258 1968 2531 2040 bonisque
2572 1971 2878 2041 propositis
2913 1971 3123 2026 alIatim
3173 1968 3315 2025 solet
3357 1984 3543 2024 remu-

1958 2061 2165 2116 nerari.

2048 2153 2172 2209 I78.
2196 2152 2412 2210 Interea
2430 2153 2654 2224 quidam
2681 2153 2925 2225 agricola
2964 2168 3029 2208 ex
3062 2153 3212 2208 illius
3245 2154 3391 2225 agris
3449 2153 3544 2207 ael-

1958 2242 2192 2299 veniens
2230 2244 2301 2300 ad
2359 2251 2636 2307 sanctum,
2694 2245 3012 2300 sciscitatur
3067 2259 3258 2315 ecqua:
3318 2244 3541 2299 tandem

1958 2346 2153 2394 contra
2175 2341 2454 2410 captivum
2478 2339 2753 2395 sententia
2770 2339 3252 2409 pronuntiaretur,
3275 2345 3543 2409 rogatque

1959 2438 2023 2485 ut
2044 2430 2362 2500 eloquetur,
2400 2429 2535 2499 quid
2559 2429 2708 2484 circa
2759 2429 2941 2500 ipsum
2962 2428 3327 2484 constitutum
3359 2445 3425 2484 ac
3446 2430 3543 2483 dc-

1959 2529 2175 2577 cretum
2205 2522 2300 2577 sit.
2316 2520 2615 2591 Excipiens
2638 2529 2885 2581 sanctus.
2912 2511 3258 2576 con'ﬂdenter
3282 2519 3499 2589 reponit
3524 2539 3538 2573 :

1958 2614 2039 2669 Ne
2073 2613 2304 2683 capillus
2354 2611 2579 2683 quidem
2608 2611 2679 2667 de
2729 2612 2909 2683 capite
2936 2612 3082 2682 ‘ejus
3125 2610 3305 2677 cadet,
3351 2626 3464 2665 nou
3491 2612 3535 2665 si

1958 2718 2154 2759 omnes
2178 2703 2350 2758 totius
2373 2713 2536 2758 terrae
2568 2701 2854 2771 principes
2913 2692 3182 2756 adversus
3219 2702 3401 2770 ipsum
3441 2717 3540 2756 co-

1958 2793 2068 2849 acti
2096 2792 2306 2848 fuerint
2331 2809 2346 2845 :
2379 2806 2491 2846 non
2514 2791 2663 2845 enim
2687 2805 2810 2860 quas
2833 2790 3109 2861 principis
3144 2786 3381 2856 calculo,
3443 2792 3540 2845 sed

1958 2884 2147 2957 potius
2178 2898 2301 2954 qua:
2338 2882 2526 2937 divino
2564 2881 2811 2953 judicata
2843 2889 3072 2950 rataque
3113 2891 3295 2945 erant,
3346 2882 3541 2938 vatici-

1958 2973 2218 3030 nabatur.
2259 2971 2473 3028 Deinde
2522 2971 2693 3026 etiam
2745 2971 3075 3026 hortabatur
3115 2971 3435 3043 agricolam,
3479 2985 3541 3029 ut

1960 3065 2062 3137 ipsi
2091 3077 2357 3136 quantum
2378 3072 2566 3133 posset
2594 3065 2652 3118 in
2677 3063 2928 3119 custodia
2975 3063 3371 3120 famularetur:
3397 3065 3542 3133 Quo.

252 3157 433 3228 φησιν
464 3156 690 3229 γένηται
711 3159 845 3228 παρ’
874 3158 1063 3215 αὑτοῦ.
1106 3158 1165 3213 '0
1193 3159 1251 3213 δὲ
1290 3160 1446 3231 παρὰ
1478 3159 1541 3214 τὸ
1567 3159 1854 3232 δεσμωτή-

1961 3156 2268 3226 inquiebat,
2293 3156 2534 3227 benigne
2565 3155 2669 3211 tibi
2700 3154 3072 3227 ﬁatdeinceps
3102 3157 3174 3213 ab
3194 3157 3335 3227 ipso.
3355 3157 3544 3215 Currit

246 3267 388 3321 ριον
416 3250 676 3322 δρομαῖος
705 3249 900 3317 έλθὼν,
931 3251 1152 3321 κομίζει
1182 3251 1261 3323 τῷ
1292 3229 1574 3326 καταδίκῳ
1614 3229 1715 3325 τῆς
1747 3229 1854 3307 σω-

1965 3249 2057 3304 ille
2086 3247 2368 3303 curriculo
2391 3246 2460 3302 ad
2479 3262 2785 3314 carcerem,
2827 3247 3232 3304 faustissimum
3277 3249 3544 3305 damnato

241 3340 464 3412 τηρίας
492 3342 558 3396 τὰ
608 3342 924 3412 εὐαγγέλιαο
958 3343 1077 3416 ᾔδει
1115 3345 1251 3416 γάρ,
1300 3344 1417 3416 ᾔδει
1447 3347 1595 3416 σαφῆ
1642 3362 1860 3417 προφη-

246 3434 426 3487 τείαν
479 3428 620 3489 εἶναι
674 3434 744 3488 τά
795 3436 902 3490 ὑπὸ
952 3434 1048 3491 τοῦ
1101 3437 1283 3490 Ὀσίου
1317 3436 1611 3507 λεγόμενα,
1641 3438 1857 3503 πολλοῖς

246 3523 661 3596 προλαϐοῦσιν,
687 3526 825 3581 ἀλλὰ
886 3529 982 3583 καὶ
1039 3526 1222 3599 πο).λῷ
1279 3528 1547 3599 μείζοσιν,
1582 3528 1724 3599 ἔχων
1762 3531 1859 3584 καὶ

244 3615 407 3687 περὶ
438 3616 547 3669 τῶν
580 3618 870 3689 παρόντων
914 3618 1162 3691 θαρρεῖν.
1217 3619 1329 3689 Τῆς
1364 3618 1411 3670 δ’
1467 3617 1730 3688 ἐπιούσης
1759 3620 1857 3674 ἐπὶ

245 3708 518 3780 βήματος
567 3704 725 3773 αὖθις
780 3709 874 3763 τοῦ
909 3710 1169 3782 ἄρχοντος
1230 3710 1699 3781 προκαθίσαντος,
1761 3710 1858 3764 καὶ

242 3798 379 3854 ἀπὸ
411 3797 513 3868 τῆς
539 3798 787 3870 φυλακῆς
832 3798 1346 3870 μεταστειλαμένου,
1373 3800 1424 3851 ot
1458 3798 1559 3869 μὲν
1591 3800 1859 3868 παρόντες

242 3889 572 3959 ἀνήρτηντο
597 3893 720 3953 ταῖς
746 3890 875 3960 περὶ
907 3889 1076 3944 αὑτοῦ
1103 3889 1321 3943 ἐλπίσιν
1352 3905 1368 3921 ·
1405 3889 1434 3941 ὁ
1475 3890 1533 3943 δὲ
1569 3888 1854 3959 συμπαθές

241 4001 313 4038 τι
355 3982 453 4035 καῖ⁵
478 3982 691 4054 ἥμερον
723 3986 805 4047 είς
856 3982 1019 4037 αὐτὸν
1069 3981 1215 4050 ίδὼν,
1245 3982 1427 4054 ἀφῆκε
1475 3983 1657 4052 πάσης
1693 3981 1858 4036 αὑτὸν

243 4073 424 4144 παρὰ
480 4076 664 4128 πᾶσαν
726 4072 1058 4145 προσδοκίαν
1091 4072 1327 4144 εὐθύνης
1358 4088 1372 4102 ο
1415 4074 1513 4127 καὶ
1565 4071 1720 4143 παρὰ
1759 4072 1854 4125 τὸν

245 4167 463 4233 Ἀγιον
486 4163 750 4228 ἀνελθὼν,
780 4166 849 4219 τὰ
878 4166 976 4235 τῆς
1016 4167 1162 4238 ζωῆς
1196 4165 1345 4237 αύτῷ
1378 4167 1717 4239 χαριστήρια
1747 4182 1851 4220 πε-

247 4257 515 4331 ριφανῶς
538 4257 829 4328 ὡμολόγει,
860 4255 948 4311 οἶα
971 4259 1226 4323 θανάτου,
1260 4258 1361 4328 φεῦ
1392 4260 1405 4313 ί
1441 4258 1726 4329 αἰσχίστου
1753 4258 1850 4311 καὶ

246 4349 606 4420 πικροτάτου
634 4351 823 4422 εὐχαῖς
845 4349 1056 4405 ἐκείνου
1088 4351 1183 4405 καὶ
1219 4352 1543 4423 πρεσϐείαις
1570 4349 1856 4422 ἀπηλλαγ-

246 4441 457 4514 μένος.
493 4439 650 4494 Οὔτω
712 4442 814 4513 μὲν
870 4437 966 4496 οὖν
1022 4443 1175 4497 οὐδὲν
1226 4442 1338 4497 τῶν
1390 4440 1496 4496 ὑπὸ
1544 4440 1639 4495 τοῦ
1674 4440 1854 4495 ὐσίου

243 4532 690 4603 προειρημένων
727 4532 1126 4602 διαπεπτὼκει,
1152 4534 1291 4589 ἀλλὰ
1342 4533 1635 4604 σύμφωνον
1685 4537 1852 4588 πᾶσιν

241 4625 453 4687 αὐτοῖς
492 4625 557 4676 ὲκ
611 4622 708 4677 τοῦ
754 4625 942 4688 τέλους
971 4625 1071 4679 καὶ
1116 4625 1179 4680 τδ
1231 4625 1391 4698 ἔργον
1422 4626 1640 4696 ἀπήντα
1667 4640 1685 4656 ·
1722 4625 1855 4695 ἡμῖν

239 4716 315 4771 δὲ
358 4715 453 4768 καὶ
478 4715 551 4770 τά
576 4716 704 4790 ἑξῆς
722 4717 831 4772 τῶν
869 4716 1035 4774 αὐτοῦ
1068 4718 1367 4788 θαυμάτων
1393 4716 1704 4781 ἀκολούθως
1730 4716 1851 4771 δια-

240 4807 519 4879 ληπτέον.

1961 3340 2157 3395 salutis
2188 3339 2447 3394 nuntium
2478 3348 2745 3410 portans:
2778 3349 3011 3396 noverat
3064 3341 3237 3408 enim,
3266 3352 3327 3397 et
3369 3340 3545 3412 probe

1961 3438 2194 3486 noverat
2246 3440 2455 3486 certam
2486 3447 2610 3488 esse
2643 3432 3025 3504 prophetiam;
3061 3448 3132 3488 ex
3187 3434 3381 3507 multis
3425 3436 3542 3506 jam

1960 3528 2089 3577 ante
2122 3521 2464 3585 memoratis,
2498 3522 2612 3578 imo
2629 3531 2687 3578 et
2717 3524 2880 3594 longe
2936 3523 3193 3593 pluribus
3243 3540 3544 3594 persuasus

1960 3613 2030 3669 de
2075 3613 2438 3685 praesentibus
2488 3614 2633 3669 bene
2663 3629 2910 3684 sperare.
2961 3614 3190 3669 Postero
3226 3615 3316 3670 die
3345 3657 3362 3680 ,
3388 3616 3544 3686 prin-

1960 3705 2084 3776 cipe
2101 3720 2203 3775 pro
2226 3704 2491 3761 tribunali
2509 3704 2694 3760 denuo
2708 3705 2961 3772 sedente,
2992 3706 3352 3775 vinctumque
3377 3722 3409 3762 θ
3440 3724 3543 3763 eu-

1957 3797 2137 3853 stodia
2190 3796 2401 3852 accersi
2452 3796 2706 3866 jubente,
2776 3796 3096 3867 pendebant
3136 3797 3359 3864 animis,
3386 3813 3542 3869 spem

1958 3890 2107 3945 inter
2138 3897 2196 3944 et
2221 3898 2435 3943 metum
2457 3887 2635 3954 dubii,
2658 3897 2933 3959 quotquot
2957 3889 3189 3944 aderant
3210 3906 3224 3943 :
3239 3888 3413 3961 judex
3447 3907 3544 3946 au-

1958 3990 2070 4037 tem
2126 3981 2366 4053 benigno
2414 3980 2745 4052 placidoque
2799 3981 2958 4037 vultu
3027 3982 3206 4051 ipsum
3282 3982 3537 4049 intuitus,

1956 4080 2160 4143 praeter
2187 4073 2437 4129 omnium
2490 4076 2958 4144 exspectationem
2988 4074 3139 4128 omni
3185 4074 3423 4129 liberum
3442 4076 3536 4148 ju-

1957 4165 2105 4221 dicio
2129 4164 2375 4221 dimisit:
2409 4164 2507 4236 qui
2532 4165 2601 4221 ad
2648 4173 2900 4220 sanctum
2941 4180 3269 4235 pr0perans,
3314 4180 3542 4222 conser-

1955 4269 2141 4315 vatam
2170 4258 2364 4325 vitam,
2396 4273 2601 4313 munus
2651 4256 2829 4329 ipsius
2876 4272 3002 4313 esse
3052 4258 3233 4328 palam
3279 4260 3540 4315 omnibus

1956 4347 2247 4404 confessus
2265 4358 2370 4412 est,
2394 4356 2552 4404 ratus
2585 4348 2919 4420 turpissima:
2944 4359 3110 4420 atque
3165 4350 3539 4408 acerbissimae

1957 4440 2123 4495 morti
2156 4440 2420 4511 precibus
2441 4441 2594 4497 illius
2620 4457 2686 4497 ac
2706 4441 3108 4498 intercessione
3139 4457 3198 4497 se
3220 4454 3542 4515 exemptum

1959 4546 2103 4587 esse.
2130 4530 2224 4587 Sic
2251 4531 2421 4603 igitur
2444 4532 2587 4587 nihil
2616 4548 2830 4601 eorum,
2852 4550 2976 4606 quae
3007 4542 3239 4593 sanctus
3278 4537 3545 4607 praedice-

1961 4621 2079 4688 bat,
2115 4623 2269 4678 exitu
2298 4621 2696 4692 Irustrabatur,
2727 4625 2822 4681 sed
2857 4628 3015 4697 paria
3032 4628 3317 4685 vaticiniis
3356 4631 3540 4685 omni-

1958 4714 2065 4771 bus
2086 4713 2206 4785 ipso
2223 4722 2427 4770 eventu
2459 4716 2872 4788 respondebant
2894 4734 3083 4790 opera.
3112 4720 3318 4776 Verum
3343 4728 3542 4778 cetera

1958 4807 2134 4880 ipsius
2167 4806 2445 4865 mirabilia
2473 4809 2789 4865 successive
2817 4810 3207 4880 prosequenda
3245 4821 3397 4866 sunt.

1687 4947 1914 5005 CAPUT
1953 4946 2149 5003 XXIII.

834 5067 1090 5124 Tormina
1131 5078 1411 5134 curantur,
1443 5068 1744 5123 inubediens
1782 5067 2048 5138 punitur:
2077 5064 2315 5118 absentia
2366 5061 2614 5136 Symeoni
2653 5066 3010 5123 innotescunt.

340 5180 476 5252 900',
502 5180 687 5253 Γέρων
708 5200 792 5246 τις
823 5182 1236 5253 ἀμπελουργὸς,
1260 5182 1368 5235 ἀπὸ
1390 5181 1592 5252 χωρίου
1630 5179 1851 5251 Σάμϐου

250 5271 604 5340 καλουμένου
640 5274 808 5338 τινὸς,
836 5277 956 5336 ταῖς
989 5274 1257 5344 ἀμπέλοις
1280 5271 1640 5341 ⁸ἐγκεκυφὼς,
1672 5271 1850 5337 ἔδοξεν

245 5363 339 5426 ὡς
371 5361 478 5434 ἄρα
512 5366 818 5434 φωνῆσειεν
873 5365 1098 5433 αὒτὺνὴ
1148 5362 1306 5435 γυνὴ,
1345 5363 1440 5416 καὶ
1487 5361 1686 5432 ἀθρόον
1733 5363 1855 5413 ἐπι-

252 5452 534 5522 στραφεὶς
560 5452 781 5523 ἐκείνην
807 5454 907 5523 μὲν
940 5453 1041 5523 οὐχ
1068 5454 1172 5525 ὁρᾷ
1199 5453 1419 5524 (φάσμα
1444 5453 1554 5523 γάρ
1576 5469 1628 5503 τι
1658 5450 1850 5520 δαιμό-

247 5560 378 5599 νιον
407 5539 478 5615 ἦν
508 5543 610 5614 τῆς
638 5545 898 5614 γυναικὸς
925 5545 1064 5599 οῖκοι
1099 5545 1424 5616 μενούσης),
1462 5545 1623 5606 αὐτὸς
1651 5544 1709 5597 δὲ
1750 5543 1853 5597 ύπ-

251 5634 515 5706 εσπάσθη
550 5634 622 5688 τὰ
658 5635 806 5689 ἔνδον
827 5674 840 5699 ,
882 5641 977 5690 καὶ
1017 5636 1215 5708 φόρτος
1249 5634 1400 5708 αὐτῷ
1432 5636 1646 5705 γεγόνει
1675 5632 1852 5687 ταῦτα

255 5722 518 5789 ἐλεεινὸς,
574 5725 734 5798 ἄχρις
775 5726 955 5781 αὐτῶν
1000 5725 1329 5799 καθειμένος
1355 5726 1623 5795 γονάτων.
1657 5726 1716 5777 '0
1755 5725 1853 5794 μὲν

250 5816 328 5889 δὴ
369 5819 606 5892 καμάτῳ
650 5819 831 5893 πολλῷ
862 5822 957 5876 καὶ
1007 5820 1191 5893 μόχθῳ
1243 5822 1380 5892 πρὸς
1417 5820 1508 5874 τὸν
1547 5820 1690 5873 θεῖον
1752 5822 1850 5873 άν-

2032 5177 2151 5232 179.
2187 5176 2369 5233 Senex
2406 5176 2654 5247 quidam,
2701 5178 2884 5233 cultor
2928 5181 3128 5245 vineae,
3186 5201 3253 5240 ex
3285 5182 3413 5242 loco
3443 5193 3541 5260 qui

1957 5266 2192 5323 Sambus
2227 5268 2468 5334 dicitur,
2515 5269 2766 5324 colendis
2800 5270 3011 5329 vitibus
3054 5290 3266 5333 navans
3293 5281 3553 5349 operam,"

1957 5359 2190 5430 putabat
2236 5360 2307 5415 ab
2362 5375 2535 5416 uxore
2597 5377 2699 5417 sua
2732 5377 2791 5419 se
2843 5366 3055 5430 vocari,
3102 5383 3165 5423 ac
3201 5381 3430 5440 repente
3476 5390 3545 5428 eo

1956 5467 2280 5516 conversus,
2307 5468 2534 5509 uxorem
2557 5455 2769 5511 nullam
2790 5457 2963 5525 videt,
2984 5460 3311 5530 phantasma
3336 5465 3543 5535 quippe

1959 5543 2226 5600 daemonis
2246 5546 2525 5616 quoddam
2560 5555 2701 5617 erat,
2734 5551 3026 5608 mulierem
3056 5553 3207 5609 domi
3227 5563 3543 5613 manentem

1960 5635 2136 5707 probe
2163 5637 2508 5695 simulantis:
2528 5649 2585 5696 at
2604 5641 2723 5712 ipse
2742 5643 3052 5701 visceribus
3068 5646 3405 5718 distorqueri
3430 5638 3544 5705 cfe-

1961 5727 2064 5799 pit,
2094 5742 2218 5799 quae
2240 5729 2593 5802 importabile
2613 5733 2752 5790 adeo
2770 5750 2835 5790 ac
2855 5736 3174 5793 miserabile
3196 5753 3341 5794 onus
3399 5738 3544 5796 facta

1961 5831 2144 5891 erant,
2181 5833 2241 5880 ut
2266 5823 2385 5905 ipsa
2412 5840 2592 5898 genua
2623 5827 2997 5887 subsiderent.
3046 5831 3222 5901 Igitur
3253 5825 3546 5891 laboribus
