4018 6400
470 389 605 455 3151

1678 382 1739 447 S.
1776 378 2157 447 SYMEONIS
2194 377 2557 448 JUNIORIS

3578 364 3766 453 3152'

469 517 634 576 atque
652 500 914 558 aerumnis
939 499 1136 572 impar,
1155 497 1223 554 ad
1247 505 1502 553 sanctum
1526 496 1855 569 Symeoncm
1882 497 2052 552 addu-

2176 497 2399 568 ενεχοεὶς
2430 495 2677 567 Συμεὼν,
2707 495 2812 567 πρὸ
2836 495 2934 566 τῆς
2968 495 3135 551 αὑτοῦ
3167 495 3414 559 στάσεως
3444 496 3747 552 ὲκυλινδεῖσ

469 608 612 661 ctus,
633 601 762 650 ante
797 594 1108 649 columnam
1140 591 1343 646 misere
1367 589 1761 645 volutabatur:
1795 589 1947 661 quod
1972 590 2055 645 fac

472 696 563 741 ctu
574 702 623 739 m
638 686 950 752 fuerat,non
963 684 1151 739 verbis
1167 684 1341 755 magis
1352 698 1517 753 quam
1532 683 1796 756 lacrymis
1810 683 2053 739 ubertim

474 768 1169 841 perterramﬂuitantibus,
1196 768 1519 832 enuntians,
1540 777 1708 839 atque
1724 767 2059 823 calamitatis

473 877 584 916 suae
606 862 936 916 levationem
960 861 1319 930 precabatur.
1377 861 1481 917 Cui
1520 877 1760 932 surgens
1795 869 2055 916 sanctus:

474 951 641 1015 Vade,
677 951 880 1020 inquit,
904 950 1084 1007 donec
1097 962 1360 1021 superato
1382 951 1578 1016 ﬂuvio,
1614 951 1908 1006 adversum
1922 965 2059 1005 con-

472 1043 760 1099 scenderis
788 1052 1070 1110 montem;
1096 1052 1154 1098 et
1184 1045 1253 1098 da
1295 1044 1527 1114 gloriam
1562 1044 1676 1099 Deo
1723 1059 1823 1113 per
1856 1058 1964 1098 me.
2008 1041 2061 1098 Is

470 1144 656 1189 autem
678 1134 847 1188 verba
880 1133 1065 1189 bzecin
1100 1140 1249 1189 terra
1273 1133 1440 1197 bona,
1464 1131 1635 1188 veluti
1667 1147 1856 1188 semen
1880 1133 2059 1202 quod-

472 1225 821 1290 dam,cordis
847 1226 973 1280 sinu
1007 1225 1312 1295 excipiens,
1341 1225 1597 1295 cumjam
1629 1225 1685 1277 in
1714 1232 1956 1278 montem
1986 1239 2054 1278 ex

470 1319 724 1389 opposito
746 1319 915 1374 situm
943 1318 1142 1373 enixus
1168 1325 1335 1380 esset,
1366 1316 1434 1370 ad
1469 1316 1574 1370 viri
1607 1316 1704 1371 Dei
1743 1316 2055 1370 columnam

472 1425 797 1475 conversus,
833 1409 1110 1474 manibus,
1140 1408 1306 1464 simul
1336 1423 1461 1462 cum
1487 1422 1584 1477 spe
1604 1416 1662 1462 et
1690 1406 1929 1462 cordein
1944 1421 2059 1461 coe-

471 1507 556 1559 los
570 1504 788 1569 levatis,
823 1504 1057 1575 genibus
1076 1518 1139 1557 ac
1153 1504 1306 1557 vultu
1328 1504 1383 1557 in
1402 1510 1602 1556 terram
1622 1501 1871 1572 dejectis,
1886 1502 2059 1555 Deum

476 1613 573 1665 per
615 1596 977 1651 mediatorem
1010 1594 1473 1666 Symeonempro
1496 1594 1836 1649 liberatione
1876 1593 2063 1662 depri-

475 1689 676 1744 mentis
704 1704 763 1743 se
796 1688 923 1743 mali
965 1688 1282 1753 invocabat,
1327 1697 1385 1741 et
1415 1687 1681 1741 continuo
1710 1683 1857 1755 (quis
1904 1682 2062 1738 audi-

2162 604 2243 650 το,
2276 586 2337 640 τὸ
2371 587 2595 657 γεγονὸς
2627 585 2992 656 ἀπαγγέλλων
3029 588 3091 641 οὐ
3118 587 3324 658 ῥήμασι
3359 588 3557 658 μᾶλλον
3585 589 3619 659 ἢ
3651 587 3750 643 δά-

2161 679 2435 757 κρυσιν,ἃ
2463 680 2527 749 δὴ
2559 679 2731 733 πολλὰ
2776 679 3039 750 κατέχεεν
3081 679 3175 733 τοῦ
3223 679 3476 747 ἐδάφους,
3506 680 3603 734 καὶ
3644 679 3752 751 τῆς
3793 679 3819 709 .-.

2163 772 2457 840 συμφορᾶς
2488 770 2874 840 ἀπαλλαγῆναι
2912 770 3186 842 δεόμενος.
3232 770 3291 824 Ὀ
3319 770 3377 824 δὲ
3422 770 3746 836 διαναστὰς,

2163 862 2427 933 Πορεύοιη
2474 863 2578 934 ἔφη
2607 878 2622 891 ·
2654 863 2741 916 ἐπ’
2778 863 2846 917 ἂν
2884 868 3065 933 μέντοι
3108 863 3198 916 τὸν
3229 863 3475 931 ποταμὸν
3507 873 3757 934 περαιω-

2159 952 2273 1015 θεὶς
2304 951 2398 1005 τοῦ
2429 953 2730 1026 ἀντιπέρας
2764 954 2961 1024 ἐπιϐῇς
2984 953 3177 1024 ὅρους,
3200 953 3289 1017 δὸς
3319 953 3479 1020 δόξαν
3512 953 3580 1005 δι’
3613 953 3754 1023 ἐμοῦ

2160 1044 2238 1115 τῷ
2267 1045 2407 1117 Θεῷ.
2447 1046 2507 1100 ’0
2538 1047 2593 1100 δὲ
2619 1047 2709 1100 τὸν
2738 1046 2898 1115 λόγον
2918 1046 3062 1101 κατά
3094 1045 3194 1113 τὴν
3234 1045 3451 1116 ἀγαθὴν
3488 1046 3615 1116 γῆν,
3642 1045 3759 1098 oio-

2161 1137 2242 1190 νεί
2273 1154 2396 1191 τινα
2444 1138 2666 1210 σπόρον,
2696 1142 2754 1193 ἐν
2783 1141 2895 1203 τοῖς
2932 1140 3032 1211 τῆς
3059 1139 3289 1209 καρδίας
3334 1140 3556 1203 κόλποις
3589 1136 3752 1204 δεξά-

2165 1246 2347 1299 μενος,
2377 1231 2455 1294 ὼς
2493 1230 2593 1301 ἥδη
2622 1229 2718 1284 τοῦ
2769 1230 2895 1285 κατ’
2930 1231 3161 1302 ἀντικρὺ
3192 1232 3356 1303 ὅρους
3380 1230 3578 1302 ἐπέϐη,
3611 1234 3756 1303 πρὸς

2159 1324 2252 1375 τὸν
2294 1322 2486 1376 στύλον
2526 1323 2621 1376 τοῦ
2668 1324 2861 1395 ἀνδρὸς
2903 1325 3265 1396 ἐπιστρέψας,
3301 1323 3526 1388 καὶτὰς
3554 1328 3756 1397 χεῖρας

2165 1412 2305 1483 μετά
2329 1413 2438 1466 τῶν
2466 1414 2699 1468 ὲλπίδων
2726 1415 2821 1469 καὶ
2850 1419 2950 1486 τῆς
2973 1416 3201 1488 καρδίας
3230 1419 3310 1480 εἰς
3331 1417 3597 1490 οὐρανοὺς
3622 1416 3762 1470 ἀνα-

2162 1506 2363 1571 τείνας,
2402 1506 2607 1574 γόνατά
2648 1525 2708 1561 τε
2754 1507 2850 1562 καὶ
2876 1508 3030 1578 ὂψεις
3069 1512 3139 1580 γῇ
3164 1509 3432 1575 δεδωκὼς,
3473 1510 3567 1563 τὸν
3619 1508 3760 1563 Θεῆν

2163 1597 2269 1650 ὑπὸ
2299 1598 2492 1671 μεσίτῃ
2526 1598 2604 1670 τῷ
2633 1599 2864 1671 Συμεὼν
2891 1601 2972 1664 εἰς
3002 1600 3323 1673 ἀπαλλαγὴν
3354 1603 3455 1672 τῆς
3486 1604 3755 1674 κατεχούο

2165 1707 2267 1761 σης
2295 1692 2460 1745 αὐτὸν
2489 1692 2737 1761 ἀνάγκης
2769 1693 3108 1747 ἐπεκαλεῖτο.
3141 1695 3248 1748 Kal.
3276 1694 3623 1767 παραχρῆμα
3647 1697 3760 1765 (τίς

478 1781 628 1837 tione
682 1781 817 1835 tanti
862 1779 1112 1835 miraculi
1144 1795 1255 1833 non
1286 1779 1641 1849 obstupescet
1658 1778 1700 1848 ?)
1750 1785 1937 1832 tumor
1968 1775 2060 1830 ille

2176 1782 2267 1835 οὐκ
2298 1781 2365 1836 ἂν
2394 1783 2532 1854 ἀκοῇ
2558 1782 2618 1836 τὸ
2648 1783 2833 1855 θαῦμα
2874 1785 3283 1856 καταπλαγείης
3308 1788 3327 1855 )
3374 1788 3403 1839 ὁ
3436 1787 3764 1859 τηλικοῦτος

476 1876 780 1928 immensus
811 1872 1058 1935 evanuit,
1105 1870 1366 1925 omnibus
1394 1871 1569 1939 ipsius
1621 1868 1887 1922 membris
1910 1876 2064 1922 recte

2176 1875 2446 1928 διαλέλυτο
2468 1875 2652 1944 δγκος,
2678 1877 2847 1945 ὑγιῶς
2869 1877 3018 1948 αὐτῷ
3046 1878 3262 1932 πάντων
3292 1878 3387 1933 καὶ
3416 1881 3558 1935 κατὰ
3594 1879 3763 1950 φύσιν

473 1982 537 2021 ac
557 1975 930 2037 congruenter
956 1974 1169 2021 natura}
1201 1978 1261 2019 se
1290 1961 1940 2030 habentibus.Quotquot
1961 1959 2064 2014 ita-

474 2075 582 2128 que
606 2059 813 2114 conscii
849 2056 1180 2114 calamitatis
1207 2055 1356 2110 illius
1378 2054 1625 2118 fuerunt,
1655 2053 1692 2107 ii
1720 2067 1920 2122 nempe
1941 2066 2064 2106 om-

476 2166 577 2206 nes
610 2150 706 2221 qui
755 2164 980 2205 manum
1015 2147 1347 2218 adjutricem
1390 2146 1752 2200 admoventes
1774 2143 1958 2214 ipsum
2009 2142 2062 2196 in

478 2250 724 2297 montem
785 2240 1219 2304 transtulerant,
1275 2237 1499 2293 eosdem
1552 2235 1790 2307 prodigii
1844 2248 2065 2304 quoque

478 2336 732 2391 conscios
758 2333 889 2389 fecit
906 2350 922 2400 ;
942 2347 1190 2402 cumque
1217 2334 1582 2386 monstrasset
1602 2344 1713 2399 quo
1728 2336 1891 2398 pacto
1907 2327 2067 2381 malis

478 2433 768 2496 exemptus
795 2432 962 2489 esset,
987 2422 1152 2477 simul
1172 2422 1238 2477 ad
1257 2428 1509 2476 sanctum
1547 2419 1856 2485 redierunt,
1900 2415 2067 2472 simul

481 2515 812 2571 beneficium
863 2512 1101 2570 confessi
1139 2519 1504 2582 agnoverunt.

553 2719 679 2775 180.
719 2717 908 2789 Magna
932 2716 1155 2787 quidem
1179 2722 1238 2769 et
1259 2712 1547 2779 mirabilis,
1576 2712 1714 2774 scio,
1742 2708 2069 2782 acciditpiis

481 2811 711 2866 auribus
735 2810 851 2864 haec
878 2808 1145 2873 narratio,
1178 2808 1344 2862 habet
1372 2814 1553 2860 tamen
1580 2805 1747 2861 etiam
1773 2819 2068 2875 supparem

485 2904 655 2966 illam,
693 2917 814 2972 quae
846 2901 1121 2971 sequitur.
1169 2898 1327 2954 Alius
1366 2899 1615 2969 quidam,
1642 2896 1888 2953 Caesarea
1930 2895 2071 2968 Cap-

484 2996 728 3067 padociae
754 2992 1049 3058 oriundus,
1082 3008 1114 3047 a
1138 3008 1198 3048 re
1220 2990 1479 3046 familiari
1516 2991 1725 3046 aﬂatim
1755 3006 1860 3046 nec
1887 2990 2072 3046 minus

481 3108 511 3143 a
540 3090 762 3161 generis
792 3088 1082 3143 nobilitate
1115 3088 1444 3149 instructus,
1466 3084 1660 3139 iisdem
1684 3084 1889 3148 quibus
1912 3098 2074 3153 supe-

2166 1967 2418 2035 έχόντων.
2448 1966 2588 2031 Τοὺς
2624 1970 2914 2033 κοινωνοὺς
2955 1970 3132 2023 τοίνυν
3162 1971 3261 2041 τῆς
3292 1974 3597 2043 συμφορᾶς,
3642 1975 3765 2029 ὅσοι

2164 2054 2365 2127 δηλαδὴ
2405 2058 2500 2111 καὶ
2541 2060 3062 2131 συνεπιϐοηθοῦντες
3107 2061 3256 2134 αὐτῷ
3303 2063 3766 2131 διαϐαστάζοντες

2164 2142 2305 2217 ἦσαν
2334 2147 2472 2219 πρὸς
2499 2147 2599 2218 τὴν
2626 2151 2874 2221 πορείαν,
2901 2155 3194 2218 κοινωνοὺς
3226 2157 3321 2209 καὶ
3347 2156 3444 2210 τοῦ
3473 2156 3764 2227 θαύματος

2167 2242 2435 2293 ἐποιεῖτο·
2472 2241 2567 2295 καὶ
2603 2242 2753 2307 ὅπως
2799 2244 2894 2297 τοῦ
2942 2245 3148 2310 πάθους
3192 2248 3512 2319 ἀπήλλακτο
3552 2251 3759 2318 δείξας,

2168 2332 2321 2402 κοινῇ
2349 2332 2484 2403 πρὸς
2512 2332 2604 2387 τὸν
2625 2333 2817 2401 ’Ἂγιον
2862 2337 3170 2408 ἐπανῄεσαν
3201 2338 3376 2407 αὖθις,
3394 2344 3545 2413 κοινῇ
3569 2345 3638 2400 τά
3657 2344 3763 2414 τῆς

2169 2424 2491 2496 εὐεργεσίας
2517 2426 2920 2500 ἀνωμολόγουν.

2242 2721 2352 2787 ρπ¹.
2385 2715 2545 2785 Μέγα
2601 2712 2699 2785 μὲν
2732 2713 2839 2770 ὀὖν
2872 2710 2990 2771 οῖδα
3035 2716 3302 2785 φιλοθέοις
3342 2716 3530 2781 ἀκοαῖς
3562 2715 3629 2770 τὸ
3675 2714 3770 2770 δι-

2172 2807 2385 2880 ήγημα,
2438 2809 2666 2879 ἀδελφὸν
2702 2809 2759 2863 δὲ
2803 2810 2955 2880 ὅμως
2999 2810 3095 2863 καὶ
3134 2810 3196 2863 τὺ
3242 2811 3582 2879 ἐπαγόμενον
3619 2809 3768 2883 ἔχει.

2175 2903 2402 2974 Ἕτερος
2432 2904 2541 2973 γάρ
2558 2921 2662 2967 τις,
2705 2904 2770 2958 ἐκ
2792 2903 3129 2973 Καισαρείας
3157 2903 3214 2957 δὲ
3238 2904 3624 2957 Καππαδοκῶν
3650 2904 3772 2976 ὠρ-

2176 2993 2438 3063 μημένος,
2480 2991 2594 3061 βίου
2644 2991 2744 3062 μὲν
2788 2991 2991 3056 ἱκανῶς
3030 2992 3133 3045 οὑκ
3175 2993 3408 3064 ἀσήμως
3448 2993 3505 3047 δὲ
3538 2992 3637 3048 καὶ
3668 2995 3774 3062 γέ-

2172 3102 2295 3146 νους
2324 3083 2482 3155 ἔχων,
2513 3084 2677 3138 πάθει
2703 3084 2796 3138 καὶ
2823 3084 2979 3157 βάρει
3001 3085 3077 3156 τῷ
3109 3086 3258 3156 αὐτῷ
3287 3086 3633 3157 πιεζόμενος,
3664 3090 3773 3143 καὶ

486 3182 601 3235 rior
656 3177 991 3235 torminibus
1037 3178 1362 3251 ventrisque
1404 3186 1621 3232 tumore
1652 3174 2065 3240 afﬂictabatur;

2176 3177 2271 3247 τὴν
2304 3177 2403 3247 μὲν
2428 3177 2619 3230 οὐσίαν
2658 3178 2878 3248 τέχναις
2908 3176 3112 3249 ἰατρῶν
3156 3178 3573 3248 ἐκδαπανηθεὶς,
3604 3178 3773 3233 οἰδὲν

480 3276 703 3344 jamque
726 3270 1034 3327 substantia
1059 3270 1211 3325 omni
1234 3272 1290 3324 in
1315 3268 1657 3325 medicorum
1681 3275 1854 3321 artem
1874 3280 2072 3335 expen-

486 3382 566 3431 sa,
598 3364 748 3419 aliud
782 3363 921 3418 nihil
948 3362 1310 3417 emolumenti
1337 3370 1581 3432 ceperat,
1606 3375 1769 3429 quam
1800 3358 1946 3428 quod
1986 3358 2074 3413 di-

486 3456 686 3512 dicerit
735 3454 1076 3511 curationem
1108 3455 1408 3508 humanam
1440 3467 1560 3508 esse
1583 3463 2072 3522 supervacaneam,

488 3548 727 3618 ideoque
756 3545 822 3601 ad
850 3545 1094 3600 divinam
1129 3544 1303 3600 divini
1341 3545 1574 3614 hujusce
1609 3542 1715 3596 viri
1748 3555 1907 3611 opem
1944 3554 2076 3594 con-

486 3639 710 3713 fugerit.
740 3640 820 3695 Eo
850 3639 1037 3709 itaque
1060 3653 1186 3693 cum
1219 3635 1553 3698 advenisset,
1574 3648 1791 3705 preces,
1813 3634 2071 3704 gemitus,

487 3735 775 3804 lacrymas,
812 3739 870 3786 et
907 3731 953 3786 si
984 3730 1118 3801 quid
1154 3737 1420 3799 praeterea
1464 3735 1553 3781 est
1583 3725 1732 3796 quod
1782 3724 2075 3780 commise-

491 3824 762 3877 rationem
813 3821 961 3875 ciere
1011 3819 1120 3891 piis
1165 3816 1456 3872 animabus
1498 3818 1692 3887 possit,
1727 3831 1828 3886 pro
1860 3814 2076 3869 incolu-

492 3916 680 3969 mitate
710 3924 767 3968 et
805 3912 1058 3967 dolorum
1098 3909 1426 3979 depulsione
1457 3907 1776 3963 exhibebat.
1805 3907 1902 3962 His
1943 3919 2077 3960 vero

492 4007 730 4079 Symeon
762 4005 831 4060 ad
881 4002 1263 4059 miserandum
1316 4011 1530 4063 motus,
1557 4016 1755 4056 versus
1798 3999 1947 4054 illam
1976 3999 2079 4052 mi-

493 4096 851 4151 sericordiam
884 4094 1078 4150 oculos
1103 4093 1352 4154 sustulit.
1387 4108 1510 4163 quae
1536 4090 1807 4162 quidquid
1839 4089 2079 4160 petimus

492 4204 713 4258 semper
734 4187 934 4243 tribuit
964 4204 979 4240 :
1021 4187 1378 4255 sentiensque
1410 4184 1743 4239 diviniorem
1777 4180 2077 4251 quamdam

494 4281 548 4335 in
570 4295 630 4335 se
650 4280 879 4351 gratiam
899 4296 912 4333 :
930 4278 1267 4345 Ascendens,
1289 4279 1491 4348 inquit,
1515 4274 1896 4346 appropinqua
1918 4273 2075 4327 mihi.

493 4372 597 4437 Qui
626 4386 752 4425 cum
773 4370 923 4441 jussa
948 4385 1073 4424 mox
1095 4384 1416 4439 capescens,
1440 4368 1665 4435 jamque
1688 4364 1935 4434 proxime
1961 4378 2081 4418 san-

496 4472 644 4518 ctum
676 4463 907 4517 veniens
929 4462 1075 4533 (quis
1096 4460 1315 4515 Domini
1339 4456 1755 4512 misericordias
1777 4454 2075 4526 cantabit?)

2171 3271 2228 3325 δὲ
2268 3270 2394 3325 ἄλλο
2430 3269 2635 3324 τούτων
2686 3270 2949 3340 ὀνάμενος
2988 3271 3072 3325 ὅτι
3114 3271 3191 3343 μὴ
3226 3270 3326 3344 τὴν
3366 3271 3427 3338 ἐξ
3456 3271 3771 3343 ἀνθρώπων

2173 3363 2272 3433 τῆς
2320 3360 2618 3432 θεραπείας
2653 3362 2989 3430 ἀπόγνωσιν,
3038 3364 3131 3416 καὶ
3174 3362 3263 3417 διὰ
3291 3362 3451 3416 τοῦτο
3495 3363 3634 3434 πρὸς
3669 3364 3771 3417 τὸν

2175 3451 2316 3506 θεῖον
2364 3453 2532 3523 ἄνδρα
2562 3452 2753 3507 τοῦτον
2816 3454 2915 3508 καὶ
2961 3455 3060 3525 τὴν
3110 3454 3168 3521 ἐξ
3215 3454 3381 3508 αὐτοῦ
3428 3453 3771 3524 καταφυγὼν

2175 3546 2326 3599 θείαν
2362 3544 2643 3616 ἐνέργειαν
2695 3559 2713 3577 ⁶
2749 3539 2905 3609 οὗτος
2942 3544 3095 3615 παρὰ
3130 3546 3223 3599 τὸν
3263 3544 3488 3616 Συμεὼν
3522 3546 3771 3601 ἀνελθὼν

2174 3639 2408 3708 δεήσεις,
2440 3638 2706 3708 οἰμωγάς,
2733 3637 2964 3707 δάκρυα,
2993 3640 3103 3692 πᾶν
3146 3638 3200 3690 ετ
3224 3655 3277 3693 τι
3305 3637 3437 3692 ἄλλο
3463 3639 3774 3710 δυνάμενον

2176 3732 2257 3793 είς
2280 3725 2461 3784 οῖκτον
2494 3729 2723 3784 ἑλκῦσαι
2757 3730 2955 3801 ψυχὴν,
2991 3731 3128 3800 ὑπὲρ
3160 3732 3259 3799 τῆς
3295 3731 3389 3785 τοῦ
3418 3731 3624 3795 πάθους
3655 3734 3771 3785 ἀπ-

2177 3819 2421 3893 αλλαγῆς
2453 3822 2734 3875 ἐπεδείκνυ
2755 3837 2772 3853 ο
2805 3822 2942 3893 πρὸς
2971 3822 3116 3893 άπερ
3146 3824 3355 3886 ἐκεῖνος
3376 3822 3447 3876 τὰ
3480 3823 3774 3895 σπλάγχνα

2177 3913 2388 3975 παθὼν,
2444 3912 2523 3977 είς
2573 3915 2889 3985 οίκτιρμοὺς
2959 3912 3155 3983 ἔϐλεψε
3206 3912 3389 3977 πάλιν,
3458 3916 3585 3979 τοὺς
3640 3915 3775 3969 ὅσον

2177 4005 2329 4059 αἰτοῦ
2340 4021 2438 4075 μεν
2464 4005 2550 4057 ἀεὶ
2578 4003 2845 4071 διδόντας,
2869 4003 2964 4057 καί
2993 4021 3137 4066 τινος
3160 4002 3486 4074 αἰσθόμενος
3508 4006 3565 4058 ὲν
3586 4005 3776 4074 ἑαυτῷ

2177 4099 2399 4167 χάριτος
2430 4094 2730 4165 θειοτέρας,
2764 4093 3016 4160 Ἀναϐἀς,
3037 4098 3224 4166 φησιν,
3259 4095 3477 4164 έγγισόν
3512 4114 3624 4166 μοι.
3657 4098 3776 4154 Τοῦ

2178 4187 2235 4241 δὲ
2276 4187 2351 4250 ὡς
2385 4186 2707 4242 κεκέλευστο
2735 4187 3057 4259 δράσαντος,
3101 4189 3337 4259 ἐπείπερ
3386 4189 3616 4258 ἔγγιστα
3663 4191 3775 4263 ἤδη

2177 4280 2272 4334 τοῦ
2306 4279 2487 4348 Ἀγίου
2522 4279 2663 4333 ἔλθοι
2694 4280 2799 4347 (τίς
2831 4278 3045 4352 ᾅσεται,
3069 4281 3297 4353 Χριστὲ,
3323 4282 3393 4334 τὰ
3431 4282 3559 4351 ὲλέη
3589 4300 3684 4336 σου
3712 4300 3731 4352 ;
3757 4284 3781 4356 )

2178 4372 2273 4426 τοῦ
2298 4371 2505 4434 πάθους
2538 4371 2741 4436 εὐθέως
2766 4371 3224 4443 θεραπευθέντος,
3268 4375 3298 4427 δ
3346 4373 3572 4444 Συμεὼν
3609 4374 3785 4447 ίλαρᾷ

2181 4465 2276 4519 καὶ
2302 4464 2533 4535 δψεικαὶ
2557 4464 2794 4535 γλώττῃ,
2829 4465 3142 4535 ΙἌνθρωπε,
3171 4466 3339 4531 ίασαι,
3370 4466 3496 4535 ἔφη.
3514 4468 3599 4529 Ὠς
3627 4467 3684 4520 δὲ
3715 4468 3788 4522 τὸ

497 4557 645 4611 illico
671 4563 968 4625 persanato
1000 4553 1193 4609 morbo
1232 4550 1528 4606 incolumis
1550 4556 1787 4613 astaret;
1816 4548 2072 4618 Symeon,

2182 4557 2378 4629 ἀθρόον
2416 4558 2592 4611 έκεῖνο
2625 4559 2721 4626 τῆς
2752 4556 3071 4625 θεραπείας,
3101 4557 3195 4610 καὶ
3225 4556 3397 4628 αὐτὴν
3446 4555 3647 4623 ἔϐλαψε
3673 4559 3785 4630 τὴν

496 4648 896 4703 animadversis
931 4648 1043 4717 jam
1074 4653 1132 4700 et
1161 4641 1454 4713 repentina
1487 4639 1733 4693 hominis
1773 4639 2078 4703 sanatione,

497 4751 554 4795 et
580 4739 731 4811 gravi
759 4739 917 4809 quasi
944 4738 1128 4793 adhuc
1160 4734 1426 4806 patientis
1452 4747 1641 4793 sensu,
1674 4733 1751 4787 ait
1792 4732 1893 4795 illi,
1927 4733 2081 4787 vultu

498 4840 663 4902 atque
694 4846 790 4886 ore
830 4828 1109 4885 renidenti
1138 4845 1152 4879 :
1185 4826 1254 4879 Mi
1291 4826 1476 4888 homo,
1510 4831 1735 4879 sanatus
1755 4839 1835 4879 es.
1868 4823 2086 4893 Nequa-

498 4939 685 4993 quam,
714 4931 904 4977 sancte
926 4920 1045 4983 Dei,
1072 4919 1149 4973 ait
1174 4919 1314 4972 alter
1340 4915 1479 4970 ﬂens
1507 4923 1671 4984 atque
1694 4915 2084 4987 ingemiscens.

498 5016 593 5071 sed
613 5022 859 5070 extrema
885 5008 1136 5081 quaadam
1160 5007 1463 5062 necessitas
1486 5020 1573 5060 me
1599 5005 1823 5076 premit,
1846 5005 2086 5076 facitque

500 5119 562 5163 nt
592 5122 743 5163 mors
777 5105 913 5159 mihi
948 5104 1107 5171 longe
1144 5100 1351 5171 gratior
1378 5099 1470 5153 tali
1507 5100 1618 5154 vita
1646 5100 1737 5154 sit.
1772 5098 1930 5154 Tunc
1957 5115 2086 5153 san-

500 5210 625 5257 ctus
662 5198 830 5254 tacite
862 5193 1202 5265 subjiciens:
1234 5191 1514 5253 Scrutare,
1552 5192 1753 5262 inquit,
1774 5191 2085 5264 temetipse,

498 5288 877 5360 etcomperics
889 5303 954 5342 ex
971 5294 1084 5341 toto
1097 5286 1464 5340 convaluisse.
1482 5283 1619 5339 Cum
1652 5294 1837 5339 autem
1856 5284 1901 5339 is
1922 5300 2086 5338 manu

502 5383 810 5456 periculum
844 5381 966 5452 ejus
997 5379 1076 5434 rei
1108 5379 1350 5444 fecisset,
1384 5392 1443 5433 se
1484 5378 1818 5433 incolumem
1858 5376 2085 5447 reperit.

502 5475 698 5530 tubere
711 5472 863 5525 omni
890 5470 1116 5525 omnino
1132 5471 1380 5525 emollito
1410 5478 1467 5524 et
1486 5469 1739 5539 depulso.
1767 5467 1904 5523 Cum
1924 5468 2091 5538 igitur

502 5566 638 5621 nihil
656 5563 977 5635 quidquam,
1001 5564 1146 5633 quod
1166 5580 1196 5619 a
1224 5571 1420 5618 natura
1443 5562 1683 5616 alienum
1706 5570 1870 5623 esset,
1891 5561 2091 5631 deprc-

502 5649 792 5723 herﬂleret,
816 5664 950 5712 aestu
974 5655 1141 5710 animi
1164 5656 1408 5726 repletus
1426 5668 1492 5707 ac
1508 5652 1778 5723 vertigine
1794 5652 1961 5722 (quod
1981 5668 2091 5706 non

505 5754 670 5805 modo
686 5750 961 5822 repentini
984 5751 1189 5815 luctus,
1211 5763 1409 5803 verum
1433 5747 1600 5801 etiam
1624 5746 1810 5817 gaudii
1834 5762 2093 5802 excessus

506 5858 614 5898 non
643 5858 769 5899 raro
801 5843 1092 5901 consuevit
1120 5841 1359 5905 cﬂicere,
1392 5854 1519 5894 cum
1551 5854 1608 5894 rc
1638 5838 1894 5909 quapiam
1936 5840 2085 5894 inex-

2183 4647 2278 4700 τοῦ
2328 4646 2629 4716 πάσχοντος
2661 4645 2938 4717 αἴσθησιν,
2994 4646 3282 4716 Οὐδαμῶς,
3332 4646 3455 4715 ἅγιε
3490 4646 3584 4699 τοῦ
3611 4647 3782 4714 Θεοῦ,
3846 4706 3856 4718 ι

2185 4738 2436 4810 δακρύων
2467 4738 2563 4791 καὶ
2597 4737 2800 4791 στένων
2825 4733 3000 4798 εἶπεν,
3032 4737 3169 4790 ἀλλὰ
3205 4737 3415 4807 χαλεπή
3442 4754 3527 4800 τις
3556 4738 3781 4808 ἀνάγκη

2188 4830 2365 4892 πιέζει
2414 4845 2503 4898 με,
2536 4829 2687 4899 ἥδιον
2716 4826 2898 4898 πολλῷ
2943 4826 3038 4881 τοῦ
3070 4827 3170 4897 ζῇν
3213 4826 3387 4889 οὕτως
3428 4826 3782 4897 ἐργαζομένη

2192 4936 2281 4990 μοι
2335 4921 2393 4973 τὸ
2426 4920 2628 4974 θανεῖν.
2673 4920 2730 4974 Ὀ
2769 4920 2826 4973 δὲ
2877 4920 3062 4991 ἡρέμα
3113 4919 3395 4990 προσθεὶς,
3449 4919 3783 4989 Ἑρεύνησον

2189 5014 2403 5078 ἑαυτὸν,
2435 5013 2564 5083 ἐφη,
2595 5012 2830 5085 καὶεῐσῃ
2853 5012 3039 5082 σαφῶς
3069 5012 3152 5065 ὅτι
3182 5011 3277 5064 τοῦ
3300 5012 3504 5073 πάθους
3533 5012 3788 5081 ἀπήλλα-

2190 5103 2300 5170 ξαι,
2354 5104 2444 5167 Ὠς
2493 5104 2549 5155 δὲ
2585 5106 2650 5175 τῇ
2690 5106 2835 5175 χειρὶ
2872 5105 2971 5174 τὴν
3016 5105 3242 5175 ἔρευναν
3275 5102 3598 5174 ἐπιτρέψας,
3638 5103 3790 5170 ἔγνω

2191 5198 2386 5250 ἑαυτὸν
2434 5196 2645 5266 ἀπαθῆ,
2678 5196 2772 5250 τοῦ
2808 5197 2975 5265 ὄγκου
3019 5200 3369 5251 παντάπασιν
3418 5196 3790 5251 ιζοπολεανθέν⁸

2190 5307 2303 5354 τος,
2347 5289 2423 5353 ὡς
2466 5289 2631 5360 μηδὲν
2662 5308 2714 5342 τι
2752 5285 2845 5342 οὖν
2882 5289 3386 5359 ὲπισημαίνειν,τοῦ
3417 5289 3560 5342 κατά
3591 5290 3763 5358 φύσιν

2196 5381 2402 5448 ἰλίγγου
2433 5379 2734 5449 πληροῦται
2778 5381 2873 5432 καὶ
2900 5379 3047 5451 δίνης
3074 5394 3088 5409 ⁸
3120 5381 3258 5451 ὅπερ
3286 5379 3347 5433 οὐ
3381 5379 3558 5449 λύπης
3604 5381 3792 5449 αίφνι-

2192 5475 2303 5526 δίου
2344 5473 2526 5542 μόνον,
2564 5472 2700 5526 ἀλλά
2732 5473 2825 5525 καὶ
2857 5473 3032 5542 χαρᾶς
3063 5472 3339 5544 ὑπερϐολὴ
3385 5472 3649 5534 πολλάκις
3684 5474 3788 5526 πέ-

2194 5582 2331 5630 φυκε
2357 5565 2512 5636 δρᾷν,
2541 5564 2620 5635 τῷ
2647 5564 2895 5635 ἀδοκήτῳ
2930 5564 3023 5616 τοῦ
3063 5565 3390 5634 πράγματος
3420 5563 3479 5616 τὸ
3509 5563 3608 5632 τῆς
3642 5580 3789 5633 καρο

2192 5658 2309 5721 δίας
2366 5657 2568 5729 θερμὸν
2625 5656 2985 5720 συστείλασα,
3039 5656 3135 5709 καὶ
3195 5655 3393 5725 νεκρὰς
3447 5654 3639 5726 ῶσπερ
3688 5654 3788 5707 toﬁ

2198 5748 2446 5819 σώματος
2492 5747 2593 5812 τὰς
2633 5747 2914 5817 ἐνεργείας
2948 5745 3316 5799 ἀπολιποῦσα.
3359 5745 3417 5799 '0
3447 5744 3544 5817 μὲν
3583 5740 3675 5797 οὖν
3705 5745 3785 5813 eq.

2199 5840 2292 5894 τοῦ
2344 5840 2670 5911 πράγματος
2704 5836 2997 5911 παραδόξῳ
3028 5837 3426 5907 καταπλαγεὶς,
3466 5838 3647 5906 ὀλίγου
3673 5837 3777 5891 δεῖν
