4018 6386
288 396 448 463 3153
1321 401 1501 461 vrra
1539 401 1587 458 A
1620 378 2057 461 NICEPHORO
2094 400 2580 462 CONSCRIPTA.
3436 392 3576 456 διες

285 507 493 578 apem
543 507 922 579 περιτρέπων,
964 507 1014 560 εί
1062 508 1137 579 μὴ
1175 507 1363 579 χεῖρας
1401 507 1551 579 αὐτῷ
1595 525 1743 572 τινες
1787 509 1891 562 τῶν

2013 516 2241 579 ιροοιαια
2273 508 2424 564 calor
2445 506 2630 563 cordis
2652 505 3024 568 contrahitur,
3048 511 3105 559 et
3119 505 3371 574 corporis
3386 518 3578 574 opera—

285 598 597 669 παρόντων
623 599 883 668 ὑπέσχον.
1230 648 1252 675 ε,
1662 618 1665 623 '

2013 601 2177 655 .ioues
2204 600 2358 654 velut
2385 608 2652 654 emortua:
2684 597 2994 663 desinunt),
3041 596 3308 665 repletus,
3332 596 3580 665 inquam.

284 704 537 765 stupore
555 697 629 750 ob
658 695 736 749 rei
767 710 879 749 non
909 695 1146 765 opinata:
1177 694 1685 761 admirabilitatem,
1751 711 1923 766 prope
1961 695 2065 750 fuit
2110 705 2171 750 ut
2200 704 2506 759 corrueret,
2540 693 2650 748 nisi
2684 692 2913 763 quidam
2976 691 3343 761 praesentium-
3369 690 3583 762 injectis

287 792 563 846 manibus
597 792 1038 861 prohibuissent.
1968 804 1975 810 '

372 889 529 954 ρπα¹.
553 884 1113 955 Καταπεπληγμένων
1130 884 1187 938 δὲ
1207 886 1402 956 κομιδῇ
1426 885 1522 939 καὶ
1540 885 1757 940 πάντων
1778 884 1896 938 ὅσοι

2068 880 2192 935 lsi.
2235 881 2348 936 Nec
2364 880 2548 936 minor
2578 894 2794 943 omnes,
2817 877 2911 949 qui
2940 878 3076 933 tanti
3103 868 3341 948 prodigii
3368 885 3586 947 specta-

204 979 224 1061 !
278 973 391 1028 τοῦ
421 973 643 1028 τοσοῦδε
679 972 958 1042 θαύματος
989 971 1286 1041 ἐτύγχανον
1328 975 1538 1042 θεαταὶ,
1565 976 1627 1029 τὸ
1659 975 1887 1030 παλαιὸν

2013 988 2147 1028 ,οτοε
2170 972 2445 1039 astabant,
2476 981 2671 1042 stupor
2707 970 2954 1025 incessit.
2981 970 3435 1040 Unus-Angulas,
3469 970 3582 1039 jam

282 1066 395 1120 τοῦ
427 1065 669 1134 πονηροῦ
697 1065 835 1135 πρὸς
865 1064 1067 1118 κακίαν
1117 1067 1351 1134 ὄργανον
1378 1067 1406 1118 ὁ
1453 1068 1770 1137 ’Λγγουλᾶς,
1821 1070 1890 1122 ἐκ

2013 1066 2211 1121 )ridetn
2248 1065 2516 1120 daemonis
2562 1064 2631 1119 ad
2664 1064 2808 1118 mala
2845 1061 3584 1133 perpetrandainstrumen—

295 1159 477 1213 uécou
501 1158 704 1212 τούτων
737 1157 1050 1221 ὑπολαϐὼν,
1092 1159 1151 1212 Ὀ
1182 1159 1279 1228 μὲν
1304 1156 1399 1214 οὖν
1432 1162 1617 1229 ὄγκος,
1647 1161 1723 1223 ὡς
1748 1160 1892 1231 ὁρῶ-

2013 1173 2137 1222 .um,
2169 1174 2201 1213 e
2230 1158 2412 1212 media
2447 1157 2606 1211 turba
2647 1156 2997 1226 proclamans
3043 1172 3056 1208 :
3098 1154 3306 1208 Tumor
3336 1152 3584 1222 quidem,

296 1268 435 1323 μεν,
464 1250 658 1323 ᾤχετο,
694 1250 800 1322 ἔφη
824 1265 840 1280 ⁸
867 1251 923 1305 τί
957 1250 1016 1304 δὲ
1046 1252 1141 1305 καὶ
1164 1252 1466 1316 ὁτοσοῦτος
1505 1253 1599 1306 τοῦ
1629 1254 1895 1323 δέρματος

2013 1251 2206 1321 inquit,
2241 1250 2404 1316 abiit,
2444 1257 2505 1305 ut
2547 1248 2803 1304 videmus
2832 1265 2848 1303 :
2876 1263 3071 1302 verum
3104 1247 3234 1317 quid
3272 1253 3457 1301 tantus
3484 1247 3587 1300 iste

295 1340 531 1407 κόλπος,
557 1340 657 1395 εἴτ’
680 1340 773 1395 οὖν
798 1342 859 1395 τὸ
884 1342 1378 1413 ὑποπεπλησμένον
1406 1340 1500 1394 τοῦ
1527 1341 1693 1409 ὄγκου
1721 1340 1899 1410 δέρμα

2013 1340 2162 1408 pellis
2191 1341 2388 1395 sinus?
2410 1339 2555 1410 quid
2582 1339 2628 1395 si
2653 1347 2870 1393 tumore
2895 1338 3080 1392 denuo
3103 1337 3480 1407 compleatur?
3506 1336 3589 1391 Me

294 1434 562 1501 γεγόνεις
622 1436 721 1504 ἐμὲ
773 1435 884 1506 γὰρ
939 1437 1000 1489 οὐ
1035 1435 1273 1505 μετρίως
1322 1433 1644 1488 τὰτοιαῦτα
1684 1432 1899 1500 πέφυκε

2013 1435 2287 1489 enimvero
2310 1450 2422 1489 non
2444 1431 2806 1488 mediocriter
2830 1431 3009 1486 solent
3039 1430 3166 1485 talia
3189 1429 3585 1486 scandalizarc.

296 1526 710 1591 σκανδαλίζειν.
767 1527 938 1591 Εἰδὼς
999 1528 1178 1580 τοίνυν
1212 1530 1240 1581 ὁ
1292 1527 1481 1594 Μέγας
1525 1528 1720 1595 πεῖραν
1759 1519 1895 1576 εἶναι

2013 1525 2103 1578 Pro
2134 1532 2420 1594 comperto
2441 1524 2626 1580 autem
2650 1523 2865 1578 habens
2904 1537 3136 1592 magnus
3163 1521 3404 1593 Symeon
3463 1529 3554 1575 teu
3574 1553 3587 1558 -

298 1618 473 1672 τοῦτο
498 1620 594 1673 τοῦ
622 1620 893 1691 βασκάνου
921 1622 1015 1674 καὶ
1043 1621 1229 1681 πάλιν,
1251 1621 1426 1674 ὁπόσα
1452 1619 1548 1673 καὶ
1574 1616 1791 1690 γλώττῃ
1821 1614 1897 1686 τῷ

2013 1616 2269 1671 tationem
2303 1632 2425 1672 esse
2471 1616 2645 1671 invidi
2703 1617 2877 1671 hostis
2908 1615 3108 1682 nostri,
3152 1631 3254 1686 per
3292 1630 3357 1670 os
3398 1614 3589 1670 miseri

296 1709 485 1780 ἀθλίῳ
514 1711 686 1782 τούτῳ
716 1712 1024 1783 χρωμένου,
1057 1713 1381 1782 ἐμφυσὴσας
1419 1711 1499 1782 τῷ
1529 1709 1892 1780 ἀναισχύντῳ.

2013 1708 2166 1763 istius
2198 1709 2501 1779 loquentis,
2540 1708 2841 1764 insutllavit
2878 1709 2934 1762 iu
2974 1708 3381 1779 impudentem;
3420 1716 3591 1778 utque

301 1802 399 1854 ἵνα
425 1803 522 1854 καὶ
542 1801 642 1873 τὴν
669 1804 919 1857 ἐναντίαν
952 1804 1200 1875 ἀπελάσῃ
1225 1804 1476 1874 δύναμιν,
1512 1803 1570 1856 '0
1602 1801 1694 1855 τὸν
1716 1800 1904 1855 τοσοῦ-

298 1911 427 1961 τον,
452 1894 581 1964 ἔφη,
605 1894 801 1959 λεάνας
818 1896 982 1964 ὄγκον
1008 1897 1104 1950 καὶ
1120 1897 1398 1960 διαλύσας,
1422 1897 1523 1950 οὐκ
1549 1895 1657 1966 ἄρα
1677 1894 1902 1958 δυνατὸς

296 1979 470 2048 οὗτος
497 1988 593 2040 καὶ
621 1988 684 2041 τὸ
714 1988 892 2059 δέρμα
928 1990 1154 2055 συνάξαι
1182 1987 1344 2042 πάλιν
1385 1988 1481 2042 καὶ
1508 1988 1897 2052 καταστεῖλαι;

317 2077 468 2130 Ἀλλ’
517 2080 548 2132 ὁ
597 2079 699 2149 μὲν
750 2080 848 2151 τὴν
896 2080 993 2135 τοῦ
1035 2081 1267 2135 παλαιοῦ
1294 2080 1558 2151 πολεμίου
1592 2081 1902 2152 προσϐολὴν

292 2169 487 2243 ταύτῃ
507 2172 602 2223 καὶ⁸
628 2170 723 2224 νῦν
744 2172 1118 2244 διεκρούσατο,
1140 2176 1302 2246 ἡμεῖς
1324 2172 1381 2226 δὲ
1405 2173 1540 2246 πρὸς
1565 2174 1633 2228 τὰ
1654 2173 1782 2244 ἑξῆς
1804 2171 1901 2225 τοῦ

297 2260 472 2328 λόγου
501 2262 832 2334 τρεψόμεθα.

385 2351 530 2421 ρπβ’.
571 2353 825 2424 Μοναχός
876 2371 960 2416 τις
1014 2354 1158 2409 κατὰ
1199 2354 1520 2409 Λαοδίκειαν
1560 2354 1660 2425 τῆς
1697 2353 1902 2426 Συρίας

298 2444 792 2513 ἐγκεκλεισμένος,
831 2445 968 2515 πρός
997 2462 1057 2498 τε
1088 2446 1188 2516 τὴν
1232 2447 1453 2517 χρονίαν
1495 2445 1776 2516 κάθειρξιν
1805 2447 1901 2501 καὶ

297 2535 411 2606 τὴν
475 2536 678 2607 συχνὴν
732 2538 970 2611 ἐρημίαν
1024 2536 1351 2608 ἀκηδιάσας,
1390 2538 1648 2609 ἀφορμὴν
1708 2537 1899 2610 ὥσπερ

296 2629 413 2681 οὐκ
443 2628 649 2682 ἐλάττω
670 2631 771 2700 τῆς
789 2629 1020 2699 ἡσυχίας
1037 2631 1135 2701 τὴν
1157 2631 1238 2693 είς
1274 2631 1367 2684 τὸν
1387 2630 1529 2684 θεῖον
1555 2630 1780 2702 Συμεὼν
1801 2633 1897 2686 ἄν·

293 2720 432 2773 οδον
461 2719 707 2790 θέμενος,
742 2721 1018 2791 ἐμήνυσεν
1046 2722 1193 2792 αὐτῷ
1224 2723 1425 2793 θερμὸν
1456 2723 1638 2792 έρωτα
1669 2723 1770 2795 τῆς
1800 2725 1898 2779 αύμ-

294 2808 409 2863 τοῦ
434 2811 860 2881 προσκυνήσεως
895 2811 1063 2882 ἐχειν,
1100 2813 1194 2866 καὶ
1225 2813 1324 2884 ἤδη
1355 2804 1639 2883 βδύλεσθαι
1662 2814 1894 2869 ἀνιέναι.

313 2904 383 2956 Ὀ
414 2904 475 2957 δὲ
509 2904 571 2956 τὸ
604 2903 962 2976 μικροψύχως
995 2906 1088 2959 ὑπ’
1112 2905 1281 2961 αὐτοῦ
1324 2907 1610 2977 γινόμενον
1640 2905 1744 2959 οὐκ
1791 2910 1897 2976 ἁγ-

2004 1801 2213 1857 inimici
2260 1809 2591 1872 potestatem
2620 1802 2690 1856 ab
2729 1818 2798 1857 eo
2844 1802 3179 1872 repelleret:
3215 1801 3342 1869 Qui,
3384 1802 3588 1872 inquit.

2006 1894 2345 1949 mollescere
2357 1901 2523 1964 atque
2540 1909 2871 1949 evanescere
2894 1893 3026 1949 fecit
3053 1901 3323 1948 tumorem
3353 1885 3593 1960 tantum,

2001 2001 2188 2041 nonne
2213 1986 2573 2056 idem-possit
2605 2001 2827 2057 quoque
2858 1987 3058 2056 pellem
3086 1986 3347 2057 colligere
3376 2001 3441 2041 ac
3460 2000 3592 2042 con-

2004 2076 2235 2132 trahere
2249 2076 2472 2132 denuo?
2488 2076 2668 2148 Atque
2693 2077 2787 2132 ille
2808 2078 3033 2148 quidem
3054 2078 3137 2133 sic
3158 2078 3424 2149 impetum
3450 2078 3596 2132 anti-

2003 2167 2099 2238 qui
2121 2168 2298 2223 bostis
2318 2169 2644 2224 etiamtunc
2672 2170 2976 2239 repressit:
3004 2185 3105 2225 nos
3132 2185 3267 2225 vero
3287 2170 3355 2225 ad
3381 2168 3592 2240 reliqua

2001 2261 2341 2330 pertexenda
2372 2262 2772 2317 convertimur.

2075 2375 2197 2431 182.
2224 2374 2455 2444 Quidam
2487 2378 2792 2433 monachus
2818 2378 3103 2434 Laodiceae
3123 2379 3293 2451 Syriae
3323 2380 3591 2443 inclusus.

2001 2465 2369 2523 diuturnioris
2419 2468 2691 2524 clausura:
2725 2484 2788 2525 ac
2823 2470 3140 2530 solitudinis
3190 2479 3472 2541 perpetuae
3502 2481 3594 2527 tac-

2001 2558 2117 2625 dio,
2168 2560 2542 2617 meditabatur
2590 2563 2805 2618 aditum
2848 2564 2919 2619 ad
2945 2573 3210 2620 sanctum
3243 2565 3592 2637 Symeonem,

2000 2652 2173 2707 veluti
2220 2653 2568 2710 occasionem
2606 2672 2717 2710 non
2754 2656 2949 2713 minus
2964 2656 3137 2727 quieti
3178 2667 3544 2728 opportunam
3576 2676 3590 2711 :

1998 2744 2224 2813 jamque
2250 2743 2674 2814 signiﬁcaverat.
2688 2760 2853 2816 quam
2889 2745 3105 2801 ardenti
3136 2743 3414 2800 desiderio
3441 2752 3596 2799 tene-

2002 2845 2178 2901 retur,
2196 2837 2373 2906 ipsum
2393 2837 2683 2901 adorandi,
2710 2837 2971 2908 quodque
3001 2838 3056 2892 in
3086 2838 3374 2909 procinctu
3402 2835 3472 2892 ad
3492 2836 3595 2891 iter

2001 2936 2192 2983 staret.
2226 2928 2332 2983 Sed
2356 2928 2448 2984 ille
2510 2928 2565 2983 in
2612 2928 3127 2999 pusillanimitatem
3174 2927 3439 2982 incidisse
3466 2944 3591 2981 ρυιιτ

299 2998 518 3067 νοήσας
539 3038 554 3063 ,
588 2999 699 3068 Οὐχ
748 2998 895 3052 ὅσιον
933 2999 1057 3053 οὐδὲ
1089 3001 1321 3072 πρέπον,
1364 3001 1491 3071 ἔφη,
1524 3000 1897 3055 καταλιπόντα

2013 3019 2330 3096 neutiquam
2364 3020 2645 3090 ignorans“,
2676 3018 2966 3090 respondit
2993 3038 3006 3073 :
3041 3017 3157 3073 Nec
3186 3020 3340 3090 pium
3379 3026 3466 3073 est
3495 3034 3593 3072 nec

300 3091 375 3143 τὸ
413 3093 742 3161 προσκυνεῖν
767 3091 888 3165 Θεῷ
928 3094 989 3146 ἐν
1015 3093 1153 3165 αὐλῇ
1191 3092 1327 3166 ἁγίᾳ
1374 3093 1561 3161 αὐτοῦ,
1590 3092 1718 3164 ἥτις
1755 3095 1903 3147 ἐστὶν

2013 3111 2188 3178 decet,
2224 3112 2269 3166 si
2289 3112 2507 3168 desinat
2535 3113 2662 3182 quis
2693 3113 2866 3168 Deum
2885 3111 3120 3166 adorare
3160 3112 3214 3165 in
3257 3111 3381 3166 aula
3407 3121 3595 3165 sancta

300 3183 341 3234 ὁ
369 3181 470 3235 τοῦ
510 3183 746 3254 μοναχοῦ
778 3185 1017 3248 οίκίσκος
1048 3185 1273 3256 ἀρεταῖς
1325 3186 1566 3249 ἁπάσαις
1617 3185 1903 3257 καταλαμε

304 3275 557 3344 τέμενός
586 3292 647 3328 τε
682 3276 777 3330 καὶ
813 3277 1243 3348 πλατυνόμενος,
1272 3280 1354 3341 είς
1401 3277 1693 3349 ἀνθρώπου
1736 3295 1910 3349 προσ.

304 3368 548 3435 κύνησιν
566 3368 744 3440 ἣκεινο
793 3369 1150 3441 ’Υπόμεινον
1178 3371 1309 3442 γὰρ,
1339 3373 1494 3442 φησὶ,
1522 3372 1632 3426 τὸν
1662 3373 1907 3441 Κύριον,

304 3466 343 3517 ὁ
377 3461 526 3526 θεῖος
577 3460 779 3527 Δαυϊδ,
832 3462 932 3516 καὶ
989 3464 1268 3533 φύλαξον
1324 3463 1441 3530 τὴν
1502 3463 1650 3518 ὁδὸν
1697 3464 1906 3518 αὐτοῦ.

303 3551 509 3606 Ταῦτα
533 3553 836 3623 τηνικαῦτα
868 3552 966 3624 μὲν
1000 3554 1199 3623 ἐπέσχε
1241 3552 1333 3606 τὸν
1365 3555 1599 3623 μοναχόν
1627 3571 1640 3585 ·
1675 3554 1770 3607 τοῦ
1801 3556 1917 3608 πάς

309 3644 451 3707 θους
483 3644 539 3697 δὲ
571 3646 713 3714 μετὰ
742 3646 937 3716 μικρὸν
964 3644 1450 3711 δυναστεύσαντος,
1480 3646 1700 3712 ἔξεισιν,
1721 3649 1782 3700 οὐ
1806 3647 1910 3717 τὴν

305 3736 556 3808 ⁴ἡσυχίαν
595 3738 726 3805 παρ’
754 3736 908 3789 οὐδὲν
938 3736 1098 3806 μόνον
1129 3734 1248 3788 οὐδὲ
1296 3734 1396 3807 τὴν
1430 3735 1710 3807 κάθειρξιν
1746 3736 1910 3806 θέμε-

310 3846 437 3892 νος,
476 3828 616 3883 ἀλλὰ
668 3829 764 3882 καὶ
811 3830 892 3892 είς
960 3829 1240 3898 πορνείαν,
1291 3829 1481 3898 οῖμοιί
1538 3829 1908 3900 κατενεχθεὶς,

312 3919 530 3991 πτῶμα
589 3920 753 3975 τίνων
819 3922 881 3974 ού
936 3919 1228 3993 δακρύων,
1276 3925 1448 3975 ποίων
1506 3921 1606 3976 οὐκ
1660 3922 1912 3995 ὀδυρμῶν

308 4015 474 4070 ἄξιον
495 4016 508 4068 l

392 4034 508 4068 ιονι

359 4034 544 4175 ςρτιεγ’.
580 4107 814 4160 Ἔπειτα
867 4108 1053 4176 μέντοι
1112 4107 1390 4178 παρέϐαλε
1448 4108 1543 4180 τῷ
1593 4108 1782 4182 Ἀγίῳ.
1815 4111 1915 4181 τῆς

2009 3219 2130 3269 sua,
2185 3205 2365 3275 qualis
2415 3212 2501 3258 est
2548 3205 2685 3259 cella
2726 3202 3007 3267 monachi,
3047 3202 3315 3257 virtutum
3347 3201 3596 3256 omnium

2010 3294 2304 3365 splendore
2332 3294 2614 3365 refulgens
2650 3283 2715 3349 ac
2737 3292 2961 3358 referta,
2987 3292 3297 3360 ,veniatque
3323 3290 3391 3345 ad
3416 3289 3599 3344 homi-

2010 3399 2139 3439 nem
2162 3383 2525 3439 adorandum.
2551 3383 2820 3453 Exspecta
2842 3381 3152 3449 Dominum,
3176 3381 3402 3437 divinus
3422 3381 3601 3450 inquit

2010 3476 2205 3539 David,
2232 3485 2281 3529 et
2299 3475 2500 3530 custodi
2529 3476 2674 3532 viam
2694 3476 2808 3545 ejus
2832 3473 2900 3528 ".
2924 3471 3051 3529 Hac
3069 3483 3181 3527 tum
3205 3472 3431 3544 quidem
3459 3471 3605 3526 inhi—

2013 3567 2265 3622 buerunt
2293 3567 2668 3634 monachum;
2702 3582 2899 3622 verum
2936 3566 3101 3636 paulo
3136 3574 3280 3634 post,
3302 3564 3601 3635 ιη·ωάοωί-

2012 3669 2179 3714 nante
2206 3659 2402 3714 eadem
2420 3659 2592 3713 animi
2620 3658 3068 3729 perturbatione,
3087 3656 3244 3721 exiit,
3283 3656 3606 3726 relinquens

2012 3766 2126 3804 non
2159 3751 2335 3805 solum
2371 3750 2616 3819 quietem
2639 3766 2796 3805 suam
2824 3759 2998 3820 atque
3033 3751 3364 3812 claustrum,
3415 3748 3511 3803 sed
3544 3748 3596 3802 in

2012 3840 2438 3896 fornicationem
2472 3855 2718 3910 quoque,
2783 3841 2894 3896 heu
2947 3842 3070 3896 me!
3136 3839 3414 3901 incidens,
3466 3857 3597 3895 casu

2014 3932 2356 4002 quibusnon
2392 3932 2676 4003 lacrymis,
2725 3932 2929 4002 quibus
2984 3948 3097 3987 non
3149 3931 3469 4002 planctibus
3518 3933 3604 3991 di-

2014 4024 2159 4093 suo!

2090 4113 2212 4169 l83.
2242 4114 2449 4170 Deinde
2487 4122 2669 4169 tamen
2711 4117 2883 4170 sancti
2916 4125 3202 4188 aspectum
3239 4118 3434 4184 subiit,
3467 4119 3597 4174 nul-

312 4198 429 4266 μὲν
458 4197 732 4268 ἁμαρτίας
769 4198 891 4252 οὐδὲ
957 4198 1118 4270 ψιλὴν
1160 4199 1299 4264 ὅλως
1344 4201 1667 4273 ποιούμενος
1696 4203 1905 4273 μνήμην

2016 4207 2125 4261 lam
2151 4208 2236 4262 vel
2281 4208 2664 4263 tenuissimam
2714 4207 2919 4277 (qualia
2950 4210 3173 4282 maligni
3199 4211 3433 4281 spiritus
3477 4212 3606 4266 arti-

315 4286 436 4361 (οἴα
469 4290 539 4343 τὰ
584 4289 679 4343 τοῦ
731 4291 999 4363 πονηροῦ
1029 4292 1405 4364 τεχνάσματα,
1452 4295 1599 4363 καὶὴ
1631 4294 1769 4363 πρὸς
1822 4293 1905 4362 τὴς.

2018 4298 2176 4353 ﬁcia!
2208 4301 2388 4370 qualis
2418 4303 2754 4358 verecundia
2788 4303 2854 4357 ad
2912 4301 3290 4357 confitendum
3333 4303 3601 4361 malitiam

306 4382 716 4455 ἐξομολόγησιν
748 4383 843 4438 τοῦ
875 4386 1049 4438 κακοῦ
1085 4389 1206 4450 ταῖς
1236 4386 1345 4440 τῶν
1377 4385 1690 4456 ἀνθρώπων
1714 4386 1905 4458 ψυχαῖς

2020 4405 2201 4457 suam,
2247 4391 2508 4448 humanis
2550 4395 2830 4450 mentibus
2891 4393 3198 4467 ingenita!)
3252 4395 3467 4466 peccati
3519 4397 3605 4451 sui

312 4477 657 4546 ἐγγινομένη
707 4475 871 4540 αἰδώς
896 4477 964 4545 ί),
993 4476 1091 4547 τὴν
1124 4477 1180 4530 δὲ
1208 4477 1309 4547 τῆς
1364 4477 1630 4547 συνήθους
1679 4478 1908 4550 ἡσυχίας

312 4569 622 4623 ἔκπτωσιν
678 4568 893 4639 πικρῶς
950 4569 1294 4640 ὀδυρόμενος.
1363 4570 1421 4625 Ὀ
1489 4571 1544 4625 δὲ
1610 4571 1911 4641 ὀφθαλμοῖς

312 4658 595 4721 ἀθεάτοις,
636 4660 701 4712 τὰ
761 4661 1121 4730 κεκρυμμένα
1156 4661 1320 4733 ὁρῶν,
1372 4663 1467 4715 καὶ
1515 4661 1610 4714 τοῦ
1670 4662 1909 4733 χαλεποῦ

317 4748 531 4816 μύσους
565 4748 777 4800 ἐκείνου
825 4749 917 4802 τὸν
955 4749 1189 4820 μοναχὸν
1239 4752 1595 4820 ἁποκαθᾶραι
1647 4753 1909 4824 βουλόμε-

313 4850 431 4896 νος,
459 4833 535 4886 Οὐ
576 4836 903 4906 συναλγήσω
942 4854 1046 4903 σοι,
1082 4839 1268 4908 φησὶν,
1298 4841 1381 4894 ὅτι
1423 4842 1513 4894 τὸν
1540 4842 1634 4896 τοῦ
1661 4845 1909 4899 οἱκίσκου

316 4925 622 4998 crepans“
674 4930 873 5000 τοῖχον,
903 4930 1024 4983 ἐπεί
1086 4949 1168 4985 σοι
1205 4933 1302 4985 καὶ
1333 4933 1598 4988 εἰσελθεῖν
1650 4933 1808 4999 αὖθις
1841 4937 1910 4992 δι’

318 5019 493 5075 αὐτοῦ
526 5023 678 5094 ῥᾷον,
710 5024 807 5077 καὶ
858 5025 988 5078 εἴσω
1036 5025 1291 5093 γενέσθαι
1324 5027 1488 5082 πάλιν
1529 5029 1905 5085 ἐπανελθόντι·

315 5113 440 5169 ἀλλ’
467 5116 549 5170 ὅτι
574 5118 668 5171 τὸν
697 5119 801 5187 τῆς
840 5117 1022 5189 ψυχῆς
1048 5119 1375 5183 κατέσεισας
1418 5120 1649 5194 πύργον,
1684 5123 1782 5177 καὶ
1834 5125 1911 5197 τῷ

316 5210 525 5280 ἐχθρῷ,
582 5211 717 5279 (psi)!
746 5211 1095 5282 αἰχμάλωτος
1123 5213 1468 5285 ἀπηνέχθης,
1514 5219 1596 5281 είς
1651 5219 1909 5289 πορνείαν

317 5304 745 5375 κατολισθήσας.
776 5305 964 5359 Ταῦτα
1025 5307 1119 5360 τὸν
1174 5308 1409 5379 μοναχὸν
1474 5310 1818 5381 καταπλῆξαί
1850 5328 1908 5365 τε

316 5396 438 5465 ἃμα
471 5395 568 5449 καὶ
603 5398 941 5464 καταιδέσαι,
970 5399 1032 5453 τὸ
1071 5400 1170 5470 μὲν
1216 5403 1284 5472 τῇ
1328 5401 1436 5454 τῶν
1470 5401 1709 5472 ἐλέγχων
1755 5403 1909 5455 ἐλευ-

196 5531 208 5542 .
316 5488 480 5560 θερίᾳ
513 5490 608 5544 ἐπὶ
640 5494 751 5555 τοῖς
781 5492 1126 5562 ἀδήλωῆὼς
1184 5494 1346 5558 αὐτὸς
1398 5491 1556 5565 ᾤετο,
1598 5495 1909 5568 διαπεπρα-

315 5585 564 5655 γμένοις,
614 5584 677 5639 τὸ
727 5585 784 5640 δέ
815 5587 894 5658 τῷ
936 5588 1158 5659 μεγέθει
1208 5590 1307 5671 τῆς
1356 5589 1588 5662 ὕϐρεως,
1637 5591 1909 5662 ῆναύτδς

317 5676 402 5742 εἰς
463 5676 659 5732 ἑαυτὸν
720 5677 923 5743 ἀθλίως
982 5679 1237 5753 ἐνύϐρισε
1266 5700 1280 5714 ο
1343 5682 1442 5737 καὶ
1481 5682 1664 5757 πρηνῆ
1712 5684 1907 5739 ἑαυτὸν

390 5858 436 5891 δδ
466 5856 610 5913 Psal.
656 5873 836 5927 xxxvi,
869 5858 957 5913 5i.

2014 4480 2224 4537 faciens
2277 4485 2653 4551 mentionem,
2720 4486 2819 4541 sed
2888 4487 3272 4543 indesinenter
3344 4488 3606 4559 plorans,

2014 4575 2163 4643 quod
2203 4577 2433 4646 pristina
2496 4579 2682 4649 quiete
2732 4580 3047 4637 excidisset.
3105 4581 3311 4637 Verum
3360 4595 3605 4646 sanetus,

2016 4668 2379 4726 interioribus
2398 4672 2577 4727 oculis
2607 4674 2935 4729 abscondita
2963 4673 3331 4745 perspiciens,
3353 4689 3419 4728 ac
3444 4675 3605 4728 tertia

2014 4761 2227 4830 peccati
2277 4763 2491 4818 macula
2546 4766 2881 4820 monachum
2937 4764 3280 4820 emundaudi
3327 4764 3603 4834 cupidus:

2016 4851 2139 4906 Non
2167 4868 2272 4923 ego
2299 4853 2402 4907 tibi
2434 4856 2768 4924 compatior,
2813 4856 3014 4926 inquit,
3038 4855 3187 4925 quod
3234 4855 3463 4911 claustri
3524 4855 3603 4909 tui

2013 4958 2206 4999 muros
2248 4945 2565 5017 perfregisti
2629 4947 2915 5018 (quoniam
2969 4948 3132 5004 facile
3166 4948 3266 5002 tibi
3327 4958 3415 5004 est
3447 4957 3605 5019 post-

2013 5034 2229 5091 liminio
2299 5039 2528 5103 reverti,
2578 5054 2643 5095 ac
2710 5056 2938 5097 reverso
3002 5042 3260 5111 intrare),
3302 5041 3398 5098 sed
3454 5041 3603 5112 quod

2012 5128 2344 5184 animaatua:
2388 5134 2811 5203 propugnaculo
2858 5133 3167 5200 destructo,
3225 5134 3481 5205 captivus
3525 5133 3597 5190 ab

2013 5218 2171 5275 hoste
2196 5221 2468 5278 abductus
2494 5224 2754 5298 (pudori!)
2780 5226 2837 5281 in
2854 5225 3278 5284 fornicationem
3312 5228 3600 5297 prolapsus

2013 5312 2110 5368 sis.
2142 5314 2649 5372 Perculerunthazc
2675 5319 3010 5375 monachum
3043 5319 3252 5389 pariter
3300 5334 3366 5374 ac
3398 5319 3600 5374 confu-

2016 5405 2261 5472 derunt;
2315 5416 2433 5462 tum
2494 5418 2725 5480 propter
2771 5412 3090 5467 libertatem
3146 5412 3621 5482 reprehendeudi‘

2015 5497 2107 5554 illa
2159 5514 2284 5569 quae
2336 5500 2453 5570 ipse
2480 5503 2712 5573 putabat
2768 5504 2909 5559 clam
2968 5504 3143 5569 facta;
3190 5515 3308 5560 tum
3372 5512 3602 5575 propter

2016 5599 2217 5647 tetram
2246 5593 2566 5664 ignominiaa
2592 5601 2775 5651 notam
2794 5612 2962 5668 quam
3004 5596 3110 5651 sibi
3164 5596 3283 5667 ipse
3326 5596 3602 5652 inusserat

2012 5682 2237 5739 infelix:
2275 5687 2684 5763 prostravitque
2708 5705 2765 5745 se
2796 5703 3028 5760 pronus,
3066 5696 3339 5761 quantum
3397 5686 3601 5759 potuit,
