4018 6394
474 382 616 448 3155

1690 392 1753 453 S.
1795 392 2171 454 SYMEON.b
2209 386 2577 458 JUNIORIS

3592 403 3730 470 3156

480 512 547 554 ac
579 496 783 553 calenti
813 499 1101 556 oculorum
1126 498 1303 557 imbre
1337 509 1538 555 terram
1587 498 1875 570 irrigavit;
1912 508 2048 555 tem-

2158 504 2235 567 ὡς
2265 499 2377 575 εἶχε
2406 504 2752 570 καταϐαλὼν,
2786 506 2879 559 καὶ⁵
2909 506 3089 579 θερμά
3120 506 3333 577 δάκρυα
3372 506 3468 562 τοῦ
3500 510 3737 583 ἐδάφους

483 603 589 658 pus
616 604 838 659 quoque
867 604 979 659 quo
1000 589 1186 659 lapsus
1208 589 1386 645 fuerat
1435 590 1710 655 indicans,
1736 590 2047 657 dictitabat,

482 680 733 750 quintam
758 680 906 736 illam
933 689 1061 750 post
1086 695 1273 735 casum
1300 681 1384 751 agi
1408 679 1588 745 diem;
1612 679 2053 750 obsecrabatque

484 772 710 827 liberari
744 786 773 826 a
793 777 1006 837 sancto,
1036 773 1150 843 jam
1172 770 1357 842 przeda
1396 770 1541 825 hosti
1571 770 1774 826 factus.
1802 769 1904 836 Qui
1929 786 2055 825 ora-

483 864 630 919 tione
653 870 710 919 et
738 864 922 921 crucis
947 865 1107 935 signo
1143 864 1327 935 ipsum
1381 863 1662 929 muniens,
1700 862 2051 932 insuperabi-

484 959 591 1014 lem
616 957 879 1029 deinceps
911 959 1065 1015 hosti
1113 958 1292 1025 fecit;
1321 958 1455 1015 fecit
1505 957 1671 1014 etiam
1710 957 2052 1025 circumspe-

480 1048 687 1107 ctiores
713 1049 1014 1119 discipulos
1050 1063 1204 1116 suos,
1249 1050 1357 1105 hoc
1405 1048 1658 1119 exemplo
1709 1046 2048 1111 admonitos,

478 1140 644 1205 nihil,
668 1141 802 1198 licet
827 1142 884 1197 in
904 1142 1124 1199 occulto
1156 1140 1387 1207 factum,
1415 1156 1527 1195 non
1549 1140 1896 1211 exploratum
1923 1154 2045 1196 esse

476 1229 760 1302 Symeoni.

547 1321 671 1377 184.
706 1322 775 1378 Ει
803 1322 911 1378 hoc
951 1322 1191 1393 quidem.
1226 1322 1591 1388 demonstrat,
1645 1321 1794 1392 quod
1857 1318 2049 1391 procul

475 1420 687 1468 remota
720 1413 977 1484 Symeoni
1003 1415 1157 1470 velut
1184 1422 1311 1469 ante
1327 1414 1518 1470 oculos
1539 1423 1689 1485 gesta
1714 1422 1879 1483 atque
1910 1426 2049 1482 pra:-

476 1506 657 1562 sentia
694 1505 1132 1571 exhiberentur;
1167 1505 1264 1561 sed
1306 1505 1484 1560 oratio
1533 1513 1726 1560 nostra
1776 1503 1895 1558 vult
1941 1502 2051 1557 alia

472 1613 718 1669 quoque,
748 1597 995 1667 eiusdem
1035 1612 1163 1652 cum
1191 1598 1303 1668 jam
1335 1596 1485 1655 dicto
1515 1597 1740 1651 virtutis
1761 1604 1816 1651 et
1865 1594 2049 1651 effica-

475 1688 577 1743 ciae
598 1688 843 1760 adjungi.
879 1687 1117 1753 Accidit,
1150 1696 1397 1757 tempore
1428 1702 1539 1757 quo
1589 1686 1776 1758 fruges
1820 1693 2051 1739 matura:

472 1790 625 1842 sunt,
649 1778 942 1849 quemdam
964 1778 1247 1834 hominem
1282 1794 1341 1835 se
1366 1779 1435 1833 ad
1465 1786 1708 1833 montem
1735 1777 2047 1832 mirabilem

2165 596 2589 667 καταχεόμενος,
2620 597 2701 650 ἔτι
2729 597 2938 653 καὶτὸν
2967 598 3159 668 χρόνον
3188 598 3281 651 τοῦ
3323 599 3614 671 πτώματος
3647 604 3737 669 ἐξ·

2160 680 2494 749 ομολογεῖτο,
2522 684 2778 754 πέμπτην
2801 682 2951 753 αὺτῷ
2978 685 3185 756 ταύτην
3213 681 3353 740 εἶναι
3383 687 3559 756 λέγων
3593 694 3735 760 μετά
3824 744 3832 755 ,

2159 772 2222 824 τδ
2262 773 2435 835 πάθος
2464 774 2701 844 ἡμέραν,
2731 775 2824 827 καὶ
2853 775 3120 845 ρυσθῆναι
3152 777 3245 831 ὑπ’
3271 778 3436 833 αὑτοῦ
3462 780 3602 851 ᾔτει,
3635 783 3739 855 ἆρ-

2161 873 2357 926 παγμα
2411 858 2511 929 ἤδη
2564 860 2642 929 τῷ
2698 859 2965 934 ἀλλοτρίῳ
3014 867 3402 936 γεγενημένος.
3436 868 3598 924 Ἀλλά
3642 873 3740 926 τὸν

2161 950 2263 1020 μέν
2292 951 2425 1021 εὐχῇ
2450 953 2545 1005 καὶ⁵
2580 954 2836 1023 σφραγῖδι
2881 954 3133 1021 ὁπλίσας,
3166 959 3611 1027 ἀκαταγὼνιστον
3636 963 3738 1017 τοῦ

2158 1044 2350 1098 λοιποῦ
2389 1043 2469 1115 τῷ
2500 1043 2681 1115 ἐχθρῷ
2713 1047 3009 1117 πεποιήκει
3042 1064 3057 1077 ·
3084 1048 3527 1123 ἀσφαλεστέρους
3553 1053 3611 1107 δέ
3637 1054 3739 1109 καὶ

2156 1135 2285 1198 τοὺς
2315 1133 2586 1204 μαθητὰς,
2625 1135 2837 1200 εἰδότας
2865 1136 3014 1200 ὅπως
3057 1137 3211 1193 οὐδὲν
3248 1140 3413 1194 αὑτὸν
3462 1142 3585 1197 οὐδὲ
3625 1143 3739 1198 τῶν

2160 1227 2218 1277 ἐν
2253 1229 2438 1296 κρυφῇ
2470 1228 2775 1299 γινομένων
2801 1228 3165 1285 διαλανθάνει.

2231 1315 2374 1386 ρπδ’.
2406 1318 2518 1372 Καὶ
2570 1317 2729 1371 τοῦτο
2791 1318 2890 1389 μὲν
2938 1318 3005 1389 δὴ
3052 1320 3284 1386 τοιοῦτο,
3317 1322 3415 1374 καὶ
3471 1323 3614 1377 οὕτω
3659 1324 3740 1378 τά

2161 1407 2381 1479 μακρὰν
2433 1408 2530 1461 καὶ
2575 1409 2765 1481 πόρρω
2795 1409 2876 1480 τῷ
2928 1410 3155 1481 Συμεὼν
3204 1413 3264 1465 ἐν
3310 1412 3632 1484 ὀφθαλμοῖς,
3655 1415 3740 1480 ὡς

2159 1501 2405 1570 παρόντα
2448 1499 2696 1554 δεικνύον
2723 1516 2737 1530 °
2770 1500 2798 1553 ὁ
2830 1502 2886 1555 δὲ
2916 1501 3074 1570 λόγος
3119 1505 3214 1557 καὶ
3255 1505 3392 1559 ἄλλα
3423 1508 3523 1576 τῆς
3561 1508 3739 1578 αὐτῆς

2155 1591 2235 1662 τῷ
2259 1591 2538 1663 εἰρημένῳ
2554 1591 2837 1664 δυνάμεως
2860 1595 3176 1665 προσθεῖναι
3204 1596 3478 1665 βούλεται·
3493 1598 3738 1670 Ἀνθρώ-

2156 1699 2244 1753 πῳ
2301 1682 2501 1753 συνέϐη
2551 1683 2663 1736 τινὶ
2716 1685 2846 1756 περὶ
2897 1684 3045 1739 σίτου
3090 1686 3277 1756 ἀκμὴν
3314 1687 3374 1740 τὸ
3422 1687 3739 1760 θαυμαστὸν

2157 1774 2360 1829 ἀνιόντι
2388 1774 2516 1847 ὅρος
2575 1776 2671 1829 καὶ
2697 1775 2777 1846 τῷ
2822 1793 2883 1830 τε
2933 1777 3175 1832 καύσωνι
3224 1760 3324 1851 τῆς
3362 1783 3535 1856 ὥρας,
3561 1783 3640 1854 τῷ
3669 1801 3738 1837 τε

472 1870 753 1932 conferre.
786 1870 1239 1941 tempestatisque
1266 1870 1467 1925 ardore
1486 1879 1544 1925 et
1585 1868 1897 1924 acclivitate
1944 1867 2048 1923 via:

2154 1868 2251 1938 τῆς
2281 1867 2403 1922 ὁδοῦ
2434 1868 2672 1933 ἀνάντει,
2711 1869 2847 1940 πρὸς
2890 1869 2992 1941 τὴν
3037 1871 3136 1926 τοῦ
3186 1872 3373 1943 δίψους
3416 1876 3743 1947 ἀπαγορεύ-

470 1962 708 2018 excitata
738 1962 861 2017 sitis
880 1962 1234 2017 vehementia
1289 1960 1661 2026 deﬁcientem,
1713 1960 1871 2015 humi
1913 1974 2051 2014 con-

472 2054 661 2110 cidere
687 2064 746 2109 et
768 2061 981 2110 tantum
1019 2069 1132 2109 non
1164 2052 1352 2109 animo
1397 2052 1597 2124 linqui.
1631 2053 1863 2123 Jamque
1906 2060 2048 2107 tem—

469 2159 576 2216 pus
598 2151 719 2200 erat
743 2159 859 2215 quo
913 2144 1249 2214 vespertinae
1297 2152 1574 2200 canuntur
1624 2158 1843 2215 preces,
1910 2157 2058 2213 quas

470 2245 699 2293 sanctus
717 2251 821 2307 pro
847 2250 1007 2292 more
1045 2250 1147 2291 suo
1182 2251 1307 2290 eum
1347 2235 1639 2307 discipulis
1698 2236 1812 2291 Deo
1834 2234 2048 2305 persol-

469 2328 669 2394 vebat;
717 2342 845 2382 eum
903 2327 1043 2383 duos
1088 2327 1309 2381 illorum
1351 2326 1424 2381 ad
1467 2341 1528 2381 se
1584 2334 1811 2381 vocatos
1864 2324 2046 2396 jubet,

470 2426 698 2489 accepto
721 2432 864 2489 pane
884 2424 942 2473 et
973 2431 1138 2487 aqua,
1160 2415 1250 2471 via
1280 2416 1487 2471 montis
1518 2424 1788 2471 consueta
1817 2413 2050 2470 descen-

472 2509 632 2574 dere,
665 2509 994 2564 inventuros
1022 2506 1323 2577 quemdam
1362 2506 1418 2561 in
1440 2515 1644 2561 terram
1677 2511 2045 2575 prostratum,

469 2604 562 2657 vix
600 2601 905 2673 spirantem
934 2602 1122 2656 animo
1145 2599 1441 2656 deﬁciente
1467 2618 1480 2654 :
1509 2600 1664 2655 hisce
1683 2598 1887 2654 fractas
1941 2599 2044 2670 ipsi

469 2694 619 2749 vires
653 2692 1051 2750 restituendas.
1078 2692 1289 2749 Verum
1321 2691 1583 2747 festinato
1636 2706 1777 2761 opus
1808 2701 1913 2755 est,
1970 2690 2048 2743 in—

469 2784 610 2854 quit,
639 2793 708 2839 ne
733 2798 886 2838 mors
915 2792 1256 2854 praeverteris
1283 2782 1497 2837 auferat
1541 2781 1866 2852 pauxillum,
1897 2780 2045 2850 quod

468 2883 741 2945 superest,
788 2873 1037 2944 spiritus.
1097 2872 1183 2927 Illi
1233 2881 1418 2928 autem
1479 2880 1772 2928 currentes
1828 2878 1892 2925 ut
1938 2869 2045 2925 sibi

473 2965 788 3020 mandatum
816 2972 958 3029 erat,
1017 2962 1306 3035 reperiunt
1347 2964 1620 3035 jacentem
1655 2963 1709 3018 in
1741 2963 1831 3018 via
1866 2962 2047 3017 homi-

468 3071 617 3120 nem,
643 3056 755 3127 jam
778 3063 991 3110 tantum
1020 3069 1131 3109 non
1165 3064 1466 3109 mortuum.
1492 3055 1719 3109 Tollunt
1742 3070 1873 3126 ergo
1891 3068 2041 3120 eum,

470 3159 638 3217 atque
679 3147 736 3201 in
764 3153 980 3217 partem
1006 3145 1330 3201 monasterii
1386 3144 1713 3202 inferiorem
1783 3153 2042 3215 portant:

472 3239 575 3295 ubi
594 3239 688 3295 vix
736 3236 954 3294 tandem
1012 3237 1405 3294 abiturientem
1466 3238 1726 3308 spiritum
1781 3237 2044 3304 retinere,

472 3330 728 3399 viresque
758 3344 1020 3384 revocare
1044 3337 1371 3399 potuerunt.

547 3420 664 3475 1‘85.
692 3419 1039 3477 Carbonibus
1060 3420 1358 3495 aliquando
1385 3418 1777 3477 deﬁcientibus
1814 3422 1870 3476 in
1929 3436 2049 3477 mo-

476 3514 744 3580 nasterio,
774 3513 1135 3569 contulerunt
1157 3514 1379 3584 vesperi
1401 3511 1549 3569 inter
1569 3530 1627 3569 se
1653 3515 1832 3584 capita
1848 3524 1905 3569 et
1932 3530 2047 3569 ser-

477 3620 671 3660 mones
693 3603 990 3660 admodum
1042 3605 1189 3660 anxii
1229 3604 1470 3659 fratres:
1516 3604 1720 3674 quibus
1767 3604 2043 3676 Symeon:

472 3696 672 3763 Nolite,
702 3696 904 3766 inquit,
947 3696 1170 3751 solliciti
1191 3710 1349 3762 esse;
1393 3695 1653 3752 adveniet
1680 3696 1888 3767 quippe
1921 3695 2047 3752 luce

469 3788 712 3844 crastina
742 3795 930 3844 tantus
958 3789 1261 3854 carbonum
1279 3803 1569 3849 numerus.
1592 3798 1833 3859 quantus
1853 3788 2047 3844 usibus

470 3875 799 3932 monasterii
825 3875 1059 3931 sufﬁciat
1082 3894 1096 3930 :
1118 3892 1246 3935 nam
1279 3878 1461 3933 virum
1487 3878 1780 3948 quemdam
1822 3877 2043 3949 prospi-

469 3967 558 4023 cio
580 3968 947 4031 rusticanum,
975 3966 1115 4022 duos
1141 3967 1324 4023 mulos
1340 3967 1451 4023 huc
1472 3977 1745 4039 agentem,
1771 3967 2051 4040 ejusmodi

472 4073 614 4129 quos
653 4057 824 4117 vultis
878 4057 1152 4114 carbones
1201 4046 1530 4131 bajulantes.
1590 4059 1745 4125 Talia
1793 4061 1886 4117 ille
1941 4059 2055 4115 sub,

470 4147 656 4204 noctis
675 4147 967 4203 exordium
1000 4146 1331 4218 discipulis:
1362 4157 1582 4219 postera
1630 4164 1764 4205 vero
1809 4150 1935 4205 luce
1958 4149 2046 4203 vir

469 4240 559 4296 ille
588 4238 809 4295 advexit
827 4253 950 4310 quae
962 4239 1290 4309 praedixerat
1309 4248 1554 4296 sanctus.
1580 4241 1924 4310 Praeceperat
1944 4240 2046 4294 ali-

470 4330 693 4404 quando
709 4331 846 4395 suis,
869 4346 941 4386 ne
957 4346 1124 4407 quem
1153 4333 1384 4387 omnino
1422 4333 1741 4387 saecularem
1765 4330 2044 4386 hominem

468 4425 849 4487 convenirent,
896 4438 1077 4492 neque
1127 4421 1399 4492 colloquia
1465 4422 1574 4475 ulla
1621 4428 1717 4476 aut
1762 4435 2046 4476 sermones

2159 1973 2314 2010 σαντι
2350 1955 2471 2027 βίαν
2496 1958 2592 2011 ἐπὶ
2625 1958 2728 2029 τὴν
2755 1959 2860 2029 γῆν
2885 1958 3301 2032 ,καταρρεὖσαι,
3334 1962 3429 2017 καὶ
3467 1966 3588 2017 κατ’
3618 1964 3741 2017 ὀλί-

2150 2065 2247 2117 γον
2305 2048 2724 2119 ὑπολιμπάνειν.
2746 2044 2857 2104 Ἦν
2892 2051 2993 2121 μὲν
3025 2047 3118 2106 οὖν
3149 2053 3251 2124 ήδη
3307 2054 3436 2126 περὶ
3465 2055 3568 2119 τὰς
3608 2057 3738 2110 ἐπι-

2150 2139 2402 2211 λυχνίους
2452 2140 2620 2212 ᾠδὰς,
2647 2142 2745 2196 καλ⁸
2788 2141 3015 2209 ταύτας,
3043 2142 3119 2208 ὡς
3150 2144 3404 2217 σύνηθες,
3436 2148 3467 2200 ό
3504 2146 3738 2216 Συμεὼν

2150 2231 2269 2302 Θεῷ
2320 2232 2459 2302 μετὰ
2501 2232 2613 2287 τῶν
2642 2233 2901 2304 μαθητῶν
2924 2235 3179 2289 ἀπεδίδου
3206 2252 3221 2266 ·
3257 2239 3316 2290 ἐν
3346 2237 3521 2309 τούτῳ
3542 2239 3601 2293 δὲ
3635 2239 3741 2293 δύο

2150 2321 2303 2382 τινὰς
2357 2321 2593 2386 καλέσας
2645 2322 2824 2378 αὐτῶν
2864 2323 3213 2395 ἐπισκήπτει,
3254 2327 3521 2393 λαϐόντας
3557 2329 3736 2399 ἄρτου

2150 2411 2246 2465 καὶ
2276 2410 2489 2475 ὕδατος,
2523 2412 2625 2483 τήν
2655 2428 2716 2465 τε
2743 2411 2837 2466 τοῦ
2866 2413 3028 2484 ὅρους
3053 2414 3170 2469 ὁδὸν
3197 2403 3495 2488 παριόντας
3546 2420 3738 2491 εὑρεῖν

2148 2519 2270 2555 τινα
2297 2502 2440 2557 κατά
2468 2503 2572 2574 γῆς
2601 2505 2955 2576 ἐρριμμένον,
2995 2507 3234 2562 πνέοντα
3270 2510 3446 2579 μικρά
3498 2512 3593 2565 καὶ
3636 2514 3739 2565 ἐκ·

2149 2594 2458 2662 λελοιπότα,
2496 2595 2710 2661 τούτοις
2754 2597 2907 2669 αὐτῷ
2938 2598 3036 2667 τὴν
3087 2599 3321 2666 δύναμιν
3358 2602 3739 2672 ἀπειρηκυῖαν

2150 2684 2468 2740 ἀναλαϐεῖν.
2513 2684 2675 2739 Ἀλλά
2723 2686 2924 2757 τάχους
2949 2686 3027 2758 τῷ
3080 2689 3365 2761 πράγματι
3412 2691 3572 2762 χρεία
3599 2734 3615 2758 ,
3652 2696 3740 2766 μὴ

2149 2776 2401 2841 θάνατος,
2429 2776 2586 2849 φησὶ,
2617 2777 2911 2848 ερολαδὼν
2964 2780 3056 2833 καὶ
3119 2781 3219 2851 τὴν
3264 2782 3455 2853 ὀλίγην
3509 2784 3740 2858 ἐκείνην

2149 2869 2321 2939 πνοὴν
2352 2868 2642 2939 ἀφέληται.
2675 2871 2740 2923 Οἱ
2765 2869 2823 2924 δὲ
2855 2870 3152 2942 δράσαντες
3182 2872 3325 2927 κατὰ
3377 2875 3447 2927 τὰ
3489 2892 3740 2947 προστε-

2146 2959 2414 3027 ταγμένα,
2449 2958 2767 3029 εὑρίσκουσι
2820 2962 3073 3031 κείμενον
3116 2963 3279 3018 αὐτὸν
3307 2964 3412 3018 ἀνά
3460 2966 3558 3037 τὴν
3585 2967 3736 3034 ὁδὸν,

2149 3049 2291 3121 πλὴν
2319 3049 2413 3102 τοῦ
2445 3051 2708 3104 ἀναπνεῖν
2729 3053 2922 3122 νεκρόν
2948 3068 2961 3081 ’
2994 3053 3308 3126 ἀνελόμενοι
3334 3056 3518 3110 τοίνυν
3541 3059 3738 3128 αὐτὸν,

2149 3142 2246 3195 καὶ
2304 3142 2384 3206 είς
2437 3141 2537 3210 τὴν
2587 3142 2884 3214 κατωτέρω
2933 3146 3103 3216 μονὴν
3153 3146 3472 3217 ἀγαγόντες,
3506 3150 3607 3221 ὀψὲ
3634 3155 3741 3207 καὶ⁵

2153 3232 2307 3305 μόλις
2350 3234 2719 3303 ἐπαναγαγεῖν
2766 3234 2923 3300 αὖθις
2963 3236 3113 3310 αὐτῷ
3164 3239 3264 3311 τὴν
3311 3240 3542 3314 δύναμιν
3577 3245 3739 3317 ἴσχυ-

2151 3343 2271 3380 σαν.

2223 3426 2363 3493 ρπέ.
2406 3420 2719 3492 Ἀνθράκων
2763 3421 2991 3495 ἀπύρων
3040 3424 3171 3479 ποτὲ
3210 3425 3309 3499 τὴν
3338 3432 3504 3500 μονὴν
3548 3430 3741 3485 ἐπιλε-

2148 3510 2434 3574 λοιπότων,
2470 3514 2584 3574 τοῖς
2615 3511 2714 3582 μὲν
2739 3512 2988 3584 ἀδελφοῖς
3019 3515 3177 3584 λόγος
3201 3518 3442 3590 ἑσπέρας
3464 3520 3602 3591 πρὸς
3635 3524 3741 3575 ἀλ-

2148 3603 2342 3674 λήλους
2389 3605 2489 3657 οὐκ
2535 3605 2713 3674 ὀλίγος
2758 3600 2861 3676 ἦν’
2909 3608 2939 3661 ὀ
2975 3607 3051 3672 δὲ,
3084 3609 3176 3679 Μὴ
3207 3612 3553 3683 φροντίσητε,
3597 3615 3737 3684 ἔφη’

2149 3695 2401 3764 ἀφίξεται
2444 3695 2553 3767 γὰρ
2583 3696 2771 3768 αὔριον
2816 3698 3019 3768 πλῆθος
3065 3701 3266 3767 αὐτῶν,
3314 3703 3439 3757 ὅσον
3480 3708 3548 3776 τῇ
3590 3712 3735 3780 μονῇ

2148 3788 2287 3842 κατά
2307 3788 2516 3859 χρείαν·
2550 3788 2662 3859 6ρῶ
2691 3789 2801 3860 γάρ
2825 3788 2994 3859 ἄνδρα
3017 3791 3137 3845 τινὰ
3164 3791 3271 3845 τῶν
3299 3794 3587 3865 ἀγροικοτέ
3598 3815 3736 3868 ρων,

2147 3881 2300 3933 δυσὶν
2327 3879 2514 3951 ὥσπερ
2534 3880 2780 3951 ἡμιόνοις
2805 3882 3168 3954 προσάγοντα,
3186 3885 3424 3969 (τοιοῦτοι
3450 3887 3506 3941 δὲ
3532 3890 3738 3959 ἄνθρα-

2149 3990 2242 4035 κες
2289 3973 2398 4043 ἄρα
2449 3971 2657 4026 τούτοιν
2701 3973 2984 4043 ἑκατέροιν
3022 3976 3050 4028 ὁ
3083 3976 3299 4043 φόρτος.
3333 3978 3518 4032 Ταῦτα
3563 3984 3592 4034 ὀ
3626 3982 3738 4052 μὲν

2147 4066 2259 4127 τοῖς
2291 4062 2560 4134 μαθηταῖς
2594 4065 2725 4133 περὶ
2766 4064 2959 4127 νυκτὸς
2984 4062 3160 4137 ἀρχὰς
3193 4063 3365 4133 εἶπεν,
3391 4070 3518 4142 ἦκει
3560 4073 3618 4125 δὲ
3648 4075 3737 4138 εἰς

2147 4155 2245 4226 τὴν
2268 4154 2395 4224 ἐξῆς
2435 4156 2463 4208 ὁ
2491 4153 2751 4219 τοιοῦτος,
2779 4155 3021 4226 κομίζων
3054 4160 3119 4227 τῇ
3153 4162 3286 4231 μονῇ
3321 4162 3564 4225 τούτους,
3598 4162 3674 4226 ὡς
3704 4169 3736 4218 ὀ

2148 4246 2375 4319 Συμεὼν
2396 4249 2754 4319 προειρήκει.
2796 4249 3117 4303 Ἐντέταλτο
3140 4252 3273 4321 παρ’
3295 4252 3458 4306 αὑτοῦ
3483 4257 3596 4317 τοῖς
3626 4274 3738 4325 μα-

2148 4338 2338 4411 θηταῖς
2373 4339 2560 4410 μηδενὶ
2600 4338 2850 4410 μηδαμοῦ
2884 4342 3132 4411 κοσμικῷ
3162 4345 3477 4415 παρρησίαν
3505 4344 3735 4415 διδόναι,

2152 4431 2274 4502 μηδ’
2318 4432 2397 4494 εἰς
2427 4430 2643 4501 ὁμιλίαν
2676 4431 2859 4494 αὐτοῖς
2902 4433 2970 4485 τὰ
2994 4433 3165 4486 πολλά
3194 4435 3288 4489 καὶ
3318 4437 3511 4504 λόγους
3545 4438 3734 4509 ἥκειν,

467 4531 594 4571 cum
629 4515 698 4570 iis
727 4515 1047 4582 miscerent,
1100 4514 1207 4569 nisi
1247 4513 1305 4568 in
1335 4512 1657 4582 gravissima
1680 4515 2043 4579 necessitate;

2154 4524 2200 4576 εἰ
2234 4523 2311 4593 μὴ
2352 4522 2495 4575 κατά
2524 4521 2660 4575 πολύ
2689 4539 2740 4575 τι
2774 4522 2836 4575 τὸ
2865 4524 3189 4592 ἀναγκαῖον·
3237 4527 3329 4580 καὶ
3376 4527 3536 4582 τοῦτο
3564 4530 3622 4583 δὲ
3654 4533 3737 4603 μὴ

470 4616 603 4662 tunc
621 4620 753 4661 vero
776 4605 958 4661 etiam.
976 4619 1087 4660 non
1113 4602 1521 4657 immorandum
1545 4601 1664 4666 diu,
1694 4603 1790 4657 sed
1780 4603 2048 4677 ’μητρίδα

469 4712 726 4754 sermone
755 4694 1151 4751 discedendum
1181 4708 1347 4764 quam
1376 4708 1536 4756 mox;
1568 4699 1628 4746 ut
1665 4701 1856 4749 noctes
1886 4704 2050 4765 atque

469 4785 591 4842 dies
629 4785 834 4841 divinis
856 4783 1089 4855 psalmis
1128 4797 1193 4839 ac
1220 4782 1441 4852 legibus
1475 4781 1808 4839 meditandis
1846 4787 2048 4842 transi-

469 4890 682 4951 gentes,
711 4876 1363 4949 sedulipraescriptarum
1395 4875 1705 4945 regularum
1727 4876 2048 4935 observato-

467 4986 559 5027 res
577 4971 784 5027 forent.
805 4966 1118 5038 Aliquando
1140 4967 1329 5038 igitur,
1343 4982 1470 5021 cum
1491 4976 1714 5023 sanctus
1734 4969 1801 5024 ad
1820 4970 2065 5029 inferius.

471 5062 871 5118 monasterium
926 5058 1252 5114 accessisset
1304 5060 1552 5129 propius,
1603 5061 1757 5118 visus
1804 5063 1912 5119 sibi
1965 5074 2057 5120 est

401 5190 433 5237 χ
470 5152 665 5208 audire
686 5151 900 5221 aliquos
927 5147 1055 5202 talia
1070 5162 1192 5235 cum
1217 5149 1571 5206 saecularibus
1588 5150 1895 5221 loquentes.
1917 5169 2053 5223 qua-

472 5244 544 5299 lia
576 5258 687 5299 non
718 5241 921 5296 licebat
946 5255 1046 5309 per
1071 5239 1195 5296 data
1226 5252 1518 5311 praecepta.
1548 5243 1854 5299 Accersens
1881 5245 2052 5315 igitur

473 5333 616 5396 illos,
634 5330 1065 5399 examinansque
1093 5340 1149 5384 et
1177 5346 1292 5388 rem
1317 5339 1373 5386 et
1393 5340 1631 5403 tempus,
1667 5334 1871 5391 factum
1895 5352 2049 5391 com-

476 5423 637 5491 perit,
670 5422 815 5476 sicut
843 5421 1233 5491 spiritualibus
1255 5424 1431 5479 oculis
1459 5439 1493 5481 a
1529 5440 1588 5480 se
1614 5426 1792 5481 visum
1824 5425 2045 5482 fuerat:

475 5513 527 5567 id
550 5511 698 5581 quod
719 5527 828 5566 non
857 5514 1031 5569 levem
1055 5514 1286 5571 incussit
1321 5516 1608 5589 discipulis
1632 5519 1906 5583 timorem,
1944 5517 2062 5574 fide‘

473 5605 701 5674 dignum
726 5606 948 5676 majoris
977 5607 1028 5661 in
1062 5607 1311 5663 futurum
1345 5610 1575 5665 cautela:
1605 5611 1833 5674 vadem.

548 5694 670 5751 486.
712 5696 901 5754 Frater
930 5699 1181 5770 quidam,
1220 5700 1479 5755 virtutem
1506 5701 1808 5770 professus,
1848 5704 2047 5759 missus

476 5786 615 5842 ἔπιε
649 5788 715 5843 ad
744 5789 1154 5847 divcndcudum
1179 5793 1372 5851 salem.
1409 5792 1623 5847 insidiis
1652 5794 1881 5857 diaboli,
1917 5796 2057 5857 talia

2152 4611 2586 4684 ἐνδιατρίϐοντας
2635 4616 2758 4676 ταῖς
2813 4614 2950 4683 πρὸς
2993 4616 3189 4680 αὐτοὺς
3233 4617 3555 4686 διαλέξεσιν,
3594 4622 3739 4676 ἀλλὰ

2149 4703 2287 4774 ταχῦ
2336 4702 2867 4774 ἀπαλλαττομένους,
2922 4706 3091 4759 νύκτα
3146 4707 3339 4777 μέντοι
3380 4711 3471 4762 καὶ
3514 4712 3737 4781 ἡμέραν

2149 4794 2262 4853 τοῖς
2300 4791 2466 4855 θείοις
2492 4791 2729 4862 ψαλμοῖς
2762 4793 2857 4846 καὶ
2884 4792 3069 4864 νόμοις
3112 4796 3420 4869 ἐμμελετᾷν
3459 4798 3553 4854 τοῦ
3586 4802 3739 4855 δεδο-

2153 4884 2314 4954 μένου
2338 4885 2561 4947 κανόνος
2590 4885 2865 4954 ἐπιμελῶς
2892 4887 3203 4957 ἐχομένους.
3235 4889 3375 4945 Ποτὲ
3397 4890 3528 4958 γοῦν
3557 4895 3738 4951 ἐδόκει

2148 4977 2226 5049 τῷ
2254 4976 2498 5047 Συμεὼν,
2536 4975 2761 5047 πλησίον
2804 4976 2992 5049 ὥσπερ
3041 4979 3204 5032 αὐτὸν
3240 4980 3300 5035 ἐν
3342 4984 3408 5054 τῇ
3443 4987 3736 5058 κατωτέρξι

2153 5070 2287 5138 μονῇ
2343 5070 2658 5136 γενόμενον,
2704 5069 2892 5123 ἐκεῖνα
2926 5071 3065 5140 πρός
3112 5088 3264 5136 τινας
3298 5074 3411 5128 τῶν
3451 5078 3742 5148 κοσμικῶν

2147 5157 2370 5210 ἀκούειν
2403 5156 2729 5221 λαλούντων,
2764 5158 2907 5228 ἅπερ
2937 5160 3085 5230 αὐτῷ
3114 5164 3171 5216 αἱ
3194 5164 3407 5218 ἐντολαὶ
3433 5167 3534 5220 ούκ
3575 5170 3739 5223 ἐδού-

2148 5247 2323 5303 λοντο.
2395 5248 2649 5312 Καλέσας
2701 5249 2882 5304 τοίνυν
2948 5250 3176 5320 αὐτοὺς,
3237 5256 3490 5324 ἐρεύναις
3554 5275 3613 5310 τε
3676 5265 3741 5312 τὸ

2148 5339 2383 5410 πρᾶγμα
2405 5339 2500 5393 καὶ
2526 5339 2616 5399 τὸν
2640 5341 2830 5411 καιρὸν
2850 5341 3117 5410 δεδωκὼς,
3148 5340 3308 5415 εὗρεν
3343 5345 3419 5410 ὡς
3451 5349 3601 5418 αὐτῷ
3622 5354 3740 5414 τοῖς

2148 5430 2240 5482 τοῦ
2273 5430 2591 5501 Πνεύματος
2615 5433 2911 5504 ὀφθαλμοῖς
2938 5435 3132 5507 ἐθεάθη
3155 5451 3169 5466 ⁸
3191 5436 3220 5490 ὃ
3246 5437 3341 5491 καὶ
3366 5438 3530 5509 φόϐον
3551 5442 3740 5507 αὐτοῖς

2148 5522 2248 5576 οὐκ
2303 5523 2481 5593 ὀλίγον
2536 5524 2719 5595 ἐνῆκε,
2762 5525 3063 5604 μελλούσης
3108 5527 3410 5600 ἀξιόχρεων
3456 5534 3738 5605 ἐγγυητὴι

2150 5615 2466 5682 ἀσφαλείας.

2227 5715 2377 5774 ρπςν.
2426 5709 2678 5776 Ἀδελφός
2736 5727 2818 5774 τις
2867 5710 3067 5783 ἀρετὴν
3131 5715 3601 5785 μαρτυρούμενος,
3650 5721 3733 5780 εἰς

2151 5799 2343 5863 ἀλα-ξος
2376 5800 2631 5873 ἐπέμφθη
2656 5802 2952 5869 διακονίαν,
2975 5806 3092 5866 ταῖς
3119 5803 3181 5863 δὲ,
3202 5805 3297 5859 τοῦ
3326 5809 3565 5879 πονηροῦ
3589 5810 3730 5863 κετά
