4018 6388
248 397 401 468 3157

1286 412 1464 473 VlTA
1499 414 1549 474 Α
1585 413 2024 476 NICEPHORO
2062 415 2546 478 CONSCRIPTA.

3386 410 3525 477 3158

244 513 360 569 τῶν
387 514 643 570 τοιούτων
674 517 994 585 ἐπιϐουλαῖς
1041 520 1136 575 καὶ
1181 525 1294 588 τοῖς
1341 523 1553 577 ἐκείνου
1598 524 1848 588 πιθανοῖς

1979 525 2278 582 υτοηιίιιυε
2301 525 2626 591 infestioris,
2652 524 2917 595 falsisque
2932 521 3389 595 persuasionibus
3410 538 3530 593 spe-

247 606 576 679 δελεάμασι,
618 611 1045 683 παρακερδαίνει
1100 631 1154 667 τι
1206 616 1303 685 τῆς
1346 618 1538 669 τούτου
1584 619 1837 689 τιμῆς,ἦ

249 699 553 770 ζημιοῦται
587 701 793 773 μᾶλλον
821 704 1087 774 ἐσχάτως,
1115 706 1214 759 ὅσα
1252 709 1347 761 καὶ
1375 707 1553 779 ψυχῆς
1584 710 1615 778 ἡ
1647 708 1841 778 ζημία.

248 788 431 844 τοῦτο
485 791 666 846 τοίνυν
720 795 748 846 ὁ
807 793 1032 862 Συμεὼν
1078 797 1187 849 ἀπὸ
1223 797 1498 869 μακρόθεν
1526 800 1705 867 εἰδὼς,
1735 802 1848 865 τοῖς

251 879 534 951 μαθηταῖς
565 884 937 953 ἀπαγγέλλει·
970 883 1087 941 εἶτα
1117 890 1537 959 μεταστέλλεται
1564 891 1700 963 πρὸς
1723 892 1850 948 ἐαυο

250 970 349 1025 τὸν
396 973 761 1030 ἐπανελθόντα
809 976 901 1031 τὸν
941 977 1191 1049 ἀδελφὸν,
1239 980 1450 1050 ἐλέγχει
1489 980 1551 1034 τὸ
1603 983 1849 1050 γεγονὸς,

251 1061 495 1135 ἐπιτιμᾷ
528 1064 631 1133 τῆς
659 1065 866 1138 κλοπῆς
886 1084 900 1099 ·
926 1066 1118 1123 ἔπειτα
1149 1070 1333 1140 μέντοι
1377 1070 1619 1141 δέχεται,
1640 1070 1739 1142 τὴν
1766 1070 1852 1137 ἐξ·

247 1153 609 1224 ομολὸγησιν,
630 1156 816 1211 δίδωσι
836 1158 935 1231 τὴν
953 1158 1168 1228 ἄφεσιν,
1190 1162 1384 1230 ἐπάγει
1406 1161 1503 1234 τὴν
1529 1162 1851 1234 θεραπείαν.

265 1246 534 1318 Ἀνῆλθόν
563 1250 707 1312 τινές
737 1267 869 1303 ποτε
909 1251 1016 1304 τῶν
1053 1252 1405 1322 Ἰσραηλιτῶν
1435 1255 1577 1308 κατὰ
1612 1253 1853 1325 προσκύ-

254 1354 424 1406 νησιν
469 1339 565 1394 τοῦ
621 1339 808 1410 Ἀγίου
836 1362 849 1375 ·
884 1345 1083 1416 συνέϐη
1122 1346 1179 1400 δὲ
1223 1345 1322 1418 τὴν
1384 1346 1589 1401 τούτων
1631 1347 1853 1420 ἡμίονον

255 1429 652 1496 ἀπολυθείσαν,
688 1436 782 1487 καὶ
808 1436 944 1503 πρός
968 1452 1092 1489 τινα
1134 1436 1229 1490 τοῦ
1261 1436 1421 1507 ὅρους
1451 1440 1697 1509 κρημνὸν
1727 1440 1858 1493 ὑπο-

257 1521 612 1590 καταὸᾶσαν,
640 1525 930 1594 προσδέσει
970 1526 1064 1580 τοῦ
1112 1528 1347 1598 ῥυτῆρος
1376 1529 1505 1600 περί
1537 1546 1665 1584 τινα
1698 1528 1855 1601 ὓλην,

255 1605 350 1664 οἵα
407 1610 554 1678 φιλεῖ
603 1613 866 1678 πολλάκις
904 1616 1229 1686 αὐτομάτως
1271 1617 1540 1687 γίνεσθαι,
1572 1619 1697 1690 τῇδε
1724 1622 1859 1674 ἁπο-

256 1701 560 1774 ληφθῆναι.
610 1704 700 1770 Ὦς
754 1703 849 1760 οὖν
895 1706 1097 1779 πολλὴν
1136 1709 1309 1779 αὐτῆς
1357 1710 1574 1780 θέμενοι
1606 1708 1856 1782 ζήτησιν,

259 1792 408 1847 ἀλλὰ
443 1793 540 1846 καὶ
573 1796 653 1856 είς
681 1796 875 1867 τρίτην
906 1797 1037 1869 ἑξῆς
1059 1801 1273 1870 ⁴ἡμέραν
1295 1802 1393 1871 οὐχ
1420 1795 1523 1855 οἶοί
1545 1820 1604 1855 τε
1629 1803 1859 1872 γεγόνα-

262 1900 351 1937 σιν
403 1884 675 1957 ἀνευρεῖν,
723 1888 981 1959 προσίασι
1018 1889 1097 1961 τῷ
1140 1891 1418 1963 Μεγάλῳ.
1462 1892 1719 1957 ἀλύοντες
1762 1895 1855 1947 καὶ
1888 1872 1935 1930 Β

257 1976 365 2040 τὰς
416 1976 595 2048 ψυχὰς
642 1979 849 2053 σφόδρα
891 1981 1326 2054 διαπονούμενοι.
1393 1986 1454 2039 Ὀ
1498 1984 1576 2051 δὲ,
1606 1985 1860 2057 καθάπερ

260 2068 417 2140 ὀρῶν
465 2064 525 2123 οῖ
543 2071 868 2141 προσδέδετο
903 2073 1066 2147 αὕτη,
1100 2076 1336 2141 καλέσας
1382 2075 1477 2132 δύο
1524 2078 1635 2133 τῶν
1681 2079 1859 2151 μαθη-

263 2160 403 2227 τῶν,
463 2162 721 2218 ἐκέλευσε
788 2168 906 2220 ἐκεῖ
952 2169 1301 2239 γενομένους,
1343 2172 1440 2225 καὶ
1491 2171 1591 2243 τὴν
1637 2173 1861 2243 ἡμίονον

262 2251 542 2318 λύσαντας
594 2256 984 2313 ἀνασώσασθαι
1024 2262 1139 2325 τοῖς
1186 2261 1494 2327 δεσπόταις.
1545 2263 1722 2336 Ὅπερ
1770 2259 1863 2318 οὖν

264 2343 449 2417 ταύτῃ
511 2347 606 2400 καὶ
666 2349 911 2418 γεγονὸς,
979 2351 1349 2417 ἀπολαϐόντες
1405 2354 1576 2425 αὐτὴν
1641 2357 1863 2420 ἐκείνοι,

268 2434 416 2504 πρὸς
435 2435 534 2507 τὴν
558 2437 771 2494 ἑαυτῶν
798 2439 1130 2514 ἐπανῄεσαν,
1156 2441 1345 2514 θαῦμα
1371 2445 1462 2499 τὸν
1489 2445 1658 2517 ἄνδρα
1680 2444 1860 2500 ποιού-

268 2542 451 2597 μενοι.

1948 616 2090 671 ciem
2114 616 2368 671 veritatis
2392 615 2816 688 praeferentibus
2838 615 3122 680 inductus,
3152 612 3362 685 aliquid
3382 614 3533 685 justo

1948 709 2188 779 amplius
2228 709 2393 776 lucri,
2443 717 2540 764 aut
2568 709 2756 779 potius
2791 708 3027 763 multum
3075 707 3264 762 damni
3299 706 3450 774 fecit,
3487 705 3533 761 si

1949 802 2188 856 animam
2220 810 2456 872 spectes.
2480 801 2635 865 Quod
2650 816 2776 858 cum
2807 810 3030 857 sanctus
3054 799 3289 871 Symeon
3315 798 3535 855 eminus

1949 902 2330 964 cognosceret,
2353 893 2643 962 discipulis
2662 907 2882 963 quoque
2906 890 3282 947 manifestavit
3300 907 3315 944 :
3332 888 3534 944 deinde

1951 985 2188 1040 accersit
2218 985 2444 1039 fratrem
2477 985 2633 1040 illum
2671 985 2785 1055 jam
2812 983 3095 1050 reducem,
3128 983 3193 1038 ad
3227 998 3287 1039 se
3317 980 3535 1053 iarguit

1952 1076 2181 1140 factum,
2220 1075 2576 1146 reprehendit
2614 1075 2884 1139 fraudem,
2935 1085 3051 1131 tum
3083 1075 3291 1145 excipit
3321 1074 3536 1130 confes-

1953 1169 2190 1233 sionem,
2255 1168 2487 1224 remittit
2545 1178 2870 1239 peccatum,
2924 1168 3170 1224 restituit
3216 1168 3531 1223 sanitatem.

1954 1260 2323 1316 Advenerunt
2361 1262 2658 1333 aliquando
2679 1262 2968 1319 lsmaelitaa
3005 1263 3228 1333 quidam
3255 1260 3547 1317 adoraturi

1956 1364 2246 1421 sanctum;
2283 1370 2410 1411 cum
2445 1354 2669 1421 accidit,
2701 1356 2936 1411 solutam
2963 1369 3159 1409 eorum
3183 1354 3386 1410 mulam
3439 1367 3541 1423 per

1957 1448 2235 1519 quoddam
2293 1450 2501 1505 montis
2555 1449 2924 1520 prmcipitium
2967 1447 3328 1508 descendere.
3374 1455 3543 1515 atque

1956 1540 2367 1596 adliarcscente
2413 1540 2571 1595 freno
2600 1540 2685 1611 (ut
2716 1538 2838 1594 ﬁeri
2875 1554 2986 1594 non
3013 1552 3139 1594 raro
3165 1546 3361 1608 sponte
3388 1550 3544 1591 asso-

1959 1632 2056 1699 let)
2102 1631 2170 1686 ad
2218 1630 2440 1687 arboris
2489 1640 2771 1697 truncum,
2817 1629 3027 1685 ibidem
3080 1628 3333 1686 retineri.
3366 1626 3542 1694 Quam

1960 1740 2084 1779 cum
2113 1724 2361 1795 diligenti
2386 1741 2450 1781 ac
2473 1724 2734 1780 triduana
2756 1724 2927 1781 etiam
2955 1723 3318 1795 inquisitione
3349 1719 3547 1790 depre-

1965 1816 2212 1871 bendere
2241 1831 2354 1871 non
2384 1825 2642 1887 possent;
2688 1816 2898 1873 adeunt
2925 1824 3202 1878 sanctum,
3244 1817 3549 1868 maerentes

1963 1906 2384 1978 pendentesque
2422 1908 2641 1964 animis.
2680 1908 2732 1964 Is
2767 1917 2974 1975 autem,
3013 1906 3172 1978 quasi
3203 1905 3419 1961 videret
3448 1900 3546 1957 ubi

1965 2000 2185 2069 alligata
2212 2007 2359 2055 esset
2383 2000 2554 2066 mula,
2585 2001 2798 2056 vocatis
2825 2000 3045 2056 duobus
3062 1997 3352 2069 discipulis
3376 1996 3549 2066 impe-

1968 2091 2129 2155 ravit,
2156 2106 2224 2147 eo
2256 2102 2315 2144 ut
2352 2090 2776 2157 contenderent,
2813 2091 3168 2160 solutumque
3208 2087 3412 2145 animal
3445 2085 3549 2141 do-
3612 2158 3618 2164 ν

1969 2181 2136 2236 minis
2170 2182 2528 2237 restituerent
2569 2182 2869 2238 incolume.
2904 2181 3061 2249 Quod
3091 2182 3166 2237 ita
3207 2180 3411 2236 factum
3444 2185 3548 2234 est.
3613 2174 3639 2259 ἰ⁵

1969 2275 2053 2330 llli
2091 2285 2275 2331 autem
2306 2291 2433 2331 cum
2476 2284 2698 2345 recepta
2724 2276 2874 2332 mula
2926 2275 2995 2331 ad
3029 2291 3131 2331 sua
3162 2273 3369 2330 reversi
3398 2280 3552 2338 sunt,

1970 2369 2350 2441 prodigiosum
2382 2369 2539 2426 illum
2574 2383 2698 2426 esse
2734 2369 3014 2425 hominem
3060 2367 3449 2438 praedicantes.

1703 2674 1945 2734 CAPUT'
1966 2673 2156 2732 XXIV.

1348 2786 1530 2845 ,νοτία
1565 2790 1816 2861 ρνωυὶάεε
1852 2808 1915 2845 ac
1962 2791 2203 2863 pradicr't
2238 2789 2486 2862 ngeon.

351 2893 501 2963 ρπξκ
531 2893 895 2965 Σχολαστικός
927 2917 1033 2966 τις,
1064 2898 1238 2974 ὄνομα
1286 2900 1560 2975 Ἰωάννης,
1602 2904 1744 2976 ἀνὴρ
1782 2904 1873 2957 εὐ-

277 2985 472 3058 σεϐὴς,
515 2986 609 3039 καὶ
640 2989 708 3059 τῇ
750 2989 846 3059 τῆς
896 2990 1041 3062 ζωῆς
1070 2994 1219 3064 πηγῇ
1257 2991 1337 3064 τῷ
1363 2993 1458 3047 τοῦ
1489 2993 1628 3047 Θεοῦ
1667 2992 1872 3065 δηλαδὴ

278 3076 436 3147 φόϐῳ
461 3078 703 3148 τρυφῶν,
739 3077 805 3133 ἐκ
845 3097 991 3144 τινος
1025 3082 1124 3151 μὲν
1152 3082 1476 3155 ὁρμώμενος
1513 3082 1731 3155 κώμης,
1761 3083 1873 3137 τῶν

279 3166 391 3220 ὑπὸ
423 3166 523 3238 τὴν
556 3168 832 3238 ’Δντιόχου
860 3172 1153 3241 κειμένων,
1182 3175 1306 3228 κατ’
1335 3173 1506 3247 αὐτὴν
1532 3174 1590 3228 δέ
1617 3174 1876 3244 τηνικαῦ-

2047 2903 2170 2962 187.
2208 2904 2526 2961 Advocatus
2580 2903 2829 2975 quidam,
2896 2903 3138 2959 Joannes
3182 2908 3557 2973 nuncupatus,

1973 2996 2059 3050 vir
2088 2995 2235 3066 pius,
2261 3002 2317 3051 et
2345 2994 2498 3050 fonte
2520 2994 2684 3061 vitae,
2716 2993 2812 3048 Dei
2852 2992 3065 3048 scilicet
3099 2991 3320 3058 timore,
3364 2990 3560 3046 admo-

1975 3086 2109 3142 dum
2136 3086 2474 3152 delectatus;
2507 3102 2574 3141 ex
2610 3098 2750 3156 pago
2775 3083 3023 3155 quidem,
3049 3084 3176 3139 urbi
3205 3082 3564 3139 Antiochenae

1977 3178 2252 3251 subjecto,
2285 3178 2585 3243 oriundus,
2620 3186 2754 3233 tunc
2784 3191 2918 3232 vero
2971 3175 3029 3230 in
3084 3174 3203 3245 ipsa
3238 3174 3377 3229 urbe
3410 3188 3564 3229 com-

279 3275 351 3314 τα
374 3260 477 3330 τὴν
510 3259 667 3314 πόλιν
700 3261 924 3331 διάγων,
952 3266 1105 3334 παρὰ
1132 3265 1224 3319 τὸν
1249 3267 1478 3338 Συμεὼν
1508 3267 1767 3334 ἀνελθὼν,
1808 3268 1874 3322 τὰ

1980 3285 2226 3333 morans,
2264 3269 2333 3324 ad
2369 3277 2623 3325 sanctum
2655 3267 2831 3332 venit,
2870 3282 2998 3322 cum
3035 3280 3217 3336 eoque
3250 3259 3564 3320 communi-

279 3352 410 3406 καθ’
438 3353 628 3406 ἐαυτὸν
676 3355 984 3408 ἐκοινοῦτο·
1030 3357 1106 3421 ὡς
1154 3358 1263 3428 ἄρα
1312 3358 1499 3429 μέλλοι
1545 3360 1804 3429 Δομνῖνος
1850 3362 1879 3413 ό

282 3443 583 3515 ἱερώτατος
622 3447 966 3520 πατριάρχης
996 3450 1162 3503 αὐτὸν
1194 3448 1296 3518 τῆς
1337 3450 1450 3504 τῶν
1486 3450 1877 3521 πρεσδυτέρων

284 3534 520 3601 ἀξιῶσαι
562 3538 918 3609 χειροτονίας,
966 3539 1062 3592 καὶ
1103 3540 1257 3609 παρὰ
1301 3541 1403 3611 τὴν
1442 3540 1692 3611 βασιλίδα
1726 3542 1880 3594 πόλιν

284 3624 432 3678 κατὰ
466 3625 531 3694 δή
557 3642 680 3678 τινα
701 3627 893 3698 χρείαν
918 3627 1027 3681 τῶν
1052 3628 1369 3697 ἀναγκαίων
1395 3630 1701 3700 ἐκπέμψαι,
1728 3629 1880 3684 ταῦτ’

285 3710 466 3783 ἔλεγε,
502 3714 641 3783 καὶὸ
664 3734 716 3771 τι
756 3717 821 3772 τὸ
847 3717 971 3791 Θεῷ
997 3718 1187 3774 δοκοῦν
1216 3719 1337 3792 ᾔτει
1368 3720 1583 3791 μαθεῖν.
1624 3720 1683 3774 Ὀ
1714 3720 1772 3775 δὲ
1805 3719 1883 3792 τῷ

300 3806 579 3879 πνεύματι
612 3809 953 3876 πεποιθότως
979 3811 1287 3878 ὑπολαϐὼν,
1313 3811 1342 3865 ὃ
1373 3814 1469 3866 καὶ
1494 3811 1635 3881 δῆλα
1662 3815 1773 3876 τοῖς
1793 3812 1883 3865 αὺ-

288 3898 385 3953 τοῦ
425 3897 729 3970 ὀφθαλμοῖς
757 3901 989 3974 καθίστη
1018 3903 1090 3957 τὰ
1121 3901 1465 3974 ἔμπροσθεν,
1507 3902 1721 3965 Ἀπιθι,
1754 3902 1880 3973 ἔφη·

290 3990 608 4060 ἀφιέρωσαι
663 3991 773 4063 γὰρ
808 3992 914 4065 ἠδη
958 3994 1038 4065 τῷ
1098 3993 1291 4067 ὑψηλῷ
1330 3994 1483 4067 παρὰ
1522 3993 1659 4049 Θεοῦ
1711 3994 1886 4066 θρόνῳ

290 4081 393 4151 τῆς
418 4081 1429 4157 ΚωνσταντινουπολιτῶνἘκκλησίας,
1463 4086 1492 4140 ό
1521 4087 1674 4156 παρά
1704 4084 1888 4155 σαυτῷ

291 4171 501 4227 κείσθω
560 4173 729 4245 μόνῳ,
789 4174 950 4245 ἄχρις
1008 4173 1075 4228 ἂν
1136 4177 1233 4231 καὶ
1287 4179 1403 4242 τοῖς
1459 4177 1640 4241 ἄλλοις
1690 4177 1756 4231 ἐκ
1792 4176 1886 4230 τοῦ

293 4264 487 4329 τέλους
542 4264 819 4336 γνώριμον
867 4267 1133 4337 γένηταιο
1186 4262 1304 4322 εἶτα
1351 4270 1449 4323 καὶ
1491 4270 1676 4323 ὁποῖον
1728 4268 1890 4322 αὑτὸν

295 4352 436 4412 εἶναι
460 4357 580 4412 δέον
612 4357 867 4429 παρῄνει,
901 4359 992 4413 καὶ
1024 4360 1128 4414 ὅσα
1171 4359 1413 4431 τοσούτῳ
1451 4359 1726 4430 ἀξιώματι
1758 4360 1892 4431 πρέ-

297 4467 475 4507 ποντα
503 4451 614 4523 εῐη.

1903 3311 1950 3371 ο

1982 3362 2128 3417 cavit
2166 3361 2419 3432 quaedam
2470 3359 2542 3416 ad
2587 3375 2646 3416 se
2695 3350 3001 3431 spectantia
3049 3375 3063 3413 :

1983 3454 2161 3524 ipsum
2211 3453 2594 3508 sanctissimus
2653 3451 2966 3524 patriarcha
3021 3448 3330 3505 Domninus
3394 3446 3570 3503 sacris

1982 3544 2435 3615 presbyterorum
2487 3542 2780 3597 ordinibus
2820 3541 3170 3613 dignaturus,
3206 3547 3263 3594 et
3309 3553 3571 3609 quarum-

1950 3633 2109 3688 «dam
2144 3632 2326 3704 magni
2370 3632 2636 3687 momenti
2673 3646 2856 3686 rerum
2897 3628 3368 3700 expediendarum
3404 3642 3571 3683 causa

1984 3724 2043 3778 in
2076 3724 2283 3795 regiam
2308 3723 2504 3777 urbem
2529 3722 2801 3777 missurus
2826 3730 2993 3778 esset.
3017 3720 3115 3775 llis
3134 3718 3418 3790 expositis,
3446 3733 3574 3774 ave-

1984 3815 2099 3881 bat,
2137 3831 2262 3885 quae
2311 3814 2411 3871 Dei
2460 3815 2718 3870 voluntas
2749 3822 2917 3880 esset,
2958 3812 3283 3884 intelligere.
3336 3811 3574 3869 Sanctus

1986 3907 2054 3962 ad
2070 3906 2188 3961 hazc
2218 3905 2406 3961 animo
2430 3905 2753 3971 confidenti,
2776 3921 2884 3959 non
2903 3915 3066 3960 seetts
3082 3920 3145 3959 ac
3162 3905 3207 3958 si
3235 3918 3421 3958 coram
3445 3913 3573 3957 ante

1988 3996 2181 4064 oculos
2204 3996 2390 4050 omnia
2441 3994 2680 4051 fuissent
2739 3997 2938 4067 posita,
3000 3994 3345 4064 respondens
3398 3983 3571 4056 z'Abi,

1991 4089 2199 4159 inquit;
2226 4089 2355 4159 .jam
2391 4104 2544 4143 nunc
2582 4087 2731 4142 enim
2781 4094 3139 4142 consecratus
3166 4102 3197 4140 a
3245 4085 3358 4140 Deo
3386 4101 3469 4143 es.
3514 4092 3576 4138 ut

1991 4182 2050 4235 in
2110 4196 2330 4236 summo
2370 4179 2633 4237 Ecclesiae
2689 4174 3317 4249 ConstantinOpolitana:
3376 4178 3576 4231 throno

1992 4271 2328 4343 praesideas;
2358 4271 2505 4342 quod
2536 4270 2701 4325 velim
2732 4269 2831 4325 tibi
2852 4268 2954 4324 soli
2982 4269 3146 4334 scias,
3167 4268 3347 4323 donec
3371 4271 3576 4321 eventu

1996 4362 2114 4433 ipso
2169 4362 2482 4417 innotescat
2530 4362 2672 4417 aliis.
2752 4359 2961 4416 Deinde
3032 4357 3292 4414 monebat
3356 4370 3578 4428 quoque

1969 4460 2201 4522 -quanta
2240 4452 2333 4507 illa
2372 4452 2614 4525 dignitas
2663 4459 2831 4515 esset,
2877 4466 2944 4505 ac
2993 4449 3185 4521 quales
3235 4463 3356 4503 eam
3399 4461 3582 4502 mores

1996 4545 2227 4599 deceren
2237 4554 2274 4600 t.

374 4630 525 4701 ρπη⁰.
572 4630 631 4685 '0
677 4630 736 4686 δὲ
787 4631 960 4704 ταύτῃ
1029 4631 1120 4686 τὸν
1181 4633 1374 4703 ’Δγιον
1448 4631 1874 4700 συγκαταϐάντα

2070 4633 2194 4687 188.
2247 4632 2510 4696 Joannes,
2550 4614 2985 4695 animadverso,
3037 4643 3204 4701 quam
3263 4627 3478 4683 facilem
3527 4627 3580 4681 in

304 4719 452 4789 ίδὼν,
509 4723 605 4777 καὶ
663 4722 813 4786 ὅστις
863 4722 1231 4794 Ἰουστινιανῷ
1277 4723 1525 4794 διάδοχος
1581 4723 1734 4775 ἐσται
1790 4725 1891 4791 τῆς

306 4813 589 4886 βασιλείας
642 4809 850 4886 (οὗτος
902 4817 1015 4888 γὰρ
1085 4816 1158 4870 τὰ
1237 4816 1531 4887 Ῥωμαίων
1589 4814 1894 4886 τηνικαῦτα

306 4907 565 4980 σκῆπτρα
610 4907 885 4973 διεῖπεν),
922 4909 1076 4980 ἠξίου
1132 4906 1352 4980 μαθεῖν.
1387 4909 1497 4961 Καὶ⁵
1525 4906 1608 4972 ὃς,
1644 4907 1895 4978 φυλακὴν

308 5000 459 5071 αὐτῷ
496 5001 591 5054 τοῦ
626 5000 928 5071 μυστηρίου
960 5002 1228 5074 πρότερον
1257 4999 1461 5065 ίκανῶς
1496 4999 1892 5071 παραγγείλας,

320 5092 627 5158 Ἰουστῖνος,
660 5091 786 5163 ἔφη.
823 5094 878 5146 '0
907 5092 1007 5164 μὲν
1039 5091 1132 5146 οῦν
1158 5091 1312 5162 παρὰ
1351 5090 1447 5145 τοῦ
1484 5090 1630 5145 θείου
1672 5088 1897 5161 Συμεὼν

307 5182 485 5237 ταῦτα
516 5181 727 5254 μαθὼν,
758 5183 851 5238 καὶ
903 5187 1024 5248 ταῖς
1081 5180 1248 5237 αὐτοῦ
1311 5182 1500 5253 εὐχαῖς
1556 5181 1898 5252 ἐφοδιασθεὶς

309 5273 783 5345 ἢκαθοπλισθεὶς,
811 5275 1070 5346 ἁσμένως
1104 5292 1163 5328 τε
1211 5274 1313 5346 τὴν
1366 5274 1461 5329 τοῦ
1521 5274 1897 5346 πρεσᾶυτέρου

310 5367 650 5436 χειροτονίαν
702 5366 1038 5437 δεξάμενος,
1097 5367 1368 5439 προθύμῳ
1415 5368 1540 5422 ποδί⁵
1588 5367 1739 5438 παρὰ
1800 5367 1901 5438 τὴν

315 5458 565 5529 βασιλίδα
584 5458 742 5513 πόλιν
770 5457 989 5532 ἐχώρει.
1044 5461 1134 5515 Ἐν
1157 5460 1296 5533 αὐτῇ
1330 5460 1387 5514 δὲ
1417 5460 1724 5532 γενομένῳ,
1757 5462 1898 5529 πρὸς

316 5552 418 5624 μὲν
442 5552 570 5614 τοὺς
589 5549 786 5614 ἄλλους
811 5552 1102 5624 ἀπόρρητα
1129 5547 1198 5623 ἦν
1227 5551 1373 5624 άπερ
1397 5552 1427 5604 ὁ
1455 5551 1551 5606 τοῦ
1579 5550 1715 5605 Θεοῦ
1742 5551 1903 5623 θερά-

316 5657 436 5696 πων
497 5640 723 5712 Συμεὼν
779 5642 1129 5714 προειρήκει,
1164 5642 1302 5714 πρὸς
1362 5641 1421 5697 δὲ
1464 5642 1556 5698 τὸν
1618 5642 1903 5697 Ἰουστῖνον

314 5726 427 5799 (οἷα
450 5731 523 5787 τά
547 5733 648 5804 τῆς
677 5732 1029 5805 ἀνθρωπίνης
1060 5734 1447 5806 μικροψυχίας,
1469 5734 1505 5807 ἢ
1528 5734 1818 5806 φιλαυτίας
1840 5735 1903 5805 ί),

319 5820 388 5883 δ’
415 5823 635 5879 εὔνοιαν
678 5825 861 5897 ἐαυτῷ
892 5828 1025 5897 παρ’
1058 5828 1273 5883 ἐκείνου
1309 5828 1528 5892 πάντως
1564 5826 1906 5899 μνηστεύση-

1998 4726 2125 4777 vota
2148 4737 2248 4777 sua
2274 4722 2561 4778 habuisset
2582 4732 2857 4788 sanctum,
2879 4722 3106 4793 rogabat
3130 4736 3319 4792 porro,
3342 4730 3403 4774 ut
3423 4720 3584 4791 signi-

2000 4810 2192 4870 ﬁ‘caret
2224 4815 2353 4883 quis
2390 4814 2710 4870 Justiniano
2761 4829 3053 4869 successor
3088 4812 3141 4866 in
3176 4812 3406 4881 imperio
3435 4809 3585 4865 futu—

2000 4921 2099 4962 rus
2125 4915 2274 4963 esset
2307 4924 2321 4960 :
2356 4906 2446 4960 ille
2479 4908 2628 4960 enim
2666 4915 2799 4961 tunc
2849 4904 3243 4961 moderabatur
3288 4904 3583 4974 imperium

2001 5000 2335 5055 Romanum.
2368 4997 2471 5053 Cui
2501 4993 2749 5065 sanct’us,
2782 4998 2995 5054 indicto
3041 4997 3196 5069 prius
3248 5012 3467 5052 arcana:
3504 4996 3584 5051 rei

2001 5091 2260 5147 silentio:
2289 5089 2561 5154 Justinus,
2595 5090 2792 5160 inquit.
2824 5089 2983 5146 Hisce
3043 5090 3212 5161 igitur
3264 5088 3584 5152 intellectis,

2001 5182 2289 5250 sanctique
2349 5178 2610 5249 precibus
2639 5179 2798 5250 quasi
2846 5179 3052 5234 viatico
3088 5180 3230 5234 bene
3284 5177 3588 5233 instructus

2003 5282 2169 5342 atque
2200 5279 2473 5337 armatus,
2507 5272 2721 5327 lubenti
2750 5271 2939 5326 animo
2993 5272 3286 5344 presbyter
3334 5270 3589 5325 initiatus

2006 5374 2117 5432 est,
2151 5371 2208 5419 et
2242 5363 2383 5434 pede
2412 5363 2580 5418 alacri
2632 5363 2700 5417 ad
2748 5362 2956 5434 regiam
2981 5364 3181 5418 urbem
3235 5380 3295 5418 se
3328 5360 3587 5417 contulit.

2007 5460 2107 5515 llic
2141 5470 2265 5513 cum
2291 5464 2461 5523 esset,
2502 5456 2743 5512 habebat
2791 5456 3017 5526 quidem
3053 5455 3316 5510 omnibus
3369 5452 3589 5509 occulta

2007 5550 2292 5615 vaticinia,
2321 5548 2427 5605 sibi
2457 5564 2487 5603 a
2519 5548 2729 5603 famulo
2764 5550 2860 5603 Dei
2894 5549 3167 5619 Symeone
3212 5545 3471 5609 reddita;
3499 5559 3590 5600 sa-

2008 5642 2233 5713 tagebat
2260 5631 2445 5696 autem
2479 5641 2730 5697 studiose
2760 5639 2991 5711 (quanta
3038 5640 3094 5695 in
3122 5638 3382 5694 humanis
3438 5651 3593 5690 men-

2007 5733 2159 5789 tibus
2184 5740 2281 5787 aut
2311 5731 2762 5802 pusillanimitas,
2795 5739 2892 5787 aut
2913 5745 3011 5786 sua
3049 5726 3589 5813 promovendicupi-

2009 5824 2370 5895 dilasinestl)
2402 5832 2463 5877 ut
2514 5825 2569 5878 in
2628 5824 2883 5879 netitiam
2953 5822 3155 5889 Justini
3192 5822 3422 5879 veniens
3472 5822 3593 5889 ejus

3129 3371 3327 3427 nempe
3376 3364 3567 3410 utrum
3678 3411 3691 3421 ,
