4018 6396
465 424 609 491 3159
1678 437 1740 500 S.
1784 439 2159 501 SYMEONIS
2195 443 2553 504 JUNIORIS
3569 436 3705 505 3168

468 535 913 595 benevolentiam
933 542 1037 596 sibi
1058 553 1440 613 compararet:
1469 559 1711 616 rumque
1741 547 2038 617 aliquando

2164 569 2247 615 rat,
2277 554 2511 625 σπουδὴν
2562 554 2713 607 ἔθετο
2762 551 3163 624 γνωρισθῆναι,
3205 552 3301 606 καὶ
3352 551 3513 619 μόνος
3562 554 3712 622 μόνῳ

468 636 618 692 solus
650 653 775 692 cum
806 639 923 693 solo
955 647 1165 709 ageret,
1194 640 1575 710 przedietionis
1631 658 1832 697 arcana
1854 644 1908 698 ei
1933 643 2034 699 de-

2164 643 2480 712 ·υγγεγονὼς
2519 644 2589 699 τά
2636 645 2736 713 τῆς
2781 643 3137 716 προρρήσεως
3174 641 3575 696 ἀποκαλύπτει.
3619 642 3712 706 Ἐξ

471 727 715 792 texit;et
739 742 806 781 ex
836 728 930 783 illo
982 743 1231 799 tempore
1292 730 1438 785 inter
1484 731 1787 788 familiares
1830 733 2034 789 Justini

2168 737 2348 791 κείνου
2398 736 2598 802 τοίνυν,
2632 738 2659 788 ὁ
2696 737 2794 805 μὲν
2836 736 3105 804 Ἰουστίνῳ
3137 735 3433 803 φιλιωθεὶς,
3470 728 3558 787 οἷα
3609 734 3709 787 καὶ

473 825 812 883 numeratus,
862 826 1053 889 utpote
1106 820 1202 890 qui
1262 823 1524 875 nuntium
1568 839 1694 878 eum
1752 825 2035 894 voluptate

2168 829 2203 882 ἀ
2259 829 2396 899 πρὸς
2447 830 2641 899 ἡδονὴν
2686 827 3218 896 εὐαγγελισάμενος,
3252 827 3381 895 παρ’
3436 825 3584 896 αὐτῷ
3641 825 3714 879 τὰ

467 908 822 978 conjunctum
841 911 1138 977 attulisset,
1160 911 1407 982 ejusdem
1435 924 1494 968 ut
1526 914 1825 984 plurimum
1849 931 2038 971 mensa

2164 920 2312 973 τολλά
2334 920 2555 991 διῃτᾶτο
2583 936 2597 950 ·
2638 920 2698 972 οὐ
2723 918 2901 987 πολλῷ
2921 918 2976 970 δὲ
3007 919 3254 988 ὕστερον,
3291 915 3573 980 ἐξωθεῖται
3609 915 3712 985 μὲν

469 999 749 1056 utebatur.
785 1002 906 1056 Non
944 1004 1119 1059 multo
1148 1012 1275 1075 post
1312 1005 1533 1077 ejicitur
1557 1022 1587 1061 e
1622 1007 1752 1062 sede
1773 1006 2041 1063 Constan-

2164 1011 2230 1064 τοῦ
2259 1011 2359 1075 τῆς
2382 1011 2996 1072 Κωνσταντινουπόλεως
3023 1009 3213 1079 θρόνου
3241 1006 3520 1077 Εὑτύχιος,
3537 1009 3718 1060 ἀντει-

471 1090 820 1160 tinopolitana
870 1095 1179 1167 Eutychius
1210 1095 1346 1169 (46),
1382 1099 1782 1169 reponiturque
1840 1100 1895 1154 in
1943 1116 2040 1155 ea-

2164 1105 2368 1172 πάγεται
2384 1105 2440 1157 δὲ
2468 1104 2628 1165 αὐτὸς
2654 1106 2682 1157 ό
2707 1102 3066 1172 Σχολαστικὸς
3101 1100 3374 1171 Ἰωάννης,
3392 1101 3717 1153 ’1ουστινια-

467 1181 593 1236 dem
618 1183 709 1238 hic
735 1184 854 1254 ipse
891 1187 1133 1243 Joannes
1169 1188 1581 1256 Scholasticus;
1610 1191 1666 1244 in
1696 1191 1858 1245 talem
1916 1207 2043 1247 sen-

2164 1197 2233 1250 ιὸν
2260 1196 2355 1250 τοῦ
2385 1196 2520 1250 Θεοῦ
2573 1197 2794 1259 πάντως
2845 1195 2937 1248 ἐπὶ
2974 1195 3073 1263 τὴν
3129 1194 3308 1263 ψῆφον
3366 1193 3714 1262 κινήσαντος.

468 1274 722 1343 tentiam,
781 1278 1085 1335 inclinante
1133 1281 1248 1336 Deo
1278 1280 1674 1347 Justinianum,
1702 1281 1797 1352 qui
1844 1291 1901 1337 et
1926 1283 2043 1353 ipse

2164 1287 2535 1342 Ἰουστινιανοῦ
2569 1289 2625 1341 δὲ
2674 1287 2811 1358 μετά
2857 1287 3031 1339 ταῦτα
3064 1285 3156 1338 τὸν
3188 1284 3303 1355 βίον
3336 1281 3719 1345 ἀπολιπόντος,

470 1379 579 1418 non
613 1365 706 1420 diu
729 1368 902 1423 vitam
934 1371 1135 1426 exinde
1188 1373 1484 1442 produxit;
1525 1375 1806 1445 cessitque
1872 1374 2044 1444 impe-

2164 1384 2223 1446 ιίς
2265 1383 2546 1434 Ἰουστῖνον
2576 1380 2645 1434 τὰ
2674 1381 2775 1451 τῆς
2803 1380 2980 1451 ἀρχῆς
3016 1377 3370 1449 μεταπίπτει,
3401 1376 3475 1440 ὡς
3506 1372 3721 1428 ἕκαστα

469 1456 615 1511 rium
650 1458 904 1515 Justino:
936 1463 1407 1531 quemadmodum
1447 1465 1661 1535 singula
1692 1466 1803 1536 jam
1828 1465 2043 1535 pridem

2164 1473 2428 1545 τόρῤωθεν
2450 1471 2527 1542 τῷ
2556 1471 2784 1543 Συμεὼν
2812 1471 2998 1540 σαφῶς
3030 1468 3430 1542 προηγόρευτο.
3651 1451 3657 1455 ”

470 1557 670 1603 eventu
681 1566 739 1605 ra
771 1550 1079 1609 clarissime
1104 1557 1563 1624 pronuntiaverat
1577 1568 1822 1615 sanctus.
2466 1554 2469 1561 ’

545 1638 667 1694 189.
697 1641 949 1699 Justinus
1002 1644 1210 1715 itaque,
1245 1648 1377 1717 quia
1418 1664 1449 1703 a
1491 1649 1765 1721 Symeone
1816 1666 1922 1705 non
1953 1666 2040 1705 so-

2221 1652 2363 1727 ρπθ’.
2381 1653 2664 1715 Ἰουστῖνος
2692 1651 2792 1722 μὲν
2815 1645 2929 1716 οὖν,
2954 1645 3042 1702 οἷα
3067 1644 3463 1719 προειρημένον
3490 1642 3594 1698 ὑπὸ
3622 1641 3725 1696 τοῦ

469 1731 587 1787 lum
615 1734 939 1803 praedictum
959 1744 1099 1802 erat,
1130 1739 1310 1808 ipsum
1327 1740 1549 1811 imperii
1576 1743 1719 1797 solio
1741 1742 2047 1797 subliman-

2164 1746 2372 1817 Συμεὼν
2416 1744 2775 1816 ἐπιϐήσεσθαι
2824 1744 2924 1814 τῆς
2978 1739 3251 1813 βασιλείας
3297 1739 3483 1802 αὐτὸν,
3509 1736 3570 1790 οὐ
3614 1738 3728 1808 μὴν

472 1825 628 1891 dum,
659 1826 757 1881 sed
790 1828 973 1898 reipsa
997 1829 1239 1898 factum;
1265 1842 1416 1903 tanta
1440 1834 1496 1888 in
1532 1834 1716 1905 ipsum
1764 1834 2048 1890 ferebatur

2164 1837 2286 1891 Ιιλλά
2314 1837 2409 1891 καὶ
2439 1838 2521 1899 είς
2552 1836 2704 1899 τέλος
2733 1832 3054 1902 ὲκὸεὸηκὺς,
3086 1829 3321 1899 τοσαύτῃ
3368 1824 3504 1896 πρὸς
3558 1825 3734 1878 αὑτὸν

476 1918 675 1975 ﬁducia
688 1930 852 1992 atque
869 1923 1092 1991 aﬂ‘ectu,
1108 1899 1370 1995 quantam
1390 1944 1488 1998 par
1504 1899 1628 1984 erat
1644 1928 1847 1984 habere
1867 1929 2042 1995 illum,

2164 1932 2348 2003 ἐχρῆτο
2381 1928 2562 1984 πίστει
2588 1930 2682 1982 καὶ
2711 1927 2891 1998 ψυχῆς
2907 1899 3169 1984 διαθέσει,
3193 1922 3327 1990 ὅσην
3344 1918 3435 1972 τὸν
3467 1915 3736 1987 τηλικαύ-

472 2011 569 2081 qui
597 2012 907 2071 istiusmodi
949 2019 1369 2087 pmdietionem
1420 2021 1489 2075 ab
1546 2022 1668 2090 ipso
1731 2032 2042 2093 acceperat.

2164 2043 2249 2097 ιης
2284 2022 2414 2092 παρ’
2445 2020 2610 2077 αὐτοῦ
2643 2021 2876 2090 τυχόντα
2899 2014 3238 2087 προφητείας
3260 2012 3427 2075 εἰκὸς,
3452 2007 3592 2062 ὥστε
3628 2009 3738 2061 καὶ

471 2106 676 2173 Quare,
710 2124 835 2164 eum
860 2109 970 2164 ﬁlia
995 2111 1115 2180 ejus
1135 2128 1166 2165 a
1191 2112 1439 2167 daemone
1466 2113 1697 2174 insessa,
1724 2113 2046 2184 gravissime

2164 2118 2423 2189 iuvat-pb;
2456 2116 2562 2169 ὑπὸ
2583 2114 2836 2184 δαίμονος
2867 2111 3016 2179 αὐτῷ
3047 2106 3233 2170 δεινῶς
3269 2100 3738 2175 βασανιζομένης,

476 2208 865 2270 torqueretur;
896 2203 1021 2257 aliis
1046 2204 1270 2272 quidem
1296 2213 1592 2274 propterea
1635 2205 1782 2274 quod
1815 2204 1883 2259 ad
1940 2206 2046 2259 im-

2164 2211 2288 2281 πρὸς
2338 2209 2437 2279 μὲν
2496 2209 2622 2271 τοὺς
2661 2205 2853 2268 ἄλλους
2885 2203 2951 2257 δι’
2985 2200 3245 2271 αἰσχύνης
3290 2198 3368 2267 τῷ
3417 2193 3627 2266 βασιλεῖ
3664 2192 3738 2246 τὸ

473 2291 749 2359 peratoris
804 2292 1163 2364 ignominiam
1238 2295 1422 2350 facere
1492 2295 1810 2365 hujusmodi
1863 2297 2047 2366 passio

2164 2303 2254 2372 τῆς
2288 2300 2480 2364 παιδὸς
2509 2295 2649 2353 εἶναι
2681 2297 2874 2361 πάθος,
2907 2294 3196 2365 γράμμασι
3222 2291 3278 2343 δὲ
3309 2291 3499 2342 τούτου
3533 2302 3737 2357 μυστι-

474 2384 673 2452 puella:
712 2385 1018 2451 videretur,
1071 2402 1187 2441 rem
1230 2388 1505 2442 occultam
1566 2387 1790 2453 habuit;
1845 2388 2049 2443 litteris

2164 2400 2267 2461 ιοῖς
2314 2395 2609 2467 δεηθῆναι,
2639 2392 2773 2447 ὥστ’
2814 2388 3097 2444 ἐπινεῦσαι
3143 2387 3348 2453 ταύτην
3399 2380 3530 2452 παρ’
3560 2377 3737 2433 αὐτὸν

474 2487 606 2526 vero
646 2475 860 2530 arcanis
905 2490 935 2528 a
991 2484 1181 2530 sam-to
1234 2476 1414 2545 petiit,
1480 2492 1602 2531 eam
1651 2476 1761 2531 sibi
1813 2477 2046 2547 gratiam

2164 2487 2502 2560 ιομισθῆναι,
2532 2486 2670 2556 ὅπερ
2698 2481 2897 2537 ταυτὸν
2919 2478 2998 2547 τῷ
3040 2475 3251 2548 βασιλεῖ
3291 2473 3386 2527 καὶ
3427 2472 3525 2541 τῆς
3561 2469 3736 2540 θερα-

474 2563 709 2631 laceret,
732 2574 791 2619 ut
817 2575 1102 2635 pateretur
1156 2567 1323 2622 ﬁliam
1375 2568 1443 2622 ad
1511 2569 1692 2638 ipsum
1741 2568 2045 2638 deportari,

2164 2578 2310 2641 τείας
2339 2576 2440 2647 τὴν
2473 2575 2638 2629 παῖδα
2677 2573 2865 2644 τυχεῖν
2892 2568 3172 2640 ἐνομίζετο
3201 2582 3214 2596 ·
3244 2563 3363 2635 ᾔδει
3391 2563 3499 2633 γάρ
3541 2563 3606 2614 ἐκ
3626 2561 3737 2629 τῆς

472 2654 947 2724 quod‘videbatur
972 2657 1307 2729 imperatori
1365 2659 1806 2714 incolumitatem
1850 2660 2046 2729 puellae

2164 2671 2279 2741 περὶ
2306 2669 2435 2732 τοὺς
2469 2667 2662 2729 ἀλλους
2686 2665 2795 2718 τῶν
2819 2660 2914 2717 τοῦ
2944 2659 3140 2729 ἀνδρὸς
3176 2656 3471 2724 θαυμάτων
3516 2652 3737 2722 φιλοτι-

472 2746 771 2799 allaturum
800 2764 814 2800 :
843 2756 1077 2801 noverat
1110 2748 1339 2819 quippe,
1383 2764 1452 2803 ex
1509 2749 1835 2803 collaturum
1876 2748 1945 2803 ab
1982 2768 2045 2801 tu

2164 2763 2301 2823 ιίας,
2333 2759 2408 2823 ὡς
2433 2759 2556 2814 οὐδὲ
2586 2757 2727 2825 αὕτη
2776 2752 3032 2822 διακενῆς
3084 2747 3436 2819 ἀναστρέψει.
3490 2745 3595 2798 Τὸν
3644 2742 3739 2808 δὲ,

472 2834 529 2888 ίη
554 2835 692 2891 alios
715 2852 816 2906 per
849 2836 1112 2892 miracula
1146 2838 1546 2893 beneﬁciorum
1580 2839 1855 2909 largitate,
1889 2853 2042 2892 suam

2164 2853 2288 2925 μηδὲ
2323 2850 2521 2920 μικρὸν
2555 2847 2854 2918 ἐπισχόντα
2877 2844 2993 2915 (καὶ
3021 2840 3315 2909 σκοπῶμεν
3339 2837 3439 2908 τὴν
3483 2837 3541 2889 ὲν
3570 2833 3739 2925 αὐτῷ

471 2926 577 2981 sibi
604 2926 769 2982 ﬁliam
805 2943 915 2983 non
946 2928 1155 2999 absque
1180 2930 1391 2984 auxilio
1412 2946 1781 2986 reversurum.
1807 2931 2045 3003 Symeon

2164 2946 2309 3017 (ἀριν
2343 2941 2489 3013 ὅση),
2510 2940 2759 3010 Θάρσει,
2782 2933 3044 3007 βασιλεῦ,
3067 2931 3227 2994 εὐθὺς
3254 2927 3604 2998 ἀντιγράψαι,
3633 2924 3749 3019 κα)

470 3012 824 3076 συιοηιήἱιιίι
858 3031 1104 3078 moratus
1129 3012 1595 3093 (consideremus,
1629 3024 1847 3091 amabo,
1869 3026 2046 3096 gratia

2164 3012 2267 3109 θεῷ
2301 3038 2530 3109 χάριτας
2578 3031 2835 3103 ὁμολόγει
2877 3026 2955 3097 τῷ
2979 3024 3245 3098 εὐεργέτῃ
3268 3038 3282 3055 ·
3309 3022 3457 3075 ῐαται
3482 3019 3589 3109 γάρ

470 3113 591 3183 ejus
646 3123 852 3184 quanta
903 3114 1095 3184 fuerit)
1154 3117 1412 3171 rescribit
1461 3118 1517 3172 in
1572 3118 1722 3172 hunc
1777 3117 2042 3173 modum:

2164 3107 2248 3198 τῆς
2296 3107 2569 3195 πληγῆςή
2611 3121 2878 3191 θυγάτηρ.
2909 3119 3093 3188 Ὅπερ
3141 3112 3439 3184 συμϐαῖνον
3476 3108 3584 3164 ἀπὸ
3631 3107 3745 3162 τοῦ

468 3205 718 3273 Conﬁde,
753 3207 1074 3278 imperator,
1107 3218 1163 3264 et
1185 3210 1297 3266 Deo
1324 3210 1662 3267 benefactori
1683 3212 1892 3282 gratias
1922 3228 2048 3282 per-

2164 3218 2339 3282 ιέλους
2387 3212 2504 3287 εἶχε
2548 3214 2626 3285 τῷ
2663 3212 2953 3285 γράμματι
2984 3208 3080 3262 καὶ
3104 3207 3166 3260 τὸ
3219 3206 3475 3297 πρᾶγμα,
3498 3198 3632 3297 ὁμοῦ
3666 3216 3746 3297 τε

469 3301 662 3368 solve;
717 3311 906 3356 sanata
955 3318 1195 3374 namque
1242 3312 1330 3359 est
1386 3305 1456 3359 ab
1490 3304 1702 3360 inﬂicta
1740 3307 1900 3376 plaga
1932 3304 2047 3360 ﬁlia

2164 3312 2261 3383 γὰρ
2288 3311 2388 3380 τὴν
2421 3307 2712 3378 ἐπιστολὴν
2744 3308 2773 3360 ὁ
2818 3302 3069 3374 βασιλεὺς
3103 3299 3341 3365 δέδεκτο,
3378 3295 3475 3351 καὶ
3501 3293 3599 3365 τῆς
3628 3292 3741 3348 τοῦ

473 3399 588 3444 tua.
618 3390 735 3446 Nec
766 3408 854 3449 res
876 3410 905 3448 a
930 3394 1132 3450 litteris
1156 3396 1513 3466 discrepavit,
1559 3396 1640 3451 uti
1670 3398 1853 3467 patuit
1884 3411 2052 3451 even-

2164 3404 2405 3475 Ξαίμονος
2438 3399 2702 3472 ἐπηρείας
2728 3400 2762 3470 ἡ
2784 3399 2913 3461 παῖς
2935 3392 3266 3466 ἀπήλλακτο.

472 3492 531 3537 ιιι
551 3500 570 3537 :~
598 3499 727 3538 nam
751 3485 916 3540 simul
972 3495 1136 3558 atque
1190 3489 1392 3544 litterae
1454 3488 1779 3559 imperatori
1832 3487 2051 3544 traditae

471 3574 720 3637 fuerunt,
746 3579 967 3633 vexatio
989 3596 1212 3650 quoque
1269 3580 1538 3635 daemonis
1572 3582 1831 3637 cessavit.

544 3666 668 3722 £90.
694 3656 969 3725 luciderat
1003 3671 1204 3726 deinde
1240 3672 1545 3742 imperator
1572 3673 1689 3742 ipse
1714 3674 2047 3731 Justinusin

472 3753 875 3822 inﬁrmitatem,
934 3777 1060 3816 cum
1105 3762 1370 3826 Joannes,
1423 3778 1585 3833 quem
1635 3764 1749 3834 jam
1807 3765 2052 3821 ostendit

472 3847 652 3902 oratio
702 3857 894 3905 nostra
945 3852 1575 3924 Constantinopolitanae
1629 3855 1776 3911 sedis
1812 3857 2051 3926 patriar-

472 3939 657 4005 cham,
682 3951 798 3997 tum
831 3953 1063 4015 propter
1126 3961 1398 4000 summam
1444 3947 1879 4003 familiaritatem
1929 3964 2053 4020 quae

472 4029 578 4099 ipsi
610 4031 990 4088 intercedebat
1013 4050 1138 4089 eum
1168 4035 1407 4099 Justino,
1440 4046 1556 4092 tum
1614 4048 1846 4109 propter
1906 4037 2051 4093 ﬁdu-

471 4124 612 4179 ciam
668 4141 834 4195 quam
882 4136 1145 4197 posuerat
1177 4129 1234 4183 in
1291 4128 1600 4201 Symeone;
1665 4141 1781 4186 tum
1814 4129 2052 4202 denique

469 4216 621 4285 quod
651 4217 882 4274 ﬁrmiter
900 4235 1225 4290 persuasum
1257 4221 1499 4279 habebat
1535 4222 1655 4278 ﬁeri
1706 4240 1820 4278 non
1866 4239 2049 4293 posse,

472 4316 534 4363 ut
562 4309 787 4366 aliunde
816 4319 1028 4367 tantum
1053 4324 1252 4371 actam
1286 4325 1607 4385 promptum
1638 4315 1859 4370 adesset
1896 4316 2055 4371 auxi-

471 4398 649 4467 lium;
684 4401 837 4463 misit
880 4402 948 4458 ad
994 4404 1349 4477 Symeonem,
1408 4406 1751 4476 supplicans,
1803 4414 1863 4460 ut
1908 4407 2055 4477 apud

471 4491 649 4547 Deum
704 4509 903 4550 rursus
951 4497 1348 4560 intercederet,
1433 4506 1708 4567 quatenus
1764 4514 1796 4553 a
1858 4498 2056 4553 morbo

2227 3671 2336 3739 pk'.
2367 3664 2474 3720 Τοῦ
2540 3662 2598 3716 δὲ
2649 3656 2815 3716 αὐτοῦ
2876 3654 3068 3710 τούτου
3124 3648 3393 3723 βασιλέως
3447 3643 3756 3699 ἰουστίνου

2152 3761 2293 3831 νόσῳ
2320 3755 2727 3830 περιπεσόντος,
2764 3749 3009 3816 Ἰωάννης
3024 3745 3083 3799 ὃν
3100 3744 3198 3814 τῆς
3218 3744 3274 3795 tv
3296 3741 3758 3831 Κωνσταντινου-

2154 3827 2310 3906 πόλει
2388 3827 2651 3920 πρόεδρον
2713 3838 2996 3904 ἀπέδειξεν
3064 3831 3389 3903 Ἐκκλησίας
3458 3828 3487 3881 ό
3540 3827 3751 3920 λόγος,

2158 3943 2324 4014 πολλῇ
2375 3918 2472 4010 μέν
2505 3939 2571 4009 τῇ
2630 3934 2768 4007 πρὸς
2808 3932 3096 3986 Ἰουστῖνον
3126 3924 3332 3996 σχέσει,
3375 3920 3543 4014 πολλῇ
3586 3918 3643 3971 δὲ
3669 3921 3750 4014 τῂῇ

2156 4012 2414 4108 πρὸς-τὸν
2443 4027 2669 4100 Συμεὼν
2697 4027 2899 4090 πίστει,
2936 4022 3034 4076 καὶ
3062 4019 3139 4090 τῷ
3185 4013 3499 4108 μηδαμόθεν
3543 4012 3753 4108 πεπεῖ-

2157 4101 2281 4183 σθαι
2326 4126 2509 4192 σαφῶς
2536 4119 2760 4177 ἄλλοθεν
2789 4116 3128 4193 τηλικαύτης
3158 4105 3268 4164 οἷόν
3302 4125 3362 4161 τε
3416 4101 3559 4159 εἶναι
3608 4102 3753 4193 βοη-

2156 4220 2305 4283 θείας
2340 4190 2529 4270 τοῦτον
2577 4213 2791 4284 τυχεῖν,
2834 4190 3137 4262 ἐπιστέλλει
3167 4200 3245 4271 τῷ
3269 4195 3529 4268 Συμεὼν,
3572 4190 3756 4284 ἀξιῶν

2156 4311 2418 4384 δεηθῆναι
2458 4307 2622 4362 πάλιν
2651 4283 2864 4359 ἐκεῖνον
2903 4295 3062 4360 Θεοῦ,
3087 4292 3351 4384 ἀνεθῆναι
3387 4288 3477 4384 τόν
3515 4283 3755 4384 βασιλέα
3863 4344 3885 4362 .

2158 4377 2259 4475 τῆς
2309 4377 2491 4457 νόσου.
2545 4400 2603 4453 '0
2633 4397 2690 4452 δέ
2742 4411 2867 4449 τινα
2915 4391 2983 4444 τά
3035 4387 3164 4458 napi.
3198 4383 3361 4475 αὑτὸν
3413 4378 3609 4475 ὥσπερ
3642 4377 3757 4475 οὐκ

2158 4466 2392 4562 ἀγνοῶν,
2423 4484 2851 4546 ἀντεπιστέλλει,
2893 4479 3015 4551 μηδ’
3041 4475 3217 4531 ὁτιοῦν
3246 4472 3408 4527 αὑτὸν
3436 4466 3756 4562 προσέσθαι

471 4593 791 4656 resurgeret
825 4585 1152 4658 imperator.
1179 4589 1428 4660 Symeon.
1444 4603 1602 4653 vero,
1639 4604 1751 4658 quo
1791 4596 1935 4644 statu
1965 4606 2054 4646 res

2164 4558 2266 4642 τῶν
2324 4579 2793 4656 ἀπηγορευμένων
2837 4573 2980 4643 Θεῷ,
3013 4570 3108 4624 καὶ
3150 4567 3377 4660 ταχεῖαν
3611 4558 3754 4660 Ατὴν

474 4676 623 4733 illius
646 4685 833 4733 essent
857 4695 967 4735 non
991 4681 1275 4751 ignorans,
1318 4679 1633 4737 renuntiari
1677 4679 1858 4751 jubet,
1916 4682 2053 4736 nihil

470 4768 774 4839 quidquam
802 4778 863 4824 ut
883 4771 1139 4827 admittat
1162 4771 1470 4826 curationis
1493 4770 1563 4825 ab
1589 4771 1719 4837 illis,
1747 4772 1843 4842 qui
1880 4773 2054 4829 Deum

473 4872 768 4932 negarunt,
810 4870 869 4917 et
890 4878 1127 4933 propere
1158 4862 1525 4919 adventuram
1577 4863 1895 4920 sanitatem.
1947 4866 2058 4919 lm-

476 4963 707 5021 peratorv
731 4957 908 5010 sancti
939 4963 1213 5024 praecepta
1250 4971 1446 5024 parum
1479 4955 1671 5015 sedulo
1730 4958 2055 5024 observans,

474 5059 601 5100 cum
668 5063 727 5103 se
789 5045 1108 5101 tradidisset
1161 5044 1404 5113 cuidam,
1460 5047 1753 5104 Timotheo
1808 5050 2054 5114 nomine,

477 5136 753 5206 religione
790 5136 1050 5200 Hebraeo,
1100 5136 1198 5204 qui
1249 5135 1303 5191 in
1354 5136 1514 5193 libris
1558 5138 1782 5207 quidem
1827 5153 1892 5192 ac
1938 5145 2057 5193 arte

475 5229 692 5284 medica
732 5228 1030 5283 videbatur
1066 5239 1338 5294 versatus,
1392 5246 1451 5285 re
1485 5246 1614 5286 vera
1668 5239 1853 5287 autem
1901 5230 2058 5285 addi-

474 5320 759 5377 eti’ssimus
781 5326 902 5374 erat
927 5317 1398 5376 incantationibus
1446 5321 1558 5394 (his
1613 5321 1762 5376 enim
1799 5319 2058 5376 studebat

551 5460 665 5532 (46)
706 5456 1013 5532 Bellissime
1049 5459 1166 5532 haec
1205 5458 1525 5532 concordant
1559 5476 1679 5512 cum
1726 5458 2057 5532 TlteOphane,

477 5528 794 5602 adnarrant
847 5528 971 5602 565,
1013 5530 1088 5585 sic
1143 5529 1418 5602 loquente:
1480 5529 1594 5602 [loc
1640 5544 1808 5602 anno,
1853 5528 2060 5602 mensis

479 5600 686 5672 Aprilis
738 5598 1086 5672 duodecimo,
1133 5598 1449 5672 patriarcha
1492 5598 2057 5672 Constantinopolita-

478 5669 587 5727 nas
626 5669 930 5742 Eutychius
958 5686 986 5726 a
1020 5669 1331 5727 Just'iniano
1356 5670 1622 5740 dignitate
1652 5678 1836 5742 motus
1867 5677 1951 5742 est
2002 5677 2059 5723 et

480 5739 767 5819 Agnascarn
813 5742 1108 5819 relegatus.
1154 5742 1396 5819 Joannes
1425 5739 1569 5819 vero
1599 5739 2054 5819 exscltolasticus.

482 5810 692 5881 magna:
735 5810 1037 5869 Antiochia:
1065 5812 1433 5882 responsalis,
1462 5811 1517 5863 in
1564 5810 1689 5879 ejus
1716 5810 1899 5864 Ιοι·ιιιιι
1930 5810 2058 5863 sub-

486 5891 726 5954 togatus.
790 5882 995 5938 Eodem
1047 5898 1193 5937 anno
1237 5881 1724 5936 Justinianus......
1808 5888 2057 5934 mortuus

2164 4679 2310 4731 ἴασιν
2354 4647 2659 4745 Τοῦ
2702 4667 2759 4723 δὲ
2784 4666 2892 4719 τῶν
2923 4661 3135 4717 ἐκείνου
3162 4654 3394 4711 ἐντολῶν
3441 4650 3563 4705 οὐδὲ
3610 4647 3757 4745 ppu..-

2161 4771 2228 4841 χὺ
2288 4742 2697 4837 φροντίσαντος,
2739 4757 2880 4812 ἀλλά
2930 4772 3037 4807 τινι
3096 4750 3290 4805 ἑαυτὸν
3338 4742 3751 4841 Δἐκδεδωκότος,

2162 4832 2414 4929 ῗιμονθ-ἐῳ
2453 4856 2549 4927 μὲν
2577 4854 2677 4925 τὴν
2704 4843 3180 4921 κλῆσιν,⁹Ε6ραίῳ
3206 4841 3264 4894 δὲ
3300 4838 3399 4910 τὴν
3423 4832 3751 4929 θρησκείαν,

2162 4924 2316 5020 ἀνδρὶ
2454 4924 2558 5017 *μὲν
2592 4924 2769 4998 δοκεῖν
2802 4941 2931 5009 περὶ
2977 4937 3195 5009 βίϐλους
3245 4929 3447 5002 ἰατρῶν
3512 4924 3744 5020 natust:

2162 5016 2318 5114 χνην,
2346 5016 2408 5092 τό
2509 5034 2729 5106 ἀληθὲς,
2742 5031 3023 5103 γοητείαις
3052 5023 3413 5114 ἠσχολημένω
3435 5016 3667 5114 (σπουδὴ
3692 5016 3759 5114 δὲ

2160 5105 2319 5187 ⁴τοῦτο
2367 5129 2468 5199 τῆς
2531 5105 2784 5181 συνοίκου
2816 5121 3037 5192 Σοφίας,
3068 5120 3130 5173 οὐ
3159 5111 3448 5186 φιλανδρία
3491 5107 3695 5179 μᾶλλον
3719 5105 3757 5175 ἢ

2166 5220 2528 5295 μικροψυχίᾳ,
2561 5219 2650 5273 διὰ
2681 5214 3002 5289 φιλανδρίαν
3031 5212 3089 5264 δὲ
3122 5209 3265 5279 τάχα
3311 5204 3406 5258 καὶ
3448 5204 3761 5295 τῇήμικροο

2159 5287 2332 5389 illuxit}
2351 5287 2824 5389 χρωμένης),ηόρᾷ
2869 5303 3144 5379 μεσούσης
3197 5299 3411 5371 ἡμέρας
3439 5297 3468 5350 ὁ
3521 5287 3760 5362 Συμεὼν

2168 5463 2273 5519 est,
2317 5453 2409 5509 die
2460 5451 2760 5507 undecimo
2813 5446 3022 5501 mensis
3054 5439 3404 5504 Novembris,
3448 5434 3762 5519 indictione

2172 5528 2238 5581 Μ
2260 5516 2372 5597 jam
2424 5533 2866 5597 eurrente,_cut_t_1
2906 5522 3186 5597 regnasset
3224 5524 3402 5597 annos
3427 5516 3554 5597 octo
3583 5521 3759 5597 supra

2169 5578 2416 5668 triginta,
2456 5578 2758 5668 r_nense5_'7,
2803 5587 2924 5668 dies
2950 5578 3047 5668 l3.
3082 5578 3550 5668 ‘Succe‘ssokrﬁej‘us
3583 5592 3761 5668 nepos

2165 5648 2417 5725 ilis‘l'ititi's'
2449 5648 2811 5733 Curopalates
2847 5657 3190 5728 designatur.
3234 5648 3549 5733 Dicebatur.
3575 5656 3757 5733 autem!

2166 5721 2541 5792 Scholasticus
2572 5721 2854 5788 c'attsarum
2893 5721 3148 5799 patronus
3199 5739 3297 5799 seu
3326 5721 3636 5799 advocatus,
3676 5721 3757 5769 uti

2165 5787 2619 5875 pylitr‘ihitﬁswuidere
2658 5803 2778 5860 licet
2827 5787 2971 5870 ap'ud
3012 5795 3305 5854 Mcursium
3344 5798 3394 5846 et
3442 5787 3756 5845 Fabrotum.
