4018 6408
253 428 405 494 3161

1331 423 1500 483 VITA
1543 422 1588 480 A
1628 416 2062 480 NICEPHORO
2100 413 2590 482 CONSCRIPTA.

3409 416 3553 482 3162

253 544 471 598 ἑαυτὸν
497 541 597 611 τὴν
626 539 879 612 βασιλίδα
914 538 1070 592 πόλιν
1108 536 1487 592 καταλαϐόντα
1537 538 1631 589 καὶ
1671 536 1861 601 ὥσπερ

1973 534 2080 604 ejus
2103 550 2241 590 uxor
2264 535 2468 606 Sophia
2485 535 2619 605 (47),
2647 549 2758 589 non
2787 541 2894 587 tam
2921 532 3023 587 viri
3054 547 3243 588 amore
3262 548 3425 605 quam
3449 550 3553 604 puo

252 637 319 690 ἐν
341 633 425 704 τῷ
449 634 700 703 παλατίῳ
735 631 1022 700 γεγονότα,
1053 629 1147 681 καὶ⁵
1193 629 1263 682 τὰ
1293 631 1445 698 παρὰ
1474 626 1570 680 τοῦ
1610 627 1861 681 Ἰουδαίου

252 728 622 799 γεγενημένα
667 725 968 794 θεώμενον,
1025 721 1327 792 ἀχθόμενόν
1371 738 1431 774 τε
1486 722 1624 791 πρὸς
1663 720 1860 786 ταῦτα,

254 821 361 873 καὶ
389 815 505 873 οἷον
547 821 647 872 οὐκ
673 818 878 871 ἀνεκτὰ
916 815 1175 869 ποιοῦντα
1212 831 1226 844 ·
1272 813 1429 881 artat
1462 813 1714 884 δῆλα-τῷ
1753 831 1863 868 παι

253 915 513 984 τριὰρχῃ
564 911 947 981 καθίστη,·καὶ
987 909 1064 981 τῷ
1106 907 1337 979 βασιλεῖ,
1366 906 1442 971 ώς
1478 910 1611 978 παρ’
1650 908 1861 962 ἐκείνου

252 1003 792 1075 διαμαρτύρεσθαι,
847 1002 943 1057 καὶ
998 1002 1324 1072 παρεγγυᾷν
1362 999 1701 1073 ἀποσχέσθαι
1752 1000 1864 1054 τῶν

256 1096 533 1149 τοιούτων
558 1093 736 1166 ἠξίου.

341 1360 492 1427 ριιαν.
521 1354 633 1409 Καὶ
661 1355 691 1407 δ
733 1354 832 1424 μὲν
863 1353 1229 1423 ἀπήγγελλεν,
1252 1353 1315 1407 οὐ
1346 1351 1426 1423 τῷ
1457 1352 1669 1423 βασιλεῖ
1689 1353 1865 1408 ταῦτα

264 1448 461 1518 μόνον,
492 1444 628 1501 ἀλλὰ
666 1448 763 1501 καὶ
787 1449 852 1517 τῇ
888 1445 1130 1515 συζύγῳ,
1232 1447 1331 1500 καὶ
1364 1446 1567 1515 μᾶλλον
1599 1446 1867 1501 ἐσπουδά-

262 1541 397 1606 ζετο
414 1541 486 1594 τὰ
502 1538 729 1593 τοιαῦτα
750 1554 764 1570 ο
798 1540 849 1591 οί
873 1538 929 1591 δὲ
957 1537 1214 1591 τοσοῦτον
1240 1537 1469 1609 ἐδέησαν
1498 1537 1861 1608 ἀποσχέσθαι,

263 1636 382 1707 ὅσῳ
423 1636 517 1688 καὶ
560 1632 796 1703 γυναῖκά
828 1650 950 1687 τινα
988 1631 1097 1685 τῶν
1131 1631 1612 1702 ἐγγαστριμύθων,
1659 1632 1717 1686 αἶ
1758 1633 1866 1687 ἀπὸ

263 1726 485 1790 κοιλίας
551 1726 795 1796 φωνοῦσι
860 1723 1279 1794 κενολογοῦσαι,
1357 1726 1725 1794 ἐπεισήγαγον
1787 1724 1865 1796 τῷ

274 1819 545 1890 Ἑϐραίῳ,
575 1811 729 1886 ἐφ’ᾧ
768 1818 1104 1889 σαφέστερον
1157 1816 1286 1888 παρ’
1325 1818 1538 1885 ἐκείνης
1583 1818 1753 1887 αὐτῆς
1799 1819 1865 1872 τὰ

262 1909 373 1979 τῆς
418 1910 577 1963 νόσου
619 1909 819 1979 δηλαδὴ
868 1907 1258 1979 γνωρισθῆναι.
1311 1902 1407 1970 Ait;
1438 1907 1629 1961 σκοτία
1666 1908 1865 1978 μᾶλλον

262 2000 338 2051 ὲκ
373 2000 634 2068 μαντείας
666 1998 840 2060 ἔσται,
873 1996 971 2050 καί
1003 1997 1250 2050 δύσεται
1276 1997 1311 2049 ὁ
1333 1995 1515 2063 ἥλιος
1542 1994 1635 2047 ἐπ’
1654 1996 1862 2060 αὑτὰς,

264 2089 375 2144 καί
405 2089 784 2144 συσκοτάσει
808 2088 902 2141 ἐπ’
932 2086 1121 2152 αὐτὰς
1149 2087 1188 2155 ἡ
1216 2085 1427 2156 ἡμέρα,
1462 2086 1703 2155 Μιχαίας
1738 2086 1868 2154 περὶ

264 2183 458 2237 αὐτῶν
503 2185 532 2236 ό
571 2181 714 2244 θεῖος
744 2179 926 2240 καλῶς
960 2179 1389 2251 προηγόρευσεν.
1426 2179 1516 2232 Ἐν
1544 2178 1784 2249 τοσούτῳ
1809 2178 1867 2231 δὲ

262 2276 398 2346 ὄψις
441 2270 697 2344 φαίνεται
747 2274 910 2327 πάλιν
960 2273 1122 2343 ἑτέρα
1165 2271 1245 2342 τῷ
1279 2270 1535 2342 Συμεών·
1587 2273 1621 2342 ἠ
1671 2272 1729 2324 δὲ
1774 2266 1864 2343 ἦν’

261 2368 447 2430 Αὐτὸς
494 2367 594 2437 μὲν
632 2367 746 2428 τοῖς
789 2364 1085 2435 βασιλείοις
1122 2363 1282 2427 αὖθις
1310 2362 1619 2432 ἐπιδημῶν,
1652 2362 1867 2418 καὶτὸν

264 2457 501 2528 βασιλέα
532 2456 697 2528 ὁρῶν,
729 2458 785 2509 ἐν
811 2450 964 2526 ᾧπερ
995 2455 1176 2508 εἰώθει
1203 2455 1356 2524 τόπῳ
1389 2457 1515 2518 τοὺς
1541 2455 1867 2525 προσιόντας

261 2549 585 2618 δεχόμενον.
639 2547 1020 2616 Διανοιγέντας
1068 2545 1124 2599 δὲ
1170 2545 1367 2599 αὐτίκα
1414 2546 1542 2611 τοὺς
1579 2546 1863 2616 οὐρανοὺς,

262 2639 369 2693 καί
393 2657 518 2694 τινα
542 2639 694 2693 θείαν
723 2639 936 2693 ἐκεῖθεν
963 2639 1196 2707 δύναμιν
1218 2637 1608 2705 κατελθοῦσαν,
1645 2639 1867 2708 περιδύ-

261 2732 445 2786 σασάν
462 2749 521 2784 τε
553 2729 718 2785 αὐτὸν
758 2731 857 2800 τὴν
884 2729 1174 2802 βασιλικὴν
1204 2729 1430 2799 ἐσθῆτα,
1460 2731 1520 2783 τό
1542 2748 1601 2783 τε
1627 2729 1866 2801 διάδημα

256 2824 367 2894 τῆς
400 2823 646 2894 κεφαλῆς
669 2821 996 2891 ἀφελοῦσαν,
1032 2820 1329 2891 Ἔσο,πρδς
1355 2821 1518 2875 αὑτὸν
1541 2822 1866 2891 φάναι,τέως

258 2914 508 2969 ἐνταῦθα
541 2914 690 2984 πάσῃ
733 2913 953 2984 γλώσσῃ
991 2914 1259 2985 διήγημα,
1289 2913 1485 2983 ψεῦδος
1531 2912 1631 2984 τὴν
1673 2913 1866 2969 ἐλπίδα

258 3007 519 3077 θέμενος,
562 3007 656 3060 καὶ
711 3005 788 3076 μὴ
834 3004 955 3076 Θεῷ
1001 3006 1073 3060 τὰ
1129 3004 1254 3058 καθ’
1302 3004 1493 3058 ἑαυτὸν
1543 3006 1862 3076 ἐπιτρέψας,

260 3098 412 3153 ἀλλὰ
431 3097 649 3169 δαίμοσι
680 3096 883 3167 μᾶλλον
922 3097 1020 3151 καὶ
1049 3096 1320 3167 δαιμόνων
1357 3096 1662 3166 ἐνεργείαις
1694 3113 1866 3167 προσ-

1967 624 2366 690 sillanimitate,
2405 633 2594 695 utpote
2622 624 2677 679 in
2704 624 2846 679 hanc
2884 640 2953 678 ex
2983 624 3074 677 illa
3103 623 3367 692 deducta)
3417 639 3554 679 con-

1966 716 2210 786 spicitse.
2233 717 2349 786 ipse
2379 717 2622 788 Symeon
2652 716 2832 771 media
2854 716 2945 770 die
2984 717 3041 770 in
3094 718 3309 786 regiam
3358 718 3556 777 urbem

1966 806 2237 870 delatum,
2275 807 2331 860 in
2390 808 2512 876 ipso
2555 808 2729 862 veluti
2781 806 2986 876 palatio
3036 816 3240 871 astare,
3278 816 3443 877 atque
3472 808 3558 862 in-

1967 900 2180 969 spicere
2214 915 2337 969 qua:
2387 916 2417 955 a
2465 900 2656 956 ludam
2690 901 2934 966 ﬁebant;
2985 901 3238 956 indolere
3285 902 3557 957 etiamad

1966 992 2104 1055 visa,
2143 1000 2201 1046 et
2259 1007 2371 1046 non
2419 991 2645 1048 ferenda
2695 993 2949 1063 judicare
2997 1011 3011 1047 :
3065 1009 3188 1063 quae
3228 993 3558 1063 patriarcha:

1965 1084 2134 1139 etiam
2158 1084 2446 1139 manifesta
2470 1100 2593 1140 esse
2610 1086 2807 1148 voluit,
2840 1084 3159 1156 rogavitque
3179 1096 3239 1139 ut
3260 1086 3558 1155 imperato-

1967 1189 2085 1230 rem
2110 1191 2140 1229 a
2176 1190 2236 1229 se
2269 1174 2642 1230 obtestaretur
2673 1185 2838 1246 atque
2866 1175 3209 1240 hortaretur,
3244 1173 3555 1230 istiusmodi

1967 1263 2303 1335 impietatem
2326 1264 2548 1319 missam
2571 1265 2793 1320 faceret.

2039 1352 2162 1407 191.
2218 1352 2369 1407 Tulit
2448 1354 2764 1423 patriarcha
2826 1371 2939 1409 non
2999 1354 3177 1409 solum
3233 1352 3555 1423 imperatori

1964 1445 2238 1515 ejusmodi
2283 1446 2565 1511 nuntium,
2598 1462 2789 1500 verum
2815 1447 2980 1502 etiam
3030 1448 3249 1517 conjugi
3279 1448 3419 1516 ejus,
3456 1446 3559 1500 im-
3600 1440 3607 1460 θ

1965 1535 2193 1605 pensius
2248 1536 2562 1590 istiusmodi
2616 1536 2778 1605 nugis
2834 1536 3054 1591 deditae.
3120 1536 3225 1590 Sed
3299 1536 3375 1590 illi
3436 1542 3616 1603 tan-1

1967 1633 2081 1680 tum
2145 1628 2304 1682 abest
2360 1636 2422 1682 ut
2478 1627 2874 1690 abstinuerint,
2925 1636 2987 1682 ut
3044 1629 3209 1682 etiam
3267 1627 3556 1682 mulierem

1967 1719 2262 1790 quamdam
2305 1734 2372 1774 ex
2420 1734 2612 1773 earum
2661 1735 2895 1774 numero
2943 1735 3066 1789 qua:
3096 1720 3165 1773 de
3194 1728 3387 1774 ventre
3435 1718 3554 1772 inae

1968 1828 2095 1867 nem
2122 1828 2436 1868 sermonem
2464 1812 2703 1869 reddunt
2731 1813 2870 1884 (48).
2914 1812 2981 1867 ad
3028 1812 3318 1866 Hebraeum
3349 1812 3555 1881 allega-

1972 1904 2103 1967 rint,
2133 1914 2195 1959 ut
2224 1920 2324 1974 per
2364 1921 2486 1959 eam
2536 1905 2779 1959 certiora
2825 1904 2894 1960 de
2934 1904 3130 1959 morbo
3159 1919 3560 1974 cognosceren-

1974 2005 2086 2050 tnr.
2137 1996 2342 2050 Verum
2388 1994 2458 2049 de
2524 1993 2727 2049 talibus
2795 2000 2944 2048 recte
2985 1990 3237 2062 praedixit
3282 1990 3558 2047 Michauas.

1968 2086 2115 2156 quod
2180 2085 2422 2140 tenebrae
2475 2086 2559 2141 eis
2611 2101 2680 2141 ex
2729 2084 3068 2139 divinatione
3111 2092 3312 2145 erunt,
3371 2088 3420 2135 et
3473 2098 3561 2134 oc-

1967 2179 2171 2233 cumbet
2218 2178 2301 2234 sol
2354 2196 2516 2249 super
2545 2195 2656 2244 eas,
2708 2186 2760 2231 et
2815 2176 3228 2251 contenebrescet
3270 2190 3429 2244 super
3469 2188 3559 2227 eas

1968 2274 2077 2327 dies
2098 2274 2166 2328 ³⁸.
2195 2274 2410 2330 Interea
2436 2271 2696 2344 Symeoni
2720 2271 2827 2326 alia
2858 2285 3083 2325 rursum
3104 2268 3247 2323 visio
3270 2267 3559 2339 obiicitur,

1968 2375 2202 2435 eratque
2230 2366 2376 2421 talis.
2408 2366 2530 2436 Ipse
2562 2365 2764 2420 iterum
2797 2364 2865 2418 ad
2897 2362 3164 2434 palatium
3205 2360 3561 2431 imperatoris

1967 2458 2207 2523 delatus,
2235 2458 2498 2513 cernebat
2518 2457 2719 2527 ipsum,
2748 2471 2859 2527 quo
2879 2461 3243 2511 consueverat
3265 2453 3406 2514 loco,
3429 2452 3563 2507 aﬂ‘a-

1968 2558 2085 2605 tum
2103 2558 2357 2619 petentes
2385 2549 2641 2619 excipere
2666 2566 2679 2601 :
2715 2547 2980 2603 cernebat
3007 2546 3174 2600 etiam
3199 2559 3327 2598 mox
3355 2544 3561 2613 apertis

1968 2640 2126 2695 caelis
2168 2639 2451 2710 delapsam
2496 2639 2624 2694 inde
2670 2637 2963 2707 quamdam
2999 2637 3262 2691 virtutem
3291 2634 3559 2695 divinam,

1966 2746 2091 2800 quae
2129 2745 2340 2785 exuens
2377 2729 2769 2799 imperatorem
2812 2738 2967 2784 veste
2998 2727 3189 2799 regali,
3218 2734 3275 2782 et
3303 2726 3562 2781 auferens

1967 2820 2167 2891 capitis
2196 2820 2473 2885 diadema,
2522 2821 2744 2876 dicebat
2785 2820 2912 2875 illi:
2960 2821 3092 2876 Esto
3144 2821 3328 2875 fabula
3374 2821 3428 2874 in
3462 2835 3562 2874 ore

1962 2914 2153 2969 omnis
2172 2914 2387 2984 populi,
2418 2913 2551 2987 quia
2573 2914 2807 2983 posuisti
2837 2914 3183 2969 mendacium
3209 2928 3363 2975 spem
3388 2921 3559 2979 tuam,

1967 3012 2024 3060 et
2054 3015 2107 3059 te
2137 3012 2341 3075 tuaque
2379 3021 2491 3060 non
2523 3006 2848 3061 commisisti
2884 3007 3017 3072 Deo,
3056 3007 3152 3061 sed
3191 3005 3428 3060 dmmoni
3465 3020 3563 3075 po-

1974 3097 2087 3152 tius
2116 3098 2350 3168 ejusque
2391 3098 2606 3153 artibus
2631 3098 2916 3168 praebuisti
2956 3113 3137 3153 aures.
3172 3097 3305 3164 Quae
3338 3106 3564 3153 sanctus

256 3189 519 3261 εσχηκώς
538 3206 554 3221 ⁸
584 3190 614 3243 δ
648 3189 787 3261 πρός
817 3207 879 3242 τε
913 3188 1039 3252 τοὺς
1061 3189 1345 3258 παρόντας
1381 3188 1410 3240 ὀ
1437 3187 1664 3255 Συμεὼν
1692 3190 1750 3242 ἐν
1772 3188 1858 3243 δά-

1973 3208 2092 3248 cum
2131 3191 2391 3264 lacrymis
2414 3201 2471 3247 et
2495 3191 2686 3246 dolore
2718 3207 2843 3247 cum
2870 3191 3236 3262 praesentibus
3254 3192 3565 3246 communi-

262 3298 466 3352 κρυσιν
494 3283 710 3354 εἰρήκει
740 3283 837 3336 καὶ
861 3281 1092 3352 καρδίας
1121 3280 1284 3353 ὀδύνῃ
1309 3296 1324 3312 ο
1362 3280 1441 3352 τῷ
1463 3299 1522 3334 τε
1553 3283 1867 3356 πατριάρχῃ

257 3374 361 3429 τὸν
390 3373 556 3428 αὐτὸν
585 3374 851 3445 ἐγνώρισε
873 3373 1098 3446 τρόπον,
1128 3376 1223 3428 καὶ
1254 3375 1350 3429 τοῦ
1381 3376 1579 3447 μηκέτι
1613 3376 1750 3447 πρὸς
1770 3377 1871 3430 αὐ-

254 3467 360 3520 τὸν
398 3466 531 3537 περὶ
566 3465 663 3520 τοῦ
699 3465 965 3537 βασιλέως
1002 3468 1341 3535 προσθεῖναι.
1386 3470 1462 3523 Οὐ
1516 3468 1654 3523 πολὺ
1711 3469 1772 3523 τὸ
1809 3471 1868 3524 ἐν

260 3557 445 3630 μέσῳ,
477 3558 572 3611 καὶ
609 3559 766 3630 φήμη
799 3559 941 3613 κατὰ
982 3559 1164 3629 πάσης
1198 3558 1427 3628 ἠπείρου
1461 3559 1559 3613 καὶ
1590 3560 1868 3630 θαλάσσης

255 3649 484 3721 ἐχώρει,
513 3650 840 3722 διεφθάρθαι
868 3650 960 3705 τὸν
993 3649 1222 3722 βασιλέα
1250 3650 1348 3715 τὰς
1382 3651 1608 3723 φρένας,
1636 3652 1868 3705 κατόπιν

257 3738 328 3793 δὲ
352 3738 449 3792 καὶ
481 3739 715 3803 θάνατος
738 3740 945 3796 εἵπετο.

342 3828 483 3899 ριιβ’.
537 3829 846 3900 Εὑξώμεθα
893 3829 1024 3901 περὶ
1074 3829 1175 3900 τῆς
1214 3829 1358 3885 κατὰ
1402 3830 1500 3900 τὴν
1535 3829 1867 3901 Ἀντιόχειαν

277 3921 639 3990 Ἐκκλησίας,
673 3921 914 3991 ἀδελφοὶ,
948 3922 1085 3993 φησί
1116 3940 1246 3977 ποτε
1280 3923 1419 3995 πρὸς
1457 3924 1583 3987 τοὺς
1615 3923 1868 3994 μαθητὰς

258 4014 296 4066 ὁ
343 4011 489 4084 ίερδς
527 4013 775 4083 Συμεών.
817 4014 1069 4067 Ἐδόκουν
1116 4014 1226 4086 γὰρ
1263 4014 1356 4068 τὸν
1390 4015 1669 4086 πρόεδρον,
1695 4016 1868 4086 αὐτῆς

263 4105 530 4173 Δομνῖνον
575 4106 708 4178 όρᾷν
759 4106 853 4159 ἐπὶ
899 4108 961 4159 τὸ
996 4105 1383 4179 θυσιαστήριον
1428 4107 1728 4174 ἀναϐάντα,
1770 4109 1867 4162 καὶ

262 4196 396 4267 τῇδε
443 4196 732 4251 τεθεικότα
785 4198 999 4265 ἐαυτὸν,
1047 4200 1145 4253 καὶ
1185 4201 1349 4253 οίονεὶ
1409 4200 1698 4271 ῥέγχοντα,
1746 4197 1868 4255 εἶτα

266 4282 487 4342 ἐκεῖθεν
532 4288 974 4361 καταδεὸηκότα,
1010 4291 1108 4346 καὶ
1151 4290 1303 4362 δεξιᾷ
1342 4291 1437 4344 τοῦ
1475 4292 1867 4363 θυσιαστηρίου

264 4381 584 4451 ἱστάμενον.
609 4381 684 4434 Τὸ
712 4381 813 4452 μὲν
847 4374 942 4435 οὗν
973 4382 1197 4455 πλῆθος,
1226 4383 1323 4436 καὶ
1348 4384 1462 4437 ὅσοι
1494 4383 1589 4437 τοῦ
1626 4383 1869 4456 βήματος

259 4473 636 4542 ἀναμένοντες
669 4469 833 4545 ἦσαν,
867 4474 1035 4546 εὐχὴν
1058 4475 1329 4530 ἐπιτελεῖν
1360 4475 1451 4531 τδν
1480 4477 1650 4548 ἄνδρα
1675 4478 1865 4549 οἰόμε-

1972 3284 2153 3352 cavit;
2184 3293 2241 3339 et
2266 3283 2633 3355 patriarcham
2658 3282 2729 3338 de
2757 3283 2927 3339 totius
2950 3282 3030 3338 rei
3059 3283 3257 3337 ordine
3281 3283 3562 3349 instruxit,

1975 3383 2034 3431 ut
2085 3390 2156 3430 ne
2201 3374 2335 3446 quid
2392 3375 2756 3444 imposterum
2816 3373 2875 3429 in
2928 3373 3173 3429 favorem
3214 3373 3568 3444 imperatoris

1971 3475 2309 3539 proponeret
2334 3467 2464 3523 sibi.
2499 3467 2775 3539 Exiguum
2817 3481 2987 3538 porro
3029 3467 3295 3537 temporis
3328 3466 3567 3537 spatium

1970 3560 2325 3632 interjectum
2355 3560 2481 3627 fuit,
2529 3577 2658 3616 cum
2704 3561 2849 3615 fama
2880 3576 2979 3630 per
3010 3567 3181 3615 totam
3216 3561 3445 3630 Epirum
3510 3568 3568 3615 et

1970 3668 2124 3708 mare
2177 3653 2478 3717 emanavit,
2512 3653 2904 3721 imperatorem
2930 3660 3116 3707 mente
3145 3661 3370 3721 captum
3401 3666 3564 3708 esse:

1968 3744 2117 3813 quod
2151 3743 2352 3798 deinde
2390 3752 2688 3798 consecuta
2735 3757 2889 3796 mors
2936 3750 3024 3797 est
3055 3741 3193 3811 (49);

2046 3834 2165 3889 192.
2204 3832 2439 3888 Oremus
2473 3848 2576 3902 pro
2627 3832 2881 3887 Ecclesia
2932 3832 3303 3896 Antiochena,
3352 3831 3568 3901 inquie.

1968 3925 2062 3979 bat
2095 3924 2393 3994 aliquando
2425 3923 2716 3994 discipulis
2746 3923 2863 3978 suis
2895 3931 3119 3978 sanctus
3147 3922 3382 3993 Symeon
3416 3940 3428 3975 :
3483 3923 3568 3977 vi-

1968 4016 2140 4071 debar
2166 4016 2314 4070 enim
2339 4015 2477 4069 mihi
2500 4015 2713 4073 videre.
2741 4016 3044 4071 antistitem
3064 4015 3214 4069 illius
3231 4014 3566 4069 Domninum

1969 4109 2142 4162 altare
2179 4108 2575 4172 conscendere,
2626 4108 2830 4163 ibidem
2884 4123 2942 4162 se
2980 4107 3275 4168 collocare,
3311 4116 3369 4161 et
3394 4107 3567 4162 veluti

1970 4200 2212 4256 ronchos
2252 4201 2499 4267 ducere;
2533 4209 2724 4272 postea
2771 4216 2905 4255 vero
2930 4199 3057 4254 inde
3107 4197 3469 4263 descendere,
3507 4208 3567 4253 et

1970 4292 2195 4348 dextera
2230 4292 2422 4349 altaris
2464 4300 2621 4363 parte
2647 4291 2977 4356 consistere,
3012 4289 3367 4346 existimante
3422 4287 3569 4345 inte-

1971 4384 2078 4440 rim
2110 4386 2411 4440 astantium
2445 4385 2608 4439 turba
2636 4385 2791 4439 illum
2823 4383 3075 4455 precari;
3121 4382 3316 4437 eodem
3352 4382 3406 4435 in
3445 4382 3570 4436 loco

1971 4492 2141 4548 porro
2195 4477 2373 4548 ipsum
2426 4477 2748 4548 aliquandiu
2802 4484 3274 4548 perseverantem,
3329 4474 3567 4530 dicere:

255 4579 369 4618 νοι.
409 4564 522 4617 Καὶ
549 4563 642 4618 τὸν
675 4565 797 4634 μὲν,
827 4568 892 4636 τῇ
922 4565 1102 4637 τοιᾷδε
1135 4568 1324 4621 στάσει
1363 4568 1525 4639 μέχρι
1564 4569 1712 4633 τινὸς
1744 4571 1864 4623 ἐπι-

1973 4572 2288 4629 Concedam
2338 4573 2406 4629 ad
2457 4574 2724 4629 lectulum
2761 4589 2945 4629 meum
2994 4590 3009 4627 :
3049 4573 3355 4629 monachos
3385 4581 3571 4628 autem

262 4655 555 4727 μείναντα,
580 4658 918 4727 υίχήσομαι,
945 4658 1138 4726 φάναι,
1174 4660 1312 4730 πρὸς
1353 4660 1446 4714 τὸν
1475 4659 1714 4733 ἐμαυτοῦ
1746 4679 1864 4716 κοι-

257 4747 535 4802 τωνίσκον
560 4763 577 4781 ⁸
606 4749 1004 4814 Παλαιστινοὺς
1033 4751 1089 4805 δέ
1123 4770 1279 4817 τινας
1300 4754 1567 4824 μοναχοὺς
1591 4755 1690 4823 τὴν
1714 4753 1864 4808 θείαν

257 4838 581 4893 ἐπιτελέσαι
606 4842 1021 4911 μυσταγωγίαν.
1058 4842 1220 4914 Ἑξῆς
1246 4845 1303 4898 δὲ
1334 4846 1431 4899 καὶ
1458 4845 1556 4917 τὴν
1578 4845 1734 4900 λύσιν
1763 4848 1863 4900 ἐπ-

258 4931 421 5001 ῆγεν,
483 4931 561 4997 ὡς
613 4932 723 5005 ἄρα
777 4934 1094 5007 τελευτήσει
1150 4938 1251 5008 μὲν
1298 4940 1557 5009 Δομνῖνος
1597 4940 1689 4993 τὸν
1726 4940 1860 5010 βίον,

260 5025 503 5096 μοναχδς
550 5025 609 5080 δέ
660 5043 746 5092 τις
801 5027 864 5082 τὸ
915 5029 1073 5098 γένος
1131 5031 1197 5084 ἐκ
1246 5032 1613 5103 Παλαιστίνης
1664 5033 1860 5100 ἕλκων,

336 5209 383 5244 ³⁸
422 5209 591 5266 Mich.
637 5226 720 5277 ιιι,
761 5210 817 5266 6.

1973 4662 2245 4733 quosdam
2292 4679 2361 4720 ex
2410 4664 2702 4720 Palaestina
2761 4671 3179 4720 sacrosanctum
3239 4663 3572 4718 sacriﬁcium

1973 4755 2327 4826 persolvisse.
2347 4755 2556 4812 Deinde
2574 4763 2630 4811 et
2649 4755 3075 4826 explicationem
3096 4754 3328 4809 visionis
3347 4754 3571 4824 adjecit,

1972 4849 2251 4920 quomodo
2273 4865 2474 4920 nempe
2502 4848 2765 4902 ﬁniturus
2789 4848 2960 4902 vitam
3009 4846 3338 4909 Domninus,
3365 4852 3423 4899 et
3459 4860 3574 4897 mo-

1974 4945 2187 4999 nachus
2216 4943 2466 5013 quidam,
2492 4959 2522 4997 e
2548 4941 2838 4996 Palaestina
2867 4955 3042 5012 genus
3073 4939 3304 4998 ducens.
3336 4938 3391 4992 in
3419 4937 3574 4991 thro-

1972 5051 2106 5090 num
2151 5034 2304 5090 illius
2351 5033 2701 5090 inducendus
2744 5043 2911 5089 esset.
2944 5031 3102 5099 Quod
3152 5045 3263 5085 non
3312 5029 3408 5085 diu
3452 5037 3575 5100 post

336 5369 453 5445 (ῃ)
512 5368 597 5424 Ea:
653 5369 860 5438 Sophia
893 5370 1116 5445 c_onj_uge
1161 5369 1363 5445 Justini
1404 5370 1578 5445 ﬁliam
1606 5374 1852 5445 _unicam
1958 5372 2220 5429 Baduarii
2260 5391 2480 5429 uxorem
2522 5391 2850 5445 anonymam
2909 5373 3229 5445 relinquere,
3263 5380 3311 5424 et
3363 5370 3572 5445 Arabia:
3646 5436 3647 5443 γ

261 5438 865 5513 ᾼτερνίαιῃηαθῃοεοιιηι
896 5438 1133 5513 Codin'us
1161 5443 1382 5512 atiique,
1404 5438 1566 5512 Vapud
1590 5441 1854 5513 Cangium

262 5511 320 5585 in
349 5507 965 5585 Eamiliis_'Byzantinis,
1015 5507 1399 5585 conjectantem
1440 5507 1576 5567 lianc
1603 5507 1857 5585 esse'qua:

260 5577 540 5652 Qaduario
569 5577 764 5652 juncta
797 5590 914 5637 erat
942 5599 1064 5636 cum
1107 5577 1182 5637 'ad
1224 5584 1509 5652 imperium
1550 5577 1858 5638 evvherétur

262 5647 506 5724 Iustinus
523 5647 757 5724 {quare
802 5652 1085 5724 hicillumj
1112 5654 1212 5708 sibi
1256 5647 1379 5708 mox
1423 5656 1479 5708 in
1514 5652 1859 5724 CurOpalatw

266 5719 442 5795 locum
472 5722 783 5795 substituit:
817 5723 910 5795 sed
935 5725 1030 5778 hoc
1065 5722 1177 5777 loco
1203 5724 1410 5779 videtur
1453 5724 1540 5795 agi
1582 5719 1862 5795 ((e'puella

267 5788 742 5864 udjltucrimmpta,
780 5794 933 5864 cujus
980 5795 1235 5864 memoria
1286 5795 1344 5848 in
1383 5788 1507 5848 hac'
1526 5788 1701 5848 solum
1750 5795 1862 5849 Vita

268 5863 518 5932 supersit,
576 5880 765 5919 nomen
815 5872 991 5919 autem
1029 5863 1216 5919 oblivio
1263 5865 1531 5932 sepelivit;
1580 5866 1682 5919 nisi
1708 5865 1864 5921 malis

1963 5445 2133 5499 adhuc
2154 5447 2393 5515 innuptae
2423 5442 2864 5515 statuamvfuisse,
2895 5461 3011 5515 qum
3036 5442 3083 5498 ei
3109 5442 3571 5515 Constantinopoli

1965 5532 2073 5571 una
2114 5533 2232 5570 cum
2265 5514 2548 5585 parentum
2588 5514 2779 5570 statuis
2823 5514 2993 5585 posita
3033 5531 3148 5568 esse
3181 5514 3451 5568 scribitur.

2037 5585 2148 5656 (48)
2180 5583 2647 5658 Ἐγγαστρίμυθοι
2689 5588 2746 5658 in
2791 5583 3011 5640 decretis
3058 5585 3312 5658 gratiam
3352 5583 3568 5638 ventri-

1970 5655 2145 5727 loqui,
2202 5657 2259 5711 in
2301 5655 2591 5728 Scripturis
2629 5657 2910 5730 Pythones
2957 5672 3019 5711 ac
3058 5655 3417 5730 Pythonissaz,
3480 5668 3574 5724 per

1972 5744 2224 5800 quorum_
2245 5727 2481 5800 ventrem
2516 5727 2724 5783 dtemo'n
2771 5745 3023 5800 responsa
3053 5727 3180 5780 edit.

2046 5799 2155 5869 (-19)
2188 5798 2328 5857 Obiit
2366 5798 2613 5855 Justinus
2660 5816 2801 5855 anno
2838 5794 2963 5866 578,
3013 5812 3190 5852 mense
3233 5794 3467 5854 Octobri.
