4018 6384
521 398 666 466 3163

1729 393 1787 452 S.
1832 385 2209 448 S‘YMEONlS
2247 383 2608 444 JUNlORIS

3644 379 3786 451 31M

526 508 858 573 completum
891 515 997 564 est.
1052 520 1199 567 cum,
1234 502 1510 557 Domnino
1538 502 1650 555 vita
1704 499 1915 559 iuncto,
1963 494 2090 549 Ana

2210 492 2290 553 εἰς
2352 490 2443 541 τὸν
2503 488 2710 542 ἐκείνου
2762 486 2951 558 θρόνον
3006 488 3461 559 ἀνενεχθήσεταιο
3504 488 3639 561 ὅπερ
3685 491 3787 545 οὐκ

529 601 732 657 stasius
764 599 986 669 quidam
1020 597 1342 653 Palasstinus
1360 608 1590 649 vacuam
1618 592 1805 693 sedem
1835 603 2105 644 conscen-

529 692 611 747 dit
658 690 792 763 (so).

599 865 720 923 193.
763 863 1030 919 Militabat
1061 861 1248 918 Persis
1291 861 1551 916 tribunus
1598 859 1844 930 quidam,
1877 856 2106 912 Almon-

527 956 694 1013 darns
752 955 1024 1011 vocabulo
1080 953 1238 1025 (5i),
1293 952 1564 1025 religione
1619 950 1876 1023 gentilis,
1941 964 2102 1003 manu

526 1056 806 1112 strenuus,
844 1045 1093 1116 corporis
1141 1046 1287 1101 mole
1336 1044 1651 1116 gigantibus
1686 1043 1803 1097 fere
1841 1039 2102 1111 :equalis:

523 1139 593 1194 de
630 1154 743 1209 quo
786 1138 1057 1209 propheta
1088 1139 1258 1194 Amos
1297 1137 1527 1205 dixisset
1580 1152 1593 1189 :
1624 1133 1777 1200 Quod
1823 1145 1938 1188 erat
1973 1133 2105 1187 sicut

523 1227 750 1283 altitudo
792 1229 934 1283 cedri
969 1228 1269 1283 sublimitas
1315 1228 1451 1297 ejus,
1498 1234 1547 1280 et
1596 1225 1745 1295 fortis
1787 1231 1902 1278 erat
1953 1222 2106 1292 quasi

522 1335 743 1390 quercus
790 1320 856 1375 ³⁸.
911 1319 1014 1375 Hic
1066 1321 1442 1375 Romanorum
1482 1325 1657 1371 terras
1689 1313 2102 1370 continentibus

521 1410 961 1482 depopulabatur
994 1410 1435 1473 incursionibus,
1488 1422 1599 1462 non
1641 1406 1800 1461 aliter
1846 1420 2011 1475 quam
2057 1404 2103 1458 si

520 1502 695 1556 aleam
739 1519 934 1573 pugnae
983 1519 1108 1558 cum
1168 1501 1405 1557 barbaro
1460 1497 1866 1553 committenda!
1916 1496 2105 1552 subire

520 1592 710 1647 nullus
740 1605 927 1662 posset
956 1611 969 1647 :
999 1599 1269 1662 quotquot
1299 1598 1481 1646 autem
1516 1590 1762 1658 captivos
1788 1587 2106 1642 abduxisset

518 1678 888 1743 Christianos,
921 1681 1069 1737 nulla
1125 1680 1344 1734 illorum
1391 1685 1569 1733 tactus
1601 1674 2100 1739 commiseratione,

519 1771 916 1827 crudelissimis
937 1773 1247 1841 quibusque
1271 1771 1561 1825 tormentis
1582 1768 1869 1824 enecabat.
1884 1767 2104 1822 Invase-

517 1868 604 1916 rat
654 1871 838 1917 autem
880 1879 979 1932 per
1012 1862 1148 1916 illud
1194 1870 1414 1930 tempus
1441 1876 1566 1914 cum
1620 1859 1820 1914 infesto
1852 1859 2099 1914 exercitu

517 1953 824 2008 Romanum
873 1954 1205 2024 imperium;
1249 1964 1441 2007 contra
1487 1967 1614 2006 eum
1649 1968 1784 2007 vero
1827 1951 2101 2006 educebat

515 2043 703 2114 copias
731 2060 977 2100 summus
1007 2046 1379 2100 Romanorum
1407 2044 1519 2099 dux
1546 2045 1782 2099 Arethas
1810 2043 1943 2113 (δὲ).
1973 2042 2102 2098 0m-

515 2135 604 2189 nis
626 2128 797 2204 igitur
826 2136 979 2206 plaga
1020 2136 1312 2194 orientalis
1353 2138 1670 2194 vehementi
1714 2145 1864 2190 metu
1898 2145 2099 2190 aestua-

516 2224 658 2280 bat:
702 2235 760 2281 at
792 2226 1049 2299 Symeoni
1092 2231 1214 2286 talis
1242 2212 1493 2301 quasdam
1544 2231 1685 2285 visio
1723 2238 1945 2284 ostensa
1992 2236 2095 2294 est,

515 2318 977 2387 quemadmodum
1017 2320 1088 2381 ab
1134 2338 1230 2377 ore
1259 2322 1434 2392 ipsius
1459 2337 1727 2391 excepere
1761 2321 2040 2390 discipuli.

586 2406 709 2460 194.
757 2406 990 2462 Putabat
1047 2408 1102 2463 in
1132 2410 1390 2479 exiguum
1443 2410 1735 2481 quemdam
1776 2409 1993 2471 collem,
2042 2407 2098 2462 in

514 2496 769 2552 confiniis
800 2498 1034 2553 Romani
1084 2502 1399 2572 Persicique
1448 2502 1691 2572 imperii,
1740 2500 1982 2555 delatum
2017 2516 2097 2565 se,

512 2589 816 2644 consistere
851 2591 903 2644 in
939 2592 1119 2647 media
1164 2593 1256 2648 illa
1289 2596 1433 2661 acie,
1474 2608 1639 2665 quam
1686 2609 1785 2663 pro
1838 2593 2100 2647 Romanis

514 2680 749 2737 Arethas
797 2682 1054 2739 ducebat.
1102 2685 1179 2739 Ex
1215 2686 1452 2742 adverso
1484 2685 1781 2741 invadebat
1805 2700 1930 2739 eum
1972 2700 2098 2739 cum

512 2772 853 2828 Almundaro
894 2774 1259 2831 barbarorum
1298 2777 1459 2832 turba
1498 2786 1605 2832 tam
1657 2776 2095 2841 innumerabilis,

517 2872 575 2915 ut
614 2864 918 2917 exercitum
952 2864 1172 2920 Aretha:
1216 2864 1335 2919 viso
1366 2873 1577 2919 tantum
1624 2864 1783 2919 hoste
1830 2872 2010 2919 metus
2043 2863 2097 2918 in

2208 582 2288 643 εἰς
2342 581 2559 652 μακρὰν
2612 580 2918 650 ἠκολούθει,
2969 580 3064 634 καὶ
3094 580 3353 651 Δομνίνου
3383 581 3473 634 τὸν
3511 580 3623 651 βίον
3647 584 3787 637 ἀπο-

2206 671 2474 733 λιπόντος,
2518 669 2869 735 Ἀναστάσιός
2897 688 2981 734 τις
3016 669 3369 734 Παλαιστινδς
3403 670 3788 727 ὲπιϐαίνειτοῦ

2206 763 2418 834 θρόνου.
3116 791 3131 799 ι

2280 853 2420 925 ρί.,γ’.
2447 850 2556 908 Ἦν
2588 870 2673 917 τις
2701 852 2973 925 φύλαρχος
3008 854 3158 925 παρὰ
3188 854 3452 925 Πέρσαις,
3477 856 3613 925 ἀνὴρ
3642 857 3792 911 κατὰ

2206 950 2363 1018 χεῖρα
2400 946 2669 1014 γενναῖος,
2715 944 3117 1016 ’Δλμούνδαρος
3161 946 3356 1015 ὄνομα,
3394 947 3494 1017 τὴν
3522 947 3621 1016 μὲν
3647 946 3790 1018 θρη-

2208 1038 2395 1091 σκείαν
2428 1035 2651 1106 Ἕλλην,
2679 1036 2740 1089 τὸ
2760 1035 2816 1089 δὲ
2842 1036 2938 1089 τοῦ
2972 1038 3225 1105 σώματος
3258 1036 3487 1106 μέγεθος
3514 1039 3794 1105 γιγάντων

2204 1130 2263 1182 ού
2303 1128 2435 1182 πολὺ
2464 1116 2786 1198 λειπόμενος
2806 1144 2820 1158 ο
2853 1123 2936 1183 Οὗ
2962 1123 3043 1197 ἦν
3069 1127 3262 1192 καθὼς
3292 1127 3452 1195 ὕψος
3477 1127 3691 1194 κέδρου
3718 1129 3789 1182 τὸ

2204 1221 2364 1289 ὕψος
2412 1220 2621 1284 αὐτοῦ,
2664 1221 2761 1273 καὶ
2803 1218 3055 1289 ἰσχυρὸς
3096 1213 3176 1288 ἥν
3210 1217 3292 1284 ὡς
3321 1217 3488 1287 δρῦς,
3522 1219 3666 1273 εἴποι
3718 1221 3789 1274 ἂν

2217 1308 2399 1381 Ἀμὼς
2438 1311 2525 1363 ἐπ’
2554 1309 2725 1380 αὐτῷ.
2765 1311 2859 1373 Ὃς
2888 1307 2989 1379 τὴν
3024 1308 3313 1379 Ῥωμαίων
3346 1293 3586 1380 συνεχῶς
3613 1327 3789 1363 κατα-

2204 1400 2434 1469 τρέχων,
2474 1395 2562 1452 οἶα
2625 1398 2750 1468 μηδ’
2801 1398 2881 1460 είς
2923 1396 3161 1466 πόλεμον
3201 1396 3657 1468 ἀντικαταστῆναι
3705 1399 3791 1471 τῷ

2207 1490 2466 1561 βαρϐάρῳ
2494 1487 2638 1553 τινὸς
2669 1487 2909 1559 εὐχερῶς
2936 1487 3258 1559 δυναμένου,
3293 1487 3387 1552 οὓς
3415 1490 3483 1543 ἂν
3505 1490 3792 1561 αἰχμαλὼ-

2203 1599 2331 1644 τους
2362 1580 2515 1634 λάϐοι
2570 1579 2934 1651 Χριστιανῶν,
2981 1580 3172 1635 οὐδένα
3200 1581 3332 1651 περὶ
3368 1580 3565 1642 αὐτοὺς
3601 1577 3789 1636 οἶκτον

2205 1672 2341 1744 ᾔδει,
2376 1672 2514 1725 ἀλλὰ
2549 1675 2619 1726 τὰ
2648 1672 2862 1725 πάντων
2903 1670 3162 1741 ὠμότατα
3213 1670 3364 1742 ἔδρα.
3412 1664 3582 1736 Οὗτος
3627 1670 3794 1741 βαρεῖ

2202 1761 2505 1833 τηνικαῦτα
2552 1761 2767 1834 στρατῷ
2794 1765 2858 1833 τῇ
2904 1762 3188 1829 Ῥωμαίων
3226 1763 3418 1834 emin-
3445 1763 3793 1832 ἀντεπεξῆγε

2202 1856 2260 1911 δὲ
2288 1857 2386 1918 τὰς
2404 1855 2667 1924 δυνάμεις
2695 1853 2842 1922 αὐτῷ
2869 1853 2963 1906 καὶ
3004 1852 3254 1924 ’Δρέθας,
3293 1853 3352 1917 ὃς
3392 1855 3458 1923 τῇ
3499 1850 3793 1924 Ῥωμαίων

2205 1948 2434 2018 στρατιᾷ
2481 1946 2552 2000 τὰ
2608 1945 2799 2015 πρῶτα
2847 1946 3097 2000 τέτακτο.
3144 1945 3207 2000 Ἤ
3249 1945 3349 2015 μὲν
3390 1940 3482 1999 οὖν
3526 1946 3795 2018 Ἀνατολὴ

2204 2037 2353 2089 πᾶσα
2380 2036 2566 2097 δεινῶς
2588 2034 2693 2087 ὑπὸ
2712 2034 2863 2098 δέους
2887 2034 3113 2088 ἐσείετο·
3137 2033 3216 2105 τῷ
3236 2033 3293 2087 δὲ
3318 2034 3544 2105 Συμεὼν
3559 2035 3793 2106 τοιαύτη

2202 2143 2286 2189 τις
2316 2126 2595 2191 ἐδείκνυτο
2619 2125 2764 2197 ὄψις,
2793 2125 2870 2190 ὡς
2898 2125 3058 2190 αὐτὸς
3084 2126 3338 2195 τηνικάδε
3367 2129 3478 2191 τοῖς
3513 2127 3793 2199 μαθηταῖς

2203 2215 2473 2286 ἐξηγεῖτο.

2278 2310 2411 2379 ρι,δ’.
2431 2308 2635 2362 Ἐδόκει
2666 2307 2922 2377 καθάπερ
2941 2306 3135 2360 ἑαυτὸν
3161 2308 3253 2362 ἐπί
3284 2324 3427 2372 τινος
3459 2308 3621 2378 λόφου
3655 2308 3793 2380 βρα-

2204 2399 2329 2470 χὲος
2365 2401 2423 2453 ὲν
2450 2397 2687 2469 μεθορίῳ
2710 2397 2935 2468 Περσῶν
2954 2415 3014 2451 τε
3039 2400 3134 2453 καὶ
3155 2399 3446 2470 Ῥωμαίων
3481 2402 3795 2471 γεγενημέ⁹

2202 2510 2292 2548 νον
2319 2493 2473 2562 όρᾷν,
2508 2491 2602 2545 καὶ
2635 2491 2711 2555 ὡς
2740 2489 2883 2544 κατὰ
2909 2492 3081 2563 μέσην
3110 2490 3208 2563 τὴν
3232 2493 3582 2564 παρεμϐολὴν
3609 2494 3789 2560 ἑστὼς

2201 2586 2309 2655 εἴη,
2350 2580 2419 2656 ἦς
2455 2585 2723 2654 ἀφηγεῖτο
2752 2583 3047 2652 Ῥωμαίοις
3096 2584 3362 2655 Ἀρέθας⁶
3423 2588 3682 2658 ἀντεπῄει
3729 2588 3794 2643 δὲ

2202 2679 2299 2732 σὺν
2314 2677 2691 2748 Ἀλμουνδάρῳ
2713 2675 3004 2747 βαρϐάρων
3026 2676 3230 2748 πλῆθος
3258 2679 3493 2749 ἀριθμοῦ
3514 2682 3794 2751 κρεῖττον,

2201 2770 2295 2825 καὶ
2309 2769 2389 2823 ὅτι
2410 2769 2507 2841 τὴν
2528 2771 2630 2840 μὲν
2650 2770 2741 2824 ὑπ’
2758 2764 2957 2840 Ἀρέθα
2984 2770 3249 2841 στρατιὰν
3267 2772 3364 2825 καὶ
3382 2774 3528 2844 μόνῳ
3548 2772 3626 2844 τῷ
3653 2774 3795 2827 ἰδεῖν

2198 2861 2316 2924 δέος
2341 2857 2506 2916 εἷλεν.
2548 2859 2636 2925 Ὦς
2670 2861 2727 2915 δὲ
2762 2861 2857 2916 καὶ
2904 2863 2985 2925 είς
3025 2862 3344 2934 συμπλοκὴν
3387 2863 3488 2933 ἤδη
3534 2865 3629 2918 καὶ
3664 2868 3798 2936 χεῖ·-

509 2951 691 3024 fugam
722 2970 894 3025 prope
925 2956 1247 3025 coniecerit.
1296 2955 1433 3011 Cum
1481 2965 1662 3010 autem
1703 2957 1771 3011 ad
1818 2972 2012 3011 manus
2043 2966 2090 3012 el

2203 2969 2301 3023 ρας
2338 2947 2523 3023 ἦλθον,
2568 2951 2624 3005 οἵ
2641 2969 2701 3004 τε
2737 2954 2866 3023 περὶ
2913 2952 3143 3023 ’Ᾱρέθαν
3194 2953 3293 3024 οὐχ
3329 2955 3625 3022 ὑφίσταντο
3677 2956 3794 3028 τὴν

508 3056 746 3113 pugnam
771 3053 1099 3113 perventum
1122 3053 1290 3107 esset,
1315 3046 1693 3115 Arethanique
1722 3062 1835 3100 non
1855 3046 2094 3101 sustine-

2212 3042 2610 3113 Ἀλμουνδάρου
2641 3043 2838 3114 ὁρμὴν,
2869 3042 3027 3114 θυμῷ
3056 3044 3254 3114 μᾶλλον
3280 3046 3311 3116 ἢ
3342 3044 3585 3117 λογισμῷ
3611 3065 3793 3120 μαχο-

518 3141 642 3187 rent
673 3133 937 3202 impetum
969 3134 1312 3197 Almundari,
1344 3134 1425 3189 ira
1457 3136 1644 3204 potius
1667 3151 1835 3205 quam
1883 3135 2090 3191 ratione

2203 3134 2388 3203 μένου·
2427 3135 2622 3204 Ἐστη,
2646 3135 2802 3203 φησὶ,
2832 3135 3059 3205 Πνεῦμα
3082 3135 3361 3207 δυνάμεως
3398 3138 3629 3193 ἐνώπιόν
3650 3157 3790 3210 μου,

508 3224 803 3294 pugnantis
833 3241 847 3277 :
878 3223 1063 3290 Stetit,
1099 3225 1196 3291 ait,
1227 3225 1458 3296 spiritus
1483 3227 1767 3297 angelieus
1807 3238 1934 3281 ante
1980 3242 2090 3292 me,

511 3315 746 3385 ignitum
773 3316 994 3385 globum
1025 3326 1256 3372 tenens:
1289 3332 1485 3386 meque
1519 3317 1777 3372 ardenter
1809 3325 2092 3386 precante,

508 3408 745 3478 proiecit
774 3406 827 3461 in
856 3418 1022 3478 caput
1054 3408 1301 3473 barbari,
1324 3418 1382 3464 et
1409 3409 1559 3464 dicto
1580 3410 1750 3465 citius
1768 3409 2091 3479 iactantiam

509 3499 659 3555 illius
694 3501 978 3570 repressit.
1006 3500 1082 3555 De
1138 3508 1339 3555 caetero
1387 3500 1580 3571 igitur,
1638 3499 1734 3555 ﬁlii
1784 3514 1867 3569 ac,
1897 3498 2093 3555 fratres

508 3592 639 3656 mei,
672 3591 877 3647 hilares
896 3601 1104 3657 estote;
1139 3592 1401 3662 quoniam
1433 3608 1464 3647 a
1494 3593 1610 3647 Deo
1641 3592 1809 3647 hodie
1864 3592 2092 3648 libertas

505 3680 717 3740 Orienti
758 3684 972 3738 reddita
1002 3692 1105 3739 est.
1153 3683 1281 3740 Haec
1308 3684 1479 3739 aviro
1512 3684 1609 3738 Dei
1653 3683 1801 3737 dicta
1848 3682 2087 3749 inerant,

504 3788 630 3829 cum
662 3773 1003 3843 interpositis
1036 3773 1241 3828 diebus
1268 3774 1521 3843 pauculis
1557 3773 1755 3827 allatus
1791 3782 1875 3826 est
1897 3772 2089 3827 Antio-

504 3865 627 3921 chia
655 3865 868 3920 faustus
888 3865 1148 3920 nuntius:
1183 3881 1349 3935 quem
1383 3864 1640 3934 discipuli
1667 3880 1791 3919 cum
1823 3864 2085 3920 vaticinio

507 3954 795 4027 Symeonis
809 3956 1183 4019 conferentes,
1206 3965 1599 4026 compererunt
1612 3957 1803 4011 eodem
1819 3966 2087 4027 tempore,

503 4061 615 4101 non
638 4046 802 4101 modo
825 4046 958 4111 diei,
987 4047 1083 4102 sed
1116 4046 1281 4101 etiam
1310 4046 1483 4111 horae,
1512 4062 1624 4117 quo
1649 4046 1916 4117 prmdicta
1965 4048 2088 4103 fue-

505 4143 649 4199 rant,
682 4137 774 4192 illa
802 4139 1125 4209 contigisse.
1154 4138 1363 4195 Deinde
1395 4138 1605 4195 milites
1647 4154 1868 4209 quoque
1894 4154 1924 4193 e
1950 4154 2087 4193 con-

504 4224 657 4283 ﬂictu
681 4227 750 4282 ad
778 4228 958 4298 ipsum
993 4238 1290 4292 venerunt,
1322 4245 1447 4300 quae
1471 4229 1542 4285 de
1583 4229 1724 4285 colle
1776 4245 1844 4285 ac
1883 4229 2087 4286 Barba-

500 4332 688 4372 rorum
709 4318 1003 4375 invasione
1028 4320 1193 4376 modo
1215 4320 1475 4385 diximus,
1510 4320 1930 4387 confirmantes;
1976 4322 2088 4378 imo

497 4408 665 4463 etiam
694 4409 962 4476 dicentes,
978 4412 1132 4481 quod
1152 4414 1512 4483 conspicuum
1543 4427 1573 4465 a
1619 4412 1731 4467 Deo
1777 4413 2084 4469 subsidium

2200 3226 2371 3297 πυρὸς
2402 3228 2638 3297 σφαῖραν
2665 3226 3005 3299 διακατέχονο
3037 3229 3130 3282 καὶ
3156 3228 3376 3299 θερμῶς
3404 3230 3539 3300 ἐμοῦ
3562 3232 3794 3301 δεηθέν-

2196 3335 2311 3382 τος,
2336 3316 2560 3389 έρῤιψεν
2590 3318 2896 3388 αύτὴνιιέπὶ
2940 3318 3183 3389 κεφαλὴν
3217 3320 3405 3385 αὐτοῦ,
3451 3323 3545 3375 καὶ
3579 3321 3793 3378 αὐτίκα

2195 3407 2289 3460 τὸν
2325 3405 2562 3470 ἀλαζόνα
2593 3407 3022 3477 καταϐεϐλήκει.
3053 3408 3324 3481 Εύθυμεῖν
3347 3411 3636 3480 τοιγαροῦν
3668 3411 3791 3466 λοι·

2196 3497 2319 3564 πὸν,
2349 3491 2393 3551 ὦ
2422 3497 2587 3552 τέκνα
2617 3499 2714 3553 καὶ
2739 3498 2983 3569 ἀδελφοὶ,
3013 3500 3088 3564 ὡς
3110 3503 3176 3570 τῇ
3202 3501 3339 3571 πρὸς
3365 3503 3438 3556 ἕω
3468 3504 3617 3574 παρά
3641 3505 3787 3560 Θεοῦ

2197 3592 2441 3661 σήμερον
2484 3591 2799 3661 ἐλευθερίας
2833 3595 3230 3667 γεγενημένης.
3273 3596 3477 3667 Είρητο
3509 3595 3589 3669 τῷ
3622 3598 3787 3670 ἀνδρὶ

2192 3681 2389 3748 ταῦτα,
2420 3684 2516 3736 καὶ
2547 3683 2745 3753 ὀλίγων
2776 3684 3001 3754 ἡμερῶν
3030 3686 3160 3739 εἴσω
3191 3686 3504 3755 ἀφικνεῖται
3541 3692 3609 3758 τῇ
3653 3688 3785 3742 Ἀν-

2193 3774 2407 3846 τιοχείᾳ
2449 3774 2518 3828 τὰ
2545 3774 2862 3844 εὐαγγέλια,
2902 3775 2939 3829 ὃ.
2963 3778 3075 3839 τοῖς
3099 3777 3202 3829 ὑπὸ
3233 3776 3327 3831 τοῦ
3366 3778 3514 3832 ὁσίου
3555 3781 3792 3849 Συμεὼν

2192 3863 2508 3934 εἰρημένοις
2556 3866 2607 3918 οἱ
2653 3865 2780 3937 περὶ
2810 3866 2972 3919 αὑτὸν
3004 3866 3395 3937 συμϐαλόντες,
3437 3862 3595 3941 εὗρον
3636 3873 3793 3926 κατὰ

2192 3954 2405 4019 ταυτὸν,
2441 3956 2502 4009 ού
2541 3957 2637 4029 τῆς
2667 3956 2882 4027 ἡμέρας
2930 3957 3110 4026 μόνον,
3144 3958 3283 4012 ἀλλὰ
3323 3960 3418 4012 καὶ
3447 3961 3621 4030 ὥρας,
3654 3966 3787 4016 καθ’

2189 4047 2258 4118 ἢν
2310 4046 2482 4101 ταῦτα
2535 4050 2882 4120 προειρήκει,
2922 4050 3286 4121 γεγενημένα.
3331 4051 3562 4107 Ἔπειτα
3594 4054 3791 4122 μέντοι

2192 4139 2289 4193 καλ⁵
2322 4139 2652 4211 στρατιῶται
2688 4140 2823 4211 παρ’
2842 4141 3005 4195 αὐτὸν
3031 4144 3093 4196 ὲκ
3123 4142 3221 4197 τοῦ
3254 4143 3493 4214 πολέμου
3525 4146 3785 4213 φοιτῶσι,

2190 4232 2261 4286 τά
2292 4249 2354 4285 τε
2392 4233 2523 4302 περὶ
2548 4231 2644 4286 τοῦ
2676 4232 2836 4303 λόγου
2862 4220 2958 4287 καὶ
2984 4235 3082 4305 τῆς
3109 4235 3218 4289 τῶν
3247 4236 3539 4307 βαρϐάρων
3570 4239 3788 4306 συμϐο-

2191 4322 2291 4392 λῆς
2319 4321 2779 4390 ἀπαγγέλλοντες,
2804 4323 2900 4377 καὶ
2928 4324 3010 4378 δτι
3037 4326 3278 4395 φανερᾶς
3305 4325 3519 4395 τύχοιεν
3548 4327 3612 4378 ὲκ
3638 4327 3790 4380 Θεοῦ

2196 4415 2369 4487 ῥοπῆς
2423 4417 2560 4486 πρὸς
2614 4416 2714 4487 τὴν
2752 4417 2847 4471 τοῦ
2905 4417 3181 4490 βαρϐάρου
3223 4418 3608 4489 καταστροφὴν
3658 4423 3793 4483 ταῖς

500 4500 568 4556 ad
638 4503 967 4558 evertendos
1030 4504 1218 4559 hostes
1266 4504 1414 4558 nacti
1472 4501 1705 4557 fuissent
1755 4518 1854 4572 per
1910 4508 2082 4561 sancti

2203 4503 2400 4556 ἐκείνου
2436 4506 2779 4574 πρεσϐείαις,
2812 4505 2861 4559 οἳ
2892 4506 2987 4559 καὶ
3018 4506 3362 4577 παρέμειναν
3395 4507 3546 4579 αὐτῷ
3569 4508 3659 4562 διὰ
3696 4514 3793 4563 τέ-

498 4590 787 4662 Symeonis
813 4592 1266 4648 intercessionem
1292 4592 1408 4645 :cui
1435 4591 1539 4656 ipsi
1570 4605 1791 4660 quoque
1822 4593 1888 4646 ad
1915 4609 2087 4663 usque

2194 4593 2340 4656 λους,
2381 4592 2537 4656 ὅλους
2569 4594 2793 4657 ἑαυτοὺς
2829 4594 3098 4666 τοσαύτης
3127 4594 3459 4667 χαριστήρια
3503 4595 3789 4666 σωτηρίας

501 4683 795 4738 terminum
836 4686 967 4740 vita:
1020 4684 1397 4748 adhaeserunt,
1452 4698 1510 4736 se
1562 4682 1710 4751 ipsos
1740 4684 2090 4753 gratitudinis

2203 4686 2673 4757 προσενεγκόντες.

482 4790 628 4845 ergo
661 4791 762 4845 pro
798 4777 1034 4831 obtenta
1066 4777 1248 4830 salute
1281 4774 1600 4829 oll‘erentes.

568 4866 690 4923 195.
719 4868 1099 4923 Antiochenus
1120 4865 1365 4935 quidam,
1396 4866 1482 4921 cui
1509 4865 1837 4923 Theodorus
1860 4884 2086 4933 nomen,

500 4973 531 5011 a
563 4958 882 5028 pernicioso
925 4957 1176 5013 daemone
1225 4956 1490 5023 insessus,
1543 4974 1667 5013 cum
1724 4959 1790 5014 ad
1835 4968 2086 5015 sanctum

577 5094 622 5127 ³⁸
657 5095 826 5150 Amos
858 5110 916 5158 ιι,
958 5064 1015 5149 9.

566 5202 678 5275 (50)
697 5201 852 5275 Anno
879 5201 1001 5265 559,
1025 5202 1147 5256 obiit
1177 5202 1486 5275 Domninus,
1504 5206 1664 5275 juxta
1689 5205 1897 5260 tabulas
1916 5206 2079 5260 Theo~

496 5273 659 5343 phani
695 5273 942 5335 insertas,
978 5288 1097 5325 cum
1126 5274 1421 5343 prazfuisset
1456 5273 1625 5329 annos
1657 5277 1863 5340 M;sed
1891 5278 2081 5329 harum

496 5342 820 5417 tabularum
844 5358 1007 5417 quam
1033 5345 1103 5396 sit
1127 5342 1334 5398 incerta
1361 5344 1492 5412 ﬁdes
1513 5345 1748 5400 diximus
1774 5348 1828 5400 in
1854 5346 2079 5417 Exegesi

505 5411 824 5484 particulari
841 5413 931 5484 _de
962 5429 1022 5467 eo
1050 5411 1382 5484 argumento,
1415 5423 1537 5468 ante
1553 5424 1754 5470 tomum
1784 5418 1818 5471 5
1854 5411 2039 5470 Martii
2062 5434 2080 5470 :

494 5483 510 5531 i
517 5483 708 5536 nterim
719 5481 850 5535 nihil
860 5484 1085 5537 occurrit
1108 5481 1246 5538 unde
1264 5501 1337 5538 etv
1358 5487 1438 5539 hic
1454 5487 1834 5539 convincuntur
1854 5502 2078 5552 errasse,

494 5560 543 5603 et
573 5553 999 5625 ordo‘temporis
1049 5556 1179 5609 satis
1227 5557 1450 5609 cohwret
1486 5571 1604 5609 cum
1634 5557 1733 5609 hac
1762 5555 1900 5610 Vita.

508 5680 526 5696 ᾖ
564 5620 677 5693 (Si)
707 5620 872 5678 Notus
925 5625 1141 5696 quidam
1177 5624 1599 5696 Alamundarus,
1651 5642 1755 5679 non
1814 5627 2069 5681 tribunus

500 5689 805 5767 Persarum,
830 5696 922 5749 sed
936 5689 1167 5767 regulus
1191 5695 1609 5767 Saracenorum,
1637 5698 1725 5767 qui
1760 5713 1855 5767 pro
1894 5696 2068 5752 Persis

500 5714 805 5759 rersarum,
830 5714 919 5749 sea
945 5714 1167 5765 regulus
1191 5714 1609 5758 aaracenorum,
1674 5714 1725 5749 ut
1760 5714 1855 5767 pro
1894 5714 2068 5752 Persis

494 5770 688 5839 {antra
711 5762 975 5839 Romanos
1001 5764 1249 5839 militavit
1280 5765 1594 5835 temporibus
1623 5714 1934 5839 Iustiniani.
1968 5766 2069 5821 Sed

497 5829 645 5886 illum
668 5834 750 5888 hic
790 5853 890 5888 mm
919 5835 1143 5905 intelligi
1174 5829 1680 5905 putemfpropteren
1709 5836 1847 5905 quod
1885 5848 2069 5891 auctor

2265 4869 2401 4934 ριιεκ
2476 4864 2783 4935 Ἀντιοχεύς
2836 4884 2917 4929 τις
2975 4866 3249 4937 Θεόδωρος
3292 4869 3505 4941 ὄνομα,
3555 4871 3781 4940 δαίμονι

2186 4956 2416 5026 ὀλεθρίῳ
2456 4956 2911 5027 κατειλημμένος,
2944 4960 3093 5030 παρᾶ
3146 4961 3237 5014 τὸν
3272 4960 3460 5030 ’Ἂγιον
3507 4960 3777 5028 ἀνελθὼν,

2188 5213 2365 5260 noster
2386 5206 2669 5278 imperium
2694 5206 2986 5278 Iustiniani
2996 5208 3113 5276 jam
3139 5216 3499 5278 transgressus
3524 5210 3611 5264 sit.
3638 5208 3780 5264 Fue-

2190 5278 2258 5349 rit
2277 5292 2400 5349 ergo
2420 5277 2583 5349 alius,
2606 5277 2790 5349 eodem
2824 5293 3007 5349 revera
3038 5281 3246 5349 nomine
3271 5277 3572 5349 appellatus
3598 5297 3617 5334 :
3643 5296 3779 5336 nam

2187 5347 2243 5419 in
2275 5346 2552 5419 referenda
2598 5347 2917 5419 irruptione,
2947 5345 3130 5419 Syriae
3177 5356 3226 5401 et
3260 5345 3552 5419 Antiochia:
3585 5354 3776 5419 perni-

2187 5418 2453 5489 ciosaade
2491 5433 2596 5487 qua
2632 5418 2715 5489 hic
2742 5417 2847 5489 _agi
2870 5416 3078 5489 videtur
3112 5434 3334 5489 quisque
3358 5418 3564 5473 locatur
3585 5416 3771 5476 Baro-

2188 5488 2275 5540 nio
2305 5486 2376 5541 ad
2419 5486 2621 5541 annum
2658 5486 2783 5550 574,
2816 5502 2919 5539 non
2946 5487 3079 5541 satis
3118 5486 3325 5542 constat
3358 5490 3499 5542 inter
3526 5498 3772 5545 auctores

2178 5556 2255 5628 de
2282 5558 2495 5611 nomine
2540 5559 2755 5628 praprio
2811 5555 3051 5628 Doctoris
3084 5556 3400 5628 Persarum
3448 5576 3466 5613 :
3504 5558 3770 5628 Euagrius

2177 5625 2601 5698 Adaarmanem,
2641 5625 2915 5698 Cedrenus
2946 5626 3288 5698 Artabanum
3324 5628 3622 5698 appellant,

2247 5698 2361 5766 (52)
2384 5696 2767 5769 Circiter_idem
2783 5705 2987 5769 tempus
2999 5696 3235 5753 Arethas
3246 5696 3534 5769 quispiam,
3552 5697 3765 5755 Ethio-

2176 5783 2448 5841 pum__re:c,
2474 5783 2568 5837 pro
2591 5766 2841 5841 Romanis
2863 5766 3192 5834 militaverit,
3219 5766 3283 5823 de
3304 5766 3406 5841 quo
3427 5768 3769 5840 Theophanes

2176 5835 2411 5900 pluribus
2446 5835 2586 5891 anno
2613 5837 2731 5890 572.
