4018 6398
273 368 432 484 ειδε

1299 420 1469 480 vrrA
1511 421 1560 479 Α
1596 404 2038 481 NICEPHORO
2076 421 2567 484 CONSCRIPTA.

3420 426 3557 490 3166

267 530 459 585 ἑδεῖτο
483 527 651 583 αὐτοῦ
679 527 990 601 θερμότατα
1028 529 1167 599 πρὸς
1208 528 1307 600 τὴν
1359 528 1521 584 ίασιν.
1554 529 1663 583 Τοῦ
1715 530 1773 584 δὲ
1801 530 1869 583 οῖ-

1984 533 2332 598 accessisset,
2366 531 2563 586 orabat
2594 545 2758 601 quam
2788 530 3201 587 ferventissime
3254 549 3354 603 pro
3404 552 3562 591 sana-

269 620 417 673 καδε
434 618 665 688 πορείαν
683 617 834 689 αὐτῷ
854 616 1345 688 παραγγείλαντος.
1364 616 1513 672 Ἐκεῖ
1531 619 1663 688 γὰρ,
1683 620 1870 690 φησὶν,

270 714 439 782 ἡμᾶς
467 713 558 765 ἐπὶ
586 712 689 782 τῆς
739 710 937 765 ἑαυτοῦ
985 710 1177 781 κλίνης
1232 711 1691 781 ἀναπαυσάμενος
1723 712 1867 782 ὁψει,

267 803 440 856 οὐδὲν
473 802 638 856 πλέον
670 803 881 865 ἐκεῖνος
910 800 1171 872 προσθεὶς
1193 842 1209 867 ,
1263 801 1339 865 ὡς
1389 796 1537 873 εἶχεν
1578 802 1742 866 εὐθὺς
1784 805 1874 856 sn-

268 892 462 963 ανῄει.
503 893 632 947 Ὅτε
661 892 843 946 τοίνυν
873 890 1016 945 κατὰ
1041 891 1131 945 τὸν
1154 892 1399 963 ποταμὸν
1429 892 1694 960 ἐγεγόνει,
1725 892 1873 945 ὑετοὶ

276 988 390 1057 μὲν
415 988 662 1058 ῥαγδαῖοι
684 986 1135 1059 καταρῥαγέντες
1170 985 1246 1057 τῷ
1272 987 1512 1041 Μέλαντι
1547 987 1729 1058 (τοῦτο
1760 988 1869 1060 γὰρ

268 1081 306 1132 ὁ
325 1079 577 1148 ποταμὸς
600 1078 894 1148 ἐκαλεῖτο),
919 1079 980 1131 τὺ
1000 1080 1215 1149 ῥεῖθρον
1236 1078 1504 1149 ηὔξησαν.
1524 1079 1583 1134 '0
1605 1079 1662 1134 δὲ
1675 1080 1870 1134 τοσαῦ-

272 1189 358 1226 τα
392 1170 474 1243 τῷ
509 1172 717 1243 ῥήματι
759 1171 856 1225 τοῦ
907 1173 1134 1242 Συμεὼν
1172 1171 1398 1245 θαρῥεῖν
1446 1173 1608 1245 ἔχων,
1642 1175 1676 1245 ἢ
1728 1174 1871 1230 οὕτω

276 1263 492 1333 μᾶλλον
522 1263 653 1317 αὐτὸ
700 1262 947 1333 πληροῦν
992 1264 1368 1334 ἐπειγόμενος,
1400 1264 1463 1318 τὸ
1529 1265 1630 1335 μέν
1677 1284 1731 1320 τι
1780 1266 1870 1320 διὰ

272 1352 386 1422 τὴν
441 1351 662 1424 ἐντολὴν
719 1353 954 1420 ἐκείνου,
983 1353 1043 1407 τὸ
1096 1354 1154 1407 δὲ
1202 1354 1454 1409 πλεῖστον
1476 1355 1742 1428 ἐπιθυμίᾳ
1771 1358 1871 1426 τῆς

275 1443 608 1514 θεραπείας,
643 1443 720 1507 ὡς
757 1444 892 1514 μηδὲ
926 1444 1020 1498 τοῦ
1052 1444 1303 1515 ποταμοῦ
1339 1447 1579 1516 μεγάλου
1605 1446 1826 1516 ῥυέντος
1851 1486 1867 1508 ,

280 1535 427 1606 μηδὲ
455 1535 565 1601 ὀξεῖ
589 1535 894 1606 φερομένου
939 1535 1017 1608 τῷ
1069 1536 1272 1608 ῥείθρῳ
1311 1537 1623 1607 φείσασθαι,
1657 1538 1871 1592 διαϐαίο

274 1644 400 1682 νειν
420 1627 582 1681 αὑτὸν
615 1628 895 1700 ἐπειρᾶτο.

358 1722 511 1789 ριις’.
542 1718 653 1771 Καὶ
679 1719 709 1770 ὁ
736 1718 837 1787 μὲν
869 1717 973 1771 ὑπὸ
1004 1716 1098 1771 τοῦ
1135 1718 1386 1787 ποταμοῦ
1413 1720 1776 1790 παρασυρεὶς,
1800 1722 1862 1773 ὲν

273 1809 500 1881 ἐσχάτῳ
555 1811 911 1880 καθειστήκει
976 1809 1255 1880 κινδύνῳο
1314 1812 1374 1864 ὲν
1433 1811 1609 1880 τούτῳ
1662 1811 1719 1865 δὲ
1768 1815 1869 1879 τὴν

277 1901 427 1972 πρὸς
482 1902 612 1965 τοὺς
680 1901 933 1972 μαθητὰς
984 1900 1205 1972 ὁμιλίαν
1235 1905 1264 1955 ὁ
1314 1902 1542 1972 Συμεὼν
1598 1903 1869 1973 ἐπικύψας
1899 1881 1942 1937 Β

278 1992 581 2063 (ἐτύγχανε
603 1993 713 2065 γὰρ
742 1993 812 2046 τὰ
844 1993 985 2064 πρὸς
1012 1994 1287 2066 σωτηρίαν
1326 1994 1518 2058 αὐτοῖς
1563 1996 1871 2065 τηνικαῦτα

272 2083 714 2153 διαλεγόμενος),
746 2082 912 2154 εὖχῆς
939 2082 1122 2154 εἴχετο
1142 2084 1366 2154 μᾶλλον,
1391 2081 1510 2139 εἶτα
1538 2085 1872 2159 φαιδροτέρᾳ

272 2174 423 2245 πρὸς
451 2174 648 2237 αὐτοὺς
676 2172 797 2243 ὁψει
818 2173 888 2228 τὰ
919 2174 1049 2245 περὶ
1079 2173 1174 2228 τοῦ
1209 2175 1405 2247 ἀνδρὸς
1449 2175 1691 2248 διεξῄει,
1722 2178 1872 2241 ὅπως

273 2279 350 2318 τε
398 2263 495 2319 τοῦ
543 2263 793 2335 ποταμοῦ
837 2264 1038 2319 πολλοῦ
1063 2266 1281 2336 ῥέοντος
1303 2266 1600 2337 τολμήσειε
1626 2269 1727 2337 τὴν
1758 2267 1873 2321 διά-

273 2357 468 2422 ϐασιν,
500 2357 596 2411 καὶ
652 2356 803 2420 ὅπως
849 2356 1012 2428 ἔργον
1051 2357 1152 2427 ἥδη
1189 2357 1291 2427 τῆς
1320 2357 1532 2411 ἐκείνου
1565 2360 1738 2429 φορᾶς
1787 2375 1871 2427 γι-

271 2448 546 2518 νόμενον,
585 2446 763 2512 ἔδοξεν
819 2447 983 2512 αὐτὸς
1037 2446 1335 2520 λαϐόμενος
1386 2450 1490 2518 τῆς
1545 2448 1730 2520 χειρὸς
1783 2450 1871 2518 ἐξ·

272 2539 532 2595 ελκῦσαι.
573 2538 632 2592 Ὀ
688 2538 790 2610 μὲν
847 2538 941 2593 οὖν
972 2538 1009 2594 ἃ
1058 2542 1180 2593 κατ’
1228 2541 1408 2594 ἐκεῖνο
1463 2542 1565 2612 τῆς
1595 2540 1746 2611 ὥρας
1791 2538 1870 2610 τῷ

268 2633 436 2701 ἀνδρὶ
480 2631 727 2704 συμϐαίη
772 2635 885 2695 τοῖς
931 2631 1227 2703 μαθηταῖς,
1255 2634 1360 2686 ὅσα
1411 2633 1506 2686 καὶ
1545 2631 1739 2703 παρὼν
1771 2633 1869 2686 καὶ

272 2725 473 2793 σαφῶς
535 2726 746 2780 ἕκαστα
772 2725 937 2796 ὁρῶν,
993 2725 1243 2794 ἐξηγεῖτο
1268 2741 1285 2756 ο
1317 2726 1346 2777 ὁ
1371 2725 1429 2778 δὲ
1477 2726 1610 2794 περὶ
1659 2725 1869 2795 λύχνων

269 2817 426 2884 ἁφὰς
458 2817 761 2880 ἀνασωθεὶς
791 2819 874 2879 είς
904 2816 998 2870 τὸν
1020 2811 1192 2882 οἷκον,
1218 2818 1285 2887 τῇ
1312 2816 1471 2889 κλίνῃ
1498 2833 1556 2870 τε
1586 2832 1870 2887 προσανα-

272 2907 514 2973 κλιθεὶς,
541 2909 648 2979 ὁρᾷ
698 2908 1063 2980 παραχρῆμα,
1089 2908 1181 2961 τὸν
1227 2906 1475 2978 Συμεὼν,
1502 2908 1733 2980 φοϐερὸν
1750 2902 1869 2979 ,οἷον

270 2999 358 3071 τῷ
385 3000 601 3070 δαίμονι
634 2998 953 3071 προσιόντα,
976 3000 1070 3052 καὶ
1103 2999 1346 3069 χαλεπὰς
1374 2997 1529 3070 αὐτῷ
1592 2998 1864 3067 βασάνους

272 3092 580 3161 ἐπάγοντα.
627 3092 693 3145 Ἦ
753 3091 852 3161 μὲν
900 3088 994 3144 οῦν
1023 3090 1120 3154 νὺξ
1151 3090 1338 3158 ἐκείνη
1377 3092 1528 3144 πᾶσα
1584 3091 1788 3162 πικρόν
1813 3108 1869 3145 τι

274 3182 378 3238 καὶ
427 3182 623 3253 γοερὸν
671 3181 998 3246 ὁλολύζοντα
1051 3180 1143 3234 τόν
1174 3180 1359 3235 ἄθλιον
1387 3178 1525 3252 εἶχε,
1554 3183 1686 3247 καὶ,
1727 3182 1866 3252 Ἤδη

270 3272 481 3344 ἔξειμι,
496 3272 745 3341 λέγοντα,
779 3272 855 3338 ὡς
870 3273 929 3327 δὲ
950 3274 1047 3327 καὶ
1061 3274 1244 3328 τέλεον
1256 3274 1586 3345 ἀπελήλατο,
1619 3275 1871 3327 ἐπάνεισι

271 3362 417 3433 πρὸς
469 3362 563 3416 τὸν
588 3362 779 3431 Ἀγιον
805 3364 834 3416 ὁ
887 3363 1049 3436 ἀνὴρ,
1083 3365 1150 3418 τὰ
1178 3364 1303 3417 καθ’
1345 3365 1540 3419 ἑαυτὸν
1580 3364 1867 3433 ἀπαγγέλ-

270 3455 412 3520 λων,
435 3457 586 3519 ὅπως
610 3456 713 3510 οὐκ
746 3456 838 3509 ἐπὶ
868 3456 969 3525 τῆς
999 3457 1192 3526 κλίνης
1227 3458 1390 3526 μόνον
1425 3444 1578 3527 αὐτῷ
1620 3458 1865 3528 παράδο-

270 3548 370 3615 ξος
410 3547 628 3619 ὀφθείη,
684 3547 825 3602 ἀλλὰ
879 3549 983 3602 κάν
1017 3549 1095 3619 τῷ
1137 3549 1366 3618 ποταμῷ
1409 3550 1714 3619 πρότερον·
1778 3552 1865 3603 ὲν-

268 3637 454 3694 ταῦθα
514 3639 613 3710 μὲν
658 3639 900 3711 χαλεποῦ
955 3640 1210 3710 δαίμονος
1261 3639 1755 3706 ἀπαλλάξας,ὲκεῖ
1809 3640 1867 3694 δὲ

269 3730 665 3803 χαλεπωτέρου
691 3732 944 3787 κινδύνου
984 3733 1312 3804 ῥυσάμενος,
1339 3733 1436 3788 καὶ
1491 3733 1614 3797 δοὺς
1652 3732 1748 3785 τοῦ
1783 3734 1868 3786 αἰ-

269 3823 538 3893 τηθέντος
565 3823 719 3878 οὐδὲν
748 3818 935 3898 ἦττον,
970 3825 1055 3879 ὁτι
1078 3826 1153 3895 μὴ
1182 3824 1278 3879 καὶ
1315 3824 1519 3895 μᾶλλον
1561 3824 1624 3878 τὸ
1654 3824 1865 3893 ἀπροσο

268 3915 528 3989 δόκητον.

1978 628 2154 683 tione.
2217 627 2491 697 Praecepit
2546 627 2596 682 ei
2649 634 2873 681 sanctus
2932 627 3172 682 reditum
3227 629 3283 683 in
3338 630 3559 686 domum

1973 733 2162 783 suam;
2194 717 2272 772 ibi
2297 716 2467 783 enim,
2501 717 2700 787 inquit,
2729 716 2944 771 videbis
2977 734 3101 785 nos,
3136 718 3190 773 in
3236 728 3411 775 strato
3466 730 3561 775 tuo

1973 794 2285 881 quiescens.
2314 808 2429 863 Nec
2448 808 2618 862 verbo
2637 817 2838 877 praeter
2858 823 2922 862 ea
2943 809 3157 873 addito,
3189 810 3564 866 daimoniacns

1971 902 2146 973 gradu
2187 916 2352 971 quam
2408 907 2624 971 poterat
2669 899 2939 955 citissime
2999 901 3400 956 revertebatur.
3452 901 3558 957 Sed

1975 994 2198 1063 quando
2230 992 2297 1049 ad
2324 991 2551 1047 ﬂuvium
2585 1001 2812 1046 ventum
2835 1002 2974 1057 eral,
3010 989 3215 1048 imbres
3240 993 3469 1048 violenti
3503 994 3559 1048 in

1971 1085 2262 1141 Melantem
2320 1083 2501 1153 illapsi
2526 1083 2605 1154 (id
2666 1084 2815 1138 enim
2859 1082 3025 1139 ﬂuvio
3067 1084 3292 1152 nomen)
3343 1085 3558 1139 alveum

1969 1169 2238 1231 auxerant
2259 1175 2395 1246 (5'5).
2421 1173 2563 1241 Quid
2581 1173 2673 1228 hic
2698 1174 2823 1229 ille?
2857 1182 3060 1228 tantam
3090 1175 3144 1227 in
3170 1175 3356 1230 verbis
3383 1174 3559 1229 sancti

1970 1268 2174 1323 habuit
2207 1266 2489 1331 fiduciam,
2523 1272 2621 1318 aut
2653 1264 2840 1334 potius
2878 1272 3170 1333 tantopere
3224 1264 3561 1319 acceleravit

1971 1358 2197 1428 exsequi
2228 1358 2378 1411 illius
2421 1354 2699 1421 mandata,
2747 1364 2862 1411 tum
2891 1356 3021 1425 quia
3047 1355 3162 1425 ipse
3200 1363 3557 1425 praeceperat,

1974 1458 2088 1503 tum
2116 1448 2293 1517 etiam,
2308 1447 2482 1517 magis
2503 1446 2657 1517 quod
2687 1447 2936 1516 impense
2971 1454 3201 1515 cuperet
3228 1446 3446 1510 sanari;
3475 1454 3561 1511 ut,

1972 1538 2121 1592 nulla
2147 1538 2363 1603 ﬂuenti,
2392 1538 2522 1593 licet
2573 1546 2707 1593 tunc
2760 1535 2944 1608 magni
3004 1535 3315 1606 rapidique,
3374 1535 3563 1590 habita

1973 1631 2186 1687 ratione
2210 1671 2226 1694 ,
2262 1630 2399 1685 illud
2423 1645 2687 1700 superare
2708 1629 3026 1683 tentaverit.

2043 1722 2171 1776 196.
2203 1721 2274 1776 Ει
2305 1721 2396 1776 ille
2439 1721 2668 1791 quidem
2709 1719 2954 1775 ﬂuminis
2985 1721 3196 1790 impetu
3227 1720 3470 1785 ablatus,
3501 1719 3559 1774 in

1973 1824 2286 1870 extremum
2316 1815 2446 1870 vitae
2474 1813 2779 1868 devenerat
2802 1812 3137 1882 periculum;
3163 1812 3400 1884 Symeon
3428 1828 3563 1868 vero

1971 1904 2168 1960 eodem
2202 1913 2453 1975 tempore
2486 1902 2682 1958 incidit
2713 1901 2954 1957 instituti
2991 1901 3136 1973 apud
3180 1902 3383 1959 fratres
3430 1917 3564 1957 ser-

1973 1997 2157 2053 monis
2182 1996 2335 2052 ﬂlum
2363 1993 2711 2064 (conferebat
2737 1992 2886 2049 enim
2919 2002 3053 2049 tunc
3076 2009 3202 2048 cum
3241 1995 3357 2049 suis
3397 2009 3566 2063 super

1974 2089 2179 2147 salutis
2227 2086 2485 2159 negotiis)
2528 2094 2586 2141 et
2637 2084 2873 2140 orationi
2919 2099 2980 2139 se
3010 2084 3186 2139 dedit.
3235 2086 3367 2140 Post
3400 2100 3564 2154 quam

1972 2183 2134 2238 vultu
2159 2180 2357 2236 laetiori
2390 2179 2459 2235 ad
2483 2179 2608 2235 illos
2641 2190 2964 2241 conversus,
2989 2174 3123 2246 quid
3169 2175 3289 2230 viro
3336 2176 3431 2231 illo
3454 2175 3567 2230 da:-

1972 2274 2235 2330 moniaco
2261 2271 2466 2327 factum
2498 2278 2668 2336 esset,
2704 2269 2761 2324 in
2792 2266 3039 2324 medium
3079 2267 3372 2337 produxit;
3422 2283 3567 2337 quo-

1973 2364 2140 2419 modo
2163 2362 2377 2419 scilicet
2399 2360 2554 2415 ﬂuvii
2573 2360 2790 2429 rapacis
2806 2358 3100 2414 transitum
3123 2368 3335 2412 tentare
3346 2373 3564 2420 ausum,

1966 2455 2192 2526 jamque
2218 2452 2482 2508 violentia
2510 2465 2779 2521 aquarum
2803 2450 3120 2525 abreptum,
3152 2449 3268 2518 ipse
3293 2447 3566 2518 prehensa

1972 2560 2137 2599 manu
2162 2558 2301 2613 pene
2320 2542 2600 2612 perditum
2622 2540 2912 2596 extrahere
2927 2539 3034 2595 sibi
3070 2538 3224 2594 visus
3252 2538 3471 2594 fuisset.
3496 2538 3565 2593 Et

1971 2634 2053 2689 sic
2078 2633 2169 2688 ille
2186 2631 2410 2702 quidem
2443 2631 2637 2686 eadem
2661 2631 2823 2696 hora,
2849 2644 2974 2700 quae
2998 2628 3214 2684 homini
3243 2638 3543 2683 evenerant

1971 2723 2128 2794 quasi
2160 2737 2349 2793 coram
2368 2730 2426 2776 et
2446 2720 2740 2791 perspicue
2764 2720 3021 2785 vidisset,
3053 2719 3357 2775 enarrabat
3393 2717 3566 2772 disci-

1969 2814 2154 2885 pulis:
2203 2813 2369 2868 homo
2410 2826 2544 2868 vero
2577 2812 2694 2881 ipse
2738 2810 2844 2866 sub
2900 2811 3130 2880 tempus!
3174 2825 3286 2880 quo
3335 2809 3565 2864 accendi

1971 2907 2216 2963 lucernae
2240 2906 2442 2968 solent,
2479 2904 2710 2959 domum
2740 2918 2898 2958 suam
2928 2902 3118 2958 salvus
3139 2910 3307 2973 atque
3350 2902 3567 2957 incolu-

1972 3000 2078 3054 mis
2100 2998 2390 3069 pertingit,
2436 2995 2852 3065 reclinatusque
2913 2993 2969 3049 in
3030 2994 3238 3050 lectum
3293 2995 3568 3063 conspicit

1972 3108 2098 3147 mox
2118 3099 2370 3147 sanctum
2391 3087 2746 3161 Symeonem,
2764 3087 2998 3142 daemoni
3019 3086 3319 3141 admodum
3345 3086 3569 3140 terribi-

1972 3185 2104 3249 lem,
2136 3180 2400 3236 advenire
2423 3189 2480 3234 et
2501 3178 2890 3234 acerbissimos
2921 3178 3001 3232 illi
3029 3176 3563 3239 cruciatusinferre;

1977 3276 2166 3346 itaque
2205 3281 2378 3328 totam
2414 3270 2589 3336 illam,
2621 3277 2829 3340 quanta
2854 3277 2961 3333 est,
2998 3275 3221 3324 noctem
3251 3267 3456 3324 acerbo
3501 3282 3569 3324 ec

1974 3367 2145 3424 ﬂebili
2171 3380 2297 3420 cum
2331 3364 2539 3435 eiulatu
2567 3362 2882 3432 transigens
2911 3360 3124 3423 infelix,
3149 3358 3565 3431 Jamegredior.

1976 3454 2274 3513 clamabat.
2328 3453 2590 3508 Daemone
2642 3458 2830 3505 autem
2877 3448 3124 3520 perfecte
3183 3450 3362 3519 eiecto
3422 3448 3569 3504 redit

1974 3547 2143 3608 homo
2193 3546 2309 3616 jam
2339 3543 2581 3598 libenter
2621 3539 2693 3595 ad
2750 3548 3028 3602 sanctum,
3075 3540 3403 3594 renuntians
3447 3553 3570 3607 qua:

1975 3640 2085 3696 sibi
2106 3637 2454 3701 acciderant;
2491 3633 2774 3704 quomodo
2801 3632 3016 3688 scilicet
3048 3631 3156 3687 sibi
3195 3645 3421 3686 sanctus
3466 3645 3568 3699 ap.

1972 3736 2255 3801 paruerat,
2318 3742 2431 3781 non
2462 3725 2631 3781 modo
2680 3721 3037 3779 decumbenti
3069 3720 3126 3775 in
3176 3720 3343 3785 lecto,
3374 3732 3567 3774 verum

1972 3832 2133 3878 antea
2158 3820 2328 3875 etiam
2371 3816 2706 3888 periclitanti
2748 3815 2803 3869 in
2852 3813 3051 3880 ﬂuvio;
3098 3812 3378 3882 quomodo
3436 3810 3563 3864 istic

1972 3928 2196 3984 gravem
2261 3909 2661 3965 exterminat-at
2734 3906 3042 3961 daemonem
3070 3945 3086 3969 ,
3150 3903 3243 3957 hic
3321 3900 3563 3973 graviori

273 4006 445 4063 etiam
489 4006 847 4064 subduxisset
873 4007 1180 4064 discrimini
1209 4008 1646 4079 contulissetque
1680 4005 2013 4062 beneﬁcium
2046 4019 2158 4060 non
2200 4000 2456 4064 inferius,
2504 4013 2672 4069 quam
2720 3996 2866 4068 quod
2902 3996 3157 4066 petierat.
3200 4001 3571 4063 praeterquam

272 4099 423 4168 quod
459 4098 635 4170 magis
658 4107 809 4155 esset
845 4098 1304 4169 inexspectatum.

346 4191 489 4262 ρμζθ.
534 4193 909 4264 Κοιμωμένων
963 4193 1210 4262 ἀδελφῶν
1261 4194 1322 4247 ὲν
1379 4191 1538 4263 ἀγρῷ
1593 4209 1725 4246 ποτε
1758 4191 1858 4261 τῆς

273 4284 585 4354 κατωτέρω
621 4285 812 4354 μονῆς,
843 4283 1049 4354 ἐτέρων
1074 4284 1131 4338 δὲ
1160 4284 1336 4353 μέσας
1366 4283 1572 4347 νύκτας
1596 4282 1857 4353 ἐξομολο-

270 4374 553 4446 γήσασθαι
604 4374 724 4446 θεῷ
781 4376 911 4446 περὶ
963 4375 1054 4429 τὸν
1122 4375 1348 4448 Συμεὼν
1404 4375 1856 4445 ἀθροισθέντων,

281 4469 471 4537 Ὀρᾷν,
503 4469 686 4538 φησὶν,
722 4467 964 4532 ἐδόκουν,
986 4465 1211 4530 ἐκεῖνος,
1237 4467 1599 4538 λεοπάρδαλιν
1621 4466 1860 4538 ἐξορμη-

269 4558 460 4613 θεῖσαν
486 4557 583 4611 τοῦ
617 4557 828 4626 φωλεοῦ
849 4598 863 4622 ,
895 4559 993 4613 καὶ
1036 4558 1174 4627 πρὸς
1219 4556 1466 4628 κεφαλῆς
1509 4558 1630 4621 ἑνὸς
1664 4557 1776 4610 τῶν
1801 4559 1860 4609 ὲν

2042 4187 2168 4243 197.
2203 4182 2620 4240 Dormientibus
2659 4178 2958 4250 aliquando
3002 4160 3272 4233 fratribus
3330 4175 3570 4232 inferio-

1968 4280 2044 4335 ris
2075 4274 2393 4333 monasterii
2408 4275 2464 4329 in
2477 4288 2610 4344 agro
2621 4272 2752 4328 dum
2773 4269 2961 4326 caeteri
2973 4269 3076 4324 sub
3090 4278 3308 4323 noctem
3325 4267 3569 4322 mediam

1968 4386 2096 4427 cum
2113 4376 2307 4425 sancto
2329 4367 2604 4438 Symeone
2636 4364 2705 4419 ad
2741 4360 3118 4418 conﬁtendum
3165 4360 3399 4415 Domino
3426 4375 3565 4415 con-

1966 4441 2277 4517 venissent:
2292 4458 2553 4524 Videbar,
2576 4455 2758 4527 inquit
2775 4466 3020 4519 sancws,
3040 4452 3227 4508 videre
3240 4450 3565 4520 leopardum

1968 4568 2000 4606 e
2034 4551 2236 4621 spelan
2278 4562 2380 4603 suo
2409 4560 2792 4617 prorumpere,
2837 4555 2895 4598 et
2918 4542 3086 4613 capiti
3123 4542 3289 4597 unius
3317 4556 3348 4596 e
3375 4540 3563 4595 fratri-

265 4609 1725 4722 ἐιὲρᾇάὲξᾲφξῖᾷᾲἐφέὲτὲζσξιν,ὀἓτέίὲὶέισέέισᾲμὲνην
1759 4648 1860 4701 αὖ·

1975 4643 2073 4698 bus
2113 4642 2168 4696 in
2196 4655 2329 4711 agro
2353 4637 2553 4695 infeste
2582 4637 2906 4703 imminere;
2946 4644 3061 4690 tum
3104 4628 3564 4688 velutidilaniare

264 4740 387 4804 τὸν,
411 4738 509 4792 τοῦ
538 4740 774 4810 αἵματος
819 4738 1204 4811 ἐμφορηθῆναι
1233 4738 1456 4794 καὶτῶν
1481 4737 1727 4809 σαρκῶν,
1768 4740 1863 4791 καὶ

1975 4750 2033 4790 ac
2053 4734 2292 4790 saturari
2309 4731 2915 4804 sanguineetcarnibus
2930 4729 3078 4783 illius
3098 4745 3113 4794 ;
3130 4726 3368 4795 denique
3392 4724 3565 4794 preci-

263 4831 347 4893 ὡς
372 4830 486 4900 ἐγὼ
513 4831 587 4885 δι’
611 4831 782 4903 εὐχῆς
822 4832 966 4901 εἵην,
992 4832 1282 4886 ἀποσοϐῶν
1319 4831 1382 4884 τὸ
1433 4830 1644 4901 θηρίον.
1675 4829 1863 4884 Ταῦτα

1975 4843 2064 4883 )llS
2083 4826 2222 4881 meis
2236 4825 2414 4880 arceri
2443 4823 2707 4878 belluam.
2741 4820 2889 4874 Talis
2910 4827 3032 4874 erat
3056 4817 3300 4871 narratio
3334 4815 3563 4885 Symeo—

264 4923 350 4995 τῷ
398 4925 500 4994 μὲν
543 4923 774 4995 Συμεὼν
823 4924 1074 4994 διήγημα
1106 4925 1243 4994 πρὸς
1291 4924 1418 4987 τοὺς
1456 4922 1708 4993 μαθητὰς
1737 4916 1806 4992 ἦν
1843 4937 1859 4954 ο

1975 4919 2068 4982 iis,
2095 4917 2240 4989 apud
2268 4916 2574 4985 discipulos
2593 4913 2880 4968 instituta:
2916 4928 3002 4966 res
3030 4910 3143 4981 ipsa
3170 4923 3303 4963 vero
3329 4909 3408 4963 sic
3427 4922 3558 4977 age-

266 5017 508 5072 ἐτελεῖτο
577 5015 639 5070 δὲ
682 5017 764 5080 εἰς
797 5016 958 5086 ἔργον
1001 5015 1080 5087 τῷ
1116 5015 1472 5087 κοιμωμένῳ,
1504 5015 1599 5069 καὶ
1650 5014 1862 5069 διυπνι-

1975 5020 2124 5066 natur
2149 5025 2275 5065 cum
2294 5006 2626 5071 dormiente,
2654 5005 2750 5076 qui
2779 5003 3221 5074 expergefactus,
3246 5000 3559 5071 deprehen-

268 5105 443 5173 σθεὶς,
469 5107 574 5178 ὁρᾷ
596 5106 734 5177 πρὸς
760 5107 1007 5179 κεφαλῆς
1043 5108 1105 5161 τὸ
1133 5107 1342 5178 θηρίον.
1368 5106 1484 5161 Οὐκ
1510 5105 1648 5177 ἔχων
1674 5104 1857 5159 τοίνυν

1975 5103 2046 5160 lit
2073 5102 2140 5159 ad
2171 5111 2516 5172 caputsuum
2535 5098 2732 5155 feram.
2754 5099 2984 5169 Ignarus
3006 5104 3190 5152 autem
3221 5095 3354 5165 quid
3371 5108 3559 5148 rerum

267 5195 298 5249 ὅ
330 5212 381 5253 τι
425 5198 520 5250 καὶ
549 5198 737 5269 δράσει
766 5199 845 5270 τῷ
875 5198 1058 5269 ἀθρόῳ
1086 5198 1181 5253 τοῦ
1216 5199 1471 5252 κινδύνου
1495 5199 1594 5253 καὶ
1621 5197 1862 5271 παρ’ὲλ-

1975 5195 2221 5268 igeretin
2240 5204 2353 5251 tam
2368 5193 2659 5263 repentino
2675 5192 2983 5262 desperata:
3021 5190 3222 5245 salutis
3260 5188 3514 5258 periculo
3538 5205 3552 5250 ;

267 5287 419 5355 πίδα,
449 5288 550 5361 τὴν
599 5290 818 5360 ἕτοιμον
871 5291 1073 5345 αὐτίκα
1117 5292 1210 5344 καὶ
1267 5290 1478 5362 ἄμαχον
1518 5290 1774 5362 δύναμιν,
1799 5291 1862 5345 τὸ

1975 5289 2233 5344 inclamat
2263 5294 2510 5358 paratam
2542 5285 2696 5340 illico
2739 5291 2796 5339 et
2838 5281 3322 5353 inexpugnabilem
3363 5289 3554 5350 polen-

267 5375 361 5431 τοῦ
408 5377 557 5433 θείου
606 5380 836 5451 Συμεὼν
883 5381 1075 5452 ὄνομα,
1109 5384 1206 5434 καὶ
1247 5380 1345 5451 τὴν
1373 5381 1586 5435 ὲκείοεν
1636 5399 1861 5452 συμμαο

1975 5381 2100 5435 liam
2122 5379 2296 5435 sancti
2320 5376 2611 5449 Symeonis
2635 5384 2927 5440 nomen,ct
2952 5373 3097 5445 quod
3140 5369 3403 5441 consequi
3428 5370 3557 5422 inde

267 5467 393 5540 κίαν
433 5473 755 5529 ἐπεκαλεῖτο
786 5491 799 5505 ’
836 5474 895 5539 ὃς
950 5473 1102 5544 αὐτῷ
1144 5476 1239 5528 κα)⁸
1269 5475 1616 5545 παραχρῆμα
1644 5474 1854 5541 ὀφθεὶς,

1975 5476 2109 5530 solet
2153 5471 2493 5528 subsidium:
2514 5471 2610 5540 qui
2636 5468 2903 5524 continuo
2931 5466 3186 5538 apparuit
3206 5461 3552 5524 inclamanti,

270 5563 570 5620 ἀπελαύνει
610 5567 701 5621 τὸν
751 5567 920 5639 θῆρα.
962 5566 1022 5621 '0
1055 5568 1156 5637 μὲν
1178 5564 1273 5621 οῦν
1318 5565 1543 5635 ἁδελφὸς
1581 5566 1684 5636 ήδη
1725 5569 1856 5636 περὶ

1975 5576 2021 5623 at
2049 5565 2287 5621 belluam
2319 5563 2522 5634 abegit.
2544 5562 2736 5618 Frater
2758 5560 2924 5631 igitur
2948 5561 3052 5615 iste
3089 5556 3335 5611 diluculo
3361 5568 3557 5610 versus

1967 5701 2129 5755 etiam
2157 5700 2439 5771 ig'nobih'vr
2477 5699 2695 5770 quidam
2726 5714 2827 5750 non
2857 5693 3042 5765 procul
3065 5712 3095 5747 α
3130 5701 3302 5747 monte
3326 5689 3561 5747 .llimbili

336 5695 455 5766 (5'5)
486 5695 608 5752 Non
634 5699 844 5753 videtur
868 5699 965 5753 iste
1002 5698 1169 5754 Melas
1193 5699 1420 5771 intelligi
1455 5715 1606 5770 posse
1647 5699 1711 5751 de
1754 5716 1858 5768 quo
1967 5701 2112 5755 etian

336 5767 341 5816 ἷ
373 5783 495 5836 cap.
528 5768 582 5833 9,
609 5769 663 5822 in
698 5778 884 5840 annrot.
916 5778 1095 5839 utpote
1129 5771 1285 5824 nimis
1322 5781 1572 5824 remotus.
1610 5767 1858 5825 Fuerunt
1969 5771 2112 5840 abfui

1969 5788 2213 5826 αυιιιιεεε.

270 5767 341 5819 ad
373 5783 495 5836 cap.
528 5768 582 5833 9,
609 5769 663 5822 in
698 5778 884 5823 annot.
916 5778 1095 5839 utpote
1129 5771 1285 5824 nimis
1322 5767 1572 5824 remotus.
1610 5767 1858 5825 Fuerunt

270 5852 337 5893 ac
381 5849 722 5893 recensentur
755 5839 935 5911 plures
980 5841 1129 5895 istius
1174 5842 1400 5895 nominis
1443 5842 1629 5912 ﬂuvii;
1692 5849 1860 5909 potest,
