4018 6396
497 418 630 485 3167
1701 416 1760 479 3.
1801 416 2076 479 SYMEOI‘

2215 420 2249 479 ,Ι
2260 416 2583 479 UNlORIS'
3619 411 3756 475 3168

496 530 807 584 columnam
856 526 1124 591 ascendit,
1169 526 1535 581 admiratione
1590 526 1806 595 plenus,
1852 541 2076 581 narrans

2186 524 2586 596 ὃρθρονάνέϐη
2641 520 2793 591 παρά
2834 520 2926 573 τὸν
2974 518 3187 583 στύλον,
3225 518 3503 590 θαύματος
3550 520 3757 588 γέμων,

495 634 624 675 cum
658 628 905 690 stupore,
930 633 1051 688 quae
1074 619 1340 673 vidisset:
1370 616 1467 673 sed
1502 619 1707 687 reperit
1726 618 1864 672 alios
1885 619 2076 687 majori

2183 616 2278 671 καὶ
2312 619 2409 670 σὺν
2452 614 2714 685 ἐκπλήξει
2753 612 3140 683 ἀφηγούμενος
3170 612 3314 683 ἅπερ
3347 612 3446 665 ίδοι
3466 629 3481 645 θ
3513 611 3760 681 εὑρίσκει

496 719 722 780 stupore
780 710 1110 780 completos,
1164 709 1312 778 quod
1366 709 1495 779 ipsi.
1545 723 1667 778 qua:
1727 708 1873 763 circa
1925 706 2078 761 illum

495 816 545 871 go'
564 809 647 855 sla
677 799 917 863 fuerant,
940 800 1052 869 jam
1082 809 1401 853 narrassent
1436 799 1582 853 inter
1611 813 1691 863 se,
1723 797 1951 853 alterius
1983 797 2082 851 ad-

495 902 720 946 ventum
748 900 1163 961 praevertentes.
1201 890 1279 945 lta
1323 891 1546 945 divinus
1590 889 1847 961 Symeon,
1879 890 2081 945 crassi-

494 983 623 1036 tiem
662 996 881 1035 omnem
913 981 1374 1050 atl‘ectiouemque
1402 981 1738 1035 materialem
1773 991 2079 1051 transgres-

493 1088 606 1134 sus,
642 1072 936 1142 beatisque
963 1072 1071 1125 illis
1106 1072 1388 1126 mentibus
1418 1086 1477 1125 se
1508 1072 1737 1141 propius
1775 1072 2079 1141 adiungens

491 1176 655 1237 atque
680 1176 842 1222 utens
875 1167 1246 1232 familiariter,
1300 1168 1468 1220 multa
1510 1176 1624 1220 tum
1665 1166 1849 1220 futura
1879 1166 2078 1235 praevi-

491 1258 593 1319 dit,
625 1268 737 1311 tum
756 1258 918 1327 longe
943 1273 972 1311 a
993 1273 1051 1311 se
1080 1266 1289 1311 remota
1310 1258 1479 1311 veluti
1505 1256 1795 1325 praesentia
1817 1258 2075 1327 inspexit.

488 1348 597 1404 Sed
630 1360 848 1417 tempus
884 1356 970 1403 est
1002 1348 1069 1401 ad
1119 1349 1225 1402 alia
1269 1349 1609 1403 transeundi.

571 1439 687 1493 I98.
731 1439 826 1492 Vir
859 1439 1082 1508 quidam
1111 1454 1143 1492 e
1166 1454 1399 1492 numero
1436 1438 1653 1492 illorum
1691 1438 1787 1508 qui
1819 1454 1921 1508 pro
1948 1439 2079 1494 aedi-

491 1528 638 1582 ﬁciis
684 1528 926 1582 civitatis
955 1528 1167 1595 lapides
1210 1527 1447 1590 cadunt,
1490 1527 1629 1581 mala
1666 1526 1932 1582 daemonis
1958 1541 2077 1582 arte

490 1620 779 1673 mutilatos
807 1619 1033 1673 sinistro
1064 1618 1246 1683 oculo,
1282 1616 1539 1672 mercede
1565 1632 1730 1686 quam
1764 1633 1865 1686 pro
1889 1617 2076 1670 labore

488 1726 750 1765 manuum
768 1712 1067 1778 accepisset
1096 1709 1416 1779 privabatur
1439 1726 1451 1762 :
1471 1719 1787 1765 cratautem
1809 1710 2074 1779 singulari

487 1802 543 1857 in
583 1812 832 1858 sanctum
861 1803 1061 1856 fiducia
1087 1803 1499 1866 corroboratus,
1532 1813 1728 1858 czetera
1762 1804 1952 1875 pingui
1987 1805 2075 1857 in-

2179 709 2236 762 δέ
2258 710 2385 771 τοὺς
2412 709 2633 770 λοιποὺς
2664 707 2869 778 μείζονι
2901 705 3100 774 θάμϐει
3124 704 3620 775 κατειλημμένους,
3644 704 3762 774 ὅσῳ

2179 801 2247 854 τὰ
2280 801 2359 865 εἰς
2387 801 2548 854 αὑτὸν
2577 799 2840 869 γεγονότα
2875 796 3173 866 φθάνοντες
3217 796 3419 867 μᾶλλον
3482 795 3637 849 αὐτοὶ
3671 794 3763 849 δι-

2189 892 2440 964 εξῄεσαν.
2465 891 2653 954 Οΰτως
2672 893 2699 945 6
2723 892 2864 955 θεῖος
2889 888 3115 959 Συμεὼν
3143 888 3432 959 παχύτητα
3461 889 3640 942 πᾶσαν
3666 889 3762 942 καὶ

2181 986 2367 1053 σχέσιν
2428 983 2617 1055 ὑλικὴν
2661 983 3033 1053 ὑπεραναϐἀς,
3066 984 3132 1052 τῇ
3182 998 3244 1033 τε
3302 981 3553 1051 μακαρίᾳ
3596 980 3764 1050 φύσει

2181 1075 2375 1127 ἐαυτὸν
2414 1074 2493 1137 ὡς
2524 1075 2652 1143 ἐνῆν
2693 1074 2937 1143 συνάψας
2967 1074 3063 1125 καὶ
3103 1071 3429 1135 οἱκειώσας,
3464 1071 3633 1124 πολλὰ
3666 1074 3765 1125 καὶ

2180 1165 2287 1217 τῶν
2342 1165 2643 1234 μελλόντων
2698 1165 3051 1235 προϐλέπειν,
3080 1163 3190 1217 τῶν
3247 1180 3307 1215 τε
3347 1162 3455 1216 ἀπὸ
3487 1163 3760 1233 μακρόθεν

2178 1255 2363 1326 διορᾷν
2387 1256 2462 1318 ὡς
2489 1258 2736 1326 παρόντα
2765 1257 2984 1325 ἠξίωτο.
3015 1255 3154 1324 Ὥρα
3180 1255 3236 1307 δὲ
3267 1254 3367 1325 ἤδη
3401 1254 3496 1308 καὶ
3527 1254 3665 1325 πρὸς
3689 1256 3764 1306 τὰ

2179 1346 2305 1416 ἑξῆς
2342 1346 2666 1416 μεταϐῆναι.
3696 1334 3703 1343 λ

2253 1439 2396 1509 ρὶπηκ
2438 1438 2602 1508 ’Δνήρ
2649 1456 2735 1502 τις
2785 1438 2893 1490 τῶν
2926 1438 2983 1489 ἐν
3006 1440 3126 1499 ταῖς
3154 1436 3462 1504 οἰκοδομαῖς
3506 1437 3607 1506 τῆς
3655 1437 3763 1490 πό-

2177 1530 2315 1593 λεως
2342 1529 2740 1599 λατομούντων,
2771 1530 2864 1582 τὸν
2895 1527 3173 1598 εὐώνυμον
3201 1527 3478 1598 ὀφθαλμὸν
3504 1528 3765 1599 δαίμονος

2178 1624 2415 1695 ἐπηρείᾳ
2446 1625 2872 1696 πεπηρωμένος,
2901 1625 2962 1677 τὸ
2997 1624 3257 1695 μίσθωμα
3302 1624 3395 1677 τοῦ
3421 1624 3530 1678 τῶν
3557 1624 3764 1695 χειρῶν

2179 1717 2340 1770 πόνου
2366 1716 2723 1790 διασεσύλητο
2745 1734 2759 1750 ο
2791 1718 2851 1782 ὃς
2877 1717 2946 1771 τὰ
2979 1717 3078 1787 μὲν
3100 1717 3237 1773 ἀλλα
3260 1720 3435 1788 παχὺς
3456 1715 3523 1787 ἦν
3550 1735 3634 1782 τις
3660 1720 3765 1772 καὶ

2178 1809 2486 1879 ἀγροικίας,
2512 1811 2611 1881 τὴν
2660 1810 2718 1863 δέ
2753 1810 2891 1880 πρὸς
2924 1811 3015 1864 τὸν
3042 1811 3237 1878 Ἀγιον
3263 1811 3449 1863 πίστιν
3478 1812 3575 1864 καὶ
3614 1811 3766 1881 μάλα

488 1895 653 1966 genio
685 1903 741 1949 et
769 1894 993 1948 rusticis
1016 1895 1285 1948 moribus.
1314 1895 1473 1971 venit
1503 1895 1592 1948 ille
1621 1895 1691 1948 ad
1721 1868 2073 1965 Simeonem,

2182 1868 2411 1974 ἔρρωτο.
2446 1868 2617 1966 δῦτος
2662 1903 2741 1972 τῷ
2799 1868 3030 1973 ξυνμεὼν
3088 1868 3428 1975 προσελθὼν,
3479 1868 3649 1965 πολὺς
3690 1898 3767 1973 ἦν

486 1995 545 2041 et
582 1994 731 2041 totus
755 1986 911 2040 humi
942 1987 1257 2056 procidens,
1288 1988 1538 2056 pecunia:
1570 1988 1842 2058 jacturam
1870 1988 2078 2043 lamen-

489 2078 731 2131 tabatur.
763 2077 1002 2133 Sanctus
1026 2094 1160 2133 vero
1199 2078 1435 2149 Symcon
1460 2080 1551 2132 vix
1583 2080 1802 2135 tandem
1835 2082 2076 2136 levatum

489 2168 773 2223 hominem
817 2168 1262 2238 appropinquare
1310 2170 1506 2239 jussit,
1554 2186 1789 2241 cumque
1842 2172 2077 2242 inexpu-

487 2261 709 2331 gnabile
744 2261 924 2316 crucis
949 2262 1248 2315 Dominica:
1279 2261 1497 2332 signum
1539 2263 1643 2332 ipsi
1674 2263 2074 2333 impressisset;

485 2352 695 2420 ejulare
740 2353 1007 2406 continuo
1038 2351 1311 2420 malignus
1356 2352 1605 2420 spiritus,
1650 2353 1929 2407 hominem
1960 2353 2077 2407 fere

486 2440 777 2503 dilaniare,
834 2456 899 2495 ac
941 2441 1226 2510 postulare
1270 2440 1612 2496 missionem.
1662 2442 1857 2497 Statim
1908 2443 2077 2512 igitur

485 2546 613 2586 cum
639 2532 1011 2601 increpatione
1037 2531 1357 2601 expellitur,
1381 2540 1437 2586 et
1469 2548 1613 2603 aegro
1645 2532 1889 2587 hominis
1916 2534 2076 2589 oculo

484 2620 860 2692 perspicacius
896 2637 1059 2691 quam
1092 2633 1412 2691 speraverat
1456 2624 1644 2678 lumen
1680 2623 1964 2690 redditur;
2014 2637 2077 2683 ut

485 2713 661 2767 multo
692 2713 1051 2767 excellentius
1088 2712 1296 2768 donum
1345 2722 1494 2769 esset
1522 2730 1686 2783 quam
1713 2716 1967 2786 petierat,
2007 2732 2075 2777 eo

484 2805 605 2858 fere
632 2820 741 2873 quo
766 2805 916 2859 Sauli
940 2805 1173 2877 contigit
1201 2806 1387 2871 modo,
1413 2807 1545 2861 licet
1576 2807 1668 2862 ille
1694 2806 1901 2880 [asinas
1927 2828 2078 2882 qua:—

486 2892 635 2965 rens]
678 2910 907 2965 regnum
950 2894 1289 2961 obtinuerit;
1321 2897 1575 2966 quamvis
1602 2907 1659 2953 et
1688 2899 1836 2954 oculi
1889 2900 2075 2957 lumen

485 2988 607 3057 ipso
656 3003 827 3057 regno
877 2986 1038 3059 longe
1093 2988 1451 3059 praestantius
1488 2989 1580 3044 sit.
1626 2988 1741 3046 Hoc
1786 2991 1879 3047 ille
1912 2993 2076 3048 modo

483 3081 774 3135 sanitatem
798 3090 1156 3145 consecutus,
1182 3091 1331 3136 tanta
1352 3082 1720 3138 admiratione
1739 3092 2075 3156 stuporeque

484 3172 777 3242 perculsus
804 3173 931 3237 fuit,
960 3181 1020 3226 ut
1055 3172 1347 3229 deﬁciente
1373 3190 1508 3229 voce
1541 3174 1990 3232 obmutesceret:
2022 3186 2076 3232 at

484 3264 721 3336 Symeon
748 3274 963 3319 secreto
996 3265 1072 3320 ita
1097 3260 1251 3319 illum
1280 3267 1554 3323 allocutus
1584 3276 1698 3322 est:
1728 3268 1958 3323 Multum
1990 3266 2075 3323 in-

486 3361 659 3409 terest
690 3354 1038 3408 discriminis
1060 3355 1249 3409 lumen
1282 3356 1427 3410 inter
1454 3365 1509 3409 et
1531 3358 1846 3426 pecuniam,
1875 3358 2078 3427 gratias

483 3460 584 3515 age
608 3446 740 3507 Deo,
767 3446 860 3515 qui
889 3445 1036 3515 quod
1062 3446 1258 3501 melius
1282 3448 1512 3517 largitus
1540 3447 1637 3501 tibi
1659 3454 1763 3510 est,
1786 3457 2078 3518 potestque

487 3537 655 3592 etiam
682 3538 830 3608 quod
851 3538 1018 3593 vilius
1042 3539 1250 3594 donare
1274 3558 1288 3593 :
1318 3540 1455 3594 vade
1484 3540 1672 3609 igitur,
1700 3548 1754 3593 et
1785 3539 2077 3609 pristinam

492 3630 648 3685 reete
677 3631 899 3687 vivendi
941 3647 1192 3686 normam
1243 3641 1367 3686 tene
1405 3648 1419 3684 :
1457 3632 1539 3685 sic
1574 3646 1856 3699 nunquam
1889 3631 2077 3701 despi-

486 3723 598 3778 ciet
638 3729 692 3777 te
739 3722 905 3786 Deus,
948 3723 1044 3777 sed
1080 3722 1268 3777 subito
1305 3737 1500 3777 aurum
1551 3736 1773 3791 quoque
1804 3722 2072 3778 invenies.

484 3814 701 3881 Quibus
731 3815 917 3877 dictis,
940 3814 1167 3869 revertit
1195 3813 1286 3868 ille
1312 3812 1578 3883 gaudens.
1606 3827 1714 3866 non
1743 3813 1907 3867 modo
1930 3812 2075 3884 quod

485 3907 684 3961 melius
718 3923 776 3963 se
807 3907 1057 3972 haberet,
1086 3907 1265 3977 eiecto
1287 3905 1536 3959 datmone
1560 3913 1725 3975 atque
1753 3907 1915 3961 oculo
1940 3922 2079 3976 pra:-

486 4008 571 4054 ter
604 4015 756 4069 spem
798 3999 1128 4063 illuminato,
1158 4013 1350 4052 verum
1391 3997 1556 4051 etiam
1597 4005 1822 4066 propter
1865 3998 2080 4067 pollici-

488 4092 750 4147 tationem
802 4089 1149 4146 inveniendac
1196 4089 1447 4159 pecunia;
1488 4106 1502 4142 :
1537 4104 1701 4159 quam
1741 4088 1936 4159 ipsam,
1980 4089 2073 4143 ubi

486 4182 715 4236 domum
749 4183 1030 4251 attigerat,
1068 4181 1126 4235 in
1170 4179 1314 4235 lecto
1361 4178 1592 4249 reperit,
1643 4180 1797 4234 velut
1841 4180 2073 4234 alterum

485 4272 773 4326 oculorum
817 4271 1006 4326 lumen
1064 4288 1079 4325 :
1137 4270 1587 4341 quandoquidem
1636 4270 1786 4324 illius
1826 4269 2077 4325 defectus

487 4373 716 4435 propter
760 4364 1020 4434 inopiam,
1060 4364 1238 4435 ipsum
1284 4381 1397 4420 non
1430 4363 1617 4418 minus
1662 4377 1825 4432 quam
1859 4364 2078 4418 caecitas

487 4456 713 4510 anxium
756 4455 1018 4511 habebat.

2185 1994 2396 2063 ῥίπτων
2456 1994 2602 2048 κατὰ
2646 1995 2752 2063 γῆς
2798 1995 3009 2059 ἑαυτὸν,
3043 1995 3138 2049 καὶ
3192 1994 3290 2064 τὴν
3333 1993 3427 2047 τοῦ
3471 1996 3768 2064 χρήματος

2181 2085 2456 2139 ἀπώλειαν
2492 2086 2838 2155 ὀδυρόμενος.
2876 2086 2935 2139 '0
2961 2085 3017 2138 δὲ
3052 2086 3204 2155 μόλις
3228 2085 3390 2139 αὑτὸν
3422 2086 3764 2154 ἀναστήσαςς

2180 2175 2419 2245 ἐγγίζειν
2448 2178 2758 2233 ἐκέλευσεν·
2796 2176 2871 2241 ὡς
2895 2178 2953 2230 δὲ
2983 2178 3079 2232 καὶ
3106 2179 3198 2231 τὸν
3238 2177 3632 2246 ἄμαχον-αὑτῷ
3665 2177 3768 2230 καὶ

2180 2269 2508 2323 Δεσποτικδν
2556 2268 2805 2323 ἐπιϐάλοι
2863 2268 2961 2321 τοῦ
3008 2268 3253 2335 σταυροῦ
3279 2268 3471 2331 τύπον,
3498 2264 3768 2335 ὠλόλυξεν

2178 2359 2375 2413 αὐτίκα
2402 2361 2463 2414 τδ
2498 2360 2737 2431 πνεῦμα,
2759 2360 2969 2415 καὶτὸν
2989 2361 3276 2430 ἄνθρωπον
3310 2360 3507 2431 μικροῦ
3538 2362 3767 2434 διερῤή-

2177 2467 2302 2518 γνυ,
2329 2452 2421 2504 καὶ
2444 2452 2780 2523 ἀπολυθῆναι
2807 2453 2996 2506 τούτου
3032 2455 3221 2508 ἐδεῖτο.
3249 2456 3355 2509 Kal
3382 2455 3442 2508 τὸ
3475 2456 3574 2525 μέν
3599 2457 3769 2520 εὐθὺς

2179 2542 2501 2613 ἐπιτιμηθέν
2545 2545 2911 2598 ἀπελαύνεται
2938 2560 2952 2575 ⁸
2984 2545 3062 2615 τῷ
3096 2546 3153 2599 δέ
3199 2547 3294 2599 τοῦ
3327 2547 3629 2616 πάσχοντος
3662 2550 3768 2616 όφ-

2178 2634 2368 2706 θαλμῷ
2386 2635 2725 2709 κρεῖττον
2749 2639 2869 2690 κατ’
2896 2638 3090 2692 ἐλπίδα
3112 2639 3173 2692 τὸ
3195 2640 3311 2708 φῶς
3335 2640 3664 2704 ἀποδίδοται,
3685 2642 3768 2704 ὡς

2179 2721 2317 2778 εῗναι
2343 2723 2440 2780 τοῦ
2467 2726 2784 2795 αίτηθέντος
2813 2726 2997 2797 μεῖζον
3027 2730 3178 2798 παρὰ
3200 2730 3335 2783 πολὺ
3360 2732 3421 2785 τὸ
3447 2733 3620 2796 δοθὲν,
3640 2750 3781 2789 κατ’

2180 2815 2345 2868 αὑτὸν
2375 2815 2466 2869 τὸν
2499 2817 2695 2881 Σαοὺλ,
2732 2818 2781 2871 εί
2809 2820 2901 2871 καὶ
2929 2819 3230 2890 πάρεργον,
3264 2822 3540 2892 βασιλείαν
3560 2827 3777 2899 εὑρεῖν,

2180 2906 2297 2964 ἀλλ’
2329 2908 2430 2962 οὐκ
2459 2908 2740 2979 ὀφθαλμοῦ
2776 2910 2910 2978 φῶς,
2944 2911 2972 2965 ὃ
3010 2912 3106 2965 καὶ
3135 2913 3413 2982 βασιλείας
3465 2916 3644 2988 πολλῷ
3685 2937 3785 2974 τι..

2186 3000 2475 3073 μιὼτερον.
2538 3003 2610 3056 'O-
2639 3005 2738 3074 μὲν
2786 3001 2880 3059 οὖν
2919 3006 3219 3076 θεραπείας
3257 3008 3516 3077 τοιαύτης
3563 3010 3789 3079 τυχὼν,

2176 3090 2348 3153 οὕτως
2380 3091 2483 3143 ὑπὸ
2514 3092 2607 3143 τοῦ
2635 3091 2913 3159 θαύματος
2936 3092 3385 3161 καταπέπληκτο,
3417 3090 3492 3153 ὼς
3515 3090 3611 3143 καὶ
3641 3108 3773 3157 φω-

2102 3218 2145 3278 C
2180 3183 2277 3250 νὴν
2309 3180 2472 3234 αὑτὸν
2497 3181 2893 3236 ἐπιλελοιπέναι
2913 3199 2928 3215 ο
2958 3183 3058 3252 ἠρέ
3068 3199 3141 3252 μα
3161 3181 3217 3235 δέ
3248 3181 3386 3252 πρὸς
3408 3181 3573 3235 αὑτὸν
3597 3183 3626 3235 ό
3657 3182 3776 3235 Συ-

2183 3272 2351 3342 μεὼν,
2381 3273 2455 3326 Τὸ
2491 3274 2627 3340 φῶς,
2656 3272 2779 3341 ἔφη,
2810 3272 2903 3326 τοῦ
2928 3273 3151 3345 χρυσίου
3187 3274 3322 3327 πολὺ
3351 3274 3637 3345 διαφέρει·
3674 3276 3777 3328 εὖ·

2179 3366 2427 3434 χαρίστει
2460 3364 2639 3417 τοίνυν
2670 3365 2790 3433 Θεῷ
2829 3365 2906 3435 τῷ
2952 3364 3020 3417 τὰ
3054 3365 3226 3432 μείζω
3259 3367 3633 3435 χαρισαμένῳ,
3667 3365 3776 3421 καὶ

2178 3455 2404 3519 δυνατὸς
2435 3456 2597 3519 αὐτὸς
2639 3455 2972 3524 παρέξεσθαι
3015 3456 3108 3509 καὶ
3154 3455 3216 3507 τὸ
3246 3456 3486 3509 ἔλαττον.
3518 3456 3773 3525 Πορεύου

2178 3545 2466 3614 τοιγαροῦν
2490 3544 2744 3615 ἐχόμενος
2766 3543 2867 3613 τῆς
2895 3545 3086 3612 πρώην
3121 3542 3434 3613 εὐθύτητος,
3459 3543 3554 3596 καὶ
3577 3544 3774 3596 οὐκέτι

2179 3636 2482 3706 παρόψεται
2532 3653 2613 3700 σε,
2648 3635 2784 3689 ἀλλά
2819 3636 2956 3705 ταχὺ
2997 3635 3094 3688 καὶ
3134 3635 3195 3687 τὸ
3224 3635 3447 3705 χρυσίον
3484 3635 3772 3706 εὑρήσεις.

2178 3728 2289 3781 Καὶ
2315 3729 2342 3780 6
2368 3729 2466 3798 μὲν
2503 3729 2727 3799 ἐπανῄει
2755 3728 2981 3798 χαίρων,
3018 3726 3115 3797 οὑχ
3147 3720 3229 3788 οἷς
3252 3724 3314 3779 εὖ
3335 3725 3638 3795 τηνικαῦτα
3667 3743 3807 3780 πεοκ

2182 3811 2367 3871 πόνθοι
2430 3818 2608 3887 μόνον,
2642 3821 2707 3889 τῇ
2732 3834 2791 3870 τε
2818 3818 2913 3870 τοῦ
2947 3816 3201 3886 δαίμονος
3224 3816 3513 3887 ἀπαλλαγῇ
3537 3815 3774 3886 δηλαδὴ,

2176 3907 2274 3961 καὶ
2298 3910 2363 3978 τῇ
2387 3907 2481 3960 τοῦ
2505 3907 2787 3978 ὀφθαλμοῦ
2817 3910 2946 3978 παρ’
2971 3907 3160 3961 ἐλπίδα
3189 3907 3379 3979 ῥώσει,
3409 3907 3545 3961 ἀλλά
3569 3908 3664 3961 καὶ
3687 3902 3780 3971 οἷς

2177 3997 2510 4069 ἐπαγγελίας
2542 3998 2641 4067 τῆς
2672 3996 2766 4051 τοῦ
2804 3999 3088 4068 χρήματος
3127 3998 3401 4070 εὑρέσεως
3447 3998 3636 4068 τύχοι⁶
3673 4001 3781 4053 καὶ

2177 4089 2275 4157 τὴν
2306 4089 2481 4142 οἰκίαν
2506 4088 2848 4152 καταλαϐὼν,
2879 4089 2995 4156 φῶς
3016 4088 3207 4161 ὥσπερ
3231 4089 3397 4143 αὐτοῦ
3425 4092 3538 4153 τοῖς
3566 4090 3782 4158 ὀφθαλο

2182 4184 2303 4251 μοῖς
2348 4180 2505 4234 τοῦτο
2552 4180 2825 4250 δεύτερον,
2856 4181 2947 4232 ἐπὶ
2979 4181 3080 4249 τῆς
3112 4181 3303 4251 κλίνης
3345 4182 3610 4253 εὑρίσκει,
3643 4184 3782 4238 ἐπεὶ

2178 4274 2275 4327 καὶ
2306 4273 2406 4342 τῆς
2430 4271 2755 4342 τυφλώσεως
2775 4273 2938 4327 αὑτὸν
2968 4274 3120 4327 οὐδὲν
3153 4270 3317 4345 ἦττον
3358 4276 3394 4345 ή
3424 4273 3520 4327 τοῦ
3541 4277 3778 4346 χρυσίου

2182 4367 2437 4436 στέρησις
2464 4364 2551 4419 διὰ
2574 4364 2769 4420 πενίαν
2794 4364 3002 4420 ἐλύπει.

560 4558 684 4614 199.
727 4559 921 4614 Mulier
942 4558 1192 4628 quadam
1226 4557 1591 4622 Antiochena,
1619 4556 1800 4611 ablata
1827 4555 1971 4612 furto
2010 4575 2067 4613 rc

2251 4544 2387 4614 ρὶιθπ
2420 4545 2560 4614 Γυνή
2593 4562 2677 4609 τις
2726 4546 2790 4599 ἐκ
2816 4546 2918 4615 τῆς
2960 4547 3237 4618 Ἀντιόχου
3281 4549 3384 4620 τὴν
3412 4551 3605 4605 οὐσίαν
3628 4555 3779 4608 ἀπο-

488 4651 766 4718 familiari,
799 4650 959 4705 o’cius
993 4649 1060 4704 ad
1096 4649 1411 4703 columnam
1453 4646 1769 4710 festinabat,
1807 4662 2069 4718 persuasa

488 4737 820 4799 calamitatis
850 4759 963 4797 suae
984 4758 1043 4796 se
1071 4740 1197 4794 istic
1219 4738 1522 4793 remedium
1550 4738 1920 4805 inventuram,
1938 4758 2073 4812 quo-

489 4838 637 4891 niam
666 4836 925 4907 prmclara
947 4834 1000 4888 in
1022 4841 1272 4886 sanctum
1295 4830 1492 4884 ﬁducia
1516 4830 1826 4897 ferebatur;
1846 4844 1901 4889 ct
1924 4836 2071 4905 quod

488 4928 693 4985 factum
721 4936 985 4983 eratcum
1005 4924 1220 4993 ploratu
1241 4922 1569 4992 explicabat.
1594 4922 1693 4978 Cui
1713 4925 1797 4979 vir
1818 4937 2070 4982 sanctus:

489 5020 789 5083 Maleficus,
827 5016 1030 5085 inquit,
1065 5015 1156 5069 illa
1188 5015 1404 5069 furatus
1436 5028 1520 5070 est
1552 5033 1565 5069 :
1595 5016 1690 5071 sed
1735 5017 1895 5083 vade,
1936 5020 2074 5075 nihil

492 5114 736 5169 animum
766 5108 1142 5178 despondcns,
1173 5108 1283 5163 imo
1308 5108 1472 5161 etiam
1506 5109 1676 5179 magis
1707 5110 1934 5172 conlisa.
1954 5111 2076 5166 vel-

493 5207 571 5261 uti
615 5205 659 5260 si
689 5205 757 5258 de
780 5200 1201 5269 recuperatioue
1229 5211 1380 5256 certa
1404 5200 1568 5257 fores.
1598 5202 1796 5258 Audita
1819 5203 1923 5258 hac
1948 5219 2079 5273 pro-

493 5294 704 5364 phetia,
725 5291 823 5346 illo
844 5305 939 5344 ore
966 5291 1194 5359 prolata,
1214 5292 1357 5360 quod
1382 5292 1553 5361 gratia
1575 5301 1729 5347 certo
1744 5293 2076 5364 pmdicendi

493 5388 683 5440 futura
726 5383 991 5437 donatum
1024 5394 1164 5446 erat,
1208 5400 1308 5453 pro
1340 5385 1625 5454 explorato
1667 5385 1779 5455 jam
1842 5386 2080 5440 habebat

493 5495 585 5533 res
610 5492 737 5532 suas
784 5476 1105 5545 deperditus
1161 5479 1438 5532 restitutas
1469 5493 1627 5545 esse;
1673 5488 1839 5548 atque
1881 5478 1955 5533 ita
1989 5494 2078 5533 re-

501 5567 703 5620 meavit
726 5566 988 5637 gaudens,
1022 5567 1315 5637 animoque
1355 5582 1386 5621 a
1416 5568 1564 5621 curis
1606 5567 1807 5621 libero.
1836 5566 2080 5621 Interro-

500 5658 759 5726 gantibus
779 5669 1145 5715 revertentem
1171 5659 1390 5724 vicinis,
1406 5658 1539 5729 quid
1563 5658 1781 5713 tandem
1801 5658 2083 5712 enuntias-

505 5761 590 5802 set
615 5757 837 5805 sanctus
860 5750 927 5804 de
959 5750 1125 5805 rebus
1151 5750 1370 5815 ablatis,
1402 5765 1464 5804 ac
1492 5749 1766 5819 przecipue
1797 5749 1913 5818 ipso
1949 5748 2081 5802 furti

505 5848 751 5909 auctore,
780 5841 866 5896 cui
897 5842 948 5897 id
985 5841 1256 5912 imprimis
1281 5857 1428 5896 curm
1453 5848 1571 5894 erat
1604 5839 1746 5909 (nam
1772 5849 1824 5892 et
1854 5841 1967 5909 ipse
1997 5840 2081 5893 vi-

2179 4638 2443 4708 σεσύλητο
2462 4654 2477 4669 °
2508 4637 2645 4708 αὕτη
2687 4638 2922 4709 δρομαία
2971 4639 3124 4709 παρά
3164 4640 3258 4694 τὸν
3289 4643 3481 4699 στύλον
3510 4648 3778 4717 ἐλθοῦσα,

2177 4738 2313 4791 ὅπου
2357 4743 2453 4791 καὶ
2493 4740 2593 4809 τῆς
2634 4742 2923 4810 συμφορᾶς
2965 4741 3144 4810 εὑρεῖν
3173 4740 3393 4810 ἐνόμιζε
3434 4739 3611 4807 λύσιν,
3647 4744 3781 4795 ἐπεὶ

2185 4830 2279 4883 καὶ
2300 4832 2534 4895 πίστεως
2561 4832 2641 4894 εἱς
2664 4831 2757 4884 τὸν
2784 4832 2975 4899 Ἀγιον
2993 4828 3106 4902 εἶχε
3122 4833 3507 4903 διαφερόντως,
3533 4831 3596 4886 τδ
3619 4850 3782 4903 γεγο.

2182 4924 2271 4984 νδς
2321 4921 2667 4976 ἀπεκλαίετο.
2702 4923 2842 4991 Πρὸς
2874 4924 2942 4993 ἣν
2986 4927 3014 4977 6
3056 4923 3198 4987 θεῖος
3231 4925 3402 4993 ἀνὴρ,
3442 4925 3780 4995 Κακοῦργος

2186 5015 2283 5085 μὲν
2312 5015 2562 5083 ὑφείλετο
2589 5014 2782 5081 ταῦτα,
2819 5014 2946 5084 ἔφη,
2988 5015 3128 5068 ἀλλὰ
3157 5017 3391 5086 πορεύου
3431 5016 3598 5087 μηδὲν
3635 5018 3809 5071 ἀθυοκ

2186 5104 2387 5176 μοῦσα,
2413 5104 2721 5159 τούναντίον
2748 5106 2846 5176 μὲν
2874 5099 2969 5158 οὖν
2997 5106 3092 5158 καὶ
3116 5106 3410 5158 πεποιθυῖα
3442 5104 3666 5176 μᾶλλον,
3696 5107 3778 5170 ὡς

2183 5199 2243 5251 οὗ
2267 5199 2366 5263 τῆς
2390 5197 2657 5270 εὑρέσεως
2681 5199 2861 5252 αὐτῶν
2889 5199 3235 5270 ἀστοχήσεις.
3271 5199 3334 5252 Ἦ
3361 5198 3421 5252 δέ
3440 5198 3519 5270 τῷ
3544 5200 3778 5255 τοιαῦτα

2184 5292 2283 5361 τῆς
2313 5292 2654 5362 προφητικῆς
2678 5291 2891 5363 ἐκείνης
2920 5292 3152 5346 ἀκούσαι
3175 5291 3445 5362 γλώττης,
3466 5292 3561 5345 καὶ
3590 5292 3777 5362 λέγειν

2186 5380 2445 5449 ἀσφαλῶς
2495 5380 2558 5432 τὸ
2610 5379 2802 5449 μέλλον
2836 5379 3180 5450 ἡξιωμὲνης,
3215 5380 3512 5453 εὑρηκέναι
3556 5380 3657 5452 ἤδη
3704 5383 3776 5434 τά

2186 5472 2522 5537 ἀπολωλότα,
2555 5472 2650 5526 καὶ
2688 5473 2819 5544 παρ’
2857 5474 3022 5543 ἑαυτῇ
3077 5473 3351 5543 νομίσασα
3391 5474 3556 5544 ἔχειν,
3599 5474 3775 5535 οὕτως

2188 5563 2414 5635 ἐπανῄει
2444 5563 2729 5635 χαίρουσα,
2769 5566 2863 5617 καὶ
2898 5564 3171 5633 μερίμνης
3202 5565 3289 5617 ἐπ’
3319 5563 3507 5627 αὐτοῖς
3530 5562 3634 5634 τὴν
3664 5563 3773 5636 ψυ-

2185 5658 2289 5728 χὴν
2320 5656 2602 5727 ἐλευθέρα.
2632 5654 2755 5708 Τῶν
2793 5650 2885 5708 οὖν
2912 5655 3191 5724 γειτόνων,
3216 5656 3244 5708 ὃ
3266 5655 3318 5707 τί
3342 5672 3474 5708 ποτε
3501 5654 3612 5726 ἄρα
3644 5654 3774 5723 περὶ

2190 5748 2368 5803 αὐτῶν
2389 5750 2417 5801 6
2445 5750 2635 5816 Ἀγιος
2664 5748 2898 5818 εἰρήκει,
2936 5745 3377 5817 πυνθανομένων,
3408 5746 3500 5800 καὶ
3534 5744 3768 5813 μάλιστα

2192 5840 2283 5892 τοῦ
2320 5838 2418 5906 τῆς
2447 5838 2652 5909 κλοπῆς
2688 5837 3011 5908 αὐτουργοῦ,
3123 5837 3435 5908 καὶμᾶλλον
3462 5833 3642 5891 αὐτῶν
3679 5826 3773 5893 μέ·
