4018 6388
245 370 400 441 3109

1266 383 1445 447 VITA
1486 376 1533 441 Α
1570 375 2009 444 NICEPHORO
2048 383 2532 449 CONSCRIPTA.

3397 390 3543 454 3170

245 496 349 543 λον
375 485 452 562 ἦν
476 489 798 563 (γειτόνημα
823 491 933 560 γὰρ
953 493 1020 563 τῇ
1050 492 1272 561 γυναικὶ
1314 490 1409 544 καὶ
1429 482 1586 553 οὗτος
1622 491 1684 542 οὐ
1715 507 1850 559 χρη-

1965 492 2122 551 cinus
2144 505 2265 552 erat
2290 497 2507 553 mulieri
2540 513 2650 575 non
2678 497 2877 561 bonus)
2908 497 2998 553 illa
3026 497 3311 568 promissis
3345 500 3542 564 sancti,

246 584 388 636 στδν
416 582 715 652 ἐτύγχανεν
746 583 868 653 ὢν),
902 583 1082 654 ἐκείνη
1113 586 1232 647 ταῖς
1254 582 1348 637 τοῦ
1369 581 1595 651 Συμεὼν
1616 583 1850 648 ἐπαγγε-

244 675 407 740 λίαις
472 675 548 737 ὡς
590 676 690 746 ήδη
737 677 1135 745 γεγενημέναις
1165 674 1557 747 ὲπιθαρῥοῦσα,
1604 672 1850 743 Εὖρηκα,

248 766 442 836 ἔλεγε,
476 768 571 820 καὶ
600 768 668 821 τὰ
699 768 828 836 ἐμὰ,
859 768 961 820 κάν
981 768 1060 838 τῷ
1086 767 1204 837 ἐμῷ
1234 767 1411 821 πάντα
1438 767 1530 820 νῦν
1558 766 1852 819 ἀπόκειται

244 860 521 930 ταμιείῳ.
560 858 620 912 '0
663 860 847 930 μέντοι
886 858 957 912 τὰ
994 860 1289 930 κλέμματα
1318 860 1479 930 ἔχων,
1517 857 1647 928 παρ’
1675 855 1852 924 ἐαυτῷ

246 949 482 1000 κεῖσθαι
533 950 709 1002 ταῦτα
769 948 975 1019 μᾶλλον
1024 950 1210 1013 εἰδὼς,
1269 949 1379 1019 ὅσῳ
1429 947 1853 1020 περιεργότερον

247 1042 616 1104 ἐπυνθάνετο,
647 1040 888 1112 τοσούτῳ
913 1041 1076 1095 πλέον
1095 1036 1164 1111 ἦν
1190 1038 1557 1109 διαχλευάζων
1580 1037 1702 1091 καθ’
1728 1037 1854 1089 ἑαυ-

246 1133 353 1185 τδν
383 1133 446 1186 τὸ
474 1136 707 1204 πρᾶγμα
747 1134 842 1187 καὶ
873 1134 1246 1205 μυκτηρίςων,
1279 1133 1372 1187 καὶ
1400 1132 1546 1203 σαφῆ
1572 1134 1854 1202 τιθέμενος

246 1225 510 1292 γέλωτα·
533 1225 648 1278 ἀλλ’
673 1226 753 1288 εἰς
780 1226 979 1296 μανίαν
1008 1226 1170 1289 εὐθὺς
1198 1227 1227 1278 ὁ
1269 1226 1487 1296 μυκτὴρ
1522 1227 1850 1296 μετεΰὰλλε-

246 1335 342 1379 το,
370 1318 470 1370 καὶ
490 1319 763 1371 διαπετῶν
785 1316 853 1391 ἧν
881 1322 908 1372 ὀ
934 1318 1118 1381 ἄθλιος
1140 1319 1236 1382 τὰς
1259 1322 1472 1389 χεῖρας,
1505 1321 1598 1373 καὶ
1619 1320 1850 1386 δάκνων,

250 1411 353 1463 καὶ
394 1409 683 1476 ὀλολύζων,
720 1412 821 1483 τήν
850 1428 911 1464 τε
941 1411 1148 1479 κλοπὴν
1177 1410 1690 1481 ἐξομολογούμενος,
1718 1413 1852 1465 ὅπου

248 1519 313 1554 τε
343 1503 413 1554 τά
443 1501 623 1572 φώρια
667 1502 754 1573 εῐη
792 1502 1032 1574 μηνύων,
1064 1504 1158 1556 καὶ
1190 1504 1291 1556 ὅσα
1329 1502 1438 1556 τῶν
1472 1502 1855 1572 δαιμονώντων

247 1596 472 1657 οὐδενὸς
511 1596 877 1666 ἀπεχόμενος.
920 1595 1002 1649 Τὰ
1052 1595 1151 1665 μὲν
1192 1592 1285 1649 οὖν
1324 1594 1615 1663 κλέμματα
1650 1596 1853 1667 ἠνέχθη

244 1690 443 1742 ’πάντα
468 1691 532 1759 τῇ
566 1688 805 1757 γυναικὶ,
848 1688 946 1758 οὐχ
979 1686 1015 1741 ἃ.
1048 1687 1349 1758 τηνικαῦτα
1386 1690 1568 1758 μόνον,
1605 1688 1721 1742 ἀλλ’
1753 1691 1854 1742 ὅσα

248 1783 351 1833 καὶ
374 1780 570 1852 πρώην
594 1780 950 1833 ἀπολωλέκει.
991 1781 1049 1832 'O
1072 1779 1128 1832 δὲ
1150 1779 1324 1832 ταῦτα
1347 1780 1586 1849 συλήσας
1612 1780 1853 1848 ὑπέμενε

1959 599 2216 659 tanquam
2248 590 2634 660 efl‘ectumjam
2655 597 2770 643 tum
2791 590 3024 654 sortitis,
3057 590 3263 644 confisa
3285 608 3297 642 :
3316 589 3543 659 Reperi,

1958 682 2155 751 inquit,
2180 696 2323 745 mea,
2353 689 2409 735 et
2437 680 2489 734 in
2516 682 2754 735 armario
2773 682 2882 750 jam
2906 695 3054 733 nunc
3082 680 3321 748 reposita
3346 679 3545 733 habeo.

1955 773 2074 843 Ipse
2092 788 2222 826 vero
2243 774 2336 841 qui
2361 772 2542 825 ablata
2566 772 2827 835 habebat,
2840 779 2900 824 ‘et
2922 786 3090 839 penes
3105 786 3162 824 se
3185 769 3358 823 latere
3374 768 3548 838 probe

1955 863 2203 927 sciebat,
2245 872 2452 932 quanto
2487 862 2683 933 majori
2737 870 2851 915 tum
2897 859 3245 914 affectatione
3295 858 3547 912 sciscita—

1956 956 2141 1018 batur,
2187 962 2341 1009 tanto
2364 956 2508 1009 intra
2531 970 2589 1009 se
2617 953 2960 1024 petulantius
2988 951 3308 1005 ludificabat
3342 949 3542 1002 mulie-

1958 1065 2071 1103 rem
2098 1064 2163 1103 ae
2190 1047 2478 1110 irridebat,
2503 1048 2613 1101 imo
2640 1047 2811 1100 risum
2840 1057 3061 1113 quoque
3085 1041 3261 1111 palam
3294 1039 3543 1094 tollebat.

1957 1141 2161 1197 Verum
2189 1141 2346 1197 ocius
2378 1140 2431 1194 in
2464 1138 2733 1193 insaniam
2765 1137 2962 1191 irrisor
2991 1150 3182 1189 versus
3212 1142 3324 1197 est;
3361 1140 3417 1186 et
3444 1148 3545 1187 ex-

1959 1234 2221 1288 tendebat
2250 1249 2445 1287 manus
2476 1231 2663 1285 infelix
2695 1229 3124 1297 arrodebatque.
3152 1235 3208 1281 et
3229 1225 3546 1281 clamitabat

1957 1326 2223 1382 miserum
2246 1326 2299 1379 in
2327 1325 2584 1389 modum;
2605 1323 2672 1377 ad
2697 1323 2813 1377 haec
2837 1321 3113 1375 fatebatur
3133 1318 3359 1380 furtum,
3381 1327 3437 1372 et
3461 1317 3546 1371 in-

1957 1419 2177 1473 dicabat
2205 1419 2296 1472 ubi
2328 1417 2666 1479 abdidisset;
2701 1415 2940 1484 denique
2970 1413 3109 1467 nihil
3146 1427 3253 1465 non
3283 1410 3545 1467 actitabat

1956 1526 2148 1566 eorum
2207 1527 2330 1581 quae
2396 1508 2719 1563 daemoniaci
2786 1507 2985 1562 solent.
3054 1503 3317 1560 Uuiversa
3374 1503 3546 1573 igitur

1959 1602 2180 1656 mulieri
2223 1603 2395 1657 relata
2428 1611 2578 1664 sunt,
2606 1611 2713 1655 tam
2758 1614 2881 1669 quae
2915 1598 3123 1652 recenti
3166 1597 3315 1650 furto
3363 1595 3544 1650 ablata

1957 1705 2119 1759 quam
2138 1705 2257 1759 quae
2273 1690 2407 1744 alias
2436 1688 2742 1743 desiderata
2770 1694 2948 1741 erant.
2970 1686 3170 1741 Verum
3200 1684 3293 1754 qui
3329 1681 3542 1737 furtum

1957 1782 2332 1842 commiserat,
2361 1780 2628 1850 pergebat
2657 1778 2892 1833 insideri
2929 1793 2958 1830 a
2984 1777 3255 1838 daemone,
3289 1776 3543 1829 meritam

246 1870 553 1940 δαιμονῶν,
594 1870 690 1922 καὶ
720 1869 876 1932 δίκας
909 1868 1099 1939 ὥσπερ
1130 1868 1400 1940 τοσαύτης
1438 1870 1654 1933 ἀδικίας
1701 1870 1849 1923 ἐκτί-

1959 1871 2241 1942 iniustitiae
2267 1887 2379 1926 suae
2400 1885 2616 1941 pmnam
2654 1868 2974 1940 persolvens
3002 1885 3017 1934 ;
3044 1868 3224 1921 donec
3246 1864 3544 1920 commise-

248 1980 364 2015 νων
386 1980 399 1992 ·
453 1961 558 2024 ἕως
608 1961 755 2014 ἔλεον
785 1960 949 2014 αὑτοῦ
992 1960 1270 2024 λαϐόντες,
1303 1963 1402 2032 οὐχ
1445 1962 1558 2014 ὅσοι
1584 1962 1852 2031 παρόντες

250 2050 423 2124 ἦσαν,
455 2051 594 2106 ἀλλά
631 2053 726 2105 καὶ
750 2053 888 2123 αὐτὴ
921 2054 1018 2106 σὺν
1044 2052 1274 2117 ἐκείνοις
1303 2054 1336 2123 ή
1366 2056 1466 2123 τὴν
1489 2053 1697 2125 κλοπὴν
1724 2054 1855 2107 ὑπο-

255 2147 463 2205 στᾶσα,
488 2146 695 2208 κοιναῖς
723 2146 859 2215 πρὸς
890 2144 1022 2198 Θεὸν
1052 2144 1150 2198 καὶ
1181 2144 1273 2197 τὸν
1301 2144 1523 2215 ἔλεγχον
1552 2144 1648 2198 τοῦ
1678 2145 1851 2200 κακοῦ

254 2237 493 2307 Συμεὼν
523 2238 764 2308 ἐχρῶντο
780 2238 973 2302 λιταῖς,
998 2239 1196 2300 κοινοῖς
1216 2237 1476 2307 δάκρυσιν
1499 2254 1514 2268 ο
1543 2232 1625 2302 οἷς
1654 2238 1854 2290 αὐτίκα

252 2326 358 2380 καὶ
383 2327 446 2379 τὸ
471 2327 694 2399 αἰτηθὲν
717 2328 1023 2398 ἠκολούθει,
1056 2329 1153 2383 καὶ
1178 2328 1273 2382 τοῦ
1295 2330 1545 2399 δαίμονος
1571 2331 1599 2382 ὁ
1626 2328 1852 2399 πάσχων

248 2428 595 2499 ἀπήλλακτο,
634 2428 812 2481 κοινὸν
872 2429 1147 2499 παίδευμα
1196 2430 1331 2482 πᾶσι
1384 2429 1521 2500 πρὸς
1562 2425 1852 2498 ἀποφυγὴν

244 2520 464 2582 κακίας
494 2520 886 2590 γεγενημένος.

333 2609 399 2665 σ’.
445 2611 795 2683 Ἐλυμαίνετό
839 2629 924 2675 τις
970 2612 1067 2675 σῦς
1101 2614 1164 2666 ὲκ
1208 2610 1418 2684 δρυμοῦ
1454 2613 1580 2675 τοὺς
1621 2612 1832 2685 ἀγροὺς

246 2704 362 2774 *τῆς
424 2704 576 2757 κάτω
616 2705 808 2774 μονῆς,
841 2704 934 2758 καὶ
979 2708 1058 2769 είς
1103 2705 1421 2775 ἀμηχανίαν
1467 2705 1665 2777 κομιδῇ
1711 2707 1844 2770 τοὺς

258 2797 536 2865 μοναχοὺς
580 2796 834 2867 περιίστη
859 2812 874 2827 ·
916 2796 1311 2867 προσελθόντες
1364 2797 1546 2850 τοίνυν
1586 2798 1665 2867 τῷ
1718 2796 1849 2867 ίερῷ

248 2886 510 2956 Συμεὼν,
552 2887 762 2941 ἐδέοντο
813 2888 1004 2943 τοῦτον
1046 2890 1110 2941 ἐκ
1138 2888 1234 2942 τοῦ
1273 2889 1439 2959 μέσου
1471 2889 1750 2957 γενέσθαι.
1788 2888 1849 2941 '0

253 2980 340 3042 δὲ,
372 2980 499 3043 Τοῖς
548 2981 610 3049 ἐξ
670 2980 796 3050 ὅλης
836 2980 1039 3051 ἰσχύος,
1083 2980 1209 3051 ἔφη,
1240 2982 1331 3035 τὸν
1386 2982 1519 3035 Θεὸν
1560 2981 1849 3050 ἀγαπῶσιν

250 3068 637 3122 ὑποτέτακται
689 3070 888 3133 πάντα,
917 3070 990 3133 ὡς
1027 3070 1122 3123 καὶ
1153 3072 1260 3142 πρὸ
1286 3072 1384 3141 τῆς
1427 3073 1717 3144 παρακοῆς
1749 3074 1847 3126 τοῦ

270 3161 470 3250 έΔδάμ.
510 3161 701 3225 Οὕτως
745 3156 838 3216 οὖν
885 3162 1070 3233 ἔχουσι
1111 3163 1206 3216 καὶ
1246 3163 1375 3233 ὑμῖν
1430 3163 1717 3233 δοθήσεται
1767 3167 1847 3228 εἰς
1874 3192 1917 3250 c

257 3249 440 3320 θήραν
492 3251 676 3305 ὀδοῦσι
726 3252 893 3324 θηρὸς
933 3254 1126 3323 ἐτέρου
1186 3256 1348 3309 πάλιν
1388 3256 1417 3308 ὁ
1460 3255 1660 3327 κείρων
1719 3256 1847 3320 τοὺς

255 3341 566 3409 ὑμετέρους
592 3342 823 3413 ἀγροὺς,
852 3343 948 3397 καὶ
987 3344 1184 3397 θᾶττον
1209 3345 1308 3415 τῆς
1343 3344 1403 3409 ἐξ
1434 3345 1602 3399 αὐτοῦ
1642 3346 1849 3417 βλάϐης

255 3432 744 3500 ἀπαλλαγήσεσθε.
772 3433 961 3489 Ταῦτα
999 3434 1099 3489 τοῦ
1136 3437 1363 3504 Συμεὼν
1407 3436 1715 3506 εἰρηκότος,
1747 3438 1851 3508 δρᾷ

253 3522 372 3577 τῶν
438 3522 687 3592 ἀδελφῶν
756 3541 841 3588 τις
888 3525 1108 3596 εκείνην
1170 3525 1271 3596 τὴν
1317 3527 1492 3579 νύκτα
1546 3527 1692 3581 κατὰ
1725 3530 1848 3591 τοὺς

256 3615 488 3680 ὕπνους,
514 3615 751 3686 ἀχθέντα
802 3619 928 3671 τινὰ
973 3617 1163 3670 λέοντα
1208 3618 1314 3671 ὑπὸ
1352 3618 1449 3671 τοῦ
1506 3618 1715 3687 Ἀγίου,
1754 3621 1850 3672 καὶ

255 3706 357 3759 τὸν
395 3706 574 3775 μέγαν
601 3707 810 3759 ἐκεῖνον
839 3706 939 3760 σῦν
971 3708 1048 3771 είς
1073 3708 1247 3778 θήραν
1277 3709 1425 3780 αὐτῷ
1462 3710 1568 3763 ὑπὸ
1597 3713 1711 3774 τοῖς
1740 3710 1848 3764 τῶν

253 3798 510 3868 ἀδελφῶν
541 3799 702 3853 ποσὶν
731 3798 1044 3856 ἐκδοθέντα.
1074 3800 1181 3853 Τοῦ
1215 3799 1386 3855 ὕπνου
1434 3801 1615 3855 τοίνυν
1664 3802 1848 3856 διανα-

258 3891 418 3955 στὰς,
445 3890 612 3962 ἔργον
653 3890 754 3962 τὴν
797 3890 899 3960 τῆς
957 3892 1150 3954 νυκτὸς
1200 3892 1323 3960 δψιν
1372 3891 1637 3963 εὑρίσκει,
1693 3893 1788 3946 καλ⁵
1820 3895 1849 3946 ὁ

257 3981 403 4034 λέων
435 3982 530 4035 τὸν
567 3981 666 4035 σῦν
693 3980 1088 4051 κατεδηδοκὼς,
1119 3984 1374 4053 ἐχόμενος
1419 3988 1515 4055 τῆς
1547 3984 1668 4038 ὀδοῦ
1719 3986 1846 4038 ava-

258 4071 569 4126 πεπτώκει.
601 4075 664 4126 Ol
698 4073 799 4142 μὲν
827 4068 920 4126 οὖν
946 4073 1115 4144 ὄχλοι,
1146 4075 1215 4129 τά
1243 4091 1303 4127 τε
1331 4074 1427 4127 τοῦ
1459 4075 1670 4139 λέοντος
1701 4074 1843 4145 ἴχνη,

253 4162 325 4215 τό
372 4178 433 4215 τε
478 4162 575 4215 τοῦ
602 4163 727 4226 συὸς
762 4163 867 4218 ἀνὰ
887 4163 986 4235 τὴν
1018 4166 1138 4219 ὁδὸν
1168 4159 1308 4236 αἷμα
1351 4166 1575 4230 ἰδόντες,
1605 4168 1846 4237 προσέρ-

256 4269 449 4323 χονται
478 4254 784 4323 κατάφοὸοι
806 4255 883 4325 τῷ
929 4256 1098 4326 Ἀγίῳ
1131 4256 1376 4326 δεόμενοι
1400 4257 1593 4311 τοῦτον
1634 4258 1847 4311 ἐκεῖθεν

254 4342 626 4411 ἀπελαθῆναι.
672 4344 731 4397 '0
753 4345 810 4398 δὲ
839 4344 949 4397 τῶν
985 4346 1241 4417 μαθητῶν
1277 4347 1373 4400 ἕνα
1406 4348 1665 4415 καλέσας,
1701 4349 1843 4418 Πορ-

1958 1962 2171 2017 ratione
2211 1964 2340 2016 tacti
2399 1967 2671 2031 quotquot
2718 1960 2973 2020 aderant,
3011 1967 3174 2027 atque
3240 1956 3378 2011 adeo
3439 1955 3539 2010 illa

1956 2052 2075 2122 ipsa
2101 2051 2305 2105 mulier
2330 2066 2452 2120 quae
2502 2050 2709 2105 furtum
2765 2064 2925 2119 passa
2985 2048 3182 2112 fuerat,
3228 2045 3542 2102 communi-

1955 2148 2061 2202 bus
2089 2146 2235 2216 apud
2262 2146 2436 2200 Deum
2501 2154 2557 2200 et
2598 2145 2832 2200 malefici
2878 2145 3262 2213 castigatorem
3316 2141 3544 2213 Symeo-

1954 2255 2080 2294 nem
2104 2241 2246 2294 votis
2266 2248 2322 2295 et
2345 2240 2625 2310 lacrymis,
2653 2239 3090 2293 intercesserunt
3114 2256 3124 2289 :
3153 2250 3292 2306 quas
3321 2250 3353 2289 e
3382 2232 3546 2289 vesti-

1952 2334 2043 2403 gio
2070 2333 2124 2387 id
2153 2334 2297 2403 quod
2335 2333 2625 2402 petebatur
2653 2340 3011 2387 consecutum
3040 2339 3162 2394 est;
3200 2342 3258 2383 et
3304 2343 3544 2397 cnergu-

1952 2412 2152 2479 menus
2178 2425 2417 2495 maligno
2443 2425 2639 2493 spiritu
2690 2424 2977 2483 liberatus,
3026 2422 3344 2475 universale
3368 2419 3542 2474 docu-

1952 2530 2199 2573 mentum
2225 2518 2329 2571 fuit
2361 2517 2619 2570 omnibus
2641 2515 2706 2570 ad
2743 2516 2952 2569 scelera
2983 2513 3337 2569 declinanda.

2035 2606 2160 2661 200.
2195 2607 2455 2663 Vastabat
2483 2607 2707 2675 quidam
2740 2621 2871 2675 aper
2924 2604 3206 2661 inferioris
3256 2608 3540 2657 monaste-

1956 2699 2022 2754 rii
2057 2714 2237 2769 agros,
2277 2699 2552 2768 tantisque
2588 2698 2865 2768 affligebat
2894 2696 3197 2751 monachos
3226 2696 3536 2750 incommo-

1951 2788 2058 2851 dis,
2090 2788 2307 2858 utquid
2334 2788 2549 2843 consilii
2580 2797 2862 2857 caperent,
2893 2786 3229 2855 ignorarent.
3257 2784 3542 2839 Adeuntes

1952 2882 2122 2952 igitur
2146 2880 2471 2952 Symeonem
2520 2889 2735 2950 rogant,
2790 2880 2907 2949 ipse
2953 2888 3014 2933 ut
3078 2877 3351 2932 facessere
3407 2876 3539 2944 inde

1952 2973 2124 3028 feram
2151 2974 2362 3044 jubeat.
2394 2972 2488 3027 llle
2514 2987 2646 3026 vero
2698 2989 2712 3026 :
2748 2973 2826 3027 Ex
2884 2972 3035 3038 totis,
3090 2971 3293 3040 inquit,
3322 2968 3541 3023 viribus

1952 3066 2316 3138 diligentibus
2351 3066 2523 3120 Deum
2544 3065 2736 3119 omnia
2772 3065 3019 3135 subjecta
3069 3074 3220 3128 sunt,
3269 3062 3541 3133 quemad-

1953 3161 2178 3216 modum
2208 3167 2336 3214 ante
2361 3158 2578 3228 lapsum
2609 3158 2802 3213 Adami
2834 3158 3102 3213 fuerunt:
3156 3156 3305 3226 quod
3358 3155 3403 3210 si
3441 3170 3543 3211 vos

1951 3267 2173 3323 quoque
2201 3252 2281 3306 sic
2311 3251 2577 3322 diligatis,
2619 3250 2845 3305 dabitur
2868 3251 2958 3304 illa
2994 3249 3047 3303 in
3097 3248 3338 3317 praedam
3387 3247 3528 3301 den-

1952 3343 2107 3398 tibus
2160 3342 2389 3398 alterius
2433 3336 2565 3397 feraa
2615 3357 2739 3412 quae
2794 3357 2960 3411 agro»
3009 3350 3227 3395 vestros
3290 3337 3546 3392 innoxios

1954 3435 2275 3505 relinquet,
2331 3443 2388 3489 et
2447 3434 2561 3489 cito
2615 3433 2803 3488 damni
2855 3433 3130 3487 immunes
3212 3431 3393 3486 eritis.
3446 3430 3545 3485 His

1954 3527 2139 3592 dictis,
2161 3526 2315 3581 videt
2342 3526 2545 3595 aliquis
2601 3525 2835 3596 fratrum
2873 3532 3032 3578 nocte
3085 3538 3185 3591 per
3240 3522 3541 3583 somnium,

1952 3623 2037 3693 agi
2093 3638 2123 3677 a
2183 3622 2452 3693 Symeone
2484 3621 2699 3675 leonem
2747 3606 3204 3688 quemdam,'eui
3249 3633 3385 3687 aper
3450 3616 3545 3671 ille

1950 3712 2175 3784 grandis
2198 3712 2302 3765 sub
2330 3710 2564 3764 fratrum
2601 3709 2837 3779 pedibus
2884 3709 2941 3762 in
2987 3708 3228 3777 praedam
3278 3706 3530 3761 cedebat.

1949 3803 2321 3871 Experrectus
2383 3798 2607 3861 deinde,
2658 3796 2807 3867 quod
2850 3805 3019 3850 noctu
3050 3795 3288 3861 viderat,
3333 3794 3541 3849 factum

1950 3890 2261 3961 comperit:
2294 3890 2381 3944 leo
2407 3903 2647 3958 namque
2670 3889 2867 3943 vorato
2891 3898 3040 3956 apro‘
3060 3886 3115 3940 in
3149 3886 3267 3955 ipsa
3314 3885 3402 3939 via
3435 3885 3539 3940 de-

1950 3983 2238 4037 eubuerat.
2270 3981 2471 4035 Turbae
2496 3981 2681 4051 itaque
2705 3989 2760 4035 et
2783 3980 2963 4034 leonis
2988 3978 3244 4048 vestigia,
3296 3985 3356 4032 et
3406 3991 3539 4031 san-

1950 4075 2173 4147 guinem
2226 4073 2348 4144 apri
2400 4089 2500 4144 per
2551 4076 2695 4129 viam
2737 4070 3257 4141 deprchendentes,
3307 4069 3540 4125 veniunt

1951 4167 2157 4222 turbati
2216 4167 2283 4221 ad
2342 4174 2620 4231 sanctum,
2668 4174 2972 4235 rogantque
3033 4170 3096 4216 ut
3144 4160 3271 4215 inde
3320 4160 3537 4214 leonem

1949 4260 2151 4331 abigat.
2204 4258 2308 4325 Qui
2366 4258 2767 4328 discipulorum
2832 4254 3146 4325 quempiam
3210 4265 3534 4307 accersens:

1953 4352 2126 4415 Vade,
2148 4350 2352 4420 inquit,
2374 4350 2440 4405 ad
2467 4350 2685 4404 leonem
2706 4358 2761 4404 et
2783 4348 2873 4403 dic
2893 4347 3031 4417 ipsi:
3063 4345 3189 4400 Haec
3220 4343 3533 4399 renuntiari

254 4434 441 4497 ευθεὶς
475 4436 629 4505 παρά
677 4436 768 4490 τὸν
816 4437 1027 4500 λέοντα,
1064 4438 1167 4509 ἔφη
1194 4478 1211 4503 ,
1244 4441 1383 4495 Τάδε
1416 4440 1564 4510 λέγει
1597 4441 1842 4510 Συμεὼν,

1955 4445 2107 4515 iubet
2133 4443 2398 4515 Symeon:
2434 4443 2605 4497 Recte
2628 4441 2871 4497 cilicium
2923 4448 3079 4494 tuum
3133 4437 3350 4502 fecisti;
3384 4450 3537 4491 nunc

254 4525 384 4577 εἰπὲ
420 4526 555 4598 πρὸς
586 4529 769 4580 αὐτόν·
800 4530 998 4591 Καλῶς
1027 4530 1511 4602 διακονησαμενος,
1535 4532 1692 4586 ἄπιθι
1718 4534 1843 4603 τόγε

253 4618 357 4672 νῦν
408 4618 552 4690 ἔχον,
576 4621 681 4685 ἕως
730 4620 798 4675 ἂν
828 4622 983 4685 αὖθις
1031 4623 1192 4694 χρεία
1223 4641 1318 4676 σου
1364 4625 1612 4696 γένηται.
1644 4625 1752 4678 Τοῦ
1787 4627 1845 4679 δὲ

252 4710 338 4781 τῷ
394 4711 572 4765 λέοντι
623 4712 797 4766 ταῦτα
842 4714 1110 4778 εἰπόντος,
1152 4716 1392 4779 ἀναστὰς
1444 4719 1503 4770 ὲν
1548 4717 1847 4788 ὀφθαλμοῖς

256 4805 524 4858 ἁπάντων
561 4806 765 4870 εὐθέως
796 4809 1003 4870 ἐκεῖνος
1032 4809 1127 4862 ἐπὶ
1155 4808 1224 4862 τὰ
1252 4809 1352 4878 τῆς
1384 4810 1710 4873 Λαοδικείας
1734 4811 1833 4881 ὅρη

256 4893 461 4964 ἐχώρει
484 4910 499 4926 ’
525 4896 735 4949 ἐκεῖθεν
759 4897 870 4968 γὰρ
898 4897 1164 4968 ἐτύγχανε
1195 4900 1290 4952 καὶ
1321 4899 1563 4969 κληθεὶς,
1602 4902 1845 4971 παραδο-

261 4984 492 5054 ξοτέραν
549 4989 649 5057 τῆς
708 4988 955 5059 κλήσεως
1002 4992 1102 5061 τὴν
1144 4989 1496 5064 ἀναχώρησιν
1531 4991 1841 5067 θέμενος,ἢ

258 5074 360 5127 καὶ
388 5076 455 5129 δι’
478 5077 683 5146 ἀμφοῖν
715 5077 939 5148 μᾶλλον.

1955 4537 2125 4609 igitur
2148 4536 2299 4591 abito
2316 4536 2467 4600 licet,
2492 4536 2671 4591 donec
2700 4536 2902 4590 iterum
2934 4549 3069 4588 usus
3093 4532 3172 4589 tui
3208 4531 3396 4586 fuerit.
3453 4531 3537 4585 Eo

1952 4629 2035 4684 sic
2061 4630 2278 4683 leonem
2308 4630 2571 4691 allocuta,
2600 4634 2917 4697 surgentem
2952 4625 3102 4680 illico
3116 4623 3304 4679 videre
3325 4621 3534 4686 cuncti,

1952 4728 2116 4789 atque
2139 4719 2435 4775 abeuntem
2463 4720 2518 4773 in
2547 4727 2764 4773 montes
2795 4716 3086 4771 Laodiceae
3116 4715 3267 4784 (inde
3296 4728 3533 4781 namque

1950 4819 2213 4865 evocatus
2240 4811 2439 4880 fuerat)
2500 4810 2742 4877 fecitque
2798 4822 3079 4863 recessum
3144 4804 3531 4859 admirabilio-

1952 4917 2091 4966 rem,
2152 4918 2315 4972 quam
2357 4901 2541 4955 fuerat
2592 4914 2872 4963 accessus,
2939 4910 3254 4968 quanquam
3299 4903 3534 4965 uterque

1953 4996 2317 5052 admirandus
2343 5010 2510 5065 quam
2539 4992 2798 5049 maxime.

1683 5201 1912 5258 CAPUT
1949 5203 2117 5259 XXV.

1041 5308 1311 5364 lncredufi
1342 5312 1643 5379 puniuntur
1671 5328 1690 5367 :
1720 5316 1956 5369 conversi
1994 5324 2252 5368 curantur
2294 5331 2311 5368 :
2352 5315 2462 5369 alia
2488 5314 2761 5384 beneﬁcia.

338 5429 445 5479 ca'.
481 5423 774 5494 Θαύματος
818 5421 1060 5498 ἐξαισίου
1115 5424 1242 5487 τοὺς
1280 5425 1521 5496 ὁρῶντας
1561 5426 1850 5498 πληρῶσαι

218 5519 498 5590 ’πλησίον
554 5518 656 5589 τῆς
711 5496 1011 5587 Ἀντιόχύυ,
1071 5520 1131 5571 ὲν
1184 5522 1251 5590 τῇ
1294 5519 1565 5592 λεγομένῃ
1617 5496 1848 5595 Ἀπάτη.

283 5612 542 5683 Ἰσαύρων
573 5611 940 5683 ἐργαστήριον
972 5605 1062 5681 ἦν,
1094 5611 1581 5680 χειροτεχνούντων
1624 5613 1681 5665 ὲν
1729 5615 1852 5676 ταῖς

263 5703 600 5773 οίκοδομίαις
643 5703 740 5757 καὶ
766 5702 1054 5771 λατομίαις
1087 5702 1194 5756 τῶν
1220 5706 1317 5774 τῆς
1360 5705 1570 5768 πόλεως
1605 5703 1847 5774 τειχέων.

265 5795 487 5852 Τούτων
528 5790 632 5862 εἷς,
671 5793 795 5862 ἄρτι
830 5794 928 5864 τὴν
964 5794 1181 5864 ἡλικίαν
1227 5796 1427 5857 ἀνθῶν,
1477 5795 1544 5851 τὰ
1582 5790 1849 5866 Ἑλλήνων

2024 5431 2150 5485 201.
2183 5431 2281 5485 Est
2306 5446 2419 5485 non
2451 5432 2644 5501 procul
2674 5430 2987 5495 Antiochia,
3016 5429 3071 5484 in
3102 5429 3224 5485 loco
3249 5428 3423 5501 Apate
3445 5430 3535 5485 di-

1955 5531 2066 5588 cto,
2127 5524 2443 5579 Isaurorum
2502 5522 2753 5589 ofﬁcina,
2813 5520 3080 5577 mirabilis
3136 5522 3201 5575 ad
3254 5530 3535 5592 stuporem

1955 5615 2347 5684 spectantium,
2413 5615 2466 5669 in
2502 5630 2610 5684 qua
2673 5613 2950 5668 medendis
3001 5612 3277 5681 lapidibus
3323 5612 3388 5667 ad
3429 5612 3531 5668 do-

1954 5722 2145 5761 muum
2178 5721 2574 5777 murorumque
2604 5705 2848 5760 civitatis
2865 5720 3023 5760 usum
3048 5703 3309 5759 insudant
3340 5720 3535 5775 Opera,

1957 5796 2046 5850 rii.
2078 5796 2284 5851 llorum
2318 5812 2485 5864 unus,
2520 5805 2680 5849 aetate
2713 5795 2936 5858 ﬂorens,
2972 5793 3190 5865 gentilis
3246 5796 3534 5867 religione,
