4018 6394
487 359 622 425 3171

1696 366 1757 425 S.
1797 364 2179 425 SYMEONIS
2216 363 2573 424 JUNIORIS

3609 364 3755 430 3172

486 478 542 532 in
575 478 796 544 silvam,
818 493 941 549 quae
958 487 1014 535 et
1032 478 1147 548 ipsa
1178 476 1391 533 domini
1411 476 1633 547 gentilis
1647 486 1788 543 erat,
1811 476 2074 547 lignatum

2184 474 2526 546 θρησκεύων,
2549 474 2704 546 παρά
2725 492 2779 529 τι
2802 476 2985 543 ἄλσος,
3009 477 3268 546 Ἕλληνος
3304 478 3396 531 καὶ
3424 479 3555 532 αὐτὸ
3587 481 3784 535 δεσπο-

486 565 719 632 abierat,
766 566 1139 636 impositoque
1168 580 1341 620 onere
1373 581 1542 636 supra
1593 566 1742 621 vires
1776 565 1952 636 gravi,
2001 566 2077 619 ita

487 654 672 708 subito
698 665 873 709 tactus
901 653 1143 725 paralysi
1167 663 1274 719 est,
1301 663 1362 727 ut
1381 654 1533 708 nullo
1555 653 1805 723 corporis
1830 652 2078 707 membro

488 744 567 796 uti
590 752 794 812 posset.
821 745 1056 800 Tollitur
1076 761 1108 801 a
1133 745 1440 811 sodalibus,
1477 745 1545 799 ad
1570 754 1938 814 sanctumque
1956 759 2087 813 por-

490 842 654 899 tatus,
696 834 1002 889 collocatur
1041 843 1169 889 ante
1221 836 1411 890 oculos
1459 836 1634 905 ipsius
1668 835 1940 905 benignos
1972 834 2081 897 ille.

492 931 548 976 ut
578 938 705 977 vere
736 923 938 988 dicam,
973 924 1326 979 miserabilis.
1365 925 1569 995 Tetigit
1613 925 1901 980 hominem
1930 941 2085 979 more

488 1026 588 1065 suo
613 1021 841 1067 sanctus
864 1020 921 1067 et
953 1013 1192 1083 signavit
1219 1032 1232 1067 :
1260 1014 1355 1068 sed
1387 1030 1511 1069 eum
1534 1016 1872 1087 paralytieus
1898 1030 2086 1069 mane-

490 1111 593 1163 ret,
643 1103 784 1156 nihil
816 1103 938 1172 opis
991 1103 1259 1168 sentiens,
1303 1105 1563 1174 cognovit
1603 1106 1793 1160 statim
1838 1120 2082 1172 causam,

486 1193 733 1263 dixitque
764 1213 776 1247 :
811 1194 955 1260 Quid
997 1205 1080 1249 est
1114 1195 1263 1264 quod
1290 1198 1478 1266 gratiae
1505 1197 1706 1252 divina:
1739 1198 1997 1254 cﬂ‘ectum
2028 1200 2083 1254 in

487 1293 538 1338 te
573 1284 902 1353 impediens,
929 1286 1273 1340 sanationem
1296 1287 1522 1341 diﬂ'ert?
1550 1288 1812 1358 Nunquid
1842 1288 1897 1343 in
1921 1289 2085 1344 idolis

484 1391 636 1445 spem
662 1378 844 1447 ponis,
872 1392 979 1432 non
1007 1376 1063 1431 in
1085 1379 1198 1432 Deo
1214 1379 1238 1431 ?
1254 1378 1427 1449 Negat
1450 1379 1543 1433 ille
1567 1394 1627 1433 se
1650 1380 1933 1434 conscium
1958 1380 2085 1435 talis

484 1470 564 1524 rei
586 1469 711 1524 :sed
738 1485 866 1523 eum
897 1471 1190 1524 mentitum
1212 1479 1268 1525 et
1290 1471 1347 1525 in
1370 1472 1629 1543 praesenti
1662 1473 1806 1526 malo
1835 1473 2082 1542 perlina-

482 1559 624 1614 citer
641 1561 879 1614 animam
903 1560 1227 1617 obﬁrmasse
1253 1562 1438 1618 sciens
1464 1581 1477 1616 :
1499 1563 1659 1618 Nune
1678 1564 1838 1629 vade,
1865 1565 2077 1634 inquit;

482 1650 687 1707 inviset
720 1661 773 1708 te
802 1653 953 1709 domi
989 1662 1097 1708 tuae
1127 1653 1354 1708 humani
1406 1654 1626 1725 generis
1663 1662 1878 1709 amator
1914 1654 2078 1710 Chri-

481 1751 622 1810 stus,
656 1759 783 1799 cum
818 1744 888 1799 ad
920 1744 1092 1815 ipsius
1122 1744 1333 1799 cultum
1359 1752 1412 1799 te
1436 1745 1810 1800 transtuleris.

2138 615 2143 621 .
2184 568 2358 632 τείας,
2390 565 2532 619 κατά
2561 566 2623 636 δή
2649 582 2770 621 τινα
2798 567 3015 634 ξυλείαν
3047 567 3241 636 ἐλθὼν,
3266 568 3440 623 πλείω
3470 587 3526 622 τε
3553 571 3644 624 τοῦ
3679 590 3784 641 μες

2186 657 2340 723 τρίου
2379 655 2765 726 διαναθέμενος
2814 658 3034 730 φόρτον,
3068 656 3241 721 οὕτως
3282 655 3479 728 ἀθρόον
3514 660 3778 730 παρεθη,

2187 745 2262 808 ὼς
2312 745 2434 816 μηδ’
2471 746 2577 816 ὅτῳ
2609 742 2703 800 οὖν
2731 746 2840 799 τῶν
2872 748 2967 800 τοῦ
3003 747 3253 819 σώματος
3297 748 3477 819 μελῶν
3509 749 3783 805 δύνασθαι

2189 835 2450 906 χρῆσθαι.
2494 838 2834 908 Ἀνελόμενοι
2860 839 3039 892 τοίνυν
3102 841 3265 893 αὐτὸν
3318 842 3366 894 οί
3405 842 3632 911 ἑταῖροι,
3678 842 3786 897 καὶ

2188 931 2323 1000 πρὸς
2372 931 2466 982 τὸν
2514 931 2703 999 ’Ἂγιον
2749 932 3136 999 ἀναγαγόντες,
3188 932 3401 986 τιθέασι
3438 934 3542 1005 πρὸ
3575 933 3779 998 αὐτοῦ,

2187 1020 2591 1089 φιλανθρώποις
2642 1021 2941 1092 ὀφθαλμοῖς
2986 1022 3309 1092 αὐτόχρημα
3338 1019 3537 1078 οἶκτον,
3565 1023 3674 1077 Τοῦ
3716 1024 3783 1076 δὲ

2186 1107 2328 1159 κατά
2362 1108 2423 1160 τὸ
2451 1108 2682 1179 σύνηθες
2710 1110 2990 1180 ἁψαμένου
3021 1129 3079 1164 τε
3114 1113 3208 1164 καὶ
3238 1113 3664 1183 σφραγίσαντος,
3692 1113 3769 1178 ὡς

2183 1192 2251 1268 ἦν
2294 1197 2374 1250 ἔτι
2421 1200 2769 1268 παρειμένως
2829 1204 3035 1265 ἐκεῖνος
3073 1202 3246 1273 ἔχων,
3295 1204 3556 1272 οὐδεμιᾶς
3590 1204 3777 1258 αἰσθό-

2187 1306 2346 1359 μενος
2370 1290 2690 1361 θεραπείας,
2731 1292 2910 1356 συνεὶς
2935 1294 3132 1347 αὐτίκα
3154 1295 3254 1365 τὴν
3279 1295 3455 1349 αἰτίαν
3474 1298 3502 1349 ὁ
3524 1297 3773 1365 Συμεώνο

2185 1380 2250 1434 Τί
2307 1383 2390 1434 ὃτι
2440 1381 2519 1435 τὰ·
2601 1386 2699 1452 τῆς
2756 1384 2907 1448 θείας
2957 1386 3049 1438 ἐπὶ
3082 1386 3166 1438 σοὶ
3196 1387 3344 1456 παρὰ
3370 1386 3504 1440 Θεοῦ
3547 1387 3778 1457 χάριτος

2183 1472 2388 1527 ἀνωθεν
2419 1477 2517 1541 τὴν
2541 1475 2683 1528 ῐασιν
2710 1476 3006 1529 ἀνεϐάλετο
3033 1495 3047 1543 ;
3094 1473 3260 1548 ἦπου.
3300 1483 3487 1548 φησιν,
3513 1472 3557 1532 ὦ
3591 1471 3772 1544 οὗτος,

2183 1563 2423 1628 εἰδώλοις
2446 1561 2498 1618 εἴ
2518 1566 2787 1620 πιστεύων
2807 1569 2901 1621 καὶ
2931 1569 2990 1621 οὺ
3023 1568 3168 1638 Θεῷ;
3203 1569 3307 1624 Τοῦ
3327 1569 3382 1622 δὲ
3410 1568 3618 1622 τοιοῦτο
3643 1588 3774 1622 συν-

2183 1656 2380 1711 ειδέναι
2396 1658 2571 1731 μηδὲν
2587 1657 3015 1729 διατεινομένου,
3038 1660 3334 1729 ψεύδεσθαι
3355 1661 3543 1715 τοῦτον
3561 1664 3776 1723 ἐκεῖνος
3788 1703 3807 1725 ,

2182 1748 2318 1801 ἀλλά
2338 1751 2433 1803 καὶ
2460 1750 2812 1819 ἀμεταθέτως
2832 1752 2893 1804 τό
2914 1754 2965 1820 γ’
2986 1752 3078 1805 οῦν
3101 1752 3274 1824 παρὸν
3292 1753 3437 1822 ἔχειν
3460 1753 3637 1818 εἰδὼς,
3654 1752 3776 1806 Νῦν

483 1835 585 1906 μὲν
613 1837 868 1908 πορεύου,
914 1840 1041 1910 ἔφη,
1078 1837 1439 1910 ἐπισκέψεται
1464 1839 1523 1893 δέ
1557 1857 1616 1894 σε
1636 1839 1728 1893 καὶ
1757 1841 1895 1895 οῐκοι
1920 1842 2155 1914 Χριστὸς
2185 1844 2568 1917 φιλάνθρωπος
2597 1844 2692 1910 ὢν,
2724 1846 2788 1898 τὸ
2822 1845 2986 1908 σέϐας
3018 1847 3098 1909 εἰς
3137 1844 3301 1899 αὐτὸν
3339 1844 3731 1916 μεταθέμενον.

552 1954 679 2010 202.
716 1954 1012 2010 Sublatum
1047 1955 1234 2024 itaque
1277 1954 1417 2012 socii
1449 1955 1767 2012 retulerunt
1814 1956 2074 2022 domum,

2259 1960 2359 2032 σβ⁹.
2406 1960 2697 2029 Ἀράμενοι
2729 1959 3020 2031 τοιγαροῦν
3051 1955 3209 2023 αὖθις
3255 1960 3417 2013 αὐτὸν
3448 1962 3499 2013 οί
3539 1961 3774 2029 ἑταῖροι,

481 2047 578 2101 ubi
610 2048 902 2102 sanitatem
971 2046 1275 2117 desperans
1325 2048 1577 2119 jacebat',
1633 2064 1847 2116 sorore,
1903 2066 2072 2120 quam

482 2139 722 2194 habebat
734 2138 1163 2207 mendicantem,
1178 2141 1305 2195 vitae
1318 2155 1543 2197 necesse
1553 2140 1630 2194 ria
1648 2140 2076 2196 subministran—

484 2238 560 2286 te.
581 2232 774 2285 Annus
790 2231 905 2301 jam
928 2232 1125 2286 tertius
1145 2232 1386 2289 instabat
1406 2231 1781 2297 decumbenti,
1806 2247 1933 2287 eum
1954 2233 2074 2303 ipse

482 2332 703 2387 quoque
749 2318 1031 2372 diutinum
1087 2319 1614 2387 morbumiexosus,
1662 2336 2073 2393 agnoscensque

483 2408 623 2464 nihil
655 2409 711 2463 in
744 2409 1096 2466 idololatrico
1125 2426 1314 2467 errore
1342 2413 1465 2483 opis
1495 2428 1639 2479 esse,
1668 2413 1941 2469 intellexit
1963 2414 2074 2470 alio

482 2499 692 2554 cultum
732 2501 1065 2556 vertendum
1108 2520 1121 2555 :
1159 2504 1234 2558 ita
1275 2503 1608 2574 disponente
1648 2505 1927 2575 sapienter
1960 2506 2074 2562 Deo

483 2592 690 2661 (qualia
726 2592 875 2648 illius
922 2593 1190 2666 judicia!)
1224 2604 1285 2649 ut
1337 2596 1706 2652 diuturnitate
1762 2597 2072 2652 aﬂ'ectionis

484 2684 665 2754 ipsum
696 2687 940 2740 traheret
969 2686 1036 2740 ad
1077 2702 1155 2742 se.
1190 2687 1343 2742 Totis
1366 2688 1534 2759 igitur
1560 2687 1774 2744 viribus
1806 2688 1863 2743 in
1897 2689 2071 2745 Deum

484 2776 738 2843 credens,
772 2779 1062 2833 nocturnis
1082 2779 1411 2849 diurnisque
1428 2780 1690 2850 precibus
1710 2780 1934 2847 institit,
1959 2797 2075 2836 me-

484 2865 696 2920 diatore
731 2881 863 2921 usus
890 2867 1185 2938 Symeone,
1217 2876 1277 2923 ut
1311 2870 1535 2925 tandem
1582 2871 1819 2943 paralysi
1863 2871 2071 2927 libera-

485 2966 657 3012 retur.
687 2957 930 3031 Contigit
958 2961 1170 3015 interea
1190 2961 1484 3031 quemdam
1515 2962 1665 3018 illius
1687 2964 1926 3034 regionis
1964 2980 2070 3019 cae-

484 3065 609 3104 eum
657 3049 811 3104 adire
844 3061 1118 3115 sanctum,
1151 3061 1412 3120 tactuque
1449 3055 1571 3122 ejus
1599 3061 1655 3107 et
1690 3055 1846 3125 signo
1888 3054 2071 3110 crucis

483 3143 738 3199 obtinere
780 3142 963 3198 visum
1004 3162 1016 3197 ε
1049 3144 1144 3213 qui
1183 3145 1253 3199 de
1286 3145 1589 3215 gratiarum
1631 3146 1796 3216 digna
1827 3146 2070 3201 retribu-

484 3235 635 3291 tione
670 3236 960 3306 ambiguus
997 3235 1149 3305 (quid
1204 3236 1354 3291 enim
1402 3235 1580 3291 oculis
1636 3235 2069 3305 aequiparetur?)

2185 2052 2500 2124 κομίζουσιν
2549 2051 2734 2106 οἴκαδε
2758 2068 2774 2082 ⁸
2800 2054 2829 2104 ὁ
2857 2053 2916 2106 δὲ
2947 2052 3128 2124 πάσης
3152 2053 3423 2119 ἀπογνοὺς
3449 2051 3776 2123 θεραπείας,

2182 2138 2384 2206 ἔκειτο,
2424 2142 2824 2212 προσαιτοῦσαν
2853 2143 2992 2213 ἔχων
3031 2144 3130 2213 τὴν
3172 2144 3430 2214 ἀδελφὴν,
3472 2141 3774 2196 κάντεῦθεν

2182 2230 2330 2301 αὐτῷ
2357 2231 2427 2285 τὰ
2452 2233 2588 2301 πρὸς
2616 2233 2677 2286 τὸ
2706 2235 2804 2304 ζῇν
2830 2234 3199 2305 ὲπαρκοῦσαν.
3230 2238 3389 2300 Ἔτος
3419 2235 3518 2305 μὲν
3547 2233 3640 2288 οὖν
3667 2235 3773 2305 ήδη

2180 2321 2367 2393 τρίτον
2408 2324 2597 2393 ἐνέστη
2646 2324 2919 2395 κειμένῳ·
2962 2326 3350 2395 ἀπαγορεύσας
3394 2326 3450 2379 δὲ
3492 2326 3594 2398 ἤδη
3629 2326 3776 2397 πρὸς

2180 2415 2283 2485 τὴν
2315 2414 2535 2484 χρονίαν
2564 2414 2707 2469 οὕτω
2737 2418 2970 2487 πάρεσιν
3007 2418 3104 2470 καὶ
3131 2419 3317 2484 αὐτὸς,
3355 2419 3450 2472 καὶ
3479 2419 3640 2485 γνοὺς
3667 2418 3774 2488 τῆς

2182 2505 2275 2557 ἐπὶ
2312 2506 2383 2558 τὰ
2427 2504 2621 2559 εἴδωλα
2655 2506 2864 2576 πλάνης
2914 2508 3082 2577 μηδὲν
3114 2508 3450 2580 ὠφελῆσθαι,
3483 2511 3595 2563 δεῖν
3627 2512 3771 2579 ἔγνω

2181 2597 2243 2651 τὺ
2287 2598 2451 2661 σέϐας
2502 2600 2847 2669 μεταϐαλεῖν,
2902 2602 3223 2671 κινήσαντος
3279 2603 3406 2668 ίσως
3466 2603 3627 2657 αὐτὸν
3674 2605 3774 2657 καὶ

2181 2687 2314 2741 Θεοῦ
2345 2684 2454 2759 (οἶα
2483 2690 2553 2743 τὰ
2581 2691 2793 2744 ἐκείνου
2827 2692 3164 2763 κρίματαί),
3199 2694 3286 2747 ἵνα
3323 2695 3401 2764 τῷ
3442 2695 3643 2765 χρονίῳ
3667 2694 3776 2762 τῆς

2184 2780 2450 2850 μάστιγος
2492 2781 2697 2854 ἐλκύσῃ
2732 2782 2870 2853 πρὸς
2902 2784 3116 2837 ἑαυτὸν.
3151 2784 3312 2847 Ὄλος
3355 2785 3648 2856 τοιγαροῦν
3670 2785 3777 2854 ὅλῃ

2180 2870 2408 2941 δυνάμει
2455 2873 2752 2935 πιστεύσας
2804 2874 2945 2944 Θεῷ,
3004 2876 3171 2928 ἐδεῖτο
3228 2875 3444 2947 νύκτωρ
3498 2874 3594 2929 καὶ
3646 2874 3781 2946 μεθ’

2180 2964 2395 3034 ἡμέραν
2443 2963 2632 3026 αὐτοῦ,
2672 2965 2869 3037 μεσίτῃ
2918 2963 2995 3033 τῷ
3048 2963 3274 3035 Συμεὼν
3322 2964 3626 3037 χρώμενος,
3667 2965 3778 3034 τῆς

2180 3056 2469 3126 παρέσεως
2514 3057 2793 3127 ἀνεθῆναι.
2843 3057 3048 3129 Συνέϐη
3089 3058 3134 3108 δ’
3169 3061 3227 3111 ὲν
3264 3057 3459 3128 τούτῳ,
3504 3058 3625 3111 τινὰ
3652 3058 3774 3111 τῶν

2179 3148 2283 3201 ἀνὰ
2304 3147 2402 3215 τὴν
2423 3146 2606 3218 χώραν
2629 3147 2842 3214 ἐκείνην
2870 3146 3087 3215 τυφλῶν
3103 3148 3469 3216 προσελθόντα
3496 3148 3574 3217 τῷ
3600 3149 3775 3219 Ἀγίῳ

2179 3241 2411 3305 πιστῶς,
2464 3241 2573 3310 ἁφῇ
2625 3238 2818 3294 τούτου
2881 3240 2974 3293 καὶ
3025 3240 3282 3311 σφραγῖδι
3340 3239 3552 3309 βλέψαι.
3592 3232 3771 3303 Οὖτις

484 3326 631 3379 hanc
661 3326 765 3380 sibi
796 3326 972 3396 legem
1004 3327 1220 3385 statuit.
1265 3335 1328 3381 ut
1366 3326 1464 3381 illo
1488 3326 1578 3381 die
1610 3326 1926 3395 quotannis,
1965 3342 2074 3396 quo

2179 3331 2338 3396 ἀξίας
2401 3331 2637 3401 ἀμοιϐῆς
2694 3330 2918 3401 ἀπορῶν
2995 3331 3069 3402 (τί
3142 3330 3251 3401 γὰρ
3299 3331 3594 3401 ὀφθαλμῶν
3648 3333 3771 3383 ίσο-

487 3427 598 3471 tam
624 3416 861 3471 mirandi
895 3416 1144 3471 beneﬁcii
1171 3432 1400 3487 compos
1429 3417 1611 3471 factus
1634 3426 1772 3480 erat.
1801 3418 2074 3488 quidquid

486 3509 734 3562 lucratus
756 3506 952 3563 [uisset
983 3523 1150 3579 opera
1181 3523 1448 3563 manuum
1488 3522 1735 3571 suarum,
1771 3507 2074 3564 distribue-

488 3610 574 3654 rct
610 3600 668 3656 in
707 3614 934 3670 egenos.

554 3804 680 3860 203.
719 3803 856 3859 Cum
886 3802 1057 3875 igitur
1083 3811 1276 3857 votum
1318 3803 1673 3872 impleturus,
1711 3820 1902 3874 panes,
1929 3821 2071 3876 quo-

486 3910 612 3949 rum
635 3903 764 3949 tunc
789 3894 1003 3963 copiam
1026 3894 1133 3948 sibi
1159 3904 1603 3963 comparaverat,
1633 3905 1903 3966 erogaret,
1934 3898 2072 3968 iam—

485 4001 593 4067 que
637 3992 998 4056 porrecturus
1044 3984 1347 4055 paralytico
1392 4000 1614 4055 quoque
1653 3993 1839 4053 esset;
1880 3995 2075 4043 exten-

485 4077 650 4134 dente
666 4077 734 4133 ad
756 4075 1141 4147 accipiendum
1161 4090 1385 4130 manum
1407 4092 1563 4132 suam
1590 4092 1806 4143 sorore,
1828 4078 2074 4136 inhibuit

485 4187 573 4231 se,
602 4169 870 4224 mandans
897 4176 958 4223 ut
987 4183 1131 4239 aeger
1170 4167 1287 4238 ipse
1321 4168 1784 4238 apprehenderet.
1820 4169 2074 4224 Claman-

487 4262 635 4316 tibus
664 4269 849 4316 autem
883 4259 978 4330 qui
1026 4259 1257 4314 aderant
1295 4276 1309 4312 :
1343 4259 1539 4315 Nonne
1579 4261 1750 4322 vides,
1789 4260 2075 4315 dissolutis

487 4357 663 4426 iacere
703 4353 909 4419 nervis,
941 4352 1300 4422 impotentem
1335 4352 1431 4421 qui
1464 4351 1551 4406 vel
1586 4351 1898 4406 membrum
1944 4367 2070 4407 cor-

488 4445 641 4514 poris
680 4445 850 4499 ullum
887 4444 971 4497 vel
1001 4444 1332 4513 particulam
1358 4442 1615 4497 moveat?
1642 4441 1928 4496 conﬁdens
1956 4442 2073 4511 ipse

487 4539 693 4592 virtute
742 4536 979 4606 Spiritus
1055 4536 1231 4590 sancti
1296 4534 1626 4604 Symeonem
1680 4532 2072 4599 inhabitantis,

489 4636 601 4692 aut.
643 4627 790 4698 quod
833 4625 1159 4681 credibilius
1198 4633 1305 4684 est.
1340 4623 1516 4693 ipsius
1552 4622 1785 4691 spiritus
1809 4623 2070 4692 impulsu,

485 4736 650 4792 quam
690 4719 870 4790 potuit
906 4718 1213 4773 clarissima
1255 4730 1393 4769 voce
1430 4731 1443 4767 :
1483 4715 1540 4768 In
1580 4713 1825 4778 nomine,
1868 4716 2068 4785 inquit,

488 4811 635 4867 servi
662 4811 758 4866 Dei
783 4808 1093 4879 Symeonis,
1118 4806 1214 4875 qui
1240 4806 1296 4859 in
1322 4803 1562 4859 mirabili
1586 4812 1834 4859 moratur
1851 4816 2068 4873 monte;

487 4912 543 4958 et
577 4902 672 4972 qui
701 4916 787 4956 me
812 4914 1017 4957 caecum
1049 4896 1240 4951 videre
1270 4895 1420 4958 fecit,
1452 4894 1689 4951 extende
1719 4912 1913 4952 manus
1950 4906 2072 4953 luas

489 5002 547 5050 et
593 4994 783 5062 accipe
837 4987 1307 5044 benedictionem.
1354 4986 1489 5041 Cum
1548 4988 1699 5043 illico
1749 4989 2070 5059 (quomodo,

489 5083 818 5142 immortalis
858 5078 1089 5134 Domine
1109 5120 1124 5143 ,
1157 5078 1390 5133 cantabo
1413 5078 1844 5133 misericordiam
1861 5089 2008 5132 tuam
2029 5079 2068 5147 ι)

2176 3424 2427 3490 crdo-tm);
2446 3423 2490 3491 ),
2512 3421 2753 3476 τοιοῦτον
2781 3421 2958 3492 ἑαυτῷ
2994 3421 3178 3492 τίθησι
3207 3422 3396 3491 νόμον,
3419 3423 3517 3492 τὴν
3547 3422 3770 3492 ἡμέραν

2175 3515 2329 3578 ἔτους
2359 3515 2613 3577 ἑκάστου,
2642 3513 2763 3567 καθ’
2798 3514 2865 3585 ἢν
2903 3513 3003 3582 τῆς
3032 3513 3339 3582 παραδόξου
3369 3514 3573 3584 ταύτης
3602 3511 3773 3583 θερα-

2174 3605 2334 3668 πείας
2371 3606 2548 3675 τύχοι,
2586 3606 2731 3677 ἅπερ
2781 3605 2849 3659 ἂν
2888 3606 2922 3675 ἡ
2967 3605 3090 3675 χεὶρ
3121 3605 3323 3675 ἔχουσα
3360 3602 3446 3674 είη
3479 3602 3769 3671 διανέμειν

2173 3699 2290 3760 τοῖς
2320 3697 2546 3751 ὲνδεέσι.

2246 3789 2351 3857 σγ’.
2383 3790 2521 3844 Ποτὲ
2540 3788 2667 3857 γοῦν
2684 3790 2713 3842 ὁ
2730 3788 2829 3858 μὲν
2856 3788 2947 3842 τδν
2962 3790 3204 3845 τοιοῦτον
3221 3787 3431 3859 ὲπεπλή
3440 3805 3533 3859 pou
3561 3788 3759 3858 νόμον.

2175 3881 2265 3934 καὶ
2300 3880 2501 3952 ἄρτους
2537 3881 2708 3936 ἐδίδου
2737 3874 2813 3934 ὧν
2839 3878 3149 3952 τηνικαῦτα
3169 3873 3428 3952 ηὐπόρει,
3454 3880 3669 3953 ὀρέγειν
3703 3882 3770 3935 δὲ

2174 3974 2276 4044 ἤδη
2315 3974 2412 4027 καὶ
2451 3972 2529 4044 τῷ
2560 3972 2857 4044 παραλύτῳ
2907 3972 3138 4042 μέλλων,
3184 3974 3283 4044 τὴν
3317 3975 3478 4044 χεῖρα
3512 3973 3652 4043 πρὸς
3704 3976 3772 4027 τὸ

2173 4064 2360 4118 λαϐεῖν
2385 4065 2485 4135 τῆς
2508 4066 2744 4136 ἀδελφῆς
2765 4064 3106 4136 ἐκτεινάσης,
3133 4064 3395 4136 ἐπισχὼν,
3424 4064 3587 4120 αὐτὸν
3619 4066 3774 4117 ἐκεί-

2174 4175 2264 4212 νον
2294 4160 2512 4213 ἐκέλευε
2544 4159 2796 4230 δέχεσθαι
2834 4160 3025 4230 χεῖρας
3049 4158 3360 4229 ὑποσχόντα
3381 4158 3472 4212 τὸν
3493 4158 3775 4227 παρειμὲοτ

2173 4267 2281 4303 νον.
2314 4249 2436 4303 Τῶν
2468 4248 2527 4301 δὲ
2567 4249 2876 4322 παρόντων,
2930 4250 3043 4319 Οὐχ
3097 4249 3231 4319 ὁρᾷς
3278 4248 3425 4310 ὅπως
3473 4248 3775 4318 παρέσεως

2174 4342 2310 4412 ἔχει,
2337 4340 2627 4409 λεγόντων,
2653 4340 2729 4403 ὡς
2760 4340 2896 4410 μηδὲ
2926 4339 3078 4410 μέλει
3107 4339 3202 4393 τοῦ
3228 4336 3479 4408 σώματός
3510 4354 3620 4389 τινι
3658 4355 3776 4408 μη-

2177 4434 2234 4486 δὲ
2276 4434 2433 4506 μέρει
2477 4431 2715 4505 χρῆσθαι
2747 4430 2971 4494 δυνατὸς
3005 4426 3182 4497 δίναις
3230 4429 3513 4500 θαρρήσας
3555 4428 3774 4492 ὲκεῖνις

2173 4528 2241 4596 τῇ
2276 4524 2563 4597 ὲνοικούσῃ
2593 4524 2689 4577 τοῦ
2720 4524 3035 4594 Πνεύματος
3065 4522 3292 4590 δυνάμει
3341 4520 3420 4590 τῷ
3448 4517 3697 4589 Συμεὼν,
3734 4523 3772 4590 ἦ

2177 4615 2273 4669 καὶ
2306 4614 2549 4685 κινηθεὶς
2583 4615 2677 4667 ὑπ’
2707 4615 2901 4684 αὐτῆς,
2927 4614 2957 4668 ὃ
3004 4614 3097 4667 καὶ
3151 4614 3372 4682 μᾶλλον,
3410 4613 3640 4683 λαμπρᾷ
3684 4614 3769 4673 ὡ;

2176 4704 2320 4777 εἶχεν
2353 4706 2647 4760 ὑπολαϐὼν
2663 4709 2730 4778 τῇ
2762 4709 2936 4778 φωνῇ,
2971 4706 3059 4759 Ἐν
3085 4705 3311 4774 ὀνόματι
3337 4703 3431 4758 τοῦ
3452 4704 3640 4757 δούλου
3667 4704 3770 4756 τοῦ

2176 4796 2310 4851 Θεοῦ
2338 4795 2563 4866 Συμεὼν
2596 4795 2689 4850 τοῦ
2713 4795 2856 4850 κατὰ
2884 4795 2946 4849 τὸ
2977 4794 3291 4865 θαυμαστὸν
3320 4793 3468 4863 ὄρος,
3502 4793 3629 4862 ἔφη,
3662 4793 3770 4847 τοῦ

2177 4888 2322 4957 κάμὲ
2345 4888 2544 4956 τυφλὸν
2570 4887 2700 4941 ὄντα
2729 4888 3054 4958 ποιήσαντος
3077 4885 3402 4955 ἀναϐλέψαι,
3431 4886 3531 4947 τὰς
3561 4884 3768 4936 ἑαυτοῦ

2178 4980 2364 5048 χεῖρας
2422 4977 2691 5039 ἐκτείνας,
2729 4974 2879 5040 δέξαι
2944 4974 3045 5045 τὴν
3101 4974 3392 5042 εὐλογίαν·
3444 4974 3542 5028 καὶ
3574 4988 3771 5042 παρα-

2178 5074 2371 5145 χρῆμα
2399 5070 2465 5133 (ὢ
2502 5068 2641 5132 πῶς,
2664 5069 2900 5122 ἀθάνατε
2939 5068 3142 5139 Χριστὲ
3176 5065 3420 5137 βασιλεῦ,
3443 5064 3647 5137 ᾄσομαι
3695 5067 3773 5121 τὰ.

491 5193 602 5234 non
659 5184 875 5231 tantum
923 5170 1293 5226 corroborata:
1324 5186 1518 5226 manus
1569 5179 1870 5241 potuerunt
1904 5186 2073 5241 panes

2179 5165 2295 5234 ὲλέη
2333 5163 2497 5229 σουι)
2533 5160 2595 5212 οὐ
2629 5160 2813 5229 χεῖρες
2843 5156 3084 5228 ἔρρωντο
3117 5156 3277 5225 μόνον
3305 5155 3432 5218 τοὺς
3458 5154 3657 5223 ἄρτους
3678 5152 3767 5205 δερ

491 5264 934 5339 apprehendere,
968 5277 1158 5315 verum
1186 5261 1555 5332 quodcunque
1579 5271 1746 5317 etiam
1769 5261 1919 5316 aliud
1944 5276 2072 5316 cor—

492 5359 645 5431 poris
675 5353 985 5410 membrum
1019 5353 1230 5425 integre
1255 5363 1504 5408 sanatum
1537 5369 1638 5424 pro
1670 5353 1944 5424 exigentia
1978 5368 2075 5407 na-

494 5463 628 5506 tura:
659 5445 1008 5503 movebatur.
1035 5445 1319 5517 Quotquot
1348 5447 1516 5517 igitur
1544 5456 1848 5517 praesentes
1891 5453 2072 5509 erant,

492 5542 898 5610 obstupuerunt
917 5539 1132 5595 insolita
1155 5539 1389 5612 prodigii
1412 5538 1791 5611 magnitudine
1814 5556 1827 5592 :
1848 5538 1922 5592 illi
1945 5553 2079 5592 vero

492 5629 584 5700 qui
615 5637 837 5684 sanatus
866 5628 1042 5685 fuerat
1070 5629 1333 5686 invisibili
1361 5631 1597 5701 quodam
1622 5630 1786 5684 modo
1815 5628 2071 5699 apparuit

493 5732 731 5783 sanctus,
776 5722 1001 5777 hortans
1043 5738 1169 5776 eum
1220 5729 1282 5777 ut
1334 5721 1557 5775 domum
1611 5721 1959 5784 concederet,
2013 5730 2069 5775 et

507 5826 613 5881 tuae
644 5811 718 5866 ibi
752 5811 989 5867 habebat
1016 5811 1161 5866 idola
1186 5811 1607 5888 comminueret.
1642 5811 1741 5865 Hic
1770 5826 1923 5878 vero,
1959 5826 2067 5864 non

2172 5257 2420 5328 χόμεναι,
2467 5251 2603 5306 ἀλλὰ
2655 5251 2750 5303 καὶ
2795 5248 2847 5300 εί
2900 5266 2951 5301 τι
2990 5246 3119 5303 ἀλλο
3149 5245 3244 5299 τοῦ
3282 5243 3535 5314 σώματος
3570 5244 3764 5312 μέλος,

2175 5347 2341 5416 ὑγιῶς
2371 5346 2603 5399 ἐκινεῖτο
2636 5342 2731 5396 καὶ
2761 5340 2901 5393 κατὰ
2939 5338 3122 5409 φύσιν.
3151 5338 3214 5389 Οί
3244 5337 3344 5406 μὲν
3370 5331 3467 5389 οὖν
3494 5335 3769 5406 παρόντες

2172 5439 2251 5510 τῷ
2286 5436 2380 5491 τοῦ
2414 5435 2689 5505 θαύματος
2742 5431 2962 5503 μεγέθει
3013 5427 3537 5501 κᾳταπεπλήγεσαν,
3707 5425 3768 5477 δὲ

2173 5530 2389 5599 τυχόντι
2427 5527 2526 5597 τῆς
2569 5523 2867 5597 θεραπείας
2897 5522 2925 5573 ὁ
2956 5521 3146 5588 ’Ἄγιος
3177 5518 3424 5581 ἁθεάτως
3449 5514 3764 5583 ἐπιφανεὶς,

2171 5622 2354 5677 οἴκαδε
2386 5619 2631 5683 ἀπιέναι,
2671 5617 2741 5668 τά
2783 5632 2843 5667 τε
2889 5612 3020 5681 παρ’
3052 5610 3202 5681 αὐτῷ
3231 5609 3428 5664 εἴδωλα
3452 5604 3765 5676 συντρίϐει)

2178 5715 2381 5785 σπουδῇ
2408 5710 2725 5783 παρηγγύα.
2760 5707 2820 5760 '0
2850 5706 2907 5759 δὲ
2936 5706 2998 5758 οὐ
3024 5706 3125 5775 τὴν
3148 5702 3369 5773 ἐντολὴν
3407 5701 3565 5771 μόνον
3593 5696 3765 5761 ὀξέως

2177 5808 2437 5879 ἐπλήρου,
2461 5803 2597 5858 ἀλλά
2622 5819 2674 5855 τι
2699 5799 2791 5855 καὶ
2810 5798 2940 5871 παρ’
2969 5795 3161 5851 ἑαυτοῦ
3189 5792 3502 5863 προσετίθει
3538 5787 3767 5859 πῖοραύ-
