4018 6390
202 331 355 398 31⁸13

1247 343 1425 403 νιΤΑ
1462 344 1510 402 Λ
1543 339 1983 403 NICEPIIORO
2019 345 2511 408 CONSCRIPTA.

3369 352 3512 421 3174

203 476 336 536 τοῖς
368 474 514 544 μετὰ
543 476 641 545 τῆς
669 474 963 546 συντριϐἦς
1002 475 1276 544 ἐμϐαλὼν,
1300 479 1396 532 καὶ
1424 478 1524 549 τὴν
1554 479 1822 551 προτέραν

1931 461 2096 515 modo
2145 463 2293 532 quod
2331 465 2521 534 jussus
2559 476 2678 519 erat
2705 466 3035 537 :udimplcvit
3081 485 3377 543 accurate;
3414 479 3511 535 sed

204 567 451 637 ἀπάτην
515 566 905 637 δημοσιεύσας,
950 569 1202 639 καθάπερ
1265 570 1413 641 αὐτῷ
1466 572 1671 640 ταύτης
1719 571 1821 625 οὐκ

205 658 385 728 ὀλίγα
420 675 559 729 μετα
567 658 838 729 μελῆσαν.

296 836 398 889 36'.
432 828 599 898 υῦτος
638 835 698 888 ἐν
746 834 900 905 ἀκμῇ
940 834 1040 904 τῆς
1081 835 1405 907 ήλικίας,ώς
1459 837 1690 909 ἔφημεν,
1721 836 1819 902 ὢν,

215 924 606 998 μνηστεύεται
636 940 783 988 τινος
813 924 1076 995 Ἕλληνος
1116 925 1414 997 θυγατέρα,
1451 926 1709 990 τοιαύτας
1736 926 1820 978 θέ-

214 1034 395 1088 μενος
423 1016 641 1086 πρῶτον
670 1013 791 1086 Θεῷ
826 1016 919 1069 καὶ
946 1015 1025 1087 τῷ
1058 1014 1285 1086 Συμεὼν
1307 1017 1656 1088 ὑποσχέσεις,
1677 1016 1818 1071 ὥστε

215 1114 304 1183 μὴ
370 1116 642 1182 πρότερον
707 1110 974 1182 ὁμιλῆσαι
1024 1111 1226 1182 γάμοις
1280 1111 1415 1183 πρὶν
1453 1111 1519 1166 ἂν
1550 1112 1701 1181 παρά
1733 1113 1823 1165 τὸν

213 1205 426 1259 στύλον
454 1205 772 1273 γενόμενος,
806 1203 1000 1277 ὑψώσῃ
1040 1220 1098 1257 σε
1129 1205 1158 1257 ὁ
1198 1204 1332 1269 Θεός
1369 1222 1469 1276 μου
1498 1208 1526 1258 ὀ
1562 1204 1825 1268 Βασιλεύς

215 1313 356 1365 μου,
394 1296 491 1349 καὶ
521 1294 597 1365 τῷ
645 1294 724 1364 σῷ
753 1295 1047 1367 θεράποντι
1082 1298 1309 1367 Συμεὼν
1358 1297 1544 1368 ἀποδῷ
1593 1297 1693 1361 τὰς
1730 1299 1823 1352 εύ-

216 1388 545 1459 χαριστίας.
582 1387 690 1441 Τοῦ
724 1387 782 1441 δὲ
811 1388 913 1457 τῆς
943 1390 1111 1461 κόρης
1147 1389 1375 1461 πατρὸς,
1411 1393 1464 1444 εί
1500 1389 1576 1462 μὴ
1622 1390 1718 1444 νῦν
1770 1392 1819 1443 ol

214 1480 403 1549 γάμοι
436 1479 864 1545 συπελεσθείεν,
908 1481 1009 1534 οὐκ
1039 1482 1242 1535 ἀνεκτὰ
1268 1483 1620 1550 ποιουμένου,
1652 1482 1825 1537 ἐκδώ-

220 1570 426 1624 σεσθαι
477 1571 533 1625 δέ
559 1571 655 1625 καὶ
685 1572 848 1625 αὐτὸν
871 1573 1044 1644 ἑτέρῳ
1085 1573 1290 1642 μᾶλλον
1321 1575 1477 1643 ἀνδρὶ
1535 1574 1827 1628 ἀπειλοῦνη

216 1681 349 1729 τος,
401 1663 663 1736 δευτέρας
703 1666 912 1727 ἐκεῖνος
942 1666 1051 1718 τῶν
1081 1667 1145 1719 ἐκ
1176 1666 1270 1723 τοῦ
1302 1667 1568 1738 πενθεροῦ
1599 1667 1825 1738 θέμενος

223 1754 499 1823 ἀναγκῶν
530 1756 628 1819 τὰς
681 1756 822 1827 πρὸς
869 1756 959 1811 τὸν
997 1759 1188 1825 Ἀγιον
1237 1757 1538 1828 συνθήκας,
1584 1759 1825 1813 ἐπινεύει

222 1846 333 1900 καὶ
357 1848 534 1912 ἄκων,
569 1847 666 1901 καὶ
699 1847 836 1919 δῆτα
860 1848 1087 1902 πάντων
1116 1849 1225 1903 τῶν
1264 1851 1330 1903 ἐκ
1351 1851 1455 1920 τῆς
1512 1850 1824 1922 περιχώρου

223 1938 429 2010 σχεδὸν
441 1938 1131 2012 ἀθροισθέντων,Ἒλληνες
1143 1940 1200 1993 δὲ
1213 1935 1354 2012 ἦσαν
1368 1939 1476 2013 ἀρα
1490 1941 1587 1995 καὶ
1603 1943 1704 2013 τῆς
1718 1942 1835 1995 Ἐλ-

216 2018 407 2087 λήνων
438 2016 763 2088 θρησκείας,
793 2015 869 2080 ώς
899 2018 999 2090 ήδη
1030 2019 1127 2073 καὶ
1148 2021 1199 2073 οἱ
1222 2021 1392 2091 γάμοι
1416 2024 1816 2091 συνετελοῦντο,

210 2108 327 2165 καὶ
354 2107 427 2162 τὰ
454 2106 705 2180 γαμήλια
735 2109 1034 2176 εἱστιῶντο,
1090 2111 1346 2181 δαίμονες
1390 2116 1575 2180 αὐτοῖς
1622 2116 1821 2189 ἀθρόον

224 2202 596 2274 ἐπιπηδῶσιν,
625 2204 687 2257 οὐ
737 2205 816 2274 τῷ
857 2206 1095 2277 γαμϐρῷ
1119 2208 1216 2263 καὶ
1247 2208 1324 2279 τῷ
1354 2210 1604 2284 πενθερῷ
1636 2213 1821 2283 μόνον,

223 2293 367 2349 ἀλλά
390 2294 487 2348 καὶ
516 2297 580 2366 τῇ
611 2295 798 2367 νύμφῃ
832 2296 1054 2369 δηλαδὴ,
1086 2300 1180 2353 καὶ
1205 2303 1273 2371 τῇ
1328 2302 1520 2374 μητρὶ,
1562 2304 1662 2358 καὶ
1707 2307 1821 2369 τοῖς

225 2387 507 2457 ἀδελφοῖς,
536 2389 633 2442 καὶ
665 2391 782 2442 ὅσοι
812 2390 963 2446 ἄλλοι
1003 2392 1115 2445 τῶν
1144 2394 1340 2462 γάμων
1373 2389 1514 2465 ἦσαν
1549 2394 1821 2465 ὑπηρέται

224 2481 331 2535 καὶ
361 2480 696 2534 σπουδασταί
719 2496 732 2509 ο
763 2482 862 2552 ούχ
890 2482 1033 2536 οὕτω
1054 2484 1283 2556 τὴντῶν
1315 2484 1601 2557 συνθηκῶν
1627 2487 1824 2559 ἀθέτη-

226 2589 344 2634 σιν,
368 2567 548 2641 οἶμαι,
569 2571 673 2643 τῆς
705 2572 855 2637 θείας
880 2574 1038 2647 δίκης
1066 2574 1548 2648 δυσχεραινούσης,
1566 2579 1690 2633 ὅσον
1712 2579 1821 2632 ἀπὸ

226 2663 337 2735 τῆς
370 2664 464 2716 ἐπὶ
481 2664 551 2716 τὰ
572 2662 770 2717 εἴδωλα
800 2664 1009 2735 πλάνης
1038 2667 1365 2738 ἐπιστρέψαι
1394 2669 1570 2739 ψυχὰς
1588 2672 1667 2733 εἰς
1699 2669 1822 2724 ἐπί-

230 2771 444 2821 γνωσιν
501 2754 637 2807 Θεοῦ
684 2755 1039 2827 βουλομένης.
1101 2759 1169 2811 Ὃ
1211 2759 1275 2830 δὴ
1324 2763 1417 2812 καὶ
1465 2761 1608 2814 κατὰ
1654 2761 1823 2824 πόδας

226 2847 478 2917 ἀπήντα.
512 2844 798 2915 Ῥίψαντες
815 2848 926 2917 γὰρ
948 2848 1015 2900 τά
1046 2850 1102 2901 ἐν
1130 2852 1285 2919 χερσὶ
1312 2852 1823 2924 πάντες,δρομαίως

228 2937 395 3006 παρὰ
437 2936 530 2989 τὸν
571 2938 762 3005 Ἀγιον
800 2938 1178 3007 ἀφικνοῦνται,
1226 2945 1287 2996 οὔ
1332 2943 1625 3014 θεραπείας
1661 2945 1823 3015 μόνον

229 3030 427 3096 τυχεῖν
445 3026 744 3093 ἀξιοῦντες,
776 3030 914 3084 ἀλλὰ
943 3031 1040 3085 καὶ
1066 3032 1167 3104 τὴν
1192 3036 1320 3106 περὶ
1349 3035 1417 3089 τά
1444 3034 1639 3090 εἴδωλα
1671 3035 1822 3104 σφῶν

1924 553 2133 623 aliquid
2171 555 2337 610 etiam
2389 557 2789 626 stiperaddens,
2820 561 2935 631 jam
2966 565 3208 621 contrita
3238 567 3428 638 injecit
3455 572 3510 626 in

1926 643 2137 714 ignem;
2201 661 2267 701 ac
2314 648 2611 717 pristinum
2662 665 2917 729 errorem
2978 668 3140 709 suum
3203 660 3513 728 publicans,

1925 737 2169 792 ostendit
2207 753 2266 794 se
2296 755 2412 793 non
2464 757 2602 795 vana
2638 743 2967 811 paenitentia
3007 745 3156 802 duci.

1993 827 2121 884 W4.
2147 827 2483 887 Versabatur
2507 833 2618 899 ille,
2653 844 2712 889 ut
2732 835 2943 891 dictum
2968 845 3074 898 est.
3108 840 3166 894 ln
3194 841 3332 897 ﬂore
3377 853 3514 899 aeta-

1924 921 2013 988 tis,
2079 922 2452 994 poscebatque
2502 941 2730 981 uxorem
2773 928 2878 983 sibi
2937 931 3164 999 gentilis
3218 935 3510 1003 cujusdam

1926 1012 2117 1078 tiliam,
2176 1013 2281 1068 hac
2310 1014 2466 1083 prius
2516 1016 2914 1085 pollicitatione
2960 1021 3074 1075 Deo
3132 1037 3198 1077 ac
3252 1023 3514 1096 Symeoni

1926 1103 2089 1170 facta,
2120 1119 2230 1159 non
2257 1105 2516 1161 daturum
2547 1122 2606 1163 se
2625 1109 2782 1178 prius
2805 1125 3033 1180 operam
3053 1115 3512 1188 conjugio,quam

1926 1193 2195 1250 accedens
2218 1195 2286 1250 ad
2321 1196 2658 1263 columnam,
2681 1209 2733 1253 te
2753 1200 2925 1255 Deum
2953 1219 3020 1259 ac
3050 1219 3235 1276 regem
3261 1217 3513 1263 nostrum

1925 1287 2217 1342 extulisset
2276 1288 2493 1343 meritis
2551 1290 2828 1358 laudibus,
2889 1310 3103 1367 suoque
3150 1298 3365 1354 medico
3410 1299 3514 1369 Sy-

1928 1379 2108 1433 meoni
2132 1379 2339 1450 gratias
2360 1379 2742 1449 persolvisset.
2777 1382 2885 1438 Sed
2925 1400 3050 1438 cum
3099 1387 3299 1456 puellae
3331 1398 3511 1457 pater,

1928 1469 2035 1526 nisi
2059 1469 2245 1525 statim
2300 1470 2500 1526 tierent
2552 1473 2781 1542 nuptiae,
2834 1491 2944 1529 non
2998 1480 3401 1546 permissurum
3453 1498 3513 1537 se

1928 1560 2149 1626 deinde,
2174 1560 2286 1615 imo
2308 1560 2468 1615 alteri
2522 1564 2642 1616 vim
2681 1564 3082 1621 collocaturum
3142 1568 3309 1623 tiliam
3356 1585 3511 1624 suam

1927 1651 2304 1718 minitaretur;
2323 1660 2481 1721 pacta
2498 1652 2589 1707 ille
2614 1668 2738 1707 cum
2762 1667 2958 1710 sancto
2980 1657 3116 1712 inita
3143 1670 3510 1729 postponens,

1928 1743 2242 1798 necessitati
2267 1759 2297 1798 a
2328 1757 2524 1797 socero
2553 1743 2659 1800 sibi
2706 1743 2864 1800 facta:
2892 1747 3088 1800 annuit
3120 1748 3250 1803 licet
3280 1750 3510 1816 invitus;

1930 1835 2097 1905 idque
2121 1836 2465 1906 congregatis
2486 1835 2603 1890 fere
2629 1837 2826 1891 vicinis
2854 1838 3140 1904 omnibus,
3158 1840 3253 1908 qui
3277 1842 3515 1911 gentiles

1928 1936 2088 1983 erant
2118 1936 2175 1982 et
2200 1927 2491 1998 gentilitiis
2543 1928 3038 1998 superstitionibus
3094 1930 3291 1987 dediti.
3340 1933 3514 1988 Porro

1929 2018 2228 2075 celebratis
2277 2019 2389 2088 jam
2437 2019 2650 2089 nuptiis
2708 2022 3004 2091 solutoque
3035 2024 3311 2088 convivio,
3373 2025 3511 2079 insi-

1928 2110 2073 2165 liunt
2124 2119 2351 2181 repente
2398 2110 2701 2188 dmmones,
2764 2127 2877 2166 non
2927 2114 3104 2168 solum
3151 2115 3207 2173 in
3244 2132 3508 2188 generum

1928 2209 2095 2271 atque
2127 2215 2404 2266 socerum,
2431 2182 2612 2257 sedet
2641 2201 2696 2256 in
2727 2217 3013 2272 sponsam,
3059 2205 3116 2259 in
3168 2216 3421 2273 matrem,
3456 2207 3511 2261 in

1929 2291 2149 2355 fratres,
2181 2303 2238 2348 et
2270 2303 2543 2364 quotquot
2563 2294 2803 2349 ministri
2844 2296 3157 2353 fautoresve
3194 2301 3513 2370 nuptiarum

1930 2382 2190 2451 fuerant;
2221 2385 2410 2439 divina
2445 2385 2663 2456 justitia
2706 2403 2816 2441 non
2854 2397 2963 2442 tam
3011 2405 3178 2459 mgre,
3244 2400 3305 2445 ut
3356 2401 3516 2461 puto,

1927 2471 2141 2528 ferente
2196 2474 2509 2544 neglectum
2568 2486 2878 2544 pactorum,
2929 2493 3096 2547 quam
3154 2481 3380 2536 volente
3442 2483 3514 2537 ab

1927 2564 2200 2620 idolorum
2234 2580 2428 2621 errore
2463 2566 2731 2622 abductas
2757 2569 2974 2625 animas
3020 2570 3088 2625 ad
3132 2573 3254 2627 veri
3285 2573 3380 2628 Dei
3415 2589 3514 2629 co-

1927 2657 2230 2728 gnitionem
2260 2659 2512 2713 converti
2542 2675 2556 2712 :
2595 2659 2743 2729 quod
2776 2661 2945 2716 etiam
2991 2664 3259 2719 continuo
3304 2665 3514 2721 factum

1927 2754 2034 2801 est.
2064 2746 2310 2818 Abjectis
2330 2748 2477 2802 enim
2500 2749 2571 2804 iis
2611 2765 2735 2820 quae
2759 2767 2872 2821 pra:
2922 2754 3180 2810 manibus
3208 2767 3387 2823 erant,
3418 2772 3512 2812 ce-

1929 2839 2032 2893 leri
2063 2854 2231 2895 cursu
2257 2839 2326 2894 ad
2353 2850 2608 2895 sanctum
2640 2843 2952 2911 pervadunt
2996 2830 3209 2912 omnes,
3250 2862 3360 2902 non
3388 2857 3514 2904 tan-

1928 2941 2043 2986 tum
2071 2940 2332 3003 rogantes
2360 2932 2655 2997 medelam,
2690 2934 2786 2988 sed
2811 2943 2868 2989 et
2899 2936 3121 3006 publice
3161 2939 3510 3007 proclaman-

1928 3031 2014 3079 tes
2045 3024 2254 3079 cultum
2286 3023 2562 3078 idolorum
2623 3041 2851 3081 suorum
2911 3043 3035 3083 esse
3079 3044 3400 3096 erroneum,
3455 3040 3515 3085 et

230 3120 459 3190 ἀπάτην
481 3121 921 3192 δημοσιεύοντες,
972 3124 1066 3179 καὶ
1119 3127 1310 3197 μισθὸν
1335 3127 1525 3199 ὥσπερ
1549 3124 1618 3202 ἦς
1659 3129 1822 3202 ᾔτουν

1930 3115 2088 3184 quasi
2119 3114 2432 3170 mercedem
2476 3117 2741 3186 postulati
2786 3118 3041 3173 beneﬁcii
3087 3120 3513 3175 conversionem

233 3212 586 3282 εὐεργεσίας,
616 3213 714 3286 τὴν
743 3216 825 3279 είς
852 3215 985 3271 Θεὸν
1005 3218 1345 3292 ἐπιστροφὴν
1373 3222 1826 3287 καταϐάλλοντες.

236 3299 351 3362 Οὓς
386 3298 418 3352 ὁ
461 3301 631 3370 ταχὺς
661 3301 742 3364 είς
767 3296 953 3356 οἶκτον
982 3302 1167 3369 εὐθὺς,
1193 3306 1294 3374 τῆς
1326 3306 1393 3358 ἐκ
1430 3304 1528 3358 τοῦ
1577 3304 1832 3375 δαίμονος

234 3389 512 3462 ἐπηρείας
541 3390 947 3463 ἐλευθερώσας,
978 3394 1076 3447 καὶ
1114 3394 1217 3448 ὅσα
1243 3396 1380 3467 πρὸς
1419 3398 1698 3467 σωτηρίαν
1749 3396 1832 3449 δι·-

232 3481 414 3547 δάξας
444 3483 543 3536 καὶ
576 3483 942 3554 παραινέσας,
971 3486 1147 3553 ὑγιεῖς
1176 3486 1361 3541 οἴκαδε
1408 3486 1662 3551 ἀπολύει,
1692 3488 1834 3559 λαμ-

236 3572 524 3645 προτέραν
554 3573 665 3629 τῶν
694 3575 902 3647 γάμων
940 3575 1117 3647 πολλῷ
1155 3578 1256 3648 τὴν
1293 3578 1506 3632 ἑαυτῶν
1552 3581 1831 3651 σωτηρίαν

235 3664 741 3736 πανηγυρίζοντας.

314 3763 415 3811 σε’.
448 3757 770 3829 Παρέόαλόν
822 3776 969 3825 τινες
1026 3759 1178 3831 αὐτῷ
1219 3759 1319 3831 τῆς
1386 3760 1775 3815 Καππαδοκῶν
1801 3801 1818 3827 ,

233 3848 515 3913 ποικίλοις
538 3850 737 3904 πάθεσι
761 3850 1077 3922 πιεζόμενοι
1101 3867 1117 3883 ⁸
1156 3851 1363 3906 τούτων
1402 3847 1483 3915 εἷς
1512 3852 1708 3917 άλαλος
1731 3849 1825 3924 ἦν.

234 3940 365 3995 Τῶν
396 3940 529 4009 γοῦν
572 3941 750 3996 ἄλλων
780 3942 1078 4014 θεραπείας
1118 3944 1225 3998 ὑπὸ
1256 3943 1353 3998 τοῦ
1398 3944 1582 4013 Ἀγίου
1632 3946 1829 4016 τυχόν-

231 4054 369 4103 των,
405 4038 565 4108 μόνος
593 4038 755 4108 ἐμενε
786 4040 1052 4109 κωφεύων
1082 4042 1312 4105 ἐκεῖνος,
1349 4040 1475 4113 μηδ’
1502 4039 1684 4096 ὁτιοῦν
1726 4042 1827 4112 τῆς

230 4130 321 4192 είς
345 4129 513 4183 αὐτὸν
545 4131 772 4201 πορείας
812 4132 1098 4202 ὀνάμενος.
1129 4132 1335 4203 Τρίτην
1375 4131 1670 4203 τοιγαροῦν
1703 4149 1815 4186 πα-

234 4220 616 4293 ραμείναντες
652 4222 861 4292 ἡμέραν
893 4225 1030 4288 ἐκεῖ,
1059 4223 1136 4287 ώς
1178 4223 1278 4295 ἢδη
1321 4224 1419 4295 τὴν
1450 4225 1577 4296 ἑξῆς
1603 4224 1828 4296 ἔμελλον

231 4313 489 4378 ἀπιέναι,
521 4296 903 4384 διαναθέμένοι
950 4315 1020 4369 τὰ
1049 4316 1266 4387 φορτία,
1302 4317 1503 4371 είσίασι
1543 4317 1683 4390 πρὸς
1723 4318 1827 4372 αύ-

230 4404 352 4467 τὸν,
380 4404 478 4457 τοῦ
516 4404 616 4468 τὰς
671 4404 840 4459 αὐτοῦ
870 4404 1038 4478 εὐχὰς
1082 4407 1494 4478 ἐφοδιασθῆναι.
1544 4409 1604 4464 '0
1637 4409 1823 4480 μέντοι

1929 3206 1998 3261 ad
2021 3207 2193 3262 Deum
2220 3207 2608 3279 rependentes.
2632 3209 2740 3265 Eos
2760 3225 2894 3281 ergo
2932 3211 3081 3266 celer
3129 3212 3199 3267 ad
3239 3213 3513 3269 miseran-

1931 3295 2064 3351 dum
2122 3296 2380 3370 Symeon,
2418 3307 2477 3354 et
2506 3299 2775 3357 daemonis
2835 3303 3128 3359 vexatione
3186 3304 3414 3370 liberos,
3458 3314 3515 3361 et

1930 3390 2243 3446 necessaria
2276 3390 2344 3445 ad
2371 3391 2607 3448 salutem
2634 3392 2882 3458 edoctos,
2924 3396 3260 3466 monitisque
3291 3397 3514 3453 institu-

1932 3490 2039 3547 tos,
2078 3497 2242 3537 sanos
2282 3491 2448 3553 atque
2500 3485 2809 3557 incolumes
2859 3484 3054 3542 domos
3108 3501 3236 3543 suas
3270 3487 3502 3553 remisit,

1930 3571 2280 3640 splendidius
2300 3573 2682 3629 conversionis
2701 3590 2812 3628 suae
2836 3590 3000 3644 quam
3024 3576 3339 3645 nuptiarum
3364 3576 3510 3632 diem

1929 3661 2328 3716 celebraturos.

1996 3750 2123 3806 305.
2157 3752 2533 3807 Perveneram
2566 3752 2790 3822 quidam
2848 3752 3203 3823 Cappadoces
3261 3755 3329 3809 ad
3387 3772 3514 3811 san-

1928 3850 2103 3905 ctum,
2128 3841 2295 3897 variis
2345 3840 2766 3897 inﬁrmitatibus
2802 3843 3010 3909 aﬂ'ecti,
3075 3861 3315 3915 quorum
3363 3861 3512 3903 unus

1927 3942 2047 3989 erat
2071 3942 2278 3990 mutus.
2321 3932 2459 3989 Cum
2515 3942 2700 3989 autem
2732 3949 2801 3989 ex
2849 3933 2938 3990 bis
2979 3935 3070 3990 alii
3128 3936 3510 3995 incolumitate

1928 4022 2290 4086 donarentur,
2326 4023 2478 4078 solus
2508 4022 2601 4078 hic
2656 4022 2900 4094 elinguis
2931 4027 3251 4094 permansit,
3296 4029 3510 4084 nullum

1927 4115 1997 4170 ab
2024 4130 2092 4171 eo
2150 4114 2349 4169 itinere
2403 4115 2656 4170 levamen
2712 4122 2930 4171 nactus.
2979 4116 3249 4173 Triduum
3306 4119 3510 4175 ibidem

1927 4205 2284 4277 perstiterant
2311 4213 2369 4261 et
2400 4212 2620 4275 postera
2651 4206 2777 4262 luce
2820 4207 3031 4262 abituri
3074 4218 3253 4272 erant,
3288 4210 3513 4280 quando

1926 4297 2175 4353 collectis
2203 4296 2439 4352 sarcinis
2482 4297 2552 4351 ad
2602 4308 2854 4353 sanctum
2907 4299 3188 4366 adierunt,
3240 4301 3514 4359 interces-

1928 4390 2137 4444 sionem
2162 4404 2228 4444 ac
2249 4405 2446 4459 preces
2474 4389 2648 4460 ipsius
2676 4406 2777 4461 pro
2810 4391 3017 4448 viatico
3035 4394 3340 4464 accepturi.
3364 4395 3514 4450 Inter

231 4495 444 4564 κωφὸς,
474 4497 744 4551 οἴκτιστόν
767 4514 822 4550 τι
853 4500 991 4569 πρὸς
1016 4500 1180 4554 αὐτὸν
1219 4500 1440 4571 βλέψας,
1467 4502 1728 4557 διανεύων
1753 4498 1822 4574 ἧν

1930 4483 2067 4537 alios
2118 4489 2308 4536 mutus
2355 4482 2446 4537 hic
2488 4494 2748 4538 sanctum
2798 4483 3044 4549 intuens,
3093 4485 3251 4541 triste
3287 4486 3420 4556 quid
3452 4502 3516 4541 ac

228 4588 375 4654 ἄγαν
403 4585 673 4651 ἐλεεινῶς.
719 4588 778 4642 '0
810 4589 866 4642 δὲ
897 4590 1087 4643 παθὼν
1110 4590 1198 4645 ἐπ’
1224 4592 1374 4663 αύτῷ
1397 4593 1495 4663 τὴν
1522 4592 1719 4665 ψυχὴν,
1744 4594 1828 4658 εις

229 4678 562 4749 οίκτιρμοὺς
610 4679 806 4750 ἔϐλεψε
866 4680 1030 4735 πάλιν
1108 4682 1237 4745 τοὺς
1297 4684 1679 4756 ἀδαπανήτους
1728 4686 1827 4740 καὶ

223 4768 546 4835 ἀκενώτους
569 4811 584 4836 ,
614 4771 713 4825 καὶ
742 4773 805 4825 τὸ
836 4773 1132 4843 πρόσωπον
1185 4776 1559 4846 ἀποστρέψας,
1587 4778 1680 4831 καὶ
1730 4780 1823 4833 τὸν

225 4861 499 4917 δάκτυλον
531 4860 608 4932 τῷ
642 4862 874 4932 στόματι
898 4861 1173 4932 ἐμϐαλὼν,
1210 4866 1306 4919 καὶ
1335 4867 1514 4937 ἠσυχῆ
1559 4871 1671 4932 τοῖς
1702 4871 1820 4940 χεί-

221 4955 382 5007 λεσιν
434 4954 719 5019 ἐκπιέσας,
756 4957 919 5026 ἐνῆκε
949 4956 1028 5029 τῷ
1062 4957 1293 5028 στόματι
1336 4958 1429 5012 τοῦ
1460 4959 1673 5030 ἀνδρὸς,
1701 4962 1730 5014 ὁ
1758 4959 1817 5014 δὲ

221 5046 333 5099 ὅσα
365 5045 465 5099 καὶ
525 5046 694 5119 θηλὴν
743 5048 1083 5119 ἐκμυζήσας,
1139 5050 1353 5121 τρανῶς
1407 5051 1609 5106 αὐτίκα
1659 5051 1815 5124 ὤφθη

220 5134 430 5202 λαλῶν,
469 5136 565 5189 καὶ
603 5136 745 5190 κατά
776 5138 939 5207 φύσιν
970 5140 1035 5210 τῇ
1052 5138 1269 5213 γλώττῃ
1295 5140 1601 5213 χρώμενος.

305 5235 417 5295 ac“.
456 5228 675 5299 Ἔτεροι
703 5228 869 5284 πάλιν
896 5230 1004 5284 ἀπὸ
1037 5231 1363 5296 Σελευκείας
1394 5235 1494 5306 τῆς
1524 5236 1584 5290 ἐν
1603 5236 1813 5290 Καισαρ

226 5323 360 5399 ρείᾳ
420 5318 734 5391 προσῆλθον
782 5318 862 5390 τῷ
920 5319 1147 5392 Συμεὼν
1194 5321 1394 5375 πάθεσι
1453 5325 1816 5391 παντοδαποῖς

221 5417 566 5488 ἐνεχόμενοι.
594 5413 827 5467 Πάντων
848 5413 1027 5466 τοίνυν
1055 5413 1283 5470 ἐκείνων
1313 5416 1414 5487 τὴν
1433 5416 1492 5482 ἐξ
1521 5417 1687 5471 αὐτοῦ
1716 5418 1818 5490 χά-

225 5524 321 5585 ριν
343 5505 754 5578 κομισαμένων,
783 5505 1013 5560 ἑκάστου
1042 5523 1102 5559 τε
1127 5506 1188 5559 τὸ
1218 5507 1409 5571 πάθος,
1433 5510 1540 5579 ὅτῳ
1565 5509 1628 5580 δή
1686 5527 1817 5563 ποτε

224 5598 549 5669 κατείχετο,
583 5595 792 5661 εὐθέως
838 5595 1177 5668 ἀποθεμένου
1236 5597 1331 5651 καί
1386 5615 1539 5661 τινας
1601 5598 1816 5669 ἡμέρας

1930 4573 2246 4629 miserabile
2307 4573 2611 4640 innuebat;
2668 4575 2810 4630 adeo
2865 4586 2927 4629 ut
2990 4577 3105 4640 ille,
3156 4578 3515 4633 miseratione

1931 4674 2129 4729 tactus,
2156 4664 2349 4720 oculos
2399 4665 2599 4720 levarit
2643 4665 2712 4720 ad
2768 4665 3232 4721 inexhauribilem
3291 4666 3515 4721 miseri-

1920 4758 2188 4822 cordiam,
2211 4772 2517 4827 aversoque
2550 4758 2727 4822 vultu,
2762 4756 3000 4827 digitum
3038 4756 3123 4812 ori
3155 4755 3510 4826 imposuerit,

1919 4850 2081 4905 labiis
2108 4850 2310 4906 leniter
2338 4848 2563 4919 pressis,
2599 4856 2715 4902 tum
2744 4847 2948 4904 deinde
2992 4848 3051 4904 in
3075 4863 3138 4903 os
3176 4847 3283 4902 viri
3330 4847 3513 4902 immi-

1925 4942 2094 4998 serit:
2125 4943 2220 5013 qui
2246 4941 2418 4997 veluti
2448 4941 2589 4995 uber
2614 4955 2836 5010 sugens,
2869 4941 3020 4995 illico
3059 4940 3215 4996 visus
3248 4950 3334 4996 est
3370 4941 3509 4996 arti-

1925 5037 2103 5091 culate
2126 5034 2278 5105 loqui
2305 5041 2362 5089 et
2390 5032 2719 5087 naturaliter
2748 5030 2936 5101 lingua
2976 5032 3079 5085 uti.

1992 5226 2118 5282 206.
2144 5226 2386 5281 Rursum
2414 5223 2531 5287 alii,
2551 5222 2808 5279 Seleucia
2863 5221 3227 5293 Cappadocia:
3271 5222 3511 5279 advene-

1923 5328 2054 5375 runt
2084 5319 2195 5390 (56)
2240 5315 2586 5373 multimodis
2640 5315 2886 5385 correpti
2932 5314 3176 5370 morbis:
3229 5314 3326 5385 qui
3379 5330 3507 5371 cum

1922 5427 2114 5468 omnes
2138 5410 2367 5482 gratiam
2394 5408 2679 5465 consecuti
2704 5416 2893 5463 essent
2926 5423 2956 5463 a
2985 5407 3280 5480 Symeone,
3305 5422 3504 5478 quem-

1920 5505 2058 5560 libet
2083 5504 2229 5559 malo
2257 5517 2360 5558 suo
2405 5517 2517 5573 quo
2569 5501 2906 5556 tenebantur
2958 5502 3258 5565 eximente,
3302 5509 3361 5555 et
3390 5515 3506 5553 ma-

1921 5614 2093 5655 nuum
2127 5611 2350 5653 suarum
2383 5610 2609 5666 operam
2659 5593 2983 5649 monasterii
3028 5593 3223 5649 usibus
3254 5592 3503 5659 aliquan-

303 5775 420 5848 (54)
462 5771 598 5839 Quia
655 5773 901 5830 Caesarea
946 5771 1252 5844 metropolis
1312 5774 1664 5846 Cappadocia:
1710 5784 1810 5843 est,
1852 5774 2101 5832 Seleucia
2128 5776 2466 5833 Cresarezein
2501 5776 2682 5832 Curre
2720 5775 2931 5829 dicitur.
3001 5852 3005 5855 Δ
