4018 6390
540 342 684 410 3175
1762 338 1824 397 S.
1864 335 2245 399 SYMEONIS
2277 337 2640 399 JUNIORIS
2988 402 2995 410 _
3667 322 3806 393 3176

542 458 641 514 diu
682 454 1101 527 impenderent;
1179 450 1363 522 puella
1421 447 1673 520 quaedam
1726 450 1846 504 viro
1910 457 2127 504 matura

2256 450 2362 521 περὶ
2385 450 2454 504 τά
2478 451 2576 519 τῆς
2605 448 2773 520 μονῆς
2807 445 2942 516 ἔργα
2979 440 3447 516 χειρουργούντων
3484 437 3581 493 καὶ
3622 456 3814 498 novos

543 549 758 615 aderat,
790 548 858 614 ab
886 547 1003 616 ipsa
1040 543 1329 599 nativitate
1359 541 1605 612 linguam
1635 540 1924 611 impedita,
1957 540 2125 595 vitia-

2256 539 2430 606 ιὲνων,
2455 543 2595 613 κόρη
2621 557 2707 603 τις
2729 538 2862 609 παρ’
2888 535 3072 598 αὐτοῖς
3095 532 3275 605 ὡραία
3303 532 3527 602 γάμοις,
3557 529 3616 597 ἐξ
3646 531 3814 604 αὐτῆς

546 640 728 709 tisque
777 636 1008 692 auribus
1038 641 1191 688 muta
1222 641 1280 687 et
1308 632 1498 696 surda,
1556 646 1680 701 quae
1739 631 1880 685 nihil
1933 630 2127 686 auxilii

2256 633 2394 704 ὀνῆς
2426 635 2527 703 τὴν
2564 632 2814 701 γλῶτταν
2845 626 3221 697 πεπεδημένη,
3247 626 3317 677 τά
3346 640 3406 677 τε
3441 616 3558 676 ὦτα
3593 622 3814 691 κωφεύ-

547 739 775 802 experta
800 728 1004 782 fuerat.
1028 727 1205 797 Hujus
1237 732 1397 795 pater
1427 723 1800 789 incommodo,
1819 723 1950 792 quia
1973 731 2130 793 pater

2256 742 2410 790 μυσα,
2473 724 2650 796 ταύτῃ
2714 724 2949 794 μένουσα
3009 716 3078 791 ἦν
3111 760 3127 786 ,
3200 715 3502 789 θεραπείας
3562 714 3820 784 οὐδεμιᾶς

547 832 684 884 erat,
712 821 1040 891 tangebatur
1060 818 1324 889 gravius;
1372 818 1648 886 m0tisque
1680 832 1794 887 prae
1831 815 2129 871 commise-

2256 816 2554 889 ιίσθομένη.
2620 817 2678 869 '0
2731 815 2861 884 γοῦν
2909 814 3095 883 πατὴρ
3145 810 3317 881 αὐτῆς
3363 808 3426 862 τδ
3482 808 3584 876 τῆς
3633 806 3822 870 παιδὸς

547 914 760 968 ratione
786 912 1113 969 visceribus.
1134 909 1405 980 processit
1430 910 1693 979 plangens
1716 917 1883 978 atque
1903 907 2132 976 plorans

2256 907 2604 976 ιίκειούμενος
2663 906 2860 969 πάθος,
2895 903 3022 957 ἐπεὶ
3055 902 3151 956 καὶ
3198 899 3404 971 πατὴρ,
3449 899 3519 952 τά
3554 915 3615 951 τε
3648 898 3822 951 σπλά-

547 1002 615 1056 ad
636 1003 985 1073 Symeonem,
999 1000 1298 1055 ostendens
1317 1010 1584 1069 quantum
1610 999 1780 1053 maris
1797 1005 2136 1054 essetemen-

2256 1017 2375 1070 mia
2427 1000 2618 1063 δεινῶς
2677 999 2765 1052 ἐπ’
2809 998 2948 1068 αὐτῇ
3011 992 3410 1066 στρεφόμενος,
3458 987 3688 1062 προσῄει
3732 1006 3826 1043 κο-

548 1110 663 1159 sus,
698 1106 756 1149 et
798 1108 1012 1148 summa
1060 1092 1419 1147 contentione
1458 1090 1780 1151 obsecrans,
1813 1104 1883 1143 ne
1919 1097 2135 1143 tantum

2256 1088 2510 1160 ττόμενος
2569 1088 2664 1142 καὶ
2714 1086 2917 1141 κλαίων
2960 1084 3039 1155 τῷ
3081 1081 3329 1153 Συμεὼν,
3365 1081 3468 1152 τήν
3524 1098 3585 1133 τε
3627 1080 3824 1134 θάλασ-

550 1188 770 1244 itineris
801 1194 1093 1258 cogeretur
1125 1186 1372 1255 relegere
1401 1199 1600 1253 expers
1644 1182 1849 1237 solatii.
1876 1180 1978 1237 Cui
2005 1198 2135 1237 san-

2256 1196 2340 1234 rav
2370 1179 2661 1250 προφέρων
2694 1180 2826 1247 ὅσην
2878 1176 3140 1245 πελάγιος
3196 1170 3382 1245 ἦλθεν,
3416 1171 3513 1226 καὶ
3566 1170 3709 1225 ὥστε
3750 1170 3822 1243 μὴ

549 1289 676 1334 ctus
702 1296 715 1332 :
742 1279 1068 1339 Revertere,
1102 1275 1304 1343 inquit,
1338 1282 1619 1343 assumpta
1656 1272 1763 1327 ﬁlia
1797 1289 1811 1326 :
1841 1287 1954 1327 non
1985 1273 2137 1327 enim

551 1370 773 1424 dillicile
796 1369 1036 1423 eritDeo
1052 1366 1220 1421 etiam
1261 1366 1387 1419 navi
1436 1365 1706 1420 vehentes
1740 1379 1837 1419 vos
1885 1363 2135 1419 visitare.

552 1462 818 1531 llepletus
845 1467 952 1523 est,
983 1459 1170 1512 audita
1205 1458 1309 1511 hac
1340 1456 1614 1521 oratione,
1651 1465 1808 1525 pater
1831 1454 1981 1510 dulci
2010 1470 2130 1525 spe,

2240 1275 2400 1340 κενὸς
2424 1275 2580 1340 αὖθις
2614 1274 2872 1329 τοσοῦτον
2913 1272 3084 1326 πλοῦν
3120 1267 3482 1340 ἀναστρέψαι,
3512 1266 3658 1321 πάνυ
3695 1267 3827 1334 σφό-

2237 1368 2341 1440 δρα
2387 1368 2662 1437 δεόμενος.
2697 1367 2756 1422 '0
2813 1367 2893 1432 δέ,
2922 1365 3038 1419 Νῦν
3076 1363 3177 1434 μὲν
3222 1362 3468 1430 ἐπάνηκε
3510 1360 3609 1427 τὴν
3661 1358 3829 1412 παῖδα

2243 1458 2450 1526 λαϐὼν,
2483 1459 2611 1527 ἔφη,
2641 1460 2741 1512 οὐκ
2772 1457 3099 1526 ἀδυνατήσει
3123 1454 3180 1507 δὲ
3207 1452 3285 1522 τῷ
3303 1452 3423 1523 Θεῷ
3444 1450 3540 1505 καὶ
3568 1449 3829 1512 πλέοντας

553 1564 889 1622 acceptaque
922 1550 1033 1603 ﬁlia
1064 1549 1201 1603 mari
1234 1565 1292 1604 se
1317 1549 1619 1603 commisit.
1658 1546 1915 1601 Nondum
1949 1562 2138 1601 emen-

2256 1552 2387 1621 δμᾶς
2440 1550 2865 1621 ἐπισκέψασθαι.
2912 1550 2973 1601 '0
3025 1548 3125 1618 μὲν
3173 1542 3269 1599 οὖν
3311 1544 3574 1613 γλυκείας
3619 1543 3716 1596 ἐπὶ
3753 1542 3828 1613 τῷ

555 1659 652 1698 sus
683 1653 803 1698 erat
828 1642 1124 1697 dimidium
1182 1642 1307 1705 iter,
1364 1656 1513 1705 cum,
1549 1639 1823 1693 allabente
1855 1650 1913 1693 et
1948 1638 2050 1707 ipsi
2083 1644 2141 1692 et

2256 1645 2386 1715 λόγῳ
2431 1647 2531 1716 τὴν
2569 1644 2750 1714 ψυχὴν
2809 1642 3023 1704 ἐλπίδος
3083 1639 3474 1708 ὑποπλησθεὶς,
3509 1637 3609 1707 τὴν
3663 1636 3832 1689 παῖδα

554 1738 718 1792 simul
780 1735 1112 1790 vehentibus
1173 1744 1330 1803 grato
1398 1732 1641 1803 quodam
1700 1731 1910 1794 odore,
1958 1730 2139 1800 qualis

2256 1737 2457 1800 taﬁtbv,
2492 1736 2749 1791 ἀπέπλει.
2786 1735 2918 1789 Ὅτε
2953 1733 3135 1804 μέντοι
3169 1732 3313 1785 κατά
3350 1732 3515 1800 μέσον
3540 1729 3632 1782 τὸν
3664 1726 3834 1781 πλοῦν

554 1829 820 1884 indicium
850 1842 974 1883 esse
997 1827 1138 1880 solet
1170 1824 1524 1880 adventantis
1556 1823 1751 1893 gratiae
1779 1823 2002 1883 divinze,
2046 1837 2133 1877 so-

2256 1829 2510 1897 ἐγεγόνει,
2556 1828 2787 1891 εύωῖίας
2840 1825 2993 1899 αύτῷ
3054 1841 3114 1878 τε
3173 1823 3270 1876 καὶ
3314 1825 3426 1885 τοῖς
3486 1820 3834 1892 συμπλέουσι

551 1921 669 1975 luta
689 1930 773 1974 est
794 1920 991 1989 puellm
1016 1919 1225 1988 lingua,
1284 1915 1646 1986 perfecteque
1694 1915 2029 1984 loquebatur
2082 1922 2139 1968 et

2256 1920 2680 1992 προσϐαλούσης,
2709 1918 2738 1972 δ
2767 1918 2979 1987 πέφυκε
3008 1917 3235 1986 χάριτος
3269 1914 3359 1968 ἀεὶ
3390 1912 3543 1976 Θείας
3602 1910 3835 1983 μηνύειν

552 2012 835 2067 audiebat.
868 2010 1114 2066 Perculit
1141 2024 1207 2063 ea
1236 2023 1351 2062 res
1381 2015 1656 2077 quotquot
1713 2007 1768 2060 in
1815 2005 1941 2060 navi
1978 2012 2141 2059 erant

552 2117 783 2177 stupore
816 2115 981 2174 atque
1008 2112 1280 2167 tremore;
1311 2100 1407 2155 sed
1439 2112 1618 2170 pater,
1670 2098 1922 2169 iniquum
1966 2108 2137 2162 ratus,

554 2202 602 2257 si
631 2215 729 2270 pro
769 2207 921 2254 tanto
948 2195 1243 2260 beneﬁcio,
1280 2194 1431 2249 nulla
1456 2193 1599 2264 grati
1649 2192 1820 2247 animi
1875 2191 2140 2246 memoria

555 2292 774 2354 relicta,
800 2297 1175 2343 reverteretur
1215 2286 1485 2352 domum;
1532 2286 1764 2340 alteram
1819 2283 2143 2339 conscendit

555 2383 740 2437 navim
800 2381 1100 2437 comitante
1148 2379 1280 2445 ﬁlia,
1336 2389 1704 2448 revectusque
1743 2378 1812 2433 ad
1866 2386 2140 2442 sanctum,

554 2473 747 2543 quales
778 2482 905 2527 ante
935 2487 1037 2542 pro
1059 2471 1169 2525 ﬁlia
1191 2471 1431 2538 fuderat,
1482 2486 1633 2526 nunc
1680 2486 1781 2540 pro
1836 2471 2141 2541 gratiarum

555 2566 775 2620 actione
804 2564 970 2619 oﬁert
1002 2564 1299 2634 lacrymas.

628 2740 754 2797 207.
790 2740 947 2795 Alius
993 2740 1194 2795 iterum
1257 2754 1326 2793 ex
1380 2737 1629 2809 Daphne,
1685 2737 1852 2792 ﬁliam
1909 2738 2147 2794 habebat

558 2834 754 2890 iisdem
792 2832 1159 2889 incommodis
1188 2831 1532 2886 laborantem
1571 2831 1714 2899 (55);
1751 2830 1841 2884 cui
1877 2846 2017 2885 uxor
2048 2846 2145 2885 sua

558 2935 725 2998 atque
771 2926 934 2981 amici
986 2926 1161 2995 magis
1206 2924 1526 2988 familiares,
1560 2939 1670 2976 non
1699 2923 1989 2978 cessabant
2016 2939 2145 2977 sua-

558 3019 715 3082 dere,
753 3025 814 3072 ut
838 3016 1004 3072 ﬁliam
1036 3016 1104 3070 ad
1133 3029 1486 3069 communem
1521 3013 1827 3068 adduceret
1872 3014 2146 3069 medicum

2242 2012 2560 2082 ἐπιδημίαν,
2585 2010 2773 2079 ἀνείθη
2833 2012 2900 2080 τῇ
2938 2007 3174 2081 θυγατρξι
3199 2007 3270 2059 τά
3296 2009 3394 2074 τῆς
3437 2003 3711 2075 γλώττης,
3743 2005 3835 2058 καὶ

2243 2104 2413 2174 ὑγιῶς
2436 2104 2638 2157 αὐτίκα
2658 2102 2895 2171 λέγουσά
2917 2118 2976 2154 τε
2999 2103 3094 2154 καὶ
3117 2099 3398 2153 ἀκούουσα
3424 2094 3511 2168 ἦν.
3534 2099 3595 2152 Ol
3622 2097 3725 2168 μὲν
3746 2096 3835 2151 οὖν

2246 2194 2620 2265 συμπλέοντες
2654 2194 2711 2246 ἐν
2743 2190 3009 2261 ἐκπλήξει
3038 2190 3134 2244 καὶ
3165 2188 3316 2262 φόϐῳ
3350 2185 3493 2261 ἦσαν
3520 2205 3534 2219 '
3568 2190 3597 2240 ό
3630 2189 3687 2241 δὲ
3735 2204 3836 2244 πα-

2243 2290 2348 2359 τὴρ
2402 2288 2611 2341 ἀδικεῖν
2661 2285 2913 2356 νομίσας,
2951 2285 3001 2339 εί
3054 2285 3130 2355 μὴ
3181 2282 3455 2350 τοσαύτης
3512 2279 3839 2352 εὐεργεσίας

2245 2381 2388 2434 ἔλθοι
2452 2379 2615 2432 πάλιν
2669 2378 3000 2450 χαριστήρια
3028 2376 3232 2445 νέμων,
3265 2376 3345 2438 είς
3394 2375 3587 2444 ἕτερον
3610 2374 3737 2443 ἅμα
3769 2374 3833 2443 τῇ

2247 2472 2481 2542 θυγατρὶ
2511 2470 2694 2524 πλοῖον
2745 2470 2942 2539 ἐμϐὰς,
2984 2469 3137 2538 παρά
3192 2467 3284 2520 τὸν
3311 2467 3502 2535 ’Ἀγιον
3539 2465 3832 2535 ἐπανήκει,

2245 2563 2541 2630 ἀναλόγους
2571 2561 2680 2615 τῶν
2733 2560 2925 2631 πρώην
2963 2560 3105 2630 ὑπὲρ
3149 2558 3322 2627 αὐτῆς
3370 2555 3624 2627 δακρύων
3647 2554 3836 2609 ἀποδι-

2246 2654 2371 2717 δοὺς
2398 2653 2495 2717 τὰς
2528 2653 2905 2722 εὐχαριστίας.

2321 2744 2421 2811 σζ’.
2480 2746 2684 2817 Ἐτέρῳ
2728 2744 2891 2798 πάλιν
2932 2741 3040 2797 ἀπὸ
3071 2742 3171 2813 τῆς
3209 2742 3427 2812 Δάφνης
3456 2739 3708 2809 θυγάτηρ
3746 2733 3833 2809 ἦν,

2250 2836 2349 2906 ῐσῳ
2383 2835 2544 2889 πάθει
2581 2834 2882 2903 πιεζομένη
2903 2848 2917 2863 ·
2950 2826 3107 2895 οὗτος
3149 2826 3262 2901 εἶχε
3304 2830 3403 2899 μὲν
3436 2828 3838 2899 συμϐουλεύου-

2250 2943 2348 2980 σαν
2377 2928 2463 2979 ἀεὶ
2489 2927 2590 2998 τὴν
2630 2929 2885 2995 γυναῖκα,
2916 2925 2978 2979 ού
3019 2925 3125 2995 μὴν
3158 2924 3293 2979 ἀλλά
3325 2923 3420 2977 καὶ
3445 2923 3570 2986 τοὺς
3596 2938 3839 2989 γνησίω-

2248 3021 2443 3093 τέρους
2469 3019 2578 3072 τῶν
2614 3018 2802 3089 φίλων,
2831 3018 3129 3086 ἀναγαγεῖν
3163 3016 3255 3069 ἐπὶ⁵
3281 3015 3341 3068 τὸ
3371 3012 3689 3083 θαυμαστὸν
3718 3012 3840 3084 ὅρος

560 3110 616 3164 in
676 3106 978 3162 Mirabilem
1025 3116 1288 3169 montem,
1322 3122 1432 3175 quo
1465 3116 1524 3160 et
1567 3106 1684 3175 ipsa
1719 3121 1843 3160 cum
1898 3106 2149 3175 pluribus

2256 3111 2405 3184 παρά
2447 3112 2539 3165 τὸν
2583 3112 2764 3165 κοινὸν
2802 3110 2972 3183 αὐτὴν
3011 3109 3216 3181 ίατρδν,
3245 3108 3387 3162 ὥστε
3419 3106 3723 3178 θεραπείας
3751 3105 3843 3159 καὶ

559 3200 686 3255 aliis
718 3200 997 3269 particeps
1039 3198 1199 3252 ﬁeret
1245 3197 1570 3251 curationis.
1603 3198 1802 3252 Verum
1854 3197 1944 3251 illc
1974 3198 2149 3253 obsti-

561 3292 787 3345 natione
838 3288 1075 3358 quadam
1122 3287 1437 3350 induratus,
1468 3303 1661 3356 parum
1698 3287 1986 3343 credibilia
2028 3304 2152 3346 esse

561 3397 686 3451 qua:
729 3381 798 3434 de
839 3390 1034 3434 sancto
1077 3378 1403 3433 ferebantur
1434 3379 1763 3445 sustinebat,
1798 3390 1853 3435 et
1882 3390 1944 3435 ut
1975 3382 2151 3452 pluri-

562 3487 715 3527 mum
749 3486 851 3525 nec
896 3471 1228 3542 dignabatur
1261 3470 1485 3541 quidem
1517 3486 1583 3526 ea
1630 3473 1987 3529 narrantibus
2011 3490 2151 3544 prae-

564 3564 698 3619 bere
747 3579 959 3618 aurem.
998 3562 1241 3617 Tandem
1282 3572 1464 3617 tamen
1516 3563 1817 3619 multorum
1854 3566 2155 3635 exprobra-

563 3658 811 3712 tionibus
860 3656 914 3710 id
975 3656 1153 3725 ipsum
1208 3655 1715 3725 suscipiens,-cum
1751 3667 1927 3712 matre
1981 3657 2151 3713 ﬁliam

562 3749 793 3805 adduxit
816 3749 885 3803 ad
906 3749 1252 3817 columnam;
1290 3757 1553 3819 stansque
1574 3758 1705 3804 ante
1728 3758 2002 3816 sanctum,
2025 3767 2152 3806 cum

563 3851 721 3915 gestu
764 3853 822 3897 et
862 3849 1048 3896 mente
1087 3842 1367 3912 arroganti
1426 3842 1677 3896 narravit
1704 3842 1775 3897 de
1808 3843 1918 3897 illa.
1948 3841 2153 3900 Contra

565 3945 790 3991 sanctus
807 3950 942 3989 voce
963 3934 1236 3988 submissa
1262 3934 1639 4004 respondens:
1660 3933 1820 4000 Redi,
1844 3935 2151 4005 inquiebat,

564 4042 692 4083 cum
730 4027 839 4080 ﬁlia
888 4033 979 4079 tua
1014 4025 1262 4088 domum,
1316 4024 1441 4079 istic
1480 4024 1652 4095 ipsam
1696 4025 2013 4081 visitatione
2053 4041 2154 4081 sua

563 4118 882 4191 dignabitur
905 4116 1179 4171 Christus.
1214 4115 1428 4169 Exhinc
1455 4114 1669 4169 homini
1709 4114 1787 4169 illi
1811 4116 1961 4186 gravi
1986 4116 2155 4171 corde

565 4210 930 4281 cogitationes
959 4207 1305 4277 obrepebant
1334 4206 1522 4272 variae,
1565 4206 1842 4277 cmpitque
1884 4208 2155 4278 pmnitere

567 4301 717 4373 quod
760 4301 1075 4355 columnam
1109 4298 1394 4360 adivisset,
1434 4313 1538 4352 nec
1568 4314 1678 4353 non
1706 4299 1960 4353 convicia
1988 4307 2155 4369 atque

568 4391 854 4447 irrisiones
886 4388 1110 4444 eﬂ‘utire
1141 4387 1407 4440 adversus
1438 4386 1670 4452 amicos,
1695 4386 1842 4455 quod
1870 4387 1995 4441 talis
2022 4403 2155 4441 con-

2252 3201 2456 3270 ταύτην
2509 3203 2647 3271 μετά
2692 3200 2801 3255 τῶν
2850 3199 3026 3256 ἄλλων
3056 3200 3260 3270 τυχεῖν.
3307 3197 3449 3250 ’0δέ
3477 3197 3575 3264 τὴν
3615 3193 3843 3264 καρδίαν

2252 3292 2392 3364 ἔχων
2430 3292 2658 3363 ἀπιστίᾳ
2688 3290 3155 3363 σκληρυνομένην,
3197 3290 3324 3361 ἄχρι
3357 3287 3455 3359 μὲν
3487 3285 3687 3341 πολλοῦ
3719 3283 3844 3338 ἀπί-

2254 3384 2392 3439 θανά
2419 3402 2479 3437 τε
2510 3385 2580 3439 τὰ
2608 3384 2736 3456 περὶ
2769 3381 2939 3436 αὐτοῦ
2988 3384 3194 3452 ἠγεῖτο,
3240 3382 3336 3434 καὶ
3381 3379 3501 3432 ούδέ
3544 3377 3604 3431 τὸ
3650 3372 3745 3438 οὖς
3780 3374 3843 3427 τὰ

2255 3476 2427 3531 πολλά
2454 3476 2712 3547 προσέχει
2771 3477 2947 3548 ὴξίου.
2982 3473 3113 3543 Ὀψέ
3156 3473 3213 3526 δὲ
3254 3472 3348 3527 καὶ
3384 3471 3629 3542 βραδέως
3667 3469 3758 3523 διὰ
3780 3468 3842 3521 τὰ

2253 3569 2364 3623 τῶν
2409 3568 2622 3623 πολλῶν
2662 3569 2840 3640 ὀνείδη
2874 3566 3157 3622 καὶτοῦτο
3187 3565 3388 3627 λαϐὼν,
3427 3563 3566 3633 μετά
3605 3563 3712 3632 τῆς
3742 3577 3843 3632 μη-

2255 3660 2386 3733 τρὸς
2416 3661 2587 3731 αὐτὴν
2632 3660 2817 3731 ἀνίησι
2870 3658 3023 3726 παρά
3075 3659 3167 3711 τὸν
3212 3656 3426 3721 στύλον,
3478 3655 3574 3708 καὶ⁵
3614 3654 3729 3723 πρὸ
3754 3651 3843 3706 τοῦ

2266 3753 2452 3822 Ἀγίου
2494 3752 2647 3818 στάς,
2684 3751 2903 3823 σοϐαρῷ
2952 3751 3049 3805 καὶ
3096 3750 3338 3821 σχήματι
3393 3747 3489 3800 καὶ
3533 3746 3843 3817 φρονήματι

2253 3847 2324 3900 τά
2371 3846 2501 3917 περὶ
2544 3847 2716 3917 αὐτῆς
2759 3844 3054 3916 διεξῆλθεν.
3096 3843 3155 3897 '0
3199 3843 3255 3896 δέ
3303 3842 3488 3913 ἠρέμα
3534 3838 3844 3900 ὑπολαϐὼν,

2268 3936 2543 4007 Ἐπάνηκε
2610 3940 2748 4008 μετά
2809 3937 2907 4008 τῆς
2961 3935 3151 3999 παιδὸς
3211 3935 3419 3998 οἴκαδε,
3479 3928 3625 3995 εἷπε,
3692 3931 3849 3984 κάκεῖ

2257 4030 2546 4100 ποιήσεται
2588 4028 2794 4096 ταύτης
2818 4027 3127 4098 ἐπισκοπὴν
3156 4029 3184 4079 ό
3209 4026 3465 4097 Χριστός.
3489 4023 3580 4088 Τῷ
3621 4023 3725 4090 μὲν
3758 4019 3852 4075 οὖν

2258 4119 2606 4192 βαρυκαρδίῳ
2629 4119 2823 4189 ἐκείνῳ
2854 4118 3106 4189 λογισμοὶ
3134 4118 3194 4170 τὸ
3218 4117 3344 4187 ἐξῆς
3369 4113 3529 4187 ἦσαν,
3562 4114 3662 4169 καὶ
3687 4130 3849 4184 μετα-

2261 4213 2449 4282 μέλεια
2475 4212 2575 4281 τῆς
2610 4212 2704 4264 ἐπὶ
2724 4212 2816 4264 τὸν
2848 4210 3040 4264 στύλον
3074 4211 3284 4272 ἀνόδου,
3314 4208 3632 4278 σκώμματά
3667 4224 3724 4259 τε
3760 4209 3847 4259 καὶ

2256 4306 2522 4375 λοιδορίαν
2555 4306 2697 4360 κατά
2726 4306 2833 4359 τῶν
2856 4306 3045 4374 φίλων,
3081 4308 3195 4359 ὅσοι
3230 4304 3437 4373 ταύτην
3467 4303 3616 4371 αύτῷ
3651 4301 3847 4372 δηλαδὴ

2261 4398 2711 4452 συνεϐούλευσαν.
2771 4398 2837 4450 Ἥ
2885 4398 2941 4451 δὲ
2990 4399 3089 4468 τῆς
3148 4396 3336 4459 παιδὸς
3399 4397 3583 4465 μήτηρ
3654 4394 3847 4460 συνετὴ

568 4486 677 4541 silii
717 4486 954 4540 fuissent
984 4491 1259 4536 auctores.
1298 4479 1405 4535 Sed
1431 4490 1607 4535 mater
1640 4482 1854 4551 puellm,
1887 4497 2012 4535 cum
2042 4483 2149 4536 cir-

2258 4485 2416 4550 οὗσα,
2462 4490 2558 4542 καὶ
2604 4488 2665 4541 ού
2710 4488 2918 4557 ταύτης
2956 4489 3117 4558 μόνον
3158 4484 3342 4561 [ἀλλὰ]
3382 4485 3479 4540 καὶ
3530 4485 3628 4539 τοῦ
3659 4484 3848 4555 ἀνδρὸς

566 4586 885 4646 cumspecta
913 4581 1082 4637 esset,
1111 4587 1216 4627 nec
1245 4572 1412 4640 hujus
1460 4572 1681 4626 miseria
1720 4572 1962 4642 gravius,
1990 4589 2155 4642 quam

568 4667 878 4739 pervicacia
898 4663 1083 4719 mariti
1105 4663 1439 4726 alliceretur,
1469 4670 1723 4716 metuens
1746 4679 1814 4717 ne
1843 4665 1976 4734 quid
2003 4682 2158 4722 nova:

567 4757 894 4813 calamitatis
921 4753 1199 4809 obstinata
1225 4751 1406 4805 mariti
1443 4752 1591 4805 circa
1621 4762 1870 4807 sanctum
1901 4755 2159 4811 incredu-

565 4849 695 4905 litas
724 4856 1068 4917 apportaret,
1106 4842 1274 4908 rediit
1306 4842 1453 4897 unde
1475 4851 1739 4897 venerat:
1768 4860 1938 4913 seque
1965 4862 2159 4901 rursus

570 4939 625 4991 in
675 4945 978 5004 conspectu
1014 4933 1185 4987 sancti
1226 4941 1385 4986 terrae
1415 4932 1684 5003 allligens,
1717 4932 2061 5005 fundensque
2083 4938 2161 4991 la-

570 5042 806 5098 crymas,
837 5024 1094 5079 tlimroris
1119 5021 1283 5076 simul
1312 5031 1368 5076 et
1403 5023 1617 5078 ﬁduciae
1644 5024 1873 5089 indices,
1898 5027 2161 5095 poscebat

570 5119 787 5172 veniam
811 5114 1008 5169 marito
1031 5112 1340 5178 incredulo,
1378 5125 1542 5184 atque
1568 5131 1636 5169 ne
1655 5117 1789 5186 quid
1813 5117 1964 5172 illius
1984 5118 2161 5173 obsti-

569 5212 724 5266 natio
754 5210 882 5281 ﬁljte
925 5208 1291 5263 incolumitati
1332 5208 1596 5264 oﬁiccret.
1635 5209 1864 5279 Excepit
1912 5219 2159 5276 sanctus,

572 5315 683 5360 tam
723 5304 879 5358 vultu
935 5318 1098 5373 quam
1149 5320 1285 5360 voce
1336 5305 1585 5361 blanda:
1636 5305 1805 5372 Vade,
1861 5307 2155 5378 inquiens;

572 5413 724 5462 nam,
775 5413 897 5466 qua:
930 5396 1065 5462 dixi,
1098 5398 1357 5454 evenient
1382 5399 1544 5455 vobis
1576 5416 1605 5455 a
1650 5401 1780 5455 Deo.

642 5490 769 5543 208.
789 5489 1134 5545 Adventante
1160 5491 1271 5560 jam
1297 5492 1671 5548 miserationis
1697 5501 1968 5564 tempore,
2003 5494 2155 5550 solu-

610 5779 621 5792 ὶ
647 5712 759 5781 (55)
788 5712 1013 5782 Daphne
1044 5711 1363 5769 Suburbinm
1394 5716 1797 5792 Antiochenam,
1832 5724 1942 5792 ta_m
1961 5718 2145 5792 Μετο-

576 5786 800 5839 ficorum
856 5799 1015 5855 quam
1050 5792 1328 5853 poetarum
1379 5788 1590 5858 scriptis
1648 5786 2141 5851 celebratissimum,

2255 4579 2677 4652 περικαιομένη,
2698 4580 2924 4633 δείσασα
2950 4582 3023 4649 μή
3046 4597 3098 4632 τι
3115 4580 3286 4634 κακὸν
3313 4579 3416 4648 τῆς
3434 4580 3513 4640 είς
3534 4578 3627 4630 τὸν
3662 4577 3849 4645 ’Δγιον

2255 4671 2515 4734 ἀπιστίας
2558 4672 2981 4743 παραπολαύσῃ,
3030 4671 3421 4741 ἀναστρέψασα
3478 4670 3616 4741 πρὸς
3664 4669 3847 4726 αὑτὸν,

2254 4762 2411 4829 αὖθις
2437 4766 2645 4837 ρίψασά
2690 4783 2751 4818 τε
2806 4764 2950 4819 κατά
3002 4764 3105 4834 γῆς
3149 4764 3372 4832 ἑαυτὴν,
3408 4762 3503 4816 καὶ
3539 4761 3759 4833 δάκρυα
3790 4758 3851 4811 τὰ

2256 4857 2431 4928 λύπης
2493 4857 2610 4927 aqu
2672 4859 2766 4909 καὶ
2829 4856 3068 4919 πίστεως
3121 4854 3368 4925 σύμϐολα
3406 4854 3631 4923 χέουσα,
3687 4851 3852 4904 ἐδεῖτο

2259 4947 2682 5017 συγχωρηθῆναι
2712 4945 2790 5016 τῷ
2816 4944 3035 5016 συζύγῳ
3055 4938 3161 5015 τὴν
3175 4944 3456 5008 ἀπιστίαν,
3489 4944 3584 4996 καὶ
3611 4942 3690 5014 μὴ
3723 4939 3851 4995 ταύ-

2258 5056 2356 5108 την
2390 5042 2455 5109 τῇ
2491 5039 2725 5108 θυγατρὶ
2765 5039 2899 5108 πρὸς
2926 5038 3021 5106 τὴν
3051 5038 3349 5108 θεραπείαν
3395 5034 3651 5105 ἐμποδὼν
3685 5047 3853 5087 κατα-
3939 5032 3945 5037 ’

2260 5130 2474 5198 στῆναι.
2532 5128 2589 5181 '0
2618 5128 2675 5181 δὲ
2712 5128 2875 5199 ίλαρᾷ
2905 5129 2999 5181 καὶ
3025 5127 3146 5196 ὄψει
3186 5127 3279 5180 καὶ
3314 5125 3552 5194 γλώττῃ,
3586 5119 3850 5194 Πορεύου,

2260 5214 2389 5290 lem,
2422 5223 2539 5286 καὶ,
2570 5221 2645 5285 ὡς
2672 5222 2870 5292 εἴρηκα
2903 5220 3051 5290 ὑμῖν,
3077 5218 3231 5272 ἔσται
3263 5217 3417 5289 παρά
3444 5217 3598 5270 Θεοῦ.

2337 5501 2444 5567 αττ.
2489 5497 2628 5568 Ἤδη
2658 5480 2716 5550 δέ
2753 5495 2844 5549 τὸν
2882 5489 3032 5549 οἷκον
3063 5494 3500 5560 καταλαϐόντων,
3532 5491 3726 5545 λέλυτο
3754 5487 3850 5556 μέν

2259 5714 2368 5769 Nos
2411 5717 2483 5770 Ἃ
2508 5717 2763 5771 Januarii
2809 5717 2864 5772 in
2915 5716 3147 5772 historia
3204 5714 3576 5771 translationis
3631 5710 3695 5773 S.
3743 5703 3845 5760 8³⁸

2252 5785 2392 5857 bylte
2416 5788 2516 5857 Ep.
2542 5789 2749 5858 rapiare
2775 5788 2839 5840 de
2868 5787 2963 5841 illo
2994 5803 3062 5842 ea:
3087 5786 3377 5845 Sozomeno
3410 5787 3624 5859 egimus.
