4018 6386
318 357 465 421 3i7'l

1368 364 1537 427 VITA
1578 363 1625 422 Α
1664 362 2105 426 NICEPHORO
2143 362 2639 427 CONSCRIPTA.

3472 370 3615 437 3178

313 480 423 551 τὴν
455 477 708 547 γλῶτταν
746 477 951 543 εὐθέως
996 478 1029 550 ἡ
1062 480 1213 544 παῖς,
1244 478 1507 549 ἐλευθέρᾳ
1547 477 1606 532 δὲ
1646 477 1740 532 καὶ
1780 478 1911 549 ἀκοῇ

2027 486 2083 533 ta
2109 478 2297 534 subito
2327 489 2412 534 est
2438 479 2626 551 lingua
2640 479 2870 550 puellae,
2899 489 2955 537 et
2984 481 3247 540 audiendi
3270 484 3613 555 appellandi-

314 570 419 625 καὶ
437 574 590 641 φωνῇ
613 571 752 641 πρὸς
770 572 899 635 τοὺς
919 572 1181 635 τεκόντας
1202 572 1421 644 ἐχρῆτο·
1444 570 1523 641 τῷ
1540 571 1722 641 μέντοι
1747 571 1918 639 πατρὶ

320 662 464 729 πρὸς
494 661 555 715 τδ
582 663 779 733 ἀθρόον
808 665 984 717 ἐκεῖνο
1030 662 1127 718 τοῦ
1154 663 1436 735 θαύματος
1468 666 1787 735 τηλικοῦτον
1827 666 1916 718 ἐν-

319 751 535 822 έσκηψε
566 751 706 818 δέος,
754 750 844 807 οἷα
876 755 1068 827 πόρρω
1102 755 1237 809 πολὺ
1268 756 1368 827 τῆς
1416 756 1547 828 περὶ
1592 757 1658 811 τά
1689 756 1918 810 τοιαῦτα

318 845 566 910 πίστεως
609 845 760 913 ὄντι,
810 846 844 919 ἦ
891 849 986 901 καὶ
1021 848 1121 915 τῆς
1158 849 1287 918 περὶ
1327 848 1423 902 τὸν
1465 848 1621 916 ἅγιον
1654 848 1915 912 ἀπιστίας

318 937 593 993 ὲκτίνοντι
620 939 797 1003 δίκας,
835 939 977 994 ὥστε
1016 940 1160 1012 ρίγει
1190 942 1285 994 καὶ
1322 940 1544 1012 πυρετῷ
1583 940 1920 1009 συγχεθέντα

319 1032 515 1102 μέλεσι
560 1035 698 1086 πᾶσι
745 1033 1073 1087 κλονεῖσθαι.
1112 1031 1171 1087 Ὁ
1195 1032 1250 1087 δὲ
1289 1033 1611 1089 διδάσκαλον
1644 1034 1783 1103 ἔχων
1816 1032 1917 1105 τὴν

314 1125 522 1194 πεῖραν
561 1119 914 1186 (πεπαίδευτο
955 1126 1064 1197 γὰρ
1104 1125 1304 1189 ἱκανῶς
1350 1121 1433 1189 οἷς
1480 1124 1771 1192 πέπονθεν)
1815 1126 1921 1179 οὐκ

314 1215 526 1286 ὀψίζων
574 1210 643 1286 ἦν
686 1216 762 1279 ὡς
796 1214 990 1287 πρώην
1037 1216 1133 1270 καὶ
1179 1216 1484 1285 διαμέλλων
1508 1232 1523 1247 ⁸
1558 1215 1673 1270 ἀλλ’
1696 1214 1772 1279 ώς
1801 1212 1917 1286 εἶχε

316 1307 478 1378 παρά
515 1306 608 1361 τὸν
645 1308 805 1376 ἆγιον
845 1308 1006 1373 εὐθὺς
1039 1308 1232 1375 ἐλθὼν,
1284 1307 1521 1380 τοσαύτῃ
1565 1307 1703 1378 πρὸς
1752 1308 1916 1363 αὐτὸν

312 1398 503 1471 δεήσει
547 1401 643 1452 καὶ
685 1399 1015 1454 ταπεινώσει
1049 1401 1281 1473 καρδίας
1327 1400 1549 1471 ἐχρῆτο,
1586 1401 1696 1470 ὅσῳ
1725 1399 1916 1473 πρώην

314 1490 473 1559 ὄγκῳ
502 1508 565 1544 τε
608 1490 704 1546 καὶ
731 1493 1065 1563 φρονήματι,
1096 1494 1195 1563 οὺχ
1222 1491 1367 1546 οὕτω
1406 1494 1473 1564 τῇ
1522 1492 1665 1562 νόσῳ
1705 1492 1774 1545 τὰ
1820 1492 1914 1545 τοῦ

316 1581 574 1653 σώματος
608 1582 745 1652 μέλη
774 1584 1075 1655 σειόμενος,
1100 1585 1175 1648 ὡς
1205 1586 1304 1654 τὴν
1323 1583 1502 1655 ψυχὴν
1525 1584 1603 1651 τῷ
1628 1585 1918 1656 παραδόξῳ

314 1676 413 1729 τοῦ
447 1675 727 1747 θαύματος
750 1694 765 1708 ο
799 1677 897 1731 καὶ
926 1678 987 1731 τὸ
1023 1679 1122 1746 μὲν
1144 1677 1265 1732 οὐδὲ
1287 1678 1518 1749 χάριτας
1543 1673 1654 1741 οἷός
1681 1695 1738 1731 τε
1772 1674 1916 1732 εἶναι

313 1767 495 1836 λέγων
525 1769 621 1822 ἐπὶ
641 1771 710 1841 τῇ
739 1768 969 1842 θυγατρὶ
990 1770 1145 1837 ἀξίας
1169 1770 1472 1841 ὁμολογεῖν,
1497 1770 1558 1822 τὸ
1579 1769 1637 1823 δὲ
1668 1770 1796 1841 περὶ
1819 1770 1916 1824 τοῦ

2024 586 2132 640 que
2162 580 2418 641 parentes
2460 571 2720 628 facultate
2765 575 3019 644 expedite
3045 592 3143 630 usa
3171 585 3276 633 est.
3310 578 3380 632 At
3403 586 3616 648 patrem

2023 661 2092 716 ad
2124 663 2402 732 repentini
2433 660 2686 718 miraculi
2711 668 3087 734 spectaculum
3123 676 3309 724 tantus
3336 669 3501 725 timor
3534 670 3621 726 in-

2026 755 2213 821 cessit,
2248 755 2531 827 utfrigore
2564 756 2791 812 horrido
2819 768 2987 829 atque
3010 758 3149 814 febri
3174 770 3467 832 correptus
3488 765 3621 821 totis

2021 845 2254 900 artubus
2294 848 2781 915 contremisceret;
2847 850 3052 921 quippe
3096 852 3192 923 qui
3228 854 3298 909 ab
3345 856 3620 927 ejusmodi

2024 936 2195 994 rebus
2244 938 2539 995 credendis
2568 940 2886 1012 longissime
2916 942 3127 1009 aberat,
3155 953 3252 1000 aut
3288 961 3484 1016 poenas
3508 950 3623 1004 sol-

2020 1029 2188 1084 vebat
2213 1044 2328 1084 suae
2351 1030 2754 1087 incredulitatis
2785 1048 2916 1103 erga
2958 1046 3232 1093 sanctum.
3268 1037 3477 1094 Doctus
3506 1040 3621 1095 ita-

2022 1133 2132 1189 que
2168 1120 2510 1189 experientia
2539 1121 2751 1191 (utpote
2776 1137 2876 1193 per
2901 1139 2966 1178 ea
2992 1141 3113 1194 quae
3153 1127 3467 1196 patiebatur
3494 1130 3616 1187 suf-

2024 1207 2277 1264 ficienter
2308 1210 2631 1280 castigatus)
2678 1228 2791 1267 non
2832 1213 3343 1289 diﬂ‘crebat,neque
3388 1236 3617 1290 procra-

2023 1299 2285 1368 stinabat,
2311 1302 2390 1356 uti
2416 1304 2604 1372 prius;
2636 1304 2732 1359 sed
2764 1315 2969 1375 quanta
2990 1314 3208 1377 poterat
3236 1310 3519 1369 celeritate
3545 1315 3616 1371 ad

2022 1402 2275 1449 sanetum
2307 1395 2594 1462 advolans,
2628 1406 2738 1452 tam
2771 1400 3010 1469 supplici
3044 1416 3169 1456 cum
3194 1405 3511 1473 precatione
3534 1418 3619 1462 at-

2021 1502 2129 1556 que
2145 1487 2481 1545 demissione
2515 1490 2685 1546 animi
2720 1492 2864 1562 apud
2890 1492 3070 1563 ipsum
3087 1496 3220 1568 egit,
3243 1513 3408 1569 quam
3436 1515 3618 1572 nuper

2024 1580 2238 1636 tumido
2259 1597 2384 1638 eum
2409 1582 2553 1639 fastu
2585 1593 2749 1655 atque
2779 1587 3041 1656 superbia
3070 1606 3084 1642 :
3116 1605 3300 1660 neque
3321 1593 3620 1650 vehemen-

2025 1672 2136 1728 tius
2189 1675 2615 1731 concutiebatur
2666 1677 2861 1732 morbo
2912 1688 3065 1735 artus
3126 1685 3396 1752 corporis,
3450 1701 3617 1757 quam

2025 1765 2276 1821 miraculi
2300 1768 2571 1837 stupenda
2601 1770 2843 1826 novitate
2877 1771 2997 1841 ipsa
3034 1773 3236 1829 anima.
3272 1776 3478 1832 Partim
3510 1779 3617 1834 ita-

314 1861 690 1931 κατασχόντος
725 1861 891 1915 αὐτὸν
920 1861 1112 1915 κλόνου
1145 1862 1423 1931 δεόμενος.
1464 1861 1524 1915 Ὀ
1546 1861 1605 1915 δὲ
1638 1863 1777 1931 μετά
1815 1862 1911 1933 τῆς

2022 1871 2130 1926 que
2150 1856 2429 1914 fatebatur
2473 1858 2593 1915 ﬁeri
2623 1876 2731 1915 non
2756 1876 2918 1931 posse
2951 1870 3011 1917 ut
3034 1864 3239 1934 gratias
3262 1867 3490 1922 meritas
3513 1885 3618 1939 pro

314 1952 585 2024 συνήθους
633 1952 1001 2022 συμπαθείας,
1051 1954 1139 2007 Ἐν
1166 1954 1391 2025 ὀνόματι
1434 1952 1529 2007 τοῦ
1571 1953 1777 2025 Κυρίου
1810 1952 1915 2025 Ἰη-

316 2044 444 2109 σοῦ,
502 2044 665 2113 γενοῦ
706 2046 802 2100 καὶ
852 2047 919 2101 σὺ
971 2046 1151 2117 ὑγιὴς,
1199 2046 1343 2118 ἔφη·
1395 2046 1492 2101 καὶ
1543 2045 1622 2116 τῷ
1671 2045 1914 2116 θαύματι

313 2135 507 2206 θαῦμα
557 2136 833 2209 συνήφθη,
891 2135 972 2207 τῷ
1016 2137 1144 2207 περὶ
1187 2137 1285 2207 τὴν
1317 2136 1486 2190 παῖδά
1532 2152 1677 2206 φημι
1712 2135 1774 2189 τὸ
1817 2135 1911 2189 τοῦ

314 2228 568 2299 πατρός·
631 2229 727 2282 καὶ
790 2227 961 2297 ὑγιῶς
1016 2227 1219 2281 αὐτίκα
1268 2227 1409 2297 ἔχων
1461 2229 1729 2296 εἱστήκει,
1792 2227 1913 2291 ὅλος

312 2318 575 2383 ἔκστασις
627 2320 727 2387 ὣν,
781 2321 903 2383 ὄλος
961 2320 1194 2391 θάμϐος,
1252 2320 1370 2383 ὅλος
1433 2306 1794 2387 κατάπληξις,
1849 2319 1912 2372 ού

314 2411 588 2483 χείλεσιν,
631 2413 757 2467 οὐδὲ
805 2414 1088 2485 ῥήμασιν,
1146 2412 1269 2466 οὐδὲ
1330 2414 1563 2483 μακροῖς
1632 2411 1913 2481 διηγήμα-

314 2520 428 2571 σιν,
460 2506 596 2560 ἀλλά
632 2509 814 2578 σιωπῇ
852 2504 1055 2577 μᾶλλον
1082 2506 1177 2559 καὶ
1210 2505 1453 2574 σχήματι
1491 2504 1584 2557 καὶ
1617 2502 1911 2575 προσώπου

316 2597 602 2665 συστάσει,
629 2598 691 2653 τὸ
718 2598 830 2652 τῶν
868 2597 1167 2671 θαυμάτων
1200 2597 1431 2668 μέγεθος
1459 2597 1571 2659 τοῖς
1607 2594 1775 2665 ὁρῶσι
1810 2612 1915 2665 κη-

316 2703 549 2757 ρυττων.

2024 1945 2136 2002 lilia
2172 1950 2551 2019 persolveret;
2584 1952 2782 2021 partim
2813 1951 3243 2023 deprecabatur,
3279 1964 3339 2012 ut
3376 1970 3618 2015 cessaret

2024 2046 2235 2093 tremor
2290 2055 2402 2110 quo
2450 2041 2898 2098 concutiebatur.
2944 2043 3027 2099 Ad
3076 2044 3196 2101 lucc
3237 2045 3475 2120 Symeon
3514 2063 3618 2120 pro

2018 2140 2284 2186 consueta
2301 2147 2400 2187 sua
2432 2132 2850 2190 misericordia:
2882 2136 2944 2191 ln
2968 2136 3196 2193 nomine
3217 2139 3434 2195 Domini
3459 2138 3614 2207 Jcsd,

2015 2218 2217 2290 inquit,
2247 2229 2306 2277 tu
2332 2239 2553 2295 quoque
2576 2236 2700 2282 esto
2723 2242 2910 2283 sanus.
2938 2227 3141 2300 Sicque
3163 2231 3316 2287 aliud
3337 2233 3432 2288 alii
3452 2233 3616 2291 mira-

2016 2313 2205 2369 culum
2247 2331 2562 2373 connexum
2606 2328 2725 2386 est;
2759 2320 2858 2384 illi,
2895 2321 3143 2392 inquam,
3176 2323 3326 2393 quod
3370 2325 3428 2381 in
3483 2326 3615 2395 filia,

2016 2405 2165 2463 istud
2196 2409 2346 2480 quod
2379 2410 2433 2465 in
2469 2422 2624 2482 patre
2655 2421 2932 2483 patratum
2957 2414 3064 2469 fuit
3090 2430 3106 2468 :
3132 2424 3189 2470 et
3212 2414 3397 2471 statim
3428 2416 3611 2474 bellis-

2015 2500 2155 2556 sime
2179 2502 2391 2559 habens
2416 2504 2592 2571 stetit,
2635 2514 2784 2562 totus
2818 2507 3116 2572 extaticus,
3162 2516 3312 2564 totus
3363 2518 3614 2581 stupens,

2017 2598 2166 2647 totus
2208 2594 2530 2663 perculsus;
2588 2594 2760 2650 nullis
2808 2595 2995 2661 labiis,
3037 2596 3208 2654 nullis
3248 2598 3457 2666 verbis,
3510 2615 3614 2657 nec

2014 2682 2196 2755 longis
2241 2684 2692 2753 narrationibus;
2718 2685 2815 2742 sed
2846 2686 2958 2743 alto
2983 2687 3229 2754 silentio,
3263 2689 3455 2745 habitu
3485 2705 3613 2747 cor-

2014 2777 2188 2846 poris,
2218 2784 2274 2831 et
2311 2777 2711 2833 constitutione
2750 2778 2939 2836 vultus
2968 2780 3405 2852 magnitudinem
3439 2784 3609 2839 mira-

2016 2869 2127 2925 culi
2157 2869 2470 2940 prsedicans
2511 2870 2878 2927 intuentibus.

1745 3008 1972 3070 CAPUT
2012 3009 2203 3067 XXVI.

851 3120 954 3177 Alii
996 3121 1277 3178 insolentis
1314 3124 1371 3177 in
1404 3132 1650 3179 sanctum
1690 3122 1889 3195 lingua:
1923 3128 2260 3199 castigantur
2295 3141 2359 3180 ac
2406 3126 2714 3197 pwnilenlcs
2759 3125 3075 3183 liberantur.

394 3240 497 3295 σθ’.
533 3239 688 3295 Μετά
716 3238 776 3294 δὲ
801 3239 996 3311 χρόνον
1027 3242 1243 3313 συχνὸν,
1278 3244 1477 3316 συνέϐη
1508 3245 1756 3302 διάκονόν
1790 3258 1907 3301 τινα

2082 3247 2208 3304 9.09.
2240 3247 2412 3303 Multo
2442 3259 2569 3319 post
2596 3257 2844 3320 tempore
2875 3248 3081 3304 accidit
3126 3248 3448 3317 diaconum,
3504 3268 3609 3310 n0~

315 3334 425 3403 τῆς
459 3332 657 3404 κώμης
687 3331 954 3386 Εύθαλίου
987 3333 1309 3406 λεγομένης,
1342 3337 1662 3406 Ἐπιφάνιον
1716 3338 1912 3411 ὄνομα,

315 3423 415 3477 τοῦ
445 3422 594 3478 θείου
630 3421 858 3494 Συμεὼν
890 3423 948 3477 ὲν
990 3424 1184 3496 ἀγνοίᾳ
1227 3427 1574 3495 καταλαλεῑν,
1607 3428 1915 3501 ἐνυϐρίζειν

319 3531 381 3569 τε
436 3514 532 3567 καὶ
591 3516 872 3587 παροινεῖν
900 3517 985 3579 είς
1040 3517 1224 3580 αὐτὸν,
1259 3516 1354 3568 καὶ
1408 3517 1556 3586 σαφῆ
1606 3519 1715 3572 τῶν
1763 3519 1915 3590 αὐτῷ

318 3607 661 3677 προσιόντων
679 3606 899 3677 ἀπάτην
931 3607 1386 3675 καταγινώσκειν.
1424 3609 1564 3662 Ποτὲ
1607 3609 1741 3676 γοῦν
1775 3610 1916 3664 θειορ

314 3702 483 3767 τέρας
509 3700 538 3752 ὁ
571 3699 893 3769 Ἐπιφάνιος
921 3700 1127 3754 ἄνωθεν
1151 3700 1466 3771 ἐπισκοπῆς
1493 3701 1748 3767 ἀξιωθεὶς
1772 3703 1914 3756 κατά

315 3791 554 3856 Παῦλον,
585 3793 782 3846 ἔπεσεν
813 3791 951 3845 ὡσεὶ
977 3792 1170 3864 νεκρὸς
1199 3792 1341 3846 κατά
1370 3797 1495 3865 γῆς,
1527 3794 1624 3848 καὶ
1656 3794 1724 3847 τά
1760 3796 1912 3861 ἐντὸς

319 3884 672 3956 συνεστράφη
709 3899 725 3914 ·
756 3886 1134 3956 προστέτακτο
1158 3884 1217 3938 δὲ
1247 3885 1340 3939 διὰ
1385 3888 1707 3959 νυκτερινῆς
1736 3887 1912 3957 ὅψεως

319 3976 417 4031 καὶ
454 3969 635 4041 οὗτος,
661 3977 764 4030 οὐκ
793 3977 874 4039 είς
903 3978 1197 4048 Δαμασκὸν
1230 3977 1307 4043 ὡς
1336 3979 1560 4045 ἐκεῖνος,
1593 3980 1727 4034 ἀλλά
1758 3982 1911 4050 παρά

316 4068 410 4121 τὸν
454 4067 550 4122 τοῦ
600 4066 739 4122 Θεοῦ
780 4067 1093 4140 θεράποντα
1141 4068 1370 4139 Συμεὼν
1414 4071 1678 4140 ἀνελθεῖν,
1710 4072 1785 4136 ὡς
1814 4074 1910 4129 καὶ

317 4160 452 4232 παρ’
489 4159 660 4214 αὑτοῦ
701 4159 907 4232 δηλαδὴ
937 4158 1239 4230 θεραπείαν
1268 4164 1331 4216 οὐ
1378 4160 1632 4232 σώματος
1684 4167 1911 4237 κομιού-

319 4269 483 4323 μενος
549 4252 733 4322 μόνον,
766 4251 904 4306 ἀλλά
964 4253 1061 4306 καὶ
1099 4252 1300 4324 ψυχῆς.
1359 4254 1470 4308 Καὶ
1521 4255 1654 4326 δῆτα
1711 4259 1909 4329 φόρτος

316 4343 470 4397 οὐδὲν
496 4342 725 4415 ἀψύχων
778 4342 1055 4406 άπεοικὼς
1096 4344 1380 4416 ὑποζυγίῳ
1428 4346 1724 4413 ἐπιτεθεὶς,
1750 4348 1910 4401 άολία

314 4452 373 4489 τε
406 4435 515 4507 πρὸ
546 4433 641 4488 τοῦ
683 4434 880 4488 στύλου
910 4435 1089 4498 τεθεὶς
1109 4435 1251 4507 ὄψις,
1278 4439 1463 4508 φωνῆς
1490 4438 1699 4495 ἀνωθεν
1718 4440 1910 4494 ἀκούει

315 4525 471 4598 παρά
502 4525 602 4579 τοῦ
654 4524 814 4593 ἁγίου
857 4524 1148 4597 λεγούσης,
1188 4528 1319 4582 Ἰδοὺ
1373 4529 1575 4602 ἀφείθη
1616 4548 1698 4583 σοι
1759 4532 1911 4602 παρὰ

2015 3341 2169 3397 mine
2201 3340 2602 3413 Epiphaniam,
2626 3356 2693 3398 ex
2725 3357 2864 3414 pago
2892 3341 3133 3414 quodam
3164 3343 3259 3414 qui
3315 3360 3607 3417 ntmcupa—

2016 3442 2109 3489 tur
2134 3433 2404 3499 Eutbalii,
2424 3433 2493 3490 de
2519 3434 3004 3506 sanetiSymeonis
3027 3435 3171 3490 fama
3212 3450 3313 3506 per
3355 3437 3611 3508 ignoran-

2018 3528 2149 3583 tiam
2171 3528 2489 3594 detrahere,
2507 3529 2813 3599 incumque
2835 3528 3235 3583 contumeliose
3252 3527 3609 3596 debacchari,

2012 3628 2069 3675 et
2092 3635 2344 3676 errorem
2380 3620 2559 3690 ipsum
2590 3620 2917 3675 adeuntium
2955 3622 3134 3690 palam
3167 3621 3613 3691 reprehendere.

2012 3716 2328 3786 Aliquando
2362 3715 2530 3787 igitur
2573 3715 2761 3770 divina
2804 3715 3028 3771 cmlitus
3072 3715 3287 3771 visione
3346 3717 3605 3789 dignatus

2012 3806 2360 3877 Epiphanius
2396 3807 2510 3871 ille,
2547 3806 2689 3862 sicut
2731 3805 3011 3877 quondam
3070 3805 3292 3872 Paulus,
3360 3808 3606 3864 concidit

2011 3900 2168 3971 quasi
2219 3908 2473 3956 mortuus
2520 3899 2576 3954 in
2626 3908 2854 3964 terram,
2901 3907 2959 3954 et
3015 3899 3332 3956 visceribus
3390 3900 3605 3956 intimis

2011 4003 2326 4050 commotus
2344 4005 2431 4050 est
2453 4011 2465 4048 :
2488 3993 2681 4065 jussus
2708 4007 2931 4064 quoque
2961 4000 3048 4047 cst
3090 4005 3202 4047 non
3232 4002 3297 4048 ut
3340 3993 3448 4051 iste
3492 3994 3603 4051 Da-

2009 4099 2256 4139 mascum
2279 4083 2606 4149 concedere,
2625 4082 2721 4138 sed
2740 4077 2806 4133 ad
2838 4081 3100 4138 famulum
3130 4083 3222 4140 Dei
3245 4082 3598 4157 Symconem,

2009 4185 2072 4233 ut
2101 4192 2199 4247 per
2225 4177 2377 4232 illum
2411 4176 2707 4231 sanitatem
2747 4190 2856 4230 non
2882 4175 3059 4229 solum
3087 4178 3362 4246 corporis,
3394 4178 3489 4233 sed
3545 4188 3603 4235 et
3652 4208 3655 4211 -

2010 4270 2209 4324 animae
2235 4269 2402 4325 etiam
2429 4275 2764 4339 reportaret.
2795 4267 2942 4340 Ergo
2959 4285 3069 4324 non
3104 4270 3339 4324 multum
3382 4268 3452 4325 ab
3486 4270 3603 4325 ina-

2008 4362 2146 4418 nimi
2178 4363 2525 4433 discrepans,
2558 4363 2812 4434 jumento
2839 4354 3137 4433 impositus
3163 4371 3251 4419 est
3305 4378 3447 4419 onus
3493 4364 3600 4419 mi-

2010 4455 2286 4515 serabile:
2320 4453 2720 4525 depositusque
2751 4461 2880 4510 ante
2905 4454 3223 4510 columnam
3280 4456 3599 4514 luctuosum

2009 4547 2408 4618 Spectaculum,
2457 4562 2653 4602 vocem
2726 4547 2948 4603 caelitus
2994 4562 3023 4602 a
3061 4557 3256 4604 sancto
3325 4549 3598 4627 Synleone

318 4616 524 4688 Κυρίου
559 4617 627 4670 τὰ
654 4617 716 4668 ὲν
748 4615 945 4687 ἀγνοίᾳ
969 4633 983 4648 ο
1019 4617 1233 4688 ἔγειραι
1290 4619 1584 4690 τοιγαροῦν
1615 4622 1902 4676 ἀναλαϐὼν

2014 4638 2305 4695 demissam
2340 4640 2539 4706 sensit,
2591 4655 2715 4710 quae
2754 4641 3009 4696 dicebat:
3064 4642 3208 4697 Ecce
3240 4616 3601 4698 dimittuntur

313 4710 531 4773 ἑαυτὸν,
574 4712 774 4781 μηκέτι
823 4706 1047 4764 διώκειν
1106 4712 1272 4765 αὑτὸν
1330 4713 1658 4785 ἀνεχόμενος
1718 4719 1789 4769 ὲν
1825 4716 1903 4789 τῷ

313 4803 522 4858 τιθέναι
550 4802 613 4857 τὸ
637 4805 811 4875 στόμα
834 4821 931 4859 σου
954 4807 1036 4868 είς
1056 4803 1224 4875 ἡμᾶς,
1259 4804 1356 4859 καὶ
1377 4806 1560 4861 λαλεῖν
1590 4807 1714 4862 καθ’
1745 4811 1904 4881 ἡμῶν

321 4899 560 4953 ἀδικίαν.
584 4900 807 4961 Τούτοις
839 4903 953 4963 τοῖς
988 4903 1227 4973 ῥήμασιν
1272 4901 1400 4979 [είς]
1450 4907 1640 4961 ἑαυτὸν
1669 4902 1907 4979 παραδό-

320 4989 428 5057 ξως
458 4989 804 5057 επανελθὼν,
835 4994 1097 5047 τάναντία
1123 4995 1325 5069 διεξῄει
1356 4998 1465 5052 τῶν
1499 5000 1902 5070 προλαϐόντων,

318 5085 416 5138 καὶ
440 5083 730 5153 κηρύττων
773 5079 841 5154 ἦν
882 5085 989 5152 ὅλῳ
1018 5087 1252 5156 στόματι
1289 5089 1492 5158 μᾶλλον
1515 5091 1614 5154 τὰς
1644 5092 1738 5145 τοῦ
1768 5093 1901 5148 Θεοῦ

319 5176 407 5230 διὰ
432 5174 528 5229 τοῦ
563 5174 895 5243 θεράποντος
922 5177 1088 5231 αὐτοῦ
1114 5179 1455 5244 δυναστείας.

387 5358 474 5406 σι’.
501 5348 636 5408 Εἶτα
665 5355 762 5409 καὶ
788 5356 916 5419 τοὺς
935 5357 1086 5421 υἱοὺς
1113 5360 1488 5429 προσαγαγὼν
1508 5362 1903 5437 δαιμονῶντας,

313 5442 485 5512 ὑγιεῖς
513 5446 812 5518 ἑκατέρους
833 5449 1236 5518 ἀπολαμϐάνει.
1270 5445 1443 5516 Οὗτος
1478 5457 1618 5526 μετά
1672 5458 1904 5533 θατέρου

311 5533 422 5586 τῶν
475 5536 683 5590 παίδων
746 5536 975 5611 ὕστερον
1024 5539 1101 5611 τῷ
1159 5541 1303 5625 ιζγίῳ
1351 5535 1688 5613 παραϐαλὼν
1743 5553 1904 5621 (ἐπεὶ

311 5625 408 5676 καὶ
442 5627 684 5698 συνεχῶς
713 5628 863 5699 αὐτῷ
906 5630 1048 5699 μετὰ
1083 5632 1280 5703 πεῖραν
1320 5638 1533 5703 ἐφοίτα,
1566 5640 1664 5692 καὶ
1707 5643 1900 5698 τοσοῦ-

2008 4732 2183 4788 tibia
2245 4732 2483 4788 Domino
2562 4749 2686 4803 quze
2739 4748 2808 4789 ex
2867 4732 3179 4805 ignorantia
3231 4735 3597 4803 commisisti;

2005 4824 2126 4881 leva
2178 4834 2231 4879 te
2278 4826 2449 4897 igitur
2506 4835 2562 4880 et
2622 4825 2732 4882 noli
2776 4827 3033 4896 persequi
3072 4827 3254 4896 ipsum
3309 4827 3595 4899 deinceps,

2006 4915 2308 4989 aperiendo
2336 4930 2399 4970 os
2427 4925 2582 4970 tuum
2606 4924 2662 4971 et
2694 4916 2974 4986 loquendo
3006 4918 3354 4989 iniquitatem
3397 4928 3598 4977 contra

2005 5007 2357 5063 nos.llorum
2380 5010 2679 5062 verborum
2712 5008 2920 5063 virtute
2958 5008 3290 5065 mirabiliter
3331 5010 3438 5066 sibi
3465 5011 3597 5067 red-

2007 5098 2176 5161 ditus,
2210 5099 2493 5155 contraria
2535 5098 2785 5163 omnino,
2834 5115 2998 5169 quam
3043 5108 3171 5157 ante
3215 5111 3338 5157 erat
3375 5103 3593 5169 solitus,

2006 5189 2356 5260 loquebatur,
2380 5190 2658 5261 plenoque
2709 5206 2805 5246 ore
2866 5191 3205 5261 praedicabat
3254 5193 3349 5249 Dei
3398 5206 3596 5266 poten-

2008 5282 2137 5336 tiam
2163 5297 2263 5353 per
2285 5281 2551 5337 famulum
2590 5298 2776 5337 suum.

2094 5374 2220 5430 210.
2258 5375 2777 5432 Adducensdeinde
2834 5375 2976 5432 ﬁlios
3009 5376 3150 5433 duos
3201 5377 3594 5449 daamoniacos,

2006 5469 2314 5524 incolumes
2339 5469 2535 5524 ambos
2565 5470 2815 5540 recepit:
2852 5486 3090 5541 quorum
3134 5487 3247 5526 uno
3291 5473 3594 5531 comitante

2004 5568 2195 5631 postea
2220 5561 2522 5632 aliquando
2574 5562 2641 5616 ad
2683 5571 2938 5617 sanctum
2996 5577 3055 5617 se
3106 5561 3401 5617 conferens
3441 5564 3593 5632 (quia

1998 5648 2111 5718 jam
2146 5657 2410 5720 expertus
2439 5649 2726 5715 virtutem,
2760 5650 2964 5706 creber
2993 5666 3061 5707 eo
3092 5651 3288 5715 itabat,
3332 5660 3596 5723 tantoque

309 5731 404 5771 τον
430 5716 543 5815 ὅσῳ
588 5722 717 5815 τοὺς
773 5721 948 5795 ταύτῃ
999 5724 1244 5796 δρῶντας
1298 5728 1491 5802 πρώην
1524 5734 1821 5809 ἐμέμφετο)
1840 5738 1897 5790 ἔν

2014 5716 2353 5811 Frequentius
2396 5754 2651 5814 .quanto
2711 5744 2913 5815 sacpius
2970 5754 3097 5800 ante
3158 5744 3211 5800 id
3276 5744 3595 5804 factuautcs

311 5820 421 5863 τινι
450 5808 561 5863 τῶν
596 5809 886 5880 ἁνωγαίων
916 5815 1016 5884 τῆς
1040 5813 1211 5885 μονῆς
1245 5818 1523 5875 καταλύει.
1558 5824 1662 5878 Τὸν
1688 5828 1786 5897 μὲν
1804 5808 1897 5882 οῦν

2014 5830 2462 5910 reprehenderat)
2516 5836 2573 5890 in
2630 5838 2920 5893 omnaculo
2993 5837 3236 5909 quodam
3302 5838 3611 5911 superiore:

675 5914 946 5977 PATROL.
992 5918 1085 5975 Gn
1157 5915 1493 5980 LXXXVI.
2976 5960 2989 5972 ·
3118 5936 3232 6000 100
