4018 6404
371 385 512 452 3179

1572 379 1632 443 S.
1672 380 2052 443 SYMEONIS
2091 380 2454 444 JUNIORIS

3481 387 3636 450 3180

371 493 693 552 monasterii
725 491 1033 548 diversatus
1055 489 1177 544 fuit.
1213 488 1426 544 Accidit
1453 498 1638 546 autem
1683 505 1942 561 puerum,

2062 492 2214 543 παῖδα.
2248 491 2446 562 συνέϐη
2471 488 2688 555 νυκτὸς,
2725 490 2870 548 κατὰ
2905 493 2972 563 δή
3007 510 3133 548 τινα
3157 494 3410 565 σώματος
3441 495 3654 568 χρείαν-

373 594 658 657 premente
693 582 928 652 quadam
963 580 1208 648 corporis
1233 579 1590 646 necessitate,
1627 587 1795 634 noctu
1847 593 1946 634 εχ·-

373 683 688 746 perrectum
716 687 982 742 surgere;
1012 685 1250 739 cumque
1298 669 1388 724 illa
1443 673 1585 729 forte
1639 679 1810 726 staret
1845 669 1948 724 do-

361 784 495 822 mus
520 775 694 836 parte,
721 764 817 818 ubi
854 763 995 818 sacri
1023 764 1233 832 aliquot
1261 762 1552 833 Symeonis
1581 762 1768 832 capilli
1799 763 1950 833 jace-

370 862 533 926 bant;
605 860 718 914 sive
782 859 1011 929 spiritus
1081 867 1281 912 natura
1343 857 1512 912 invidi
1588 855 1950 910 fascinatione

369 953 637 1020 malisque
666 949 897 1015 artibus,
943 949 1057 1003 sive
1091 948 1264 1018 gratia
1313 949 1423 1002 illis
1491 947 1668 1001 indita
1732 946 1786 1000 id
1837 961 1950 1000 non

369 1044 673 1102 tolerante;
731 1040 990 1108 delapsus
1052 1039 1180 1094 inde
1233 1055 1371 1109 puer
1413 1047 1578 1109 caput
1625 1038 1677 1092 in
1736 1047 1950 1108 petram

370 1133 621 1204 impegit,
648 1132 1086 1201 vulneratusque
1116 1132 1360 1202 graviter
1385 1131 1479 1185 illo
1511 1146 1652 1201 pene
1709 1129 1951 1184 contrito

368 1243 399 1282 e
421 1227 564 1281 vivis
584 1224 838 1279 excessit.
867 1223 1056 1277 Oritur
1088 1223 1282 1294 ingens
1327 1224 1556 1289 clamor,
1608 1229 1952 1276 concurrunt

367 1326 640 1390 quotquot
690 1318 745 1372 in
784 1317 950 1371 domo
993 1317 1245 1380 aderant,
1296 1316 1590 1370 inveniunt
1644 1322 1949 1369 mortuum.

369 1409 532 1465 Pater
573 1422 706 1463 vero
762 1408 990 1462 minime
1061 1408 1308 1461 omnium
1383 1407 1636 1461 turbatus
1699 1406 1952 1475 (noverat

369 1500 572 1570 quippe
610 1499 677 1555 ad
723 1515 947 1553 manum
979 1514 1100 1554 esse
1155 1499 1456 1566 medicum)
1521 1500 1722 1554 tollens
1764 1499 1952 1554 sedate

370 1603 676 1658 mortuum,
717 1590 784 1646 ad
806 1600 1055 1646 sanctum
1081 1589 1357 1659 deportat.
1395 1589 1602 1661 Tetigit
1660 1591 1756 1645 ille
1812 1604 1950 1659 pue-

372 1699 495 1738 rum
521 1683 744 1738 dextera
777 1698 897 1748 sua,
925 1682 1314 1750 invocavitque
1343 1695 1511 1749 super
1546 1682 1700 1736 illum
1762 1679 1954 1750 unige-

371 1777 549 1830 nitum
571 1775 661 1829 Dei
687 1775 905 1840 Filium,
925 1773 1020 1844 qui
1043 1773 1194 1828 solus
1218 1781 1399 1842 potest
1426 1783 1674 1828 mortuos
1696 1773 1762 1826 ad
1785 1771 1952 1824 vitam

372 1867 664 1922 suscitare.
691 1865 846 1935 (Quis
865 1841 1231 1919 conﬁtebitur,
1253 1864 1662 1919 misericordias
1681 1873 1800 1917 tuas
1827 1861 1950 1927 tibi,
1985 1841 2028 1896 Β

372 1957 604 2012 D'omine
629 1956 672 2026 ?)
704 1954 868 2010 Redit
892 1955 1074 2008 anima
1105 1969 1306 2024 puero:
1338 1964 1394 2009 et
1422 1955 1516 2024 qui
1539 1962 1790 2008 mortuus
1831 1952 1954 2008 fue-

373 2056 480 2112 rat,
504 2049 689 2100 vivere
719 2055 776 2100 et
799 2047 1012 2115 spirare
1063 2045 1430 2114 conspicitur.
1477 2044 1712 2098 Sanctus
1767 2051 1955 2097 autem

375 2140 587 2196 indicto
631 2139 774 2209 patri
825 2135 1224 2205 comitatuique
1280 2136 1430 2190 illius
1493 2135 1734 2200 silentio,
1794 2134 1958 2206 jubet

375 2231 582 2286 auferri
609 2244 869 2300 puerum,
898 2236 959 2282 ut
1003 2227 1276 2296 tantisper
1301 2226 1544 2296 quietem
1573 2226 1775 2296 capiat.
1796 2223 1956 2290 Quod

374 2340 500 2379 cum
526 2323 732 2378 factum
767 2330 912 2377 esset
966 2328 1027 2374 ut
1057 2320 1377 2374 mandatum
1426 2328 1566 2382 erat,
1623 2333 1799 2388 puero
1843 2318 1954 2387 jam

378 2412 591 2483 placide
624 2411 956 2474 dormiente,
988 2425 1088 2479 per
1119 2424 1282 2463 aures
1314 2408 1465 2462 illius
1488 2417 1714 2478 repente
1731 2407 1958 2477 sanguis

374 2503 589 2559 eﬁusus
624 2511 728 2568 est,
754 2502 1027 2574 Symeone
1043 2499 1452 2569 quodammodo
1501 2500 1822 2570 chirurguin
1860 2514 1959 2568 per

374 2604 554 2648 artem
611 2590 905 2663 quemdam
956 2590 1292 2645 invisibilem
1341 2596 1556 2660 agente.
1622 2589 1768 2644 Puer
1824 2602 1958 2642 vero

379 2687 539 2742 linito
569 2702 764 2742 somno
787 2685 1004 2756 integre
1034 2693 1283 2746 sanatus,
1315 2683 1503 2738 cibum
1529 2697 1750 2752 quoque
1797 2681 1958 2736 avide

376 2778 620 2843 admisit,
669 2776 957 2846 factusque
1005 2785 1090 2830 est
1143 2775 1472 2830 miraculum
1526 2773 1808 2839 omnibus,
1862 2772 1958 2828 ubi

375 2865 842 2936 conspiciebatur,
877 2863 1232 2930 videntibus;
1258 2861 1614 2919 audientibus
1645 2861 1742 2916 ubi
1764 2875 1958 2914 narra-

375 2956 562 3011 batur.

440 3061 573 3115 .2li.
605 3061 767 3117 Pater
821 3077 953 3132 ergo
1001 3061 1232 3131 hujusce
1294 3059 1474 3131 pueri,
1521 3060 1818 3130 praeclarus
1847 3059 1958 3131 jam

371 3149 560 3222 magni
599 3150 887 3222 Symeonis
911 3164 1099 3218 μναιοο
1131 3149 1329 3213 factus,
1365 3158 1473 3202 tam
1501 3149 1754 3204 addictus
1800 3149 1958 3202 famae

371 3241 529 3298 illius
552 3241 936 3311 propagandae,
961 3255 1127 3308 quam
1147 3250 1309 3293 antea
1325 3241 1657 3295 noscebatur
1683 3241 1749 3296 ad
1770 3241 1960 3295 convi-

372 3333 630 3390 tiandum
663 3331 956 3400 proclivis;
988 3331 1250 3385 convenit
1280 3331 1460 3384 virum
1481 3333 1799 3401 quemdam,
1862 3334 1958 3402 qui

378 3424 683 3480 vocabatur
709 3422 963 3493 Babylas.
1001 3421 1220 3476 Annum
1257 3422 1348 3477 hic
1397 3423 1622 3477 circiter
1677 3425 1957 3494 quinqua-

375 3515 650 3588 gesimum
683 3514 960 3583 attigerat,
992 3513 1217 3583 jamque
1242 3520 1390 3567 totus
1427 3513 1614 3584 glaber
1640 3529 1704 3568 ac
1730 3513 1949 3583 depilis,

372 3623 492 3661 non
520 3607 700 3676 capite
749 3604 916 3660 modo
968 3616 1135 3674 atque
1198 3605 1533 3674 superciliis,
1586 3605 1683 3660 sed
1761 3616 1951 3680 mento

375 3699 546 3754 etiam
577 3707 802 3766 totoque
831 3711 1064 3767 corpore
1111 3705 1252 3761 erat,
1283 3696 1420 3751 adeo
1472 3705 1532 3750 ut
1565 3697 1781 3752 cunctis
1822 3698 1966 3765 risui,

370 3808 444 3848 ac
472 3791 716 3848 ludibrio
753 3799 923 3845 esset.
956 3790 1195 3846 Noverat
1233 3806 1361 3844 eum
1393 3789 1672 3845 inﬁdelem
1693 3783 1869 3856 Jesse,
1904 3799 1961 3846 et

374 3885 517 3940 nihil
544 3883 779 3938 sanioris
803 3882 1021 3937 consilii
1054 3883 1107 3936 in
1130 3897 1296 3937 aures
1327 3882 1619 3939 demittere
1642 3900 1656 3936 :
1685 3883 1960 3952 persuasit

379 3986 562 4032 tamen
580 3993 687 4030 non
715 3977 835 4030 sine
867 3975 1080 4039 labore,
1117 3988 1279 4044 posse
1307 3973 1573 4040 divinam,
1608 3990 1731 4044 quae
1770 3985 1959 4029 sancto

377 4067 637 4140 Symeoni
688 4067 916 4131 aderat,
977 4065 1209 4136 gratiam
1269 4064 1472 4128 facere.
1522 4073 1582 4119 ut
1630 4074 1960 4120 enascantur

377 4169 587 4214 natura:
620 4159 814 4214 ordine
835 4156 1019 4227 capilli
1038 4157 1164 4225 ejus
1191 4173 1204 4209 :
1238 4155 1426 4226 sicque
1450 4171 1772 4225 persuasum
1803 4155 1962 4211 duxit

376 4250 446 4304 ad
470 4251 802 4314 columnam,
830 4264 942 4301 non
966 4245 1222 4301 ﬁduciam
1254 4245 1418 4300 modo
1442 4245 1743 4312 incensam,
1767 4261 1958 4301 verum

375 4339 784 4409 paenitudinem
831 4350 1051 4406 quoque
1091 4335 1514 4406 praeteritorum
1559 4338 1956 4393 conferentem.

376 4429 519 4484 Dicit
544 4429 596 4483 ei
622 4429 859 4500 Symeon
889 4444 902 4481 :
928 4427 1011 4480 Tu
1041 4441 1072 4480 a
1105 4436 1157 4481 te
1193 4427 1310 4497 ipse
1344 4427 1400 4480 in
1427 4427 1576 4482 hunc
1610 4443 1784 4497 usque
1813 4429 1958 4483 diem

2049 581 2422 653 διεργεθέντα,
2457 585 2581 638 κατ’
2609 585 2786 640 ἐκεῖνο
2816 586 3007 655 στῆναι
3027 586 3132 656 τῆς
3151 585 3326 651 οἰκίας
3352 587 3414 640 τὸ
3445 587 3634 658 μέρος,

2051 674 2186 727 ὅπου
2231 675 2385 739 τινας
2413 676 2520 729 τῶν
2563 676 2727 748 ἱερῶν
2753 676 2849 730 τοῦ
2878 677 3100 749 Συμεὼν
3133 679 3339 750 τριχῶν
3370 678 3636 750 ἐτύγχανε

2053 768 2294 821 κεῖσθαι·
2325 768 2434 821 εἴτε
2470 769 2534 840 δὴ
2581 771 2850 841 βασκανίᾳ
2879 771 2981 842 τῆς
3003 772 3272 842 φθονερᾶς
3322 771 3417 826 τοῦ
3460 774 3634 845 Πονη-

2055 858 2150 930 ροῦ
2183 862 2398 927 φύσεως
2424 862 2522 915 καὶ
2552 864 2674 926 ταῖς
2711 861 2769 926 ὲξ
2801 862 2971 932 αὐτῆς
3006 865 3333 931 ἐνεργείαις,
3361 863 3472 918 εἴτε
3523 865 3626 934 τῆς

2054 953 2276 1024 χάριτος
2341 954 2441 1006 οὑκ
2497 954 2900 1026 ἀνασχομένης,
2933 956 3175 1026 ἐνεχθεὶς
3233 957 3446 1011 ἐκεῖθεν
3491 959 3638 1012 κατὰ

2055 1046 2296 1117 κεφαλῆς
2324 1047 2417 1099 ἐπὶ
2445 1049 2668 1116 πέτραν,
2698 1047 2794 1100 καὶ
2821 1047 3027 1118 ταύτην
3054 1049 3282 1119 πληγείς
3300 1065 3360 1102 τε
3397 1051 3515 1120 ἅμα
3545 1051 3642 1104 καὶ

2057 1139 2385 1210 συντριόεὶς,
2421 1141 2672 1210 θνήσκει.
2737 1142 3003 1210 Κραυγῆς
3053 1140 3111 1193 δὲ
3158 1141 3494 1212 γενομένης,
3544 1141 3641 1196 καὶ

2063 1232 2282 1285 πάντων
2329 1231 2444 1284 ὅσοι
2509 1233 2778 1303 παρόντες
2829 1227 2972 1302 ἦσαν
3037 1234 3156 1285 ἐκεῖ
3204 1233 3638 1304 συνδραμόντων,

2055 1323 2367 1393 εὑρίσκεται
2401 1323 2696 1394 τεθνηκώς.
2730 1324 2790 1378 ὐ
2835 1325 3019 1396 πατὴρ
3047 1326 3226 1380 τοίνυν
3259 1326 3420 1379 οὐδὲν
3449 1326 3640 1380 διατα-

2059 1414 2448 1486 ραχθεὶς(ῇδει
2477 1415 2584 1487 γὰρ
2639 1417 2828 1485 σαφῶς
2877 1419 3046 1486 ἐγγὺς
3098 1418 3238 1489 ἔχων
3286 1419 3378 1472 τὸν
3433 1417 3639 1491 ἰατρὸν)

2055 1506 2377 1576 ἀνελόμενος
2424 1508 2602 1578 ἡσυχῆ
2664 1509 2896 1562 θανόντα
2931 1510 3020 1564 τὸν
3049 1511 3244 1572 παῖδα,
3273 1509 3495 1580 κομίζει
3534 1511 3646 1581 πρὸ

2055 1597 2150 1652 τοῦ
2205 1598 2357 1666 ἁγίου
2381 1616 2394 1630 ·
2436 1601 2464 1652 ὀ
2505 1599 2562 1652 δὲ
2603 1599 2679 1662 ὡς
2710 1599 2888 1670 ἥψατο
2915 1599 3105 1652 τούτου
3135 1603 3200 1673 τῇ
3230 1599 3404 1670 δεξιᾷ,
3425 1599 3518 1652 καὶ
3545 1598 3644 1652 τοῦ

2061 1690 2383 1761 μονογενοῦς
2410 1688 2541 1744 Υίοῦ
2574 1691 2669 1743 τοῦ
2703 1690 2861 1755 Θεοῦ,
2897 1691 2992 1744 τοῦ
3034 1691 3131 1745 καὶ
3165 1691 3330 1762 μόνου
3361 1691 3646 1756 ζωοποιεῖν

2057 1785 2256 1847 εἰδότος
2276 1786 2524 1852 νεκροὺς,
2548 1783 2690 1853 ὑπὲρ
2722 1783 2886 1836 αὑτοῦ
2923 1785 3117 1855 ἐδεήθη
3168 1784 3288 1854 (Τίς
3311 1784 3647 1855 ἐξομολογή-

2058 1875 2210 1928 σεταί
2235 1893 2340 1936 σοι,
2361 1876 2583 1946 Χριστὲ,
2611 1876 2679 1928 τὰ
2698 1876 2821 1946 ὲλέη
2853 1893 2946 1928 σου
2968 1877 3033 1944 l),
3055 1875 3304 1929 ἐπάνεισι
3325 1875 3421 1945 μὲν
3445 1877 3478 1945 ἠ
3495 1875 3643 1948 ψυχὴ

2058 1965 2154 2020 τοῦ
2191 1967 2400 2031 παιδὸς,
2432 1968 2526 2020 καὶ
2567 1967 2675 2031 ζῶν
2701 1971 2728 2022 ὁ
2768 1967 2961 2038 νεκρὸς
2997 1965 3093 2020 καὶ
3121 1967 3299 2020 πνέων
3336 1965 3539 2038 ὡρᾶτο.
3581 1969 3640 2022 ’0

2057 2058 2284 2130 Συμεὼν
2300 2059 2355 2113 δὲ
2387 2061 2545 2129 σιγὴν
2563 2060 2638 2130 τῷ
2665 2062 2834 2130 πατρὶ
2864 2061 2958 2113 καὶ
2993 2061 3107 2123 τοῖς
3139 2060 3266 2129 περὶ
3295 2059 3463 2113 αὑτὸν
3495 2076 3642 2130 παρ-

2058 2152 2334 2220 αγγέλλει,
2375 2152 2676 2222 ἀραμένοις
2728 2151 2834 2222 ἰδία
2880 2151 2971 2203 τὸν
2997 2151 3184 2215 παῖδα,
3223 2151 3312 2204 ἵνα
3367 2152 3540 2223 βραχύ
3591 2167 3646 2205 τι

2059 2242 2157 2295 καὶ
2191 2241 2503 2314 καθευδήσῃ
2525 2259 2539 2272 '
2573 2241 2715 2312 ὅπερ
2745 2242 2822 2305 ὡς
2848 2241 3153 2312 προσέταξε
3178 2241 3423 2310 γεγονὸς,
3459 2239 3648 2295 ὑπνώ-

2061 2354 2252 2401 σαντος
2287 2338 2355 2391 τὰ
2392 2338 2588 2408 μέτρια
2621 2337 2715 2390 τοῦ
2765 2337 2978 2402 παιδὸς,
3011 2330 3155 2407 αἷμα
3183 2335 3282 2406 ,διὰ
3321 2335 3432 2388 τῶν
3474 2333 3641 2387 αὑτοῦ

2059 2427 2211 2481 ὢτων
2241 2428 2437 2499 ἀθρόον
2469 2428 2651 2499 ἐχέθη,
2683 2429 2939 2499 καθάπερ
2966 2428 3182 2500 ἀθεάτῳ
3203 2429 3310 2482 τινὶ
3325 2427 3648 2500 χειρουργίᾳ.

2059 2515 2154 2569 τοῦ
2200 2515 2427 2585 Συμεὼν
2471 2515 2559 2570 ἐπ’
2597 2517 2762 2570 αὑτὸν
2801 2519 3152 2589 χρησαμένου
3181 2535 3196 2550 ο
3223 2521 3318 2572 καί⁸
3351 2518 3492 2589 μετὰ
3543 2518 3644 2572 τὸν

2061 2607 2226 2660 ὕπνον
2258 2607 2420 2677 ὑγιὴς
2449 2607 2570 2671 ὅλος
2598 2603 2688 2680 ἦν,
2711 2610 2884 2679 ἡδέως
2907 2609 3271 2682 προσιέμενος
3294 2609 3390 2663 καὶ
3413 2607 3646 2680 τροφὴν,

2063 2697 2248 2770 θαῦμα
2280 2701 2415 2754 πᾶσι
2461 2701 2556 2755 καὶ
2583 2699 2796 2771 ὄμμασι
2831 2703 2927 2756 καὶ
2947 2703 3103 2774 ὠσὶν,
3133 2701 3414 2776 ὁρώμενός
3453 2719 3511 2757 τε
3550 2702 3648 2756 καὶ

2063 2792 2415 2862 ἀκουόμενος.

2136 3064 2264 3114 σια’.
2319 3057 2376 3112 '0
2427 3057 2556 3125 γοῦν
2591 3057 2776 3128 πατὴρ
2801 3098 2814 3122 ,
2847 3056 3100 3130 λαμπρὸς
3143 3056 3253 3110 τῶν
3279 3055 3372 3110 τοῦ
3408 3057 3648 3128 μεγάλου

2064 3151 2291 3222 Συμεὼν
2323 3151 2500 3222 κῆρυξ
2529 3150 2630 3212 ὢν,
2656 3152 2752 3203 καὶ
2792 3149 3047 3212 τοσοῦτος
3083 3151 3163 3212 εἰς
3196 3150 3474 3219 εὐφημίαν
3519 3149 3650 3212 ὅσος
3709 3131 3724 3141 ’

2062 3246 2142 3306 είς
2167 3243 2432 3313 λοιδορίαν
2460 3243 2519 3294 τὸ
2553 3243 2685 3312 πρὶν
2721 3241 3072 3310 ὲγνωρίζετο,
3110 3240 3280 3309 ἄνδρα
3312 3239 3434 3292 τινὰ
3460 3237 3648 3291 Βαϐύ-

2061 3335 2162 3388 λαν
2189 3334 2545 3404 καλούμενον,
2581 3333 2699 3395 ἔτος
2728 3349 2832 3385 που
2858 3333 3224 3402 πεντηκοστὴν
3253 3331 3381 3384 ὄντα
3403 3373 3416 3394 ,
3441 3330 3654 3398 γυμνὸν

2063 3428 2184 3481 ὅλον
2235 3427 2330 3481 καὶ
2365 3425 2510 3478 λεῖον
2557 3427 2651 3478 καὶ
2683 3423 2906 3495 ᾶτριχα,
2939 3425 3001 3476 οὐ
3030 3423 3274 3494 κεφαλὴν
3306 3423 3468 3493 μόνον
3494 3422 3554 3474 οὐ
3587 3423 3648 3475 δὲ

2063 3519 2292 3592 ὀφρύας,
2380 3517 2519 3571 ἀλλὰ
2557 3517 2650 3572 καὶ
2695 3516 2932 3584 πώγωνα
2979 3517 3073 3569 καὶ
3113 3515 3274 3585 σῶμα
3321 3514 3383 3568 τὸ
3416 3515 3543 3576 πᾶν,
3572 3513 3656 3576 ὡς

2061 3609 2159 3662 καὶ
2198 3610 2363 3662 πᾶσιν
2396 3609 2454 3661 ὲν
2493 3608 2692 3676 γέλωτι
2721 3608 2817 3660 καὶ
2861 3607 3052 3678 παιδιᾷ
3085 3603 3253 3667 εἶναι,
3287 3605 3476 3658 τοῦτον
3502 3607 3653 3656 ἁπα-

2064 3699 2342 3774 ραδέκτως
2397 3700 2590 3768 ἔχοντα
2644 3698 2740 3751 καὶ
2794 3698 3041 3760 ἀπίστως
3083 3694 3262 3759 εἰδὼς,
3296 3694 3372 3758 ὡς
3401 3697 3436 3764 ἡ
3500 3695 3656 3762 παρὰ

2062 3793 2140 3864 τῷ
2164 3793 2292 3862 θείῳ
2343 3790 2567 3860 Συμεὼν
2619 3790 2744 3844 Θεία
2790 3791 2950 3860 χάρις
2993 3787 3197 3859 δυνατὴ
3252 3786 3447 3857 τρίχας
3493 3785 3650 3856 αὐτῷ

2062 3884 2206 3939 κατὰ
2245 3883 2407 3952 φύσιν
2441 3883 2696 3950 ἐκφῦσαι,
2733 3881 2909 3934 πείθει
2942 3881 3039 3934 σὺν
3081 3880 3265 3948 πόνῳο
3315 3877 3408 3930 καὶ
3458 3879 3657 3940 πείσας

2061 3977 2186 4045 ἄγει
2222 3975 2374 4046 παρὰ
2410 3973 2501 4026 τὸν
2527 3973 2744 4035 στύλον,
2770 3974 2831 4026 οὐ
2866 3971 3005 4041 μετὰ
3031 3972 3240 4042 θερμῆς
3277 3971 3514 4032 πίστεως
3545 3968 3648 4038 μό-

2061 4085 2174 4132 νον,
2224 4065 2360 4120 ἀλλὰ
2407 4065 2645 4134 καὶτῆς
2709 4065 2851 4134 ὑπὲρ
2907 4062 3002 4116 τοῦ
3055 4060 3420 4133 παρελθόντος
3481 4075 3651 4130 μετα-

2065 4157 2309 4229 μελείας.
2326 4157 2384 4209 '0
2412 4156 2494 4221 δὲ,
2520 4157 2592 4209 Σὺ
2625 4156 2873 4226 κωλυτὴς
2905 4155 3093 4224 ἐγένου
3119 4154 3301 4225 σαυτῷ
3327 4155 3426 4224 τῆς
3446 4151 3656 4206 ἄνωθεν

2059 4251 2270 4320 δωρεᾶς
2318 4250 2398 4314 είς
2443 4248 2625 4320 δεῦρο,
2667 4249 2794 4318 ἔφη,
2827 4249 2923 4303 καὶ
2953 4247 3225 4302 πιστεύων
3245 4249 3328 4302 ὅτι
3365 4245 3588 4300 δυνατὸν
3623 4244 3656 4300 ὃ

2059 4340 2253 4404 αἰτεῖς,
2286 4337 2507 4390 ἔσεσθαί
2537 4355 2621 4392 σοι
2652 4339 2806 4410 παρὰ
2839 4338 2998 4393 Θεοῦ.
3039 4338 3153 4392 Νῦν
3200 4333 3295 4392 οὖν
3333 4337 3513 4391 οἷκαδε
3553 4352 3654 4389 πο-

2063 4432 2222 4502 ρεύου
2270 4431 2476 4502 χαίρων
2502 4445 2517 4460 ⁸
2569 4430 2891 4486 ἀνατελοῦσι
2934 4431 3044 4501 γάρ
3087 4448 3171 4486 σοι
3214 4430 3359 4485 κατὰ
3391 4429 3552 4500 φύσιν
3593 4431 3653 4483 αἱ

375 4519 601 4574 εωιεειθ
647 4518 854 4571 donum
882 4515 1147 4582 arcuisti;
1181 4517 1329 4586 quod
1353 4516 1400 4570 si
1430 4517 1758 4583 credideris,
1796 4534 1958 4588 posse

2062 4523 2266 4595 τρίχες.
2307 4522 2524 4585 Ταύτας
2577 4524 2605 4576 ὁ
2649 4523 2751 4592 μὲν
2785 4523 2938 4595 παρὰ
2967 4521 3062 4576 τοῦ
3106 4521 3251 4592 ἱεροῦ
3297 4518 3522 4591 Συμεὼν
3553 4521 3654 4583 τὰς

368 4609 493 4664 ﬁeri
523 4607 577 4662 id
607 4606 754 4678 quod
782 4606 945 4676 petis,
969 4605 1187 4659 eveniet
1211 4605 1310 4659 tibi
1338 4620 1368 4659 a
1401 4605 1653 4661 Domino.
1676 4606 1835 4661 Nunc
1853 4606 1958 4679 igi-

371 4708 470 4754 tur
489 4699 639 4756 abito
681 4699 908 4755 domum
942 4696 1142 4751 laetus:
1191 4704 1555 4750 renascentur
1590 4712 1829 4768 namque
1859 4700 1960 4755 tibi

370 4790 526 4862 juxta
547 4798 762 4843 natura:
786 4785 1119 4856 exigentiam
1143 4783 1263 4855 pili.
1291 4784 1458 4840 Ratas
1479 4784 1570 4841 ille
1597 4797 1962 4859 acceptasque

373 4883 551 4939 sancti
572 4881 862 4954 Symeonis
879 4878 1076 4934 habuit
1097 4877 1510 4948 promissiones,
1539 4894 1604 4935 ac
1626 4879 1849 4936 domum
1876 4898 1963 4938 re-

377 4975 600 5028 meavit.
635 4973 772 5029 Cum
807 4985 936 5026 ecce
980 4969 1341 5026 cistriduum
1371 4970 1725 5027 reﬂorescere
1779 4988 1957 5041 coma,

373 5065 652 5135 protrusis
682 5080 713 5118 e
737 5063 928 5118 radice
973 5061 1244 5130 crinibus,
1277 5062 1430 5118 velut
1472 5078 1668 5120 recens
1701 5064 1835 5120 editi
1876 5065 1961 5120 iu-

374 5157 543 5211 fantis
565 5157 710 5224 pilos
737 5154 1108 5222 imitantibus;
1146 5164 1202 5211 et
1230 5169 1501 5210 exornare
1534 5149 1690 5212 brevi
1720 5166 1966 5227 tempore

376 5263 489 5302 non
527 5257 695 5318 caput
733 5248 916 5314 modo,
963 5247 1059 5303 sed
1096 5254 1342 5302 mentum
1387 5247 1590 5316 etiam;
1628 5264 1754 5304 mox
1777 5252 1966 5317 etiam,

2060 4616 2392 4684 ἐπαγγελίας
2419 4613 2621 4680 λαϐὼν,
2649 4617 2943 4688 ἐπανῆκεν.
2979 4615 3124 4668 Εῐσω
3148 4614 3206 4669 δὲ
3231 4613 3399 4686 τριῶν
3428 4611 3654 4683 ἡμερῶν

2060 4706 2370 4777 ἔπήνθησεν
2416 4703 2564 4775 αὐτῷ
2610 4705 2733 4776 θρὶξ
2780 4707 2846 4758 ἐκ
2891 4705 3058 4776 ριζῶν
3106 4703 3356 4767 ἀνιοῦσα,
3398 4701 3652 4771 καθάπερ

2061 4797 2352 4868 ἀρτιτόκου
2389 4797 2601 4850 παιδίου
2637 4796 2738 4868 τὴν
2783 4798 2847 4849 ὲκ
2873 4798 3141 4866 γενέσεως
3171 4797 3371 4864 ἑαυτῆς
3414 4792 3653 4864 ὑποφαί-

2062 4905 2226 4943 νουσα
2252 4887 2510 4960 βλάστην,
2531 4888 2810 4960 ὲκόσμησέ
2834 4905 2896 4942 τε
2926 4889 3066 4943 κατὰ
3091 4889 3289 4960 μικρὸν
3317 4889 3376 4940 οὺ
3413 4884 3656 4956 κεφαλὴν

2067 4981 2250 5053 μόνον,
2281 4981 2417 5034 ἀλλὰ
2471 4981 2566 5036 καὶ
2616 4980 2877 5051 πώγωνα,
2918 4982 3136 5046 πολιαῖς
3189 4981 3331 5036 κατὰ
3361 4979 3521 5049 φύσιν
3552 4979 3654 5047 τῆς

2062 5075 2268 5137 οἰκείας
2295 5073 2510 5144 ἡλικίας
2534 5077 2966 5146 κατηρτυμένος,
3005 5077 3079 5139 ὡς
3113 5079 3173 5130 ὲν
3208 5075 3485 5144 θαύματος
3516 5065 3659 5124 εἶναι

2067 5165 2214 5236 λόγῳ
2238 5167 2335 5219 καὶ
2366 5169 2478 5231 τοῖς
2503 5169 2696 5240 πρώην
2720 5169 2778 5222 ὲν
2799 5169 3000 5238 γέλωτι
3027 5169 3096 5223 τὰ
3128 5171 3248 5222 κατ’
3281 5166 3443 5222 αὑτὸν
3465 5181 3657 5218 ποιου-

2076 5257 2279 5327 μένοις.

381 5350 545 5412 prout
587 5357 687 5396 sua
739 5341 1058 5410 requirebat
1101 5349 1254 5407 aetas,
1286 5340 1440 5396 canis
1469 5342 1700 5412 pulchre
1732 5347 1966 5401 vestitus
2003 5351 2285 5421 apparuit,
2322 5352 2398 5406 ita
2453 5360 2515 5408 ut
2569 5351 2925 5408 admirationi
2957 5359 3104 5410 esset
3133 5351 3245 5410 illis
3266 5351 3469 5424 quibus
3496 5361 3660 5407 antea

378 5435 622 5491 iudibrio
656 5434 855 5489 fuerat.

448 5528 576 5584 9m.
616 5527 812 5582 Mulier
841 5525 1089 5597 quazdam
1131 5526 1308 5582 oculis
1343 5526 1614 5584 ambobus
1639 5537 1818 5600 capta,
1869 5545 1965 5585 ve-

381 5618 568 5673 niebat
587 5617 654 5671 ad
685 5627 937 5672 sanctum
961 5615 1288 5688 Symeonem
1318 5632 1481 5671 manu
1503 5619 1667 5674 ducta
1700 5637 1714 5673 :
1743 5621 1966 5690 jamque

380 5710 631 5765 subitura
668 5710 1088 5775 monasterium,
1112 5710 1369 5765 clamavit
1391 5725 1553 5780 quam
1584 5711 1765 5780 potuit
1793 5713 1966 5766 maxi-

379 5815 472 5860 me
495 5815 718 5872 sonore,
765 5819 877 5861 non
901 5803 1076 5875 magis
1103 5803 1291 5876 lingua
1316 5811 1373 5861 et
1403 5818 1538 5862 voce
1569 5818 1736 5876 quam
1775 5804 1882 5861 ﬁde
1907 5813 1964 5862 et

2131 5527 2256 5602 σιβ⁹.
2294 5528 2437 5600 Γυνή
2469 5545 2554 5593 τις
2579 5527 2928 5599 ἀμφοτέρους
2951 5527 3079 5590 τοὺς
3099 5527 3417 5596 ὀφθαλμοὺς
3439 5525 3653 5596 τυφλω-

2057 5619 2212 5674 θεῖσα
2242 5619 2469 5691 προσῄει
2501 5619 2990 5691 χειραγωγουμένη
3010 5621 3087 5691 τῷ
3115 5622 3246 5690 ἱερῷ
3269 5619 3498 5691 Συμεών
3516 5635 3528 5650 ⁸
3551 5637 3651 5673 κα-

2057 5711 2368 5768 ταλαϐοῦσα
2389 5712 2444 5764 δὲ
2467 5713 2568 5784 ἤδη
2587 5713 2684 5775 τὰς
2710 5717 2808 5783 τῆς
2837 5713 3079 5784 μάνδρας
3098 5714 3530 5782 είσόδους,”Αγιε
3551 5713 3650 5765 Συ-

2061 5806 2228 5879 μεὼν,
2262 5805 2476 5877 μεγάλῃ
2503 5805 2577 5871 ὡς
2601 5801 2746 5876 εἶχεν
2780 5805 3008 5877 ἐσόησεν
3045 5805 3106 5860 οὐ
3134 5805 3351 5878 γλώττῃ
3375 5805 3469 5860 καὶ
3492 5807 3646 5876 φωνῇ
