4018 6408
352 421 494 491 3131

1367 424 1540 487 VITA
1576 424 1624 484 A
1664 422 2106 486 NICEPHORO
2143 422 2632 484 CONSCRIPTA.

3509 428 3649 490 318?.

348 538 555 610 μᾶλλον
583 536 619 608 ἢ
655 534 838 590 πίστει
862 534 955 589 καὶ
982 532 1133 598 ζέσει
1163 532 1413 605 καρδίας.
1436 534 1647 606 τυφλήν
1685 552 1753 605 με
1791 536 1940 605 δεχό-

2051 533 2268 590 fervore
2314 534 2500 590 cordis
2536 551 2550 588 :
2578 532 2777 589 Sancte
2812 530 3073 605 Symeon,
3124 548 3159 590 o
3187 534 3284 607 qui
3317 550 3405 590 me
3434 536 3644 607 excipis

348 646 534 703 μενος,
566 626 840 684 ἀπόλυσον
869 626 1193 699 βλέπουσαν.
1222 626 1331 680 Τοῦ
1361 626 1417 680 δὲ
1445 626 1944 698 σπλαγχνισθέντος

343 723 436 775 ἐπ’
470 721 632 792 αὐτῇ,
665 720 858 791 χεῖράς
893 736 954 772 τε
978 720 1092 784 τοῖς
1126 704 1428 790 ὀφθαλμοῖς
1452 718 1756 784 ἐπιθέντος,
1784 719 1942 774 ἔϐλε-

346 813 448 883 ψεν
473 812 635 878 εὐθὺς
657 812 849 879 ὑγιῶς.
876 806 1011 865 Εἶτα
1037 811 1308 883 προσάγει
1332 811 1433 882 τὴν
1461 810 1740 883 θυγατέρα
1774 813 1946 877 πάθος

344 906 579 977 ἔχουσαν
608 907 738 977 περὶ
766 904 867 977 τὴν
891 906 1064 976 γυνήν
1089 921 1103 934 ’
1127 903 1334 969 ἐπιθεὶς
1361 904 1544 959 τοίνυν
1567 905 1664 961 καὶ¹
1688 908 1755 977 τῇ
1789 907 1942 961 παιδὶ

341 1000 450 1069 τὴν
474 1002 651 1071 χεῖρα,
677 998 794 1053 Νῦν
824 998 923 1070 μὲν
954 999 1198 1069 ἐπάνηκε
1221 1000 1320 1054 σὺν
1352 1000 1512 1071 αὐτῇ,
1536 998 1673 1070 πρὸς
1705 1001 1804 1071 τὴν
1838 1017 1943 1072 μη-

337 1090 484 1161 τέρα
541 1089 670 1158 ἔφη,
722 1089 847 1159 ὄψει
899 1089 958 1144 δὲ
1011 1088 1153 1145 οἴκοι
1183 1089 1282 1161 τὴν
1318 1090 1476 1157 δόξαν
1515 1090 1610 1145 τοῦ
1648 1091 1805 1146 Θεοῦ.
1853 1091 1943 1156 Ὧς

337 1181 479 1252 γοῦν
513 1181 817 1253 ἐπανῆλθον
852 1182 1139 1256 ἑκάτεραι,
1172 1186 1270 1239 καὶ
1294 1184 1544 1238 ὕπνωσεν
1573 1180 1664 1240 οἷα
1696 1185 1841 1253 φιλεῖ
1863 1184 1941 1256 τῷ

337 1275 581 1347 καμάτῳ
629 1277 730 1347 τῆς
783 1276 1097 1347 ὁδοιπορίας
1130 1277 1171 1348 ,ἡ
1222 1277 1429 1349 μήτηρ,
1489 1278 1592 1349 ὁρᾷ
1646 1277 1739 1331 τὸν
1783 1278 1941 1347 ἀγιον

336 1368 402 1422 ὲν
459 1366 624 1439 ἑτέρᾳ
664 1370 872 1439 μορφῇ,
926 1368 1024 1421 καὶ
1060 1368 1121 1421 οῦ
1151 1370 1215 1440 τῇ
1254 1367 1476 1439 συνήθει
1526 1367 1937 1439 παραϐαλόντα,

331 1460 442 1531 τήν
501 1477 560 1513 τε
614 1462 798 1515 νεᾶνιν
850 1460 1102 1529 ἀγαγεῖν,
1139 1462 1235 1514 καὶ
1282 1460 1343 1514 τὸ
1386 1459 1557 1523 πάθος
1587 1461 1939 1531 ἀνακαλύψαι

334 1550 717 1605 κελεῦσαντα’
773 1543 836 1605 οὗ
877 1552 1013 1622 παρ’
1059 1551 1233 1621 αὐτῆς
1289 1550 1495 1614 εὐθέως
1541 1552 1936 1623 γεγενημένου,

332 1639 690 1710 ἀνατεμόντα
733 1637 915 1706 τοῦτο,
964 1644 1062 1695 καί
1117 1640 1180 1693 τὸ
1226 1632 1432 1694 λυποῦν
1484 1639 1697 1693 ἐκεῖθεν
1725 1640 1939 1710 ἐξενεγ-

330 1732 528 1798 κόντα,
558 1730 654 1785 καί
688 1731 854 1785 πάλιν
882 1731 982 1794 τὰς
1015 1731 1232 1801 πληγὰς
1264 1729 1681 1786 συνουλώσαντα
1703 1748 1718 1764 ο
1746 1732 1938 1787 ἔπειτα

333 1820 531 1892 μέντοι
559 1823 660 1892 τῆς
696 1822 878 1886 οἰκίας
914 1820 1149 1888 ἐξιόντα,
1177 1821 1272 1875 καὶ
1311 1820 1514 1891 ἑαυτὴν
1547 1821 1646 1892 μὲν
1685 1822 1936 1893 ὀρκίξουο

2048 626 2225 682 oculis
2244 633 2551 693 carentem,
2574 624 2647 682 iis
2674 624 2953 681 videntem
2985 624 3228 682 dimitte.
3259 624 3511 696 Cumque
3541 626 3646 681 mi-

2047 727 2265 775 seratus
2293 718 2405 783 ille,
2459 733 2655 773 manus
2696 718 2873 773 oculis
2904 718 3282 788 imposuisset,
3314 719 3458 775 vidit
3492 720 3646 777 illico

2047 817 2223 864 recte.
2264 808 2475 865 Deinde
2523 808 2691 863 filiam
2718 823 2939 878 quoque
2974 807 3130 863 ducit
3156 807 3356 863 morbo
3380 807 3643 864 laboran-

2047 913 2157 958 tem
2190 903 2327 971 (56),
2370 901 2467 972 qui
2491 902 2781 973 imponens
2809 901 3065 957 similiter
3100 900 3179 956 illi
3209 917 3428 968 manus,
3463 901 3645 973 inquit

2046 994 2211 1050 matri
2253 1010 2266 1048 :
2301 996 2599 1051 Revertere
2630 1008 2781 1049 nunc
2805 1009 2934 1048 cum
2971 993 3079 1047 lilia
3112 993 3360 1059 domum,
3402 994 3529 1050 istic
3555 993 3643 1049 vi-

2046 1087 2201 1142 debit
2234 1087 2466 1158 gloriam
2521 1088 2640 1143 Dei.
2675 1086 2815 1143 Cum
2852 1087 3019 1158 igitur
3046 1087 3408 1142 revertissent
3442 1086 3639 1153 ambat,

2044 1177 2207 1233 matri
2231 1175 2294 1232 ut
2314 1179 2536 1244 assolet,
2557 1178 2948 1250 defatigatione
2970 1178 3187 1235 itineris
3203 1194 3430 1235 somnus
3447 1178 3644 1249 obrep«

2042 1267 2137 1333 sit,
2167 1266 2497 1339 oblatusque
2529 1268 2585 1323 in
2638 1268 2734 1323 illo
2775 1275 2860 1322 est
2910 1278 3154 1333 sanctus,
3202 1267 3365 1322 aliam
3413 1268 3644 1324 indutus

2041 1359 2279 1416 formam
2302 1376 2333 1416 a
2361 1369 2662 1425 consueta;
2686 1360 2991 1422 accedebat
3011 1369 3218 1425 autem,
3247 1360 3456 1416 ducens
3476 1375 3643 1415 manu

2041 1453 2305 1522 puellam,
2329 1453 2420 1508 cui
2453 1451 2783 1523 imperabat,
2816 1452 3024 1507 doloris
3051 1452 3136 1507 sui
3173 1453 3355 1508 locum
3389 1462 3448 1507 ut
3481 1468 3642 1508 reve-

2040 1543 2202 1600 laret.
2243 1545 2451 1616 illaque
2494 1561 2619 1599 mox
2655 1545 2810 1615 jussa
2843 1555 3189 1615 capessente,
3234 1545 3474 1601 dissecto
3519 1545 3643 1600 loco

2040 1636 2313 1692 educebat
2346 1636 2474 1692 inde
2505 1636 2654 1707 quod
2685 1636 2870 1692 fuerat
2895 1638 3107 1693 doloris
3129 1652 3320 1705 causa,
3360 1645 3417 1691 et
3440 1637 3642 1692 vulnus

2040 1726 2299 1783 cicatrice
2320 1726 2636 1783 obducebat
2666 1743 2680 1780 :
2719 1735 2909 1797 postea
2947 1728 3324 1798 egredientem
3359 1728 3526 1784 domo
3551 1728 3638 1783 vi-

2041 1816 2277 1873 debatur
2324 1817 2432 1874 sibi
2483 1818 2686 1873 mulier
2729 1818 3076 1889 obstringere
3121 1819 3522 1891 jurejurando,
3578 1830 3640 1875 ut

331 1889 445 1968 σαν
489 1889 655 1969 αὐτόν
706 1913 857 1978 ὅστις
910 1913 999 1982 εἴη
1046 1912 1293 1982 φράσαι·
1329 1912 1423 1966 τὸν
1460 1889 1518 1966 δὲ
1548 1889 1802 1980 καθάπερ
1834 1912 1933 1983 βα-

2046 1908 2253 1975 ederet,
2285 1908 2411 1980 quis
2438 1918 2588 1966 esset
2622 1928 2635 1964 :
2675 1908 2832 1964 illum
2877 1916 3086 1975 autem,
3125 1889 3305 1966 veluti
3350 1912 3640 1967 molestius

333 2006 484 2077 ρέως
545 2005 782 2076 φέροντα
834 2006 931 2062 καὶ
978 2003 1303 2074 ἀχθόμενον,
1331 1999 1403 2057 Ὦ
1457 2004 1647 2073 γύναι,
1677 2006 1730 2059 τί
1777 2007 1939 2060 τοῦτο

330 2100 622 2170 ἐπιζητεῖς
653 2097 1096 2170 ἀποκρίνασθαι;
1145 2098 1491 2151 Διαναστᾶσα
1530 2099 1738 2164 τοίνυν,
1773 2097 1822 2152 ὢ
1844 2100 1937 2154 τοῦ

331 2190 655 2261 θαύματοςί
690 2189 937 2261 εὑρίσκει
977 2190 1077 2260 τὴν
1110 2189 1280 2243 παῖδα
1318 2188 1414 2243 τοῦ
1455 2189 1663 2255 πάθους
1689 2191 1940 2246 ἀπαλλα-

329 2289 554 2355 γεῖσαν,
596 2285 691 2339 καὶ
733 2284 981 2356 βραχέως
1020 2283 1193 2338 ὕπνου
1227 2283 1398 2356 δῶρον
1438 2284 1575 2357 αὐτῇ
1617 2286 1940 2356 παραδόξως

331 2368 540 2449 γεγενῇ
550 2377 744 2450 μένην.
1936 2374 1941 2376 ’

413 2476 544 2541 σιγ¹.
597 2470 762 2543 ’Δνὴρ
787 2469 847 2525 δέ
877 2488 960 2534 τις
989 2472 1055 2524 ὲκ
1090 2469 1348 2539 γειτόνων
1384 2471 1451 2541 τῇ
1485 2470 1709 2536 γυναικί
1739 2469 1936 2541 ταύτῃ,

331 2563 559 2636 γλώττῃ
590 2563 733 2617 κατά
762 2561 857 2617 τοῦ
889 2563 1047 2632 ἁγίου
1084 2562 1308 2635 λοιδόρῳ
1336 2562 1430 2615 καὶ
1461 2561 1692 2632 διαϐόλῳ
1716 2560 1938 2633 χρώμε-

334 2673 457 2720 νος,
496 2655 555 2719 ὃς
598 2658 714 2719 τοῖς
738 2654 904 2709 αὑτοῦ
945 2654 1276 2726 θαυμασίοις
1309 2653 1410 2707 οὐκ
1432 2651 1752 2707 ἀπιστοῦντι
1781 2653 1941 2724 μόνον

335 2746 534 2820 ἐῴκει,
564 2748 702 2803 ἀλλά
729 2748 826 2802 καὶ
856 2746 1285 2820 παρασκώπτων
1322 2749 1405 2810 εἰς
1430 2745 1596 2799 αὐτὸν
1630 2741 1721 2817 ἦν,
1750 2746 1845 2799 καὶ
1872 2746 1943 2800 τὰ

337 2840 556 2893 ἐκείνου
587 2838 864 2910 διασύρων
885 2839 1109 2912 ἀναίδην
1140 2839 1237 2893 καὶ
1263 2838 1639 2903 καταπαίζων.
1671 2829 1843 2902 Οὗτος
1862 2837 1942 2891 δί-

335 2948 452 3003 κην
483 2932 660 3004 εὑρὼν
706 2932 1012 2995 ἀκολάστου
1058 2931 1334 3004 γλώσσης,
1383 2931 1616 3001 δαίμονα
1668 2931 1938 2997 σύνοικον,

336 3025 681 3096 προσάγεται
712 3024 791 3094 τῷ
825 3025 989 3095 ἁγίῳ,
1017 3026 1110 3080 καὶ
1138 3023 1436 3094 θεραπείας
1484 3023 1616 3094 παρ’
1643 3023 1810 3077 αὑτοῦ
1847 3042 1941 3077 τυ-

335 3114 481 3189 χὼν.
513 3117 636 3171 οὐδὲ
666 3116 838 3189 ταύτῃ
886 3117 986 3188 τῆς
1040 3119 1119 3181 εἰς
1147 3117 1310 3171 αὐτὸν
1347 3117 1621 3187 ἀπέσχετο
1648 3117 1938 3187 φλυαρίας.

2039 1997 2312 2055 ferentem
2363 1999 2854 2069 indolentemque,
2904 2000 3245 2070 respondere
3282 2018 3297 2055 :
3330 2000 3376 2057 Ο
3413 2002 3637 2068 mulier,

2042 2106 2142 2147 cur
2184 2090 2322 2146 illud
2375 2092 2794 2162 percunctaris?
2838 2090 2938 2146 His
2968 2091 3125 2155 visis,
3159 2092 3400 2147 excitata
3438 2091 3640 2147 mulier

2045 2181 2101 2252 (ο
2134 2182 2460 2239 miraculum
2484 2182 2522 2253 ι)
2548 2182 3014 2253 reperitpuellam
3044 2182 3239 2238 dolore
3261 2183 3515 2251 liberam,
3540 2200 3639 2255 per

2043 2273 2233 2329 brevis
2275 2274 2457 2330 somni
2489 2289 2691 2330 munus
2728 2273 3077 2331 admirabile.

2113 2463 2238 2519 215.
2281 2465 2363 2520 Ex
2382 2464 2588 2521 vicinia
2610 2465 2844 2536 hujusce
2875 2467 3126 2523 mulieris
3150 2469 3237 2523 vir
3254 2468 3480 2539 quidam
3505 2486 3640 2528 con—

2046 2556 2339 2613 tumeliosa
2394 2566 2561 2629 atque
2612 2558 2887 2614 diabolica
2916 2560 3105 2630 lingua
3155 2562 3340 2617 virum
3383 2571 3637 2619 sanctum

2043 2645 2386 2711 incessebat;
2438 2655 2495 2700 et
2543 2646 2836 2703 videbatur
2889 2663 3002 2703 non
3052 2649 3218 2705 modo
3266 2666 3379 2707 non
3409 2651 3639 2708 credere

2043 2737 2309 2793 miracula
2339 2738 2481 2809 ejus,
2505 2737 2603 2794 sed
2630 2747 2688 2794 et
2725 2738 2996 2805 cavillari,
3020 2748 3188 2812 atque
3214 2742 3509 2800 detrahere
3539 2759 3641 2815 per

2043 2846 2317 2888 summam
2368 2832 2769 2903 impudentiam
2802 2833 2974 2889 rebus
3016 2835 3086 2891 ab
3127 2835 3223 2892 illo
3262 2838 3431 2909 gestis
3460 2839 3640 2910 iisque

2044 2926 2299 2983 illudere.
2333 2926 2438 2982 Sed
2465 2926 2676 2997 reperit
2703 2928 3126 2999 intemperantis
3155 2930 3356 3003 lingua:
3385 2933 3641 2989 meritam

2044 3018 2336 3085 ultionem,
2399 3017 2650 3074 daemone
2700 3019 2883 3089 ipsum
2941 3021 3258 3077 invadente.
3308 3024 3643 3081 Producitur

2042 3125 2176 3182 ergo
2204 3111 2274 3165 ad
2310 3120 2594 3177 sanctum;
2625 3111 2725 3167 sed
2756 3111 2827 3167 ab
2855 3127 2924 3167 eo
2951 3112 3340 3170 liberationem
3368 3132 3608 3174 consecu
3626 3146 3643 3163 -

354 3209 426 3263 Ἡ
465 3207 588 3278 δίκη
619 3206 677 3261 δὲ
711 3207 875 3262 πάλιν
904 3207 1015 3260 τῶν
1054 3207 1256 3277 ἑαυτῆς
1284 3206 1384 3260 οὐκ
1410 3208 1604 3279 ἠμέλει
1627 3224 1642 3239 ·
1685 3207 1823 3261 ἀλλά
1855 3225 1940 3261 νο-

2047 3210 2158 3269 tus,
2188 3204 2365 3259 nihilo
2397 3204 2571 3276 magis
2603 3220 2771 3275 quam
2799 3205 2958 3277 prius
2988 3207 3277 3265 desinebat
3301 3209 3359 3265 in
3388 3219 3643 3268 sanctum

339 3301 515 3372 μίσας
552 3301 581 3353 ό
613 3300 840 3370 μάταιος
873 3299 1084 3361 ἐκεῖνος
1129 3299 1259 3352 ἰδεῖν
1288 3299 1380 3353 τὸν
1415 3297 1565 3368 ἅγιον
1608 3300 1667 3353 ἐν
1700 3300 1943 3372 ὁράματι

336 3387 541 3450 νυκτὸς
579 3386 730 3457 αὑτῷ
776 3388 1100 3448 ἐπιστάντα,
1139 3387 1236 3441 καὶ
1267 3388 1367 3459 τὴν
1395 3388 1559 3441 αὐτοῦ
1596 3388 1777 3455 δεξιὰν
1807 3391 1944 3461 πρὸς

336 3474 518 3546 ὀργὴν
546 3474 929 3546 ἀφελόμενονθ
982 3475 1339 3541 διυπνισθείς,
1394 3477 1645 3548 ἀψευδεῖς
1697 3480 1794 3535 ἐπὶ
1832 3481 1945 3536 τῶν

338 3565 528 3638 ἔργων
573 3567 819 3639 εὑρίσκει
862 3567 963 3633 τὰς
998 3569 1096 3641 τῆς
1124 3570 1427 3639 φαντασίας
1465 3572 1702 3635 εἰκόνας.
1735 3573 1800 3628 Εἰ
1832 3573 1942 3644 γὰρ

340 3661 446 3712 καὶ
472 3658 546 3729 μὴ
576 3659 753 3730 πάντη
784 3659 886 3733 τὴν
904 3659 1084 3726 δεξιάν
1112 3660 1383 3732 ἀφῄρητο,
1409 3662 1546 3718 ἀλλὰ
1572 3663 1745 3736 ξηράν
1771 3666 1944 3738 αὐτὴν

339 3745 486 3820 εἶχε,
509 3751 605 3805 καὶ
632 3752 786 3806 οὐδὲν
812 3752 1036 3826 ἀψύχων
1061 3754 1384 3808 ἀπεοικυῖαν
1403 3773 1418 3787 ο
1447 3755 1641 3812 ἔπειτα
1667 3758 1850 3829 μέντοι
1883 3760 1941 3812 αἰ

342 3839 556 3911 σάρκες
599 3841 963 3915 διαῤῥυείσαι,
1004 3850 1188 3919 γυμνὰ
1236 3849 1400 3922 μέχρι
1434 3849 1650 3922 καρποῦ
1690 3848 1759 3904 τά
1806 3851 1942 3904 ὀστᾶ

339 3933 446 3987 καὶ
478 3933 646 4005 νεῦρα
686 3938 787 4005 τῆς
825 3939 1010 4009 χειρὸς
1059 3942 1277 4015 ἐκείνης
1314 3942 1778 3997 ἀπολελοίπεσαν·
1815 3942 1944 4013 ἑξῆς

337 4027 404 4081 δὲ
445 4026 542 4079 καὶ
575 4026 816 4099 σκώληξι
847 4027 1074 4096 ζέσασα,
1103 4031 1225 4086 οὐδὲ
1258 4033 1503 4106 φορητὴν
1533 4033 1612 4106 τῷ
1642 4032 1812 4105 ἀθλίῳ
1844 4034 1944 4104 τὴν

339 4120 447 4188 τῆς
478 4118 669 4191 ὀδύνης
694 4119 818 4189 βίαν
844 4123 1096 4193 παρεῖχε.

2046 3296 2361 3367 petulanter
2385 3312 2567 3369 agere.
2590 3297 2699 3354 Sed
2730 3306 2788 3355 et
2811 3300 3059 3357 vindicta
3081 3316 3304 3358 rursum
3327 3304 3505 3360 nihilo
3535 3314 3646 3361 tar-

2047 3389 2175 3445 dius
2203 3389 2563 3461 subsequitur
2589 3409 2602 3446 :
2627 3392 2934 3449 arbitratus
2962 3409 3201 3464 namque
3232 3404 3316 3451 est
3346 3412 3521 3453 vanus
3549 3396 3645 3455 ille

2046 3480 2235 3547 homo,
2266 3490 2436 3536 noctu
2467 3496 2525 3537 se
2554 3480 2611 3536 in
2631 3481 2847 3538 visione
2873 3484 3199 3554 conspicere
3224 3487 3645 3553 sanctum,sibi-

2047 3588 2157 3642 que
2182 3572 2239 3627 in
2273 3573 2578 3629 vindictam
2608 3573 2818 3630 auferri
2851 3574 2923 3629 ab
2955 3575 3099 3630 irato
3126 3574 3411 3633 dexteram
3441 3594 3598 3635 suam
3624 3597 3640 3633 ς

2048 3672 2410 3733 experrectus
2433 3673 2620 3720 autem
2674 3665 2948 3735 comperit
2978 3665 3210 3722 minime
3249 3683 3422 3724 vanas
3469 3669 3644 3727 fuisse

2048 3755 2280 3811 visionis
2338 3756 2641 3830 imagines,
2696 3756 2793 3811 sed
2857 3772 2975 3812 rem
3027 3757 3205 3829 ipsam
3272 3758 3494 3816 fuisse:
3534 3764 3642 3820 etsi

2039 3848 2186 3904 enim
2267 3848 2494 3904 dextera
2553 3849 2674 3919 ejus
2747 3849 2978 3905 omnino
3054 3850 3235 3907 ablata
3296 3868 3408 3908 non
3464 3865 3637 3919 esset.

2043 3949 2265 3996 aruerat
2298 3947 2434 4006 tota,
2466 3939 2606 3995 nihil
2634 3940 2901 3997 diﬂ‘erens
2947 3941 3021 3997 ab
3050 3941 3316 3999 inanima.
3342 3945 3456 4001 Nec
3488 3948 3643 4002 stetit

2043 4034 2136 4088 hic
2185 4033 2390 4088 malum
2426 4049 2440 4086 :
2475 4043 2802 4105 consumpta
2838 4049 2993 4101 caro,
3042 4035 3192 4091 nuda
3243 4037 3394 4093 illius
3444 4055 3642 4096 manus

2044 4125 2189 4197 polla
2228 4139 2541 4195 nervosque
2581 4124 2857 4191 destituit,
2890 4141 3184 4197 nsquequo
3236 4143 3302 4183 ea
3335 4130 3639 4185 committi-

342 4221 444 4268 tur
470 4210 700 4269 brachio
736 4228 753 4268 :
795 4212 864 4270 ad
888 4213 1006 4272 haec
1031 4222 1089 4270 et
1115 4215 1398 4273 vermibus
1421 4217 1569 4291 quod
1600 4219 1839 4276 restabat
1875 4195 2262 4287 exedentibus,
2307 4217 2677 4273 intolerabilis
2705 4195 3049 4275 inferebatur
3090 4195 3322 4285 misero
3371 4222 3635 4278 violentia

340 4304 626 4362 dolorum.

420 4398 540 4453 σιδ¹.
565 4398 758 4464 Συνείς
789 4400 1081 4474 τοιγαροῦν
1112 4403 1248 4473 μετά
1279 4404 1379 4475 τὴν
1412 4404 1652 4476 πληγὴν,
1681 4406 1940 4477 πρόσεισι

345 4492 431 4564 τῷ
474 4494 617 4565 ἁγίῳ
653 4493 987 4565 πικροτέραν
1037 4495 1132 4549 τοῦ
1166 4496 1375 4562 πάθους
1404 4499 1504 4569 τὴν
1536 4499 1632 4552 ἐπὶ
1659 4502 1777 4563 τοῖς
1802 4518 1942 4571 προ-

340 4583 573 4639 λαϐοῦσι
627 4585 995 4656 μεταμέλειαν
1035 4586 1196 4658 ἔχων.
1238 4588 1300 4641 '0
1324 4587 1381 4642 δὲ
1433 4589 1531 4642 τοῦ
1578 4589 1772 4659 ἀνδρὸς
1804 4590 1940 4661 ἀψά-

342 4695 535 4753 μενος,
563 4678 776 4733 κελεύει
840 4679 945 4750 τῆς
999 4681 1167 4735 αὐτοῦ
1219 4682 1425 4747 κόνεως
1463 4682 1699 4738 λαϐόντα
1751 4684 1937 4742 οἴκαδε

337 4770 592 4831 ἀπιέναι,
615 4768 746 4826 ἄλλο
774 4772 840 4842 τῇ
868 4770 1016 4844 χειρί
1046 4772 1216 4843 μηδὲν
1264 4773 1347 4827 ὅτι
1387 4774 1462 4844 μὴ
1507 4774 1716 4847 ταύτης
1756 4777 1939 4829 ἐπιτι-

339 4860 533 4914 θέντα.
560 4862 671 4916 Kal.
693 4862 723 4915 ὁ
757 4863 856 4933 μὲν
887 4864 1062 4918 ταῦτα
1093 4864 1225 4936 ἕδρα
1264 4880 1279 4896 ο
1318 4866 1447 4937 περί
1476 4866 1535 4920 δέ
1586 4866 1804 4938 πρῶτον
1847 4885 1940 4921 νυ-

338 4951 479 5015 κτὸς
509 4951 679 5007 ὕπνον
702 4953 878 5021 ἔδοξεν
905 4954 1056 5026 αύτῷ
1069 4955 1164 5009 τὸν
1181 4955 1405 5027 Συμεὼν
1427 4959 1749 5023 ἐπιστάντα,
1767 4960 1936 5012 πτύε-

339 5043 440 5097 λόν
467 5059 530 5096 τε
562 5043 657 5099 τοῦ
697 5044 905 5098 οἰκείου
935 5045 1231 5116 στόματος,
1254 5048 1351 5102 τοῦ
1409 5039 1561 5102 ’θείου
1588 5048 1667 5114 ὡς
1713 5048 1935 5121 ἀληθῶς

340 5136 560 5193 ἐκείνου
594 5137 690 5192 καὶ
718 5137 839 5208 Θεῷ
860 5138 949 5192 διά
977 5139 1180 5204 παντὸς
1206 5140 1666 5211 προσλαλοῦντος,
1693 5144 1760 5213 τῇ
1782 5139 1939 5213 δεξιᾷ

341 5228 717 5301 λαμϐάνοντα,
740 5231 841 5301 τὴν
887 5228 1099 5295 ἐκείνου
1149 5230 1331 5297 δεξιάν
1363 5233 1657 5305 ὲπιχρίειν,
1696 5232 1834 5304 ὁμοῦ
1883 5233 1941 5287 δὲ

341 5320 429 5393 τῷ
459 5324 723 5394 χρίσματι
767 5323 864 5376 καί
896 5323 1110 5394 σάρκας
1158 5323 1482 5392 ἀνάγεσθαι,
1511 5326 1605 5379 καὶ
1641 5324 1819 5397 δέρμα
1852 5326 1941 5381 ἐπ’

344 5416 525 5486 αὐτὴν
558 5415 921 5482 ἐκτείνεσθαι,
965 5415 1072 5479 ἕως
1107 5415 1203 5469 ἐπὶ
1231 5414 1323 5469 τδν
1354 5416 1657 5487 πριὲχοντα
1685 5418 1941 5473 κόνδυλον

345 5508 452 5565 τοῦ
495 5509 666 5581 μέσου
700 5499 992 5563 δακτύλου.
1015 5508 1218 5562 Τοῦτον
1248 5507 1307 5562 δὲ
1331 5508 1482 5578 αὐτῷ
1518 5508 1617 5564 σὺν
1666 5509 1818 5581 ὄνυχι
1840 5527 1941 5564 πε-

436 5665 566 5743 (56)_
606 5665 786 5743 Grece
841 5670 974 5743 περὶ
1007 5671 1107 5743 τὴν
1155 5671 1369 5743 γυνήνς
1425 5676 1474 5743 et
1518 5667 1730 5743 quidem
1760 5668 1937 5743 γυνὴ,

346 5738 634 5807 γυναικὸς,
658 5739 860 5804 quintis
904 5738 1293 5797 declinationis
1338 5738 1600 5794 feminam
1651 5738 1938 5808 signiﬁcat,

342 5809 510 5879 γυνὴ,
536 5810 727 5880 γυνῆς,
758 5812 1004 5867 secunda:
1049 5810 1424 5867 declinationis
1448 5825 1713 5880 nusquam
1740 5811 1943 5863 inveni-

349 5877 634 5947 tur,'quod
667 5881 854 5959 sciant.
897 5880 1037 5948 Quid
1060 5885 1106 5938 si
1139 5885 1219 5937 ita
1263 5881 1534 5935 declinata
1563 5877 1681 5937 tax
1699 5890 1945 5934 sumatur

2116 4406 2244 4460 2M.
2268 4404 2624 4475 Resipiscens
2654 4403 2826 4476 igitur
2846 4411 2972 4476 post
3000 4405 3164 4461 talem
3192 4408 3635 4480 castigationem,

2048 4497 2303 4570 procedit
2325 4498 2392 4552 ad
2421 4506 2699 4562 sanctum,
2728 4497 3079 4553 acerbiorem
3127 4500 3470 4570 paenitentiae
3510 4518 3640 4574 pro-

2049 4600 2173 4662 pter
2217 4590 2483 4655 admissa,
2539 4605 2707 4660 quam
2771 4589 2983 4646 doloris
3041 4606 3111 4645 ex
3163 4606 3388 4648 corrosa
3444 4610 3634 4663 manu,

2044 4697 2271 4739 sensum
2319 4680 2582 4738 all'erens.
2624 4681 2805 4738 Tactu
2856 4698 2960 4739 suo
3010 4683 3299 4755 dignatum
3342 4687 3504 4756 jubet
3546 4690 3638 4745 ille

2045 4772 2300 4837 pulveris
2326 4771 2612 4843 quidpiam
2639 4786 2828 4827 secum
2855 4781 3141 4843 asportare
3184 4790 3253 4829 ac
3302 4776 3489 4833 redire
3534 4779 3638 4835 do-

2038 4876 2225 4916 mum:
2251 4877 2356 4917 nec
2370 4861 2709 4933 quidquam,
2730 4871 2963 4932 excepto
2988 4864 3117 4930 isto,
3142 4865 3331 4919 mandi
3355 4865 3641 4938 imponen-

2038 4953 2194 5009 dum.
2224 4951 2384 5020 Quod
2410 4960 2469 5008 et
2492 4951 2688 5007 sedulo
2708 4951 2858 5009 fecit.
2885 4952 3001 5008 Sub
3030 4954 3269 5025 primam
3298 4972 3433 5014 vero
3457 4962 3643 5019 noctis

2047 5045 2293 5117 quietem
2312 5044 2466 5099 visus
2494 5043 2547 5098 ei
2585 5051 2673 5098 est
2722 5050 2904 5100 astare
2932 5044 3192 5118 Symeon,
3253 5050 3352 5122 qui
3408 5052 3639 5109 salivam

2049 5139 2167 5195 oris
2197 5136 2306 5202 sui,
2336 5136 2454 5193 oris
2480 5152 2647 5207 quam
2684 5137 2974 5194 verissime
3004 5140 3181 5199 divini
3205 5153 3263 5201 et
3280 5144 3397 5202 Deo
3419 5162 3640 5220 semper

2048 5230 2439 5301 colloquentis,
2469 5230 2699 5286 dextera
2736 5246 2835 5286 sua
2875 5242 3189 5304 exceptam,
3217 5237 3370 5294 illius
3394 5239 3642 5299 dextera:

2049 5323 2353 5381 allinebat:
2390 5336 2504 5392 quo
2544 5321 2711 5390 facto,
2747 5323 2922 5391 ,simul
2977 5339 3146 5382 carne
3196 5329 3426 5397 obduci,
3473 5332 3639 5387 simul

2049 5416 2196 5489 pelle
2226 5414 2418 5471 vestiri
2444 5413 2516 5471 ad
2547 5429 2826 5471 summum
2855 5431 3031 5486 usque
3092 5420 3260 5475 medii
3300 5421 3458 5494 digiti
3510 5439 3642 5479 con-

2049 5510 2236 5583 dylum
2265 5510 2475 5580 erepit:
2508 5508 2664 5565 visus
2694 5517 2879 5565 autem
2903 5520 2989 5565 est
3019 5513 3288 5587 condylus
3350 5515 3455 5571 iste
3510 5531 3639 5570 cum

2039 5689 2135 5747 pro
2194 5680 2349 5743 parte
2407 5671 2678 5747 muliebri,
2724 5691 2887 5747 quam
2941 5677 3067 5747 quia
3098 5674 3248 5743 tangi
3274 5692 3307 5727 α
3349 5684 3639 5743 monacho,

2040 5745 2204 5797 etiam
2256 5761 2348 5821 per
2387 5746 2656 5800 somnium
2708 5755 2757 5800 et
2794 5745 3068 5821 visionem,
3114 5748 3371 5821 indecens
3427 5749 3642 5821 luisset,

2042 5815 2357 5891 apparuerit
2385 5823 2625 5891 sanctus,
2676 5833 2781 5872 non
2830 5817 2887 5872 in
2937 5820 3157 5890 propria
3213 5815 3552 5891 specie,'sed
3584 5828 3643 5879 tn

2043 5884 2225 5941 habitu
2260 5884 2541 5953 chirurgi!
