  <div class='ocr_page' id='page_1' title='image "/cluster/home/n/w/nwhite01/storage/ocr_20150623/86:pt.2/coo.31924054869890/719.png"; bbox 0 0 4018 6444; ppageno 0'>
   <div class='ocr_carea' id='block_1_1' title="bbox 412 443 565 507">
    <p class='ocr_par' dir='ltr' id='par_1_1' title="bbox 412 443 565 507">
     <span class='ocr_line' id='line_1_1' title="bbox 412 443 565 507; baseline 0.026 -3"><span class='ocrx_word' id='word_1_1' title='bbox 412 443 565 507; x_wconf 74' lang='lat'><strong>3183</strong></span> 
     </span>
    </p>
   </div>
   <div class='ocr_carea' id='block_1_2' title="bbox 1634 436 2508 504">
    <p class='ocr_par' dir='ltr' id='par_1_2' title="bbox 1634 436 2508 504">
     <span class='ocr_line' id='line_1_2' title="bbox 1634 436 2508 504; baseline -0.002 -3"><span class='ocrx_word' id='word_1_2' title='bbox 1634 441 1695 504; x_wconf 89' lang='lat' dir='ltr'><strong>S.</strong></span> <span class='ocrx_word' id='word_1_3' title='bbox 1737 437 2112 500; x_wconf 84' lang='lat' dir='ltr'><strong>SYMEONIS</strong></span> <span class='ocrx_word' id='word_1_4' title='bbox 2147 436 2508 500; x_wconf 84' lang='lat' dir='ltr'><strong>JUNIORIS</strong></span> 
     </span>
    </p>
   </div>
   <div class='ocr_carea' id='block_1_3' title="bbox 3537 435 3677 501">
    <p class='ocr_par' dir='ltr' id='par_1_3' title="bbox 3537 435 3677 501">
     <span class='ocr_line' id='line_1_3' title="bbox 3537 435 3677 501; baseline -0.021 -2"><span class='ocrx_word' id='word_1_5' title='bbox 3537 435 3677 501; x_wconf 62' lang='lat'><strong>3136</strong></span> 
     </span>
    </p>
   </div>
   <div class='ocr_carea' id='block_1_4' title="bbox 398 542 1988 629">
    <p class='ocr_par' dir='ltr' id='par_1_4' title="bbox 398 547 1988 629">
     <span class='ocr_line' id='line_1_4' title="bbox 398 547 1988 629; baseline -0.004 -16"><span class='ocrx_word' id='word_1_6' title='bbox 398 571 609 629; x_wconf 79' lang='lat' dir='ltr'><strong>&quot;ungue</strong></span> <span class='ocrx_word' id='word_1_7' title='bbox 665 553 884 619; x_wconf 84' lang='lat' dir='ltr'><strong>cadere,</strong></span> <span class='ocrx_word' id='word_1_8' title='bbox 953 560 1013 608; x_wconf 85' lang='lat' dir='ltr'><strong>ut</strong></span> <span class='ocrx_word' id='word_1_9' title='bbox 1069 564 1268 621; x_wconf 80' lang='lat' dir='ltr'><strong>nempe</strong></span> <span class='ocrx_word' id='word_1_10' title='bbox 1319 547 1594 604; x_wconf 72' lang='lat' dir='ltr'><strong>secuturis</strong></span> <span class='ocrx_word' id='word_1_11' title='bbox 1653 550 1988 621; x_wconf 89' lang='lat' dir='ltr'><strong>temporibu</strong></span> 
     </span>
    </p>
   </div>
   <div class='ocr_carea' id='block_1_5' title="bbox 2090 542 3678 629">
    <p class='ocr_par' dir='ltr' id='par_1_5' title="bbox 2102 542 3678 624">
     <span class='ocr_line' id='line_1_5' title="bbox 2102 542 3678 624; baseline 0.004 -24"><span class='ocrx_word' id='word_1_12' title='bbox 2102 548 2249 615; x_wconf 80' lang='grc' dir='ltr'><strong>σείν,</strong></span> <span class='ocrx_word' id='word_1_13' title='bbox 2312 547 2393 612; x_wconf 79' lang='grc' dir='ltr'><strong>ὡς</strong></span> <span class='ocrx_word' id='word_1_14' title='bbox 2442 542 2584 602; x_wconf 80' lang='grc' dir='ltr'><strong>εῖναι</strong></span> <span class='ocrx_word' id='word_1_15' title='bbox 2634 544 2733 601; x_wconf 75' lang='grc' dir='ltr'><strong>καὶ</strong></span> <span class='ocrx_word' id='word_1_16' title='bbox 2789 545 2927 619; x_wconf 73' lang='grc' dir='ltr'><strong>πρὸς</strong></span> <span class='ocrx_word' id='word_1_17' title='bbox 2979 547 3041 602; x_wconf 84' lang='grc' dir='ltr'><strong>τδ</strong></span> <span class='ocrx_word' id='word_1_18' title='bbox 3101 548 3295 621; x_wconf 82' lang='grc' dir='ltr'><strong>μέλλον</strong></span> <span class='ocrx_word' id='word_1_19' title='bbox 3365 549 3678 624; x_wconf 62' lang='grc' dir='ltr'><strong>ὑπόμνησιν</strong></span> 
     </span>
    </p>
   </div>
   <div class='ocr_carea' id='block_1_6' title="bbox 429 640 1999 714">
    <p class='ocr_par' dir='ltr' id='par_1_6' title="bbox 429 640 1999 714">
     <span class='ocr_line' id='line_1_6' title="bbox 429 640 1999 714; baseline -0.004 -11"><span class='ocrx_word' id='word_1_20' title='bbox 429 663 638 704; x_wconf 89' lang='lat' dir='ltr'><strong>memor</strong></span> <span class='ocrx_word' id='word_1_21' title='bbox 664 645 806 702; x_wconf 86' lang='lat' dir='ltr'><strong>foret</strong></span> <span class='ocrx_word' id='word_1_22' title='bbox 834 641 1270 714; x_wconf 70' lang='lat' dir='ltr'><strong>intemperantia:</strong></span> <span class='ocrx_word' id='word_1_23' title='bbox 1325 656 1440 698; x_wconf 72' lang='lat' dir='ltr'><strong>suae</strong></span> <span class='ocrx_word' id='word_1_24' title='bbox 1472 640 1547 697; x_wconf 84' lang='lat' dir='ltr'><strong>in</strong></span> <span class='ocrx_word' id='word_1_25' title='bbox 1584 641 1864 712; x_wconf 89' lang='lat' dir='ltr'><strong>loquendo</strong></span> <span class='ocrx_word' id='word_1_26' title='bbox 1912 642 1999 697; x_wconf 89' lang='lat' dir='ltr'><strong>ni-</strong></span> 
     </span>
    </p>
   </div>
   <div class='ocr_carea' id='block_1_7' title="bbox 428 730 1998 805">
    <p class='ocr_par' dir='ltr' id='par_1_7' title="bbox 428 730 1998 805">
     <span class='ocr_line' id='line_1_7' title="bbox 428 730 1998 805; baseline -0.002 -14"><span class='ocrx_word' id='word_1_27' title='bbox 428 739 583 804; x_wconf 67' lang='lat' dir='ltr'><strong>miae;</strong></span> <span class='ocrx_word' id='word_1_28' title='bbox 610 744 665 791; x_wconf 88' lang='lat' dir='ltr'><strong>et</strong></span> <span class='ocrx_word' id='word_1_29' title='bbox 690 732 968 790; x_wconf 82' lang='lat' dir='ltr'><strong>succrevit</strong></span> <span class='ocrx_word' id='word_1_30' title='bbox 1008 732 1208 802; x_wconf 86' lang='lat' dir='ltr'><strong>unguis</strong></span> <span class='ocrx_word' id='word_1_31' title='bbox 1244 730 1473 786; x_wconf 38' lang='lat' dir='ltr'><strong>alius/in</strong></span> <span class='ocrx_word' id='word_1_32' title='bbox 1508 738 1756 787; x_wconf 76' lang='lat' dir='ltr'><strong>extremo</strong></span> <span class='ocrx_word' id='word_1_33' title='bbox 1841 730 1998 805; x_wconf 86' lang='lat' dir='ltr'><strong>digiti</strong></span> 
     </span>
    </p>
   </div>
   <div class='ocr_carea' id='block_1_8' title="bbox 425 822 1996 894">
    <p class='ocr_par' dir='ltr' id='par_1_8' title="bbox 425 822 1996 894">
     <span class='ocr_line' id='line_1_8' title="bbox 425 822 1996 894; baseline -0.004 -11"><span class='ocrx_word' id='word_1_34' title='bbox 425 831 504 885; x_wconf 81' lang='lat' dir='ltr'><strong>sic</strong></span> <span class='ocrx_word' id='word_1_35' title='bbox 541 826 775 882; x_wconf 91' lang='lat' dir='ltr'><strong>mutilati</strong></span> <span class='ocrx_word' id='word_1_36' title='bbox 801 823 1056 881; x_wconf 83' lang='lat' dir='ltr'><strong>articulo.</strong></span> <span class='ocrx_word' id='word_1_37' title='bbox 1090 822 1216 879; x_wconf 59' lang='lat' dir='ltr'><strong>Haec</strong></span> <span class='ocrx_word' id='word_1_38' title='bbox 1248 823 1414 888; x_wconf 91' lang='lat' dir='ltr'><strong>visio,</strong></span> <span class='ocrx_word' id='word_1_39' title='bbox 1446 838 1571 878; x_wconf 91' lang='lat' dir='ltr'><strong>cum</strong></span> <span class='ocrx_word' id='word_1_40' title='bbox 1597 823 1996 894; x_wconf 77' lang='lat' dir='ltr'><strong>expergiscitur</strong></span> 
     </span>
    </p>
   </div>
   <div class='ocr_carea' id='block_1_9' title="bbox 414 915 1995 987">
    <p class='ocr_par' dir='ltr' id='par_1_9' title="bbox 414 915 1995 987">
     <span class='ocr_line' id='line_1_9' title="bbox 414 915 1995 987; baseline -0.004 -12"><span class='ocrx_word' id='word_1_41' title='bbox 414 920 610 984; x_wconf 79' lang='lat' dir='ltr'><strong>homo,</strong></span> <span class='ocrx_word' id='word_1_42' title='bbox 638 934 727 973; x_wconf 88' lang='lat' dir='ltr'><strong>res</strong></span> <span class='ocrx_word' id='word_1_43' title='bbox 759 917 884 981; x_wconf 88' lang='lat' dir='ltr'><strong>fuit,</strong></span> <span class='ocrx_word' id='word_1_44' title='bbox 916 933 1085 972; x_wconf 85' lang='lat' dir='ltr'><strong>manu</strong></span> <span class='ocrx_word' id='word_1_45' title='bbox 1138 916 1289 971; x_wconf 85' lang='lat' dir='ltr'><strong>omni</strong></span> <span class='ocrx_word' id='word_1_46' title='bbox 1327 931 1398 971; x_wconf 78' lang='lat' dir='ltr'><strong>ex</strong></span> <span class='ocrx_word' id='word_1_47' title='bbox 1427 922 1582 986; x_wconf 85' lang='lat' dir='ltr'><strong>parte</strong></span> <span class='ocrx_word' id='word_1_48' title='bbox 1642 916 1875 987; x_wconf 90' lang='lat' dir='ltr'><strong>integra,</strong></span> <span class='ocrx_word' id='word_1_49' title='bbox 1911 915 1995 969; x_wconf 91' lang='lat' dir='ltr'><strong>uti</strong></span> 
     </span>
    </p>
   </div>
   <div class='ocr_carea' id='block_1_10' title="bbox 409 1005 1997 1074">
    <p class='ocr_par' dir='ltr' id='par_1_10' title="bbox 409 1005 1997 1074">
     <span class='ocr_line' id='line_1_10' title="bbox 409 1005 1997 1074; baseline -0.001 -12"><span class='ocrx_word' id='word_1_50' title='bbox 409 1008 685 1071; x_wconf 78' lang='lat' dir='ltr'><strong>‘diximus,</strong></span> <span class='ocrx_word' id='word_1_51' title='bbox 706 1007 1027 1062; x_wconf 80' lang='lat' dir='ltr'><strong>exsistente.</strong></span> <span class='ocrx_word' id='word_1_52' title='bbox 1060 1005 1131 1061; x_wconf 89' lang='lat' dir='ltr'><strong>Ut</strong></span> <span class='ocrx_word' id='word_1_53' title='bbox 1162 1013 1347 1060; x_wconf 89' lang='lat' dir='ltr'><strong>autem</strong></span> <span class='ocrx_word' id='word_1_54' title='bbox 1380 1005 1647 1059; x_wconf 87' lang='lat' dir='ltr'><strong>miraculo</strong></span> <span class='ocrx_word' id='word_1_55' title='bbox 1673 1005 1997 1074; x_wconf 80' lang='lat' dir='ltr'><strong>adjiciamus</strong></span> 
     </span>
    </p>
   </div>
   <div class='ocr_carea' id='block_1_11' title="bbox 423 1096 1996 1167">
    <p class='ocr_par' dir='ltr' id='par_1_11' title="bbox 423 1096 1996 1167">
     <span class='ocr_line' id='line_1_11' title="bbox 423 1096 1996 1167; baseline 0.001 -16"><span class='ocrx_word' id='word_1_56' title='bbox 423 1099 771 1162; x_wconf 85' lang='lat' dir='ltr'><strong>miraculum,</strong></span> <span class='ocrx_word' id='word_1_57' title='bbox 797 1097 988 1152; x_wconf 90' lang='lat' dir='ltr'><strong>eadem</strong></span> <span class='ocrx_word' id='word_1_58' title='bbox 1022 1106 1206 1161; x_wconf 89' lang='lat' dir='ltr'><strong>nocte,</strong></span> <span class='ocrx_word' id='word_1_59' title='bbox 1236 1112 1344 1167; x_wconf 90' lang='lat' dir='ltr'><strong>qua</strong></span> <span class='ocrx_word' id='word_1_60' title='bbox 1378 1096 1496 1151; x_wconf 63' lang='lat' dir='ltr'><strong>haec</strong></span> <span class='ocrx_word' id='word_1_61' title='bbox 1532 1096 1613 1150; x_wconf 89' lang='lat' dir='ltr'><strong>illi</strong></span> <span class='ocrx_word' id='word_1_62' title='bbox 1660 1096 1996 1152; x_wconf 89' lang='lat' dir='ltr'><strong>videbantur</strong></span> 
     </span>
    </p>
   </div>
   <div class='ocr_carea' id='block_1_12' title="bbox 406 1186 1994 1261">
    <p class='ocr_par' dir='ltr' id='par_1_12' title="bbox 406 1186 1994 1261">
     <span class='ocr_line' id='line_1_12' title="bbox 406 1186 1994 1261; baseline -0.001 -17"><span class='ocrx_word' id='word_1_63' title='bbox 406 1190 636 1246; x_wconf 61' lang='lat' dir='ltr'><strong>’actitari</strong></span> <span class='ocrx_word' id='word_1_64' title='bbox 666 1206 695 1244; x_wconf 87' lang='lat' dir='ltr'><strong>a</strong></span> <span class='ocrx_word' id='word_1_65' title='bbox 730 1188 1022 1261; x_wconf 90' lang='lat' dir='ltr'><strong>Symeone,</strong></span> <span class='ocrx_word' id='word_1_66' title='bbox 1066 1189 1182 1258; x_wconf 89' lang='lat' dir='ltr'><strong>ipse</strong></span> <span class='ocrx_word' id='word_1_67' title='bbox 1244 1202 1465 1257; x_wconf 88' lang='lat' dir='ltr'><strong>quoque</strong></span> <span class='ocrx_word' id='word_1_68' title='bbox 1510 1186 1750 1259; x_wconf 86' lang='lat' dir='ltr'><strong>Symeon</strong></span> <span class='ocrx_word' id='word_1_69' title='bbox 1803 1195 1994 1257; x_wconf 88' lang='lat' dir='ltr'><strong>raptus</strong></span> 
     </span>
    </p>
   </div>
   <div class='ocr_carea' id='block_1_13' title="bbox 401 1277 1992 1351">
    <p class='ocr_par' dir='ltr' id='par_1_13' title="bbox 401 1277 1992 1351">
     <span class='ocr_line' id='line_1_13' title="bbox 401 1277 1992 1351; baseline -0.004 -15"><span class='ocrx_word' id='word_1_70' title='bbox 401 1282 474 1337; x_wconf 57' lang='lat' dir='ltr'><strong>“in</strong></span> <span class='ocrx_word' id='word_1_71' title='bbox 509 1280 728 1351; x_wconf 86' lang='lat' dir='ltr'><strong>spiritu,</strong></span> <span class='ocrx_word' id='word_1_72' title='bbox 760 1296 818 1335; x_wconf 90' lang='lat' dir='ltr'><strong>se</strong></span> <span class='ocrx_word' id='word_1_73' title='bbox 855 1280 1032 1350; x_wconf 90' lang='lat' dir='ltr'><strong>ipsum</strong></span> <span class='ocrx_word' id='word_1_74' title='bbox 1051 1278 1243 1333; x_wconf 90' lang='lat' dir='ltr'><strong>eadem</strong></span> <span class='ocrx_word' id='word_1_75' title='bbox 1284 1277 1628 1333; x_wconf 85' lang='lat' dir='ltr'><strong>factitantem</strong></span> <span class='ocrx_word' id='word_1_76' title='bbox 1681 1277 1992 1346; x_wconf 89' lang='lat' dir='ltr'><strong>conspicari</strong></span> 
     </span>
    </p>
   </div>
   <div class='ocr_carea' id='block_1_14' title="bbox 398 1366 1993 1440">
    <p class='ocr_par' dir='ltr' id='par_1_14' title="bbox 398 1366 1993 1440">
     <span class='ocr_line' id='line_1_14' title="bbox 398 1366 1993 1440; baseline -0.002 -16"><span class='ocrx_word' id='word_1_77' title='bbox 398 1371 570 1426; x_wconf 68' lang='lat' dir='ltr'><strong>visus</strong></span> <span class='ocrx_word' id='word_1_78' title='bbox 591 1378 704 1433; x_wconf 83' lang='lat' dir='ltr'><strong>est;</strong></span> <span class='ocrx_word' id='word_1_79' title='bbox 733 1368 1196 1440; x_wconf 87' lang='lat' dir='ltr'><strong>quemadmodum</strong></span> <span class='ocrx_word' id='word_1_80' title='bbox 1228 1368 1366 1437; x_wconf 85' lang='lat' dir='ltr'><strong>ipse,</strong></span> <span class='ocrx_word' id='word_1_81' title='bbox 1423 1368 1517 1438; x_wconf 87' lang='lat' dir='ltr'><strong>qui</strong></span> <span class='ocrx_word' id='word_1_82' title='bbox 1551 1366 1812 1422; x_wconf 84' lang='lat' dir='ltr'><strong>inecstasi</strong></span> <span class='ocrx_word' id='word_1_83' title='bbox 1862 1377 1993 1422; x_wconf 90' lang='lat' dir='ltr'><strong>tunc</strong></span> 
     </span>
    </p>
   </div>
   <div class='ocr_carea' id='block_1_15' title="bbox 417 1460 1987 1533">
    <p class='ocr_par' dir='ltr' id='par_1_15' title="bbox 417 1460 1987 1533">
     <span class='ocr_line' id='line_1_15' title="bbox 417 1460 1987 1533; baseline -0.003 -13"><span class='ocrx_word' id='word_1_84' title='bbox 417 1465 721 1528; x_wconf 82' lang='lat' dir='ltr'><strong>exstiterat,</strong></span> <span class='ocrx_word' id='word_1_85' title='bbox 752 1463 1037 1533; x_wconf 84' lang='lat' dir='ltr'><strong>discipulis</strong></span> <span class='ocrx_word' id='word_1_86' title='bbox 1062 1461 1295 1516; x_wconf 87' lang='lat' dir='ltr'><strong>multum</strong></span> <span class='ocrx_word' id='word_1_87' title='bbox 1328 1460 1649 1531; x_wconf 81' lang='lat' dir='ltr'><strong>rogantibus</strong></span> <span class='ocrx_word' id='word_1_88' title='bbox 1668 1460 1987 1526; x_wconf 83' lang='lat' dir='ltr'><strong>declaravit;</strong></span> 
     </span>
    </p>
   </div>
   <div class='ocr_carea' id='block_1_16' title="bbox 406 1553 1987 1628">
    <p class='ocr_par' dir='ltr' id='par_1_16' title="bbox 406 1553 1987 1628">
     <span class='ocr_line' id='line_1_16' title="bbox 406 1553 1987 1628; baseline -0.002 -16"><span class='ocrx_word' id='word_1_89' title='bbox 406 1565 473 1611; x_wconf 72' lang='lat' dir='ltr'><strong>et</strong></span> <span class='ocrx_word' id='word_1_90' title='bbox 519 1556 623 1612; x_wconf 89' lang='lat' dir='ltr'><strong>iste</strong></span> <span class='ocrx_word' id='word_1_91' title='bbox 682 1570 924 1628; x_wconf 87' lang='lat' dir='ltr'><strong>quoque,</strong></span> <span class='ocrx_word' id='word_1_92' title='bbox 995 1555 1090 1625; x_wconf 92' lang='lat' dir='ltr'><strong>qui</strong></span> <span class='ocrx_word' id='word_1_93' title='bbox 1146 1554 1523 1609; x_wconf 81' lang='lat' dir='ltr'><strong>incolumitate</strong></span> <span class='ocrx_word' id='word_1_94' title='bbox 1577 1553 1816 1608; x_wconf 84' lang='lat' dir='ltr'><strong>donatus</strong></span> <span class='ocrx_word' id='word_1_95' title='bbox 1871 1561 1987 1609; x_wconf 79' lang='lat' dir='ltr'><strong>erat</strong></span> 
     </span>
    </p>
   </div>
   <div class='ocr_carea' id='block_1_17' title="bbox 400 1649 715 1703">
    <p class='ocr_par' dir='ltr' id='par_1_17' title="bbox 400 1649 715 1703">
     <span class='ocr_line' id='line_1_17' title="bbox 400 1649 715 1703; baseline -0.006 0"><span class='ocrx_word' id='word_1_96' title='bbox 400 1649 715 1703; x_wconf 56' lang='lat' dir='ltr'><strong>enarravit.</strong></span> 
     </span>
    </p>
   </div>
   <div class='ocr_carea' id='block_1_18' title="bbox 478 1738 1987 1812">
    <p class='ocr_par' dir='ltr' id='par_1_18' title="bbox 478 1738 1987 1812">
     <span class='ocr_line' id='line_1_18' title="bbox 478 1738 1987 1812; baseline -0.002 -15"><span class='ocrx_word' id='word_1_97' title='bbox 478 1742 609 1797; x_wconf 69' lang='lat'><strong>215.</strong></span> <span class='ocrx_word' id='word_1_98' title='bbox 638 1743 851 1796; x_wconf 75' lang='lat' dir='ltr'><strong>-Verum</strong></span> <span class='ocrx_word' id='word_1_99' title='bbox 886 1740 1019 1812; x_wconf 89' lang='lat' dir='ltr'><strong>quid</strong></span> <span class='ocrx_word' id='word_1_100' title='bbox 1052 1741 1107 1795; x_wconf 92' lang='lat' dir='ltr'><strong>in</strong></span> <span class='ocrx_word' id='word_1_101' title='bbox 1139 1756 1337 1796; x_wconf 89' lang='lat' dir='ltr'><strong>vanum</strong></span> <span class='ocrx_word' id='word_1_102' title='bbox 1367 1740 1709 1806; x_wconf 83' lang='lat' dir='ltr'><strong>laboramus,</strong></span> <span class='ocrx_word' id='word_1_103' title='bbox 1733 1738 1987 1797; x_wconf 91' lang='lat' dir='ltr'><strong>conando</strong></span> 
     </span>
    </p>
   </div>
   <div class='ocr_carea' id='block_1_19' title="bbox 2097 639 3677 716">
    <p class='ocr_par' dir='ltr' id='par_1_19' title="bbox 2097 639 3677 716">
     <span class='ocr_line' id='line_1_19' title="bbox 2097 639 3677 716; baseline 0.005 -25"><span class='ocrx_word' id='word_1_104' title='bbox 2097 640 2290 711; x_wconf 72' lang='grc' dir='ltr'><strong>ἐκείνῳ</strong></span> <span class='ocrx_word' id='word_1_105' title='bbox 2319 639 2424 709; x_wconf 81' lang='grc' dir='ltr'><strong>τῆς</strong></span> <span class='ocrx_word' id='word_1_106' title='bbox 2453 639 2658 711; x_wconf 86' lang='grc' dir='ltr'><strong>πολλῆς</strong></span> <span class='ocrx_word' id='word_1_107' title='bbox 2686 640 2816 712; x_wconf 72' lang='grc' dir='ltr'><strong>περὶ</strong></span> <span class='ocrx_word' id='word_1_108' title='bbox 2845 640 3095 709; x_wconf 87' lang='grc' dir='ltr'><strong>γλῶτταν</strong></span> <span class='ocrx_word' id='word_1_109' title='bbox 3140 642 3461 709; x_wconf 75' lang='grc' dir='ltr'><strong>ἀκολασίας,</strong></span> <span class='ocrx_word' id='word_1_110' title='bbox 3503 644 3677 716; x_wconf 74' lang='grc' dir='ltr'><strong>ὃνυχα</strong></span> 
     </span>
    </p>
   </div>
   <div class='ocr_carea' id='block_1_20' title="bbox 2094 732 3675 806">
    <p class='ocr_par' dir='ltr' id='par_1_20' title="bbox 2094 732 3675 806">
     <span class='ocr_line' id='line_1_20' title="bbox 2094 732 3675 806; baseline 0.004 -20"><span class='ocrx_word' id='word_1_111' title='bbox 2094 732 2151 786; x_wconf 75' lang='grc' dir='ltr'><strong>δὲ</strong></span> <span class='ocrx_word' id='word_1_112' title='bbox 2194 732 2461 803; x_wconf 84' lang='grc' dir='ltr'><strong>ἀναϐῆναι</strong></span> <span class='ocrx_word' id='word_1_113' title='bbox 2499 733 2657 790; x_wconf 80' lang='grc' dir='ltr'><strong>ἄλλον</strong></span> <span class='ocrx_word' id='word_1_114' title='bbox 2701 734 2794 788; x_wconf 76' lang='grc' dir='ltr'><strong>ἐπὶ</strong></span> <span class='ocrx_word' id='word_1_115' title='bbox 2841 735 2903 789; x_wconf 82' lang='grc' dir='ltr'><strong>τὸ</strong></span> <span class='ocrx_word' id='word_1_116' title='bbox 2958 737 3221 806; x_wconf 79' lang='grc' dir='ltr'><strong>ἐχόμενον</strong></span> <span class='ocrx_word' id='word_1_117' title='bbox 3272 736 3367 791; x_wconf 90' lang='grc' dir='ltr'><strong>τοῦ</strong></span> <span class='ocrx_word' id='word_1_118' title='bbox 3419 737 3675 792; x_wconf 74' lang='grc' dir='ltr'><strong>κονδύλου</strong></span> 
     </span>
    </p>
   </div>
   <div class='ocr_carea' id='block_1_21' title="bbox 2094 822 3675 901">
    <p class='ocr_par' dir='ltr' id='par_1_21' title="bbox 2094 822 3675 901">
     <span class='ocr_line' id='line_1_21' title="bbox 2094 822 3675 901; baseline 0.004 -24"><span class='ocrx_word' id='word_1_119' title='bbox 2094 823 2316 895; x_wconf 77' lang='grc' dir='ltr'><strong>ἄρθρον.</strong></span> <span class='ocrx_word' id='word_1_120' title='bbox 2363 824 2474 895; x_wconf 82' lang='grc' dir='ltr'><strong>Τὴν</strong></span> <span class='ocrx_word' id='word_1_121' title='bbox 2516 826 2616 895; x_wconf 89' lang='grc' dir='ltr'><strong>μὲν</strong></span> <span class='ocrx_word' id='word_1_122' title='bbox 2658 822 2751 881; x_wconf 80' lang='grc' dir='ltr'><strong>οὖν</strong></span> <span class='ocrx_word' id='word_1_123' title='bbox 2793 827 2916 896; x_wconf 71' lang='grc' dir='ltr'><strong>ὄψιν</strong></span> <span class='ocrx_word' id='word_1_124' title='bbox 2961 828 3332 882; x_wconf 85' lang='grc' dir='ltr'><strong>διυπνισθέντι</strong></span> <span class='ocrx_word' id='word_1_125' title='bbox 3379 828 3459 900; x_wconf 85' lang='grc' dir='ltr'><strong>τῷ</strong></span> <span class='ocrx_word' id='word_1_126' title='bbox 3514 828 3675 901; x_wconf 78' lang='grc' dir='ltr'><strong>ἀνδρὶ</strong></span> 
     </span>
    </p>
   </div>
   <div class='ocr_carea' id='block_1_22' title="bbox 2094 910 3676 989">
    <p class='ocr_par' dir='ltr' id='par_1_22' title="bbox 2094 910 3676 989">
     <span class='ocr_line' id='line_1_22' title="bbox 2094 910 3676 989; baseline 0.004 -24"><span class='ocrx_word' id='word_1_127' title='bbox 2094 912 2256 984; x_wconf 81' lang='grc' dir='ltr'><strong>ἔργον</strong></span> <span class='ocrx_word' id='word_1_128' title='bbox 2282 910 2443 980; x_wconf 73' lang='grc' dir='ltr'><strong>εἶναι,</strong></span> <span class='ocrx_word' id='word_1_129' title='bbox 2480 915 2573 967; x_wconf 76' lang='grc' dir='ltr'><strong>καὶ</strong></span> <span class='ocrx_word' id='word_1_130' title='bbox 2614 914 2714 985; x_wconf 78' lang='grc' dir='ltr'><strong>τὴν</strong></span> <span class='ocrx_word' id='word_1_131' title='bbox 2763 918 2918 986; x_wconf 85' lang='grc' dir='ltr'><strong>χεῖρα</strong></span> <span class='ocrx_word' id='word_1_132' title='bbox 2952 915 3120 984; x_wconf 80' lang='grc' dir='ltr'><strong>ὑγιῶς</strong></span> <span class='ocrx_word' id='word_1_133' title='bbox 3151 915 3226 979; x_wconf 82' lang='grc' dir='ltr'><strong>ὡς</strong></span> <span class='ocrx_word' id='word_1_134' title='bbox 3259 916 3470 988; x_wconf 80' lang='grc' dir='ltr'><strong>ἔφημεν</strong></span> <span class='ocrx_word' id='word_1_135' title='bbox 3503 918 3676 989; x_wconf 78' lang='grc' dir='ltr'><strong>ἔχειν·</strong></span> 
     </span>
    </p>
   </div>
   <div class='ocr_carea' id='block_1_23' title="bbox 2098 1003 3669 1078">
    <p class='ocr_par' dir='ltr' id='par_1_23' title="bbox 2098 1003 3669 1078">
     <span class='ocr_line' id='line_1_23' title="bbox 2098 1003 3669 1078; baseline 0.004 -21"><span class='ocrx_word' id='word_1_136' title='bbox 2098 1006 2183 1058; x_wconf 74' lang='grc' dir='ltr'><strong>ἵνα</strong></span> <span class='ocrx_word' id='word_1_137' title='bbox 2260 1003 2319 1058; x_wconf 78' lang='grc' dir='ltr'><strong>δὲ</strong></span> <span class='ocrx_word' id='word_1_138' title='bbox 2395 1004 2475 1075; x_wconf 84' lang='grc' dir='ltr'><strong>τῷ</strong></span> <span class='ocrx_word' id='word_1_139' title='bbox 2539 1004 2781 1074; x_wconf 82' lang='grc' dir='ltr'><strong>θαύματι</strong></span> <span class='ocrx_word' id='word_1_140' title='bbox 2840 1006 3027 1073; x_wconf 86' lang='grc' dir='ltr'><strong>θαῦμα</strong></span> <span class='ocrx_word' id='word_1_141' title='bbox 3074 1007 3427 1078; x_wconf 80' lang='grc' dir='ltr'><strong>προσθῶμεν,</strong></span> <span class='ocrx_word' id='word_1_142' title='bbox 3490 1009 3669 1064; x_wconf 84' lang='grc' dir='ltr'><strong>ταύτὰ</strong></span> 
     </span>
    </p>
   </div>
   <div class='ocr_carea' id='block_1_24' title="bbox 2093 1095 3674 1174">
    <p class='ocr_par' dir='ltr' id='par_1_24' title="bbox 2093 1095 3674 1174">
     <span class='ocr_line' id='line_1_24' title="bbox 2093 1095 3674 1174; baseline 0.001 -21"><span class='ocrx_word' id='word_1_143' title='bbox 2093 1096 2304 1171; x_wconf 84' lang='grc' dir='ltr'><strong>δρῶντα</strong></span> <span class='ocrx_word' id='word_1_144' title='bbox 2338 1098 2430 1151; x_wconf 83' lang='grc' dir='ltr'><strong>τδν</strong></span> <span class='ocrx_word' id='word_1_145' title='bbox 2460 1098 2710 1169; x_wconf 84' lang='grc' dir='ltr'><strong>Συμεὼν,</strong></span> <span class='ocrx_word' id='word_1_146' title='bbox 2746 1095 2816 1170; x_wconf 81' lang='grc' dir='ltr'><strong>ἦν</strong></span> <span class='ocrx_word' id='word_1_147' title='bbox 2836 1099 2934 1169; x_wconf 80' lang='grc' dir='ltr'><strong>τῆς</strong></span> <span class='ocrx_word' id='word_1_148' title='bbox 2960 1100 3150 1162; x_wconf 75' lang='grc' dir='ltr'><strong>νυκτὸς</strong></span> <span class='ocrx_word' id='word_1_149' title='bbox 3175 1101 3388 1172; x_wconf 79' lang='grc' dir='ltr'><strong>ἐκείνης</strong></span> <span class='ocrx_word' id='word_1_150' title='bbox 3426 1104 3562 1174; x_wconf 79' lang='grc' dir='ltr'><strong>όρᾷν</strong></span> <span class='ocrx_word' id='word_1_151' title='bbox 3589 1101 3674 1174; x_wconf 79' lang='grc' dir='ltr'><strong>τῷ</strong></span> 
     </span>
    </p>
   </div>
   <div class='ocr_carea' id='block_1_25' title="bbox 2095 1186 3671 1264">
    <p class='ocr_par' dir='ltr' id='par_1_25' title="bbox 2095 1186 3671 1264">
     <span class='ocr_line' id='line_1_25' title="bbox 2095 1186 3671 1264; baseline 0.003 -19"><span class='ocrx_word' id='word_1_152' title='bbox 2095 1190 2363 1261; x_wconf 72' lang='grc' dir='ltr'><strong>πνεύματι</strong></span> <span class='ocrx_word' id='word_1_153' title='bbox 2383 1190 2598 1253; x_wconf 77' lang='grc' dir='ltr'><strong>ἑαυτὸν,</strong></span> <span class='ocrx_word' id='word_1_154' title='bbox 2624 1186 2713 1244; x_wconf 78' lang='grc' dir='ltr'><strong>οἷα</strong></span> <span class='ocrx_word' id='word_1_155' title='bbox 2744 1192 2983 1264; x_wconf 83' lang='grc' dir='ltr'><strong>κάκείνῳ</strong></span> <span class='ocrx_word' id='word_1_156' title='bbox 3011 1193 3331 1247; x_wconf 76' lang='grc' dir='ltr'><strong>συνέϐαινεν</strong></span> <span class='ocrx_word' id='word_1_157' title='bbox 3357 1211 3373 1228; x_wconf 88' lang='grc'><strong>·</strong></span> <span class='ocrx_word' id='word_1_158' title='bbox 3397 1195 3472 1259; x_wconf 85' lang='grc' dir='ltr'><strong>ὼς</strong></span> <span class='ocrx_word' id='word_1_159' title='bbox 3501 1197 3671 1260; x_wconf 77' lang='grc' dir='ltr'><strong>αὐτός</strong></span> 
     </span>
    </p>
   </div>
   <div class='ocr_carea' id='block_1_26' title="bbox 2092 1283 3674 1358">
    <p class='ocr_par' dir='ltr' id='par_1_26' title="bbox 2092 1283 3674 1358">
     <span class='ocr_line' id='line_1_26' title="bbox 2092 1283 3674 1358; baseline 0.003 -21"><span class='ocrx_word' id='word_1_160' title='bbox 2092 1301 2152 1337; x_wconf 90' lang='grc' dir='ltr'><strong>τε</strong></span> <span class='ocrx_word' id='word_1_161' title='bbox 2195 1286 2306 1348; x_wconf 83' lang='grc' dir='ltr'><strong>τοῖς</strong></span> <span class='ocrx_word' id='word_1_162' title='bbox 2347 1283 2619 1354; x_wconf 81' lang='grc' dir='ltr'><strong>μαθηταῖς</strong></span> <span class='ocrx_word' id='word_1_163' title='bbox 2645 1284 2830 1353; x_wconf 76' lang='grc' dir='ltr'><strong>ὀφθεὶς</strong></span> <span class='ocrx_word' id='word_1_164' title='bbox 2862 1287 2919 1338; x_wconf 80' lang='grc' dir='ltr'><strong>ὲν</strong></span> <span class='ocrx_word' id='word_1_165' title='bbox 2964 1289 3220 1341; x_wconf 76' lang='grc' dir='ltr'><strong>ἐκστάσει</strong></span> <span class='ocrx_word' id='word_1_166' title='bbox 3271 1288 3391 1342; x_wconf 85' lang='grc' dir='ltr'><strong>τότε</strong></span> <span class='ocrx_word' id='word_1_167' title='bbox 3438 1304 3674 1358; x_wconf 80' lang='grc' dir='ltr'><strong>γεγενη-</strong></span> 
     </span>
    </p>
   </div>
   <div class='ocr_carea' id='block_1_27' title="bbox 2097 1375 3663 1453">
    <p class='ocr_par' dir='ltr' id='par_1_27' title="bbox 2097 1375 3663 1453">
     <span class='ocr_line' id='line_1_27' title="bbox 2097 1375 3663 1453; baseline 0.004 -24"><span class='ocrx_word' id='word_1_168' title='bbox 2097 1376 2278 1447; x_wconf 83' lang='grc' dir='ltr'><strong>μένος,</strong></span> <span class='ocrx_word' id='word_1_169' title='bbox 2305 1375 2475 1430; x_wconf 85' lang='grc' dir='ltr'><strong>πολλά</strong></span> <span class='ocrx_word' id='word_1_170' title='bbox 2506 1376 2778 1447; x_wconf 82' lang='grc' dir='ltr'><strong>δεηθεῖσιν</strong></span> <span class='ocrx_word' id='word_1_171' title='bbox 2827 1379 3151 1450; x_wconf 82' lang='grc' dir='ltr'><strong>ἀπήγγειλε,</strong></span> <span class='ocrx_word' id='word_1_172' title='bbox 3190 1380 3285 1434; x_wconf 77' lang='grc' dir='ltr'><strong>καὶ</strong></span> <span class='ocrx_word' id='word_1_173' title='bbox 3307 1381 3335 1434; x_wconf 84' lang='grc' dir='ltr'>ὁ</span> <span class='ocrx_word' id='word_1_174' title='bbox 3359 1380 3459 1452; x_wconf 83' lang='grc' dir='ltr'><strong>τῆς</strong></span> <span class='ocrx_word' id='word_1_175' title='bbox 3499 1379 3663 1453; x_wconf 81' lang='grc' dir='ltr'><strong>θεραο</strong></span> 
     </span>
    </p>
   </div>
   <div class='ocr_carea' id='block_1_28' title="bbox 2095 1465 2810 1541">
    <p class='ocr_par' dir='ltr' id='par_1_28' title="bbox 2095 1465 2810 1541">
     <span class='ocr_line' id='line_1_28' title="bbox 2095 1465 2810 1541; baseline 0 -18"><span class='ocrx_word' id='word_1_176' title='bbox 2095 1469 2253 1534; x_wconf 87' lang='grc' dir='ltr'><strong>πείας</strong></span> <span class='ocrx_word' id='word_1_177' title='bbox 2278 1465 2457 1537; x_wconf 86' lang='grc' dir='ltr'><strong>τυχὼν</strong></span> <span class='ocrx_word' id='word_1_178' title='bbox 2483 1470 2810 1541; x_wconf 67' lang='grc' dir='ltr'><strong>ἐξηγήσατο.</strong></span> 
     </span>
    </p>
   </div>
   <div class='ocr_carea' id='block_1_29' title="bbox 2163 1739 3676 1814">
    <p class='ocr_par' dir='ltr' id='par_1_29' title="bbox 2163 1739 3676 1814">
     <span class='ocr_line' id='line_1_29' title="bbox 2163 1739 3676 1814; baseline 0.004 -21"><span class='ocrx_word' id='word_1_179' title='bbox 2163 1746 2279 1794; x_wconf 72' lang='grc' dir='ltr'><strong>σιεθ.</strong></span> <span class='ocrx_word' id='word_1_180' title='bbox 2310 1739 2470 1794; x_wconf 80' lang='grc' dir='ltr'><strong>Ἀλλὰ</strong></span> <span class='ocrx_word' id='word_1_181' title='bbox 2497 1740 2812 1811; x_wconf 82' lang='grc' dir='ltr'><strong>μέχριτίνος</strong></span> <span class='ocrx_word' id='word_1_182' title='bbox 2826 1741 3129 1811; x_wconf 78' lang='grc' dir='ltr'><strong>ἀμηχάνοις</strong></span> <span class='ocrx_word' id='word_1_183' title='bbox 3148 1741 3552 1814; x_wconf 76' lang='grc' dir='ltr'><strong>ἐπιχειροῦμεν,</strong></span> <span class='ocrx_word' id='word_1_184' title='bbox 3581 1741 3676 1800; x_wconf 81' lang='grc' dir='ltr'><strong>λό-</strong></span> 
     </span>
    </p>
   </div>
   <div class='ocr_carea' id='block_1_30' title="bbox 413 1831 1988 1906">
    <p class='ocr_par' dir='ltr' id='par_1_30' title="bbox 413 1831 1984 1905">
     <span class='ocr_line' id='line_1_30' title="bbox 413 1831 1984 1905; baseline -0.002 -16"><span class='ocrx_word' id='word_1_185' title='bbox 413 1833 596 1889; x_wconf 89' lang='lat' dir='ltr'><strong>omnia</strong></span> <span class='ocrx_word' id='word_1_186' title='bbox 631 1833 752 1904; x_wconf 85' lang='lat' dir='ltr'><strong>ejus</strong></span> <span class='ocrx_word' id='word_1_187' title='bbox 780 1841 933 1904; x_wconf 86' lang='lat' dir='ltr'><strong>gesta</strong></span> <span class='ocrx_word' id='word_1_188' title='bbox 966 1831 1241 1903; x_wconf 81' lang='lat' dir='ltr'><strong>explicare</strong></span> <span class='ocrx_word' id='word_1_189' title='bbox 1264 1832 1491 1887; x_wconf 81' lang='lat' dir='ltr'><strong>verbis?</strong></span> <span class='ocrx_word' id='word_1_190' title='bbox 1532 1833 1667 1888; x_wconf 86' lang='lat' dir='ltr'><strong>Erat</strong></span> <span class='ocrx_word' id='word_1_191' title='bbox 1695 1832 1850 1889; x_wconf 63' lang='lat' dir='ltr'><strong>Sura:</strong></span> <span class='ocrx_word' id='word_1_192' title='bbox 1874 1834 1984 1905; x_wconf 83' lang='lat'><strong>(57)</strong></span> 
     </span>
    </p>
   </div>
   <div class='ocr_carea' id='block_1_31' title="bbox 2090 1831 3669 1906">
    <p class='ocr_par' dir='ltr' id='par_1_31' title="bbox 2090 1831 3669 1906">
     <span class='ocr_line' id='line_1_31' title="bbox 2090 1831 3669 1906; baseline 0.002 -20"><span class='ocrx_word' id='word_1_193' title='bbox 2090 1848 2172 1902; x_wconf 85' lang='grc' dir='ltr'><strong>γῳ</strong></span> <span class='ocrx_word' id='word_1_194' title='bbox 2210 1831 2278 1887; x_wconf 82' lang='grc' dir='ltr'><strong>τὰ</strong></span> <span class='ocrx_word' id='word_1_195' title='bbox 2313 1833 2522 1885; x_wconf 79' lang='grc' dir='ltr'><strong>ἐκείνου</strong></span> <span class='ocrx_word' id='word_1_196' title='bbox 2544 1832 2816 1886; x_wconf 85' lang='grc' dir='ltr'><strong>διαλαϐεῖν</strong></span> <span class='ocrx_word' id='word_1_197' title='bbox 2840 1834 3077 1903; x_wconf 75' lang='grc' dir='ltr'>καθεξῆς</span> <span class='ocrx_word' id='word_1_198' title='bbox 3099 1836 3276 1888; x_wconf 90' lang='grc' dir='ltr'><strong>πάντα</strong></span> <span class='ocrx_word' id='word_1_199' title='bbox 3296 1835 3628 1906; x_wconf 83' lang='grc' dir='ltr'><strong>πειρώμενοι</strong></span> <span class='ocrx_word' id='word_1_200' title='bbox 3650 1853 3669 1902; x_wconf 76' lang='grc' dir='ltr'><strong>ς</strong></span> 
     </span>
    </p>
   </div>
   <div class='ocr_carea' id='block_1_32' title="bbox 417 1899 1988 1997">
    <p class='ocr_par' dir='ltr' id='par_1_32' title="bbox 417 1899 1987 1993">
     <span class='ocr_line' id='line_1_32' title="bbox 417 1899 1987 1993; baseline 0 -18"><span class='ocrx_word' id='word_1_201' title='bbox 417 1921 584 1993; x_wconf 91' lang='lat' dir='ltr'><strong>(quod</strong></span> <span class='ocrx_word' id='word_1_202' title='bbox 623 1899 710 1976; x_wconf 72' lang='lat' dir='ltr'><strong>est</strong></span> <span class='ocrx_word' id='word_1_203' title='bbox 753 1899 1133 1991; x_wconf 37' lang='lat' dir='ltr'><strong>oppidum&#39;ex</strong></span> <span class='ocrx_word' id='word_1_204' title='bbox 1165 1922 1233 1975; x_wconf 88' lang='lat' dir='ltr'><strong>iis</strong></span> <span class='ocrx_word' id='word_1_205' title='bbox 1280 1936 1451 1975; x_wconf 91' lang='lat' dir='ltr'><strong>unum</strong></span> <span class='ocrx_word' id='word_1_206' title='bbox 1487 1930 1780 1991; x_wconf 68' lang='lat' dir='ltr'><strong>quaesout</strong></span> <span class='ocrx_word' id='word_1_207' title='bbox 1820 1899 1987 1993; x_wconf 81' lang='lat' dir='ltr'><strong>supra</strong></span> 
     </span>
    </p>
   </div>
   <div class='ocr_carea' id='block_1_33' title="bbox 2090 1899 3673 1997">
    <p class='ocr_par' dir='ltr' id='par_1_33' title="bbox 2090 1899 3673 1997">
     <span class='ocr_line' id='line_1_33' title="bbox 2090 1899 3673 1997; baseline 0.005 -22"><span class='ocrx_word' id='word_1_208' title='bbox 2090 1899 2200 1976; x_wconf 80' lang='grc' dir='ltr'><strong>Ἦν</strong></span> <span class='ocrx_word' id='word_1_209' title='bbox 2216 1939 2301 1985; x_wconf 87' lang='grc' dir='ltr'><strong>τις</strong></span> <span class='ocrx_word' id='word_1_210' title='bbox 2329 1925 2386 1976; x_wconf 77' lang='grc' dir='ltr'><strong>ἐν</strong></span> <span class='ocrx_word' id='word_1_211' title='bbox 2416 1924 2637 1994; x_wconf 86' lang='grc' dir='ltr'><strong>Σουροῑς</strong></span> <span class='ocrx_word' id='word_1_212' title='bbox 2662 1927 3002 1995; x_wconf 72' lang='grc' dir='ltr'><strong>στρατιώτης</strong></span> <span class='ocrx_word' id='word_1_213' title='bbox 3026 1899 3321 1994; x_wconf 60' lang='grc' dir='ltr'><strong>(πολίχνιον</strong></span> <span class='ocrx_word' id='word_1_214' title='bbox 3342 1899 3403 1980; x_wconf 70' lang='grc' dir='ltr'><strong>δέ</strong></span> <span class='ocrx_word' id='word_1_215' title='bbox 3418 1899 3489 1997; x_wconf 42' lang='grc' dir='ltr'><strong>τι.</strong></span> <span class='ocrx_word' id='word_1_216' title='bbox 3512 1899 3673 1983; x_wconf 79' lang='grc' dir='ltr'><strong>τοῦτο</strong></span> 
     </span>
    </p>
   </div>
   <div class='ocr_carea' id='block_1_34' title="bbox 415 2012 1986 2084">
    <p class='ocr_par' dir='ltr' id='par_1_34' title="bbox 415 2012 1986 2084">
     <span class='ocr_line' id='line_1_34' title="bbox 415 2012 1986 2084; baseline -0.001 -15"><span class='ocrx_word' id='word_1_217' title='bbox 415 2013 772 2084; x_wconf 84' lang='lat' dir='ltr'><strong>Euphratem)</strong></span> <span class='ocrx_word' id='word_1_218' title='bbox 800 2012 956 2067; x_wconf 88' lang='lat' dir='ltr'><strong>miles</strong></span> <span class='ocrx_word' id='word_1_219' title='bbox 984 2012 1229 2081; x_wconf 89' lang='lat' dir='ltr'><strong>quidam,</strong></span> <span class='ocrx_word' id='word_1_220' title='bbox 1268 2012 1408 2067; x_wconf 89' lang='lat' dir='ltr'><strong>bene</strong></span> <span class='ocrx_word' id='word_1_221' title='bbox 1436 2012 1616 2068; x_wconf 89' lang='lat' dir='ltr'><strong>valida</strong></span> <span class='ocrx_word' id='word_1_222' title='bbox 1646 2023 1703 2069; x_wconf 86' lang='lat' dir='ltr'><strong>et</strong></span> <span class='ocrx_word' id='word_1_223' title='bbox 1752 2012 1986 2084; x_wconf 81' lang='lat' dir='ltr'><strong>juvenili</strong></span> 
     </span>
    </p>
   </div>
   <div class='ocr_carea' id='block_1_35' title="bbox 413 2103 1988 2169">
    <p class='ocr_par' dir='ltr' id='par_1_35' title="bbox 413 2103 1988 2169">
     <span class='ocr_line' id='line_1_35' title="bbox 413 2103 1988 2169; baseline 0 -10"><span class='ocrx_word' id='word_1_224' title='bbox 413 2113 571 2159; x_wconf 77' lang='lat' dir='ltr'><strong>aetate</strong></span> <span class='ocrx_word' id='word_1_225' title='bbox 599 2103 824 2169; x_wconf 85' lang='lat' dir='ltr'><strong>ﬂorens,</strong></span> <span class='ocrx_word' id='word_1_226' title='bbox 856 2118 1098 2159; x_wconf 87' lang='lat' dir='ltr'><strong>necnon</strong></span> <span class='ocrx_word' id='word_1_227' title='bbox 1131 2104 1326 2159; x_wconf 89' lang='lat' dir='ltr'><strong>bellica</strong></span> <span class='ocrx_word' id='word_1_228' title='bbox 1352 2104 1557 2158; x_wconf 90' lang='lat' dir='ltr'><strong>virtute</strong></span> <span class='ocrx_word' id='word_1_229' title='bbox 1604 2119 1669 2159; x_wconf 90' lang='lat' dir='ltr'><strong>ac</strong></span> <span class='ocrx_word' id='word_1_230' title='bbox 1725 2105 1895 2160; x_wconf 89' lang='lat' dir='ltr'><strong>rebus</strong></span> <span class='ocrx_word' id='word_1_231' title='bbox 1930 2104 1988 2159; x_wconf 90' lang='lat' dir='ltr'><strong>in</strong></span> 
     </span>
    </p>
   </div>
   <div class='ocr_carea' id='block_1_36' title="bbox 399 2190 1987 2260">
    <p class='ocr_par' dir='ltr' id='par_1_36' title="bbox 399 2190 1987 2260">
     <span class='ocr_line' id='line_1_36' title="bbox 399 2190 1987 2260; baseline 0.001 -16"><span class='ocrx_word' id='word_1_232' title='bbox 399 2193 657 2246; x_wconf 88' lang='lat' dir='ltr'><strong>omnibus</strong></span> <span class='ocrx_word' id='word_1_233' title='bbox 690 2192 1013 2247; x_wconf 80' lang='lat' dir='ltr'><strong>dexteritate</strong></span> <span class='ocrx_word' id='word_1_234' title='bbox 1044 2192 1301 2246; x_wconf 72' lang='lat' dir='ltr'><strong>eximius.</strong></span> <span class='ocrx_word' id='word_1_235' title='bbox 1333 2190 1642 2260; x_wconf 81' lang='lat' dir='ltr'><strong>Aliquando</strong></span> <span class='ocrx_word' id='word_1_236' title='bbox 1668 2202 1849 2247; x_wconf 91' lang='lat' dir='ltr'><strong>autem</strong></span> <span class='ocrx_word' id='word_1_237' title='bbox 1888 2204 1987 2246; x_wconf 88' lang='lat' dir='ltr'><strong>ac-</strong></span> 
     </span>
    </p>
   </div>
   <div class='ocr_carea' id='block_1_37' title="bbox 399 2283 1984 2350">
    <p class='ocr_par' dir='ltr' id='par_1_37' title="bbox 399 2283 1984 2350">
     <span class='ocr_line' id='line_1_37' title="bbox 399 2283 1984 2350; baseline 0.001 -15"><span class='ocrx_word' id='word_1_238' title='bbox 399 2285 534 2340; x_wconf 81' lang='lat' dir='ltr'><strong>cidit</strong></span> <span class='ocrx_word' id='word_1_239' title='bbox 566 2283 643 2338; x_wconf 90' lang='lat' dir='ltr'><strong>illi</strong></span> <span class='ocrx_word' id='word_1_240' title='bbox 676 2284 914 2338; x_wconf 85' lang='lat' dir='ltr'><strong>lavatum</strong></span> <span class='ocrx_word' id='word_1_241' title='bbox 945 2284 1119 2348; x_wconf 87' lang='lat' dir='ltr'><strong>eunti,</strong></span> <span class='ocrx_word' id='word_1_242' title='bbox 1142 2284 1503 2339; x_wconf 24' lang='lat' dir='ltr'><strong>obviamrtieri</strong></span> <span class='ocrx_word' id='word_1_243' title='bbox 1538 2284 1761 2338; x_wconf 91' lang='lat' dir='ltr'><strong>militem</strong></span> <span class='ocrx_word' id='word_1_244' title='bbox 1794 2284 1984 2350; x_wconf 89' lang='lat' dir='ltr'><strong>alium,</strong></span> 
     </span>
    </p>
   </div>
   <div class='ocr_carea' id='block_1_38' title="bbox 399 2376 1985 2446">
    <p class='ocr_par' dir='ltr' id='par_1_38' title="bbox 399 2376 1985 2446">
     <span class='ocr_line' id='line_1_38' title="bbox 399 2376 1985 2446; baseline -0.003 -13"><span class='ocrx_word' id='word_1_245' title='bbox 399 2377 491 2446; x_wconf 85' lang='lat' dir='ltr'><strong>qui</strong></span> <span class='ocrx_word' id='word_1_246' title='bbox 543 2376 733 2431; x_wconf 88' lang='lat' dir='ltr'><strong>morbo</strong></span> <span class='ocrx_word' id='word_1_247' title='bbox 785 2376 1043 2431; x_wconf 88' lang='lat' dir='ltr'><strong>comitiali</strong></span> <span class='ocrx_word' id='word_1_248' title='bbox 1095 2377 1416 2440; x_wconf 81' lang='lat' dir='ltr'><strong>laborabat,</strong></span> <span class='ocrx_word' id='word_1_249' title='bbox 1448 2391 1479 2431; x_wconf 91' lang='lat' dir='ltr'><strong>e</strong></span> <span class='ocrx_word' id='word_1_250' title='bbox 1519 2376 1727 2431; x_wconf 83' lang='lat' dir='ltr'><strong>balucis</strong></span> <span class='ocrx_word' id='word_1_251' title='bbox 1772 2390 1985 2432; x_wconf 82' lang='lat' dir='ltr'><strong>exeun-</strong></span> 
     </span>
    </p>
   </div>
   <div class='ocr_carea' id='block_1_39' title="bbox 417 2465 1990 2536">
    <p class='ocr_par' dir='ltr' id='par_1_39' title="bbox 417 2465 1990 2536">
     <span class='ocr_line' id='line_1_39' title="bbox 417 2465 1990 2536; baseline 0.001 -15"><span class='ocrx_word' id='word_1_252' title='bbox 417 2477 547 2521; x_wconf 85' lang='lat' dir='ltr'><strong>tem.</strong></span> <span class='ocrx_word' id='word_1_253' title='bbox 584 2466 944 2522; x_wconf 84' lang='lat' dir='ltr'><strong>Abominatus</strong></span> <span class='ocrx_word' id='word_1_254' title='bbox 976 2465 1068 2520; x_wconf 93' lang='lat' dir='ltr'><strong>ille</strong></span> <span class='ocrx_word' id='word_1_255' title='bbox 1096 2465 1380 2520; x_wconf 89' lang='lat' dir='ltr'><strong>hominem</strong></span> <span class='ocrx_word' id='word_1_256' title='bbox 1407 2467 1751 2536; x_wconf 82' lang='lat' dir='ltr'><strong>gravissime,</strong></span> <span class='ocrx_word' id='word_1_257' title='bbox 1811 2468 1990 2524; x_wconf 84' lang='lat' dir='ltr'><strong>inter-</strong></span> 
     </span>
    </p>
   </div>
   <div class='ocr_carea' id='block_1_40' title="bbox 413 2557 1991 2627">
    <p class='ocr_par' dir='ltr' id='par_1_40' title="bbox 413 2557 1991 2627">
     <span class='ocr_line' id='line_1_40' title="bbox 413 2557 1991 2627; baseline 0.003 -14"><span class='ocrx_word' id='word_1_258' title='bbox 413 2558 565 2619; x_wconf 88' lang='lat' dir='ltr'><strong>dicit,</strong></span> <span class='ocrx_word' id='word_1_259' title='bbox 594 2574 663 2614; x_wconf 89' lang='lat' dir='ltr'><strong>ne</strong></span> <span class='ocrx_word' id='word_1_260' title='bbox 692 2559 886 2615; x_wconf 88' lang='lat' dir='ltr'><strong>eodem</strong></span> <span class='ocrx_word' id='word_1_261' title='bbox 917 2557 1181 2627; x_wconf 86' lang='lat' dir='ltr'><strong>deinceps</strong></span> <span class='ocrx_word' id='word_1_262' title='bbox 1210 2573 1396 2613; x_wconf 84' lang='lat' dir='ltr'><strong>secum</strong></span> <span class='ocrx_word' id='word_1_263' title='bbox 1423 2558 1618 2614; x_wconf 89' lang='lat' dir='ltr'><strong>balneo</strong></span> <span class='ocrx_word' id='word_1_264' title='bbox 1659 2569 1863 2626; x_wconf 89' lang='lat' dir='ltr'><strong>utatur,</strong></span> <span class='ocrx_word' id='word_1_265' title='bbox 1893 2568 1991 2617; x_wconf 70' lang='lat' dir='ltr'><strong>aut</strong></span> 
     </span>
    </p>
   </div>
   <div class='ocr_carea' id='block_1_41' title="bbox 414 2651 1988 2722">
    <p class='ocr_par' dir='ltr' id='par_1_41' title="bbox 414 2651 1988 2722">
     <span class='ocr_line' id='line_1_41' title="bbox 414 2651 1988 2722; baseline 0.001 -16"><span class='ocrx_word' id='word_1_266' title='bbox 414 2651 639 2707; x_wconf 90' lang='lat' dir='ltr'><strong>omnino</strong></span> <span class='ocrx_word' id='word_1_267' title='bbox 669 2666 857 2707; x_wconf 88' lang='lat' dir='ltr'><strong>secum</strong></span> <span class='ocrx_word' id='word_1_268' title='bbox 902 2651 1293 2722; x_wconf 89' lang='lat' dir='ltr'><strong>congrediatur</strong></span> <span class='ocrx_word' id='word_1_269' title='bbox 1328 2652 1564 2721; x_wconf 81' lang='lat' dir='ltr'><strong>uspiam.</strong></span> <span class='ocrx_word' id='word_1_270' title='bbox 1611 2651 1881 2722; x_wconf 80' lang='lat' dir='ltr'><strong>Ingemuit</strong></span> <span class='ocrx_word' id='word_1_271' title='bbox 1918 2652 1988 2708; x_wconf 90' lang='lat' dir='ltr'><strong>ad</strong></span> 
     </span>
    </p>
   </div>
   <div class='ocr_carea' id='block_1_42' title="bbox 412 2741 1988 2800">
    <p class='ocr_par' dir='ltr' id='par_1_42' title="bbox 412 2741 1988 2800">
     <span class='ocr_line' id='line_1_42' title="bbox 412 2741 1988 2800; baseline 0.002 -3"><span class='ocrx_word' id='word_1_272' title='bbox 412 2743 532 2798; x_wconf 63' lang='lat' dir='ltr'><strong>haec</strong></span> <span class='ocrx_word' id='word_1_273' title='bbox 554 2742 720 2797; x_wconf 89' lang='lat' dir='ltr'><strong>miser</strong></span> <span class='ocrx_word' id='word_1_274' title='bbox 754 2744 808 2796; x_wconf 90' lang='lat' dir='ltr'><strong>in</strong></span> <span class='ocrx_word' id='word_1_275' title='bbox 831 2741 1203 2797; x_wconf 89' lang='lat' dir='ltr'><strong>amaritudine</strong></span> <span class='ocrx_word' id='word_1_276' title='bbox 1241 2742 1425 2797; x_wconf 86' lang='lat' dir='ltr'><strong>cordis</strong></span> <span class='ocrx_word' id='word_1_277' title='bbox 1448 2743 1534 2799; x_wconf 89' lang='lat' dir='ltr'><strong>sui</strong></span> <span class='ocrx_word' id='word_1_278' title='bbox 1560 2762 1573 2798; x_wconf 89' lang='lat'><strong>:</strong></span> <span class='ocrx_word' id='word_1_279' title='bbox 1608 2745 1838 2799; x_wconf 88' lang='lat' dir='ltr'><strong>morbus</strong></span> <span class='ocrx_word' id='word_1_280' title='bbox 1855 2759 1988 2800; x_wconf 89' lang='lat' dir='ltr'><strong>vero</strong></span> 
     </span>
    </p>
   </div>
   <div class='ocr_carea' id='block_1_43' title="bbox 404 2834 1988 2905">
    <p class='ocr_par' dir='ltr' id='par_1_43' title="bbox 404 2834 1988 2905">
     <span class='ocr_line' id='line_1_43' title="bbox 404 2834 1988 2905; baseline 0.001 -16"><span class='ocrx_word' id='word_1_281' title='bbox 404 2835 531 2905; x_wconf 78' lang='lat' dir='ltr'><strong>ejus</strong></span> <span class='ocrx_word' id='word_1_282' title='bbox 568 2834 753 2904; x_wconf 91' lang='lat' dir='ltr'><strong>(quam</strong></span> <span class='ocrx_word' id='word_1_283' title='bbox 775 2834 1364 2902; x_wconf 88' lang='lat' dir='ltr'><strong>incomprehensibilia</strong></span> <span class='ocrx_word' id='word_1_284' title='bbox 1388 2835 1675 2904; x_wconf 70' lang='lat' dir='ltr'><strong>sapientize</strong></span> <span class='ocrx_word' id='word_1_285' title='bbox 1701 2845 1808 2890; x_wconf 73' lang='lat' dir='ltr'><strong>tua:</strong></span> <span class='ocrx_word' id='word_1_286' title='bbox 1838 2836 1988 2905; x_wconf 85' lang='lat' dir='ltr'><strong>judi-</strong></span> 
     </span>
    </p>
   </div>
   <div class='ocr_carea' id='block_1_44' title="bbox 400 2925 1987 2995">
    <p class='ocr_par' dir='ltr' id='par_1_44' title="bbox 400 2925 1987 2995">
     <span class='ocr_line' id='line_1_44' title="bbox 400 2925 1987 2995; baseline 0.001 -14"><span class='ocrx_word' id='word_1_287' title='bbox 400 2926 517 2989; x_wconf 68' lang='lat' dir='ltr'><strong>cia,</strong></span> <span class='ocrx_word' id='word_1_288' title='bbox 548 2926 833 2995; x_wconf 88' lang='lat' dir='ltr'><strong>Domine!)</strong></span> <span class='ocrx_word' id='word_1_289' title='bbox 876 2926 1028 2981; x_wconf 90' lang='lat' dir='ltr'><strong>dicto</strong></span> <span class='ocrx_word' id='word_1_290' title='bbox 1057 2925 1221 2981; x_wconf 86' lang='lat' dir='ltr'><strong>citius</strong></span> <span class='ocrx_word' id='word_1_291' title='bbox 1252 2926 1308 2979; x_wconf 91' lang='lat' dir='ltr'><strong>in</strong></span> <span class='ocrx_word' id='word_1_292' title='bbox 1353 2927 1585 2980; x_wconf 90' lang='lat' dir='ltr'><strong>alterum</strong></span> <span class='ocrx_word' id='word_1_293' title='bbox 1618 2928 1858 2982; x_wconf 82' lang='lat' dir='ltr'><strong>transiit.</strong></span> <span class='ocrx_word' id='word_1_294' title='bbox 1895 2929 1987 2983; x_wconf 93' lang='lat' dir='ltr'><strong>ln-</strong></span> 
     </span>
    </p>
   </div>
   <div class='ocr_carea' id='block_1_45' title="bbox 397 3018 1988 3089">
    <p class='ocr_par' dir='ltr' id='par_1_45' title="bbox 397 3018 1988 3089">
     <span class='ocr_line' id='line_1_45' title="bbox 397 3018 1988 3089; baseline 0.002 -18"><span class='ocrx_word' id='word_1_295' title='bbox 397 3026 727 3073; x_wconf 61' lang='lat' dir='ltr'><strong>iumescunt</strong></span> <span class='ocrx_word' id='word_1_296' title='bbox 755 3018 1090 3089; x_wconf 79' lang='lat' dir='ltr'><strong>igiturintra</strong></span> <span class='ocrx_word' id='word_1_297' title='bbox 1120 3018 1367 3073; x_wconf 89' lang='lat' dir='ltr'><strong>triduum</strong></span> <span class='ocrx_word' id='word_1_298' title='bbox 1397 3018 1477 3074; x_wconf 92' lang='lat' dir='ltr'><strong>illi</strong></span> <span class='ocrx_word' id='word_1_299' title='bbox 1514 3034 1710 3075; x_wconf 88' lang='lat' dir='ltr'><strong>carnes</strong></span> <span class='ocrx_word' id='word_1_300' title='bbox 1764 3027 1821 3074; x_wconf 85' lang='lat' dir='ltr'><strong>ct</strong></span> <span class='ocrx_word' id='word_1_301' title='bbox 1878 3018 1988 3074; x_wconf 88' lang='lat' dir='ltr'><strong>dif-</strong></span> 
     </span>
    </p>
   </div>
   <div class='ocr_carea' id='block_1_46' title="bbox 400 3107 1988 3180">
    <p class='ocr_par' dir='ltr' id='par_1_46' title="bbox 400 3107 1988 3180">
     <span class='ocr_line' id='line_1_46' title="bbox 400 3107 1988 3180; baseline 0.003 -19"><span class='ocrx_word' id='word_1_302' title='bbox 400 3107 608 3167; x_wconf 76' lang='lat' dir='ltr'><strong>ﬂuunt,</strong></span> <span class='ocrx_word' id='word_1_303' title='bbox 637 3108 1179 3169; x_wconf 64' lang='lat' dir='ltr'><strong>immutaturforma.</strong></span> <span class='ocrx_word' id='word_1_304' title='bbox 1211 3118 1453 3165; x_wconf 90' lang='lat' dir='ltr'><strong>arctatur</strong></span> <span class='ocrx_word' id='word_1_305' title='bbox 1487 3111 1748 3180; x_wconf 89' lang='lat' dir='ltr'><strong>spiritus;</strong></span> <span class='ocrx_word' id='word_1_306' title='bbox 1811 3109 1988 3180; x_wconf 81' lang='lat' dir='ltr'><strong>ﬁtque</strong></span> 
     </span>
    </p>
   </div>
   <div class='ocr_carea' id='block_1_47' title="bbox 402 3199 1988 3275">
    <p class='ocr_par' dir='ltr' id='par_1_47' title="bbox 402 3199 1988 3275">
     <span class='ocr_line' id='line_1_47' title="bbox 402 3199 1988 3275; baseline 0.003 -21"><span class='ocrx_word' id='word_1_307' title='bbox 402 3199 678 3256; x_wconf 69' lang='lat' dir='ltr'><strong>habitudo</strong></span> <span class='ocrx_word' id='word_1_308' title='bbox 726 3201 999 3257; x_wconf 83' lang='lat' dir='ltr'><strong>contraria</strong></span> <span class='ocrx_word' id='word_1_309' title='bbox 1065 3203 1234 3258; x_wconf 89' lang='lat' dir='ltr'><strong>totius</strong></span> <span class='ocrx_word' id='word_1_310' title='bbox 1270 3203 1543 3272; x_wconf 88' lang='lat' dir='ltr'><strong>corporis,</strong></span> <span class='ocrx_word' id='word_1_311' title='bbox 1604 3205 1803 3275; x_wconf 78' lang='lat' dir='ltr'><strong>exiguo</strong></span> <span class='ocrx_word' id='word_1_312' title='bbox 1845 3211 1988 3258; x_wconf 87' lang='lat' dir='ltr'><strong>tem-</strong></span> 
     </span>
    </p>
   </div>
   <div class='ocr_carea' id='block_1_48' title="bbox 412 3294 1991 3364">
    <p class='ocr_par' dir='ltr' id='par_1_48' title="bbox 412 3294 1991 3364">
     <span class='ocr_line' id='line_1_48' title="bbox 412 3294 1991 3364; baseline 0.003 -17"><span class='ocrx_word' id='word_1_313' title='bbox 412 3308 547 3364; x_wconf 88' lang='lat' dir='ltr'><strong>pore</strong></span> <span class='ocrx_word' id='word_1_314' title='bbox 582 3295 739 3363; x_wconf 88' lang='lat' dir='ltr'><strong>quasi</strong></span> <span class='ocrx_word' id='word_1_315' title='bbox 771 3294 826 3348; x_wconf 91' lang='lat' dir='ltr'><strong>in</strong></span> <span class='ocrx_word' id='word_1_316' title='bbox 853 3294 1202 3364; x_wconf 88' lang='lat' dir='ltr'><strong>putredinem</strong></span> <span class='ocrx_word' id='word_1_317' title='bbox 1238 3295 1407 3350; x_wconf 88' lang='lat' dir='ltr'><strong>versi.</strong></span> <span class='ocrx_word' id='word_1_318' title='bbox 1433 3294 1769 3351; x_wconf 82' lang='lat' dir='ltr'><strong>Medicorum</strong></span> <span class='ocrx_word' id='word_1_319' title='bbox 1795 3312 1991 3352; x_wconf 89' lang='lat' dir='ltr'><strong>manus</strong></span> 
     </span>
    </p>
   </div>
   <div class='ocr_carea' id='block_1_49' title="bbox 408 3386 1990 3456">
    <p class='ocr_par' dir='ltr' id='par_1_49' title="bbox 408 3386 1990 3456">
     <span class='ocr_line' id='line_1_49' title="bbox 408 3386 1990 3456; baseline 0.002 -14"><span class='ocrx_word' id='word_1_320' title='bbox 408 3394 468 3442; x_wconf 86' lang='lat' dir='ltr'><strong>et</strong></span> <span class='ocrx_word' id='word_1_321' title='bbox 490 3394 638 3441; x_wconf 89' lang='lat' dir='ltr'><strong>artes</strong></span> <span class='ocrx_word' id='word_1_322' title='bbox 668 3388 781 3456; x_wconf 73' lang='lat' dir='ltr'><strong>jam</strong></span> <span class='ocrx_word' id='word_1_323' title='bbox 807 3386 1106 3455; x_wconf 85' lang='lat' dir='ltr'><strong>stupebant</strong></span> <span class='ocrx_word' id='word_1_324' title='bbox 1146 3386 1411 3448; x_wconf 71' lang='lat' dir='ltr'><strong>defessae;</strong></span> <span class='ocrx_word' id='word_1_325' title='bbox 1473 3404 1601 3444; x_wconf 91' lang='lat' dir='ltr'><strong>cum</strong></span> <span class='ocrx_word' id='word_1_326' title='bbox 1661 3388 1875 3443; x_wconf 85' lang='lat' dir='ltr'><strong>homini</strong></span> <span class='ocrx_word' id='word_1_327' title='bbox 1908 3389 1990 3445; x_wconf 89' lang='lat' dir='ltr'><strong>sic</strong></span> 
     </span>
    </p>
   </div>
   <div class='ocr_carea' id='block_1_50' title="bbox 396 3475 1988 3548">
    <p class='ocr_par' dir='ltr' id='par_1_50' title="bbox 396 3475 1988 3548">
     <span class='ocr_line' id='line_1_50' title="bbox 396 3475 1988 3548; baseline 0.003 -17"><span class='ocrx_word' id='word_1_328' title='bbox 396 3476 679 3532; x_wconf 73' lang='lat' dir='ltr'><strong>destituto</strong></span> <span class='ocrx_word' id='word_1_329' title='bbox 732 3475 1044 3547; x_wconf 89' lang='lat' dir='ltr'><strong>desperatio</strong></span> <span class='ocrx_word' id='word_1_330' title='bbox 1087 3478 1200 3548; x_wconf 89' lang='lat' dir='ltr'><strong>ipsa</strong></span> <span class='ocrx_word' id='word_1_331' title='bbox 1243 3479 1496 3534; x_wconf 89' lang='lat' dir='ltr'><strong>sanitatis</strong></span> <span class='ocrx_word' id='word_1_332' title='bbox 1548 3480 1621 3535; x_wconf 87' lang='lat' dir='ltr'><strong>ab</strong></span> <span class='ocrx_word' id='word_1_333' title='bbox 1666 3480 1988 3537; x_wconf 90' lang='lat' dir='ltr'><strong>hominibus</strong></span> 
     </span>
    </p>
   </div>
   <div class='ocr_carea' id='block_1_51' title="bbox 399 3568 1988 3639">
    <p class='ocr_par' dir='ltr' id='par_1_51' title="bbox 399 3568 1988 3639">
     <span class='ocr_line' id='line_1_51' title="bbox 399 3568 1988 3639; baseline 0.004 -16"><span class='ocrx_word' id='word_1_334' title='bbox 399 3568 832 3639; x_wconf 68' lang='lat' dir='ltr'><strong>aconscqueudm,</strong></span> <span class='ocrx_word' id='word_1_335' title='bbox 865 3569 1193 3625; x_wconf 83' lang='lat' dir='ltr'><strong>mirabiliter</strong></span> <span class='ocrx_word' id='word_1_336' title='bbox 1230 3570 1339 3625; x_wconf 80' lang='lat' dir='ltr'><strong>dux</strong></span> <span class='ocrx_word' id='word_1_337' title='bbox 1374 3571 1431 3626; x_wconf 86' lang='lat' dir='ltr'><strong>fit</strong></span> <span class='ocrx_word' id='word_1_338' title='bbox 1461 3571 1530 3627; x_wconf 90' lang='lat' dir='ltr'><strong>ad</strong></span> <span class='ocrx_word' id='word_1_339' title='bbox 1584 3573 1851 3628; x_wconf 82' lang='lat' dir='ltr'><strong>salutem:</strong></span> <span class='ocrx_word' id='word_1_340' title='bbox 1891 3588 1988 3629; x_wconf 85' lang='lat' dir='ltr'><strong>co-</strong></span> 
     </span>
    </p>
   </div>
   <div class='ocr_carea' id='block_1_52' title="bbox 406 3660 1986 3735">
    <p class='ocr_par' dir='ltr' id='par_1_52' title="bbox 406 3660 1986 3735">
     <span class='ocr_line' id='line_1_52' title="bbox 406 3660 1986 3735; baseline 0.004 -20"><span class='ocrx_word' id='word_1_341' title='bbox 406 3675 679 3731; x_wconf 83' lang='lat' dir='ltr'><strong>gnoscens</strong></span> <span class='ocrx_word' id='word_1_342' title='bbox 706 3660 855 3716; x_wconf 89' lang='lat' dir='ltr'><strong>enim</strong></span> <span class='ocrx_word' id='word_1_343' title='bbox 884 3661 1138 3734; x_wconf 84' lang='lat' dir='ltr'><strong>castigari</strong></span> <span class='ocrx_word' id='word_1_344' title='bbox 1172 3677 1233 3718; x_wconf 86' lang='lat' dir='ltr'><strong>se</strong></span> <span class='ocrx_word' id='word_1_345' title='bbox 1261 3678 1294 3717; x_wconf 91' lang='lat' dir='ltr'><strong>a</strong></span> <span class='ocrx_word' id='word_1_346' title='bbox 1345 3663 1458 3718; x_wconf 91' lang='lat' dir='ltr'><strong>Deo</strong></span> <span class='ocrx_word' id='word_1_347' title='bbox 1493 3676 1719 3735; x_wconf 89' lang='lat' dir='ltr'><strong>propter</strong></span> <span class='ocrx_word' id='word_1_348' title='bbox 1780 3665 1986 3723; x_wconf 89' lang='lat' dir='ltr'><strong>illatam</strong></span> 
     </span>
    </p>
   </div>
   <div class='ocr_carea' id='block_1_53' title="bbox 398 3751 1984 3828">
    <p class='ocr_par' dir='ltr' id='par_1_53' title="bbox 398 3751 1984 3828">
     <span class='ocr_line' id='line_1_53' title="bbox 398 3751 1984 3828; baseline 0.006 -23"><span class='ocrx_word' id='word_1_349' title='bbox 398 3751 657 3823; x_wconf 70' lang='lat' dir='ltr'><strong>proximo</strong></span> <span class='ocrx_word' id='word_1_350' title='bbox 682 3768 782 3808; x_wconf 90' lang='lat' dir='ltr'><strong>suo</strong></span> <span class='ocrx_word' id='word_1_351' title='bbox 810 3754 1238 3821; x_wconf 88' lang='lat' dir='ltr'><strong>contumeliam,</strong></span> <span class='ocrx_word' id='word_1_352' title='bbox 1267 3754 1335 3809; x_wconf 89' lang='lat' dir='ltr'><strong>ad</strong></span> <span class='ocrx_word' id='word_1_353' title='bbox 1364 3755 1520 3809; x_wconf 91' lang='lat' dir='ltr'><strong>illum</strong></span> <span class='ocrx_word' id='word_1_354' title='bbox 1541 3756 1836 3828; x_wconf 79' lang='lat' dir='ltr'><strong>confugere</strong></span> <span class='ocrx_word' id='word_1_355' title='bbox 1885 3759 1984 3814; x_wconf 86' lang='lat' dir='ltr'><strong>de-</strong></span> 
     </span>
    </p>
   </div>
   <div class='ocr_carea' id='block_1_54' title="bbox 413 3844 1985 3919">
    <p class='ocr_par' dir='ltr' id='par_1_54' title="bbox 413 3844 1985 3919">
     <span class='ocr_line' id='line_1_54' title="bbox 413 3844 1985 3919; baseline 0.004 -21"><span class='ocrx_word' id='word_1_356' title='bbox 413 3844 611 3910; x_wconf 84' lang='lat' dir='ltr'><strong>cernit,</strong></span> <span class='ocrx_word' id='word_1_357' title='bbox 637 3859 667 3898; x_wconf 88' lang='lat' dir='ltr'><strong>a</strong></span> <span class='ocrx_word' id='word_1_358' title='bbox 700 3859 810 3915; x_wconf 90' lang='lat' dir='ltr'><strong>quo</strong></span> <span class='ocrx_word' id='word_1_359' title='bbox 836 3846 1176 3915; x_wconf 87' lang='lat' dir='ltr'><strong>vapulabat:</strong></span> <span class='ocrx_word' id='word_1_360' title='bbox 1225 3847 1512 3916; x_wconf 86' lang='lat' dir='ltr'><strong>soliusque</strong></span> <span class='ocrx_word' id='word_1_361' title='bbox 1533 3862 1655 3903; x_wconf 87' lang='lat' dir='ltr'><strong>esse</strong></span> <span class='ocrx_word' id='word_1_362' title='bbox 1688 3848 1806 3914; x_wconf 91' lang='lat' dir='ltr'><strong>Dei,</strong></span> <span class='ocrx_word' id='word_1_363' title='bbox 1837 3849 1985 3919; x_wconf 76' lang='lat' dir='ltr'><strong>quod</strong></span> 
     </span>
    </p>
   </div>
   <div class='ocr_carea' id='block_1_55' title="bbox 393 3933 1984 4007">
    <p class='ocr_par' dir='ltr' id='par_1_55' title="bbox 393 3933 1984 4007">
     <span class='ocr_line' id='line_1_55' title="bbox 393 3933 1984 4007; baseline 0.005 -20"><span class='ocrx_word' id='word_1_364' title='bbox 393 3935 714 3991; x_wconf 63' lang='lat' dir='ltr'><strong>immiserat</strong></span> <span class='ocrx_word' id='word_1_365' title='bbox 737 3933 1032 4007; x_wconf 83' lang='lat' dir='ltr'><strong>ﬂagellum,</strong></span> <span class='ocrx_word' id='word_1_366' title='bbox 1055 3952 1369 3993; x_wconf 88' lang='lat' dir='ltr'><strong>removere.</strong></span> <span class='ocrx_word' id='word_1_367' title='bbox 1399 3938 1493 3994; x_wconf 89' lang='lat' dir='ltr'><strong>Sic</strong></span> <span class='ocrx_word' id='word_1_368' title='bbox 1520 3940 1765 3995; x_wconf 88' lang='lat' dir='ltr'><strong>animato</strong></span> <span class='ocrx_word' id='word_1_369' title='bbox 1807 3941 1984 3997; x_wconf 86' lang='lat' dir='ltr'><strong>astitit</strong></span> 
     </span>
    </p>
   </div>
   <div class='ocr_carea' id='block_1_56' title="bbox 407 4026 1987 4100">
    <p class='ocr_par' dir='ltr' id='par_1_56' title="bbox 407 4026 1987 4100">
     <span class='ocr_line' id='line_1_56' title="bbox 407 4026 1987 4100; baseline 0.003 -19"><span class='ocrx_word' id='word_1_370' title='bbox 407 4026 627 4098; x_wconf 87' lang='lat' dir='ltr'><strong>aliquis,</strong></span> <span class='ocrx_word' id='word_1_371' title='bbox 656 4026 858 4082; x_wconf 85' lang='lat' dir='ltr'><strong>divina</strong></span> <span class='ocrx_word' id='word_1_372' title='bbox 885 4027 1041 4098; x_wconf 87' lang='lat' dir='ltr'><strong>quasi</strong></span> <span class='ocrx_word' id='word_1_373' title='bbox 1082 4027 1358 4099; x_wconf 75' lang='lat' dir='ltr'><strong>legatione</strong></span> <span class='ocrx_word' id='word_1_374' title='bbox 1388 4029 1611 4095; x_wconf 84' lang='lat' dir='ltr'><strong>missus,</strong></span> <span class='ocrx_word' id='word_1_375' title='bbox 1647 4029 1744 4100; x_wconf 90' lang='lat' dir='ltr'><strong>qui</strong></span> <span class='ocrx_word' id='word_1_376' title='bbox 1773 4029 1987 4086; x_wconf 88' lang='lat' dir='ltr'><strong>:Tran-</strong></span> 
     </span>
    </p>
   </div>
   <div class='ocr_carea' id='block_1_57' title="bbox 408 4118 1983 4189">
    <p class='ocr_par' dir='ltr' id='par_1_57' title="bbox 408 4118 1983 4189">
     <span class='ocr_line' id='line_1_57' title="bbox 408 4118 1983 4189; baseline 0.003 -16"><span class='ocrx_word' id='word_1_377' title='bbox 408 4118 715 4189; x_wconf 70' lang='lat' dir='ltr'><strong>si,;inquit,</strong></span> <span class='ocrx_word' id='word_1_378' title='bbox 747 4119 805 4175; x_wconf 91' lang='lat' dir='ltr'><strong>in</strong></span> <span class='ocrx_word' id='word_1_379' title='bbox 825 4127 1067 4175; x_wconf 89' lang='lat' dir='ltr'><strong>montem</strong></span> <span class='ocrx_word' id='word_1_380' title='bbox 1093 4118 1402 4176; x_wconf 82' lang='lat' dir='ltr'><strong>Mirabilem</strong></span> <span class='ocrx_word' id='word_1_381' title='bbox 1458 4120 1527 4176; x_wconf 91' lang='lat' dir='ltr'><strong>ad</strong></span> <span class='ocrx_word' id='word_1_382' title='bbox 1570 4120 1839 4176; x_wconf 88' lang='lat' dir='ltr'><strong>famulum</strong></span> <span class='ocrx_word' id='word_1_383' title='bbox 1885 4122 1983 4179; x_wconf 85' lang='lat' dir='ltr'><strong>Dei</strong></span> 
     </span>
    </p>
   </div>
   <div class='ocr_carea' id='block_1_58' title="bbox 408 4210 1984 4283">
    <p class='ocr_par' dir='ltr' id='par_1_58' title="bbox 408 4210 1984 4283">
     <span class='ocr_line' id='line_1_58' title="bbox 408 4210 1984 4283; baseline 0.004 -16"><span class='ocrx_word' id='word_1_384' title='bbox 408 4210 733 4283; x_wconf 76' lang='lat' dir='ltr'><strong>Symeonem</strong></span> <span class='ocrx_word' id='word_1_385' title='bbox 759 4212 899 4267; x_wconf 76' lang='lat' dir='ltr'><strong>:ille</strong></span> <span class='ocrx_word' id='word_1_386' title='bbox 923 4212 1212 4268; x_wconf 85' lang='lat' dir='ltr'><strong>doloribus</strong></span> <span class='ocrx_word' id='word_1_387' title='bbox 1243 4214 1353 4269; x_wconf 91' lang='lat' dir='ltr'><strong>tuis</strong></span> <span class='ocrx_word' id='word_1_388' title='bbox 1367 4213 1715 4270; x_wconf 76' lang='lat' dir='ltr'><strong>medebitur.</strong></span> <span class='ocrx_word' id='word_1_389' title='bbox 1756 4215 1984 4273; x_wconf 90' lang='lat' dir='ltr'><strong>Talibus</strong></span> 
     </span>
    </p>
   </div>
   <div class='ocr_carea' id='block_1_59' title="bbox 2087 2007 3670 2086">
    <p class='ocr_par' dir='ltr' id='par_1_59' title="bbox 2087 2007 3670 2086">
     <span class='ocr_line' id='line_1_59' title="bbox 2087 2007 3670 2086; baseline 0.005 -23"><span class='ocrx_word' id='word_1_390' title='bbox 2087 2011 2199 2064; x_wconf 87' lang='grc' dir='ltr'><strong>τῶν</strong></span> <span class='ocrx_word' id='word_1_391' title='bbox 2249 2010 2736 2083; x_wconf 78' lang='grc' dir='ltr'><strong>Ἐπευφρατιδίων)</strong></span> <span class='ocrx_word' id='word_1_392' title='bbox 2765 2007 2825 2066; x_wconf 81' lang='grc' dir='ltr'><strong>εὖ</strong></span> <span class='ocrx_word' id='word_1_393' title='bbox 2868 2013 2966 2082; x_wconf 82' lang='grc' dir='ltr'><strong>μὲν</strong></span> <span class='ocrx_word' id='word_1_394' title='bbox 3006 2013 3259 2082; x_wconf 76' lang='grc' dir='ltr'><strong>νεότητός</strong></span> <span class='ocrx_word' id='word_1_395' title='bbox 3307 2032 3367 2068; x_wconf 88' lang='grc' dir='ltr'><strong>τε</strong></span> <span class='ocrx_word' id='word_1_396' title='bbox 3411 2017 3505 2069; x_wconf 77' lang='grc' dir='ltr'><strong>καὶ</strong></span> <span class='ocrx_word' id='word_1_397' title='bbox 3547 2015 3670 2086; x_wconf 76' lang='grc' dir='ltr'><strong>ἡλι-</strong></span> 
     </span>
    </p>
   </div>
   <div class='ocr_carea' id='block_1_60' title="bbox 2089 2099 3677 2176">
    <p class='ocr_par' dir='ltr' id='par_1_60' title="bbox 2089 2099 3677 2176">
     <span class='ocr_line' id='line_1_60' title="bbox 2089 2099 3677 2176; baseline 0.006 -24"><span class='ocrx_word' id='word_1_398' title='bbox 2089 2100 2234 2163; x_wconf 84' lang='grc' dir='ltr'><strong>κίας,</strong></span> <span class='ocrx_word' id='word_1_399' title='bbox 2265 2099 2325 2153; x_wconf 75' lang='grc' dir='ltr'><strong>εὖ</strong></span> <span class='ocrx_word' id='word_1_400' title='bbox 2360 2102 2416 2155; x_wconf 77' lang='grc' dir='ltr'><strong>δὲ</strong></span> <span class='ocrx_word' id='word_1_401' title='bbox 2449 2102 2548 2171; x_wconf 82' lang='grc' dir='ltr'><strong>τῆς</strong></span> <span class='ocrx_word' id='word_1_402' title='bbox 2576 2103 2714 2156; x_wconf 85' lang='grc' dir='ltr'><strong>κατὰ</strong></span> <span class='ocrx_word' id='word_1_403' title='bbox 2741 2103 2977 2173; x_wconf 84' lang='grc' dir='ltr'><strong>πόλεμον</strong></span> <span class='ocrx_word' id='word_1_404' title='bbox 3004 2105 3228 2175; x_wconf 82' lang='grc' dir='ltr'><strong>ἀρετῆς.</strong></span> <span class='ocrx_word' id='word_1_405' title='bbox 3258 2106 3353 2160; x_wconf 75' lang='grc' dir='ltr'><strong>καὶ</strong></span> <span class='ocrx_word' id='word_1_406' title='bbox 3380 2107 3509 2176; x_wconf 76' lang='grc' dir='ltr'><strong>περὶ</strong></span> <span class='ocrx_word' id='word_1_407' title='bbox 3534 2107 3677 2162; x_wconf 82' lang='grc' dir='ltr'><strong>πάν-</strong></span> 
     </span>
    </p>
   </div>
   <div class='ocr_carea' id='block_1_61' title="bbox 2087 2190 3662 2269">
    <p class='ocr_par' dir='ltr' id='par_1_61' title="bbox 2087 2190 3662 2269">
     <span class='ocr_line' id='line_1_61' title="bbox 2087 2190 3662 2269; baseline 0.006 -26"><span class='ocrx_word' id='word_1_408' title='bbox 2087 2206 2155 2243; x_wconf 91' lang='grc' dir='ltr'><strong>τα</strong></span> <span class='ocrx_word' id='word_1_409' title='bbox 2169 2190 2474 2262; x_wconf 78' lang='grc' dir='ltr'><strong>δεξιότητος</strong></span> <span class='ocrx_word' id='word_1_410' title='bbox 2500 2192 2657 2262; x_wconf 84' lang='grc' dir='ltr'><strong>ἔχων.</strong></span> <span class='ocrx_word' id='word_1_411' title='bbox 2688 2193 2825 2246; x_wconf 79' lang='grc' dir='ltr'><strong>Ποτὲ</strong></span> <span class='ocrx_word' id='word_1_412' title='bbox 2848 2193 2979 2262; x_wconf 87' lang='grc' dir='ltr'><strong>γοῦν</strong></span> <span class='ocrx_word' id='word_1_413' title='bbox 3012 2195 3178 2249; x_wconf 83' lang='grc' dir='ltr'><strong>αὐτοῦ</strong></span> <span class='ocrx_word' id='word_1_414' title='bbox 3203 2197 3339 2267; x_wconf 88' lang='grc' dir='ltr'><strong>πρός</strong></span> <span class='ocrx_word' id='word_1_415' title='bbox 3364 2215 3415 2250; x_wconf 85' lang='grc' dir='ltr'><strong>τι</strong></span> <span class='ocrx_word' id='word_1_416' title='bbox 3435 2196 3662 2269; x_wconf 81' lang='grc' dir='ltr'><strong>λουτρὸν</strong></span> 
     </span>
    </p>
   </div>
   <div class='ocr_carea' id='block_1_62' title="bbox 2088 2281 3668 2359">
    <p class='ocr_par' dir='ltr' id='par_1_62' title="bbox 2088 2281 3668 2359">
     <span class='ocr_line' id='line_1_62' title="bbox 2088 2281 3668 2359; baseline 0.004 -24"><span class='ocrx_word' id='word_1_417' title='bbox 2088 2281 2365 2347; x_wconf 79' lang='grc' dir='ltr'><strong>ἀπιόντος,</strong></span> <span class='ocrx_word' id='word_1_418' title='bbox 2404 2283 2602 2355; x_wconf 83' lang='grc' dir='ltr'><strong>συνέϐη</strong></span> <span class='ocrx_word' id='word_1_419' title='bbox 2631 2283 2740 2337; x_wconf 90' lang='grc' dir='ltr'><strong>τῶν</strong></span> <span class='ocrx_word' id='word_1_420' title='bbox 2774 2286 3121 2356; x_wconf 82' lang='grc' dir='ltr'><strong>στρατιωτῶν</strong></span> <span class='ocrx_word' id='word_1_421' title='bbox 3150 2304 3292 2349; x_wconf 91' lang='grc' dir='ltr'><strong>τινα,</strong></span> <span class='ocrx_word' id='word_1_422' title='bbox 3327 2288 3425 2351; x_wconf 76' lang='grc' dir='ltr'><strong>τὰς</strong></span> <span class='ocrx_word' id='word_1_423' title='bbox 3456 2289 3668 2359; x_wconf 83' lang='grc' dir='ltr'>σάρκας</span> 
     </span>
    </p>
   </div>
   <div class='ocr_carea' id='block_1_63' title="bbox 2089 2374 3667 2449">
    <p class='ocr_par' dir='ltr' id='par_1_63' title="bbox 2089 2374 3667 2449">
     <span class='ocr_line' id='line_1_63' title="bbox 2089 2374 3667 2449; baseline 0.006 -21"><span class='ocrx_word' id='word_1_424' title='bbox 2089 2374 2197 2428; x_wconf 80' lang='grc' dir='ltr'><strong>ὑπὸ</strong></span> <span class='ocrx_word' id='word_1_425' title='bbox 2240 2376 2338 2446; x_wconf 85' lang='grc' dir='ltr'><strong>τῆς</strong></span> <span class='ocrx_word' id='word_1_426' title='bbox 2380 2378 2533 2447; x_wconf 75' lang='grc' dir='ltr'><strong>ἱερᾶς</strong></span> <span class='ocrx_word' id='word_1_427' title='bbox 2561 2378 2719 2431; x_wconf 80' lang='grc' dir='ltr'><strong>νόσου</strong></span> <span class='ocrx_word' id='word_1_428' title='bbox 2753 2379 3155 2449; x_wconf 70' lang='grc' dir='ltr'><strong>λελωϐημένον,</strong></span> <span class='ocrx_word' id='word_1_429' title='bbox 3188 2382 3401 2434; x_wconf 81' lang='grc' dir='ltr'><strong>ἐκεῖθεν</strong></span> <span class='ocrx_word' id='word_1_430' title='bbox 3427 2381 3667 2448; x_wconf 79' lang='grc' dir='ltr'><strong>ἐξιόντα,</strong></span> 
     </span>
    </p>
   </div>
   <div class='ocr_carea' id='block_1_64' title="bbox 2089 2466 3670 2541">
    <p class='ocr_par' dir='ltr' id='par_1_64' title="bbox 2089 2466 3670 2541">
     <span class='ocr_line' id='line_1_64' title="bbox 2089 2466 3670 2541; baseline 0.006 -23"><span class='ocrx_word' id='word_1_431' title='bbox 2089 2466 2170 2529; x_wconf 82' lang='grc' dir='ltr'><strong>είς</strong></span> <span class='ocrx_word' id='word_1_432' title='bbox 2226 2467 2555 2538; x_wconf 80' lang='grc' dir='ltr'>συνάντησιν</span> <span class='ocrx_word' id='word_1_433' title='bbox 2613 2469 2763 2539; x_wconf 76' lang='grc' dir='ltr'><strong>αὐτῷ</strong></span> <span class='ocrx_word' id='word_1_434' title='bbox 2811 2470 3171 2541; x_wconf 80' lang='grc' dir='ltr'><strong>καταστῆναι.</strong></span> <span class='ocrx_word' id='word_1_435' title='bbox 3232 2473 3339 2526; x_wconf 90' lang='grc' dir='ltr'><strong>Τοῦ</strong></span> <span class='ocrx_word' id='word_1_436' title='bbox 3380 2472 3437 2527; x_wconf 77' lang='grc' dir='ltr'><strong>δὲ</strong></span> <span class='ocrx_word' id='word_1_437' title='bbox 3477 2474 3670 2539; x_wconf 81' lang='grc' dir='ltr'><strong>δεινῶς</strong></span> 
     </span>
    </p>
   </div>
   <div class='ocr_carea' id='block_1_65' title="bbox 2092 2557 3667 2634">
    <p class='ocr_par' dir='ltr' id='par_1_65' title="bbox 2092 2557 3667 2634">
     <span class='ocr_line' id='line_1_65' title="bbox 2092 2557 3667 2634; baseline 0.007 -25"><span class='ocrx_word' id='word_1_438' title='bbox 2092 2557 2481 2628; x_wconf 68' lang='grc' dir='ltr'><strong>μυσαχθέντος,</strong></span> <span class='ocrx_word' id='word_1_439' title='bbox 2508 2558 2603 2613; x_wconf 75' lang='grc' dir='ltr'><strong>καὶ</strong></span> <span class='ocrx_word' id='word_1_440' title='bbox 2635 2562 2774 2630; x_wconf 83' lang='grc' dir='ltr'><strong>μήτε</strong></span> <span class='ocrx_word' id='word_1_441' title='bbox 2823 2561 3121 2629; x_wconf 79' lang='grc' dir='ltr'>βαλανείων</span> <span class='ocrx_word' id='word_1_442' title='bbox 3144 2563 3295 2634; x_wconf 78' lang='grc' dir='ltr'><strong>αὐτῷ</strong></span> <span class='ocrx_word' id='word_1_443' title='bbox 3324 2564 3416 2617; x_wconf 88' lang='grc' dir='ltr'><strong>τοῦ</strong></span> <span class='ocrx_word' id='word_1_444' title='bbox 3457 2566 3667 2632; x_wconf 85' lang='grc' dir='ltr'><strong>λοιποῦ,</strong></span> 
     </span>
    </p>
   </div>
   <div class='ocr_carea' id='block_1_66' title="bbox 2092 2644 3668 2721">
    <p class='ocr_par' dir='ltr' id='par_1_66' title="bbox 2092 2644 3668 2721">
     <span class='ocr_line' id='line_1_66' title="bbox 2092 2644 3668 2721; baseline 0.008 -25"><span class='ocrx_word' id='word_1_445' title='bbox 2092 2645 2230 2715; x_wconf 85' lang='grc' dir='ltr'><strong>μήτε</strong></span> <span class='ocrx_word' id='word_1_446' title='bbox 2258 2644 2553 2716; x_wconf 87' lang='grc' dir='ltr'><strong>διατριϐῶν</strong></span> <span class='ocrx_word' id='word_1_447' title='bbox 2585 2651 2863 2702; x_wconf 76' lang='grc' dir='ltr'><strong>κοινωνεῖν</strong></span> <span class='ocrx_word' id='word_1_448' title='bbox 2895 2652 3386 2721; x_wconf 83' lang='grc' dir='ltr'><strong>παραγγείλαντος,</strong></span> <span class='ocrx_word' id='word_1_449' title='bbox 3417 2655 3668 2721; x_wconf 68' lang='grc' dir='ltr'><strong>στενόζει</strong></span> 
     </span>
    </p>
   </div>
   <div class='ocr_carea' id='block_1_67' title="bbox 2092 2735 3674 2815">
    <p class='ocr_par' dir='ltr' id='par_1_67' title="bbox 2092 2735 3674 2815">
     <span class='ocr_line' id='line_1_67' title="bbox 2092 2735 3674 2815; baseline 0.009 -28"><span class='ocrx_word' id='word_1_450' title='bbox 2092 2735 2189 2805; x_wconf 79' lang='grc' dir='ltr'><strong>μὲν</strong></span> <span class='ocrx_word' id='word_1_451' title='bbox 2219 2738 2277 2790; x_wconf 84' lang='grc' dir='ltr'>ἐν</span> <span class='ocrx_word' id='word_1_452' title='bbox 2307 2738 2503 2810; x_wconf 83' lang='grc' dir='ltr'><strong>πικρίᾳ</strong></span> <span class='ocrx_word' id='word_1_453' title='bbox 2520 2739 2698 2810; x_wconf 73' lang='grc' dir='ltr'><strong>ψυχῆς</strong></span> <span class='ocrx_word' id='word_1_454' title='bbox 2730 2742 2959 2806; x_wconf 75' lang='grc' dir='ltr'><strong>ἐκεῖνος,</strong></span> <span class='ocrx_word' id='word_1_455' title='bbox 2992 2743 3050 2796; x_wconf 83' lang='grc' dir='ltr'><strong>τὸ</strong></span> <span class='ocrx_word' id='word_1_456' title='bbox 3076 2743 3134 2796; x_wconf 79' lang='grc' dir='ltr'><strong>δὲ</strong></span> <span class='ocrx_word' id='word_1_457' title='bbox 3170 2744 3340 2808; x_wconf 82' lang='grc' dir='ltr'><strong>πάθος</strong></span> <span class='ocrx_word' id='word_1_458' title='bbox 3362 2744 3428 2815; x_wconf 86' lang='grc' dir='ltr'><strong>(ὣ</strong></span> <span class='ocrx_word' id='word_1_459' title='bbox 3442 2747 3550 2799; x_wconf 76' lang='grc' dir='ltr'><strong>τῶν</strong></span> <span class='ocrx_word' id='word_1_460' title='bbox 3575 2750 3674 2801; x_wconf 82' lang='grc' dir='ltr'><strong>άν-</strong></span> 
     </span>
    </p>
   </div>
   <div class='ocr_carea' id='block_1_68' title="bbox 2088 2825 3673 2907">
    <p class='ocr_par' dir='ltr' id='par_1_68' title="bbox 2088 2825 3673 2907">
     <span class='ocr_line' id='line_1_68' title="bbox 2088 2825 3673 2907; baseline 0.008 -28"><span class='ocrx_word' id='word_1_461' title='bbox 2088 2825 2323 2896; x_wconf 77' lang='grc' dir='ltr'><strong>εφίκτων</strong></span> <span class='ocrx_word' id='word_1_462' title='bbox 2348 2845 2466 2894; x_wconf 86' lang='grc' dir='ltr'><strong>σου,</strong></span> <span class='ocrx_word' id='word_1_463' title='bbox 2491 2831 2754 2894; x_wconf 82' lang='grc' dir='ltr'><strong>Δέσποτα,</strong></span> <span class='ocrx_word' id='word_1_464' title='bbox 2786 2833 2882 2900; x_wconf 79' lang='grc' dir='ltr'><strong>τῆς</strong></span> <span class='ocrx_word' id='word_1_465' title='bbox 2900 2835 3091 2903; x_wconf 84' lang='grc' dir='ltr'><strong>σοφίας</strong></span> <span class='ocrx_word' id='word_1_466' title='bbox 3115 2838 3397 2905; x_wconf 78' lang='grc' dir='ltr'><strong>χριμάτων</strong></span> <span class='ocrx_word' id='word_1_467' title='bbox 3413 2839 3449 2907; x_wconf 80' lang='grc' dir='ltr'><strong>ι)</strong></span> <span class='ocrx_word' id='word_1_468' title='bbox 3468 2838 3673 2902; x_wconf 82' lang='grc' dir='ltr'><strong>εὐθέως</strong></span> 
     </span>
    </p>
   </div>
   <div class='ocr_carea' id='block_1_69' title="bbox 2088 2907 3672 2999">
    <p class='ocr_par' dir='ltr' id='par_1_69' title="bbox 2088 2907 3672 2999">
     <span class='ocr_line' id='line_1_69' title="bbox 2088 2907 3672 2999; baseline 0.008 -28"><span class='ocrx_word' id='word_1_469' title='bbox 2088 2920 2177 2972; x_wconf 79' lang='grc' dir='ltr'><strong>ἐπ’</strong></span> <span class='ocrx_word' id='word_1_470' title='bbox 2203 2919 2365 2974; x_wconf 82' lang='grc' dir='ltr'><strong>αὑτὸν</strong></span> <span class='ocrx_word' id='word_1_471' title='bbox 2413 2922 2743 2990; x_wconf 81' lang='grc' dir='ltr'><strong>μεταπίπτει</strong></span> <span class='ocrx_word' id='word_1_472' title='bbox 2764 2940 2778 2953; x_wconf 68' lang='grc' dir='ltr'><strong>θ</strong></span> <span class='ocrx_word' id='word_1_473' title='bbox 2821 2925 2915 2978; x_wconf 81' lang='grc' dir='ltr'><strong>καὶ</strong></span> <span class='ocrx_word' id='word_1_474' title='bbox 2936 2924 3194 2979; x_wconf 84' lang='grc' dir='ltr'><strong>διοιδοῦσι</strong></span> <span class='ocrx_word' id='word_1_475' title='bbox 3228 2927 3326 2997; x_wconf 87' lang='grc' dir='ltr'><strong>μὲν</strong></span> <span class='ocrx_word' id='word_1_476' title='bbox 3352 2927 3458 2980; x_wconf 74' lang='grc' dir='ltr'><strong>ἔσω</strong></span> <span class='ocrx_word' id='word_1_477' title='bbox 3500 2907 3672 2999; x_wconf 81' lang='grc' dir='ltr'><strong>τριῶν</strong></span> 
     </span>
    </p>
   </div>
   <div class='ocr_carea' id='block_1_70' title="bbox 2087 3012 3672 3091">
    <p class='ocr_par' dir='ltr' id='par_1_70' title="bbox 2087 3012 3672 3091">
     <span class='ocr_line' id='line_1_70' title="bbox 2087 3012 3672 3091; baseline 0.006 -28"><span class='ocrx_word' id='word_1_478' title='bbox 2087 3012 2314 3082; x_wconf 79' lang='grc' dir='ltr'><strong>ἡμερῶν</strong></span> <span class='ocrx_word' id='word_1_479' title='bbox 2344 3012 2403 3066; x_wconf 90' lang='grc' dir='ltr'><strong>αἱ</strong></span> <span class='ocrx_word' id='word_1_480' title='bbox 2431 3014 2632 3083; x_wconf 66' lang='grc' dir='ltr'><strong>σάρκες</strong></span> <span class='ocrx_word' id='word_1_481' title='bbox 2669 3013 2746 3085; x_wconf 81' lang='grc' dir='ltr'><strong>τῷ</strong></span> <span class='ocrx_word' id='word_1_482' title='bbox 2778 3017 3086 3089; x_wconf 81' lang='grc' dir='ltr'><strong>στρατιώτῃ</strong></span> <span class='ocrx_word' id='word_1_483' title='bbox 3129 3018 3222 3071; x_wconf 76' lang='grc' dir='ltr'><strong>καὶ</strong></span> <span class='ocrx_word' id='word_1_484' title='bbox 3248 3019 3672 3091; x_wconf 76' lang='grc' dir='ltr'><strong>καταρῤέουσιν,</strong></span> 
     </span>
    </p>
   </div>
   <div class='ocr_carea' id='block_1_71' title="bbox 2090 3102 3673 3182">
    <p class='ocr_par' dir='ltr' id='par_1_71' title="bbox 2090 3102 3673 3182">
     <span class='ocr_line' id='line_1_71' title="bbox 2090 3102 3673 3182; baseline 0.006 -27"><span class='ocrx_word' id='word_1_485' title='bbox 2090 3102 2403 3156; x_wconf 80' lang='grc' dir='ltr'><strong>ἀλλοιοῦται</strong></span> <span class='ocrx_word' id='word_1_486' title='bbox 2431 3103 2488 3157; x_wconf 83' lang='grc' dir='ltr'><strong>δὲ</strong></span> <span class='ocrx_word' id='word_1_487' title='bbox 2519 3106 2551 3175; x_wconf 80' lang='grc' dir='ltr'><strong>ὴ</strong></span> <span class='ocrx_word' id='word_1_488' title='bbox 2587 3105 2745 3173; x_wconf 76' lang='grc' dir='ltr'><strong>πνοὴ.</strong></span> <span class='ocrx_word' id='word_1_489' title='bbox 2774 3108 2869 3159; x_wconf 82' lang='grc' dir='ltr'><strong>καὶ</strong></span> <span class='ocrx_word' id='word_1_490' title='bbox 2892 3110 2972 3172; x_wconf 82' lang='grc' dir='ltr'><strong>είς</strong></span> <span class='ocrx_word' id='word_1_491' title='bbox 3000 3108 3100 3180; x_wconf 76' lang='grc' dir='ltr'><strong>τὴν</strong></span> <span class='ocrx_word' id='word_1_492' title='bbox 3127 3111 3378 3164; x_wconf 74' lang='grc' dir='ltr'><strong>ἐναντίαν</strong></span> <span class='ocrx_word' id='word_1_493' title='bbox 3405 3111 3464 3164; x_wconf 82' lang='grc' dir='ltr'><strong>τὸ</strong></span> <span class='ocrx_word' id='word_1_494' title='bbox 3506 3113 3673 3182; x_wconf 82' lang='grc' dir='ltr'><strong>σῶμα.</strong></span> 
     </span>
    </p>
   </div>
   <div class='ocr_carea' id='block_1_72' title="bbox 2015 3194 3677 3298">
    <p class='ocr_par' dir='ltr' id='par_1_72' title="bbox 2015 3194 3677 3298">
     <span class='ocr_line' id='line_1_72' title="bbox 2015 3194 3677 3298; baseline 0.007 -53"><span class='ocrx_word' id='word_1_495' title='bbox 2015 3239 2058 3298; x_wconf 77' lang='lat' dir='ltr'>c</span> <span class='ocrx_word' id='word_1_496' title='bbox 2094 3194 2420 3264; x_wconf 80' lang='grc' dir='ltr'><strong>μεταϐάλλει</strong></span> <span class='ocrx_word' id='word_1_497' title='bbox 2449 3195 2581 3261; x_wconf 74' lang='grc' dir='ltr'><strong>ἕξιν,</strong></span> <span class='ocrx_word' id='word_1_498' title='bbox 2619 3198 2830 3266; x_wconf 85' lang='grc' dir='ltr'><strong>σαπρία</strong></span> <span class='ocrx_word' id='word_1_499' title='bbox 2855 3199 2916 3252; x_wconf 79' lang='grc' dir='ltr'><strong>τὸ</strong></span> <span class='ocrx_word' id='word_1_500' title='bbox 2944 3201 3052 3253; x_wconf 85' lang='grc' dir='ltr'><strong>πᾶν</strong></span> <span class='ocrx_word' id='word_1_501' title='bbox 3086 3201 3144 3253; x_wconf 85' lang='grc' dir='ltr'><strong>ὲν</strong></span> <span class='ocrx_word' id='word_1_502' title='bbox 3172 3202 3340 3273; x_wconf 82' lang='grc' dir='ltr'><strong>ὀλίγῳ</strong></span> <span class='ocrx_word' id='word_1_503' title='bbox 3369 3204 3677 3275; x_wconf 72' lang='grc' dir='ltr'><strong>γεγενημέ-</strong></span> 
     </span>
    </p>
   </div>
   <div class='ocr_carea' id='block_1_73' title="bbox 2095 3285 3674 3365">
    <p class='ocr_par' dir='ltr' id='par_1_73' title="bbox 2095 3285 3674 3365">
     <span class='ocr_line' id='line_1_73' title="bbox 2095 3285 3674 3365; baseline 0.008 -27"><span class='ocrx_word' id='word_1_504' title='bbox 2095 3288 2277 3355; x_wconf 82' lang='grc' dir='ltr'><strong>μένον.</strong></span> <span class='ocrx_word' id='word_1_505' title='bbox 2320 3286 2547 3358; x_wconf 79' lang='grc' dir='ltr'><strong>’ἰατροῖς</strong></span> <span class='ocrx_word' id='word_1_506' title='bbox 2579 3287 2679 3357; x_wconf 83' lang='grc' dir='ltr'><strong>μὲν</strong></span> <span class='ocrx_word' id='word_1_507' title='bbox 2702 3285 2804 3343; x_wconf 79' lang='grc' dir='ltr'><strong>οὖν</strong></span> <span class='ocrx_word' id='word_1_508' title='bbox 2854 3291 2954 3362; x_wconf 78' lang='grc' dir='ltr'><strong>ἥδη</strong></span> <span class='ocrx_word' id='word_1_509' title='bbox 2986 3293 3080 3345; x_wconf 74' lang='grc' dir='ltr'><strong>καὶ</strong></span> <span class='ocrx_word' id='word_1_510' title='bbox 3116 3296 3299 3364; x_wconf 84' lang='grc' dir='ltr'><strong>χεῖρες</strong></span> <span class='ocrx_word' id='word_1_511' title='bbox 3339 3297 3434 3348; x_wconf 74' lang='grc' dir='ltr'><strong>καὶ</strong></span> <span class='ocrx_word' id='word_1_512' title='bbox 3478 3296 3674 3365; x_wconf 82' lang='grc' dir='ltr'><strong>τέχναι</strong></span> 
     </span>
    </p>
   </div>
   <div class='ocr_carea' id='block_1_74' title="bbox 2093 3375 3676 3457">
    <p class='ocr_par' dir='ltr' id='par_1_74' title="bbox 2093 3375 3676 3457">
     <span class='ocr_line' id='line_1_74' title="bbox 2093 3375 3676 3457; baseline 0.008 -30"><span class='ocrx_word' id='word_1_513' title='bbox 2093 3375 2280 3445; x_wconf 85' lang='grc' dir='ltr'><strong>σαφῶς</strong></span> <span class='ocrx_word' id='word_1_514' title='bbox 2324 3377 2701 3449; x_wconf 84' lang='grc' dir='ltr'><strong>ἀπειρήκεσαν</strong></span> <span class='ocrx_word' id='word_1_515' title='bbox 2726 3394 2742 3410; x_wconf 88' lang='grc'><strong>·</strong></span> <span class='ocrx_word' id='word_1_516' title='bbox 2777 3379 2855 3449; x_wconf 84' lang='grc' dir='ltr'><strong>τῷ</strong></span> <span class='ocrx_word' id='word_1_517' title='bbox 2892 3380 2969 3447; x_wconf 84' lang='grc' dir='ltr'><strong>δὲ,</strong></span> <span class='ocrx_word' id='word_1_518' title='bbox 3000 3383 3033 3451; x_wconf 80' lang='grc' dir='ltr'>ἡ</span> <span class='ocrx_word' id='word_1_519' title='bbox 3065 3383 3123 3448; x_wconf 77' lang='grc' dir='ltr'>ἐξ</span> <span class='ocrx_word' id='word_1_520' title='bbox 3170 3382 3476 3453; x_wconf 79' lang='grc' dir='ltr'><strong>ἀνθρώπων</strong></span> <span class='ocrx_word' id='word_1_521' title='bbox 3503 3385 3676 3457; x_wconf 65' lang='lat' dir='ltr'><strong>eapu-</strong></span> 
     </span>
    </p>
   </div>
   <div class='ocr_carea' id='block_1_75' title="bbox 2094 3468 3676 3549">
    <p class='ocr_par' dir='ltr' id='par_1_75' title="bbox 2094 3468 3676 3549">
     <span class='ocr_line' id='line_1_75' title="bbox 2094 3468 3676 3549; baseline 0.008 -29"><span class='ocrx_word' id='word_1_522' title='bbox 2094 3468 2253 3531; x_wconf 83' lang='grc' dir='ltr'><strong>πείας</strong></span> <span class='ocrx_word' id='word_1_523' title='bbox 2309 3469 2644 3538; x_wconf 85' lang='grc' dir='ltr'><strong>ἀπόγνωσις,</strong></span> <span class='ocrx_word' id='word_1_524' title='bbox 2673 3471 2861 3542; x_wconf 80' lang='grc' dir='ltr'><strong>ὁδηγδς</strong></span> <span class='ocrx_word' id='word_1_525' title='bbox 2908 3475 3231 3544; x_wconf 77' lang='grc' dir='ltr'><strong>παραδόξως</strong></span> <span class='ocrx_word' id='word_1_526' title='bbox 3262 3477 3345 3540; x_wconf 81' lang='grc' dir='ltr'><strong>είς</strong></span> <span class='ocrx_word' id='word_1_527' title='bbox 3393 3478 3676 3549; x_wconf 81' lang='grc' dir='ltr'><strong>σωτηρίαν</strong></span> 
     </span>
    </p>
   </div>
   <div class='ocr_carea' id='block_1_76' title="bbox 2088 3559 3673 3638">
    <p class='ocr_par' dir='ltr' id='par_1_76' title="bbox 2088 3559 3673 3638">
     <span class='ocr_line' id='line_1_76' title="bbox 2088 3559 3673 3638; baseline 0.009 -27"><span class='ocrx_word' id='word_1_528' title='bbox 2088 3559 2296 3629; x_wconf 87' lang='grc' dir='ltr'><strong>γίνεται</strong></span> <span class='ocrx_word' id='word_1_529' title='bbox 2331 3563 2426 3615; x_wconf 74' lang='grc' dir='ltr'><strong>καὶ</strong></span> <span class='ocrx_word' id='word_1_530' title='bbox 2453 3563 2722 3618; x_wconf 85' lang='grc' dir='ltr'><strong>παιδείαν.</strong></span> <span class='ocrx_word' id='word_1_531' title='bbox 2753 3561 2908 3619; x_wconf 74' lang='grc' dir='ltr'><strong>Εἶναι</strong></span> <span class='ocrx_word' id='word_1_532' title='bbox 2940 3565 3077 3619; x_wconf 89' lang='grc' dir='ltr'><strong>Θεοῦ</strong></span> <span class='ocrx_word' id='word_1_533' title='bbox 3106 3567 3168 3620; x_wconf 81' lang='grc' dir='ltr'><strong>τὸ</strong></span> <span class='ocrx_word' id='word_1_534' title='bbox 3200 3570 3431 3638; x_wconf 83' lang='grc' dir='ltr'><strong>πρᾶγμα</strong></span> <span class='ocrx_word' id='word_1_535' title='bbox 3463 3572 3673 3638; x_wconf 80' lang='grc' dir='ltr'><strong>συνεὶς,</strong></span> 
     </span>
    </p>
   </div>
   <div class='ocr_carea' id='block_1_77' title="bbox 2088 3648 3677 3728">
    <p class='ocr_par' dir='ltr' id='par_1_77' title="bbox 2088 3648 3677 3728">
     <span class='ocr_line' id='line_1_77' title="bbox 2088 3648 3677 3728; baseline 0.008 -26"><span class='ocrx_word' id='word_1_536' title='bbox 2088 3648 2178 3703; x_wconf 86' lang='grc' dir='ltr'><strong>διὰ</strong></span> <span class='ocrx_word' id='word_1_537' title='bbox 2221 3649 2312 3705; x_wconf 81' lang='grc' dir='ltr'><strong>τὸν</strong></span> <span class='ocrx_word' id='word_1_538' title='bbox 2364 3652 2446 3716; x_wconf 80' lang='grc' dir='ltr'><strong>είς</strong></span> <span class='ocrx_word' id='word_1_539' title='bbox 2487 3652 2580 3706; x_wconf 82' lang='grc' dir='ltr'><strong>τὸν</strong></span> <span class='ocrx_word' id='word_1_540' title='bbox 2632 3654 2861 3726; x_wconf 86' lang='grc' dir='ltr'><strong>πλησίον</strong></span> <span class='ocrx_word' id='word_1_541' title='bbox 2910 3656 3236 3724; x_wconf 75' lang='grc' dir='ltr'><strong>ὀνειδισμὸν,</strong></span> <span class='ocrx_word' id='word_1_542' title='bbox 3267 3658 3405 3728; x_wconf 83' lang='grc' dir='ltr'><strong>πρὸς</strong></span> <span class='ocrx_word' id='word_1_543' title='bbox 3461 3661 3677 3716; x_wconf 78' lang='grc' dir='ltr'><strong>ἐκεῖνον</strong></span> 
     </span>
    </p>
   </div>
   <div class='ocr_carea' id='block_1_78' title="bbox 2088 3731 3674 3819">
    <p class='ocr_par' dir='ltr' id='par_1_78' title="bbox 2088 3731 3674 3819">
     <span class='ocr_line' id='line_1_78' title="bbox 2088 3731 3674 3819; baseline 0.011 -30"><span class='ocrx_word' id='word_1_544' title='bbox 2088 3731 2231 3806; x_wconf 74' lang='grc' dir='ltr'><strong>ἔγνω</strong></span> <span class='ocrx_word' id='word_1_545' title='bbox 2274 3742 2635 3809; x_wconf 80' lang='grc' dir='ltr'><strong>καταφυγεῖν,</strong></span> <span class='ocrx_word' id='word_1_546' title='bbox 2660 3742 2792 3813; x_wconf 84' lang='grc' dir='ltr'><strong>παρ’</strong></span> <span class='ocrx_word' id='word_1_547' title='bbox 2829 3735 2890 3797; x_wconf 78' lang='grc' dir='ltr'><strong>οὗ</strong></span> <span class='ocrx_word' id='word_1_548' title='bbox 2955 3743 3052 3797; x_wconf 79' lang='grc' dir='ltr'><strong>καὶ</strong></span> <span class='ocrx_word' id='word_1_549' title='bbox 3095 3746 3129 3817; x_wconf 82' lang='grc' dir='ltr'><strong>ή</strong></span> <span class='ocrx_word' id='word_1_550' title='bbox 3185 3747 3403 3802; x_wconf 83' lang='grc' dir='ltr'><strong>παιδεία</strong></span> <span class='ocrx_word' id='word_1_551' title='bbox 3434 3765 3448 3782; x_wconf 75' lang='grc' dir='ltr'><strong>ο</strong></span> <span class='ocrx_word' id='word_1_552' title='bbox 3504 3751 3674 3819; x_wconf 83' lang='grc' dir='ltr'><strong>μόνου</strong></span> 
     </span>
    </p>
   </div>
   <div class='ocr_carea' id='block_1_79' title="bbox 2086 3828 3674 3914">
    <p class='ocr_par' dir='ltr' id='par_1_79' title="bbox 2086 3828 3674 3914">
     <span class='ocr_line' id='line_1_79' title="bbox 2086 3828 3674 3914; baseline 0.009 -30"><span class='ocrx_word' id='word_1_553' title='bbox 2086 3832 2197 3903; x_wconf 75' lang='grc' dir='ltr'><strong>γάρ</strong></span> <span class='ocrx_word' id='word_1_554' title='bbox 2229 3828 2369 3887; x_wconf 77' lang='grc' dir='ltr'><strong>εῖναι</strong></span> <span class='ocrx_word' id='word_1_555' title='bbox 2394 3832 2494 3905; x_wconf 79' lang='grc' dir='ltr'><strong>τὴν</strong></span> <span class='ocrx_word' id='word_1_556' title='bbox 2526 3835 2734 3905; x_wconf 82' lang='grc' dir='ltr'><strong>ταύτης</strong></span> <span class='ocrx_word' id='word_1_557' title='bbox 2767 3833 2919 3890; x_wconf 90' lang='grc' dir='ltr'><strong>λύσιν</strong></span> <span class='ocrx_word' id='word_1_558' title='bbox 2954 3835 3113 3900; x_wconf 84' lang='grc' dir='ltr'><strong>Θεοῦ,</strong></span> <span class='ocrx_word' id='word_1_559' title='bbox 3136 3837 3232 3891; x_wconf 88' lang='grc' dir='ltr'><strong>τοῦ</strong></span> <span class='ocrx_word' id='word_1_560' title='bbox 3275 3841 3371 3893; x_wconf 79' lang='grc' dir='ltr'><strong>καὶ</strong></span> <span class='ocrx_word' id='word_1_561' title='bbox 3409 3841 3508 3914; x_wconf 81' lang='grc' dir='ltr'><strong>τὴν</strong></span> <span class='ocrx_word' id='word_1_562' title='bbox 3539 3860 3674 3899; x_wconf 80' lang='grc' dir='ltr'><strong>παι-</strong></span> 
     </span>
    </p>
   </div>
   <div class='ocr_carea' id='block_1_80' title="bbox 2089 3924 3673 4002">
    <p class='ocr_par' dir='ltr' id='par_1_80' title="bbox 2089 3924 3673 4002">
     <span class='ocr_line' id='line_1_80' title="bbox 2089 3924 3673 4002; baseline 0.007 -24"><span class='ocrx_word' id='word_1_563' title='bbox 2089 3924 2241 3979; x_wconf 85' lang='grc' dir='ltr'><strong>δείαν</strong></span> <span class='ocrx_word' id='word_1_564' title='bbox 2284 3926 2679 3995; x_wconf 73' lang='grc' dir='ltr'><strong>ἐπαγαγόντος.</strong></span> <span class='ocrx_word' id='word_1_565' title='bbox 2710 3926 2899 3990; x_wconf 77' lang='grc' dir='ltr'><strong>Οὕτως</strong></span> <span class='ocrx_word' id='word_1_566' title='bbox 2963 3927 3142 3998; x_wconf 78' lang='grc' dir='ltr'><strong>ἔχοντι</strong></span> <span class='ocrx_word' id='word_1_567' title='bbox 3197 3933 3535 4001; x_wconf 87' lang='grc' dir='ltr'><strong>παρίσταταί</strong></span> <span class='ocrx_word' id='word_1_568' title='bbox 3583 3952 3673 4002; x_wconf 85' lang='grc' dir='ltr'><strong>τις</strong></span> 
     </span>
    </p>
   </div>
   <div class='ocr_carea' id='block_1_81' title="bbox 2087 4015 3676 4093">
    <p class='ocr_par' dir='ltr' id='par_1_81' title="bbox 2087 4015 3676 4093">
     <span class='ocr_line' id='line_1_81' title="bbox 2087 4015 3676 4093; baseline 0.006 -24"><span class='ocrx_word' id='word_1_569' title='bbox 2087 4015 2259 4086; x_wconf 82' lang='grc' dir='ltr'><strong>αὐτῷ,</strong></span> <span class='ocrx_word' id='word_1_570' title='bbox 2286 4016 2536 4088; x_wconf 86' lang='grc' dir='ltr'><strong>καθάπερ</strong></span> <span class='ocrx_word' id='word_1_571' title='bbox 2597 4016 2663 4070; x_wconf 80' lang='grc' dir='ltr'><strong>ἐκ</strong></span> <span class='ocrx_word' id='word_1_572' title='bbox 2702 4035 2846 4082; x_wconf 89' lang='grc' dir='ltr'><strong>τινος</strong></span> <span class='ocrx_word' id='word_1_573' title='bbox 2893 4018 3044 4084; x_wconf 89' lang='grc' dir='ltr'><strong>θείας</strong></span> <span class='ocrx_word' id='word_1_574' title='bbox 3091 4019 3422 4093; x_wconf 78' lang='grc' dir='ltr'><strong>ἀποστολῆς,</strong></span> <span class='ocrx_word' id='word_1_575' title='bbox 3448 4023 3530 4091; x_wconf 80' lang='grc' dir='ltr'><strong>ὃς,</strong></span> <span class='ocrx_word' id='word_1_576' title='bbox 3556 4025 3676 4081; x_wconf 83' lang='grc' dir='ltr'><strong>Πο-</strong></span> 
     </span>
    </p>
   </div>
   <div class='ocr_carea' id='block_1_82' title="bbox 2089 4104 3673 4181">
    <p class='ocr_par' dir='ltr' id='par_1_82' title="bbox 2089 4104 3673 4181">
     <span class='ocr_line' id='line_1_82' title="bbox 2089 4104 3673 4181; baseline 0.008 -21"><span class='ocrx_word' id='word_1_577' title='bbox 2089 4109 2246 4178; x_wconf 75' lang='grc' dir='ltr'><strong>ρεύου</strong></span> <span class='ocrx_word' id='word_1_578' title='bbox 2288 4108 2444 4179; x_wconf 87' lang='grc' dir='ltr'><strong>παρά</strong></span> <span class='ocrx_word' id='word_1_579' title='bbox 2492 4108 2552 4162; x_wconf 81' lang='grc' dir='ltr'><strong>τὸ</strong></span> <span class='ocrx_word' id='word_1_580' title='bbox 2598 4108 2914 4180; x_wconf 81' lang='grc' dir='ltr'><strong>θαυμαστὸν</strong></span> <span class='ocrx_word' id='word_1_581' title='bbox 2940 4109 3067 4181; x_wconf 77' lang='grc' dir='ltr'><strong>ὅρος</strong></span> <span class='ocrx_word' id='word_1_582' title='bbox 3093 4113 3188 4165; x_wconf 76' lang='grc' dir='ltr'><strong>ἐπὶ</strong></span> <span class='ocrx_word' id='word_1_583' title='bbox 3217 4114 3309 4168; x_wconf 81' lang='grc' dir='ltr'><strong>τὸν</strong></span> <span class='ocrx_word' id='word_1_584' title='bbox 3335 4104 3522 4170; x_wconf 59' lang='grc' dir='ltr'><strong>’δοῦλον</strong></span> <span class='ocrx_word' id='word_1_585' title='bbox 3568 4117 3673 4172; x_wconf 91' lang='grc' dir='ltr'><strong>τοῦ</strong></span> 
     </span>
    </p>
   </div>
   <div class='ocr_carea' id='block_1_83' title="bbox 2083 4199 3671 4277">
    <p class='ocr_par' dir='ltr' id='par_1_83' title="bbox 2083 4199 3671 4277">
     <span class='ocr_line' id='line_1_83' title="bbox 2083 4199 3671 4277; baseline 0.008 -24"><span class='ocrx_word' id='word_1_586' title='bbox 2083 4199 2219 4254; x_wconf 79' lang='grc' dir='ltr'><strong>Θεοῦ</strong></span> <span class='ocrx_word' id='word_1_587' title='bbox 2247 4200 2495 4272; x_wconf 83' lang='grc' dir='ltr'><strong>Συμεὼν,</strong></span> <span class='ocrx_word' id='word_1_588' title='bbox 2516 4201 2657 4273; x_wconf 65' lang='grc' dir='ltr'><strong>ἔφη,</strong></span> <span class='ocrx_word' id='word_1_589' title='bbox 2687 4203 2893 4266; x_wconf 78' lang='grc' dir='ltr'><strong>ἐκεῖνος</strong></span> <span class='ocrx_word' id='word_1_590' title='bbox 2920 4201 3063 4267; x_wconf 84' lang='grc' dir='ltr'><strong>ίασις</strong></span> <span class='ocrx_word' id='word_1_591' title='bbox 3084 4203 3185 4275; x_wconf 80' lang='grc' dir='ltr'><strong>τῆς</strong></span> <span class='ocrx_word' id='word_1_592' title='bbox 3216 4207 3478 4277; x_wconf 84' lang='grc' dir='ltr'><strong>μάστιγος</strong></span> <span class='ocrx_word' id='word_1_593' title='bbox 3511 4210 3671 4265; x_wconf 76' lang='grc' dir='ltr'><strong>ἔσται</strong></span> 
     </span>
    </p>
   </div>
   <div class='ocr_carea' id='block_1_84' title="bbox 406 4292 1988 4381">
    <p class='ocr_par' dir='ltr' id='par_1_84' title="bbox 406 4305 1980 4381">
     <span class='ocr_line' id='line_1_84' title="bbox 406 4305 1980 4381; baseline 0.001 -19"><span class='ocrx_word' id='word_1_594' title='bbox 406 4306 500 4362; x_wconf 91' lang='lat' dir='ltr'><strong>ille</strong></span> <span class='ocrx_word' id='word_1_595' title='bbox 527 4305 689 4364; x_wconf 89' lang='lat' dir='ltr'><strong>dictis</strong></span> <span class='ocrx_word' id='word_1_596' title='bbox 735 4305 1104 4365; x_wconf 80' lang='lat' dir='ltr'><strong>inflammatus</strong></span> <span class='ocrx_word' id='word_1_597' title='bbox 1161 4309 1351 4376; x_wconf 83' lang='lat' dir='ltr'><strong>corde,</strong></span> <span class='ocrx_word' id='word_1_598' title='bbox 1418 4310 1800 4381; x_wconf 86' lang='lat' dir='ltr'><strong>promissaque</strong></span> <span class='ocrx_word' id='word_1_599' title='bbox 1859 4322 1980 4366; x_wconf 90' lang='lat' dir='ltr'><strong>rata</strong></span> 
     </span>
    </p>
   </div>
   <div class='ocr_carea' id='block_1_85' title="bbox 2090 4292 3669 4381">
    <p class='ocr_par' dir='ltr' id='par_1_85' title="bbox 2090 4292 3669 4371">
     <span class='ocr_line' id='line_1_85' title="bbox 2090 4292 3669 4371; baseline 0.006 -24"><span class='ocrx_word' id='word_1_600' title='bbox 2090 4309 2190 4348; x_wconf 89' lang='grc' dir='ltr'><strong>σοι.</strong></span> <span class='ocrx_word' id='word_1_601' title='bbox 2228 4292 2286 4346; x_wconf 86' lang='lat'><strong>&#39;0</strong></span> <span class='ocrx_word' id='word_1_602' title='bbox 2311 4293 2368 4348; x_wconf 78' lang='grc' dir='ltr'><strong>δὲ</strong></span> <span class='ocrx_word' id='word_1_603' title='bbox 2400 4294 2534 4365; x_wconf 83' lang='grc' dir='ltr'><strong>πρὸς</strong></span> <span class='ocrx_word' id='word_1_604' title='bbox 2576 4293 2638 4347; x_wconf 84' lang='grc' dir='ltr'><strong>τὸ</strong></span> <span class='ocrx_word' id='word_1_605' title='bbox 2681 4295 2831 4366; x_wconf 77' lang='grc' dir='ltr'><strong>ῥῆμα</strong></span> <span class='ocrx_word' id='word_1_606' title='bbox 2873 4295 2976 4366; x_wconf 81' lang='grc' dir='ltr'><strong>τὴν</strong></span> <span class='ocrx_word' id='word_1_607' title='bbox 3032 4296 3261 4366; x_wconf 87' lang='grc' dir='ltr'><strong>καρδίαν</strong></span> <span class='ocrx_word' id='word_1_608' title='bbox 3317 4299 3669 4371; x_wconf 76' lang='grc' dir='ltr'><strong>ἀναφλεγεὶς,</strong></span> 
     </span>
    </p>
   </div>
   <div class='ocr_carea' id='block_1_86' title="bbox 401 4386 1988 4472">
    <p class='ocr_par' dir='ltr' id='par_1_86' title="bbox 401 4398 1979 4472">
     <span class='ocr_line' id='line_1_86' title="bbox 401 4398 1979 4472; baseline 0.002 -19"><span class='ocrx_word' id='word_1_609' title='bbox 401 4398 637 4465; x_wconf 82' lang='lat' dir='ltr'><strong>habens,</strong></span> <span class='ocrx_word' id='word_1_610' title='bbox 657 4414 689 4453; x_wconf 90' lang='lat' dir='ltr'><strong>a</strong></span> <span class='ocrx_word' id='word_1_611' title='bbox 720 4400 1042 4455; x_wconf 87' lang='lat' dir='ltr'><strong>domesticis</strong></span> <span class='ocrx_word' id='word_1_612' title='bbox 1066 4399 1142 4455; x_wconf 86' lang='lat' dir='ltr'><strong>ad</strong></span> <span class='ocrx_word' id='word_1_613' title='bbox 1170 4409 1422 4455; x_wconf 87' lang='lat' dir='ltr'><strong>sanetum</strong></span> <span class='ocrx_word' id='word_1_614' title='bbox 1471 4409 1757 4471; x_wconf 85' lang='lat' dir='ltr'><strong>portatur:</strong></span> <span class='ocrx_word' id='word_1_615' title='bbox 1794 4410 1848 4457; x_wconf 92' lang='lat' dir='ltr'><strong>et</strong></span> <span class='ocrx_word' id='word_1_616' title='bbox 1880 4402 1979 4472; x_wconf 85' lang='lat' dir='ltr'><strong>qui</strong></span> 
     </span>
    </p>
   </div>
   <div class='ocr_carea' id='block_1_87' title="bbox 2090 4386 3667 4472">
    <p class='ocr_par' dir='ltr' id='par_1_87' title="bbox 2090 4386 3667 4462">
     <span class='ocr_line' id='line_1_87' title="bbox 2090 4386 3667 4462; baseline 0.006 -22"><span class='ocrx_word' id='word_1_617' title='bbox 2090 4390 2264 4441; x_wconf 83' lang='grc' dir='ltr'><strong>πίστει</strong></span> <span class='ocrx_word' id='word_1_618' title='bbox 2296 4403 2354 4441; x_wconf 91' lang='grc' dir='ltr'><strong>τε</strong></span> <span class='ocrx_word' id='word_1_619' title='bbox 2388 4387 2602 4459; x_wconf 79' lang='grc' dir='ltr'><strong>μεγάλῃ</strong></span> <span class='ocrx_word' id='word_1_620' title='bbox 2667 4387 2826 4441; x_wconf 90' lang='grc' dir='ltr'><strong>τοῦτο</strong></span> <span class='ocrx_word' id='word_1_621' title='bbox 2876 4386 3208 4458; x_wconf 77' lang='grc' dir='ltr'><strong>δεξάμενος,</strong></span> <span class='ocrx_word' id='word_1_622' title='bbox 3255 4390 3667 4462; x_wconf 81' lang='grc' dir='ltr'><strong>ἀνακομίζεται</strong></span> 
     </span>
    </p>
   </div>
   <div class='ocr_carea' id='block_1_88' title="bbox 404 4478 1988 4563">
    <p class='ocr_par' dir='ltr' id='par_1_88' title="bbox 404 4490 1980 4563">
     <span class='ocr_line' id='line_1_88' title="bbox 404 4490 1980 4563; baseline 0.003 -20"><span class='ocrx_word' id='word_1_623' title='bbox 404 4505 584 4561; x_wconf 82' lang='lat' dir='ltr'><strong>nuper</strong></span> <span class='ocrx_word' id='word_1_624' title='bbox 600 4501 718 4545; x_wconf 75' lang='lat' dir='ltr'><strong>tam</strong></span> <span class='ocrx_word' id='word_1_625' title='bbox 740 4505 1043 4562; x_wconf 89' lang='lat' dir='ltr'><strong>generosus</strong></span> <span class='ocrx_word' id='word_1_626' title='bbox 1068 4499 1191 4545; x_wconf 90' lang='lat' dir='ltr'><strong>erat</strong></span> <span class='ocrx_word' id='word_1_627' title='bbox 1214 4505 1277 4545; x_wconf 89' lang='lat' dir='ltr'><strong>ac</strong></span> <span class='ocrx_word' id='word_1_628' title='bbox 1305 4490 1571 4556; x_wconf 81' lang='lat' dir='ltr'><strong>fervidus,</strong></span> <span class='ocrx_word' id='word_1_629' title='bbox 1609 4494 1980 4563; x_wconf 89' lang='lat' dir='ltr'><strong>prosternitur</strong></span> 
     </span>
    </p>
   </div>
   <div class='ocr_carea' id='block_1_89' title="bbox 2090 4478 3667 4563">
    <p class='ocr_par' dir='ltr' id='par_1_89' title="bbox 2090 4478 3667 4555">
     <span class='ocr_line' id='line_1_89' title="bbox 2090 4478 3667 4555; baseline 0.006 -23"><span class='ocrx_word' id='word_1_630' title='bbox 2090 4479 2226 4550; x_wconf 86' lang='grc' dir='ltr'><strong>πρὸς</strong></span> <span class='ocrx_word' id='word_1_631' title='bbox 2271 4478 2432 4532; x_wconf 65' lang='grc' dir='ltr'><strong>αὐτὸν</strong></span> <span class='ocrx_word' id='word_1_632' title='bbox 2484 4479 2588 4531; x_wconf 75' lang='grc' dir='ltr'><strong>ὑπὸ</strong></span> <span class='ocrx_word' id='word_1_633' title='bbox 2635 4479 2743 4533; x_wconf 90' lang='grc' dir='ltr'><strong>τῶν</strong></span> <span class='ocrx_word' id='word_1_634' title='bbox 2781 4479 3036 4533; x_wconf 76' lang='grc' dir='ltr'><strong>οἰκείωνο</strong></span> <span class='ocrx_word' id='word_1_635' title='bbox 3073 4480 3168 4534; x_wconf 82' lang='grc' dir='ltr'><strong>καὶ</strong></span> <span class='ocrx_word' id='word_1_636' title='bbox 3201 4482 3230 4534; x_wconf 88' lang='grc' dir='ltr'><strong>ό</strong></span> <span class='ocrx_word' id='word_1_637' title='bbox 3270 4483 3464 4555; x_wconf 77' lang='grc' dir='ltr'><strong>πρώην</strong></span> <span class='ocrx_word' id='word_1_638' title='bbox 3497 4486 3667 4553; x_wconf 77' lang='grc' dir='ltr'><strong>καλὸς</strong></span> 
     </span>
    </p>
   </div>
   <div class='ocr_carea' id='block_1_90' title="bbox 404 4566 1988 4653">
    <p class='ocr_par' dir='ltr' id='par_1_90' title="bbox 404 4578 1979 4653">
     <span class='ocr_line' id='line_1_90' title="bbox 404 4578 1979 4653; baseline 0.003 -18"><span class='ocrx_word' id='word_1_639' title='bbox 404 4580 474 4635; x_wconf 88' lang='lat' dir='ltr'><strong>ad</strong></span> <span class='ocrx_word' id='word_1_640' title='bbox 504 4580 674 4651; x_wconf 88' lang='lat' dir='ltr'><strong>pedes</strong></span> <span class='ocrx_word' id='word_1_641' title='bbox 708 4582 875 4648; x_wconf 80' lang='lat' dir='ltr'><strong>illius,</strong></span> <span class='ocrx_word' id='word_1_642' title='bbox 903 4578 1125 4635; x_wconf 86' lang='lat' dir='ltr'><strong>nemine</strong></span> <span class='ocrx_word' id='word_1_643' title='bbox 1166 4595 1279 4633; x_wconf 93' lang='lat' dir='ltr'><strong>non</strong></span> <span class='ocrx_word' id='word_1_644' title='bbox 1328 4580 1759 4636; x_wconf 87' lang='lat' dir='ltr'><strong>miserior.Tum</strong></span> <span class='ocrx_word' id='word_1_645' title='bbox 1782 4598 1979 4653; x_wconf 65' lang='lat' dir='ltr'><strong>magna</strong></span> 
     </span>
    </p>
   </div>
   <div class='ocr_carea' id='block_1_91' title="bbox 2090 4566 3671 4653">
    <p class='ocr_par' dir='ltr' id='par_1_91' title="bbox 2090 4566 3671 4638">
     <span class='ocr_line' id='line_1_91' title="bbox 2090 4566 3671 4638; baseline 0.004 -18"><span class='ocrx_word' id='word_1_646' title='bbox 2090 4569 2292 4632; x_wconf 69' lang='grc' dir='ltr'><strong>ἐκεῖνος</strong></span> <span class='ocrx_word' id='word_1_647' title='bbox 2330 4568 2425 4622; x_wconf 75' lang='grc' dir='ltr'><strong>καὶ</strong></span> <span class='ocrx_word' id='word_1_648' title='bbox 2464 4566 2704 4638; x_wconf 72' lang='grc' dir='ltr'><strong>ζηλωτὸς</strong></span> <span class='ocrx_word' id='word_1_649' title='bbox 2730 4568 2990 4638; x_wconf 53' lang='grc' dir='ltr'><strong>,ρίπτεται</strong></span> <span class='ocrx_word' id='word_1_650' title='bbox 3031 4568 3138 4637; x_wconf 77' lang='grc' dir='ltr'><strong>πρὸ</strong></span> <span class='ocrx_word' id='word_1_651' title='bbox 3169 4569 3358 4637; x_wconf 78' lang='grc' dir='ltr'><strong>αὑτοῦ,</strong></span> <span class='ocrx_word' id='word_1_652' title='bbox 3392 4571 3535 4636; x_wconf 85' lang='grc' dir='ltr'><strong>τίνος</strong></span> <span class='ocrx_word' id='word_1_653' title='bbox 3562 4574 3671 4630; x_wconf 81' lang='grc' dir='ltr'><strong>οὐκ</strong></span> 
     </span>
    </p>
   </div>
   <div class='ocr_carea' id='block_1_92' title="bbox 403 4660 1988 4741">
    <p class='ocr_par' dir='ltr' id='par_1_92' title="bbox 403 4669 1977 4741">
     <span class='ocr_line' id='line_1_92' title="bbox 403 4669 1977 4741; baseline 0.002 -17"><span class='ocrx_word' id='word_1_654' title='bbox 403 4675 706 4741; x_wconf 85' lang='lat' dir='ltr'><strong>derepente</strong></span> <span class='ocrx_word' id='word_1_655' title='bbox 739 4672 793 4724; x_wconf 85' lang='lat' dir='ltr'><strong>vi</strong></span> <span class='ocrx_word' id='word_1_656' title='bbox 824 4669 1130 4740; x_wconf 83' lang='lat' dir='ltr'><strong>sanguinis,</strong></span> <span class='ocrx_word' id='word_1_657' title='bbox 1160 4669 1545 4722; x_wconf 15' lang='lat' dir='ltr'><strong>veluttarcana</strong></span> <span class='ocrx_word' id='word_1_658' title='bbox 1588 4670 1823 4740; x_wconf 78' lang='lat' dir='ltr'><strong>quadam</strong></span> <span class='ocrx_word' id='word_1_659' title='bbox 1854 4673 1977 4727; x_wconf 88' lang='lat' dir='ltr'><strong>chi-</strong></span> 
     </span>
    </p>
   </div>
   <div class='ocr_carea' id='block_1_93' title="bbox 2090 4660 3669 4741">
    <p class='ocr_par' dir='ltr' id='par_1_93' title="bbox 2090 4660 3669 4738">
     <span class='ocr_line' id='line_1_93' title="bbox 2090 4660 3669 4738; baseline 0.003 -23"><span class='ocrx_word' id='word_1_660' title='bbox 2090 4660 2411 4731; x_wconf 71' lang='grc' dir='ltr'><strong>ἀθλιώτερος</strong></span> <span class='ocrx_word' id='word_1_661' title='bbox 2434 4676 2464 4727; x_wconf 59' lang='grc' dir='ltr'><strong>ς;</strong></span> <span class='ocrx_word' id='word_1_662' title='bbox 2520 4660 2761 4729; x_wconf 78' lang='grc' dir='ltr'><strong>Αἵματος</strong></span> <span class='ocrx_word' id='word_1_663' title='bbox 2814 4660 2995 4714; x_wconf 85' lang='grc' dir='ltr'><strong>τοίνυν</strong></span> <span class='ocrx_word' id='word_1_664' title='bbox 3058 4661 3117 4728; x_wconf 78' lang='grc' dir='ltr'><strong>ἐξ</strong></span> <span class='ocrx_word' id='word_1_665' title='bbox 3185 4663 3352 4731; x_wconf 77' lang='grc' dir='ltr'><strong>αὐτοῦ</strong></span> <span class='ocrx_word' id='word_1_666' title='bbox 3411 4664 3669 4738; x_wconf 78' lang='grc' dir='ltr'><strong>καθάπερ</strong></span> 
     </span>
    </p>
   </div>
   <div class='ocr_carea' id='block_1_94' title="bbox 404 4758 1976 4831">
    <p class='ocr_par' dir='ltr' id='par_1_94' title="bbox 404 4758 1976 4831">
     <span class='ocr_line' id='line_1_94' title="bbox 404 4758 1976 4831; baseline 0.001 -17"><span class='ocrx_word' id='word_1_667' title='bbox 404 4762 588 4831; x_wconf 89' lang='lat' dir='ltr'><strong>rurgia</strong></span> <span class='ocrx_word' id='word_1_668' title='bbox 611 4777 678 4815; x_wconf 81' lang='lat' dir='ltr'><strong>ex</strong></span> <span class='ocrx_word' id='word_1_669' title='bbox 698 4761 1125 4827; x_wconf 83' lang='lat' dir='ltr'><strong>omnibuspenc</strong></span> <span class='ocrx_word' id='word_1_670' title='bbox 1150 4758 1417 4813; x_wconf 84' lang='lat' dir='ltr'><strong>membris</strong></span> <span class='ocrx_word' id='word_1_671' title='bbox 1439 4758 1795 4826; x_wconf 86' lang='lat' dir='ltr'><strong>soaturiente,</strong></span> <span class='ocrx_word' id='word_1_672' title='bbox 1824 4762 1976 4816; x_wconf 84' lang='lat' dir='ltr'><strong>laxa-</strong></span> 
     </span>
    </p>
   </div>
   <div class='ocr_carea' id='block_1_95' title="bbox 405 4846 1976 4915">
    <p class='ocr_par' dir='ltr' id='par_1_95' title="bbox 405 4846 1976 4915">
     <span class='ocr_line' id='line_1_95' title="bbox 405 4846 1976 4915; baseline 0.004 -15"><span class='ocrx_word' id='word_1_673' title='bbox 405 4857 493 4902; x_wconf 88' lang='lat' dir='ltr'><strong>tus</strong></span> <span class='ocrx_word' id='word_1_674' title='bbox 527 4848 606 4901; x_wconf 92' lang='lat' dir='ltr'><strong>illi</strong></span> <span class='ocrx_word' id='word_1_675' title='bbox 639 4849 839 4901; x_wconf 88' lang='lat' dir='ltr'><strong>iterum</strong></span> <span class='ocrx_word' id='word_1_676' title='bbox 891 4846 1143 4915; x_wconf 86' lang='lat' dir='ltr'><strong>spiritus,</strong></span> <span class='ocrx_word' id='word_1_677' title='bbox 1201 4856 1464 4902; x_wconf 85' lang='lat' dir='ltr'><strong>renovata</strong></span> <span class='ocrx_word' id='word_1_678' title='bbox 1522 4863 1673 4913; x_wconf 89' lang='lat' dir='ltr'><strong>caro,</strong></span> <span class='ocrx_word' id='word_1_679' title='bbox 1722 4852 1976 4907; x_wconf 87' lang='lat' dir='ltr'><strong>restituta</strong></span> 
     </span>
    </p>
   </div>
   <div class='ocr_carea' id='block_1_96' title="bbox 394 4936 1977 5009">
    <p class='ocr_par' dir='ltr' id='par_1_96' title="bbox 394 4936 1977 5009">
     <span class='ocr_line' id='line_1_96' title="bbox 394 4936 1977 5009; baseline 0.002 -17"><span class='ocrx_word' id='word_1_680' title='bbox 394 4942 611 5004; x_wconf 77' lang='lat' dir='ltr'><strong>forma,</strong></span> <span class='ocrx_word' id='word_1_681' title='bbox 656 4947 917 5006; x_wconf 87' lang='lat' dir='ltr'><strong>totusque</strong></span> <span class='ocrx_word' id='word_1_682' title='bbox 968 4936 1149 4989; x_wconf 87' lang='lat' dir='ltr'><strong>tribus</strong></span> <span class='ocrx_word' id='word_1_683' title='bbox 1201 4939 1429 4991; x_wconf 90' lang='lat' dir='ltr'><strong>omnino</strong></span> <span class='ocrx_word' id='word_1_684' title='bbox 1498 4937 1698 4993; x_wconf 89' lang='lat' dir='ltr'><strong>diebus</strong></span> <span class='ocrx_word' id='word_1_685' title='bbox 1741 4939 1977 5009; x_wconf 88' lang='lat' dir='ltr'><strong>pristino</strong></span> 
     </span>
    </p>
   </div>
   <div class='ocr_carea' id='block_1_97' title="bbox 2083 4750 3670 4825">
    <p class='ocr_par' dir='ltr' id='par_1_97' title="bbox 2083 4750 3670 4825">
     <span class='ocr_line' id='line_1_97' title="bbox 2083 4750 3670 4825; baseline 0.003 -19"><span class='ocrx_word' id='word_1_686' title='bbox 2083 4754 2299 4823; x_wconf 81' lang='grc' dir='ltr'><strong>ἀθεάτῳ</strong></span> <span class='ocrx_word' id='word_1_687' title='bbox 2345 4752 2452 4804; x_wconf 76' lang='grc' dir='ltr'><strong>τινὶ</strong></span> <span class='ocrx_word' id='word_1_688' title='bbox 2503 4752 2824 4822; x_wconf 77' lang='grc' dir='ltr'><strong>χειρουργίᾳ</strong></span> <span class='ocrx_word' id='word_1_689' title='bbox 2859 4790 2876 4814; x_wconf 93' lang='grc'><strong>,</strong></span> <span class='ocrx_word' id='word_1_690' title='bbox 2912 4750 3001 4805; x_wconf 87' lang='grc' dir='ltr'><strong>διὰ</strong></span> <span class='ocrx_word' id='word_1_691' title='bbox 3036 4753 3256 4806; x_wconf 87' lang='grc' dir='ltr'><strong>πάντων</strong></span> <span class='ocrx_word' id='word_1_692' title='bbox 3304 4755 3502 4825; x_wconf 76' lang='grc' dir='ltr'><strong>μικροῦ</strong></span> <span class='ocrx_word' id='word_1_693' title='bbox 3554 4758 3670 4812; x_wconf 87' lang='grc' dir='ltr'><strong>τῶν</strong></span> 
     </span>
    </p>
   </div>
   <div class='ocr_carea' id='block_1_98' title="bbox 2091 4844 3666 4918">
    <p class='ocr_par' dir='ltr' id='par_1_98' title="bbox 2091 4844 3666 4918">
     <span class='ocr_line' id='line_1_98' title="bbox 2091 4844 3666 4918; baseline 0.002 -20"><span class='ocrx_word' id='word_1_694' title='bbox 2091 4845 2269 4918; x_wconf 86' lang='grc' dir='ltr'><strong>μελῶν</strong></span> <span class='ocrx_word' id='word_1_695' title='bbox 2324 4845 2520 4914; x_wconf 85' lang='grc' dir='ltr'><strong>ἀθρόον</strong></span> <span class='ocrx_word' id='word_1_696' title='bbox 2570 4844 2988 4912; x_wconf 77' lang='grc' dir='ltr'><strong>ἐκκενωθέντος,</strong></span> <span class='ocrx_word' id='word_1_697' title='bbox 3022 4846 3121 4916; x_wconf 79' lang='grc' dir='ltr'><strong>τήν</strong></span> <span class='ocrx_word' id='word_1_698' title='bbox 3149 4863 3209 4899; x_wconf 89' lang='grc' dir='ltr'><strong>τε</strong></span> <span class='ocrx_word' id='word_1_699' title='bbox 3248 4847 3414 4918; x_wconf 76' lang='grc' dir='ltr'><strong>πνοὴν</strong></span> <span class='ocrx_word' id='word_1_700' title='bbox 3459 4849 3666 4912; x_wconf 85' lang='grc' dir='ltr'><strong>ἀνεῖτο,</strong></span> 
     </span>
    </p>
   </div>
   <div class='ocr_carea' id='block_1_99' title="bbox 2083 4937 3668 5009">
    <p class='ocr_par' dir='ltr' id='par_1_99' title="bbox 2083 4937 3668 5009">
     <span class='ocr_line' id='line_1_99' title="bbox 2083 4937 3668 5009; baseline 0.001 -17"><span class='ocrx_word' id='word_1_701' title='bbox 2083 4940 2178 4992; x_wconf 79' lang='grc' dir='ltr'><strong>καὶ</strong></span> <span class='ocrx_word' id='word_1_702' title='bbox 2209 4937 2306 5009; x_wconf 84' lang='grc' dir='ltr'><strong>τὴν</strong></span> <span class='ocrx_word' id='word_1_703' title='bbox 2353 4939 2532 5008; x_wconf 88' lang='grc' dir='ltr'><strong>σάρκα</strong></span> <span class='ocrx_word' id='word_1_704' title='bbox 2578 4937 3050 4990; x_wconf 53' lang='grc' dir='ltr'><strong>κεκαίνιστοδοκαὶ</strong></span> <span class='ocrx_word' id='word_1_705' title='bbox 3097 4939 3130 5007; x_wconf 76' lang='grc' dir='ltr'><strong>ἡ</strong></span> <span class='ocrx_word' id='word_1_706' title='bbox 3181 4939 3362 5008; x_wconf 79' lang='grc' dir='ltr'><strong>μορφὴ</strong></span> <span class='ocrx_word' id='word_1_707' title='bbox 3415 4940 3473 4990; x_wconf 80' lang='grc' dir='ltr'><strong>ὲν</strong></span> <span class='ocrx_word' id='word_1_708' title='bbox 3516 4942 3668 5008; x_wconf 77' lang='grc' dir='ltr'><strong>τρισὶ</strong></span> 
     </span>
    </p>
   </div>
   <div class='ocr_carea' id='block_1_100' title="bbox 394 5027 1988 5101">
    <p class='ocr_par' dir='ltr' id='par_1_100' title="bbox 394 5028 1979 5100">
     <span class='ocr_line' id='line_1_100' title="bbox 394 5028 1979 5100; baseline 0.001 -16"><span class='ocrx_word' id='word_1_709' title='bbox 394 5030 568 5086; x_wconf 83' lang='lat' dir='ltr'><strong>statui</strong></span> <span class='ocrx_word' id='word_1_710' title='bbox 602 5029 918 5083; x_wconf 85' lang='lat' dir='ltr'><strong>vindicatus</strong></span> <span class='ocrx_word' id='word_1_711' title='bbox 937 5037 1043 5083; x_wconf 88' lang='lat' dir='ltr'><strong>est.</strong></span> <span class='ocrx_word' id='word_1_712' title='bbox 1078 5028 1330 5098; x_wconf 88' lang='lat' dir='ltr'><strong>Denique</strong></span> <span class='ocrx_word' id='word_1_713' title='bbox 1353 5030 1598 5100; x_wconf 84' lang='lat' dir='ltr'><strong>acceptis</strong></span> <span class='ocrx_word' id='word_1_714' title='bbox 1649 5030 1924 5087; x_wconf 86' lang='lat' dir='ltr'><strong>mandatis</strong></span> <span class='ocrx_word' id='word_1_715' title='bbox 1946 5046 1979 5085; x_wconf 89' lang='lat' dir='ltr'><strong>a</strong></span> 
     </span>
    </p>
   </div>
   <div class='ocr_carea' id='block_1_101' title="bbox 2090 5027 3664 5101">
    <p class='ocr_par' dir='ltr' id='par_1_101' title="bbox 2090 5027 3664 5101">
     <span class='ocr_line' id='line_1_101' title="bbox 2090 5027 3664 5101; baseline 0 -17"><span class='ocrx_word' id='word_1_716' title='bbox 2090 5034 2202 5094; x_wconf 87' lang='grc' dir='ltr'><strong>ταῖς</strong></span> <span class='ocrx_word' id='word_1_717' title='bbox 2229 5031 2431 5093; x_wconf 84' lang='grc' dir='ltr'><strong>πάσαις</strong></span> <span class='ocrx_word' id='word_1_718' title='bbox 2480 5027 2717 5099; x_wconf 81' lang='grc' dir='ltr'><strong>ἡμέραις</strong></span> <span class='ocrx_word' id='word_1_719' title='bbox 2761 5031 2840 5092; x_wconf 91' lang='grc' dir='ltr'><strong>είς</strong></span> <span class='ocrx_word' id='word_1_720' title='bbox 2889 5030 2989 5098; x_wconf 83' lang='grc' dir='ltr'><strong>τὴν</strong></span> <span class='ocrx_word' id='word_1_721' title='bbox 3032 5032 3304 5101; x_wconf 85' lang='grc' dir='ltr'><strong>προτέραν</strong></span> <span class='ocrx_word' id='word_1_722' title='bbox 3360 5028 3664 5084; x_wconf 71' lang='grc' dir='ltr'><strong>ἀποκαθειο</strong></span> 
     </span>
    </p>
   </div>
   <div class='ocr_carea' id='block_1_102' title="bbox 394 5110 1988 5194">
    <p class='ocr_par' dir='ltr' id='par_1_102' title="bbox 394 5120 1978 5194">
     <span class='ocr_line' id='line_1_102' title="bbox 394 5120 1978 5194; baseline -0.001 -15"><span class='ocrx_word' id='word_1_723' title='bbox 394 5132 613 5188; x_wconf 77' lang='lat' dir='ltr'><strong>sancto,</strong></span> <span class='ocrx_word' id='word_1_724' title='bbox 634 5136 705 5175; x_wconf 91' lang='lat' dir='ltr'><strong>ne</strong></span> <span class='ocrx_word' id='word_1_725' title='bbox 734 5120 923 5175; x_wconf 88' lang='lat' dir='ltr'><strong>divina</strong></span> <span class='ocrx_word' id='word_1_726' title='bbox 953 5120 1221 5191; x_wconf 89' lang='lat' dir='ltr'><strong>deinceps</strong></span> <span class='ocrx_word' id='word_1_727' title='bbox 1244 5131 1637 5191; x_wconf 87' lang='lat' dir='ltr'><strong>aspernaretur</strong></span> <span class='ocrx_word' id='word_1_728' title='bbox 1679 5131 1978 5194; x_wconf 74' lang='lat' dir='ltr'><strong>praecepta,</strong></span> 
     </span>
    </p>
   </div>
   <div class='ocr_carea' id='block_1_103' title="bbox 2090 5110 3667 5194">
    <p class='ocr_par' dir='ltr' id='par_1_103' title="bbox 2090 5110 3667 5189">
     <span class='ocr_line' id='line_1_103' title="bbox 2090 5110 3667 5189; baseline 0.004 -21"><span class='ocrx_word' id='word_1_729' title='bbox 2090 5118 2267 5187; x_wconf 75' lang='grc' dir='ltr'><strong>στήκει</strong></span> <span class='ocrx_word' id='word_1_730' title='bbox 2309 5115 2451 5184; x_wconf 75' lang='grc' dir='ltr'><strong>ὄψιν.</strong></span> <span class='ocrx_word' id='word_1_731' title='bbox 2504 5117 2565 5168; x_wconf 88' lang='lat' dir='ltr'><strong>&#39;U</strong></span> <span class='ocrx_word' id='word_1_732' title='bbox 2592 5115 2689 5185; x_wconf 84' lang='grc' dir='ltr'><strong>μὲν</strong></span> <span class='ocrx_word' id='word_1_733' title='bbox 2717 5110 2810 5168; x_wconf 80' lang='grc' dir='ltr'><strong>οὖν</strong></span> <span class='ocrx_word' id='word_1_734' title='bbox 2832 5117 3054 5179; x_wconf 75' lang='grc' dir='ltr'><strong>ἐντολὰς</strong></span> <span class='ocrx_word' id='word_1_735' title='bbox 3092 5119 3243 5187; x_wconf 68' lang='grc' dir='ltr'><strong>παρὰ</strong></span> <span class='ocrx_word' id='word_1_736' title='bbox 3292 5117 3385 5171; x_wconf 87' lang='grc' dir='ltr'><strong>τοῦ</strong></span> <span class='ocrx_word' id='word_1_737' title='bbox 3431 5119 3667 5189; x_wconf 85' lang='grc' dir='ltr'><strong>Συμεὼν</strong></span> 
     </span>
    </p>
   </div>
   <div class='ocr_carea' id='block_1_104' title="bbox 388 5204 1988 5285">
    <p class='ocr_par' dir='ltr' id='par_1_104' title="bbox 388 5211 1980 5285">
     <span class='ocr_line' id='line_1_104' title="bbox 388 5211 1980 5285; baseline 0.004 -22"><span class='ocrx_word' id='word_1_738' title='bbox 388 5212 831 5283; x_wconf 79' lang='lat' dir='ltr'><strong>.autproximum</strong></span> <span class='ocrx_word' id='word_1_739' title='bbox 863 5211 1134 5267; x_wconf 87' lang='lat' dir='ltr'><strong>conviciis</strong></span> <span class='ocrx_word' id='word_1_740' title='bbox 1159 5222 1445 5280; x_wconf 87' lang='lat' dir='ltr'><strong>oneraret,</strong></span> <span class='ocrx_word' id='word_1_741' title='bbox 1489 5212 1703 5285; x_wconf 81' lang='lat' dir='ltr'><strong>integre</strong></span> <span class='ocrx_word' id='word_1_742' title='bbox 1752 5223 1980 5270; x_wconf 79' lang='lat' dir='ltr'><strong>sanatus</strong></span> 
     </span>
    </p>
   </div>
   <div class='ocr_carea' id='block_1_105' title="bbox 2090 5204 3666 5285">
    <p class='ocr_par' dir='ltr' id='par_1_105' title="bbox 2090 5205 3666 5279">
     <span class='ocr_line' id='line_1_105' title="bbox 2090 5205 3666 5279; baseline 0.003 -21"><span class='ocrx_word' id='word_1_743' title='bbox 2090 5205 2278 5271; x_wconf 72' lang='grc' dir='ltr'><strong>λαϐὼν,</strong></span> <span class='ocrx_word' id='word_1_744' title='bbox 2303 5205 2530 5259; x_wconf 76' lang='grc' dir='ltr'><strong>ἐντολῶν</strong></span> <span class='ocrx_word' id='word_1_745' title='bbox 2565 5209 2763 5278; x_wconf 81' lang='grc' dir='ltr'><strong>μηκέτι</strong></span> <span class='ocrx_word' id='word_1_746' title='bbox 2791 5205 2951 5259; x_wconf 88' lang='grc' dir='ltr'><strong>θείων</strong></span> <span class='ocrx_word' id='word_1_747' title='bbox 2984 5206 3269 5277; x_wconf 84' lang='grc' dir='ltr'><strong>ὀλιγωρεῖν</strong></span> <span class='ocrx_word' id='word_1_748' title='bbox 3305 5247 3320 5273; x_wconf 91' lang='grc'><strong>,</strong></span> <span class='ocrx_word' id='word_1_749' title='bbox 3354 5208 3489 5279; x_wconf 80' lang='grc' dir='ltr'><strong>μηδὲ</strong></span> <span class='ocrx_word' id='word_1_750' title='bbox 3516 5210 3666 5263; x_wconf 66' lang='lat' dir='ltr'><strong>ovs:-</strong></span> 
     </span>
    </p>
   </div>
   <div class='ocr_carea' id='block_1_106' title="bbox 396 5294 1988 5373">
    <p class='ocr_par' dir='ltr' id='par_1_106' title="bbox 396 5303 897 5373">
     <span class='ocr_line' id='line_1_106' title="bbox 396 5303 897 5373; baseline -0.002 -15"><span class='ocrx_word' id='word_1_751' title='bbox 396 5303 626 5358; x_wconf 84' lang='lat' dir='ltr'><strong>domum</strong></span> <span class='ocrx_word' id='word_1_752' title='bbox 657 5303 897 5373; x_wconf 80' lang='lat' dir='ltr'><strong>repetiit.</strong></span> 
     </span>
    </p>
   </div>
   <div class='ocr_carea' id='block_1_107' title="bbox 2090 5294 3666 5373">
    <p class='ocr_par' dir='ltr' id='par_1_107' title="bbox 2090 5294 3666 5373">
     <span class='ocr_line' id='line_1_107' title="bbox 2090 5294 3666 5373; baseline 0.005 -26"><span class='ocrx_word' id='word_1_753' title='bbox 2090 5294 2268 5365; x_wconf 74' lang='grc' dir='ltr'><strong>Βισμὺν</strong></span> <span class='ocrx_word' id='word_1_754' title='bbox 2325 5294 2623 5365; x_wconf 87' lang='grc' dir='ltr'><strong>λαμϐάνειν</strong></span> <span class='ocrx_word' id='word_1_755' title='bbox 2682 5298 2773 5348; x_wconf 72' lang='grc' dir='ltr'><strong>ἐπὶ</strong></span> <span class='ocrx_word' id='word_1_756' title='bbox 2812 5298 2926 5361; x_wconf 89' lang='grc' dir='ltr'><strong>τοῖς</strong></span> <span class='ocrx_word' id='word_1_757' title='bbox 2987 5296 3227 5367; x_wconf 75' lang='grc' dir='ltr'><strong>ἔγγιστα</strong></span> <span class='ocrx_word' id='word_1_758' title='bbox 3274 5297 3468 5369; x_wconf 72' lang='grc' dir='ltr'><strong>αὐτοῦ,</strong></span> <span class='ocrx_word' id='word_1_759' title='bbox 3499 5300 3666 5373; x_wconf 79' lang='grc' dir='ltr'><strong>ὑγιὴς</strong></span> 
     </span>
    </p>
   </div>
   <div class='ocr_carea' id='block_1_108' title="bbox 2074 5385 2702 5459">
    <p class='ocr_par' dir='ltr' id='par_1_108' title="bbox 2074 5385 2702 5459">
     <span class='ocr_line' id='line_1_108' title="bbox 2074 5385 2702 5459; baseline 0.002 -19"><span class='ocrx_word' id='word_1_760' title='bbox 2074 5385 2219 5448; x_wconf 84' lang='grc' dir='ltr'><strong>τέλος</strong></span> <span class='ocrx_word' id='word_1_761' title='bbox 2241 5387 2421 5441; x_wconf 73' lang='grc' dir='ltr'><strong>οἴκαδε</strong></span> <span class='ocrx_word' id='word_1_762' title='bbox 2456 5387 2702 5459; x_wconf 80' lang='grc' dir='ltr'><strong>ἐπανῄει.</strong></span> 
     </span>
    </p>
   </div>
   <div class='ocr_carea' id='block_1_109' title="bbox 1812 5484 2292 5565">
    <p class='ocr_par' dir='ltr' id='par_1_109' title="bbox 1812 5484 2292 5565">
     <span class='ocr_line' id='line_1_109' title="bbox 1812 5484 2292 5565; baseline 0.002 -2"><span class='ocrx_word' id='word_1_763' title='bbox 1812 5507 2038 5565; x_wconf 83' lang='lat' dir='ltr'><strong>CAPUT</strong></span> <span class='ocrx_word' id='word_1_764' title='bbox 2068 5484 2292 5564; x_wconf 61' lang='lat' dir='ltr'><strong>XXVII.</strong></span> 
     </span>
    </p>
   </div>
   <div class='ocr_carea' id='block_1_110' title="bbox 1067 5601 2994 5675">
    <p class='ocr_par' dir='ltr' id='par_1_110' title="bbox 1067 5601 2994 5675">
     <span class='ocr_line' id='line_1_110' title="bbox 1067 5601 2994 5675; baseline 0.001 -18"><span class='ocrx_word' id='word_1_765' title='bbox 1067 5602 1281 5658; x_wconf 79' lang='lat' dir='ltr'><strong>Occulta</strong></span> <span class='ocrx_word' id='word_1_766' title='bbox 1330 5610 1545 5674; x_wconf 81' lang='lat' dir='ltr'><strong>peccata</strong></span> <span class='ocrx_word' id='word_1_767' title='bbox 1595 5605 1825 5675; x_wconf 84' lang='lat' dir='ltr'><strong>cognita.</strong></span> <span class='ocrx_word' id='word_1_768' title='bbox 1870 5601 2113 5658; x_wconf 82' lang='lat' dir='ltr'><strong>Aliorum</strong></span> <span class='ocrx_word' id='word_1_769' title='bbox 2156 5603 2653 5658; x_wconf 78' lang='lat' dir='ltr'><strong>contumeliosarum</strong></span> <span class='ocrx_word' id='word_1_770' title='bbox 2694 5604 2994 5675; x_wconf 77' lang='lat' dir='ltr'><strong>castigatio.</strong></span> 
     </span>
    </p>
   </div>
   <div class='ocr_carea' id='block_1_111' title="bbox 470 5706 1988 5785">
    <p class='ocr_par' dir='ltr' id='par_1_111' title="bbox 470 5706 1978 5777">
     <span class='ocr_line' id='line_1_111' title="bbox 470 5706 1978 5777; baseline 0.004 -17"><span class='ocrx_word' id='word_1_771' title='bbox 470 5706 595 5760; x_wconf 70' lang='lat' dir='ltr'><strong>Sitti.</strong></span> <span class='ocrx_word' id='word_1_772' title='bbox 634 5707 958 5763; x_wconf 80' lang='lat' dir='ltr'><strong>Theodorus</strong></span> <span class='ocrx_word' id='word_1_773' title='bbox 983 5708 1205 5777; x_wconf 88' lang='lat' dir='ltr'><strong>quidam</strong></span> <span class='ocrx_word' id='word_1_774' title='bbox 1242 5712 1589 5777; x_wconf 86' lang='lat' dir='ltr'><strong>scriniarius,</strong></span> <span class='ocrx_word' id='word_1_775' title='bbox 1616 5713 1841 5767; x_wconf 84' lang='lat' dir='ltr'><strong>natione</strong></span> <span class='ocrx_word' id='word_1_776' title='bbox 1866 5711 1978 5766; x_wconf 81' lang='lat' dir='ltr'><strong>An-</strong></span> 
     </span>
    </p>
   </div>
   <div class='ocr_carea' id='block_1_112' title="bbox 2090 5706 3667 5785">
    <p class='ocr_par' dir='ltr' id='par_1_112' title="bbox 2155 5712 3667 5785">
     <span class='ocr_line' id='line_1_112' title="bbox 2155 5712 3667 5785; baseline 0.003 -20"><span class='ocrx_word' id='word_1_777' title='bbox 2155 5718 2286 5777; x_wconf 82' lang='grc' dir='ltr'><strong>σις-’.</strong></span> <span class='ocrx_word' id='word_1_778' title='bbox 2310 5712 2581 5783; x_wconf 84' lang='grc' dir='ltr'><strong>Θεόδωρος</strong></span> <span class='ocrx_word' id='word_1_779' title='bbox 2606 5712 2663 5765; x_wconf 85' lang='grc' dir='ltr'><em>δέ</em></span> <span class='ocrx_word' id='word_1_780' title='bbox 2692 5728 2775 5775; x_wconf 85' lang='grc' dir='ltr'><strong>τις</strong></span> <span class='ocrx_word' id='word_1_781' title='bbox 2799 5713 3155 5784; x_wconf 80' lang='grc' dir='ltr'><strong>σκρινιάριος,</strong></span> <span class='ocrx_word' id='word_1_782' title='bbox 3177 5712 3237 5768; x_wconf 75' lang='grc' dir='ltr'><strong>τὸ</strong></span> <span class='ocrx_word' id='word_1_783' title='bbox 3262 5714 3420 5785; x_wconf 81' lang='grc' dir='ltr'><strong>γένος</strong></span> <span class='ocrx_word' id='word_1_784' title='bbox 3458 5713 3667 5769; x_wconf 71' lang='grc' dir='ltr'><strong>Ἀντιο-</strong></span> 
     </span>
    </p>
   </div>
   <div class='ocr_carea' id='block_1_113' title="bbox 464 5842 3326 5926">
    <p class='ocr_par' dir='ltr' id='par_1_113' title="bbox 464 5842 3326 5926">
     <span class='ocr_line' id='line_1_113' title="bbox 464 5842 3326 5926; baseline 0.005 -32"><span class='ocrx_word' id='word_1_785' title='bbox 464 5842 584 5914; x_wconf 65' lang='lat'><strong>{57;</strong></span> <span class='ocrx_word' id='word_1_786' title='bbox 612 5844 768 5915; x_wconf 85' lang='lat' dir='ltr'><strong>Sura,</strong></span> <span class='ocrx_word' id='word_1_787' title='bbox 794 5844 963 5917; x_wconf 77' lang='lat' dir='ltr'><strong>Syria:</strong></span> <span class='ocrx_word' id='word_1_788' title='bbox 995 5846 1363 5919; x_wconf 73' lang='lat' dir='ltr'><strong>Euphratesia</strong></span> <span class='ocrx_word' id='word_1_789' title='bbox 1406 5850 1591 5904; x_wconf 75' lang='lat' dir='ltr'><strong>civitas</strong></span> <span class='ocrx_word' id='word_1_790' title='bbox 1625 5849 1953 5920; x_wconf 74' lang='lat' dir='ltr'><strong>episcopalis,</strong></span> <span class='ocrx_word' id='word_1_791' title='bbox 1983 5849 2047 5905; x_wconf 84' lang='lat' dir='ltr'><strong>ab</strong></span> <span class='ocrx_word' id='word_1_792' title='bbox 2076 5849 2355 5908; x_wconf 77' lang='lat' dir='ltr'><strong>Antiochia</strong></span> <span class='ocrx_word' id='word_1_793' title='bbox 2388 5858 2589 5906; x_wconf 84' lang='lat' dir='ltr'><strong>remota</strong></span> <span class='ocrx_word' id='word_1_794' title='bbox 2614 5848 2718 5907; x_wconf 70' lang='lat'><strong>250</strong></span> <span class='ocrx_word' id='word_1_795' title='bbox 2745 5865 2797 5922; x_wconf 91' lang='lat' dir='ltr'><strong>p.</strong></span> <span class='ocrx_word' id='word_1_796' title='bbox 2835 5866 2907 5907; x_wconf 92' lang='lat' dir='ltr'><strong>m.</strong></span> <span class='ocrx_word' id='word_1_797' title='bbox 2951 5859 3044 5908; x_wconf 81' lang='lat' dir='ltr'><strong>aut</strong></span> <span class='ocrx_word' id='word_1_798' title='bbox 3072 5850 3326 5926; x_wconf 71' lang='lat' dir='ltr'><strong>amplius.</strong></span> 
     </span>
    </p>
   </div>
   <div class='ocr_carea' id='block_1_114' title="bbox 3612 5918 3661 5947">
    <p class='ocr_par' dir='ltr' id='par_1_114' title="bbox 3612 5918 3661 5947">
     <span class='ocr_line' id='line_1_114' title="bbox 3612 5918 3661 5947; baseline 0 0"><span class='ocrx_word' id='word_1_799' title='bbox 3612 5918 3661 5947; x_wconf 44' lang='lat'><strong>2»:</strong></span> 
     </span>
    </p>
   </div>
  </div>
