  <div class='ocr_page' id='page_1' title='image "/cluster/home/n/w/nwhite01/storage/ocr_20150623/86:pt.2/coo.31924054869890/720.png"; bbox 0 0 4018 6388; ppageno 0'>
   <div class='ocr_carea' id='block_1_1' title="bbox 397 408 551 481">
    <p class='ocr_par' dir='ltr' id='par_1_1' title="bbox 397 408 551 481">
     <span class='ocr_line' id='line_1_1' title="bbox 397 408 551 481; baseline 0.032 -6"><span class='ocrx_word' id='word_1_1' title='bbox 397 408 551 481; x_wconf 71' lang='grc' dir='ltr'><strong>3ιὸῗὶ</strong></span> 
     </span>
    </p>
   </div>
   <div class='ocr_carea' id='block_1_2' title="bbox 1407 397 2653 480">
    <p class='ocr_par' dir='ltr' id='par_1_2' title="bbox 1407 397 2653 480">
     <span class='ocr_line' id='line_1_2' title="bbox 1407 397 2653 480; baseline 0.001 -3"><span class='ocrx_word' id='word_1_2' title='bbox 1407 397 1578 477; x_wconf 72' lang='lat' dir='ltr'><strong>tum</strong></span> <span class='ocrx_word' id='word_1_3' title='bbox 1618 416 1666 477; x_wconf 79' lang='grc' dir='ltr'><strong>Α</strong></span> <span class='ocrx_word' id='word_1_4' title='bbox 1703 400 2141 478; x_wconf 80' lang='lat' dir='ltr'><strong>NICEPHORO</strong></span> <span class='ocrx_word' id='word_1_5' title='bbox 2176 402 2653 480; x_wconf 66' lang='lat' dir='ltr'><strong>coNsc‘meu‘.</strong></span> 
     </span>
    </p>
   </div>
   <div class='ocr_carea' id='block_1_3' title="bbox 3532 412 3672 478">
    <p class='ocr_par' dir='ltr' id='par_1_3' title="bbox 3532 412 3672 478">
     <span class='ocr_line' id='line_1_3' title="bbox 3532 412 3672 478; baseline 0.021 -3"><span class='ocrx_word' id='word_1_6' title='bbox 3532 412 3672 478; x_wconf 69' lang='lat'><strong>3196</strong></span> 
     </span>
    </p>
   </div>
   <div class='ocr_carea' id='block_1_4' title="bbox 400 510 1994 593">
    <p class='ocr_par' dir='ltr' id='par_1_4' title="bbox 400 510 1994 593">
     <span class='ocr_line' id='line_1_4' title="bbox 400 510 1994 593; baseline 0 -20"><span class='ocrx_word' id='word_1_7' title='bbox 400 516 536 593; x_wconf 64' lang='grc' dir='ltr'>χοῦς</span> <span class='ocrx_word' id='word_1_8' title='bbox 564 516 744 590; x_wconf 66' lang='grc' dir='ltr'>λέπρᾳ</span> <span class='ocrx_word' id='word_1_9' title='bbox 775 515 837 571; x_wconf 78' lang='grc' dir='ltr'>τὸ</span> <span class='ocrx_word' id='word_1_10' title='bbox 874 515 982 569; x_wconf 79' lang='grc' dir='ltr'>πᾶν</span> <span class='ocrx_word' id='word_1_11' title='bbox 1006 514 1298 586; x_wconf 80' lang='grc' dir='ltr'>ἐξηνθήκει</span> <span class='ocrx_word' id='word_1_12' title='bbox 1344 518 1526 590; x_wconf 84' lang='grc' dir='ltr'>σῶμα.</span> <span class='ocrx_word' id='word_1_13' title='bbox 1562 510 1733 584; x_wconf 75' lang='grc' dir='ltr'>Οὗτος</span> <span class='ocrx_word' id='word_1_14' title='bbox 1776 520 1994 589; x_wconf 80' lang='grc' dir='ltr'>ἁπάσης</span> 
     </span>
    </p>
   </div>
   <div class='ocr_carea' id='block_1_5' title="bbox 2100 510 3672 593">
    <p class='ocr_par' dir='ltr' id='par_1_5' title="bbox 2100 516 3672 592">
     <span class='ocr_line' id='line_1_5' title="bbox 2100 516 3672 592; baseline -0.001 -17"><span class='ocrx_word' id='word_1_15' title='bbox 2100 520 2390 576; x_wconf 83' lang='lat' dir='ltr'><strong>tiochenus</strong></span> <span class='ocrx_word' id='word_1_16' title='bbox 2429 520 2565 592; x_wconf 80' lang='lat'><strong>(58),</strong></span> <span class='ocrx_word' id='word_1_17' title='bbox 2598 521 2755 589; x_wconf 71' lang='lat' dir='ltr'><strong>lepra</strong></span> <span class='ocrx_word' id='word_1_18' title='bbox 2782 516 3033 575; x_wconf 86' lang='lat' dir='ltr'><strong>scatebat</strong></span> <span class='ocrx_word' id='word_1_19' title='bbox 3062 527 3179 575; x_wconf 85' lang='lat' dir='ltr'><strong>toto</strong></span> <span class='ocrx_word' id='word_1_20' title='bbox 3213 533 3441 589; x_wconf 83' lang='lat' dir='ltr'><strong>corpore</strong></span> <span class='ocrx_word' id='word_1_21' title='bbox 3471 538 3483 572; x_wconf 91' lang='lat'>:</span> <span class='ocrx_word' id='word_1_22' title='bbox 3516 535 3672 574; x_wconf 86' lang='lat' dir='ltr'><strong>cum-</strong></span> 
     </span>
    </p>
   </div>
   <div class='ocr_carea' id='block_1_6' title="bbox 401 604 1991 681">
    <p class='ocr_par' dir='ltr' id='par_1_6' title="bbox 401 604 1991 681">
     <span class='ocr_line' id='line_1_6' title="bbox 401 604 1991 681; baseline -0.001 -15"><span class='ocrx_word' id='word_1_23' title='bbox 401 610 681 680; x_wconf 77' lang='grc' dir='ltr'>ἀπογνοὺς</span> <span class='ocrx_word' id='word_1_24' title='bbox 722 608 1042 680; x_wconf 76' lang='grc' dir='ltr'>θεραπείας,</span> <span class='ocrx_word' id='word_1_25' title='bbox 1072 604 1163 661; x_wconf 70' lang='grc' dir='ltr'>οἷα</span> <span class='ocrx_word' id='word_1_26' title='bbox 1196 607 1293 662; x_wconf 81' lang='grc' dir='ltr'>καὶ</span> <span class='ocrx_word' id='word_1_27' title='bbox 1328 609 1509 679; x_wconf 81' lang='grc' dir='ltr'><strong>πάσης</strong></span> <span class='ocrx_word' id='word_1_28' title='bbox 1555 609 1727 680; x_wconf 78' lang='grc' dir='ltr'>αὐτῆς</span> <span class='ocrx_word' id='word_1_29' title='bbox 1762 610 1899 681; x_wconf 82' lang='grc' dir='ltr'>πρὸς</span> <span class='ocrx_word' id='word_1_30' title='bbox 1929 609 1991 664; x_wconf 75' lang='grc' dir='ltr'>τὸ</span> 
     </span>
    </p>
   </div>
   <div class='ocr_carea' id='block_1_7' title="bbox 403 698 1992 774">
    <p class='ocr_par' dir='ltr' id='par_1_7' title="bbox 403 698 1992 774">
     <span class='ocr_line' id='line_1_7' title="bbox 403 698 1992 774; baseline -0.003 -15"><span class='ocrx_word' id='word_1_31' title='bbox 403 703 581 768; x_wconf 70' lang='grc' dir='ltr'>πάθος</span> <span class='ocrx_word' id='word_1_32' title='bbox 609 701 1005 773; x_wconf 78' lang='grc' dir='ltr'>ἀπειρηκυίας,</span> <span class='ocrx_word' id='word_1_33' title='bbox 1035 700 1131 755; x_wconf 84' lang='grc' dir='ltr'>καὶ</span> <span class='ocrx_word' id='word_1_34' title='bbox 1173 698 1419 771; x_wconf 79' lang='grc' dir='ltr'><strong>μείζονος</strong></span> <span class='ocrx_word' id='word_1_35' title='bbox 1452 700 1652 770; x_wconf 87' lang='grc' dir='ltr'>ίατρῶν</span> <span class='ocrx_word' id='word_1_36' title='bbox 1681 700 1777 755; x_wconf 80' lang='grc' dir='ltr'>καὶ</span> <span class='ocrx_word' id='word_1_37' title='bbox 1807 700 1992 774; x_wconf 75' lang='grc' dir='ltr'>χειρὸς</span> 
     </span>
    </p>
   </div>
   <div class='ocr_carea' id='block_1_8' title="bbox 401 791 1993 865">
    <p class='ocr_par' dir='ltr' id='par_1_8' title="bbox 401 791 1993 865">
     <span class='ocr_line' id='line_1_8' title="bbox 401 791 1993 865; baseline -0.004 -14"><span class='ocrx_word' id='word_1_38' title='bbox 401 793 503 852; x_wconf 67' lang='grc' dir='ltr'>καὶ</span> <span class='ocrx_word' id='word_1_39' title='bbox 525 797 723 865; x_wconf 77' lang='grc' dir='ltr'>τέχνης</span> <span class='ocrx_word' id='word_1_40' title='bbox 746 793 940 848; x_wconf 88' lang='grc' dir='ltr'>τούτου</span> <span class='ocrx_word' id='word_1_41' title='bbox 973 793 1366 862; x_wconf 81' lang='grc' dir='ltr'><strong>γεγενημένου,</strong></span> <span class='ocrx_word' id='word_1_42' title='bbox 1396 793 1549 863; x_wconf 83' lang='grc' dir='ltr'>παρὰ</span> <span class='ocrx_word' id='word_1_43' title='bbox 1574 792 1666 846; x_wconf 79' lang='grc' dir='ltr'>τὸν</span> <span class='ocrx_word' id='word_1_44' title='bbox 1707 791 1852 847; x_wconf 81' lang='grc' dir='ltr'>θεῖον</span> <span class='ocrx_word' id='word_1_45' title='bbox 1889 792 1993 846; x_wconf 88' lang='grc' dir='ltr'><strong>Συ-</strong></span> 
     </span>
    </p>
   </div>
   <div class='ocr_carea' id='block_1_9' title="bbox 404 884 1992 960">
    <p class='ocr_par' dir='ltr' id='par_1_9' title="bbox 404 884 1992 960">
     <span class='ocr_line' id='line_1_9' title="bbox 404 884 1992 960; baseline -0.003 -19"><span class='ocrx_word' id='word_1_46' title='bbox 404 886 557 960; x_wconf 76' lang='grc' dir='ltr'>μεὼν</span> <span class='ocrx_word' id='word_1_47' title='bbox 606 885 968 956; x_wconf 76' lang='grc' dir='ltr'><strong>καταφεύγει.</strong></span> <span class='ocrx_word' id='word_1_48' title='bbox 1010 884 1100 949; x_wconf 82' lang='grc' dir='ltr'>Ὠς</span> <span class='ocrx_word' id='word_1_49' title='bbox 1147 884 1214 939; x_wconf 84' lang='grc' dir='ltr'>ἂν</span> <span class='ocrx_word' id='word_1_50' title='bbox 1255 884 1315 939; x_wconf 75' lang='grc' dir='ltr'>δὲ</span> <span class='ocrx_word' id='word_1_51' title='bbox 1362 885 1500 958; x_wconf 78' lang='grc' dir='ltr'>πρὸς</span> <span class='ocrx_word' id='word_1_52' title='bbox 1539 884 1762 939; x_wconf 77' lang='grc' dir='ltr'><strong>πλείονα</strong></span> <span class='ocrx_word' id='word_1_53' title='bbox 1803 884 1992 940; x_wconf 85' lang='grc' dir='ltr'>τοῦτον</span> 
     </span>
    </p>
   </div>
   <div class='ocr_carea' id='block_1_10' title="bbox 400 969 1992 1047">
    <p class='ocr_par' dir='ltr' id='par_1_10' title="bbox 400 969 1992 1047">
     <span class='ocr_line' id='line_1_10' title="bbox 400 969 1992 1047; baseline -0.003 -15"><span class='ocrx_word' id='word_1_54' title='bbox 400 977 755 1047; x_wconf 74' lang='grc' dir='ltr'>ἐπαγάγηται</span> <span class='ocrx_word' id='word_1_55' title='bbox 804 969 1008 1039; x_wconf 72' lang='grc' dir='ltr'>οἶκτον,</span> <span class='ocrx_word' id='word_1_56' title='bbox 1052 974 1194 1043; x_wconf 75' lang='grc' dir='ltr'>ἔγνω</span> <span class='ocrx_word' id='word_1_57' title='bbox 1226 973 1467 1028; x_wconf 83' lang='grc' dir='ltr'>τοιοῦτον</span> <span class='ocrx_word' id='word_1_58' title='bbox 1511 973 1723 1045; x_wconf 79' lang='grc' dir='ltr'>ινδυμα</span> <span class='ocrx_word' id='word_1_59' title='bbox 1768 974 1992 1045; x_wconf 80' lang='grc' dir='ltr'>περιθέ-</span> 
     </span>
    </p>
   </div>
   <div class='ocr_carea' id='block_1_11' title="bbox 401 1064 1992 1140">
    <p class='ocr_par' dir='ltr' id='par_1_11' title="bbox 401 1064 1992 1140">
     <span class='ocr_line' id='line_1_11' title="bbox 401 1064 1992 1140; baseline -0.005 -15"><span class='ocrx_word' id='word_1_60' title='bbox 401 1069 559 1135; x_wconf 78' lang='grc' dir='ltr'>σθαι,</span> <span class='ocrx_word' id='word_1_61' title='bbox 587 1069 662 1132; x_wconf 80' lang='grc' dir='ltr'><strong>ὡς</strong></span> <span class='ocrx_word' id='word_1_62' title='bbox 698 1067 939 1140; x_wconf 77' lang='grc' dir='ltr'><strong>εὐχερῶς</strong></span> <span class='ocrx_word' id='word_1_63' title='bbox 984 1067 1129 1136; x_wconf 74' lang='grc' dir='ltr'>ἔχειν</span> <span class='ocrx_word' id='word_1_64' title='bbox 1169 1065 1445 1132; x_wconf 77' lang='grc' dir='ltr'>ὑποδεῖξαι</span> <span class='ocrx_word' id='word_1_65' title='bbox 1483 1066 1848 1136; x_wconf 83' lang='grc' dir='ltr'>γυμνώσαντα</span> <span class='ocrx_word' id='word_1_66' title='bbox 1891 1064 1992 1135; x_wconf 86' lang='grc' dir='ltr'>τὴν</span> 
     </span>
    </p>
   </div>
   <div class='ocr_carea' id='block_1_12' title="bbox 402 1156 1993 1234">
    <p class='ocr_par' dir='ltr' id='par_1_12' title="bbox 402 1156 1993 1234">
     <span class='ocr_line' id='line_1_12' title="bbox 402 1156 1993 1234; baseline -0.004 -17"><span class='ocrx_word' id='word_1_67' title='bbox 402 1161 617 1234; x_wconf 80' lang='grc' dir='ltr'>λέπραν</span> <span class='ocrx_word' id='word_1_68' title='bbox 642 1160 857 1230; x_wconf 85' lang='grc' dir='ltr'>ἐκείνῳ.</span> <span class='ocrx_word' id='word_1_69' title='bbox 890 1159 1289 1231; x_wconf 80' lang='grc' dir='ltr'>Αἰσχυνόμενος</span> <span class='ocrx_word' id='word_1_70' title='bbox 1314 1159 1496 1213; x_wconf 83' lang='grc' dir='ltr'>τοίνυν</span> <span class='ocrx_word' id='word_1_71' title='bbox 1528 1158 1620 1213; x_wconf 81' lang='grc' dir='ltr'>ἐπὶ</span> <span class='ocrx_word' id='word_1_72' title='bbox 1652 1156 1763 1211; x_wconf 91' lang='grc' dir='ltr'><strong>τῶν</strong></span> <span class='ocrx_word' id='word_1_73' title='bbox 1790 1157 1993 1230; x_wconf 85' lang='grc' dir='ltr'>παρόν-</span> 
     </span>
    </p>
   </div>
   <div class='ocr_carea' id='block_1_13' title="bbox 400 1245 1993 1323">
    <p class='ocr_par' dir='ltr' id='par_1_13' title="bbox 400 1245 1993 1323">
     <span class='ocr_line' id='line_1_13' title="bbox 400 1245 1993 1323; baseline -0.003 -15"><span class='ocrx_word' id='word_1_74' title='bbox 400 1271 515 1308; x_wconf 77' lang='grc' dir='ltr'><strong>των</strong></span> <span class='ocrx_word' id='word_1_75' title='bbox 554 1250 862 1321; x_wconf 79' lang='grc' dir='ltr'>ἐκκαλύψαι</span> <span class='ocrx_word' id='word_1_76' title='bbox 920 1250 1021 1321; x_wconf 84' lang='grc' dir='ltr'>τὴν</span> <span class='ocrx_word' id='word_1_77' title='bbox 1068 1251 1269 1323; x_wconf 82' lang='grc' dir='ltr'>σάρκα,</span> <span class='ocrx_word' id='word_1_78' title='bbox 1302 1250 1495 1321; x_wconf 74' lang='grc' dir='ltr'>καιρὸν</span> <span class='ocrx_word' id='word_1_79' title='bbox 1531 1245 1601 1321; x_wconf 84' lang='grc' dir='ltr'>ἦν</span> <span class='ocrx_word' id='word_1_80' title='bbox 1629 1250 1830 1303; x_wconf 73' lang='grc' dir='ltr'>οἰκεῖον</span> <span class='ocrx_word' id='word_1_81' title='bbox 1872 1251 1993 1303; x_wconf 88' lang='grc' dir='ltr'>ἐπι-</span> 
     </span>
    </p>
   </div>
   <div class='ocr_carea' id='block_1_14' title="bbox 402 1344 1990 1419">
    <p class='ocr_par' dir='ltr' id='par_1_14' title="bbox 402 1344 1990 1419">
     <span class='ocr_line' id='line_1_14' title="bbox 402 1344 1990 1419; baseline 0 -17"><span class='ocrx_word' id='word_1_82' title='bbox 402 1346 713 1419; x_wconf 79' lang='grc' dir='ltr'>φυλάττων.</span> <span class='ocrx_word' id='word_1_83' title='bbox 748 1346 930 1416; x_wconf 86' lang='grc' dir='ltr'><strong>Ὅπερ</strong></span> <span class='ocrx_word' id='word_1_84' title='bbox 956 1345 1115 1416; x_wconf 86' lang='grc' dir='ltr'>δῆλον</span> <span class='ocrx_word' id='word_1_85' title='bbox 1145 1348 1259 1410; x_wconf 82' lang='grc' dir='ltr'>τοῖς</span> <span class='ocrx_word' id='word_1_86' title='bbox 1296 1344 1392 1399; x_wconf 81' lang='grc' dir='ltr'>τοῦ</span> <span class='ocrx_word' id='word_1_87' title='bbox 1435 1344 1746 1416; x_wconf 84' lang='grc' dir='ltr'>πνεύματος</span> <span class='ocrx_word' id='word_1_88' title='bbox 1784 1345 1990 1415; x_wconf 81' lang='grc' dir='ltr'>ὀφθαλ-</span> 
     </span>
    </p>
   </div>
   <div class='ocr_carea' id='block_1_15' title="bbox 404 1434 1993 1512">
    <p class='ocr_par' dir='ltr' id='par_1_15' title="bbox 404 1434 1993 1512">
     <span class='ocr_line' id='line_1_15' title="bbox 404 1434 1993 1512; baseline -0.001 -17"><span class='ocrx_word' id='word_1_89' title='bbox 404 1443 530 1512; x_wconf 76' lang='grc' dir='ltr'>μοῖς</span> <span class='ocrx_word' id='word_1_90' title='bbox 579 1434 657 1511; x_wconf 68' lang='grc' dir='ltr'><strong>τῷ</strong></span> <span class='ocrx_word' id='word_1_91' title='bbox 708 1438 937 1510; x_wconf 83' lang='grc' dir='ltr'>Συμεὼν</span> <span class='ocrx_word' id='word_1_92' title='bbox 988 1438 1212 1508; x_wconf 86' lang='grc' dir='ltr'>γεγονός</span> <span class='ocrx_word' id='word_1_93' title='bbox 1237 1455 1251 1468; x_wconf 92' lang='grc'><strong>·</strong></span> <span class='ocrx_word' id='word_1_94' title='bbox 1306 1438 1465 1504; x_wconf 80' lang='grc' dir='ltr'>Είπέ,</span> <span class='ocrx_word' id='word_1_95' title='bbox 1505 1439 1717 1506; x_wconf 71' lang='grc' dir='ltr'>τέκνον,</span> <span class='ocrx_word' id='word_1_96' title='bbox 1762 1440 1856 1492; x_wconf 75' lang='grc' dir='ltr'>ἐπὶ</span> <span class='ocrx_word' id='word_1_97' title='bbox 1884 1439 1993 1494; x_wconf 88' lang='grc' dir='ltr'><strong>τῶν</strong></span> 
     </span>
    </p>
   </div>
   <div class='ocr_carea' id='block_1_16' title="bbox 399 1532 1994 1606">
    <p class='ocr_par' dir='ltr' id='par_1_16' title="bbox 399 1532 1994 1606">
     <span class='ocr_line' id='line_1_16' title="bbox 399 1532 1994 1606; baseline 0.001 -19"><span class='ocrx_word' id='word_1_98' title='bbox 399 1533 711 1606; x_wconf 79' lang='grc' dir='ltr'>παρόντων,</span> <span class='ocrx_word' id='word_1_99' title='bbox 746 1533 882 1605; x_wconf 78' lang='grc' dir='ltr'>φησὶ</span> <span class='ocrx_word' id='word_1_100' title='bbox 910 1532 1046 1605; x_wconf 82' lang='grc' dir='ltr'>πρὸς</span> <span class='ocrx_word' id='word_1_101' title='bbox 1072 1533 1256 1599; x_wconf 79' lang='grc' dir='ltr'>αὐτὸν,</span> <span class='ocrx_word' id='word_1_102' title='bbox 1285 1533 1408 1587; x_wconf 82' lang='grc' dir='ltr'><strong>ὅτου</strong></span> <span class='ocrx_word' id='word_1_103' title='bbox 1429 1534 1591 1605; x_wconf 83' lang='grc' dir='ltr'>χάριν</span> <span class='ocrx_word' id='word_1_104' title='bbox 1617 1533 1883 1606; x_wconf 76' lang='grc' dir='ltr'>ἐλήλυθας</span> <span class='ocrx_word' id='word_1_105' title='bbox 1911 1536 1994 1598; x_wconf 84' lang='grc' dir='ltr'><strong>είς</strong></span> 
     </span>
    </p>
   </div>
   <div class='ocr_carea' id='block_1_17' title="bbox 399 1624 1991 1698">
    <p class='ocr_par' dir='ltr' id='par_1_17' title="bbox 399 1624 1991 1698">
     <span class='ocr_line' id='line_1_17' title="bbox 399 1624 1991 1698; baseline -0.001 -17"><span class='ocrx_word' id='word_1_106' title='bbox 399 1627 575 1698; x_wconf 73' lang='grc' dir='ltr'>ἡμᾶς.</span> <span class='ocrx_word' id='word_1_107' title='bbox 608 1625 669 1679; x_wconf 86' lang='grc'><strong>’0</strong></span> <span class='ocrx_word' id='word_1_108' title='bbox 713 1625 771 1679; x_wconf 87' lang='grc' dir='ltr'><strong>δέ</strong></span> <span class='ocrx_word' id='word_1_109' title='bbox 817 1624 1192 1694; x_wconf 76' lang='grc' dir='ltr'>καταπλαγεὶς</span> <span class='ocrx_word' id='word_1_110' title='bbox 1235 1625 1315 1696; x_wconf 80' lang='grc' dir='ltr'>τῷ</span> <span class='ocrx_word' id='word_1_111' title='bbox 1360 1625 1650 1697; x_wconf 79' lang='grc' dir='ltr'>παραδόξῳ</span> <span class='ocrx_word' id='word_1_112' title='bbox 1677 1625 1779 1696; x_wconf 83' lang='grc' dir='ltr'>τῆς</span> <span class='ocrx_word' id='word_1_113' title='bbox 1807 1626 1991 1689; x_wconf 83' lang='grc' dir='ltr'>διορά-</span> 
     </span>
    </p>
   </div>
   <div class='ocr_carea' id='block_1_18' title="bbox 404 1711 1993 1788">
    <p class='ocr_par' dir='ltr' id='par_1_18' title="bbox 404 1711 1993 1788">
     <span class='ocr_line' id='line_1_18' title="bbox 404 1711 1993 1788; baseline -0.001 -17"><span class='ocrx_word' id='word_1_114' title='bbox 404 1733 583 1781; x_wconf 76' lang='grc' dir='ltr'>σεωςο</span> <span class='ocrx_word' id='word_1_115' title='bbox 614 1718 762 1781; x_wconf 81' lang='grc' dir='ltr'>ὅπως</span> <span class='ocrx_word' id='word_1_116' title='bbox 793 1715 823 1769; x_wconf 79' lang='grc' dir='ltr'><strong>ὃ</strong></span> <span class='ocrx_word' id='word_1_117' title='bbox 864 1715 1128 1787; x_wconf 79' lang='grc' dir='ltr'>κρύπτων</span> <span class='ocrx_word' id='word_1_118' title='bbox 1152 1712 1222 1787; x_wconf 75' lang='grc' dir='ltr'>ἦν</span> <span class='ocrx_word' id='word_1_119' title='bbox 1248 1717 1330 1781; x_wconf 80' lang='grc' dir='ltr'>εἰς</span> <span class='ocrx_word' id='word_1_120' title='bbox 1354 1718 1585 1788; x_wconf 85' lang='grc' dir='ltr'>καρδίαν</span> <span class='ocrx_word' id='word_1_121' title='bbox 1625 1711 1801 1782; x_wconf 74' lang='grc' dir='ltr'>οὗτος,</span> <span class='ocrx_word' id='word_1_122' title='bbox 1837 1716 1993 1771; x_wconf 83' lang='grc' dir='ltr'>τοῦτο</span> 
     </span>
    </p>
   </div>
   <div class='ocr_carea' id='block_1_19' title="bbox 399 1807 1986 1882">
    <p class='ocr_par' dir='ltr' id='par_1_19' title="bbox 399 1807 1986 1882">
     <span class='ocr_line' id='line_1_19' title="bbox 399 1807 1986 1882; baseline 0.001 -20"><span class='ocrx_word' id='word_1_123' title='bbox 399 1808 538 1879; x_wconf 87' lang='grc' dir='ltr'>παρ’</span> <span class='ocrx_word' id='word_1_124' title='bbox 582 1807 749 1862; x_wconf 82' lang='grc' dir='ltr'>αὐτοῦ</span> <span class='ocrx_word' id='word_1_125' title='bbox 790 1807 1043 1878; x_wconf 81' lang='grc' dir='ltr'>ἀκηκόει,</span> <span class='ocrx_word' id='word_1_126' title='bbox 1072 1809 1256 1863; x_wconf 79' lang='grc' dir='ltr'>πᾶσαν</span> <span class='ocrx_word' id='word_1_127' title='bbox 1295 1809 1460 1874; x_wconf 80' lang='grc' dir='ltr'>εὐθὺς</span> <span class='ocrx_word' id='word_1_128' title='bbox 1487 1808 1623 1864; x_wconf 87' lang='grc' dir='ltr'>αἰδὼ</span> <span class='ocrx_word' id='word_1_129' title='bbox 1657 1810 1986 1882; x_wconf 72' lang='grc' dir='ltr'>ἀπορρίψας,</span> 
     </span>
    </p>
   </div>
   <div class='ocr_carea' id='block_1_20' title="bbox 2093 608 3676 684">
    <p class='ocr_par' dir='ltr' id='par_1_20' title="bbox 2093 608 3676 684">
     <span class='ocr_line' id='line_1_20' title="bbox 2093 608 3676 684; baseline -0.001 -17"><span class='ocrx_word' id='word_1_130' title='bbox 2093 627 2201 683; x_wconf 90' lang='lat' dir='ltr'><strong>que</strong></span> <span class='ocrx_word' id='word_1_131' title='bbox 2221 611 2541 684; x_wconf 72' lang='lat' dir='ltr'><strong>desperaret</strong></span> <span class='ocrx_word' id='word_1_132' title='bbox 2569 610 2912 667; x_wconf 83' lang='lat' dir='ltr'><strong>curationem</strong></span> <span class='ocrx_word' id='word_1_133' title='bbox 2945 625 3188 677; x_wconf 90' lang='lat' dir='ltr'><strong>omnem,</strong></span> <span class='ocrx_word' id='word_1_134' title='bbox 3218 609 3378 680; x_wconf 87' lang='lat' dir='ltr'><strong>quasi</strong></span> <span class='ocrx_word' id='word_1_135' title='bbox 3406 608 3676 666; x_wconf 79' lang='lat' dir='ltr'><strong>defessam</strong></span> 
     </span>
    </p>
   </div>
   <div class='ocr_carea' id='block_1_21' title="bbox 2091 700 3680 777">
    <p class='ocr_par' dir='ltr' id='par_1_21' title="bbox 2091 700 3680 777">
     <span class='ocr_line' id='line_1_21' title="bbox 2091 700 3680 777; baseline -0.001 -18"><span class='ocrx_word' id='word_1_136' title='bbox 2091 705 2429 775; x_wconf 85' lang='lat' dir='ltr'><strong>fractamque</strong></span> <span class='ocrx_word' id='word_1_137' title='bbox 2465 704 2767 777; x_wconf 83' lang='lat' dir='ltr'><strong>pertinacia</strong></span> <span class='ocrx_word' id='word_1_138' title='bbox 2791 703 2944 767; x_wconf 86' lang='lat' dir='ltr'><strong>mali,</strong></span> <span class='ocrx_word' id='word_1_139' title='bbox 2972 702 3312 758; x_wconf 89' lang='lat' dir='ltr'><strong>medicorum</strong></span> <span class='ocrx_word' id='word_1_140' title='bbox 3350 700 3680 758; x_wconf 83' lang='lat' dir='ltr'><strong>industriam</strong></span> 
     </span>
    </p>
   </div>
   <div class='ocr_carea' id='block_1_22' title="bbox 2091 793 3683 865">
    <p class='ocr_par' dir='ltr' id='par_1_22' title="bbox 2091 793 3683 865">
     <span class='ocr_line' id='line_1_22' title="bbox 2091 793 3683 865; baseline -0.001 -14"><span class='ocrx_word' id='word_1_141' title='bbox 2091 804 2150 851; x_wconf 91' lang='lat' dir='ltr'><strong>et</strong></span> <span class='ocrx_word' id='word_1_142' title='bbox 2190 811 2451 851; x_wconf 89' lang='lat' dir='ltr'><strong>manuum</strong></span> <span class='ocrx_word' id='word_1_143' title='bbox 2503 795 2912 850; x_wconf 81' lang='lat' dir='ltr'><strong>auxiliatricum</strong></span> <span class='ocrx_word' id='word_1_144' title='bbox 2961 794 3206 864; x_wconf 87' lang='lat' dir='ltr'><strong>artisque</strong></span> <span class='ocrx_word' id='word_1_145' title='bbox 3251 794 3512 865; x_wconf 87' lang='lat' dir='ltr'><strong>peritiam</strong></span> <span class='ocrx_word' id='word_1_146' title='bbox 3556 793 3683 851; x_wconf 88' lang='lat' dir='ltr'><strong>illu—</strong></span> 
     </span>
    </p>
   </div>
   <div class='ocr_carea' id='block_1_23' title="bbox 2092 886 3682 960">
    <p class='ocr_par' dir='ltr' id='par_1_23' title="bbox 2092 886 3682 960">
     <span class='ocr_line' id='line_1_23' title="bbox 2092 886 3682 960; baseline -0.003 -16"><span class='ocrx_word' id='word_1_147' title='bbox 2092 886 2295 955; x_wconf 88' lang='lat' dir='ltr'><strong>dentis,</strong></span> <span class='ocrx_word' id='word_1_148' title='bbox 2327 889 2396 944; x_wconf 87' lang='lat' dir='ltr'><strong>ad</strong></span> <span class='ocrx_word' id='word_1_149' title='bbox 2449 898 2700 944; x_wconf 89' lang='lat' dir='ltr'><strong>sanctum</strong></span> <span class='ocrx_word' id='word_1_150' title='bbox 2731 887 3060 960; x_wconf 83' lang='lat' dir='ltr'><strong>Symeonem</strong></span> <span class='ocrx_word' id='word_1_151' title='bbox 3108 902 3166 943; x_wconf 87' lang='lat' dir='ltr'><strong>se</strong></span> <span class='ocrx_word' id='word_1_152' title='bbox 3199 886 3399 957; x_wconf 85' lang='lat' dir='ltr'><strong>recipit</strong></span> <span class='ocrx_word' id='word_1_153' title='bbox 3434 904 3448 941; x_wconf 88' lang='lat'><strong>:</strong></span> <span class='ocrx_word' id='word_1_154' title='bbox 3480 886 3571 942; x_wconf 88' lang='lat' dir='ltr'><strong>cui</strong></span> <span class='ocrx_word' id='word_1_155' title='bbox 3621 893 3682 941; x_wconf 92' lang='lat' dir='ltr'><strong>ut</strong></span> 
     </span>
    </p>
   </div>
   <div class='ocr_carea' id='block_1_24' title="bbox 2094 978 3678 1051">
    <p class='ocr_par' dir='ltr' id='par_1_24' title="bbox 2094 978 3678 1051">
     <span class='ocr_line' id='line_1_24' title="bbox 2094 978 3678 1051; baseline -0.003 -16"><span class='ocrx_word' id='word_1_156' title='bbox 2094 981 2358 1051; x_wconf 85' lang='lat' dir='ltr'><strong>majorem</strong></span> <span class='ocrx_word' id='word_1_157' title='bbox 2393 981 2934 1037; x_wconf 87' lang='lat' dir='ltr'><strong>commiserationem</strong></span> <span class='ocrx_word' id='word_1_158' title='bbox 2956 988 3224 1044; x_wconf 85' lang='lat' dir='ltr'><strong>moveret,</strong></span> <span class='ocrx_word' id='word_1_159' title='bbox 3261 978 3552 1033; x_wconf 82' lang='lat' dir='ltr'><strong>constituit</strong></span> <span class='ocrx_word' id='word_1_160' title='bbox 3585 978 3678 1034; x_wconf 88' lang='lat' dir='ltr'><strong>tali</strong></span> 
     </span>
    </p>
   </div>
   <div class='ocr_carea' id='block_1_25' title="bbox 2093 1068 3680 1142">
    <p class='ocr_par' dir='ltr' id='par_1_25' title="bbox 2093 1068 3680 1142">
     <span class='ocr_line' id='line_1_25' title="bbox 2093 1068 3680 1142; baseline -0.003 -16"><span class='ocrx_word' id='word_1_161' title='bbox 2093 1071 2422 1126; x_wconf 87' lang='lat' dir='ltr'><strong>vestimento</strong></span> <span class='ocrx_word' id='word_1_162' title='bbox 2446 1087 2506 1128; x_wconf 90' lang='lat' dir='ltr'><strong>se</strong></span> <span class='ocrx_word' id='word_1_163' title='bbox 2534 1071 2778 1141; x_wconf 90' lang='lat' dir='ltr'><strong>operire,</strong></span> <span class='ocrx_word' id='word_1_164' title='bbox 2807 1071 2954 1142; x_wconf 93' lang='lat' dir='ltr'><strong>quod</strong></span> <span class='ocrx_word' id='word_1_165' title='bbox 2977 1070 3141 1126; x_wconf 82' lang='lat' dir='ltr'><strong>facile</strong></span> <span class='ocrx_word' id='word_1_166' title='bbox 3179 1068 3419 1124; x_wconf 86' lang='lat' dir='ltr'><strong>solutum</strong></span> <span class='ocrx_word' id='word_1_167' title='bbox 3447 1109 3462 1133; x_wconf 95' lang='lat'><strong>,</strong></span> <span class='ocrx_word' id='word_1_168' title='bbox 3488 1080 3680 1123; x_wconf 85' lang='lat' dir='ltr'><strong>sancto</strong></span> 
     </span>
    </p>
   </div>
   <div class='ocr_carea' id='block_1_26' title="bbox 2093 1158 3681 1233">
    <p class='ocr_par' dir='ltr' id='par_1_26' title="bbox 2093 1158 3681 1233">
     <span class='ocr_line' id='line_1_26' title="bbox 2093 1158 3681 1233; baseline -0.002 -16"><span class='ocrx_word' id='word_1_169' title='bbox 2093 1161 2302 1232; x_wconf 89' lang='lat' dir='ltr'><strong>lepram</strong></span> <span class='ocrx_word' id='word_1_170' title='bbox 2354 1162 2801 1233; x_wconf 85' lang='lat' dir='ltr'><strong>conspiciendam</strong></span> <span class='ocrx_word' id='word_1_171' title='bbox 2842 1161 3018 1217; x_wconf 88' lang='lat' dir='ltr'><strong>daret.</strong></span> <span class='ocrx_word' id='word_1_172' title='bbox 3063 1161 3277 1216; x_wconf 75' lang='lat' dir='ltr'><strong>Verum</strong></span> <span class='ocrx_word' id='word_1_173' title='bbox 3320 1158 3681 1230; x_wconf 84' lang='lat' dir='ltr'><strong>pudibundus</strong></span> 
     </span>
    </p>
   </div>
   <div class='ocr_carea' id='block_1_27' title="bbox 2094 1250 3678 1327">
    <p class='ocr_par' dir='ltr' id='par_1_27' title="bbox 2094 1250 3678 1327">
     <span class='ocr_line' id='line_1_27' title="bbox 2094 1250 3678 1327; baseline -0.003 -17"><span class='ocrx_word' id='word_1_174' title='bbox 2094 1269 2279 1311; x_wconf 90' lang='lat' dir='ltr'><strong>coram</strong></span> <span class='ocrx_word' id='word_1_175' title='bbox 2299 1254 2422 1309; x_wconf 90' lang='lat' dir='ltr'><strong>aliis</strong></span> <span class='ocrx_word' id='word_1_176' title='bbox 2443 1254 2727 1310; x_wconf 88' lang='lat' dir='ltr'><strong>denudare</strong></span> <span class='ocrx_word' id='word_1_177' title='bbox 2748 1268 2995 1317; x_wconf 87' lang='lat' dir='ltr'><strong>carnem,</strong></span> <span class='ocrx_word' id='word_1_178' title='bbox 3021 1261 3240 1322; x_wconf 86' lang='lat' dir='ltr'><strong>tempus</strong></span> <span class='ocrx_word' id='word_1_179' title='bbox 3258 1250 3678 1327; x_wconf 57' lang='lat' dir='ltr'><strong>praestolabatur</strong></span> 
     </span>
    </p>
   </div>
   <div class='ocr_carea' id='block_1_28' title="bbox 2094 1343 3680 1416">
    <p class='ocr_par' dir='ltr' id='par_1_28' title="bbox 2094 1343 3680 1416">
     <span class='ocr_line' id='line_1_28' title="bbox 2094 1343 3680 1416; baseline -0.002 -16"><span class='ocrx_word' id='word_1_180' title='bbox 2094 1346 2268 1416; x_wconf 81' lang='lat' dir='ltr'><strong>magis</strong></span> <span class='ocrx_word' id='word_1_181' title='bbox 2315 1354 2712 1416; x_wconf 87' lang='lat' dir='ltr'><strong>opportunum.</strong></span> <span class='ocrx_word' id='word_1_182' title='bbox 2767 1343 2883 1400; x_wconf 79' lang='lat' dir='ltr'><strong>Hoc</strong></span> <span class='ocrx_word' id='word_1_183' title='bbox 2926 1343 3023 1398; x_wconf 90' lang='lat' dir='ltr'><strong>ubi</strong></span> <span class='ocrx_word' id='word_1_184' title='bbox 3077 1343 3458 1414; x_wconf 83' lang='lat' dir='ltr'><strong>spiritualibus</strong></span> <span class='ocrx_word' id='word_1_185' title='bbox 3504 1343 3680 1398; x_wconf 89' lang='lat' dir='ltr'><strong>oculis</strong></span> 
     </span>
    </p>
   </div>
   <div class='ocr_carea' id='block_1_29' title="bbox 2094 1434 3675 1509">
    <p class='ocr_par' dir='ltr' id='par_1_29' title="bbox 2094 1434 3675 1509">
     <span class='ocr_line' id='line_1_29' title="bbox 2094 1434 3675 1509; baseline 0 -18"><span class='ocrx_word' id='word_1_186' title='bbox 2094 1437 2386 1507; x_wconf 75' lang='lat' dir='ltr'><strong>perspicue</strong></span> <span class='ocrx_word' id='word_1_187' title='bbox 2416 1436 2729 1507; x_wconf 85' lang='lat' dir='ltr'><strong>penetravit</strong></span> <span class='ocrx_word' id='word_1_188' title='bbox 2758 1435 3019 1509; x_wconf 85' lang='lat' dir='ltr'><strong>Symeon,</strong></span> <span class='ocrx_word' id='word_1_189' title='bbox 3048 1435 3127 1490; x_wconf 92' lang='lat' dir='ltr'><strong>ait</strong></span> <span class='ocrx_word' id='word_1_190' title='bbox 3156 1435 3232 1490; x_wconf 89' lang='lat' dir='ltr'><strong>illi</strong></span> <span class='ocrx_word' id='word_1_191' title='bbox 3269 1454 3283 1491; x_wconf 88' lang='lat'><strong>:</strong></span> <span class='ocrx_word' id='word_1_192' title='bbox 3314 1436 3433 1501; x_wconf 86' lang='lat' dir='ltr'><strong>Dic,</strong></span> <span class='ocrx_word' id='word_1_193' title='bbox 3470 1434 3542 1490; x_wconf 79' lang='lat' dir='ltr'><strong>[ili</strong></span> <span class='ocrx_word' id='word_1_194' title='bbox 3581 1438 3675 1499; x_wconf 88' lang='lat' dir='ltr'><strong>mi,</strong></span> 
     </span>
    </p>
   </div>
   <div class='ocr_carea' id='block_1_30' title="bbox 2094 1522 3680 1599">
    <p class='ocr_par' dir='ltr' id='par_1_30' title="bbox 2094 1522 3680 1599">
     <span class='ocr_line' id='line_1_30' title="bbox 2094 1522 3680 1599; baseline -0.001 -15"><span class='ocrx_word' id='word_1_195' title='bbox 2094 1543 2280 1584; x_wconf 89' lang='lat' dir='ltr'><strong>coram</strong></span> <span class='ocrx_word' id='word_1_196' title='bbox 2324 1528 2476 1584; x_wconf 90' lang='lat' dir='ltr'><strong>hisce</strong></span> <span class='ocrx_word' id='word_1_197' title='bbox 2504 1522 2893 1599; x_wconf 72' lang='lat' dir='ltr'><strong>praesentibus,</strong></span> <span class='ocrx_word' id='word_1_198' title='bbox 2930 1528 3290 1598; x_wconf 88' lang='lat' dir='ltr'><strong>quamobrem</strong></span> <span class='ocrx_word' id='word_1_199' title='bbox 3324 1529 3434 1584; x_wconf 93' lang='lat' dir='ltr'><strong>huc</strong></span> <span class='ocrx_word' id='word_1_200' title='bbox 3458 1529 3680 1584; x_wconf 82' lang='lat' dir='ltr'><strong>veneris</strong></span> 
     </span>
    </p>
   </div>
   <div class='ocr_carea' id='block_1_31' title="bbox 2094 1620 3672 1694">
    <p class='ocr_par' dir='ltr' id='par_1_31' title="bbox 2094 1620 3672 1694">
     <span class='ocr_line' id='line_1_31' title="bbox 2094 1620 3672 1694; baseline 0.001 -17"><span class='ocrx_word' id='word_1_201' title='bbox 2094 1620 2161 1677; x_wconf 87' lang='lat' dir='ltr'><strong>ad</strong></span> <span class='ocrx_word' id='word_1_202' title='bbox 2186 1636 2307 1678; x_wconf 88' lang='lat' dir='ltr'><strong>nos.</strong></span> <span class='ocrx_word' id='word_1_203' title='bbox 2346 1623 2642 1678; x_wconf 87' lang='lat' dir='ltr'><strong>Perculsus</strong></span> <span class='ocrx_word' id='word_1_204' title='bbox 2676 1622 2769 1677; x_wconf 90' lang='lat' dir='ltr'><strong>ille</strong></span> <span class='ocrx_word' id='word_1_205' title='bbox 2818 1631 2928 1677; x_wconf 87' lang='lat' dir='ltr'><strong>tam</strong></span> <span class='ocrx_word' id='word_1_206' title='bbox 2976 1622 3197 1678; x_wconf 86' lang='lat' dir='ltr'><strong>insolita</strong></span> <span class='ocrx_word' id='word_1_207' title='bbox 3228 1624 3672 1694; x_wconf 87' lang='lat' dir='ltr'><strong>perspicacitatc,</strong></span> 
     </span>
    </p>
   </div>
   <div class='ocr_carea' id='block_1_32' title="bbox 2093 1711 3679 1782">
    <p class='ocr_par' dir='ltr' id='par_1_32' title="bbox 2093 1711 3679 1782">
     <span class='ocr_line' id='line_1_32' title="bbox 2093 1711 3679 1782; baseline 0.002 -16"><span class='ocrx_word' id='word_1_208' title='bbox 2093 1711 2372 1782; x_wconf 88' lang='lat' dir='ltr'><strong>quomodo</strong></span> <span class='ocrx_word' id='word_1_209' title='bbox 2414 1711 2563 1782; x_wconf 91' lang='lat' dir='ltr'><strong>quod</strong></span> <span class='ocrx_word' id='word_1_210' title='bbox 2613 1712 2730 1782; x_wconf 88' lang='lat' dir='ltr'><strong>ipse</strong></span> <span class='ocrx_word' id='word_1_211' title='bbox 2763 1711 3135 1768; x_wconf 87' lang='lat' dir='ltr'><strong>absconderat</strong></span> <span class='ocrx_word' id='word_1_212' title='bbox 3187 1712 3241 1768; x_wconf 93' lang='lat' dir='ltr'><strong>in</strong></span> <span class='ocrx_word' id='word_1_213' title='bbox 3298 1713 3487 1777; x_wconf 89' lang='lat' dir='ltr'><strong>corde.</strong></span> <span class='ocrx_word' id='word_1_214' title='bbox 3541 1714 3679 1769; x_wconf 82' lang='lat' dir='ltr'><strong>illud</strong></span> 
     </span>
    </p>
   </div>
   <div class='ocr_carea' id='block_1_33' title="bbox 2097 1801 3681 1875">
    <p class='ocr_par' dir='ltr' id='par_1_33' title="bbox 2097 1801 3681 1875">
     <span class='ocr_line' id='line_1_33' title="bbox 2097 1801 3681 1875; baseline 0.002 -20"><span class='ocrx_word' id='word_1_215' title='bbox 2097 1801 2274 1874; x_wconf 90' lang='lat' dir='ltr'><strong>ipsum</strong></span> <span class='ocrx_word' id='word_1_216' title='bbox 2292 1818 2357 1857; x_wconf 82' lang='lat' dir='ltr'><strong>ex</strong></span> <span class='ocrx_word' id='word_1_217' title='bbox 2381 1817 2475 1858; x_wconf 89' lang='lat' dir='ltr'><strong>ore</strong></span> <span class='ocrx_word' id='word_1_218' title='bbox 2499 1801 2787 1875; x_wconf 85' lang='lat' dir='ltr'><strong>Symeonis</strong></span> <span class='ocrx_word' id='word_1_219' title='bbox 2809 1802 3067 1870; x_wconf 90' lang='lat' dir='ltr'><strong>audiret;</strong></span> <span class='ocrx_word' id='word_1_220' title='bbox 3093 1803 3242 1857; x_wconf 90' lang='lat' dir='ltr'><strong>omni</strong></span> <span class='ocrx_word' id='word_1_221' title='bbox 3261 1803 3446 1858; x_wconf 86' lang='lat' dir='ltr'><strong>statim</strong></span> <span class='ocrx_word' id='word_1_222' title='bbox 3469 1803 3681 1874; x_wconf 77' lang='lat' dir='ltr'><strong>abjecta</strong></span> 
     </span>
    </p>
   </div>
   <div class='ocr_carea' id='block_1_34' title="bbox 399 1875 1994 1974">
    <p class='ocr_par' dir='ltr' id='par_1_34' title="bbox 399 1875 1992 1974">
     <span class='ocr_line' id='line_1_34' title="bbox 399 1875 1992 1974; baseline 0.003 -20"><span class='ocrx_word' id='word_1_223' title='bbox 399 1875 702 1972; x_wconf 78' lang='grc' dir='ltr'>γυμνώσας</span> <span class='ocrx_word' id='word_1_224' title='bbox 733 1875 926 1955; x_wconf 67' lang='grc' dir='ltr'>ἐαυτδν</span> <span class='ocrx_word' id='word_1_225' title='bbox 950 1902 1240 1957; x_wconf 86' lang='grc' dir='ltr'>ύπεδείκνυ</span> <span class='ocrx_word' id='word_1_226' title='bbox 1266 1919 1280 1934; x_wconf 86' lang='grc'><strong>·</strong></span> <span class='ocrx_word' id='word_1_227' title='bbox 1308 1903 1406 1956; x_wconf 81' lang='grc' dir='ltr'>καὶ</span> <span class='ocrx_word' id='word_1_228' title='bbox 1443 1904 1503 1965; x_wconf 75' lang='grc' dir='ltr'>ὃς</span> <span class='ocrx_word' id='word_1_229' title='bbox 1541 1903 1640 1974; x_wconf 85' lang='grc' dir='ltr'>τὴν</span> <span class='ocrx_word' id='word_1_230' title='bbox 1671 1875 1992 1974; x_wconf 32' lang='lat' dir='ltr'><strong>path-pd-</strong></span> 
     </span>
    </p>
   </div>
   <div class='ocr_carea' id='block_1_35' title="bbox 2100 1875 3680 1974">
    <p class='ocr_par' dir='ltr' id='par_1_35' title="bbox 2100 1888 3680 1961">
     <span class='ocr_line' id='line_1_35' title="bbox 2100 1888 3680 1961; baseline 0.004 -19"><span class='ocrx_word' id='word_1_231' title='bbox 2100 1888 2450 1955; x_wconf 88' lang='lat' dir='ltr'><strong>verecundia,</strong></span> <span class='ocrx_word' id='word_1_232' title='bbox 2496 1888 2830 1945; x_wconf 77' lang='lat' dir='ltr'><strong>denudatum</strong></span> <span class='ocrx_word' id='word_1_233' title='bbox 2871 1891 3098 1947; x_wconf 82' lang='lat' dir='ltr'><strong>exhibet</strong></span> <span class='ocrx_word' id='word_1_234' title='bbox 3149 1891 3357 1961; x_wconf 82' lang='lat' dir='ltr'><strong>lepram</strong></span> <span class='ocrx_word' id='word_1_235' title='bbox 3396 1910 3408 1944; x_wconf 88' lang='lat'><strong>:</strong></span> <span class='ocrx_word' id='word_1_236' title='bbox 3453 1899 3510 1947; x_wconf 89' lang='lat' dir='ltr'><strong>et</strong></span> <span class='ocrx_word' id='word_1_237' title='bbox 3551 1909 3680 1948; x_wconf 84' lang='lat' dir='ltr'><strong>san-</strong></span> 
     </span>
    </p>
   </div>
   <div class='ocr_carea' id='block_1_36' title="bbox 399 1989 1989 2063">
    <p class='ocr_par' dir='ltr' id='par_1_36' title="bbox 399 1989 1989 2063">
     <span class='ocr_line' id='line_1_36' title="bbox 399 1989 1989 2063; baseline 0.001 -18"><span class='ocrx_word' id='word_1_238' title='bbox 399 1991 529 2045; x_wconf 81' lang='grc' dir='ltr'>ὁδον</span> <span class='ocrx_word' id='word_1_239' title='bbox 554 1989 757 2057; x_wconf 78' lang='grc' dir='ltr'>λαϐὼν,</span> <span class='ocrx_word' id='word_1_240' title='bbox 792 1990 889 2044; x_wconf 80' lang='grc' dir='ltr'>καὶ</span> <span class='ocrx_word' id='word_1_241' title='bbox 925 1990 1099 2063; x_wconf 79' lang='grc' dir='ltr'>ταύτῃ</span> <span class='ocrx_word' id='word_1_242' title='bbox 1124 1991 1217 2044; x_wconf 82' lang='grc' dir='ltr'>τὸν</span> <span class='ocrx_word' id='word_1_243' title='bbox 1255 1991 1427 2062; x_wconf 80' lang='grc' dir='ltr'>ἄνδρα</span> <span class='ocrx_word' id='word_1_244' title='bbox 1451 1992 1782 2063; x_wconf 76' lang='grc' dir='ltr'>σφραγίσας,</span> <span class='ocrx_word' id='word_1_245' title='bbox 1800 1993 1989 2047; x_wconf 83' lang='grc' dir='ltr'>Ἀπελ-</span> 
     </span>
    </p>
   </div>
   <div class='ocr_carea' id='block_1_37' title="bbox 402 2080 1995 2154">
    <p class='ocr_par' dir='ltr' id='par_1_37' title="bbox 402 2080 1995 2154">
     <span class='ocr_line' id='line_1_37' title="bbox 402 2080 1995 2154; baseline 0.001 -18"><span class='ocrx_word' id='word_1_246' title='bbox 402 2083 515 2137; x_wconf 83' lang='grc' dir='ltr'><strong>Θὼν</strong></span> <span class='ocrx_word' id='word_1_247' title='bbox 547 2084 697 2154; x_wconf 76' lang='grc' dir='ltr'>παρὰ</span> <span class='ocrx_word' id='word_1_248' title='bbox 723 2082 783 2136; x_wconf 79' lang='grc' dir='ltr'>τὸ</span> <span class='ocrx_word' id='word_1_249' title='bbox 807 2082 1089 2154; x_wconf 82' lang='grc' dir='ltr'>Τιϐερίνου</span> <span class='ocrx_word' id='word_1_250' title='bbox 1121 2082 1422 2154; x_wconf 76' lang='grc' dir='ltr'>βαλανεῖον,</span> <span class='ocrx_word' id='word_1_251' title='bbox 1460 2080 1672 2150; x_wconf 77' lang='grc' dir='ltr'>λοῦσαι,</span> <span class='ocrx_word' id='word_1_252' title='bbox 1706 2082 1831 2153; x_wconf 75' lang='grc' dir='ltr'>ἔφη,</span> <span class='ocrx_word' id='word_1_253' title='bbox 1869 2100 1995 2139; x_wconf 81' lang='grc' dir='ltr'>συν-</span> 
     </span>
    </p>
   </div>
   <div class='ocr_carea' id='block_1_38' title="bbox 404 2166 1997 2245">
    <p class='ocr_par' dir='ltr' id='par_1_38' title="bbox 404 2166 1997 2245">
     <span class='ocr_line' id='line_1_38' title="bbox 404 2166 1997 2245; baseline 0.002 -18"><span class='ocrx_word' id='word_1_254' title='bbox 404 2173 704 2228; x_wconf 87' lang='grc' dir='ltr'>απολούσει</span> <span class='ocrx_word' id='word_1_255' title='bbox 738 2173 850 2244; x_wconf 81' lang='grc' dir='ltr'>γὰρ</span> <span class='ocrx_word' id='word_1_256' title='bbox 879 2175 998 2228; x_wconf 78' lang='grc' dir='ltr'>ἐκεῖ</span> <span class='ocrx_word' id='word_1_257' title='bbox 1027 2173 1123 2228; x_wconf 84' lang='grc' dir='ltr'>καὶ</span> <span class='ocrx_word' id='word_1_258' title='bbox 1152 2175 1253 2243; x_wconf 82' lang='grc' dir='ltr'>τὴν</span> <span class='ocrx_word' id='word_1_259' title='bbox 1281 2174 1509 2245; x_wconf 85' lang='grc' dir='ltr'>λέπραν.</span> <span class='ocrx_word' id='word_1_260' title='bbox 1546 2166 1735 2245; x_wconf 78' lang='grc' dir='ltr'>Οὗπερ</span> <span class='ocrx_word' id='word_1_261' title='bbox 1763 2175 1838 2239; x_wconf 85' lang='grc' dir='ltr'>ὡς</span> <span class='ocrx_word' id='word_1_262' title='bbox 1868 2176 1997 2230; x_wconf 86' lang='grc' dir='ltr'>ἐκέ-</span> 
     </span>
    </p>
   </div>
   <div class='ocr_carea' id='block_1_39' title="bbox 407 2263 1994 2337">
    <p class='ocr_par' dir='ltr' id='par_1_39' title="bbox 407 2263 1994 2337">
     <span class='ocr_line' id='line_1_39' title="bbox 407 2263 1994 2337; baseline 0.001 -17"><span class='ocrx_word' id='word_1_263' title='bbox 407 2265 573 2320; x_wconf 82' lang='grc' dir='ltr'>λευσε</span> <span class='ocrx_word' id='word_1_264' title='bbox 600 2265 906 2336; x_wconf 76' lang='grc' dir='ltr'>γεγονότος,</span> <span class='ocrx_word' id='word_1_265' title='bbox 935 2264 1094 2337; x_wconf 82' lang='grc' dir='ltr'>ὑγιὴς</span> <span class='ocrx_word' id='word_1_266' title='bbox 1115 2265 1346 2330; x_wconf 83' lang='grc' dir='ltr'>ἐκεῖθεν,</span> <span class='ocrx_word' id='word_1_267' title='bbox 1376 2263 1423 2318; x_wconf 86' lang='grc' dir='ltr'><strong>ὣ</strong></span> <span class='ocrx_word' id='word_1_268' title='bbox 1450 2264 1757 2336; x_wconf 63' lang='grc' dir='ltr'>παραδόξου</span> <span class='ocrx_word' id='word_1_269' title='bbox 1784 2264 1994 2337; x_wconf 82' lang='grc' dir='ltr'>θαύμα-</span> 
     </span>
    </p>
   </div>
   <div class='ocr_carea' id='block_1_40' title="bbox 399 2360 1135 2431">
    <p class='ocr_par' dir='ltr' id='par_1_40' title="bbox 399 2360 1135 2431">
     <span class='ocr_line' id='line_1_40' title="bbox 399 2360 1135 2431; baseline 0.001 -16"><span class='ocrx_word' id='word_1_270' title='bbox 399 2362 530 2425; x_wconf 79' lang='grc' dir='ltr'>τοςι</span> <span class='ocrx_word' id='word_1_271' title='bbox 556 2361 587 2414; x_wconf 86' lang='grc' dir='ltr'>ὁ</span> <span class='ocrx_word' id='word_1_272' title='bbox 614 2360 814 2430; x_wconf 81' lang='grc' dir='ltr'>λεπρὸς</span> <span class='ocrx_word' id='word_1_273' title='bbox 841 2360 1135 2431; x_wconf 84' lang='grc' dir='ltr'>ἐπανήκει.</span> 
     </span>
    </p>
   </div>
   <div class='ocr_carea' id='block_1_41' title="bbox 478 2450 1993 2524">
    <p class='ocr_par' dir='ltr' id='par_1_41' title="bbox 478 2450 1993 2524">
     <span class='ocr_line' id='line_1_41' title="bbox 478 2450 1993 2524; baseline 0.001 -18"><span class='ocrx_word' id='word_1_274' title='bbox 478 2450 603 2516; x_wconf 71' lang='grc' dir='ltr'>σιζν.</span> <span class='ocrx_word' id='word_1_275' title='bbox 626 2451 854 2524; x_wconf 85' lang='grc' dir='ltr'>Ἐτερός</span> <span class='ocrx_word' id='word_1_276' title='bbox 876 2468 961 2514; x_wconf 87' lang='grc' dir='ltr'><strong>τις</strong></span> <span class='ocrx_word' id='word_1_277' title='bbox 991 2452 1052 2517; x_wconf 83' lang='grc' dir='ltr'><strong>ἐξ</strong></span> <span class='ocrx_word' id='word_1_278' title='bbox 1091 2452 1424 2523; x_wconf 71' lang='grc' dir='ltr'>Ἀντιοχείας</span> <span class='ocrx_word' id='word_1_279' title='bbox 1457 2453 1551 2508; x_wconf 68' lang='grc' dir='ltr'>καὶ</span> <span class='ocrx_word' id='word_1_280' title='bbox 1576 2451 1683 2506; x_wconf 89' lang='grc' dir='ltr'><strong>τῶν</strong></span> <span class='ocrx_word' id='word_1_281' title='bbox 1712 2452 1993 2522; x_wconf 81' lang='grc' dir='ltr'>ἐπιφανῶν</span> 
     </span>
    </p>
   </div>
   <div class='ocr_carea' id='block_1_42' title="bbox 401 2542 1993 2618">
    <p class='ocr_par' dir='ltr' id='par_1_42' title="bbox 401 2542 1993 2618">
     <span class='ocr_line' id='line_1_42' title="bbox 401 2542 1993 2618; baseline 0.001 -19"><span class='ocrx_word' id='word_1_282' title='bbox 401 2542 747 2615; x_wconf 79' lang='grc' dir='ltr'>παραϐάλλει</span> <span class='ocrx_word' id='word_1_283' title='bbox 777 2542 857 2615; x_wconf 84' lang='grc' dir='ltr'><strong>τῷ</strong></span> <span class='ocrx_word' id='word_1_284' title='bbox 890 2543 1088 2615; x_wconf 84' lang='grc' dir='ltr'>στύλῳ,</span> <span class='ocrx_word' id='word_1_285' title='bbox 1132 2543 1260 2614; x_wconf 75' lang='grc' dir='ltr'>ἄρτι</span> <span class='ocrx_word' id='word_1_286' title='bbox 1321 2545 1432 2600; x_wconf 89' lang='grc' dir='ltr'><strong>τῶν</strong></span> <span class='ocrx_word' id='word_1_287' title='bbox 1484 2544 1843 2616; x_wconf 85' lang='grc' dir='ltr'>μνημοσύνων</span> <span class='ocrx_word' id='word_1_288' title='bbox 1892 2546 1993 2618; x_wconf 80' lang='grc' dir='ltr'><strong>τῆς</strong></span> 
     </span>
    </p>
   </div>
   <div class='ocr_carea' id='block_1_43' title="bbox 401 2635 1994 2710">
    <p class='ocr_par' dir='ltr' id='par_1_43' title="bbox 401 2635 1994 2710">
     <span class='ocr_line' id='line_1_43' title="bbox 401 2635 1994 2710; baseline 0.001 -18"><span class='ocrx_word' id='word_1_289' title='bbox 401 2639 558 2709; x_wconf 71' lang='grc' dir='ltr'>ἱερᾶς</span> <span class='ocrx_word' id='word_1_290' title='bbox 583 2635 678 2691; x_wconf 80' lang='grc' dir='ltr'><strong>τοῦ</strong></span> <span class='ocrx_word' id='word_1_291' title='bbox 726 2637 871 2691; x_wconf 84' lang='grc' dir='ltr'>ὁσίου</span> <span class='ocrx_word' id='word_1_292' title='bbox 917 2637 1124 2709; x_wconf 75' lang='grc' dir='ltr'>μητρὸς</span> <span class='ocrx_word' id='word_1_293' title='bbox 1159 2637 1320 2708; x_wconf 85' lang='grc' dir='ltr'>ίερῶς</span> <span class='ocrx_word' id='word_1_294' title='bbox 1341 2638 1643 2709; x_wconf 82' lang='grc' dir='ltr'>ἀγομένων.</span> <span class='ocrx_word' id='word_1_295' title='bbox 1686 2639 1743 2693; x_wconf 90' lang='grc' dir='ltr'>Ὀ</span> <span class='ocrx_word' id='word_1_296' title='bbox 1775 2639 1873 2710; x_wconf 85' lang='grc' dir='ltr'>μὲν</span> <span class='ocrx_word' id='word_1_297' title='bbox 1899 2636 1994 2694; x_wconf 86' lang='grc' dir='ltr'>οὖν</span> 
     </span>
    </p>
   </div>
   <div class='ocr_carea' id='block_1_44' title="bbox 396 2726 1993 2804">
    <p class='ocr_par' dir='ltr' id='par_1_44' title="bbox 396 2726 1993 2804">
     <span class='ocr_line' id='line_1_44' title="bbox 396 2726 1993 2804; baseline 0.001 -20"><span class='ocrx_word' id='word_1_298' title='bbox 396 2733 596 2802; x_wconf 79' lang='grc' dir='ltr'>καιρὸς</span> <span class='ocrx_word' id='word_1_299' title='bbox 621 2731 655 2802; x_wconf 75' lang='grc' dir='ltr'><strong>η</strong></span> <span class='ocrx_word' id='word_1_300' title='bbox 687 2730 809 2784; x_wconf 83' lang='grc' dir='ltr'>Θεία</span> <span class='ocrx_word' id='word_1_301' title='bbox 847 2730 1208 2798; x_wconf 86' lang='grc' dir='ltr'>μυσταγωγία</span> <span class='ocrx_word' id='word_1_302' title='bbox 1233 2726 1321 2801; x_wconf 81' lang='grc' dir='ltr'>ἦν,</span> <span class='ocrx_word' id='word_1_303' title='bbox 1351 2726 1419 2803; x_wconf 78' lang='grc' dir='ltr'><strong>ἧς</strong></span> <span class='ocrx_word' id='word_1_304' title='bbox 1459 2732 1760 2804; x_wconf 84' lang='grc' dir='ltr'>αὐτουργὸς</span> <span class='ocrx_word' id='word_1_305' title='bbox 1787 2733 1993 2797; x_wconf 83' lang='grc' dir='ltr'>ἐκεῖνος</span> 
     </span>
    </p>
   </div>
   <div class='ocr_carea' id='block_1_45' title="bbox 400 2816 1988 2893">
    <p class='ocr_par' dir='ltr' id='par_1_45' title="bbox 400 2816 1988 2893">
     <span class='ocr_line' id='line_1_45' title="bbox 400 2816 1988 2893; baseline 0.003 -22"><span class='ocrx_word' id='word_1_306' title='bbox 400 2817 705 2889; x_wconf 80' lang='grc' dir='ltr'>ἐτύγχανεν</span> <span class='ocrx_word' id='word_1_307' title='bbox 734 2816 832 2872; x_wconf 82' lang='grc' dir='ltr'><strong>ὥν.</strong></span> <span class='ocrx_word' id='word_1_308' title='bbox 880 2817 953 2871; x_wconf 72' lang='grc' dir='ltr'>⁸ον</span> <span class='ocrx_word' id='word_1_309' title='bbox 976 2818 1036 2872; x_wconf 73' lang='grc' dir='ltr'><strong>δέ</strong></span> <span class='ocrx_word' id='word_1_310' title='bbox 1067 2818 1315 2874; x_wconf 86' lang='grc' dir='ltr'>σπεύδων</span> <span class='ocrx_word' id='word_1_311' title='bbox 1363 2821 1576 2876; x_wconf 82' lang='grc' dir='ltr'>ἐκεῖθεν</span> <span class='ocrx_word' id='word_1_312' title='bbox 1609 2821 1988 2893; x_wconf 83' lang='grc' dir='ltr'>ἀναχωρῆσαι,</span> 
     </span>
    </p>
   </div>
   <div class='ocr_carea' id='block_1_46' title="bbox 397 2902 1993 2984">
    <p class='ocr_par' dir='ltr' id='par_1_46' title="bbox 397 2902 1993 2984">
     <span class='ocr_line' id='line_1_46' title="bbox 397 2902 1993 2984; baseline 0.001 -21"><span class='ocrx_word' id='word_1_313' title='bbox 397 2907 547 2974; x_wconf 78' lang='grc' dir='ltr'>ἀξιοῖ</span> <span class='ocrx_word' id='word_1_314' title='bbox 571 2908 681 2962; x_wconf 85' lang='grc' dir='ltr'><strong>τῶν</strong></span> <span class='ocrx_word' id='word_1_315' title='bbox 716 2907 978 2978; x_wconf 77' lang='grc' dir='ltr'>μαθητῶν</span> <span class='ocrx_word' id='word_1_316' title='bbox 1007 2907 1125 2975; x_wconf 77' lang='grc' dir='ltr'>ενα,</span> <span class='ocrx_word' id='word_1_317' title='bbox 1156 2902 1264 2979; x_wconf 83' lang='grc' dir='ltr'><strong>ᾧγε</strong></span> <span class='ocrx_word' id='word_1_318' title='bbox 1295 2909 1526 2982; x_wconf 80' lang='grc' dir='ltr'>σύνηθες</span> <span class='ocrx_word' id='word_1_319' title='bbox 1550 2912 1887 2981; x_wconf 78' lang='grc' dir='ltr'>εἰσ-κομίζειν</span> <span class='ocrx_word' id='word_1_320' title='bbox 1916 2912 1993 2984; x_wconf 87' lang='grc' dir='ltr'><strong>τῷ</strong></span> 
     </span>
    </p>
   </div>
   <div class='ocr_carea' id='block_1_47' title="bbox 397 3000 1992 3074">
    <p class='ocr_par' dir='ltr' id='par_1_47' title="bbox 397 3000 1992 3074">
     <span class='ocr_line' id='line_1_47' title="bbox 397 3000 1992 3074; baseline 0.001 -17"><span class='ocrx_word' id='word_1_321' title='bbox 397 3000 546 3071; x_wconf 74' lang='grc' dir='ltr'>ἁγίῳ</span> <span class='ocrx_word' id='word_1_322' title='bbox 574 3001 674 3065; x_wconf 76' lang='grc' dir='ltr'><strong>τὰς</strong></span> <span class='ocrx_word' id='word_1_323' title='bbox 708 3000 990 3070; x_wconf 78' lang='grc' dir='ltr'>ἀγγελίας,</span> <span class='ocrx_word' id='word_1_324' title='bbox 1018 3003 1249 3072; x_wconf 80' lang='grc' dir='ltr'>ταχινὴν</span> <span class='ocrx_word' id='word_1_325' title='bbox 1276 3002 1429 3073; x_wconf 82' lang='grc' dir='ltr'><strong>αύτῷ</strong></span> <span class='ocrx_word' id='word_1_326' title='bbox 1463 3003 1717 3073; x_wconf 78' lang='grc' dir='ltr'>γενέσθαι</span> <span class='ocrx_word' id='word_1_327' title='bbox 1747 3002 1845 3074; x_wconf 79' lang='grc' dir='ltr'>τὴν</span> <span class='ocrx_word' id='word_1_328' title='bbox 1881 3004 1992 3060; x_wconf 88' lang='grc' dir='ltr'><strong>τῶν</strong></span> 
     </span>
    </p>
   </div>
   <div class='ocr_carea' id='block_1_48' title="bbox 399 3090 1990 3165">
    <p class='ocr_par' dir='ltr' id='par_1_48' title="bbox 399 3090 1990 3165">
     <span class='ocr_line' id='line_1_48' title="bbox 399 3090 1990 3165; baseline 0.004 -20"><span class='ocrx_word' id='word_1_329' title='bbox 399 3090 725 3165; x_wconf 80' lang='grc' dir='ltr'>μυστηρίων</span> <span class='ocrx_word' id='word_1_330' title='bbox 780 3092 1111 3164; x_wconf 79' lang='grc' dir='ltr'>μετάληψιν·</span> <span class='ocrx_word' id='word_1_331' title='bbox 1172 3092 1232 3158; x_wconf 76' lang='grc' dir='ltr'>ὃς</span> <span class='ocrx_word' id='word_1_332' title='bbox 1270 3093 1437 3148; x_wconf 82' lang='grc' dir='ltr'>αὐτοῦ</span> <span class='ocrx_word' id='word_1_333' title='bbox 1490 3096 1587 3160; x_wconf 79' lang='grc' dir='ltr'>τὰς</span> <span class='ocrx_word' id='word_1_334' title='bbox 1630 3096 1885 3163; x_wconf 74' lang='grc' dir='ltr'>ἀξιώσεις</span> <span class='ocrx_word' id='word_1_335' title='bbox 1929 3097 1990 3151; x_wconf 81' lang='grc' dir='ltr'>οὐ</span> 
     </span>
    </p>
   </div>
   <div class='ocr_carea' id='block_1_49' title="bbox 399 3182 1993 3260">
    <p class='ocr_par' dir='ltr' id='par_1_49' title="bbox 399 3182 1993 3260">
     <span class='ocr_line' id='line_1_49' title="bbox 399 3182 1993 3260; baseline 0.002 -22"><span class='ocrx_word' id='word_1_336' title='bbox 399 3182 671 3254; x_wconf 77' lang='grc' dir='ltr'>παριδὼν,</span> <span class='ocrx_word' id='word_1_337' title='bbox 704 3183 895 3254; x_wconf 70' lang='grc' dir='ltr'>ἀνάγει</span> <span class='ocrx_word' id='word_1_338' title='bbox 943 3185 1083 3255; x_wconf 78' lang='grc' dir='ltr'>μετὰ</span> <span class='ocrx_word' id='word_1_339' title='bbox 1126 3185 1227 3257; x_wconf 86' lang='grc' dir='ltr'>τὴν</span> <span class='ocrx_word' id='word_1_340' title='bbox 1265 3188 1550 3241; x_wconf 85' lang='grc' dir='ltr'>κοινωνίαν</span> <span class='ocrx_word' id='word_1_341' title='bbox 1587 3187 1697 3242; x_wconf 86' lang='grc' dir='ltr'><strong>τῶν</strong></span> <span class='ocrx_word' id='word_1_342' title='bbox 1736 3188 1993 3260; x_wconf 82' lang='grc' dir='ltr'>μαθητῶν</span> 
     </span>
    </p>
   </div>
   <div class='ocr_carea' id='block_1_50' title="bbox 401 3270 1995 3349">
    <p class='ocr_par' dir='ltr' id='par_1_50' title="bbox 401 3270 1995 3349">
     <span class='ocr_line' id='line_1_50' title="bbox 401 3270 1995 3349; baseline 0.005 -21"><span class='ocrx_word' id='word_1_343' title='bbox 401 3275 514 3347; x_wconf 80' lang='grc' dir='ltr'>πρὸ</span> <span class='ocrx_word' id='word_1_344' title='bbox 537 3270 634 3330; x_wconf 79' lang='grc' dir='ltr'><strong>τοῦ</strong></span> <span class='ocrx_word' id='word_1_345' title='bbox 665 3273 825 3347; x_wconf 75' lang='grc' dir='ltr'>ὄχλου</span> <span class='ocrx_word' id='word_1_346' title='bbox 854 3276 1043 3333; x_wconf 81' lang='grc' dir='ltr'>τοῦτον</span> <span class='ocrx_word' id='word_1_347' title='bbox 1082 3280 1178 3333; x_wconf 76' lang='grc' dir='ltr'>ἐπὶ</span> <span class='ocrx_word' id='word_1_348' title='bbox 1202 3280 1293 3333; x_wconf 75' lang='grc' dir='ltr'>τὸν</span> <span class='ocrx_word' id='word_1_349' title='bbox 1322 3280 1533 3335; x_wconf 87' lang='grc' dir='ltr'>στύλον.</span> <span class='ocrx_word' id='word_1_350' title='bbox 1570 3281 1757 3349; x_wconf 72' lang='grc' dir='ltr'>Ἀφεὶς</span> <span class='ocrx_word' id='word_1_351' title='bbox 1782 3282 1839 3336; x_wconf 81' lang='grc' dir='ltr'>δὲ</span> <span class='ocrx_word' id='word_1_352' title='bbox 1871 3282 1995 3336; x_wconf 80' lang='grc' dir='ltr'>τοῦ·</span> 
     </span>
    </p>
   </div>
   <div class='ocr_carea' id='block_1_51' title="bbox 399 3363 1993 3441">
    <p class='ocr_par' dir='ltr' id='par_1_51' title="bbox 399 3363 1993 3441">
     <span class='ocr_line' id='line_1_51' title="bbox 399 3363 1993 3441; baseline 0.005 -23"><span class='ocrx_word' id='word_1_353' title='bbox 399 3380 500 3419; x_wconf 65' lang='grc' dir='ltr'><strong>ἐον</strong></span> <span class='ocrx_word' id='word_1_354' title='bbox 529 3366 558 3418; x_wconf 90' lang='grc' dir='ltr'><strong>ό</strong></span> <span class='ocrx_word' id='word_1_355' title='bbox 592 3365 734 3436; x_wconf 83' lang='grc' dir='ltr'>ίερὸς</span> <span class='ocrx_word' id='word_1_356' title='bbox 762 3363 1014 3436; x_wconf 84' lang='grc' dir='ltr'>Συμεὼν,</span> <span class='ocrx_word' id='word_1_357' title='bbox 1048 3367 1324 3438; x_wconf 82' lang='grc' dir='ltr'>μετεδίδου</span> <span class='ocrx_word' id='word_1_358' title='bbox 1358 3369 1559 3440; x_wconf 78' lang='grc' dir='ltr'>μᾶλλον</span> <span class='ocrx_word' id='word_1_359' title='bbox 1592 3371 1708 3434; x_wconf 85' lang='grc' dir='ltr'>τοῖς</span> <span class='ocrx_word' id='word_1_360' title='bbox 1740 3370 1862 3441; x_wconf 86' lang='grc' dir='ltr'>μετ’</span> <span class='ocrx_word' id='word_1_361' title='bbox 1893 3372 1993 3426; x_wconf 83' lang='grc' dir='ltr'><strong>αὐ-</strong></span> 
     </span>
    </p>
   </div>
   <div class='ocr_carea' id='block_1_52' title="bbox 395 3458 1993 3538">
    <p class='ocr_par' dir='ltr' id='par_1_52' title="bbox 395 3458 1993 3538">
     <span class='ocr_line' id='line_1_52' title="bbox 395 3458 1993 3538; baseline 0.004 -24"><span class='ocrx_word' id='word_1_362' title='bbox 395 3458 499 3514; x_wconf 67' lang='grc' dir='ltr'>τὸν</span> <span class='ocrx_word' id='word_1_363' title='bbox 534 3459 770 3517; x_wconf 79' lang='grc' dir='ltr'>ἀνιοῦσι.</span> <span class='ocrx_word' id='word_1_364' title='bbox 805 3460 917 3515; x_wconf 76' lang='grc' dir='ltr'><strong>Καὶ</strong></span> <span class='ocrx_word' id='word_1_365' title='bbox 944 3461 974 3515; x_wconf 83' lang='grc' dir='ltr'>ὁ</span> <span class='ocrx_word' id='word_1_366' title='bbox 1020 3463 1142 3531; x_wconf 80' lang='grc' dir='ltr'>μὲν,</span> <span class='ocrx_word' id='word_1_367' title='bbox 1177 3462 1343 3517; x_wconf 76' lang='grc' dir='ltr'>αὐτὸν</span> <span class='ocrx_word' id='word_1_368' title='bbox 1372 3465 1464 3517; x_wconf 77' lang='grc' dir='ltr'>καὶ</span> <span class='ocrx_word' id='word_1_369' title='bbox 1500 3464 1657 3529; x_wconf 78' lang='grc' dir='ltr'>αὖθις</span> <span class='ocrx_word' id='word_1_370' title='bbox 1693 3467 1993 3538; x_wconf 82' lang='grc' dir='ltr'>προσῆγεν,</span> 
     </span>
    </p>
   </div>
   <div class='ocr_carea' id='block_1_53' title="bbox 396 3551 1996 3630">
    <p class='ocr_par' dir='ltr' id='par_1_53' title="bbox 396 3551 1996 3630">
     <span class='ocr_line' id='line_1_53' title="bbox 396 3551 1996 3630; baseline 0.005 -25"><span class='ocrx_word' id='word_1_371' title='bbox 396 3552 434 3606; x_wconf 73' lang='grc' dir='ltr'><strong>ό</strong></span> <span class='ocrx_word' id='word_1_372' title='bbox 466 3551 523 3606; x_wconf 70' lang='grc' dir='ltr'>δὲ</span> <span class='ocrx_word' id='word_1_373' title='bbox 561 3552 631 3606; x_wconf 81' lang='grc' dir='ltr'><strong>τά</strong></span> <span class='ocrx_word' id='word_1_374' title='bbox 662 3553 1022 3623; x_wconf 82' lang='grc' dir='ltr'>παραπλήσια</span> <span class='ocrx_word' id='word_1_375' title='bbox 1051 3552 1217 3621; x_wconf 67' lang='grc' dir='ltr'>ἔδρα*</span> <span class='ocrx_word' id='word_1_376' title='bbox 1250 3554 1329 3617; x_wconf 84' lang='grc' dir='ltr'>ὡς</span> <span class='ocrx_word' id='word_1_377' title='bbox 1352 3554 1408 3609; x_wconf 80' lang='grc' dir='ltr'>δὲ</span> <span class='ocrx_word' id='word_1_378' title='bbox 1433 3555 1570 3609; x_wconf 80' lang='grc' dir='ltr'>πολὺ</span> <span class='ocrx_word' id='word_1_379' title='bbox 1602 3556 1766 3611; x_wconf 81' lang='grc' dir='ltr'>τοῦτο</span> <span class='ocrx_word' id='word_1_380' title='bbox 1800 3554 1869 3630; x_wconf 79' lang='grc' dir='ltr'>ἧν</span> <span class='ocrx_word' id='word_1_381' title='bbox 1904 3559 1996 3613; x_wconf 84' lang='grc' dir='ltr'>καὶ</span> 
     </span>
    </p>
   </div>
   <div class='ocr_carea' id='block_1_54' title="bbox 400 3641 1995 3715">
    <p class='ocr_par' dir='ltr' id='par_1_54' title="bbox 400 3641 1995 3715">
     <span class='ocr_line' id='line_1_54' title="bbox 400 3641 1995 3715; baseline 0.004 -21"><span class='ocrx_word' id='word_1_382' title='bbox 400 3641 573 3714; x_wconf 77' lang='grc' dir='ltr'>μέχρι</span> <span class='ocrx_word' id='word_1_383' title='bbox 618 3641 839 3711; x_wconf 82' lang='grc' dir='ltr'>πολλοῦ,</span> <span class='ocrx_word' id='word_1_384' title='bbox 896 3642 1217 3714; x_wconf 82' lang='grc' dir='ltr'>Ἦσύχασον,</span> <span class='ocrx_word' id='word_1_385' title='bbox 1274 3642 1503 3713; x_wconf 76' lang='grc' dir='ltr'>ἀδελφὲ,</span> <span class='ocrx_word' id='word_1_386' title='bbox 1556 3646 1726 3715; x_wconf 83' lang='grc' dir='ltr'>φησὶν</span> <span class='ocrx_word' id='word_1_387' title='bbox 1769 3648 1799 3700; x_wconf 90' lang='grc' dir='ltr'><strong>ό</strong></span> <span class='ocrx_word' id='word_1_388' title='bbox 1852 3646 1995 3713; x_wconf 80' lang='grc' dir='ltr'>θεῖος</span> 
     </span>
    </p>
   </div>
   <div class='ocr_carea' id='block_1_55' title="bbox 398 3733 1995 3807">
    <p class='ocr_par' dir='ltr' id='par_1_55' title="bbox 398 3733 1995 3807">
     <span class='ocr_line' id='line_1_55' title="bbox 398 3733 1995 3807; baseline 0.003 -17"><span class='ocrx_word' id='word_1_389' title='bbox 398 3737 570 3805; x_wconf 79' lang='grc' dir='ltr'>ἀνήρ’</span> <span class='ocrx_word' id='word_1_390' title='bbox 615 3733 725 3805; x_wconf 70' lang='grc' dir='ltr'>ἔχω</span> <span class='ocrx_word' id='word_1_391' title='bbox 765 3734 876 3807; x_wconf 85' lang='grc' dir='ltr'><strong>γὰρ</strong></span> <span class='ocrx_word' id='word_1_392' title='bbox 910 3734 1060 3807; x_wconf 81' lang='grc' dir='ltr'><strong>αὒτῷ</strong></span> <span class='ocrx_word' id='word_1_393' title='bbox 1088 3753 1141 3789; x_wconf 91' lang='grc' dir='ltr'><strong>τι</strong></span> <span class='ocrx_word' id='word_1_394' title='bbox 1173 3735 1540 3807; x_wconf 83' lang='grc' dir='ltr'>διαλεχθῆναι.</span> <span class='ocrx_word' id='word_1_395' title='bbox 1572 3738 1729 3792; x_wconf 83' lang='grc' dir='ltr'>Μετὰ</span> <span class='ocrx_word' id='word_1_396' title='bbox 1760 3737 1893 3807; x_wconf 82' lang='grc' dir='ltr'>γοῦν</span> <span class='ocrx_word' id='word_1_397' title='bbox 1933 3739 1995 3794; x_wconf 81' lang='grc' dir='ltr'>τὸ</span> 
     </span>
    </p>
   </div>
   <div class='ocr_carea' id='block_1_56' title="bbox 399 3824 1996 3900">
    <p class='ocr_par' dir='ltr' id='par_1_56' title="bbox 399 3824 1996 3900">
     <span class='ocr_line' id='line_1_56' title="bbox 399 3824 1996 3900; baseline 0.003 -22"><span class='ocrx_word' id='word_1_398' title='bbox 399 3824 505 3899; x_wconf 79' lang='grc' dir='ltr'>τὴν</span> <span class='ocrx_word' id='word_1_399' title='bbox 536 3826 688 3881; x_wconf 77' lang='grc' dir='ltr'>θείαν</span> <span class='ocrx_word' id='word_1_400' title='bbox 719 3825 1065 3899; x_wconf 87' lang='grc' dir='ltr'>λειτουργίαν</span> <span class='ocrx_word' id='word_1_401' title='bbox 1090 3826 1531 3898; x_wconf 77' lang='grc' dir='ltr'>συντελεσθῆναι,</span> <span class='ocrx_word' id='word_1_402' title='bbox 1562 3829 1996 3900; x_wconf 84' lang='grc' dir='ltr'>παραστησάμε-</span> 
     </span>
    </p>
   </div>
   <div class='ocr_carea' id='block_1_57' title="bbox 399 3908 1994 3993">
    <p class='ocr_par' dir='ltr' id='par_1_57' title="bbox 399 3908 1994 3993">
     <span class='ocr_line' id='line_1_57' title="bbox 399 3908 1994 3993; baseline 0.001 -21"><span class='ocrx_word' id='word_1_403' title='bbox 399 3908 497 3983; x_wconf 83' lang='grc' dir='ltr'><strong>νος</strong></span> <span class='ocrx_word' id='word_1_404' title='bbox 533 3920 625 3971; x_wconf 85' lang='grc' dir='ltr'>τὸν</span> <span class='ocrx_word' id='word_1_405' title='bbox 649 3917 820 3987; x_wconf 77' lang='grc' dir='ltr'>ἄνδρα</span> <span class='ocrx_word' id='word_1_406' title='bbox 866 3920 896 3972; x_wconf 87' lang='grc' dir='ltr'><strong>ό</strong></span> <span class='ocrx_word' id='word_1_407' title='bbox 938 3919 1163 3988; x_wconf 84' lang='grc' dir='ltr'>Συμεών</span> <span class='ocrx_word' id='word_1_408' title='bbox 1186 3936 1203 3953; x_wconf 77' lang='grc' dir='ltr'><strong><em>ο</em></strong></span> <span class='ocrx_word' id='word_1_409' title='bbox 1238 3920 1563 3992; x_wconf 80' lang='grc' dir='ltr'>Ὑποκριτὰ,</span> <span class='ocrx_word' id='word_1_410' title='bbox 1603 3920 1730 3991; x_wconf 81' lang='grc' dir='ltr'>ἐφη,</span> <span class='ocrx_word' id='word_1_411' title='bbox 1763 3923 1857 3974; x_wconf 70' lang='grc' dir='ltr'>καὶ</span> <span class='ocrx_word' id='word_1_412' title='bbox 1894 3922 1994 3993; x_wconf 78' lang='grc' dir='ltr'>τῆς</span> 
     </span>
    </p>
   </div>
   <div class='ocr_carea' id='block_1_58' title="bbox 400 4009 1996 4086">
    <p class='ocr_par' dir='ltr' id='par_1_58' title="bbox 400 4009 1996 4086">
     <span class='ocr_line' id='line_1_58' title="bbox 400 4009 1996 4086; baseline 0.001 -22"><span class='ocrx_word' id='word_1_413' title='bbox 400 4009 504 4064; x_wconf 79' lang='grc' dir='ltr'><strong>τοῦ</strong></span> <span class='ocrx_word' id='word_1_414' title='bbox 545 4009 685 4064; x_wconf 81' lang='grc' dir='ltr'>Θεοῦ</span> <span class='ocrx_word' id='word_1_415' title='bbox 718 4010 937 4082; x_wconf 83' lang='grc' dir='ltr'>μερίδος</span> <span class='ocrx_word' id='word_1_416' title='bbox 969 4012 1420 4083; x_wconf 81' lang='grc' dir='ltr'>μεμακρυσμὲνε,</span> <span class='ocrx_word' id='word_1_417' title='bbox 1451 4012 1568 4076; x_wconf 88' lang='grc' dir='ltr'><strong>πῶς</strong></span> <span class='ocrx_word' id='word_1_418' title='bbox 1599 4011 1835 4068; x_wconf 78' lang='grc' dir='ltr'>ἐνταῦθα</span> <span class='ocrx_word' id='word_1_419' title='bbox 1870 4015 1996 4086; x_wconf 84' lang='grc' dir='ltr'>ἐλη-</span> 
     </span>
    </p>
   </div>
   <div class='ocr_carea' id='block_1_59' title="bbox 401 4100 1996 4176">
    <p class='ocr_par' dir='ltr' id='par_1_59' title="bbox 401 4100 1996 4176">
     <span class='ocr_line' id='line_1_59' title="bbox 401 4100 1996 4176; baseline 0.002 -19"><span class='ocrx_word' id='word_1_420' title='bbox 401 4100 591 4167; x_wconf 84' lang='grc' dir='ltr'>λύθεις</span> <span class='ocrx_word' id='word_1_421' title='bbox 611 4103 796 4173; x_wconf 82' lang='grc' dir='ltr'>λήσειν</span> <span class='ocrx_word' id='word_1_422' title='bbox 825 4102 1072 4173; x_wconf 78' lang='grc' dir='ltr'>οἰόμενος</span> <span class='ocrx_word' id='word_1_423' title='bbox 1098 4105 1190 4158; x_wconf 81' lang='grc' dir='ltr'>τὸν</span> <span class='ocrx_word' id='word_1_424' title='bbox 1217 4104 1500 4159; x_wconf 87' lang='grc' dir='ltr'>πλάσαντα</span> <span class='ocrx_word' id='word_1_425' title='bbox 1529 4104 1672 4159; x_wconf 78' lang='grc' dir='ltr'>κατὰ</span> <span class='ocrx_word' id='word_1_426' title='bbox 1705 4105 1874 4176; x_wconf 84' lang='grc' dir='ltr'>μόνας</span> <span class='ocrx_word' id='word_1_427' title='bbox 1898 4107 1996 4170; x_wconf 80' lang='grc' dir='ltr'><strong>τὰς</strong></span> 
     </span>
    </p>
   </div>
   <div class='ocr_carea' id='block_1_60' title="bbox 402 4195 1995 4268">
    <p class='ocr_par' dir='ltr' id='par_1_60' title="bbox 402 4195 1995 4268">
     <span class='ocr_line' id='line_1_60' title="bbox 402 4195 1995 4268; baseline -0.001 -16"><span class='ocrx_word' id='word_1_428' title='bbox 402 4196 638 4268; x_wconf 79' lang='grc' dir='ltr'>καρδίας</span> <span class='ocrx_word' id='word_1_429' title='bbox 658 4195 838 4267; x_wconf 76' lang='grc' dir='ltr'>ἡμῶν,</span> <span class='ocrx_word' id='word_1_430' title='bbox 865 4196 957 4249; x_wconf 77' lang='grc' dir='ltr'>τὸν</span> <span class='ocrx_word' id='word_1_431' title='bbox 986 4196 1235 4251; x_wconf 86' lang='grc' dir='ltr'>συνιέντα</span> <span class='ocrx_word' id='word_1_432' title='bbox 1260 4198 1343 4260; x_wconf 81' lang='grc' dir='ltr'><strong>είς</strong></span> <span class='ocrx_word' id='word_1_433' title='bbox 1368 4197 1546 4251; x_wconf 86' lang='grc' dir='ltr'>πάντα</span> <span class='ocrx_word' id='word_1_434' title='bbox 1565 4197 1635 4250; x_wconf 88' lang='grc' dir='ltr'>τὰ</span> <span class='ocrx_word' id='word_1_435' title='bbox 1653 4196 1790 4268; x_wconf 77' lang='grc' dir='ltr'>ἔργα</span> <span class='ocrx_word' id='word_1_436' title='bbox 1808 4196 1995 4268; x_wconf 78' lang='grc' dir='ltr'>ἡμῶν,</span> 
     </span>
    </p>
   </div>
   <div class='ocr_carea' id='block_1_61' title="bbox 401 4285 1996 4360">
    <p class='ocr_par' dir='ltr' id='par_1_61' title="bbox 401 4285 1996 4360">
     <span class='ocr_line' id='line_1_61' title="bbox 401 4285 1996 4360; baseline -0.001 -17"><span class='ocrx_word' id='word_1_437' title='bbox 401 4289 503 4345; x_wconf 74' lang='grc' dir='ltr'>τὸν</span> <span class='ocrx_word' id='word_1_438' title='bbox 533 4290 809 4360; x_wconf 77' lang='grc' dir='ltr'>στήσαντα</span> <span class='ocrx_word' id='word_1_439' title='bbox 834 4288 902 4343; x_wconf 80' lang='grc' dir='ltr'>τὰ</span> <span class='ocrx_word' id='word_1_440' title='bbox 928 4287 1029 4360; x_wconf 74' lang='grc' dir='ltr'>ὃρη</span> <span class='ocrx_word' id='word_1_441' title='bbox 1067 4288 1316 4360; x_wconf 79' lang='grc' dir='ltr'>σταθμῷ,</span> <span class='ocrx_word' id='word_1_442' title='bbox 1349 4287 1447 4341; x_wconf 79' lang='grc' dir='ltr'>καὶ</span> <span class='ocrx_word' id='word_1_443' title='bbox 1478 4288 1578 4350; x_wconf 82' lang='grc' dir='ltr'>τὰς</span> <span class='ocrx_word' id='word_1_444' title='bbox 1602 4288 1780 4353; x_wconf 82' lang='grc' dir='ltr'>νάπας</span> <span class='ocrx_word' id='word_1_445' title='bbox 1811 4285 1996 4359; x_wconf 78' lang='grc' dir='ltr'>ζυγῷς</span> 
     </span>
    </p>
   </div>
   <div class='ocr_carea' id='block_1_62' title="bbox 401 4379 1999 4451">
    <p class='ocr_par' dir='ltr' id='par_1_62' title="bbox 401 4379 1999 4451">
     <span class='ocr_line' id='line_1_62' title="bbox 401 4379 1999 4451; baseline -0.001 -15"><span class='ocrx_word' id='word_1_446' title='bbox 401 4380 555 4445; x_wconf 81' lang='grc' dir='ltr'>τίνος</span> <span class='ocrx_word' id='word_1_447' title='bbox 600 4380 659 4435; x_wconf 86' lang='grc' dir='ltr'>δὲ</span> <span class='ocrx_word' id='word_1_448' title='bbox 710 4380 810 4436; x_wconf 72' lang='lat' dir='ltr'><strong>xui.</strong></span> <span class='ocrx_word' id='word_1_449' title='bbox 851 4379 1181 4450; x_wconf 79' lang='grc' dir='ltr'>κοινωνῆσαι</span> <span class='ocrx_word' id='word_1_450' title='bbox 1226 4379 1336 4433; x_wconf 86' lang='grc' dir='ltr'><strong>τῶν</strong></span> <span class='ocrx_word' id='word_1_451' title='bbox 1362 4380 1649 4451; x_wconf 82' lang='grc' dir='ltr'>ἁχράντων</span> <span class='ocrx_word' id='word_1_452' title='bbox 1680 4381 1999 4451; x_wconf 86' lang='grc' dir='ltr'>μυστηρίων</span> 
     </span>
    </p>
   </div>
   <div class='ocr_carea' id='block_1_63' title="bbox 404 4466 1999 4547">
    <p class='ocr_par' dir='ltr' id='par_1_63' title="bbox 404 4466 1999 4547">
     <span class='ocr_line' id='line_1_63' title="bbox 404 4466 1999 4547; baseline 0 -20"><span class='ocrx_word' id='word_1_453' title='bbox 404 4473 646 4547; x_wconf 77' lang='grc' dir='ltr'>ἐπείγῃς</span> <span class='ocrx_word' id='word_1_454' title='bbox 685 4473 787 4526; x_wconf 79' lang='grc' dir='ltr'>οὐκ</span> <span class='ocrx_word' id='word_1_455' title='bbox 832 4473 1043 4526; x_wconf 80' lang='grc' dir='ltr'>ἐκείνου</span> <span class='ocrx_word' id='word_1_456' title='bbox 1091 4472 1332 4536; x_wconf 86' lang='grc' dir='ltr'>πάντως,</span> <span class='ocrx_word' id='word_1_457' title='bbox 1362 4466 1423 4527; x_wconf 75' lang='grc' dir='ltr'>οὗ</span> <span class='ocrx_word' id='word_1_458' title='bbox 1466 4472 1656 4545; x_wconf 55' lang='lat' dir='ltr'><strong>nepam</strong></span> <span class='ocrx_word' id='word_1_459' title='bbox 1688 4490 1770 4527; x_wconf 87' lang='grc' dir='ltr'><strong>σοι</strong></span> <span class='ocrx_word' id='word_1_460' title='bbox 1803 4474 1999 4546; x_wconf 80' lang='grc' dir='ltr'>ἀπέχει</span> 
     </span>
    </p>
   </div>
   <div class='ocr_carea' id='block_1_64' title="bbox 2096 1979 3681 2053">
    <p class='ocr_par' dir='ltr' id='par_1_64' title="bbox 2096 1979 3681 2053">
     <span class='ocr_line' id='line_1_64' title="bbox 2096 1979 3681 2053; baseline 0.003 -18"><span class='ocrx_word' id='word_1_461' title='bbox 2096 1988 2219 2035; x_wconf 89' lang='lat' dir='ltr'><strong>ctus</strong></span> <span class='ocrx_word' id='word_1_462' title='bbox 2244 1979 2456 2050; x_wconf 88' lang='lat' dir='ltr'><strong>palmea</strong></span> <span class='ocrx_word' id='word_1_463' title='bbox 2480 1995 2579 2035; x_wconf 84' lang='lat' dir='ltr'><strong>sua</strong></span> <span class='ocrx_word' id='word_1_464' title='bbox 2606 1980 2780 2053; x_wconf 91' lang='lat' dir='ltr'><strong>virga,</strong></span> <span class='ocrx_word' id='word_1_465' title='bbox 2814 1981 3090 2053; x_wconf 80' lang='lat' dir='ltr'><strong>signatum</strong></span> <span class='ocrx_word' id='word_1_466' title='bbox 3137 1982 3421 2038; x_wconf 85' lang='lat' dir='ltr'><strong>hominem</strong></span> <span class='ocrx_word' id='word_1_467' title='bbox 3465 1985 3530 2038; x_wconf 89' lang='lat' dir='ltr'><strong>ad</strong></span> <span class='ocrx_word' id='word_1_468' title='bbox 3564 1984 3681 2039; x_wconf 89' lang='lat' dir='ltr'><strong>bal-</strong></span> 
     </span>
    </p>
   </div>
   <div class='ocr_carea' id='block_1_65' title="bbox 2095 2070 3679 2148">
    <p class='ocr_par' dir='ltr' id='par_1_65' title="bbox 2095 2070 3679 2148">
     <span class='ocr_line' id='line_1_65' title="bbox 2095 2070 3679 2148; baseline 0.004 -21"><span class='ocrx_word' id='word_1_469' title='bbox 2095 2087 2261 2127; x_wconf 87' lang='lat' dir='ltr'><strong>neum</strong></span> <span class='ocrx_word' id='word_1_470' title='bbox 2296 2070 2542 2128; x_wconf 89' lang='lat' dir='ltr'><strong>Tiberini</strong></span> <span class='ocrx_word' id='word_1_471' title='bbox 2572 2074 2816 2130; x_wconf 83' lang='lat' dir='ltr'><strong>lavatum</strong></span> <span class='ocrx_word' id='word_1_472' title='bbox 2837 2075 3053 2147; x_wconf 78' lang='lat' dir='ltr'><strong>ablegat</strong></span> <span class='ocrx_word' id='word_1_473' title='bbox 3084 2092 3099 2130; x_wconf 89' lang='lat'><strong>:</strong></span> <span class='ocrx_word' id='word_1_474' title='bbox 3132 2074 3363 2141; x_wconf 89' lang='lat' dir='ltr'><strong>Lavare,</strong></span> <span class='ocrx_word' id='word_1_475' title='bbox 3401 2076 3679 2148; x_wconf 85' lang='lat' dir='ltr'><strong>inquiens,</strong></span> 
     </span>
    </p>
   </div>
   <div class='ocr_carea' id='block_1_66' title="bbox 2096 2167 3682 2240">
    <p class='ocr_par' dir='ltr' id='par_1_66' title="bbox 2096 2167 3682 2240">
     <span class='ocr_line' id='line_1_66' title="bbox 2096 2167 3682 2240; baseline 0.004 -18"><span class='ocrx_word' id='word_1_476' title='bbox 2096 2167 2261 2223; x_wconf 91' lang='lat' dir='ltr'><strong>simul</strong></span> <span class='ocrx_word' id='word_1_477' title='bbox 2288 2177 2346 2225; x_wconf 90' lang='lat' dir='ltr'><strong>et</strong></span> <span class='ocrx_word' id='word_1_478' title='bbox 2373 2168 2629 2225; x_wconf 89' lang='lat' dir='ltr'><strong>ahluetur</strong></span> <span class='ocrx_word' id='word_1_479' title='bbox 2666 2170 2839 2240; x_wconf 88' lang='lat' dir='ltr'><strong>lepra.</strong></span> <span class='ocrx_word' id='word_1_480' title='bbox 2884 2171 2953 2226; x_wconf 87' lang='lat' dir='ltr'><strong>Et</strong></span> <span class='ocrx_word' id='word_1_481' title='bbox 2985 2182 3280 2228; x_wconf 83' lang='lat' dir='ltr'><strong>exsecutus</strong></span> <span class='ocrx_word' id='word_1_482' title='bbox 3306 2171 3557 2227; x_wconf 85' lang='lat' dir='ltr'><strong>mandata</strong></span> <span class='ocrx_word' id='word_1_483' title='bbox 3600 2172 3682 2229; x_wconf 80' lang='lat' dir='ltr'><strong>le-</strong></span> 
     </span>
    </p>
   </div>
   <div class='ocr_carea' id='block_1_67' title="bbox 2094 2261 3683 2335">
    <p class='ocr_par' dir='ltr' id='par_1_67' title="bbox 2094 2261 3683 2335">
     <span class='ocr_line' id='line_1_67' title="bbox 2094 2261 3683 2335; baseline 0.004 -21"><span class='ocrx_word' id='word_1_484' title='bbox 2094 2275 2314 2331; x_wconf 87' lang='lat' dir='ltr'><strong>prosus,</strong></span> <span class='ocrx_word' id='word_1_485' title='bbox 2353 2269 2681 2332; x_wconf 86' lang='lat' dir='ltr'><strong>persanatus</strong></span> <span class='ocrx_word' id='word_1_486' title='bbox 2729 2261 2855 2318; x_wconf 91' lang='lat' dir='ltr'><strong>inde</strong></span> <span class='ocrx_word' id='word_1_487' title='bbox 2900 2263 3087 2330; x_wconf 84' lang='lat' dir='ltr'><strong>rediit,</strong></span> <span class='ocrx_word' id='word_1_488' title='bbox 3129 2279 3163 2319; x_wconf 92' lang='lat' dir='ltr'><strong>o</strong></span> <span class='ocrx_word' id='word_1_489' title='bbox 3197 2263 3509 2335; x_wconf 79' lang='lat' dir='ltr'><strong>prodigium</strong></span> <span class='ocrx_word' id='word_1_490' title='bbox 3556 2265 3683 2320; x_wconf 90' lang='lat' dir='ltr'><strong>inu-</strong></span> 
     </span>
    </p>
   </div>
   <div class='ocr_carea' id='block_1_68' title="bbox 2094 2350 2359 2406">
    <p class='ocr_par' dir='ltr' id='par_1_68' title="bbox 2094 2350 2359 2406">
     <span class='ocr_line' id='line_1_68' title="bbox 2094 2350 2359 2406; baseline 0 -1"><span class='ocrx_word' id='word_1_491' title='bbox 2094 2350 2320 2406; x_wconf 81' lang='lat' dir='ltr'><strong>sitatum</strong></span> <span class='ocrx_word' id='word_1_492' title='bbox 2345 2352 2359 2405; x_wconf 75' lang='grc' dir='ltr'><strong>ί</strong></span> 
     </span>
    </p>
   </div>
   <div class='ocr_carea' id='block_1_69' title="bbox 2164 2442 3682 2515">
    <p class='ocr_par' dir='ltr' id='par_1_69' title="bbox 2164 2442 3682 2515">
     <span class='ocr_line' id='line_1_69' title="bbox 2164 2442 3682 2515; baseline 0.003 -19"><span class='ocrx_word' id='word_1_493' title='bbox 2164 2442 2290 2497; x_wconf 73' lang='grc'><strong>217.</strong></span> <span class='ocrx_word' id='word_1_494' title='bbox 2330 2443 2486 2499; x_wconf 87' lang='lat' dir='ltr'><strong>Alius</strong></span> <span class='ocrx_word' id='word_1_495' title='bbox 2517 2444 2743 2515; x_wconf 89' lang='lat' dir='ltr'><strong>quidam</strong></span> <span class='ocrx_word' id='word_1_496' title='bbox 2794 2446 3175 2501; x_wconf 81' lang='lat' dir='ltr'><strong>Antiochenus</strong></span> <span class='ocrx_word' id='word_1_497' title='bbox 3222 2446 3391 2500; x_wconf 89' lang='lat' dir='ltr'><strong>etiam</strong></span> <span class='ocrx_word' id='word_1_498' title='bbox 3437 2462 3505 2501; x_wconf 82' lang='lat' dir='ltr'><strong>ex</strong></span> <span class='ocrx_word' id='word_1_499' title='bbox 3554 2446 3682 2500; x_wconf 81' lang='lat' dir='ltr'><strong>illu-</strong></span> 
     </span>
    </p>
   </div>
   <div class='ocr_carea' id='block_1_70' title="bbox 2094 2534 3683 2607">
    <p class='ocr_par' dir='ltr' id='par_1_70' title="bbox 2094 2534 3683 2607">
     <span class='ocr_line' id='line_1_70' title="bbox 2094 2534 3683 2607; baseline 0.001 -16"><span class='ocrx_word' id='word_1_500' title='bbox 2094 2534 2391 2591; x_wconf 85' lang='lat' dir='ltr'><strong>strioribus</strong></span> <span class='ocrx_word' id='word_1_501' title='bbox 2419 2535 2742 2591; x_wconf 61' lang='lat' dir='ltr'><strong>tetendit&#39;ad</strong></span> <span class='ocrx_word' id='word_1_502' title='bbox 2765 2536 3103 2601; x_wconf 88' lang='lat' dir='ltr'><strong>columnam,</strong></span> <span class='ocrx_word' id='word_1_503' title='bbox 3126 2536 3258 2592; x_wconf 89' lang='lat' dir='ltr'><strong>dum</strong></span> <span class='ocrx_word' id='word_1_504' title='bbox 3293 2536 3476 2592; x_wconf 86' lang='lat' dir='ltr'><strong>adhuc</strong></span> <span class='ocrx_word' id='word_1_505' title='bbox 3493 2551 3683 2607; x_wconf 74' lang='lat' dir='ltr'><strong>agerc-</strong></span> 
     </span>
    </p>
   </div>
   <div class='ocr_carea' id='block_1_71' title="bbox 2095 2628 3676 2700">
    <p class='ocr_par' dir='ltr' id='par_1_71' title="bbox 2095 2628 3676 2700">
     <span class='ocr_line' id='line_1_71' title="bbox 2095 2628 3676 2700; baseline 0.001 -18"><span class='ocrx_word' id='word_1_506' title='bbox 2095 2635 2186 2682; x_wconf 90' lang='lat' dir='ltr'><strong>tur</strong></span> <span class='ocrx_word' id='word_1_507' title='bbox 2206 2642 2361 2683; x_wconf 89' lang='lat' dir='ltr'><strong>sacra</strong></span> <span class='ocrx_word' id='word_1_508' title='bbox 2390 2628 2657 2684; x_wconf 87' lang='lat' dir='ltr'><strong>memoria</strong></span> <span class='ocrx_word' id='word_1_509' title='bbox 2677 2637 2881 2684; x_wconf 63' lang='lat' dir='ltr'><strong>sanctae</strong></span> <span class='ocrx_word' id='word_1_510' title='bbox 2912 2629 3087 2699; x_wconf 87' lang='lat' dir='ltr'><strong>ipsius</strong></span> <span class='ocrx_word' id='word_1_511' title='bbox 3120 2628 3295 2685; x_wconf 85' lang='lat' dir='ltr'><strong>sancti</strong></span> <span class='ocrx_word' id='word_1_512' title='bbox 3327 2629 3516 2684; x_wconf 86' lang='lat' dir='ltr'><strong>matris</strong></span> <span class='ocrx_word' id='word_1_513' title='bbox 3539 2628 3676 2700; x_wconf 77' lang='lat'><strong>(59).</strong></span> 
     </span>
    </p>
   </div>
   <div class='ocr_carea' id='block_1_72' title="bbox 2092 2717 3688 2792">
    <p class='ocr_par' dir='ltr' id='par_1_72' title="bbox 2092 2717 3688 2792">
     <span class='ocr_line' id='line_1_72' title="bbox 2092 2717 3688 2792; baseline 0 -19"><span class='ocrx_word' id='word_1_514' title='bbox 2092 2717 2226 2773; x_wconf 85' lang='lat' dir='ltr'><strong>Erat</strong></span> <span class='ocrx_word' id='word_1_515' title='bbox 2257 2718 2424 2789; x_wconf 77' lang='lat' dir='ltr'><strong>igitur</strong></span> <span class='ocrx_word' id='word_1_516' title='bbox 2448 2727 2665 2789; x_wconf 90' lang='lat' dir='ltr'><strong>tempus</strong></span> <span class='ocrx_word' id='word_1_517' title='bbox 2695 2733 2865 2775; x_wconf 70' lang='lat' dir='ltr'><strong>sacrm</strong></span> <span class='ocrx_word' id='word_1_518' title='bbox 2891 2720 3150 2792; x_wconf 65' lang='lat' dir='ltr'><strong>liturgiae,</strong></span> <span class='ocrx_word' id='word_1_519' title='bbox 3180 2719 3270 2774; x_wconf 92' lang='lat' dir='ltr'><strong>cui</strong></span> <span class='ocrx_word' id='word_1_520' title='bbox 3303 2720 3420 2789; x_wconf 89' lang='lat' dir='ltr'><strong>ipse</strong></span> <span class='ocrx_word' id='word_1_521' title='bbox 3444 2718 3688 2791; x_wconf 80' lang='lat' dir='ltr'><strong>Symeon</strong></span> 
     </span>
    </p>
   </div>
   <div class='ocr_carea' id='block_1_73' title="bbox 2093 2808 3684 2880">
    <p class='ocr_par' dir='ltr' id='par_1_73' title="bbox 2093 2808 3684 2880">
     <span class='ocr_line' id='line_1_73' title="bbox 2093 2808 3684 2880; baseline 0 -15"><span class='ocrx_word' id='word_1_522' title='bbox 2093 2809 2447 2880; x_wconf 88' lang='lat' dir='ltr'><strong>operabatur.</strong></span> <span class='ocrx_word' id='word_1_523' title='bbox 2487 2808 2627 2866; x_wconf 88' lang='lat' dir='ltr'><strong>Cum</strong></span> <span class='ocrx_word' id='word_1_524' title='bbox 2661 2817 2846 2866; x_wconf 88' lang='lat' dir='ltr'><strong>autem</strong></span> <span class='ocrx_word' id='word_1_525' title='bbox 2878 2811 3044 2867; x_wconf 91' lang='lat' dir='ltr'><strong>homo</strong></span> <span class='ocrx_word' id='word_1_526' title='bbox 3078 2811 3169 2866; x_wconf 91' lang='lat' dir='ltr'><strong>ille</strong></span> <span class='ocrx_word' id='word_1_527' title='bbox 3218 2810 3507 2866; x_wconf 81' lang='lat' dir='ltr'><strong>festinaret</strong></span> <span class='ocrx_word' id='word_1_528' title='bbox 3556 2810 3684 2865; x_wconf 88' lang='lat' dir='ltr'><strong>inde</strong></span> 
     </span>
    </p>
   </div>
   <div class='ocr_carea' id='block_1_74' title="bbox 2093 2901 3684 2974">
    <p class='ocr_par' dir='ltr' id='par_1_74' title="bbox 2093 2901 3684 2974">
     <span class='ocr_line' id='line_1_74' title="bbox 2093 2901 3684 2974; baseline 0 -17"><span class='ocrx_word' id='word_1_529' title='bbox 2093 2901 2310 2974; x_wconf 86' lang='lat' dir='ltr'><strong>regredi</strong></span> <span class='ocrx_word' id='word_1_530' title='bbox 2338 2902 2407 2957; x_wconf 85' lang='lat' dir='ltr'><strong>ad</strong></span> <span class='ocrx_word' id='word_1_531' title='bbox 2450 2918 2530 2969; x_wconf 93' lang='lat' dir='ltr'><strong>se,</strong></span> <span class='ocrx_word' id='word_1_532' title='bbox 2570 2914 2724 2973; x_wconf 85' lang='lat' dir='ltr'><strong>rogat</strong></span> <span class='ocrx_word' id='word_1_533' title='bbox 2751 2904 3069 2974; x_wconf 86' lang='lat' dir='ltr'><strong>quempiam</strong></span> <span class='ocrx_word' id='word_1_534' title='bbox 3101 2902 3524 2974; x_wconf 89' lang='lat' dir='ltr'><strong>discipulorum,</strong></span> <span class='ocrx_word' id='word_1_535' title='bbox 3561 2918 3684 2973; x_wconf 72' lang='lat' dir='ltr'><strong>quae</strong></span> 
     </span>
    </p>
   </div>
   <div class='ocr_carea' id='block_1_75' title="bbox 2093 2991 3684 3059">
    <p class='ocr_par' dir='ltr' id='par_1_75' title="bbox 2093 2991 3684 3059">
     <span class='ocr_line' id='line_1_75' title="bbox 2093 2991 3684 3059; baseline -0.003 -9"><span class='ocrx_word' id='word_1_536' title='bbox 2093 2993 2470 3049; x_wconf 80' lang='lat' dir='ltr'><strong>aﬂ’erebantur</strong></span> <span class='ocrx_word' id='word_1_537' title='bbox 2489 3001 2681 3049; x_wconf 87' lang='lat' dir='ltr'><strong>sancto</strong></span> <span class='ocrx_word' id='word_1_538' title='bbox 2710 2994 3029 3049; x_wconf 87' lang='lat' dir='ltr'><strong>renuntiare</strong></span> <span class='ocrx_word' id='word_1_539' title='bbox 3053 2994 3298 3059; x_wconf 88' lang='lat' dir='ltr'><strong>solitum,</strong></span> <span class='ocrx_word' id='word_1_540' title='bbox 3323 2999 3386 3046; x_wconf 89' lang='lat' dir='ltr'><strong>ut</strong></span> <span class='ocrx_word' id='word_1_541' title='bbox 3407 2993 3555 3047; x_wconf 88' lang='lat' dir='ltr'><strong>celer</strong></span> <span class='ocrx_word' id='word_1_542' title='bbox 3576 2991 3684 3047; x_wconf 88' lang='lat' dir='ltr'><strong>sibi</strong></span> 
     </span>
    </p>
   </div>
   <div class='ocr_carea' id='block_1_76' title="bbox 2093 3081 3686 3154">
    <p class='ocr_par' dir='ltr' id='par_1_76' title="bbox 2093 3081 3686 3154">
     <span class='ocr_line' id='line_1_76' title="bbox 2093 3081 3686 3154; baseline 0 -16"><span class='ocrx_word' id='word_1_543' title='bbox 2093 3082 2164 3138; x_wconf 90' lang='lat' dir='ltr'><strong>ad</strong></span> <span class='ocrx_word' id='word_1_544' title='bbox 2192 3097 2348 3138; x_wconf 86' lang='lat' dir='ltr'><strong>sacra</strong></span> <span class='ocrx_word' id='word_1_545' title='bbox 2375 3082 2635 3153; x_wconf 80' lang='lat' dir='ltr'><strong>mysteria</strong></span> <span class='ocrx_word' id='word_1_546' title='bbox 2666 3082 2850 3137; x_wconf 90' lang='lat' dir='ltr'><strong>aditus</strong></span> <span class='ocrx_word' id='word_1_547' title='bbox 2882 3081 2996 3139; x_wconf 83' lang='lat' dir='ltr'><strong>ﬁat.</strong></span> <span class='ocrx_word' id='word_1_548' title='bbox 3036 3082 3139 3151; x_wconf 84' lang='lat' dir='ltr'><strong>Qui</strong></span> <span class='ocrx_word' id='word_1_549' title='bbox 3168 3083 3358 3139; x_wconf 84' lang='lat' dir='ltr'><strong>habita</strong></span> <span class='ocrx_word' id='word_1_550' title='bbox 3400 3082 3686 3154; x_wconf 81' lang='lat' dir='ltr'><strong>dignitatis</strong></span> 
     </span>
    </p>
   </div>
   <div class='ocr_carea' id='block_1_77' title="bbox 2095 3175 3684 3247">
    <p class='ocr_par' dir='ltr' id='par_1_77' title="bbox 2095 3175 3684 3247">
     <span class='ocr_line' id='line_1_77' title="bbox 2095 3175 3684 3247; baseline -0.001 -16"><span class='ocrx_word' id='word_1_551' title='bbox 2095 3176 2217 3247; x_wconf 82' lang='lat' dir='ltr'><strong>ejus</strong></span> <span class='ocrx_word' id='word_1_552' title='bbox 2245 3175 2520 3247; x_wconf 85' lang='lat' dir='ltr'><strong>praecipue</strong></span> <span class='ocrx_word' id='word_1_553' title='bbox 2549 3176 2784 3240; x_wconf 87' lang='lat' dir='ltr'><strong>ratione,</strong></span> <span class='ocrx_word' id='word_1_554' title='bbox 2806 3175 3032 3231; x_wconf 86' lang='lat' dir='ltr'><strong>adducit</strong></span> <span class='ocrx_word' id='word_1_555' title='bbox 3057 3176 3361 3242; x_wconf 85' lang='lat' dir='ltr'><strong>hominem,</strong></span> <span class='ocrx_word' id='word_1_556' title='bbox 3394 3184 3684 3245; x_wconf 86' lang='lat' dir='ltr'><strong>postquam</strong></span> 
     </span>
    </p>
   </div>
   <div class='ocr_carea' id='block_1_78' title="bbox 2102 3267 3734 3339">
    <p class='ocr_par' dir='ltr' id='par_1_78' title="bbox 2102 3267 3734 3339">
     <span class='ocr_line' id='line_1_78' title="bbox 2102 3267 3734 3339; baseline -0.002 -15"><span class='ocrx_word' id='word_1_557' title='bbox 2102 3268 2576 3324; x_wconf 87' lang='lat' dir='ltr'><strong>communicarant</strong></span> <span class='ocrx_word' id='word_1_558' title='bbox 2609 3267 2884 3337; x_wconf 91' lang='lat' dir='ltr'><strong>discipuli,</strong></span> <span class='ocrx_word' id='word_1_559' title='bbox 2914 3276 3040 3324; x_wconf 87' lang='lat' dir='ltr'><strong>ante</strong></span> <span class='ocrx_word' id='word_1_560' title='bbox 3067 3268 3336 3339; x_wconf 86' lang='lat' dir='ltr'><strong>reliquam</strong></span> <span class='ocrx_word' id='word_1_561' title='bbox 3367 3267 3584 3322; x_wconf 86' lang='lat' dir='ltr'><strong>turbam</strong></span> <span class='ocrx_word' id='word_1_562' title='bbox 3618 3267 3684 3321; x_wconf 80' lang='lat' dir='ltr'><strong>ad</strong></span> <span class='ocrx_word' id='word_1_563' title='bbox 3730 3306 3734 3314; x_wconf 85' lang='lat'>.</span> 
     </span>
    </p>
   </div>
   <div class='ocr_carea' id='block_1_79' title="bbox 2101 3358 3686 3432">
    <p class='ocr_par' dir='ltr' id='par_1_79' title="bbox 2101 3358 3686 3432">
     <span class='ocr_line' id='line_1_79' title="bbox 2101 3358 3686 3432; baseline -0.001 -16"><span class='ocrx_word' id='word_1_564' title='bbox 2101 3360 2463 3416; x_wconf 85' lang='lat' dir='ltr'><strong>columnam:</strong></span> <span class='ocrx_word' id='word_1_565' title='bbox 2522 3361 2621 3416; x_wconf 87' lang='lat' dir='ltr'><strong>sed</strong></span> <span class='ocrx_word' id='word_1_566' title='bbox 2662 3361 2912 3432; x_wconf 86' lang='lat' dir='ltr'><strong>rejicitur</strong></span> <span class='ocrx_word' id='word_1_567' title='bbox 2964 3376 2996 3415; x_wconf 91' lang='lat' dir='ltr'><strong>a</strong></span> <span class='ocrx_word' id='word_1_568' title='bbox 3050 3370 3262 3427; x_wconf 87' lang='lat' dir='ltr'><strong>sancto,</strong></span> <span class='ocrx_word' id='word_1_569' title='bbox 3322 3358 3686 3414; x_wconf 85' lang='lat' dir='ltr'><strong>distribuente</strong></span> 
     </span>
    </p>
   </div>
   <div class='ocr_carea' id='block_1_80' title="bbox 2102 3451 3686 3523">
    <p class='ocr_par' dir='ltr' id='par_1_80' title="bbox 2102 3451 3686 3523">
     <span class='ocr_line' id='line_1_80' title="bbox 2102 3451 3686 3523; baseline -0.001 -17"><span class='ocrx_word' id='word_1_570' title='bbox 2102 3451 2226 3507; x_wconf 90' lang='lat' dir='ltr'><strong>aliis</strong></span> <span class='ocrx_word' id='word_1_571' title='bbox 2252 3460 2376 3522; x_wconf 88' lang='lat' dir='ltr'><strong>post</strong></span> <span class='ocrx_word' id='word_1_572' title='bbox 2407 3452 2557 3508; x_wconf 90' lang='lat' dir='ltr'><strong>hunc</strong></span> <span class='ocrx_word' id='word_1_573' title='bbox 2582 3453 2955 3508; x_wconf 82' lang='lat' dir='ltr'><strong>venientibus.</strong></span> <span class='ocrx_word' id='word_1_574' title='bbox 2985 3453 3302 3523; x_wconf 90' lang='lat' dir='ltr'><strong>Discipulus</strong></span> <span class='ocrx_word' id='word_1_575' title='bbox 3323 3467 3455 3513; x_wconf 69' lang='lat' dir='ltr'><strong>vero</strong></span> <span class='ocrx_word' id='word_1_576' title='bbox 3485 3451 3686 3507; x_wconf 83' lang='lat' dir='ltr'><strong>iterum</strong></span> 
     </span>
    </p>
   </div>
   <div class='ocr_carea' id='block_1_81' title="bbox 2101 3542 3688 3616">
    <p class='ocr_par' dir='ltr' id='par_1_81' title="bbox 2101 3542 3688 3616">
     <span class='ocr_line' id='line_1_81' title="bbox 2101 3542 3688 3616; baseline 0.001 -19"><span class='ocrx_word' id='word_1_577' title='bbox 2101 3542 2360 3610; x_wconf 87' lang='lat' dir='ltr'><strong>adducit;</strong></span> <span class='ocrx_word' id='word_1_578' title='bbox 2396 3543 2492 3599; x_wconf 87' lang='lat' dir='ltr'><strong>sed</strong></span> <span class='ocrx_word' id='word_1_579' title='bbox 2531 3544 2723 3616; x_wconf 88' lang='lat' dir='ltr'><strong>rejecit</strong></span> <span class='ocrx_word' id='word_1_580' title='bbox 2748 3560 2898 3609; x_wconf 91' lang='lat' dir='ltr'><strong>eum,</strong></span> <span class='ocrx_word' id='word_1_581' title='bbox 2929 3552 2990 3599; x_wconf 90' lang='lat' dir='ltr'><strong>ut</strong></span> <span class='ocrx_word' id='word_1_582' title='bbox 3025 3560 3214 3615; x_wconf 89' lang='lat' dir='ltr'><strong>supra,</strong></span> <span class='ocrx_word' id='word_1_583' title='bbox 3251 3553 3493 3599; x_wconf 86' lang='lat' dir='ltr'><strong>sanctus.</strong></span> <span class='ocrx_word' id='word_1_584' title='bbox 3519 3543 3688 3599; x_wconf 80' lang='lat' dir='ltr'><strong>Cum-</strong></span> 
     </span>
    </p>
   </div>
   <div class='ocr_carea' id='block_1_82' title="bbox 2101 3635 3684 3705">
    <p class='ocr_par' dir='ltr' id='par_1_82' title="bbox 2101 3635 3684 3705">
     <span class='ocr_line' id='line_1_82' title="bbox 2101 3635 3684 3705; baseline -0.001 -16"><span class='ocrx_word' id='word_1_585' title='bbox 2101 3649 2210 3705; x_wconf 89' lang='lat' dir='ltr'><strong>que</strong></span> <span class='ocrx_word' id='word_1_586' title='bbox 2238 3635 2294 3690; x_wconf 93' lang='lat' dir='ltr'><strong>id</strong></span> <span class='ocrx_word' id='word_1_587' title='bbox 2323 3635 2556 3690; x_wconf 90' lang='lat' dir='ltr'><strong>multum</strong></span> <span class='ocrx_word' id='word_1_588' title='bbox 2604 3645 2661 3691; x_wconf 83' lang='lat' dir='ltr'><strong>et</strong></span> <span class='ocrx_word' id='word_1_589' title='bbox 2705 3635 2801 3691; x_wconf 87' lang='lat' dir='ltr'><strong>diu</strong></span> <span class='ocrx_word' id='word_1_590' title='bbox 2840 3636 2914 3691; x_wconf 89' lang='lat' dir='ltr'><strong>ita</strong></span> <span class='ocrx_word' id='word_1_591' title='bbox 2957 3635 3133 3699; x_wconf 83' lang='lat' dir='ltr'><strong>ﬁeret,</strong></span> <span class='ocrx_word' id='word_1_592' title='bbox 3182 3636 3401 3691; x_wconf 84' lang='lat' dir='ltr'><strong>tandem</strong></span> <span class='ocrx_word' id='word_1_593' title='bbox 3423 3636 3511 3690; x_wconf 88' lang='lat' dir='ltr'><strong>vir</strong></span> <span class='ocrx_word' id='word_1_594' title='bbox 3541 3636 3684 3691; x_wconf 87' lang='lat' dir='ltr'><strong>Dei:</strong></span> 
     </span>
    </p>
   </div>
   <div class='ocr_carea' id='block_1_83' title="bbox 2100 3725 3686 3797">
    <p class='ocr_par' dir='ltr' id='par_1_83' title="bbox 2100 3725 3686 3797">
     <span class='ocr_line' id='line_1_83' title="bbox 2100 3725 3686 3797; baseline -0.002 -15"><span class='ocrx_word' id='word_1_595' title='bbox 2100 3726 2428 3797; x_wconf 84' lang='lat' dir='ltr'><strong>Acquiesce,</strong></span> <span class='ocrx_word' id='word_1_596' title='bbox 2464 3726 2539 3781; x_wconf 89' lang='lat' dir='ltr'><strong>mi</strong></span> <span class='ocrx_word' id='word_1_597' title='bbox 2582 3727 2775 3792; x_wconf 83' lang='lat' dir='ltr'><strong>frater,</strong></span> <span class='ocrx_word' id='word_1_598' title='bbox 2824 3726 3040 3796; x_wconf 90' lang='lat' dir='ltr'><strong>inquit;</strong></span> <span class='ocrx_word' id='word_1_599' title='bbox 3085 3736 3170 3782; x_wconf 92' lang='lat' dir='ltr'><strong>est</strong></span> <span class='ocrx_word' id='word_1_600' title='bbox 3218 3727 3367 3782; x_wconf 86' lang='lat' dir='ltr'><strong>enim</strong></span> <span class='ocrx_word' id='word_1_601' title='bbox 3416 3725 3564 3797; x_wconf 89' lang='lat' dir='ltr'><strong>quod</strong></span> <span class='ocrx_word' id='word_1_602' title='bbox 3612 3726 3686 3780; x_wconf 79' lang='lat' dir='ltr'><strong>illi</strong></span> 
     </span>
    </p>
   </div>
   <div class='ocr_carea' id='block_1_84' title="bbox 2101 3817 3689 3890">
    <p class='ocr_par' dir='ltr' id='par_1_84' title="bbox 2101 3817 3689 3890">
     <span class='ocr_line' id='line_1_84' title="bbox 2101 3817 3689 3890; baseline -0.001 -16"><span class='ocrx_word' id='word_1_603' title='bbox 2101 3817 2290 3874; x_wconf 90' lang='lat' dir='ltr'><strong>velim.</strong></span> <span class='ocrx_word' id='word_1_604' title='bbox 2343 3819 2573 3875; x_wconf 89' lang='lat' dir='ltr'><strong>Peracta</strong></span> <span class='ocrx_word' id='word_1_605' title='bbox 2618 3818 2860 3889; x_wconf 90' lang='lat' dir='ltr'><strong>denique</strong></span> <span class='ocrx_word' id='word_1_606' title='bbox 2902 3833 3060 3874; x_wconf 86' lang='lat' dir='ltr'><strong>sacra</strong></span> <span class='ocrx_word' id='word_1_607' title='bbox 3104 3818 3348 3890; x_wconf 84' lang='lat' dir='ltr'><strong>liturgia.</strong></span> <span class='ocrx_word' id='word_1_608' title='bbox 3395 3833 3689 3874; x_wconf 80' lang='lat' dir='ltr'><strong>accersens</strong></span> 
     </span>
    </p>
   </div>
   <div class='ocr_carea' id='block_1_85' title="bbox 2103 3911 3685 3984">
    <p class='ocr_par' dir='ltr' id='par_1_85' title="bbox 2103 3911 3685 3984">
     <span class='ocr_line' id='line_1_85' title="bbox 2103 3911 3685 3984; baseline -0.001 -16"><span class='ocrx_word' id='word_1_609' title='bbox 2103 3915 2305 3979; x_wconf 90' lang='lat' dir='ltr'><strong>virum,</strong></span> <span class='ocrx_word' id='word_1_610' title='bbox 2345 3915 2422 3969; x_wconf 91' lang='lat' dir='ltr'><strong>ait</strong></span> <span class='ocrx_word' id='word_1_611' title='bbox 2446 3913 2524 3968; x_wconf 91' lang='lat' dir='ltr'><strong>illi</strong></span> <span class='ocrx_word' id='word_1_612' title='bbox 2555 3921 2780 3969; x_wconf 89' lang='lat' dir='ltr'><strong>sanctus</strong></span> <span class='ocrx_word' id='word_1_613' title='bbox 2814 3932 2828 3968; x_wconf 87' lang='lat'><strong>:</strong></span> <span class='ocrx_word' id='word_1_614' title='bbox 2857 3911 3177 3984; x_wconf 81' lang='lat' dir='ltr'><strong>Hypocrita,</strong></span> <span class='ocrx_word' id='word_1_615' title='bbox 3212 3912 3457 3967; x_wconf 86' lang='lat' dir='ltr'><strong>alienate</strong></span> <span class='ocrx_word' id='word_1_616' title='bbox 3481 3926 3512 3967; x_wconf 88' lang='lat' dir='ltr'><strong>a</strong></span> <span class='ocrx_word' id='word_1_617' title='bbox 3553 3912 3685 3972; x_wconf 84' lang='lat' dir='ltr'><strong>Deo,</strong></span> 
     </span>
    </p>
   </div>
   <div class='ocr_carea' id='block_1_86' title="bbox 2102 4002 3689 4075">
    <p class='ocr_par' dir='ltr' id='par_1_86' title="bbox 2102 4002 3689 4075">
     <span class='ocr_line' id='line_1_86' title="bbox 2102 4002 3689 4075; baseline -0.002 -15"><span class='ocrx_word' id='word_1_618' title='bbox 2102 4003 2383 4075; x_wconf 87' lang='lat' dir='ltr'><strong>quomodo</strong></span> <span class='ocrx_word' id='word_1_619' title='bbox 2418 4004 2528 4060; x_wconf 88' lang='lat' dir='ltr'><strong>huc</strong></span> <span class='ocrx_word' id='word_1_620' title='bbox 2569 4006 2794 4069; x_wconf 89' lang='lat' dir='ltr'><strong>venisti,</strong></span> <span class='ocrx_word' id='word_1_621' title='bbox 2839 4005 3168 4061; x_wconf 77' lang='lat' dir='ltr'><strong>existimans</strong></span> <span class='ocrx_word' id='word_1_622' title='bbox 3203 4002 3377 4059; x_wconf 80' lang='lat' dir='ltr'><strong>latere</strong></span> <span class='ocrx_word' id='word_1_623' title='bbox 3426 4012 3478 4058; x_wconf 90' lang='lat' dir='ltr'><strong>te</strong></span> <span class='ocrx_word' id='word_1_624' title='bbox 3526 4018 3689 4073; x_wconf 86' lang='lat' dir='ltr'><strong>posse</strong></span> 
     </span>
    </p>
   </div>
   <div class='ocr_carea' id='block_1_87' title="bbox 2104 4095 3689 4169">
    <p class='ocr_par' dir='ltr' id='par_1_87' title="bbox 2104 4095 3689 4169">
     <span class='ocr_line' id='line_1_87' title="bbox 2104 4095 3689 4169; baseline -0.001 -16"><span class='ocrx_word' id='word_1_625' title='bbox 2104 4098 2282 4163; x_wconf 91' lang='lat' dir='ltr'><strong>illum,</strong></span> <span class='ocrx_word' id='word_1_626' title='bbox 2312 4097 2408 4169; x_wconf 90' lang='lat' dir='ltr'><strong>qui</strong></span> <span class='ocrx_word' id='word_1_627' title='bbox 2438 4095 2650 4152; x_wconf 79' lang='lat' dir='ltr'><strong>eﬁinxit</strong></span> <span class='ocrx_word' id='word_1_628' title='bbox 2687 4097 2858 4153; x_wconf 87' lang='lat' dir='ltr'><strong>corda</strong></span> <span class='ocrx_word' id='word_1_629' title='bbox 2895 4107 3107 4163; x_wconf 82' lang='lat' dir='ltr'><strong>nostra,</strong></span> <span class='ocrx_word' id='word_1_630' title='bbox 3140 4097 3234 4167; x_wconf 90' lang='lat' dir='ltr'><strong>qui</strong></span> <span class='ocrx_word' id='word_1_631' title='bbox 3261 4097 3542 4168; x_wconf 86' lang='lat' dir='ltr'><strong>cognoscit</strong></span> <span class='ocrx_word' id='word_1_632' title='bbox 3572 4111 3689 4151; x_wconf 85' lang='lat' dir='ltr'><strong>om-</strong></span> 
     </span>
    </p>
   </div>
   <div class='ocr_carea' id='block_1_88' title="bbox 2105 4188 3690 4260">
    <p class='ocr_par' dir='ltr' id='par_1_88' title="bbox 2105 4188 3690 4260">
     <span class='ocr_line' id='line_1_88' title="bbox 2105 4188 3690 4260; baseline 0 -17"><span class='ocrx_word' id='word_1_633' title='bbox 2105 4188 2196 4244; x_wconf 90' lang='lat' dir='ltr'><strong>nia</strong></span> <span class='ocrx_word' id='word_1_634' title='bbox 2229 4204 2400 4260; x_wconf 87' lang='lat' dir='ltr'><strong>opera</strong></span> <span class='ocrx_word' id='word_1_635' title='bbox 2430 4199 2641 4256; x_wconf 90' lang='lat' dir='ltr'><strong>nostra,</strong></span> <span class='ocrx_word' id='word_1_636' title='bbox 2670 4188 2767 4260; x_wconf 87' lang='lat' dir='ltr'><strong>qui</strong></span> <span class='ocrx_word' id='word_1_637' title='bbox 2802 4191 2996 4246; x_wconf 81' lang='lat' dir='ltr'><strong>statuit</strong></span> <span class='ocrx_word' id='word_1_638' title='bbox 3017 4199 3248 4245; x_wconf 78' lang='lat' dir='ltr'><strong>montes</strong></span> <span class='ocrx_word' id='word_1_639' title='bbox 3272 4189 3327 4244; x_wconf 92' lang='lat' dir='ltr'><strong>in</strong></span> <span class='ocrx_word' id='word_1_640' title='bbox 3358 4188 3603 4259; x_wconf 88' lang='lat' dir='ltr'><strong>pondere</strong></span> <span class='ocrx_word' id='word_1_641' title='bbox 3633 4196 3690 4244; x_wconf 85' lang='lat' dir='ltr'><strong>et</strong></span> 
     </span>
    </p>
   </div>
   <div class='ocr_carea' id='block_1_89' title="bbox 2106 4284 3690 4358">
    <p class='ocr_par' dir='ltr' id='par_1_89' title="bbox 2106 4284 3690 4358">
     <span class='ocr_line' id='line_1_89' title="bbox 2106 4284 3690 4358; baseline 0 -18"><span class='ocrx_word' id='word_1_642' title='bbox 2106 4300 2274 4356; x_wconf 89' lang='lat' dir='ltr'><strong>rupes</strong></span> <span class='ocrx_word' id='word_1_643' title='bbox 2306 4286 2362 4341; x_wconf 92' lang='lat' dir='ltr'><strong>in</strong></span> <span class='ocrx_word' id='word_1_644' title='bbox 2403 4286 2642 4342; x_wconf 85' lang='lat' dir='ltr'><strong>statera?</strong></span> <span class='ocrx_word' id='word_1_645' title='bbox 2673 4285 2848 4358; x_wconf 72' lang='lat' dir='ltr'><strong>Cujus</strong></span> <span class='ocrx_word' id='word_1_646' title='bbox 2870 4294 3057 4341; x_wconf 85' lang='lat' dir='ltr'><strong>autem</strong></span> <span class='ocrx_word' id='word_1_647' title='bbox 3091 4284 3463 4341; x_wconf 85' lang='lat' dir='ltr'><strong>immaculatis</strong></span> <span class='ocrx_word' id='word_1_648' title='bbox 3484 4294 3690 4357; x_wconf 83' lang='lat' dir='ltr'><strong>myste-</strong></span> 
     </span>
    </p>
   </div>
   <div class='ocr_carea' id='block_1_90' title="bbox 2108 4377 3688 4450">
    <p class='ocr_par' dir='ltr' id='par_1_90' title="bbox 2108 4377 3688 4450">
     <span class='ocr_line' id='line_1_90' title="bbox 2108 4377 3688 4450; baseline -0.001 -14"><span class='ocrx_word' id='word_1_649' title='bbox 2108 4381 2208 4436; x_wconf 92' lang='lat' dir='ltr'><strong>riis</strong></span> <span class='ocrx_word' id='word_1_650' title='bbox 2228 4379 2741 4438; x_wconf 88' lang='lat' dir='ltr'><strong>communicaturus</strong></span> <span class='ocrx_word' id='word_1_651' title='bbox 2762 4380 2874 4435; x_wconf 90' lang='lat' dir='ltr'><strong>huc</strong></span> <span class='ocrx_word' id='word_1_652' title='bbox 2895 4379 3199 4450; x_wconf 87' lang='lat' dir='ltr'><strong>properas?</strong></span> <span class='ocrx_word' id='word_1_653' title='bbox 3217 4393 3327 4434; x_wconf 90' lang='lat' dir='ltr'><strong>non</strong></span> <span class='ocrx_word' id='word_1_654' title='bbox 3350 4377 3501 4433; x_wconf 91' lang='lat' dir='ltr'><strong>illius</strong></span> <span class='ocrx_word' id='word_1_655' title='bbox 3519 4385 3688 4437; x_wconf 87' lang='lat' dir='ltr'><strong>certe.</strong></span> 
     </span>
    </p>
   </div>
   <div class='ocr_carea' id='block_1_91' title="bbox 2108 4470 3694 4544">
    <p class='ocr_par' dir='ltr' id='par_1_91' title="bbox 2108 4470 3694 4544">
     <span class='ocr_line' id='line_1_91' title="bbox 2108 4470 3694 4544; baseline -0.004 -15"><span class='ocrx_word' id='word_1_656' title='bbox 2108 4489 2139 4529; x_wconf 92' lang='lat' dir='ltr'><strong>a</strong></span> <span class='ocrx_word' id='word_1_657' title='bbox 2173 4488 2283 4544; x_wconf 89' lang='lat' dir='ltr'><strong>quo</strong></span> <span class='ocrx_word' id='word_1_658' title='bbox 2320 4472 2511 4543; x_wconf 89' lang='lat' dir='ltr'><strong>procul</strong></span> <span class='ocrx_word' id='word_1_659' title='bbox 2554 4472 2712 4528; x_wconf 89' lang='lat' dir='ltr'><strong>abest</strong></span> <span class='ocrx_word' id='word_1_660' title='bbox 2757 4487 2854 4527; x_wconf 88' lang='lat' dir='ltr'><strong>cor</strong></span> <span class='ocrx_word' id='word_1_661' title='bbox 2894 4480 3072 4537; x_wconf 90' lang='lat' dir='ltr'><strong>tuum,</strong></span> <span class='ocrx_word' id='word_1_662' title='bbox 3105 4470 3321 4526; x_wconf 89' lang='lat' dir='ltr'><strong>tametsi</strong></span> <span class='ocrx_word' id='word_1_663' title='bbox 3362 4485 3459 4526; x_wconf 89' lang='lat' dir='ltr'><strong>ore</strong></span> <span class='ocrx_word' id='word_1_664' title='bbox 3490 4484 3694 4540; x_wconf 85' lang='lat' dir='ltr'><strong>appro-</strong></span> 
     </span>
    </p>
   </div>
   <div class='ocr_carea' id='block_1_92' title="bbox 406 4560 1994 4647">
    <p class='ocr_par' dir='ltr' id='par_1_92' title="bbox 406 4564 1994 4637">
     <span class='ocr_line' id='line_1_92' title="bbox 406 4564 1994 4637; baseline -0.002 -14"><span class='ocrx_word' id='word_1_665' title='bbox 406 4566 508 4623; x_wconf 82' lang='grc' dir='ltr'><strong>ἀπ’</strong></span> <span class='ocrx_word' id='word_1_666' title='bbox 545 4566 709 4621; x_wconf 80' lang='grc' dir='ltr'>αὑτοῦ</span> <span class='ocrx_word' id='word_1_667' title='bbox 744 4569 778 4637; x_wconf 79' lang='grc' dir='ltr'>ἡ</span> <span class='ocrx_word' id='word_1_668' title='bbox 812 4566 1029 4637; x_wconf 88' lang='grc' dir='ltr'>καρδία,</span> <span class='ocrx_word' id='word_1_669' title='bbox 1056 4568 1104 4621; x_wconf 85' lang='grc' dir='ltr'>εἰ</span> <span class='ocrx_word' id='word_1_670' title='bbox 1130 4566 1228 4619; x_wconf 75' lang='grc' dir='ltr'>καὶ</span> <span class='ocrx_word' id='word_1_671' title='bbox 1254 4564 1334 4635; x_wconf 83' lang='grc' dir='ltr'><strong>τῷ</strong></span> <span class='ocrx_word' id='word_1_672' title='bbox 1362 4565 1590 4635; x_wconf 87' lang='grc' dir='ltr'>στόματί</span> <span class='ocrx_word' id='word_1_673' title='bbox 1628 4582 1722 4620; x_wconf 91' lang='grc' dir='ltr'><strong>σου</strong></span> <span class='ocrx_word' id='word_1_674' title='bbox 1759 4566 1994 4636; x_wconf 81' lang='grc' dir='ltr'>ἐγγίζεις</span> 
     </span>
    </p>
   </div>
   <div class='ocr_carea' id='block_1_93' title="bbox 2100 4560 3692 4647">
    <p class='ocr_par' dir='ltr' id='par_1_93' title="bbox 2107 4560 3692 4637">
     <span class='ocr_line' id='line_1_93' title="bbox 2107 4560 3692 4637; baseline -0.003 -17"><span class='ocrx_word' id='word_1_675' title='bbox 2107 4565 2363 4637; x_wconf 88' lang='lat' dir='ltr'><strong>pinques,</strong></span> <span class='ocrx_word' id='word_1_676' title='bbox 2421 4572 2495 4620; x_wconf 59' lang='lat' dir='ltr'><strong>et</strong></span> <span class='ocrx_word' id='word_1_677' title='bbox 2535 4563 2699 4619; x_wconf 82' lang='lat' dir='ltr'><strong>labiis</strong></span> <span class='ocrx_word' id='word_1_678' title='bbox 2743 4563 2986 4620; x_wconf 89' lang='lat' dir='ltr'><strong>honores</strong></span> <span class='ocrx_word' id='word_1_679' title='bbox 3038 4564 3243 4634; x_wconf 91' lang='lat' dir='ltr'><strong>ipsum.</strong></span> <span class='ocrx_word' id='word_1_680' title='bbox 3287 4561 3490 4618; x_wconf 81' lang='lat' dir='ltr'><strong>Verum</strong></span> <span class='ocrx_word' id='word_1_681' title='bbox 3540 4560 3587 4616; x_wconf 86' lang='lat' dir='ltr'><strong>si</strong></span> <span class='ocrx_word' id='word_1_682' title='bbox 3635 4576 3692 4616; x_wconf 89' lang='lat' dir='ltr'><strong>re</strong></span> 
     </span>
    </p>
   </div>
   <div class='ocr_carea' id='block_1_94' title="bbox 406 4656 1995 4730">
    <p class='ocr_par' dir='ltr' id='par_1_94' title="bbox 406 4656 1995 4730">
     <span class='ocr_line' id='line_1_94' title="bbox 406 4656 1995 4730; baseline -0.004 -15"><span class='ocrx_word' id='word_1_683' title='bbox 406 4658 582 4730; x_wconf 76' lang='grc' dir='ltr'>αὐτῷ,</span> <span class='ocrx_word' id='word_1_684' title='bbox 614 4659 711 4713; x_wconf 73' lang='grc' dir='ltr'>καὶ</span> <span class='ocrx_word' id='word_1_685' title='bbox 746 4661 803 4714; x_wconf 78' lang='grc' dir='ltr'>ὲν</span> <span class='ocrx_word' id='word_1_686' title='bbox 833 4661 945 4721; x_wconf 85' lang='grc' dir='ltr'>τοῖς</span> <span class='ocrx_word' id='word_1_687' title='bbox 976 4657 1180 4729; x_wconf 84' lang='grc' dir='ltr'>χείλεσί</span> <span class='ocrx_word' id='word_1_688' title='bbox 1212 4674 1306 4711; x_wconf 90' lang='grc' dir='ltr'><strong>σου</strong></span> <span class='ocrx_word' id='word_1_689' title='bbox 1336 4657 1503 4728; x_wconf 78' lang='grc' dir='ltr'>τιμᾷς</span> <span class='ocrx_word' id='word_1_690' title='bbox 1531 4656 1716 4712; x_wconf 78' lang='grc' dir='ltr'>αὐτόν.</span> <span class='ocrx_word' id='word_1_691' title='bbox 1754 4656 1895 4711; x_wconf 82' lang='grc' dir='ltr'>Ἀλλ’</span> <span class='ocrx_word' id='word_1_692' title='bbox 1918 4656 1995 4710; x_wconf 81' lang='grc' dir='ltr'><strong>εἵ-</strong></span> 
     </span>
    </p>
   </div>
   <div class='ocr_carea' id='block_1_95' title="bbox 409 4748 1997 4823">
    <p class='ocr_par' dir='ltr' id='par_1_95' title="bbox 409 4748 1997 4823">
     <span class='ocr_line' id='line_1_95' title="bbox 409 4748 1997 4823; baseline -0.001 -19"><span class='ocrx_word' id='word_1_693' title='bbox 409 4766 521 4821; x_wconf 84' lang='grc' dir='ltr'><strong>περ</strong></span> <span class='ocrx_word' id='word_1_694' title='bbox 582 4751 732 4823; x_wconf 78' lang='grc' dir='ltr'>ἔργῳ</span> <span class='ocrx_word' id='word_1_695' title='bbox 780 4751 881 4822; x_wconf 82' lang='grc' dir='ltr'>τὴν</span> <span class='ocrx_word' id='word_1_696' title='bbox 938 4749 1104 4804; x_wconf 81' lang='grc' dir='ltr'>αὐτοῦ</span> <span class='ocrx_word' id='word_1_697' title='bbox 1162 4750 1483 4805; x_wconf 79' lang='grc' dir='ltr'>δυναστείαν</span> <span class='ocrx_word' id='word_1_698' title='bbox 1552 4748 1717 4821; x_wconf 84' lang='grc' dir='ltr'>βούλῃ</span> <span class='ocrx_word' id='word_1_699' title='bbox 1781 4749 1997 4821; x_wconf 77' lang='grc' dir='ltr'>μαθεῖν,</span> 
     </span>
    </p>
   </div>
   <div class='ocr_carea' id='block_1_96' title="bbox 412 4839 1997 4914">
    <p class='ocr_par' dir='ltr' id='par_1_96' title="bbox 412 4839 1997 4914">
     <span class='ocr_line' id='line_1_96' title="bbox 412 4839 1997 4914; baseline -0.003 -17"><span class='ocrx_word' id='word_1_700' title='bbox 412 4841 527 4897; x_wconf 81' lang='grc' dir='ltr'>ίδού</span> <span class='ocrx_word' id='word_1_701' title='bbox 563 4859 646 4908; x_wconf 87' lang='grc' dir='ltr'><strong>σε,</strong></span> <span class='ocrx_word' id='word_1_702' title='bbox 682 4843 903 4899; x_wconf 84' lang='grc' dir='ltr'>πάντων</span> <span class='ocrx_word' id='word_1_703' title='bbox 951 4840 1223 4914; x_wconf 83' lang='grc' dir='ltr'>ὁρώντων,</span> <span class='ocrx_word' id='word_1_704' title='bbox 1279 4841 1490 4912; x_wconf 86' lang='grc' dir='ltr'>δαίμων</span> <span class='ocrx_word' id='word_1_705' title='bbox 1533 4839 1771 4911; x_wconf 83' lang='grc' dir='ltr'>χαλεπὸς</span> <span class='ocrx_word' id='word_1_706' title='bbox 1813 4857 1997 4911; x_wconf 86' lang='grc' dir='ltr'>παρα-</span> 
     </span>
    </p>
   </div>
   <div class='ocr_carea' id='block_1_97' title="bbox 408 4931 1999 5007">
    <p class='ocr_par' dir='ltr' id='par_1_97' title="bbox 408 4931 1999 5007">
     <span class='ocr_line' id='line_1_97' title="bbox 408 4931 1999 5007; baseline -0.003 -17"><span class='ocrx_word' id='word_1_707' title='bbox 408 4933 664 5007; x_wconf 72' lang='grc' dir='ltr'>λήψεται,</span> <span class='ocrx_word' id='word_1_708' title='bbox 715 4936 821 4988; x_wconf 82' lang='grc' dir='ltr'>κάν</span> <span class='ocrx_word' id='word_1_709' title='bbox 882 4932 962 5004; x_wconf 83' lang='grc' dir='ltr'>τῷ</span> <span class='ocrx_word' id='word_1_710' title='bbox 1019 4933 1143 5004; x_wconf 82' lang='grc' dir='ltr'>ἀέρι</span> <span class='ocrx_word' id='word_1_711' title='bbox 1214 4933 1368 5006; x_wconf 81' lang='grc' dir='ltr'>μέσῳ</span> <span class='ocrx_word' id='word_1_712' title='bbox 1431 4932 1702 5003; x_wconf 80' lang='grc' dir='ltr'>κρεμάσει</span> <span class='ocrx_word' id='word_1_713' title='bbox 1765 4948 1848 4997; x_wconf 87' lang='grc' dir='ltr'><strong>σε,</strong></span> <span class='ocrx_word' id='word_1_714' title='bbox 1893 4931 1999 4997; x_wconf 77' lang='grc' dir='ltr'>ἕως</span> 
     </span>
    </p>
   </div>
   <div class='ocr_carea' id='block_1_98' title="bbox 410 5020 1997 5100">
    <p class='ocr_par' dir='ltr' id='par_1_98' title="bbox 410 5020 1997 5100">
     <span class='ocr_line' id='line_1_98' title="bbox 410 5020 1997 5100; baseline -0.004 -19"><span class='ocrx_word' id='word_1_715' title='bbox 410 5027 511 5092; x_wconf 82' lang='grc' dir='ltr'>τὰς</span> <span class='ocrx_word' id='word_1_716' title='bbox 557 5027 805 5100; x_wconf 85' lang='grc' dir='ltr'>πονηράς</span> <span class='ocrx_word' id='word_1_717' title='bbox 849 5042 942 5081; x_wconf 87' lang='grc' dir='ltr'><strong>σου</strong></span> <span class='ocrx_word' id='word_1_718' title='bbox 976 5025 1072 5081; x_wconf 78' lang='grc' dir='ltr'>καὶ</span> <span class='ocrx_word' id='word_1_719' title='bbox 1113 5024 1319 5097; x_wconf 81' lang='grc' dir='ltr'>μιαρὰς</span> <span class='ocrx_word' id='word_1_720' title='bbox 1351 5022 1582 5097; x_wconf 81' lang='grc' dir='ltr'>πράξεις</span> <span class='ocrx_word' id='word_1_721' title='bbox 1614 5020 1997 5093; x_wconf 81' lang='grc' dir='ltr'>ἐξαγορεύσεις</span> 
     </span>
    </p>
   </div>
   <div class='ocr_carea' id='block_1_99' title="bbox 413 5118 701 5176">
    <p class='ocr_par' dir='ltr' id='par_1_99' title="bbox 413 5118 701 5176">
     <span class='ocr_line' id='line_1_99' title="bbox 413 5118 701 5176; baseline 0.01 -3"><span class='ocrx_word' id='word_1_722' title='bbox 413 5119 509 5174; x_wconf 77' lang='grc' dir='ltr'>καὶ</span> <span class='ocrx_word' id='word_1_723' title='bbox 532 5118 701 5176; x_wconf 74' lang='grc' dir='ltr'>ἄκων.</span> 
     </span>
    </p>
   </div>
   <div class='ocr_carea' id='block_1_100' title="bbox 486 5295 1998 5369">
    <p class='ocr_par' dir='ltr' id='par_1_100' title="bbox 486 5295 1998 5369">
     <span class='ocr_line' id='line_1_100' title="bbox 486 5295 1998 5369; baseline -0.003 -16"><span class='ocrx_word' id='word_1_724' title='bbox 486 5297 600 5369; x_wconf 79' lang='lat'><strong>(58)</strong></span> <span class='ocrx_word' id='word_1_725' title='bbox 631 5297 995 5364; x_wconf 82' lang='lat' dir='ltr'><strong>Scriniarius,</strong></span> <span class='ocrx_word' id='word_1_726' title='bbox 1037 5300 1220 5353; x_wconf 77' lang='lat' dir='ltr'><strong>scrinii</strong></span> <span class='ocrx_word' id='word_1_727' title='bbox 1253 5315 1347 5352; x_wconf 80' lang='lat' dir='ltr'><strong>seu</strong></span> <span class='ocrx_word' id='word_1_728' title='bbox 1388 5297 1648 5369; x_wconf 70' lang='lat' dir='ltr'><strong>tabularii</strong></span> <span class='ocrx_word' id='word_1_729' title='bbox 1686 5295 1879 5369; x_wconf 76' lang='lat' dir='ltr'><strong>publici</strong></span> <span class='ocrx_word' id='word_1_730' title='bbox 1903 5311 1998 5369; x_wconf 81' lang='lat' dir='ltr'><strong>cu_-</strong></span> 
     </span>
    </p>
   </div>
   <div class='ocr_carea' id='block_1_101' title="bbox 413 5365 2004 5439">
    <p class='ocr_par' dir='ltr' id='par_1_101' title="bbox 413 5365 2004 5439">
     <span class='ocr_line' id='line_1_101' title="bbox 413 5365 2004 5439; baseline -0.003 -16"><span class='ocrx_word' id='word_1_731' title='bbox 413 5365 522 5424; x_wconf 71' lang='lat' dir='ltr'><strong>stos</strong></span> <span class='ocrx_word' id='word_1_732' title='bbox 550 5365 731 5424; x_wconf 86' lang='lat' dir='ltr'><strong>eodem</strong></span> <span class='ocrx_word' id='word_1_733' title='bbox 765 5370 876 5439; x_wconf 77' lang='lat' dir='ltr'><strong>fere</strong></span> <span class='ocrx_word' id='word_1_734' title='bbox 907 5370 1060 5424; x_wconf 87' lang='lat' dir='ltr'><strong>modo</strong></span> <span class='ocrx_word' id='word_1_735' title='bbox 1091 5369 1364 5422; x_wconf 80' lang='lat' dir='ltr'><strong>dicebatur</strong></span> <span class='ocrx_word' id='word_1_736' title='bbox 1408 5369 1536 5439; x_wconf 84' lang='lat' dir='ltr'><strong>olim</strong></span> <span class='ocrx_word' id='word_1_737' title='bbox 1593 5365 2004 5439; x_wconf 60' lang='lat' dir='ltr'><strong>Latinis,_und_e</strong></span> 
     </span>
    </p>
   </div>
   <div class='ocr_carea' id='block_1_102' title="bbox 415 5435 1999 5511">
    <p class='ocr_par' dir='ltr' id='par_1_102' title="bbox 415 5435 1999 5511">
     <span class='ocr_line' id='line_1_102' title="bbox 415 5435 1999 5511; baseline -0.003 -17"><span class='ocrx_word' id='word_1_738' title='bbox 415 5447 730 5511; x_wconf 81' lang='lat' dir='ltr'><strong>acceperunt</strong></span> <span class='ocrx_word' id='word_1_739' title='bbox 752 5435 944 5504; x_wconf 71' lang='lat' dir='ltr'><strong>erci,</strong></span> <span class='ocrx_word' id='word_1_740' title='bbox 964 5457 1068 5511; x_wconf 87' lang='lat' dir='ltr'><strong>quo</strong></span> <span class='ocrx_word' id='word_1_741' title='bbox 1097 5456 1235 5511; x_wconf 72' lang='lat' dir='ltr'><strong>nunc</strong></span> <span class='ocrx_word' id='word_1_742' title='bbox 1263 5438 1610 5511; x_wconf 58' lang='lat' dir='ltr'><strong>appellantur</strong></span> <span class='ocrx_word' id='word_1_743' title='bbox 1650 5435 1999 5511; x_wconf 60' lang='lat' dir='ltr'><strong>Cancellarii,</strong></span> 
     </span>
    </p>
   </div>
   <div class='ocr_carea' id='block_1_103' title="bbox 415 5508 2000 5591">
    <p class='ocr_par' dir='ltr' id='par_1_103' title="bbox 415 5508 2000 5591">
     <span class='ocr_line' id='line_1_103' title="bbox 415 5508 2000 5591; baseline 0 -29"><span class='ocrx_word' id='word_1_744' title='bbox 415 5521 461 5563; x_wconf 80' lang='lat' dir='ltr'><strong>et</strong></span> <span class='ocrx_word' id='word_1_745' title='bbox 493 5508 584 5591; x_wconf 74' lang='lat' dir='ltr'><strong>qui</strong></span> <span class='ocrx_word' id='word_1_746' title='bbox 622 5512 864 5566; x_wconf 78' lang='lat' dir='ltr'><strong>omnibus</strong></span> <span class='ocrx_word' id='word_1_747' title='bbox 888 5508 1118 5582; x_wconf 64' lang='lat' dir='ltr'><strong>prmerat</strong></span> <span class='ocrx_word' id='word_1_748' title='bbox 1159 5508 1656 5565; x_wconf 78' lang='lat' dir='ltr'><strong>ProtoScriniarius</strong></span> <span class='ocrx_word' id='word_1_749' title='bbox 1690 5524 1755 5560; x_wconf 86' lang='lat' dir='ltr'><strong>ac</strong></span> <span class='ocrx_word' id='word_1_750' title='bbox 1795 5508 2000 5562; x_wconf 86' lang='lat' dir='ltr'><strong>Primi-</strong></span> 
     </span>
    </p>
   </div>
   <div class='ocr_carea' id='block_1_104' title="bbox 412 5594 673 5636">
    <p class='ocr_par' dir='ltr' id='par_1_104' title="bbox 412 5594 673 5636">
     <span class='ocr_line' id='line_1_104' title="bbox 412 5594 673 5636; baseline 0.008 -3"><span class='ocrx_word' id='word_1_751' title='bbox 412 5594 673 5636; x_wconf 65' lang='lat' dir='ltr'><strong>SCI‘IHIUS.</strong></span> 
     </span>
    </p>
   </div>
   <div class='ocr_carea' id='block_1_105' title="bbox 488 5648 1997 5721">
    <p class='ocr_par' dir='ltr' id='par_1_105' title="bbox 488 5648 1997 5721">
     <span class='ocr_line' id='line_1_105' title="bbox 488 5648 1997 5721; baseline -0.003 -17"><span class='ocrx_word' id='word_1_752' title='bbox 488 5651 600 5721; x_wconf 62' lang='lat' dir='ltr'><strong>(S9)</strong></span> <span class='ocrx_word' id='word_1_753' title='bbox 629 5650 844 5706; x_wconf 82' lang='lat' dir='ltr'><strong>Videtur</strong></span> <span class='ocrx_word' id='word_1_754' title='bbox 899 5650 1193 5720; x_wconf 80' lang='lat' dir='ltr'><strong>signiﬁcari</strong></span> <span class='ocrx_word' id='word_1_755' title='bbox 1253 5660 1457 5719; x_wconf 81' lang='lat' dir='ltr'><strong>tempus</strong></span> <span class='ocrx_word' id='word_1_756' title='bbox 1519 5648 1678 5713; x_wconf 79' lang='lat' dir='ltr'><strong>illud,</strong></span> <span class='ocrx_word' id='word_1_757' title='bbox 1732 5653 1997 5721; x_wconf 81' lang='lat' dir='ltr'><strong>quo_post</strong></span> 
     </span>
    </p>
   </div>
   <div class='ocr_carea' id='block_1_106' title="bbox 414 5717 1995 5791">
    <p class='ocr_par' dir='ltr' id='par_1_106' title="bbox 414 5717 1995 5791">
     <span class='ocr_line' id='line_1_106' title="bbox 414 5717 1995 5791; baseline -0.003 -17"><span class='ocrx_word' id='word_1_758' title='bbox 414 5717 747 5779; x_wconf 62' lang='lat' dir='ltr'><strong>sepulturam</strong></span> <span class='ocrx_word' id='word_1_759' title='bbox 798 5717 1130 5776; x_wconf 64' lang='lat' dir='ltr'><strong>curahantur</strong></span> <span class='ocrx_word' id='word_1_760' title='bbox 1171 5717 1415 5791; x_wconf 78' lang='lat' dir='ltr'><strong>funebria</strong></span> <span class='ocrx_word' id='word_1_761' title='bbox 1466 5721 1655 5791; x_wconf 74' lang='lat' dir='ltr'><strong>o/ﬁcia,</strong></span> <span class='ocrx_word' id='word_1_762' title='bbox 1698 5717 1995 5791; x_wconf 72' lang='lat' dir='ltr'><strong>ad__p_lures</strong></span> 
     </span>
    </p>
   </div>
   <div class='ocr_carea' id='block_1_107' title="bbox 419 5789 1995 5855">
    <p class='ocr_par' dir='ltr' id='par_1_107' title="bbox 419 5789 1995 5855">
     <span class='ocr_line' id='line_1_107' title="bbox 419 5789 1995 5855; baseline 0 -11"><span class='ocrx_word' id='word_1_763' title='bbox 419 5791 549 5845; x_wconf 78' lang='lat' dir='ltr'><strong>dies.</strong></span> <span class='ocrx_word' id='word_1_764' title='bbox 597 5791 848 5855; x_wconf 79' lang='lat' dir='ltr'><strong>Quamvis</strong></span> <span class='ocrx_word' id='word_1_765' title='bbox 877 5795 1018 5847; x_wconf 86' lang='lat' dir='ltr'><strong>enim</strong></span> <span class='ocrx_word' id='word_1_766' title='bbox 1042 5794 1102 5847; x_wconf 87' lang='grc' dir='ltr'><strong>Β.</strong></span> <span class='ocrx_word' id='word_1_767' title='bbox 1141 5789 1353 5848; x_wconf 70' lang='lat' dir='ltr'><strong>Martha</strong></span> <span class='ocrx_word' id='word_1_768' title='bbox 1372 5789 1557 5845; x_wconf 78' lang='lat' dir='ltr'><strong>obierit</strong></span> <span class='ocrx_word' id='word_1_769' title='bbox 1603 5806 1745 5844; x_wconf 81' lang='lat' dir='ltr'><strong>anno</strong></span> <span class='ocrx_word' id='word_1_770' title='bbox 1768 5789 1894 5849; x_wconf 72' lang='lat'><strong>552,</strong></span> <span class='ocrx_word' id='word_1_771' title='bbox 1918 5789 1995 5839; x_wconf 83' lang='lat' dir='ltr'><strong>uti</strong></span> 
     </span>
    </p>
   </div>
   <div class='ocr_carea' id='block_1_108' title="bbox 418 5858 1992 5933">
    <p class='ocr_par' dir='ltr' id='par_1_108' title="bbox 418 5858 1992 5933">
     <span class='ocr_line' id='line_1_108' title="bbox 418 5858 1992 5933; baseline -0.003 -18"><span class='ocrx_word' id='word_1_772' title='bbox 418 5859 565 5926; x_wconf 68' lang='lat' dir='ltr'><strong>infra</strong></span> <span class='ocrx_word' id='word_1_773' title='bbox 628 5862 698 5917; x_wconf 82' lang='lat' dir='ltr'><strong>ad</strong></span> <span class='ocrx_word' id='word_1_774' title='bbox 745 5864 857 5933; x_wconf 76' lang='lat' dir='ltr'><strong>ejus</strong></span> <span class='ocrx_word' id='word_1_775' title='bbox 903 5865 1067 5919; x_wconf 81' lang='lat' dir='ltr'><strong>vitam</strong></span> <span class='ocrx_word' id='word_1_776' title='bbox 1130 5863 1323 5916; x_wconf 74' lang='lat' dir='ltr'><strong>dicitur</strong></span> <span class='ocrx_word' id='word_1_777' title='bbox 1382 5864 1522 5916; x_wconf 82' lang='lat' dir='ltr'><strong>etin</strong></span> <span class='ocrx_word' id='word_1_778' title='bbox 1578 5858 1992 5933; x_wconf 59' lang='lat' dir='ltr'><strong>praecedentibus</strong></span> 
     </span>
    </p>
   </div>
   <div class='ocr_carea' id='block_1_109' title="bbox 2106 4657 3693 4732">
    <p class='ocr_par' dir='ltr' id='par_1_109' title="bbox 2106 4657 3693 4732">
     <span class='ocr_line' id='line_1_109' title="bbox 2106 4657 3693 4732; baseline -0.002 -17"><span class='ocrx_word' id='word_1_779' title='bbox 2106 4660 2224 4732; x_wconf 87' lang='lat' dir='ltr'><strong>ipsa</strong></span> <span class='ocrx_word' id='word_1_780' title='bbox 2272 4660 2577 4731; x_wconf 89' lang='lat' dir='ltr'><strong>potentiam</strong></span> <span class='ocrx_word' id='word_1_781' title='bbox 2625 4659 2775 4715; x_wconf 86' lang='lat' dir='ltr'><strong>illius</strong></span> <span class='ocrx_word' id='word_1_782' title='bbox 2824 4659 2908 4715; x_wconf 88' lang='lat' dir='ltr'><strong>vis</strong></span> <span class='ocrx_word' id='word_1_783' title='bbox 2931 4658 3248 4725; x_wconf 87' lang='lat' dir='ltr'><strong>addiscere;</strong></span> <span class='ocrx_word' id='word_1_784' title='bbox 3293 4672 3427 4713; x_wconf 84' lang='lat' dir='ltr'><strong>ecce</strong></span> <span class='ocrx_word' id='word_1_785' title='bbox 3479 4657 3693 4713; x_wconf 79' lang='lat' dir='ltr'><strong>cunctis</strong></span> 
     </span>
    </p>
   </div>
   <div class='ocr_carea' id='block_1_110' title="bbox 2105 4747 3688 4823">
    <p class='ocr_par' dir='ltr' id='par_1_110' title="bbox 2105 4747 3688 4823">
     <span class='ocr_line' id='line_1_110' title="bbox 2105 4747 3688 4823; baseline -0.003 -16"><span class='ocrx_word' id='word_1_786' title='bbox 2105 4752 2505 4823; x_wconf 85' lang='lat' dir='ltr'><strong>spectantibus,</strong></span> <span class='ocrx_word' id='word_1_787' title='bbox 2563 4752 2840 4822; x_wconf 83' lang='lat' dir='ltr'><strong>malignus</strong></span> <span class='ocrx_word' id='word_1_788' title='bbox 2891 4750 3120 4820; x_wconf 81' lang='lat' dir='ltr'><strong>spiritus</strong></span> <span class='ocrx_word' id='word_1_789' title='bbox 3176 4756 3231 4803; x_wconf 85' lang='lat' dir='ltr'><strong>te</strong></span> <span class='ocrx_word' id='word_1_790' title='bbox 3287 4747 3688 4819; x_wconf 80' lang='lat' dir='ltr'><strong>apprehendet,</strong></span> 
     </span>
    </p>
   </div>
   <div class='ocr_carea' id='block_1_111' title="bbox 2105 4839 3691 4913">
    <p class='ocr_par' dir='ltr' id='par_1_111' title="bbox 2105 4839 3691 4913">
     <span class='ocr_line' id='line_1_111' title="bbox 2105 4839 3691 4913; baseline -0.002 -15"><span class='ocrx_word' id='word_1_791' title='bbox 2105 4851 2163 4898; x_wconf 90' lang='lat' dir='ltr'><strong>et</strong></span> <span class='ocrx_word' id='word_1_792' title='bbox 2224 4844 2404 4899; x_wconf 91' lang='lat' dir='ltr'><strong>medio</strong></span> <span class='ocrx_word' id='word_1_793' title='bbox 2449 4844 2507 4898; x_wconf 91' lang='lat' dir='ltr'><strong>in</strong></span> <span class='ocrx_word' id='word_1_794' title='bbox 2556 4858 2686 4898; x_wconf 87' lang='lat' dir='ltr'><strong>aere</strong></span> <span class='ocrx_word' id='word_1_795' title='bbox 2741 4842 3077 4913; x_wconf 88' lang='lat' dir='ltr'><strong>suspendet,</strong></span> <span class='ocrx_word' id='word_1_796' title='bbox 3133 4854 3310 4911; x_wconf 87' lang='lat' dir='ltr'><strong>usque</strong></span> <span class='ocrx_word' id='word_1_797' title='bbox 3385 4839 3515 4896; x_wconf 92' lang='lat' dir='ltr'><strong>dum</strong></span> <span class='ocrx_word' id='word_1_798' title='bbox 3561 4855 3691 4911; x_wconf 84' lang='lat' dir='ltr'><strong>per-</strong></span> 
     </span>
    </p>
   </div>
   <div class='ocr_carea' id='block_1_112' title="bbox 2106 4928 3693 5003">
    <p class='ocr_par' dir='ltr' id='par_1_112' title="bbox 2106 4928 3693 5003">
     <span class='ocr_line' id='line_1_112' title="bbox 2106 4928 3693 5003; baseline -0.003 -16"><span class='ocrx_word' id='word_1_799' title='bbox 2106 4949 2267 4989; x_wconf 84' lang='lat' dir='ltr'><strong>versa</strong></span> <span class='ocrx_word' id='word_1_800' title='bbox 2324 4934 2669 5003; x_wconf 81' lang='lat' dir='ltr'><strong>scelestaque</strong></span> <span class='ocrx_word' id='word_1_801' title='bbox 2716 4946 2886 5002; x_wconf 85' lang='lat' dir='ltr'><strong>opera</strong></span> <span class='ocrx_word' id='word_1_802' title='bbox 2938 4938 3030 4985; x_wconf 89' lang='lat' dir='ltr'><strong>tua</strong></span> <span class='ocrx_word' id='word_1_803' title='bbox 3090 4928 3409 4987; x_wconf 78' lang='lat' dir='ltr'><strong>conﬁtearis</strong></span> <span class='ocrx_word' id='word_1_804' title='bbox 3460 4929 3548 4985; x_wconf 91' lang='lat' dir='ltr'><strong>vel</strong></span> <span class='ocrx_word' id='word_1_805' title='bbox 3605 4929 3693 4984; x_wconf 78' lang='lat' dir='ltr'><strong>in-</strong></span> 
     </span>
    </p>
   </div>
   <div class='ocr_carea' id='block_1_113' title="bbox 2105 5026 2283 5083">
    <p class='ocr_par' dir='ltr' id='par_1_113' title="bbox 2105 5026 2283 5083">
     <span class='ocr_line' id='line_1_113' title="bbox 2105 5026 2283 5083; baseline -0.011 0"><span class='ocrx_word' id='word_1_806' title='bbox 2105 5026 2283 5083; x_wconf 59' lang='lat' dir='ltr'><strong>vitus.</strong></span> 
     </span>
    </p>
   </div>
   <div class='ocr_carea' id='block_1_114' title="bbox 2108 5287 3692 5364">
    <p class='ocr_par' dir='ltr' id='par_1_114' title="bbox 2108 5287 3692 5364">
     <span class='ocr_line' id='line_1_114' title="bbox 2108 5287 3692 5364; baseline -0.003 -19"><span class='ocrx_word' id='word_1_807' title='bbox 2108 5290 2372 5364; x_wconf 74' lang='lat' dir='ltr'><strong>pi‘eriaque</strong></span> <span class='ocrx_word' id='word_1_808' title='bbox 2415 5287 2666 5359; x_wconf 77' lang='lat' dir='ltr'><strong>capitulis</strong></span> <span class='ocrx_word' id='word_1_809' title='bbox 2724 5289 2968 5343; x_wconf 74' lang='lat' dir='ltr'><strong>ordinem</strong></span> <span class='ocrx_word' id='word_1_810' title='bbox 3024 5289 3135 5364; x_wconf 75' lang='lat' dir='ltr'><strong>[ere</strong></span> <span class='ocrx_word' id='word_1_811' title='bbox 3161 5287 3692 5364; x_wconf 56' lang='lat' dir='ltr'><strong>temporis__{ewtunt</strong></span> 
     </span>
    </p>
   </div>
   <div class='ocr_carea' id='block_1_115' title="bbox 2107 5356 3688 5430">
    <p class='ocr_par' dir='ltr' id='par_1_115' title="bbox 2107 5356 3688 5430">
     <span class='ocr_line' id='line_1_115' title="bbox 2107 5356 3688 5430; baseline -0.004 -14"><span class='ocrx_word' id='word_1_812' title='bbox 2107 5356 2379 5416; x_wconf 75' lang='lat' dir='ltr'><strong>auctorem</strong></span> <span class='ocrx_word' id='word_1_813' title='bbox 2417 5356 2699 5430; x_wconf 70' lang='lat' dir='ltr'><strong>appareat,</strong></span> <span class='ocrx_word' id='word_1_814' title='bbox 2726 5369 2942 5430; x_wconf 70' lang='lat' dir='ltr'><strong>tumque</strong></span> <span class='ocrx_word' id='word_1_815' title='bbox 2990 5356 3137 5430; x_wconf 81' lang='lat' dir='ltr'><strong>ultra</strong></span> <span class='ocrx_word' id='word_1_816' title='bbox 3179 5373 3386 5430; x_wconf 73' lang='lat' dir='ltr'><strong>annum</strong></span> <span class='ocrx_word' id='word_1_817' title='bbox 3421 5357 3549 5430; x_wconf 56' lang='lat'><strong>570,</strong></span> <span class='ocrx_word' id='word_1_818' title='bbox 3567 5358 3688 5430; x_wconf 84' lang='lat' dir='ltr'><strong>jam</strong></span> 
     </span>
    </p>
   </div>
   <div class='ocr_carea' id='block_1_116' title="bbox 2104 5427 3689 5502">
    <p class='ocr_par' dir='ltr' id='par_1_116' title="bbox 2104 5427 3689 5502">
     <span class='ocr_line' id='line_1_116' title="bbox 2104 5427 3689 5502; baseline -0.004 -16"><span class='ocrx_word' id='word_1_819' title='bbox 2104 5434 2387 5487; x_wconf 80' lang='lat' dir='ltr'><strong>viderimus</strong></span> <span class='ocrx_word' id='word_1_820' title='bbox 2424 5427 2757 5502; x_wconf 72' lang='lat' dir='ltr'><strong>progressum</strong></span> <span class='ocrx_word' id='word_1_821' title='bbox 2793 5427 3029 5502; x_wconf 49' lang='lat' dir='ltr'><strong>in&#39;Notis</strong></span> <span class='ocrx_word' id='word_1_822' title='bbox 3051 5428 3122 5483; x_wconf 84' lang='lat' dir='ltr'><strong>ad</strong></span> <span class='ocrx_word' id='word_1_823' title='bbox 3142 5445 3260 5502; x_wconf 74' lang='lat' dir='ltr'><strong>cap.</strong></span> <span class='ocrx_word' id='word_1_824' title='bbox 3296 5428 3384 5489; x_wconf 61' lang='lat'><strong>‘24,</strong></span> <span class='ocrx_word' id='word_1_825' title='bbox 3421 5427 3689 5502; x_wconf 74' lang='lat' dir='ltr'><strong>nihilomi-</strong></span> 
     </span>
    </p>
   </div>
   <div class='ocr_carea' id='block_1_117' title="bbox 2106 5497 3691 5572">
    <p class='ocr_par' dir='ltr' id='par_1_117' title="bbox 2106 5497 3691 5572">
     <span class='ocr_line' id='line_1_117' title="bbox 2106 5497 3691 5572; baseline -0.005 -15"><span class='ocrx_word' id='word_1_826' title='bbox 2106 5520 2205 5557; x_wconf 83' lang='lat' dir='ltr'><strong>nus</strong></span> <span class='ocrx_word' id='word_1_827' title='bbox 2227 5504 2285 5557; x_wconf 84' lang='lat' dir='ltr'><strong>in</strong></span> <span class='ocrx_word' id='word_1_828' title='bbox 2314 5503 2391 5554; x_wconf 79' lang='lat' dir='ltr'><strong>his</strong></span> <span class='ocrx_word' id='word_1_829' title='bbox 2415 5497 2787 5572; x_wconf 70' lang='lat' dir='ltr'><strong>posterioribus</strong></span> <span class='ocrx_word' id='word_1_830' title='bbox 2806 5500 3016 5553; x_wconf 81' lang='lat' dir='ltr'><strong>videtur</strong></span> <span class='ocrx_word' id='word_1_831' title='bbox 3045 5500 3216 5569; x_wconf 77' lang='lat' dir='ltr'><strong>potius</strong></span> <span class='ocrx_word' id='word_1_832' title='bbox 3236 5497 3563 5572; x_wconf 51' lang='lat' dir='ltr'><strong>spectavisse</strong></span> <span class='ocrx_word' id='word_1_833' title='bbox 3598 5515 3691 5551; x_wconf 84' lang='lat' dir='ltr'><strong>ar-</strong></span> 
     </span>
    </p>
   </div>
   <div class='ocr_carea' id='block_1_118' title="bbox 2106 5567 3697 5645">
    <p class='ocr_par' dir='ltr' id='par_1_118' title="bbox 2106 5567 3697 5645">
     <span class='ocr_line' id='line_1_118' title="bbox 2106 5567 3697 5645; baseline -0.004 -17"><span class='ocrx_word' id='word_1_834' title='bbox 2106 5567 2780 5645; x_wconf 68' lang='lat' dir='ltr'><strong>gumentisimilitudinem</strong></span> <span class='ocrx_word' id='word_1_835' title='bbox 2806 5587 2823 5623; x_wconf 91' lang='lat'><strong><em>:</em></strong></span> <span class='ocrx_word' id='word_1_836' title='bbox 2849 5579 2904 5645; x_wconf 66' lang='lat' dir='ltr'><strong>et</strong></span> <span class='ocrx_word' id='word_1_837' title='bbox 2937 5571 2984 5624; x_wconf 79' lang='lat' dir='ltr'><strong>si</strong></span> <span class='ocrx_word' id='word_1_838' title='bbox 3038 5567 3217 5645; x_wconf 58' lang='lat' dir='ltr'><strong>tamen</strong></span> <span class='ocrx_word' id='word_1_839' title='bbox 3285 5567 3446 5621; x_wconf 82' lang='lat' dir='ltr'><strong>aliter</strong></span> <span class='ocrx_word' id='word_1_840' title='bbox 3477 5568 3697 5645; x_wconf 70' lang='lat' dir='ltr'><strong>apinari</strong></span> 
     </span>
    </p>
   </div>
   <div class='ocr_carea' id='block_1_119' title="bbox 2108 5638 3695 5715">
    <p class='ocr_par' dir='ltr' id='par_1_119' title="bbox 2108 5638 3695 5715">
     <span class='ocr_line' id='line_1_119' title="bbox 2108 5638 3695 5715; baseline -0.006 -18"><span class='ocrx_word' id='word_1_841' title='bbox 2108 5638 2227 5715; x_wconf 61' lang='lat' dir='ltr'><strong>quis</strong></span> <span class='ocrx_word' id='word_1_842' title='bbox 2257 5643 2433 5707; x_wconf 73' lang='lat' dir='ltr'><strong>malit,</strong></span> <span class='ocrx_word' id='word_1_843' title='bbox 2497 5644 2698 5715; x_wconf 76' lang='lat' dir='ltr'><strong>poterit</strong></span> <span class='ocrx_word' id='word_1_844' title='bbox 2752 5642 2846 5694; x_wconf 81' lang='lat' dir='ltr'><strong>hoc</strong></span> <span class='ocrx_word' id='word_1_845' title='bbox 2886 5640 3004 5715; x_wconf 71' lang='lat' dir='ltr'><strong>loco</strong></span> <span class='ocrx_word' id='word_1_846' title='bbox 3033 5638 3333 5715; x_wconf 64' lang='lat' dir='ltr'><strong>intelligere</strong></span> <span class='ocrx_word' id='word_1_847' title='bbox 3379 5639 3695 5715; x_wconf 74' lang='lat' dir='ltr'><strong>memoriam</strong></span> 
     </span>
    </p>
   </div>
   <div class='ocr_carea' id='block_1_120' title="bbox 2106 5708 3699 5782">
    <p class='ocr_par' dir='ltr' id='par_1_120' title="bbox 2106 5708 3699 5782">
     <span class='ocr_line' id='line_1_120' title="bbox 2106 5708 3699 5782; baseline -0.003 -14"><span class='ocrx_word' id='word_1_848' title='bbox 2106 5708 2554 5779; x_wconf 73' lang='lat' dir='ltr'><strong>anniversariam,</strong></span> <span class='ocrx_word' id='word_1_849' title='bbox 2582 5712 2760 5781; x_wconf 81' lang='lat' dir='ltr'><strong>festive</strong></span> <span class='ocrx_word' id='word_1_850' title='bbox 2810 5727 2903 5782; x_wconf 73' lang='lat' dir='ltr'><strong>per</strong></span> <span class='ocrx_word' id='word_1_851' title='bbox 2950 5711 3059 5764; x_wconf 78' lang='lat' dir='ltr'><strong>dies</strong></span> <span class='ocrx_word' id='word_1_852' title='bbox 3119 5709 3344 5782; x_wconf 65' lang='lat' dir='ltr'><strong>forsitan</strong></span> <span class='ocrx_word' id='word_1_853' title='bbox 3400 5708 3699 5782; x_wconf 61' lang='grc' dir='ltr'><strong>ρίαν-ξετεῃέ</strong></span> 
     </span>
    </p>
   </div>
   <div class='ocr_carea' id='block_1_121' title="bbox 2103 5779 3293 5854">
    <p class='ocr_par' dir='ltr' id='par_1_121' title="bbox 2103 5779 3293 5854">
     <span class='ocr_line' id='line_1_121' title="bbox 2103 5779 3293 5854; baseline -0.003 -17"><span class='ocrx_word' id='word_1_854' title='bbox 2103 5785 2342 5851; x_wconf 69' lang='lat' dir='ltr'><strong>solitam,</strong></span> <span class='ocrx_word' id='word_1_855' title='bbox 2383 5784 2445 5837; x_wconf 86' lang='lat' dir='ltr'><strong>de</strong></span> <span class='ocrx_word' id='word_1_856' title='bbox 2472 5779 2588 5854; x_wconf 74' lang='lat' dir='ltr'><strong>qua</strong></span> <span class='ocrx_word' id='word_1_857' title='bbox 2608 5784 2661 5836; x_wconf 87' lang='lat' dir='ltr'><strong>in</strong></span> <span class='ocrx_word' id='word_1_858' title='bbox 2695 5779 2818 5847; x_wconf 71' lang='lat' dir='ltr'><strong>eius</strong></span> <span class='ocrx_word' id='word_1_859' title='bbox 2838 5781 2979 5848; x_wconf 81' lang='lat' dir='ltr'><strong>Vita,</strong></span> <span class='ocrx_word' id='word_1_860' title='bbox 3002 5779 3149 5836; x_wconf 69' lang='lat' dir='ltr'><strong>nunt.</strong></span> <span class='ocrx_word' id='word_1_861' title='bbox 3189 5779 3293 5834; x_wconf 84' lang='grc' dir='ltr'><strong>Ἠ..</strong></span> 
     </span>
    </p>
   </div>
  </div>
