4018 6428
350 434 489 500 3187

1558 438 1621 497 S.
1665 434 2047 496 SYMEONIS
2084 434 2447 496 JUNIORIS

3481 432 3626 499 3188

418 548 544 602 218.
588 547 684 602 llis
720 548 945 612 auditis,
1001 546 1198 601 timore
1243 546 1426 600 cordis
1463 562 1787 612 concussus,
1837 546 1928 600 ille

2103 554 2247 617 σιη’.
2290 549 2434 618 Πρὸς
2465 547 2638 601 ταῦτα
2678 548 2788 602 δέει
2831 547 2930 620 τὴν
2971 548 3198 620 καρδίαν
3220 550 3623 616 κατασεισθεὶς,

347 647 405 692 et
434 638 692 692 manibus
718 636 982 690 ambabus
1013 636 1220 690 ferrum
1255 651 1365 705 quo
1405 637 1661 690 columna
1688 634 1931 689 ambitur

2053 639 2130 692 cal
2153 641 2496 712 ἀμφοτέραις
2520 641 2615 694 τοῦ
2639 641 2855 711 σιδήρου
2887 641 3015 712 περὶ
3035 641 3131 710 τὴν
3155 641 3345 695 στάσιν
3365 641 3624 712 φραγμοῦ

350 730 889 801 stringenszparce,
938 729 1138 784 clamat
1195 736 1480 783 stentorea
1532 742 1690 794 voce,
1746 741 1932 796 parce,

353 821 552 875 famule
587 820 680 874 Dei
707 819 957 874 altissimi
986 830 1072 874 :et
1102 829 1302 875 cuncta
1334 836 1455 890 qua:
1477 819 1582 874 feci
1611 819 1935 882 enuntiabo,

354 911 491 964 nihil
549 911 808 965 omittens
837 911 923 964 vel
976 911 1283 966 occultans.
1353 911 1662 980 Statimque
1706 923 1938 964 exorsus

354 1012 627 1072 gestorum
662 1018 887 1055 suorum
919 1003 1116 1057 seriem
1143 1003 1500 1058 audientibus
1532 1003 1751 1057 cunctis
1781 1017 1941 1056 enar-

358 1109 499 1157 rare,
538 1094 709 1147 multa
740 1095 1042 1164 graviaque
1072 1095 1281 1149 scelera
1313 1095 1370 1148 in
1406 1094 1651 1148 medium
1688 1093 1938 1164 protulit,

354 1199 422 1239 eo
451 1184 614 1240 etiam
655 1185 955 1254 impietatis
987 1185 1281 1252 adductus,
1322 1195 1384 1241 ut
1407 1185 1695 1241 daemoniis
1718 1184 1935 1240 sacriﬁ-

354 1291 484 1331 care
530 1292 640 1331 non
691 1277 998 1333 erubuerit.
1039 1279 1402 1348 Posteaquam
1434 1294 1568 1334 vero
1594 1286 1791 1334 cuncta
1819 1294 1946 1333 cum

354 1365 576 1420 fervore
610 1377 774 1436 atque
799 1377 938 1423 aestu
972 1369 1142 1423 animi
1197 1369 1483 1426 confessus
1539 1379 1707 1435 esset,
1765 1371 1946 1442 lacry-

354 1458 460 1512 mis
494 1471 563 1511 ex
587 1457 699 1512 imo
729 1459 897 1514 corde
959 1463 1481 1531 prorumpentibus,
1550 1462 1711 1532 petiit
1765 1463 1947 1532 paeni-

361 1556 576 1604 tentem
601 1566 661 1605 se
696 1551 871 1621 recipi
903 1559 959 1605 et
985 1552 1335 1609 absolutionc
1367 1553 1588 1618 donari,
1615 1570 1725 1624 quo
1783 1569 1947 1609 secu-

355 1640 475 1694 rior
501 1641 864 1711 imposterum
899 1643 1153 1698 viveret:
1191 1661 1300 1714 qua
1343 1646 1522 1716 ipsum
1574 1646 1828 1716 prudens
1853 1646 1950 1702 ille

355 1733 662 1788 animarum
692 1735 944 1791 medicus
967 1735 1255 1804 continuo,
1303 1737 1421 1794 visa
1449 1738 1543 1792 tali
1577 1739 1948 1809 paenitudine,

358 1826 672 1895 impertitus
698 1834 801 1881 est.
846 1828 984 1882 Tum
1015 1828 1216 1884 docere
1257 1839 1423 1900 atque
1475 1831 1766 1886 instituere
1805 1831 1950 1885 mul-

2035 731 2356 802 λαϐόμενος,
2383 733 2568 786 Φεῖσαί
2617 751 2736 805 μου,
2769 732 2922 786 δοῦλε
2952 731 3048 785 τοῦ
3086 732 3222 786 Θεοῦ
3251 732 3346 786 τοῦ
3374 733 3626 803 ὑψίστου,

2039 827 2246 893 φεῖσαι,
2282 826 2426 896 μέγα
2464 825 2614 887 ἐϐόα,
2655 825 2750 879 καὶ
2786 825 2855 878 τὰ
2895 826 3017 878 κατ’
3046 825 3284 895 ἐμαυτὸν
3323 826 3630 895 ἀπαραλεί-

2040 933 2192 980 πτως
2216 934 2298 970 σοι
2323 918 2500 971 πάντα
2521 919 2616 970 καὶ
2642 915 2940 986 ἀκρύπτως
2963 915 3216 984 διέξειμι.
3245 916 3354 969 Καὶ
3383 916 3632 986 ἀρξάμε-

2041 1026 2130 1072 νος
2153 1009 2316 1072 εὐθὺς
2341 1009 2410 1062 τά
2445 1009 2568 1062 καθ’
2595 1009 2788 1062 ἑαυτὸν
2816 1008 2919 1061 ὑπὸ
2947 1009 3066 1071 ταῖς
3086 1009 3303 1060 πάντων
3334 1009 3526 1069 ἀκοαῖς
3545 1008 3630 1060 δι-

2044 1101 2213 1174 εξῄει,
2237 1101 2407 1156 πολλὰ
2433 1103 2530 1156 καὶ
2559 1101 2710 1156 δεινὰ
2729 1101 2880 1167 ὄντα,
2905 1104 2998 1157 καὶ
3020 1103 3098 1164 εἰς
3124 1099 3377 1154 τοσοῦτον
3399 1099 3634 1161 ἀτοπίας

2043 1195 2270 1265 ἥκοντα,
2323 1193 2401 1256 ὡς
2453 1193 2586 1263 μηδὲ
2637 1193 2740 1263 τῆς
2781 1192 2891 1248 τῶν
2946 1193 3217 1262 δαιμόνων
3267 1192 3430 1244 αὑτὸν
3493 1192 3634 1243 ἀπο-

2047 1287 2272 1358 σχέσθαι
2301 1287 2511 1350 θυσίας.
2549 1288 2638 1350 Ὦς
2667 1287 2723 1339 δέ
2753 1287 2927 1340 πάντα
2953 1286 3100 1350 ζέσει
3128 1285 3224 1339 καὶ
3249 1285 3427 1357 θέρμῃ
3452 1283 3634 1353 ψυχῆς

2049 1377 2522 1447 ἐξωμολογήσατο,
2545 1376 2808 1446 δάκρυσιν
2833 1374 2893 1428 ἐκ
2929 1374 3101 1445 μέσης
3128 1374 3375 1445 προϊοῦσι
3404 1373 3635 1443 καρδίας

2050 1468 2240 1532 ἐδεῖτο,
2273 1467 2531 1538 δεχθῆναί
2559 1485 2620 1520 τε
2654 1466 3041 1537 μετανοοῦντα,
3075 1467 3169 1520 καὶ
3199 1468 3383 1536 τυχεῖν
3415 1481 3633 1534 συγχω-

2055 1561 2286 1631 ρήσεως,
2313 1559 2399 1613 ἐπ’
2431 1558 2703 1630 ἀσφαλείᾳ
2730 1559 2794 1627 τῇ
2826 1557 2960 1629 πρὸς
2989 1557 3050 1610 τὸ
3079 1555 3303 1627 μέλλον⁶
3324 1557 3387 1626 ἢν
3413 1558 3440 1609 ὁ
3471 1555 3637 1622 σοφὸς

2051 1651 2160 1706 τῶν
2193 1650 2381 1721 ψυχῶν
2429 1651 2612 1720 ἰατρὸς
2650 1651 2858 1711 ἐκεῖνος
2890 1647 3053 1710 εὐθὺς
3091 1648 3185 1699 ἐπὶ
3215 1645 3514 1714 τηλικαύτῃ
3549 1644 3635 1696 δί-

2051 1744 2184 1798 δωσι
2217 1743 2496 1814 μετανοίᾳ,
2532 1742 2626 1796 καὶ
2657 1741 2873 1808 διδάξας
2899 1741 3098 1792 αὐτίκα
3139 1738 3228 1792 καὶ
3267 1737 3509 1802 ὑποθεὶς,
3539 1738 3637 1790 καὶ

2058 1834 2485 1905 συμϐουλεύσας,
2531 1835 2626 1888 καὶ
2665 1831 3023 1902 παραινέσας,
3063 1829 3157 1883 καί
3204 1845 3358 1888 τινας
3417 1827 3638 1891 ἐντολὰς

357 1921 448 1984 tis,
485 1919 719 1976 suadere
768 1921 996 1976 meliora
1057 1921 1398 1991 hortarique,
1454 1921 1710 1991 quaedam
1776 1921 1943 1976 etiam

2053 1926 2280 1991 ἐπιθεὶς,
2305 1925 2573 1980 ἀπέλυσεν
2606 1926 2664 1978 ἐν
2689 1924 2901 1996 εἰρήνῃ,
2939 1923 2999 1976 οὐ
3028 1920 3280 1991 χαλεπῶν
3312 1917 3502 1973 παθῶν
3533 1919 3638 1988 μά-

359 2011 620 2068 mandata
647 2012 908 2084 adjicere,
935 2012 1175 2083 denique
1204 2014 1487 2070 dimittere
1539 2015 1594 2068 in
1661 2029 1792 2084 pace
1841 2015 1943 2068 ho-

355 2103 588 2170 minem,
631 2116 742 2158 non
792 2104 944 2174 gravi
1002 2113 1222 2160 tantum
1273 2105 1486 2171 dolore,
1550 2105 1645 2161 sed
1705 2107 1943 2176 graviori

354 2195 520 2250 etiam
553 2196 838 2264 impietate
884 2196 1203 2252 liberatum.

424 2288 547 2343 219.
574 2287 730 2344 Alius
753 2289 1008 2344 similiter
1040 2307 1070 2346 e
1111 2292 1472 2362 primoribus,
1493 2291 1799 2362 Epiphania
1831 2292 1942 2362 (60)

355 2379 527 2452 Syriae
579 2381 647 2436 ad
699 2390 947 2436 sanctum
975 2385 1149 2450 venit,
1207 2385 1622 2454 collocutusque
1669 2400 1793 2439 cum
1849 2386 1944 2440 illo

362 2488 489 2542 qua:
511 2473 699 2539 vellet,
753 2476 989 2546 porrigit
1043 2476 1252 2546 lignum
1293 2474 1544 2530 Indicum
1591 2475 1778 2530 multae
1829 2476 1941 2532 fra-

353 2569 599 2640 grantiae,
626 2584 825 2640 rogans
855 2579 916 2625 ut
939 2570 1212 2637 admittat,
1235 2579 1291 2624 et
1321 2585 1390 2625 ex
1416 2583 1484 2624 eo
1502 2569 1785 2624 incensum
1805 2571 1943 2625 οπε-

353 2669 441 2717 rat
482 2661 611 2718 Deo.
642 2663 982 2734 Deprecatur
1016 2665 1070 2719 id
1129 2672 1352 2719 sanctus
1413 2677 1480 2719 ac
1513 2663 1719 2729 renuit,
1751 2662 1942 2718 horta-

355 2759 562 2822 turque
595 2763 656 2807 nt
689 2753 805 2824 ipse
835 2754 982 2809 domi
1015 2771 1127 2810 suae
1179 2755 1367 2825 potius
1418 2755 1472 2810 id
1525 2755 1637 2810 Deo
1689 2754 1940 2809 adoleat:

355 2845 450 2899 sed
504 2845 740 2900 instante
784 2846 878 2901 illo
946 2847 1224 2917 pluribus,
1267 2848 1426 2918 jubet
1477 2848 1696 2902 tandem
1749 2846 1937 2901 afferri

356 2935 703 2991 tlturibulum
729 2956 740 2990 :
766 2937 836 2992 Ut
861 2939 1106 3008 potentia
1141 2939 1260 3004 Dei,
1293 2938 1572 3010 inquiens,
1609 2938 1930 2993 manifeste-

356 3037 467 3082 tur.
499 3028 875 3099 lmpositoque
905 3031 1098 3100 prunis
1133 3031 1301 3101 ligno,
1335 3038 1484 3084 tanta
1525 3029 1711 3084 subito
1734 3029 1946 3098 disper-

355 3136 415 3175 sa
443 3130 528 3174 est
562 3122 957 3191 graveolentia,
987 3133 1208 3193 tamque
1270 3122 1636 3177 intolerabilis
1691 3121 1943 3186 naribus,

357 3227 467 3266 non
499 3211 666 3266 modo
700 3211 846 3268 intra
873 3215 1195 3269 monasterii
1235 3223 1412 3284 septa,
1469 3214 1565 3268 sed
1621 3213 1730 3268 late
1777 3213 1943 3267 etiam

357 3322 456 3376 per
489 3315 734 3362 montem
757 3305 980 3371 diffusa,
1029 3314 1092 3360 ut
1145 3321 1374 3376 peregre
1428 3306 1794 3360 adventantes
1842 3320 1943 3374 per

358 3412 720 3468 quascunque
743 3397 811 3451 ad
836 3398 1232 3452 monasterium
1268 3398 1386 3453 vias
1416 3398 1649 3454 fetorem
1682 3399 1828 3454 ferre
1882 3413 1942 3453 se

361 3493 608 3564 potuisse
632 3500 920 3564 negarent,
957 3493 1122 3547 etiam
1147 3494 1367 3549 eminus
1414 3502 1818 3549 occurrentem.
1844 3493 1942 3548 Vi-

361 3583 499 3638 dens
533 3583 718 3652 itaque
760 3582 997 3653 Symeon
1029 3599 1127 3653 per
1155 3584 1385 3640 fetorem
1434 3585 1609 3650 illum,
1668 3585 1802 3655 ligni
1844 3599 1942 3638 na-

362 3683 502 3730 tura:
567 3675 931 3739 contrarium,
967 3691 1026 3730 re
1085 3675 1202 3746 ipsa
1257 3676 1943 3732 condemnari'nefariam

361 3766 602 3821 hominis
630 3765 1155 3832 vitam:Conﬁtere,
1207 3767 1405 3838 inquit,
1462 3769 1576 3823 Deo
1604 3783 1769 3838 opera
1829 3779 1942 3832 tua,

360 3866 418 3912 et
444 3858 830 3928 paenitentiam
865 3873 962 3929 age
997 3874 1096 3929 pro
1142 3861 1387 3929 peccatis
1443 3860 1592 3926 tuis;
1634 3875 1704 3914 ne
1741 3876 1771 3915 a
1835 3859 1946 3915 dte-

362 3949 872 4020 moniisabreptus,
939 3951 1250 4007 miseranda
1311 3952 1411 4007 ﬁas
1457 3953 1706 4008 omnium
1738 3952 1791 4006 in
1851 3968 1946 4006 ore

362 4042 566 4098 fabula.
587 4041 890 4113 Correptus
928 4043 1112 4113 itaque
1141 4045 1336 4100 timore
1373 4045 1713 4108 vehementi,
1747 4052 1947 4098 cuncta

363 4133 548 4189 statim
583 4131 782 4188 delicta
808 4149 907 4189 sua
939 4135 1272 4199 enuntiavit,
1301 4135 1464 4205 longe
1493 4133 1946 4204 graveolentiora

363 4225 593 4280 incenso
615 4240 780 4295 supra
804 4224 954 4280 dicto
977 4243 990 4279 :
1024 4226 1226 4282 deinde
1248 4242 1350 4296 pro
1383 4226 1597 4281 meritis
1616 4225 1945 4296 castigatus,

363 4319 644 4389 variisque
693 4318 1098 4375 monitionibus
1154 4325 1210 4372 et
1270 4318 1562 4388 praeceptis
1614 4317 1943 4380 instructus,

367 4408 652 4466 remeavit.

2051 2033 2160 2082 vov,
2196 2017 2329 2070 ἀλλά
2355 2015 2536 2086 πολλῷ
2563 2015 2658 2069 καὶ
2685 2011 3074 2083 χαλεπωτέρας
3102 2010 3358 2072 ἀσεϐείας
3384 2009 3636 2081 ἀπηλλα-

2050 2110 2272 2180 γμένον.

2125 2291 2248 2348 σιθ’.
2305 2293 2536 2364 Ἕτερός
2563 2310 2670 2358 τις,
2697 2292 2760 2358 ἐξ
2796 2291 3152 2362 Ἐπιφανείας
3200 2289 3299 2361 τῆς
3341 2288 3398 2341 ἐν
3441 2286 3638 2358 Συρίᾳ,

2051 2387 2160 2440 τῶν
2229 2388 2526 2457 ἐπισήμων
2582 2385 2678 2440 καὶ
2713 2379 2889 2449 οὗτος,
2959 2382 3113 2455 παρά
3175 2382 3271 2436 ’τὸν
3335 2381 3488 2449 ἅγιον
3539 2380 3637 2432 ἀν-

2050 2478 2240 2544 ελθὼν,
2274 2481 2370 2533 καὶ
2414 2479 2758 2549 συλλαλήσας
2785 2479 2931 2549 άπερ
2960 2476 3232 2540 ἐϐούλετο,
3255 2475 3438 2546 ὀρέγει
3478 2471 3672 2540 ξύλον-

2064 2571 2281 2624 ’Ῐνδικὸν
2307 2571 2506 2633 εὐῶδες
2553 2569 2726 2637 αὐτῷ,
2775 2568 2943 2635 ἀξιῶν
2991 2568 3248 2638 δεχθῆναι
3285 2583 3344 2618 τε
3395 2564 3492 2619 καὶ
3537 2564 3634 2617 θυ-

2054 2663 2237 2734 μίαμα
2270 2662 2400 2733 παρ’
2425 2662 2590 2716 αὐτοῦ
2619 2663 2736 2732 Θεῷ
2765 2661 3164 2733 προσαχθῆναι.
3198 2658 3304 2711 Τοῦ
3340 2657 3401 2710 δέ
3429 2675 3632 2724 παραιο

2050 2755 2309 2825 τουμένου
2355 2756 2450 2808 καὶ
2485 2754 2860 2818 ἀνανεύοντος,
2893 2754 3033 2807 οἴκοι
3076 2771 3135 2806 τε
3185 2751 3388 2822 θυμιᾷν
3472 2750 3636 2803 τοῦτο

2055 2847 2254 2918 μᾶλλον
2289 2846 2453 2900 αὑτὸν
2503 2847 2916 2916 ἐπιτρέποντος,
2944 2845 3022 2908 ὠς
3063 2843 3231 2906 πολὺς
3258 2839 3326 2914 ἦν
3362 2841 3643 2912 ἐπιμένων

2054 2941 2261 3000 ἐκεῖνος
2305 2939 2593 3010 ἐνεχθῆναι
2623 2937 2836 2991 κελεύει
2883 2938 3263 3009 θυμιατήριον,
3297 2937 3416 2988 Ἵνα
3465 2934 3560 2987 καὶ
3600 2931 3642 3005 ἠ

2051 3031 2144 3086 τοῦ
2183 3031 2341 3096 Θεοῦ,
2395 3033 2548 3100 φησὶ,
2610 3031 2845 3103 διαφανῆ
2899 3029 3226 3085 δυναστεία·
3260 3029 3354 3082 καὶ
3404 3029 3513 3090 τοῖς
3550 3027 3644 3081 ἄν·

2053 3121 2246 3194 θραξιν
2273 3122 2616 3186 ἐπιτεθέντος
2647 3122 2741 3177 τοῦ
2774 3123 2956 3188 ξύλου,
2984 3122 3222 3191 τοσαύτη
3263 3139 3348 3184 τις
3401 3120 3642 3176 δυσωδία

2053 3215 2290 3282 γεγόνει,
2320 3214 2412 3268 καὶ
2444 3214 2710 3284 ὀσφρήσει
2739 3213 2913 3277 οὕτως
2983 3212 3104 3268 οὐδέ
3141 3215 3243 3284 μιᾷ
3273 3211 3508 3281 φορητὴ,
3535 3211 3644 3266 οὐκ

2051 3307 2154 3361 ἀνὰ
2191 3308 2290 3378 τὴν
2323 3306 2490 3378 μονὴν
2521 3307 2700 3375 μόνον,
2735 3307 2872 3360 ἀλλά
2901 3306 2996 3360 καὶ
3025 3305 3116 3360 τοῦ
3155 3306 3319 3377 ὅρους
3355 3306 3448 3357 ἐπὶ
3501 3304 3641 3357 πολὺ

2050 3399 2339 3470 διήκουσα,
2359 3398 2434 3462 ὡς
2452 3399 2545 3452 καὶ
2576 3400 2685 3460 τοῖς
2703 3397 2902 3464 ἔξωθεν
2926 3398 3015 3451 διὰ
3032 3397 3212 3466 πάσης
3229 3397 3326 3449 ἐπὶ
3349 3397 3446 3466 τὴν
3473 3395 3645 3465 μονὴν

2050 3489 2170 3543 ὁδοῦ
2213 3489 2506 3558 προσιοῦσι
2561 3489 2818 3560 τοιαύτην
2862 3491 2987 3544 οἵαν
3057 3487 3193 3558 μηδέ
3227 3487 3514 3556 ἀνέχεσθαι
3542 3485 3642 3538 δύ-

2051 3581 2267 3647 νασθαι,
2297 3581 2504 3651 ταύτην
2553 3579 2661 3634 ἀπὸ
2726 3579 2999 3651 μακρόθεν
3049 3577 3433 3650 προσϐάλλειν.
3493 3576 3649 3630 Ἰδὼν

2051 3670 2228 3724 τοίνυν
2257 3670 2286 3722 ό
2311 3667 2559 3738 Συμεὼν,
2589 3667 2738 3738 ἔργῳ
2777 3666 2925 3734 αὐτῷ
2955 3667 3052 3718 καὶ
3081 3665 3196 3735 βίου
3228 3663 3544 3733 φαυλότητα
3579 3661 3646 3714 τὸ

2054 3761 2205 3830 παρά
2225 3760 2286 3814 τὸ
2315 3761 2464 3823 εἰκὸς
2493 3759 2593 3828 τῆς
2617 3757 2712 3811 τοῦ
2748 3757 2908 3822 ξύλου
2945 3755 3640 3826 φύσεωςέκείνουκατηγο-

2056 3855 2188 3923 ρεῖν,
2214 3850 2665 3921 Ἐξομολόγησαι,
2699 3851 2852 3919 φησί,
2881 3847 2958 3918 τῷ
2991 3845 3110 3917 Θεῷ
3137 3845 3234 3909 τὰς
3267 3844 3498 3915 πράξεις
3522 3860 3644 3909 σου,

2056 3943 2332 4014 μετανοῶν
2360 3942 2422 3995 τὸ
2457 3941 2644 3995 λοιπὸν
2675 3942 2784 3995 ἀπὸ
2804 3942 2906 4010 τῆς
2933 3940 3128 4001 κακίας
3153 3955 3270 4000 σου,
3289 3938 3437 4001 ὅπως
3463 3953 3521 3990 σε
3559 3937 3636 4008 μὴ

2051 4036 2302 4106 δαίμονες
2327 4036 2526 4090 αὐτίκα
2551 4033 2983 4106 παραλαϐόντες,
3011 4033 3245 4086 ἐλεεινὸν
3279 4033 3430 4104 πάσῃ
3457 4031 3640 4098 γλώσ-

2055 4146 2121 4200 σῃ
2156 4128 2360 4183 θῶνται
2382 4128 2650 4200 διήγημα.
2695 4129 2782 4181 Ἐν
2805 4127 2956 4196 φόϐῳ
2984 4124 3278 4196 τοιγαροῦν
3307 4124 3488 4193 πολλῷ
3544 4140 3646 4190 γε-

2055 4221 2248 4290 γονὼς,
2285 4222 2466 4285 πάσας
2495 4221 2657 4284 εὐθὺς
2692 4220 2866 4281 αὐτὰς
2920 4217 3190 4288 διεξῆλθε,
3219 4217 3630 4286 δυσωδεστέρας

2055 4313 2237 4383 πολλῷ
2265 4311 2360 4366 τοῦ
2385 4311 2731 4382 θυμιάματος
2767 4307 2935 4372 οὔσας
2966 4325 2980 4339 ·
3016 4303 3137 4360 εἶτα
3190 4305 3542 4377 ἐπιτιμηθεὶς
3573 4305 3645 4359 τὰ

2055 4407 2261 4470 εἰκότα,
2294 4405 2389 4460 καὶ
2439 4405 2821 4476 παραινέσεως
2863 4402 2957 4455 καὶ
3007 4399 3360 4463 διδασκαλίας
3422 4399 3642 4467 τυχὼν⁹

2057 4500 2357 4552 ἐπάνεισιν.

437 4619 566 4676 220.
600 4619 1040 4677 Consentaneum
1059 4621 1168 4690 jam
1199 4619 1347 4673 dicto
1373 4631 1460 4672 est
1523 4618 1671 4688 quod
1719 4618 1943 4689 subjici-

2131 4611 2232 4668 σκ’.
2274 4610 2590 4665 Ἀκόλουθον
2614 4609 2697 4681 τῷ
2727 4609 3004 4681 εἰρημένῳ
3030 4607 3091 4659 τὸ
3114 4606 3455 4675 ἐπαγόμενον
3485 4644 3499 4665 ,
3531 4606 3643 4674 ὅσῳ

368 4722 460 4769 tur
485 4729 499 4778 ;
533 4724 806 4782 quatenus
833 4727 954 4782 qua!
982 4710 1249 4767 miracula
1282 4710 1337 4764 in
1360 4719 1599 4778 utroque
1617 4717 1942 4776 occurrunt,

368 4802 514 4859 inter
531 4817 588 4857 se
620 4802 799 4857 aﬂinia
821 4811 969 4856 sunt.
996 4799 1265 4856 Sacerdos
1287 4797 1510 4868 quidam
1534 4798 1755 4853 nomine
1776 4800 1944 4861 Joan-

373 4907 495 4956 nes,
525 4893 618 4962 qui
640 4907 738 4962 per
766 4891 904 4946 illud
933 4901 1149 4960 tempus
1170 4888 1511 4959 Apamiensis
1542 4890 1652 4960 (61)
1690 4890 1946 4948 Ecclesia;

369 4997 692 5038 economus
725 4982 862 5050 (62),
889 4982 1123 5037 accessit
1167 4996 1292 5035 cum
1321 4997 1492 5036 uxore
1525 4991 1582 5037 et
1615 4983 1946 5053 propinquis

371 5073 630 5128 omnibus
664 5072 732 5127 ad
774 5072 1133 5144 Symeonem:
1165 5086 1329 5141 quem
1369 5072 1697 5143 discipulus,
1735 5075 1948 5130 nuntiis

379 5165 532 5219 ultro
588 5165 839 5233 citroque
859 5162 1175 5218 deferendis
1201 5163 1380 5220 eidem
1451 5164 1797 5233 ministrans,
1847 5183 1944 5222 seu

371 5255 616 5310 amicitia
645 5253 908 5325 quadam,
933 5269 1029 5308 seu
1060 5254 1466 5318 benevolentia,
1486 5271 1581 5310 seu
1609 5257 1751 5312 forte
1781 5260 1947 5313 etiam

379 5345 690 5414 ignorantia
720 5358 913 5399 rerum.
932 5343 1099 5408 illius,
1125 5343 1316 5398 sedulo
1345 5346 1575 5400 curabat
1607 5358 1948 5418 przescntare

452 5529 564 5598 (60)
599 5529 926 5598 Epiphania,
944 5532 1081 5585 inter
1106 5530 1436 5587 Antiochiam
1454 5541 1500 5586 et
1532 5533 1854 5586 Damascum
1881 5532 1950 5586 ad

376 5598 916 5670 Qrontemmtrinque
960 5617 1013 5670 p.
1049 5617 1124 5654 m.
1181 5604 1248 5656 80
1299 5605 1550 5656 distans:
1609 5613 1657 5655 et
1709 5615 1783 5656 est
1839 5603 1950 5658 alia

376 5668 690 5743 Epiphania
725 5668 941 5743 Ciliciae,
961 5668 1262 5743 lntiqchia:
1285 5674 1353 5727 ad
1378 5672 1609 5728 Boream
1661 5675 1834 5743 posita
1866 5676 1950 5726 in—

310 5787 313 5792 .
381 5737 740 5811 ιετιν-αίίοῄηοη
766 5741 989 5796 multum
1016 5742 1230 5811 majori.

455 5807 576 5881 (6U
600 5809 837 5881 Apamea
868 5814 977 5867 haec
1005 5807 1146 5880 (sunt
1176 5814 1317 5866 enim
1339 5814 1503 5866 etiam
1545 5812 1659 5881 ejus
1718 5813 1949 5865 nominis

385 5873 585 5950 plures)
620 5873 688 5937 ad
716 5879 963 5950 alteram,
993 5873 1047 5936 id
1083 5891 1156 5936 est
1181 5883 1456 5937 dexteram
1485 5873 1696 5938 Orontis
1753 5883 1946 5951 ripam,

2053 4707 2145 4759 καὶ
2167 4704 2496 4776 ἀμφοτέροις
2525 4703 2765 4772 συγγενῆ
2785 4700 2853 4753 τὰ
2887 4699 2983 4752 τοῦ
3003 4700 3304 4768 θαύματος·
3321 4695 3516 4766 Ἱερεύς
3534 4712 3641 4759 τις,

2051 4801 2221 4870 ὄνομα
2238 4797 2510 4866 Ἰωάννης,
2526 4795 2623 4866 τὴν
2637 4799 2693 4848 ἐν
2709 4791 2985 4863 Ἀπαμείᾳ
3001 4787 3299 4860 τηνικαῦτα
3315 4786 3511 4856 Ἐκκλη
3522 4786 3642 4838 σὶαν

2052 4891 2371 4960 οἰκονομῶν,
2413 4886 2689 4959 προσῆλθε
2755 4887 2853 4938 σὺν
2897 4881 3117 4951 συζύγῳ
3167 4881 3263 4933 καὶ
3301 4879 3640 4948 προσήκουσι

2053 4985 2189 5036 πᾶσι
2221 4981 2298 5052 τῷ
2335 4979 2581 5050 Συμεών.
2620 4979 2681 5030 '0
2735 4975 2867 5044 γοῦν
2926 4974 3025 5035 ea;
3069 4971 3328 5041 ἀγγελίας
3372 4969 3644 5036 εἰσφέρων

2059 5075 2329 5146 μαθητὴς,
2356 5074 2388 5143 ἢ
2423 5072 2574 5143 φιλίᾳ
2593 5072 2658 5141 τῇ
2684 5070 2820 5140 πρὸς
2840 5066 3054 5137 αὐτὸνῆ
3077 5066 3171 5118 καὶ
3189 5064 3392 5134 χάριτι,
3418 5060 3562 5129 τάχα
3583 5060 3640 5112 δὲ

2062 5167 2158 5221 καὶ
2208 5166 2400 5234 ἀγνοίᾳ
2449 5162 2556 5216 τῶν
2617 5162 2739 5214 κατ’
2790 5160 2975 5223 αὐτὸν,
3013 5156 3344 5218 ἐσπούδαζεν
3389 5153 3490 5205 ὅσα
3545 5150 3639 5204 καὶ

2057 5257 2295 5328 χρηστὸν
2351 5255 2518 5325 ἄνδρα
2586 5252 2776 5306 τοῦτον
2831 5251 2907 5321 τῷ
2977 5247 3204 5319 Συμεὼν
3270 5243 3636 5316 παραθέσθαι.

2058 5348 2276 5403 Πολλῶν
2323 5344 2611 5417 τοιγαροῦν
2667 5343 2797 5415 περὶ
2844 5342 3009 5396 αὐτοῦ
3059 5339 3212 5411 παρά
3245 5337 3338 5391 τοῦ
3395 5334 3639 5409 μαθητοῦ

2060 5531 2374 5614 Epiphania:
2434 5549 2594 5603 quam
2666 5530 2956 5587 Antiochia:
3017 5525 3179 5597 duplo
3245 5525 3464 5594 propior
3541 5517 3641 5571 ad-

2047 5613 2212 5674 jacet.

2132 5674 2243 5739 (6'2)
2283 5672 2634 5728 OEconomus
2663 5673 2878 5733 dicitur,
2913 5669 3004 5738 qui
3043 5669 3154 5720 vice
3208 5661 3434 5739 episcopi
3459 5655 3636 5739 faciti-

2056 5731 2188 5798 tates
2220 5731 2469 5798 Ecclesia:
2515 5731 2984 5812 administratrae
3023 5753 3248 5812 quorum
3291 5731 3472 5812 ofﬁcio
3508 5731 3629 5784 vids

2054 5816 2466 5869 eruditissimum
2489 5812 2751 5884 Cangium
2774 5814 2828 5867 in
2866 5809 3158 5867 Glossario.
