4018 6382
361 428 514 494 3i89

1379 425 1554 488 Vl'l‘A
1593 423 1638 482 A
1677 415 2119 482 NICEPHORO
2157 413 2654 479 CONSCRIPTA.

3515 414 3664 479 3l‘lO

363 539 707 611 λεγομένων,
734 535 922 607 ἡρέμα
979 535 1117 605 πρὸς
1178 535 1344 590 αύτδν
1375 537 1402 588 ὁ
1437 533 1665 604 Συμεὼν
1708 530 1994 602 ἑπιστρέ-οχ

2101 538 2268 589 ancto
2304 541 2564 602 tanquam
2596 530 3074 601 virum-probum.
3109 531 3361 604 Cumque
3391 531 3560 586 multa
3593 531 3664 587 ab

364 633 504 704 ψας,
551 630 628 701 μὴ
659 630 860 700 χρῆναι
888 627 1126 682 τοιαῦτά
1157 645 1323 693 τισιν,
1348 629 1498 689 ὅπως
1532 626 1600 680 ἂν
1651 627 1746 681 καὶ
1792 625 1967 694 τύχοι,

373 725 701 796 μαρτυρεῖν,
751 720 856 791 ἔφη
887 735 900 749 ·
940 719 1157 773 Παῦσαι
1207 719 1409 784 τοίνυν,
1462 716 1678 785 ἀδελφὲ,
1711 715 1841 784 περὶ
1895 708 1971 768 ὧν

370 817 477 872 οὐκ
505 811 665 870 οῐσθα
691 812 1118 882 διατεινόμενος.
1150 810 1262 864 Καὶ
1290 811 1357 882 τῇ
1387 808 1536 880 χειρὶ
1565 806 1718 879 παρὰ
1741 807 1849 861 τῶν
1873 807 1971 877 τῆς

380 909 632 980 κεφαλῆς
658 907 865 979 τριχῶν
895 904 990 959 τοῦ
1027 905 1317 974 οἰκονόμου
1363 902 1686 972 λαϐόμενος,
1722 901 1796 954 Τὸ
1836 900 1974 954 άκά·

373 1000 580 1072 θαρτον
616 998 713 1052 καὶ
759 997 1001 1068 πονηρὸν
1047 995 1289 1066 πνεῦμα,
1319 994 1477 1066 φησὶ,
1512 993 1572 1048 τὸ
1602 990 1851 1047 ιωικοῦν
1893 989 1974 1061 τῷ

374 1091 657 1165 ἀνθρώπῳ
685 1090 885 1161 τούτῳ,
913 1089 1134 1158 ἔλεγξον
1157 1088 1252 1142 ἐπὶ
1281 1088 1392 1142 τῶν
1419 1087 1706 1158 παρόντων
1727 1085 1825 1150 τὰς
1851 1101 1978 1156 μια-

379 1191 483 1261 ράς
505 1187 670 1243 αὑτοῦ
697 1186 928 1258 πράξεις
953 1185 1049 1238 καὶ
1072 1180 1489 1254 ἀθεμίτους,ῐνα
1511 1179 1646 1234 Θεὸν
1671 1172 1812 1234 εῖναι
1833 1176 1973 1248 γνῷ,

375 1283 661 1351 Δεσπότην
697 1279 795 1334 καὶ
823 1278 1162 1350 δημιουργὸν
1193 1275 1450 1330 ἀπάντων
1469 1315 1484 1339 ,
1524 1273 1617 1327 τὸν
1646 1269 1974 1343 στερεοῦντα

374 1373 610 1443 οὐρανὸν
639 1373 734 1426 καὶ
761 1369 1016 1434 κτίζοντα
1048 1369 1154 1437 γῆν
1171 1407 1188 1433 ,
1216 1366 1476 1421 ποιοῦντα
1500 1365 1581 1428 είς
1607 1364 1742 1435 ὕψος
1772 1363 1972 1435 κρῖμα,

377 1468 478 1520 καὶ
502 1465 855 1531 δικαιοσύνην
879 1463 960 1525 είς
980 1463 1084 1531 γῆν
1109 1461 1294 1531 ἔθηκε.
1321 1459 1430 1513 Καὶ
1458 1460 1488 1512 ὁ
1513 1457 1727 1528 δαίμων
1753 1457 1976 1528 κράζων

373 1553 450 1628 ἦν
481 1557 684 1621 εὐθέως
709 1555 807 1609 καὶ
836 1553 1128 1620 ὀλολύζων,
1153 1553 1251 1606 καὶ
1279 1551 1461 1606 δίκαιά
1487 1567 1551 1619 γε
1584 1551 1786 1620 πάσχει
1811 1566 1976 1621 μεγα-

376 1650 731 1704 λοὸοῶν.”1να
773 1649 827 1702 τί
872 1646 982 1719 γάρ
1011 1647 1041 1700 ὁ
1074 1645 1436 1715 εἰδωλοθύτης
1470 1636 1659 1711 οὗτος,
1691 1646 1720 1698 ὁ
1748 1643 1914 1714 γόης,
1949 1643 1978 1697 ὁ

383 1744 608 1808 πλάνος,
641 1747 670 1798 ὁ
693 1744 920 1810 ἀσεϐὴς,
949 1743 1042 1797 καὶ
1073 1741 1210 1795 άλλα
1240 1739 1486 1806 τοιαῦτα,
1523 1739 1672 1810 παρά
1708 1738 1770 1792 σὲ
1800 1735 1976 1810 ἤγαγέ

383 1852 489 1904 pte;
522 1835 614 1889 καὶ
637 1834 733 1887 νῦν
754 1833 1127 1904 κατακαίομαι
1155 1831 1256 1902 μὲν
1287 1831 1418 1903 ἐγὼ,
1448 1830 1531 1885 ὅτι
1553 1828 1976 1901 δημοσιεύονται

379 1929 552 1982 πᾶσιν
585 1929 641 1982 al
671 1926 864 1980 τούτου
898 1925 1147 1997 πράξεις.

467 2184 606 2233 σκα’.
643 2176 859 2232 Πολλῶν
892 2171 987 2231 οὗν
1017 2177 1278 2234 τοιούτων
1327 2179 1434 2234 ὑπὸ
1467 2178 1560 2234 τοῦ
1592 2181 1846 2254 δαίμονος
1893 2183 1985 2238 λε-

390 2271 646 2340 γομένων
676 2310 691 2335 ,
719 2269 816 2324 τοῦ
871 2288 928 2325 τε
989 2270 1185 2344 ἀνδρὸς
1246 2273 1340 2327 ὑπ’
1386 2273 1556 2330 αὐτοῦ
1593 2276 1846 2348 χαλεπῶς
1880 2278 1992 2331 πά-

390 2381 639 2436 σχοντος,
662 2365 784 2419 οὐδὲ
813 2365 938 2430 τοὺς
964 2365 1070 2432 ἔξω
1098 2365 1192 2420 τοῦ
1222 2366 1430 2432 πάθους
1475 2368 1741 2441 ἀδακρυτὶ
1771 2370 1989 2438 στέγειν

392 2457 560 2528 ἐπῄει
584 2458 683 2530 τὴν
707 2458 833 2529 Et?»
857 2475 871 2490 ο
906 2461 940 2531 ἠ
971 2459 1159 2530 μέντοι
1188 2459 1328 2532 γυνὴ
1363 2459 1554 2515 τούτου
1615 2461 1711 2518 καὶ
1740 2477 1769 2516 ο
1828 2478 1991 2532 προσ-

392 2552 644 2621 ήκοντες,
667 2551 824 2616 ὅλους
857 2553 1086 2617 ἑαυτοὺς
1112 2554 1194 2615 εἰς
1223 2552 1421 2624 ἔδαφος
1453 2553 1734 2626 ῥίψαντες,
1768 2553 1987 2608 κλαίον-

391 2659 490 2706 τες
545 2637 687 2713 ἦσαν
725 2644 820 2696 καὶ
876 2643 1076 2714 πικρὸν
1140 2643 1513 2709 ὀλολύζοντες,
1545 2646 1642 2698 καὶ
1692 2643 1842 2707 τίνας
1889 2645 1990 2698 οὐκ

393 2735 638 2794 ἐλεεινὰς
699 2737 885 2802 φωνὰς
929 2735 1010 2807 τῷ
1066 2737 1210 2806 ἁγίῳ
1260 2736 1635 2807 προσάγοντες
1673 2753 1688 2801 ;
1731 2735 1991 2791 Ἐπικλα-

396 2829 549 2892 σθεὶς
580 2824 674 2882 οὗν
720 2831 929 2894 ἐκεῖνος
969 2829 1141 2900 αὐτῷ,
1172 2830 1492 2901 ἐπιτιμήσει
1523 2829 1870 2900 παραχρῆμα
1899 2828 1991 2882 τὸν

391 2920 627 2992 δαίμονα
658 2921 753 2975 τοῦ
791 2922 988 2994 ἀνδρὸς
1026 2921 1344 2979 ἀπελαύνει.
1385 2924 1444 2978 Ὀ
1478 2924 1536 2980 δὲ
1572 2924 1827 2995 καθαρῶς
1859 2925 1991 2979 ἑαυο

396 3014 497 3069 τοῦ
539 3016 631 3068 καὶ
663 3013 772 3068 τῶν
795 3013 1014 3069 οἰκείων
1051 3015 1332 3086 λογισμῶν
1356 3016 1670 3088 γενόμενος,
1697 3016 1792 3070 καὶ
1829 3015 1993 3084 γνοὺς

395 3109 536 3172 οἵοις
583 3107 674 3161 διὰ
730 3107 822 3160 τὸν
877 3107 1221 3177 προλαϐόντα
1278 3107 1392 3178 βίον
1441 3113 1636 3174 κακοῖς
1712 3109 1991 3176 ἐκδέδοτο,

2072 627 2273 684 eodem
2301 625 2578 696 discipulo
2629 625 2685 680 in
2741 625 3279 681 commendationem
3320 625 3425 680 viri
3450 621 3664 696 profer-

2072 728 2293 783 rentur,
2330 718 2546 790 placide
2581 718 2649 773 ad
2673 718 2831 774 illum
2863 733 3171 778 conversus
3193 719 3454 790 Symeon,
3489 717 3664 773 dixit:

2073 814 2192 869 Non
2227 818 2452 882 oportet
2482 810 2611 866 talia
2626 810 2696 866 de
2717 810 2978 882 quopiam
3027 811 3348 866 testimonia
3395 809 3550 874 dare,
3585 817 3667 864 ta-

2075 905 2237 961 metsi
2266 905 2412 958 forte
2439 919 2634 959 revera
2676 904 2932 959 subsint:
2958 902 3150 959 desine
3192 902 3384 974 igitur,
3445 901 3520 956 mi
3555 900 3666 955 l‘ra-

2074 1006 2180 1062 ter,
2217 1009 2342 1066 qua:
2371 994 2594 1066 ignoras
2640 993 2938 1051 aﬂirmare.
2976 994 3047 1050 Et
3077 1009 3244 1049 manu
3294 1008 3396 1064 per
3438 992 3669 1064 capillos

2076 1087 2277 1159 capitis
2315 1085 2660 1142 sacerdotem
2697 1086 3077 1157 prehendens:
3137 1083 3360 1155 [mpure
3403 1098 3468 1139 ae
3498 1082 3664 1138 mali-

2075 1196 2182 1253 gne
2211 1177 2467 1250 spiritus.
2501 1177 2600 1245 ait,
2633 1177 3041 1250 qui_hominem
3069 1178 3220 1234 hunc
3241 1175 3460 1236 incolis.
3486 1189 3658 1243 argue

2077 1288 2266 1329 coram
2293 1272 2454 1330 hisce
2491 1271 2862 1344 praesentibus
2906 1271 3124 1348 nefaria
3160 1277 3218 1326 et
3267 1269 3458 1340 iniqua
3519 1267 3671 1323 illius

2077 1374 2366 1437 opera;ut
2410 1374 2675 1436 agnoscat
2733 1365 2908 1420 Deum
2967 1379 3090 1420 esse
3147 1362 3444 1419 Dominum
3503 1370 3672 1431 atque

2076 1458 2331 1530 opilleem
2361 1459 2776 1524 universorum,
2825 1457 2919 1528 qui
2948 1455 3190 1512 ﬁrmavit
3211 1457 3414 1514 caelum
3440 1465 3499 1510 et
3535 1469 3674 1511 con-

2079 1552 2219 1608 didit
2249 1560 2495 1617 terram;
2533 1555 2626 1620 qui
2659 1549 3086 1621 facitjudicium
3131 1549 3188 1604 in
3214 1549 3456 1611 excelso,
3489 1555 3547 1602 et
3579 1562 3676 1616 po-

2080 1645 2194 1701 suit
2215 1643 2489 1716 justitiam
2518 1642 2574 1697 in
2615 1651 2786 1698 terra.
2817 1641 2887 1698 Et
2920 1641 3138 1698 daemon
3198 1639 3491 1696 clamitans
3523 1636 3674 1692 illico

2079 1746 2246 1808 atque
2283 1736 2501 1808 ejulans
2529 1733 2941 1790 vociferabatur
2966 1732 3161 1805 grandi
3203 1748 3331 1789 eum
3383 1731 3620 1801 strepitu
3659 1745 3672 1783 :

2081 1826 2316 1899 [Equum
2338 1828 2590 1898 patitur:
2629 1843 2729 1882 cur
2761 1827 2911 1882 enim
2941 1826 3255 1882 idololatra-
3289 1825 3402 1888 ille,
3436 1824 3529 1878 ille
3576 1837 3675 1877 ve-

2083 1922 2318 1988 neﬁcus,
2345 1921 2438 1978 ille
2466 1921 2762 1993 impostor,
2789 1921 2883 1976 ille
2912 1921 3142 1991 impius,
3173 1928 3368 1989 etquae
3387 1924 3676 1988 praeterea,

2087 2015 2157 2071 ad
2197 2023 2249 2072 te
2269 2030 2356 2070 me
2377 2013 2658 2070 adduxit?
2676 2023 2732 2068 et
2759 2028 2911 2068 nunc
2940 2027 3042 2085 ego
3060 2012 3180 2082 ipse
3210 2010 3428 2066 crucior
3455 2007 3677 2072 acerbe,

2087 2105 2237 2179 quod
2270 2105 2421 2162 illius
2449 2114 2605 2178 gesta
2631 2104 2898 2160 omnibus
2926 2101 3223 2158 manifesta
3259 2101 3412 2156 ﬁant.

2159 2199 2286 2256 221.
2320 2199 2476 2256 Talia
2511 2198 2686 2272 igitur
2703 2197 2988 2268 multaque
3011 2195 3213 2252 similia
3227 2210 3352 2251 cum
3383 2210 3413 2250 a
3433 2192 3681 2248 dannone

2089 2295 2496 2368 proferrentur,
2588 2292 3047 2360 inferrenturque
3140 2288 3352 2344 homini
3409 2283 3680 2356 supplicia

2090 2390 2298 2462 gravia,
2328 2403 2396 2443 ne
2429 2385 2506 2441 illi
2542 2383 2771 2455 quidem
2802 2383 2897 2453 qui
2951 2381 3240 2436 doloribus
3286 2378 3447 2435 vacui
3499 2384 3678 2438 erant,

2094 2490 2400 2549 temperare
2431 2476 2624 2532 oculos
2658 2491 2688 2530 a
2738 2474 2999 2546 lacrymis
3051 2482 3314 2544 potuere:
3355 2487 3496 2526 uxor
3531 2481 3682 2526 certe

2091 2582 2148 2628 et
2176 2566 2491 2641 propinqui,
2519 2577 2663 2624 totos
2684 2583 2744 2624 se
2775 2568 2830 2622 in
2859 2567 3035 2624 solum
3062 2573 3499 2637 prosternentes,
3530 2563 3684 2634 plan-

2091 2671 2396 2734 gentesquc
2423 2661 2778 2733 etejulantes
2800 2659 3184 2722 acerbissime,
3248 2656 3381 2728 quid
3433 2671 3544 2710 non
3603 2655 3685 2708 la-

2095 2752 2482 2808 mentabilium
2529 2767 2729 2808 vocum
2791 2767 2981 2807 coram
3042 2759 3233 2806 saneto
3289 2747 3685 2805 cﬂ‘untlebant?

2095 2844 2321 2900 Talibus
2388 2843 2624 2900 inﬂexus
2664 2844 2926 2917 Symeon,
2991 2840 3330 2911 increpando
3375 2839 3686 2894 dazmonem

2094 2952 2218 2993 mox
2248 2952 2290 2993 e.
2314 2936 2438 2990 viro
2465 2937 2692 3007 expellit
2716 2956 2731 2992 :
2757 2937 2854 3007 qui
2878 2937 2986 3007 jam
3021 2935 3182 3001 liber,
3223 2934 3446 3004 sibique
3503 2940 3559 2987 ct
3601 2947 3689 2984 ra-

2095 3030 2235 3096 tioni
2265 3029 2537 3093 redditus,
2560 3045 2624 3085 ac
2656 3030 2828 3101 probe
2869 3029 3186 3099 intelligens
3220 3026 3446 3098 quantis
3493 3027 3549 3080 in
3575 3025 3686 3078 vita

2097 3124 2378 3198 praeterita
2403 3124 2709 3181 sceleribus
2737 3124 2963 3180 deditus
2997 3123 3214 3186 luisset,
3249 3131 3542 3178 accusator
3600 3121 3710 3176 sui.

397 3201 711 3272 κατήγορος
761 3195 832 3272 ἦν
879 3199 1045 3265 αὐτὸς
1081 3200 1300 3266 ἑαυτοῦ,
1336 3201 1502 3273 μηδὲν
1526 3200 1636 3255 τών
1677 3199 1865 3272 κρυφῆ
1895 3218 1994 3255 πε-

2100 3219 2276 3276 factus
2307 3228 2430 3276 est:
2461 3216 2710 3288 nihilque
2735 3217 3030 3280 scelerum»,
3056 3226 3272 3271 secreto
3321 3223 3709 3285 patratorum,.

399 3295 762 3367 πραγμένων,
819 3295 931 3351 τῶν
975 3296 1069 3349 καὶ
1102 3294 1199 3348 τοῦ
1229 3295 1414 3350 λαθεῖν
1442 3297 1612 3362 ὅντως
1651 3297 1818 3363 ἀξίων
1853 3295 1999 3351 ὲκεί-

396 3406 514 3443 νων
576 3387 1020 3460 παραζκατέχων·
1088 3380 1164 3442 ὧν
1221 3385 1344 3444 οὐδὲ
1403 3393 1546 3445 κατά
1608 3390 1776 3463 μέρος
1829 3391 2004 3459 ῳειδοῖ

397 3478 516 3534 τῶν
560 3479 969 3550 ἀσθενεστέρων
1019 3479 1444 3551 μνημονευτέον.
1476 3480 1610 3534 Ἀλλ’
1654 3477 1752 3536 οὖν
1827 3481 2012 3552 εύώρα

399 3572 590 3627 πάντα
635 3572 734 3628 καὶ
759 3559 919 3644 ’δῆλα
959 3575 1082 3636 ταῖς
1107 3571 1218 3626 τῶν
1248 3571 1534 3643 παρόντοιν
1579 3572 1750 3637 τιθεὶς
1787 3573 2003 3639 ἀκοαῖς,

400 3665 503 3722 καὶ
526 3664 619 3722 τοῦ
654 3665 946 3735 μέλλοντος
985 3664 1260 3736 ἐγγυητὴς
1288 3663 1468 3734 ὲαντῷ
1494 3663 1812 3734 γινόμενος,
1839 3668 1868 3719 ὁ
1903 3666 2004 3736 μὲν

400 3754 501 3813 οὖν
530 3757 728 3825 ἄφεσιν
766 3756 863 3812 ἐπὶ
887 3755 1098 3820 τούτοις
1129 3753 1430 3810 ὑπεύθυνον
1475 3756 1755 3826 ἐπιτιμίας
1796 3755 2000 3823 λαϐὼν,

400 3852 699 3922 ἐπανήκει.

482 3942 622 4013 σκβπ.
660 3942 891 4012 Ἕτερος
917 3940 976 3994 δέ
998 3958 1083 4006 τις
1105 3941 1170 3996 ὲκ
1199 3940 1298 4012 τῆς
1334 3941 1607 4014 Ἀντιόχου
1635 3942 1726 3998 καὶ
1753 3943 1856 4015 τῆς
1883 3947 2001 3998 κατ’

401 4033 574 4088 αὐτὸν
616 4031 971 4103 Ἐκκλησίας,
1015 4032 1274 4104 Ἰωάννης
1306 4032 1406 4104 τὴν
1449 4033 1642 4098 κλῆσιν
1695 4035 1790 4090 καὶ
1826 4031 2002 4104 οὗτος,

401 4130 471 4184 οὐ
497 4129 797 4200 βλάσφημα
840 4127 1001 4199 μόνον
1035 4129 1122 4182 ἀεὶ
1153 4127 1292 4183 κατά
1321 4127 1415 4184 τοῦ
1460 4129 1620 4200 άγίου
1674 4129 1879 4196 ἐλάλει,
1909 4133 2006 4186 καὶ

401 4220 623 4293 ’τρυφὴν
661 4219 967 4277 ἀκολάστου
1011 4220 1261 4291 γλώττης
1296 4222 1398 4287 τάς
1423 4222 1504 4286 είς
1537 4221 1702 4277 αὐτὸν
1735 4223 2006 4294 λοιδορίας

404 4315 708 4384 πεποίητο·
737 4313 876 4368 ἀλλά
897 4314 991 4368 καὶ
1018 4313 1181 4386 μέχρι
1203 4314 1461 4368 τοσούτου
1488 4316 1686 4386 μανίας
1710 4315 2002 4388 προῆλθεν,

403 4409 484 4471 ὡς
534 4407 632 4462 καὶ
687 4405 882 4480 ὖὸρεσι
936 4406 1380 4477 φλεγμαίνουσαν
1422 4408 1714 4482 ἐπιστολὴν
1752 4407 1830 4482 (ὥ
1863 4410 2004 4464 πόσα

401 4501 618 4572 τολμᾷν
645 4495 754 4554 οἶδε
787 4500 979 4567 κακία,
1010 4500 1107 4554 καὶ
1134 4498 1274 4554 κατά
1307 4499 1409 4569 τῆς
1437 4499 1696 4572 ἀληθείας
1730 4501 2002 4556 νεανιεύε-

407 4564 538 4648 σθαι
595 4592 756 4664 )πρὸς
783 4564 1296 4646 αὐτὸν-ἀποστεῖλαι
1315 4609 1330 4623 ·
1361 4564 1428 4660 ἦν
1451 4564 1660 4656 ἐκεῖνος
1675 4564 2002 4664 δεξάμενος,
2032 4564 2083 4626 D

409 4686 508 4741 καὶ
553 4685 633 4756 τῷ
672 4684 947 4755 πνεύματι
1003 4684 1187 4752 γνοὺς,
1223 4684 1300 4748 ώς
1337 4683 1438 4738 οὐκ
1480 4685 1547 4740 ἀν
1587 4701 1718 4739 ποτε
1759 4685 2010 4750 παιδείας

407 4778 586 4850 χωρὶς
624 4775 924 4831 καὶταῦτα
963 4775 1392 4848 παραμενούσης
1427 4778 1523 4831 καὶ
1556 4777 2010 4848 ύπομιμνησκούο

411 4888 518 4940 σης
568 4869 874 4941 μετάθηται
920 4869 1059 4940 πρὸς
1097 4869 1159 4922 τὸ
1187 4868 1420 4935 βέλτιον,
1449 4869 1561 4925 τῶν
1605 4869 1868 4941 μαθητῶν
1914 4869 2011 4924 ἕνα

413 4965 672 5029 καλέσας,
712 4963 924 5027 Ἄπιθι,
953 4961 1108 5031 φησὶ,
1139 4961 1292 5034 παρὰ
1313 4961 1413 5032 τὴν
1457 4961 1732 5034 Ἀντιόχου
1759 4963 1893 5035 πρὸς
1919 4964 2011 5017 τὸν

410 5058 663 5112 διάκονον
724 5056 1000 5125 Ἰωάννην,
1037 5055 1134 5108 καὶ
1164 5053 1290 5110 τάδε
1330 5055 1482 5127 αὐτῷ
1533 5054 1893 5126 ἀπάγγειλον,
1934 5055 2012 5119 ὡς

413 5150 548 5220 παρ’
576 5147 752 5219 ἡμῶν,
794 5147 1015 5218 Ἐπειδὴ
1050 5147 1321 5217 συμφέρει
1343 5150 1409 5219 τῇ
1441 5147 1588 5220 ψυχῇ
1617 5166 1711 5202 σου
1741 5166 2012 5202 ταπεινω-

416 5241 577 5311 θῆναί
628 5258 689 5295 σε
735 5240 825 5294 διὰ
877 5238 974 5308 τὴν
1026 5238 1229 5310 πολλὴν
1258 5239 1360 5310 τῆς
1391 5239 1648 5311 γλώσσης
1689 5239 2009 5308 ἀκολασίαν,

421 5335 530 5389 ἰδοὺ
557 5334 837 5388 ἑκδέδοσαι
876 5332 1114 5404 δαίμονι,
1151 5332 1210 5396 ὃς
1243 5333 1331 5386 διὰ
1361 5333 1546 5404 πάσης
1596 5350 1692 5387 σου
1728 5335 1827 5405 τῆς
1865 5334 2012 5402 ζωῆς

372 5429 574 5482 ’ἐσται
627 5425 900 5480 παιδεύων
957 5442 1039 5480 σε.
1099 5424 1288 5480 Ταῦτα
1342 5425 1477 5496 ὁμοῦ
1530 5443 1590 5478 τε
1651 5425 1788 5497 πρὸς
1847 5427 2012 5481 αὑτὸν

419 5521 629 5594 είρήκει
660 5518 929 5592 μαθητὴς,
963 5524 1060 5574 καὶ
1099 5519 1307 5590 δαίμων
1346 5519 1426 5591 τῷ
1470 5519 1626 5591 ἀνδρὶ
1663 5520 1859 5590 ἀθρόον
1892 5521 2014 5574 ὲπι-

421 5615 691 5687 πηδήσας,
719 5613 958 5678 ώλόλυζε
997 5613 1066 5668 δι’
1103 5612 1294 5681 αὑτοῦ,
1346 5615 1444 5669 καὶ⁹
1471 5617 1552 5678 είς
1574 5615 1679 5685 γῆν
1707 5616 1798 5669 τὸν
1828 5613 2014 5668 ἄθλιον

421 5708 798 5779 κατερρίπτει,
833 5707 926 5761 καὶ
967 5707 1069 5762 ὅσα
1111 5706 1224 5761 τῶν
1250 5706 1633 5779 δαιμονώντων
1659 5706 1902 5778 ἀκριϐῶς
1935 5707 2013 5762 δι-

421 5805 610 5854 umet.

495 5897 635 5963 σκγ¹.
673 5893 739 5948 Ἡ
787 5892 924 5966 γυνὴ
962 5892 1142 5950 τοίνυν
1194 5890 1289 5950 τοῦ
1327 5892 1576 5950 διακόνου
1626 5892 1722 5949 καὶ
1761 5895 1810 5950 oi
1841 5911 2020 5978 προσ--

2101 3327 2299 3370 eorum
2349 3311 2515 3367 etiam
2565 3327 2689 3382 qua:
2731 3322 3000 3366 aeternum
3053 3311 3223 3365 latere
3272 3306 3713 3364 convenientius—

2102 3415 2245 3468 erat,
2272 3418 2508 3474 qumque
2531 3418 2562 3458 a
2593 3402 2753 3458 nobis
2788 3402 3166 3473 particulatim
3199 3401 3272 3456 ob
3299 3398 3714 3456 verecundiam»

2106 3492 2536 3549 imbecilliorum
2572 3493 2929 3548 memoranda
2962 3508 3071 3547 non
3109 3499 3258 3559 sunt,
3288 3491 3514 3547 silentio
3535 3505 3693 3560 pres-

2105 3585 2212 3650 sit;
2254 3585 2350 3640 setl
2383 3585 2570 3639 omnia
2601 3584 2755 3638 nullo
2778 3595 3010 3654 excepto
3043 3584 3219 3654 palam
3245 3591 3303 3638 ct
3332 3591 3522 3653 aperta
3553 3597 3695 3652 pra:-

2105 3676 2352 3732 scntium
2382 3675 2613 3731 auribus
2645 3675 2894 3747 ingessit,
2940 3676 3117 3731 lactus
3147 3675 3415 3746 deinceps
3446 3674 3552 3729 sibi
3577 3675 3694 3744 ipse

2103 3782 2323 3824 censor.
2355 3767 2756 3822 Iteniissionem
2793 3768 2955 3838 igitur
2981 3766 3054 3821 ob
3095 3765 3294 3822 delicta
3340 3781 3467 3821 eum
3515 3766 3697 3836 pmni-

2109 3859 2279 3916 tentia
2313 3859 2664 3932 eenjunctam
2687 3858 2988 3929 accipiens,
3025 3873 3283 3914 reversus
3304 3867 3410 3914 est.

2175 3950 2301 4006 222.
2342 3951 2501 4006 Alius
2524 3949 2750 4020 quidam
2784 3949 3092 4005 Antiochiae
3125 3950 3419 4014 oriundus.
3461 3953 3696 4023 ejusque

2107 4042 2372 4100 Ecclesiae
2405 4041 2680 4106 minister,
2708 4041 2950 4097 Joannes
2976 4040 3165 4096 itidem
3195 4041 3404 4110 dictus,
3434 4059 3543 4100 non
3575 4060 3698 4099 mo-

2106 4135 2181 4192 do
2213 4134 2588 4206 blaSpliemias
2619 4142 2814 4189 contra
2843 4142 3096 4190 sanctum
3130 4133 3421 4191 ell'utiebat
3454 4153 3697 4207 semper,

2106 4236 2165 4283 et
2211 4226 2414 4298 linguae
2446 4225 2870 4296 intemperantis
2915 4227 3285 4282 contumelias
3328 4243 3431 4298 pro
3483 4227 3702 4285 deliciis

2110 4319 2378 4386 habebat;
2405 4319 2537 4389 quin
2556 4318 2722 4374 etiam
2759 4333 2826 4374 eo
2857 4318 3086 4375 insania:
3111 4321 3403 4390 processit,
3439 4329 3501 4377 ut
3528 4322 3701 4378 refer-

2110 4419 2220 4467 tam
2259 4412 2477 4484 injuriis
2509 4411 2798 4483 epistolam
2833 4413 3059 4482 (quanta
3109 4414 3250 4470 solet
3295 4414 3503 4470 audere
3543 4416 3714 4469 mali-

2113 4507 2209 4572 tia,
2243 4515 2305 4562 et.
2342 4515 2550 4563 temere
2594 4517 2788 4562 contra
2818 4507 3112 4562 veritatem
3147 4507 3391 4578 moliri!)
3420 4509 3489 4563 ad
3521 4509 3722 4578 ipsum

2110 4600 2375 4656 mitteret.
2410 4599 2564 4656 Hane
2596 4599 2688 4656 ille
2725 4599 3025 4671 accipiens,
3057 4611 3117 4656 et
3147 4600 3342 4670 spiritu
3369 4601 3700 4672 prmvidens,

2110 4691 2393 4764 quomodo
2427 4707 2528 4763 per
2556 4691 2664 4748 hoc
2693 4691 3012 4762 aliquando,
3043 4707 3155 4747 non
3199 4693 3322 4747 sine
3343 4693 3704 4764 castigatione

2110 4785 2322 4842 diutius
2345 4793 2720 4855 permanente
2766 4795 2823 4839 et
2855 4785 3126 4840 scelerum
3175 4785 3502 4841 memoriam
3537 4801 3702 4840 reno-

2111 4885 2298 4940 vante,
2353 4875 2763 4931 convertendus
2817 4876 2885 4930 ad
2943 4877 3229 4932 meliorem
3279 4866 3490 4948 frugem
3534 4889 3702 4941 esset,

2111 4969 2384 5025 advocato
2435 4967 2655 5024 cuidam
2687 4968 2758 5022 ad
2788 4984 2846 5024 se
2878 4967 3155 5040 discipulo
3189 4970 3326 5026 dicit
3358 4988 3371 5025 :
3399 4971 3565 5026 Abite
3596 4970 3708 5026 An-

2113 5062 2376 5118 tiochiam
2413 5063 2480 5117 ad
2521 5062 2816 5118 diaconum
2867 5063 3174 5127 Joannem,
3203 5074 3260 5119 et
3307 5062 3426 5119 haec
3484 5063 3563 5118 illi
3621 5079 3708 5118 rc-

2112 5155 2367 5209 nuntiato
2395 5169 2519 5210 meo
2551 5154 2775 5209 nomine
2805 5171 2820 5208 :
2855 5153 3130 5221 Quoniam
3162 5155 3387 5225 expedit
3426 5154 3704 5209 humiliari

2115 5259 2168 5304 te
2201 5248 2369 5304 corde
2399 5258 2626 5318 propter
2667 5247 2899 5303 nimiam
2936 5247 3136 5320 linguae
3180 5248 3702 5319 intemperantiam;

2113 5355 2244 5396 ecce
2300 5340 2540 5395 traditus
2579 5338 2822 5396 daemoni
2869 5356 2951 5409 es,
2983 5342 3078 5412 qui
3129 5357 3230 5411 per
3273 5357 3495 5396 omnem
3537 5340 3703 5395 vitam

2115 5432 2405 5503 castigabit
2437 5441 2511 5488 te.
2539 5429 2718 5488 Simul
2748 5440 2914 5503 atque
2945 5433 3063 5487 htec
3091 5431 3344 5486 edixerat
3376 5430 3704 5499 discipulus,

2114 5529 2346 5591 repente
2404 5536 2645 5592 nequam
2695 5522 2928 5592 spiritus
2985 5521 3043 5575 in
3099 5521 3384 5575 hominem
3434 5519 3706 5583 insiliens,

2115 5613 2526 5670 vociferabatur
2579 5629 2683 5684 per
2743 5629 2806 5670 os
2857 5614 3051 5684 ipsius,
3115 5612 3382 5667 miserum
3434 5611 3711 5682 afﬂigebat

2117 5703 2293 5770 humi,
2340 5711 2397 5758 et
2441 5719 2565 5774 quae
2612 5704 2966 5760 daemoniacis
3020 5705 3245 5759 evenire
3295 5702 3477 5757 solent
3539 5701 3711 5772 probe

2117 5798 2544 5868 exsequebatur.

2187 5892 2314 5949 225.
2357 5891 2573 5966 Conjux
2638 5892 2806 5966 igitur
2869 5900 2926 5951 et
2993 5888 3394 5964 consanguinei
3450 5885 3706 5952 diaconi,
