4018 6424
358 454 494 524 319!

1575 464 1636 524 S.
1677 458 2058 523 SYMEONIS
2093 459 2460 523 JUNIOBIS

3489 457 3630 523 3132

358 586 579 642 poenam
627 572 750 644 ejus
799 577 1116 641 reputantes
1148 586 1326 636 suam,
1379 579 1436 626 et
1466 571 1724 628 acerbius
1771 573 1937 627 etiam

2046 572 2294 643 ἡκοντες,
2341 573 2539 626 οξκεῖον
2580 569 2639 623 τὸ
2675 569 2887 623 ἐκείνου
2932 568 3105 632 πάθος
3156 568 3490 638 ποιούμενοι,
3534 576 3629 627 καὶ

358 675 526 726 tinam
575 660 692 732 ipse
739 662 992 727 cruciati,
1049 661 1354 717 ascendunt
1398 678 1522 718 cum
1570 663 1665 717 ille
1715 663 1784 718 ad
1832 663 1935 735 Sy-

363 766 638 814 meonem,
689 752 1031 823 plangentes,
1074 752 1449 822 procidentes,
1500 761 1816 824 precantes,
1875 761 1939 808 ut

358 842 651 897 miseratus
712 843 1081 898 calamitatem
1135 859 1327 910 suam,
1393 845 1669 901 infelicem
1722 846 1857 900 velit
1904 861 1936 901 a

357 933 646 988 vexatione
692 933 957 991 daemonis
1002 933 1260 990 liberare.
1298 935 1497 991 Verum
1523 937 1616 992 ille
1654 946 1941 993 mansueta

358 1037 490 1078 voce
538 1023 606 1079 ad
658 1023 955 1079 diaconum
1005 1040 1204 1082 versus
1244 1027 1544 1097 :Expedit,
1604 1029 1702 1095 ait,
1742 1029 1943 1084 anima;

356 1122 465 1169 tua:
500 1122 554 1170 te
595 1131 707 1171 non
746 1116 973 1171 liberari
1009 1134 1022 1171 :
1064 1134 1244 1190 neque
1293 1121 1441 1175 enim
1481 1120 1659 1176 doleri
1699 1136 1801 1176 suo
1838 1121 1940 1176 eb-

355 1206 694 1276 sequebatur
753 1209 838 1262 vir
894 1210 1151 1266 omnibus
1206 1213 1569 1281 compatiens,
1620 1226 1747 1267 cum
1796 1221 1943 1267 esset

356 1298 513 1365 quasi
566 1297 924 1368 impassibilis
972 1300 1117 1354 :sed
1171 1301 1445 1370 potiorem
1503 1301 1704 1357 anime
1749 1316 1942 1358 curam

356 1387 604 1455 gerebat,
657 1397 850 1458 utpote
902 1390 1084 1446 sciens
1130 1390 1545 1447 inﬁrmitatibus
1609 1392 1943 1460 animarum,

356 1476 611 1555 quamvis
647 1486 703 1532 et
757 1478 878 1534 aliis
912 1479 1104 1542 etiam,
1146 1495 1311 1551 quam
1341 1480 1674 1537 dexterrime
1706 1482 1941 1539 mederi.

270 1644 273 1645 γ
357 1564 430 1623 Ut
461 1567 625 1633 scias,
681 1568 884 1641 inquit,
940 1572 1201 1641 potentiae
1244 1571 1445 1627 divinae
1475 1572 1530 1626 id
1582 1588 1725 1639 esse,
1776 1590 1943 1644 quam

357 1667 419 1719 tu
479 1660 751 1717 hactenus
809 1662 1096 1718 oﬂ‘endens
1146 1663 1460 1734 ignorabas,
1515 1665 1582 1720 ad
1635 1666 1943 1720 curandum

359 1753 698 1821 pertinacem
740 1754 1120 1811 infidelitatem
1153 1766 1340 1823 tuam;
1382 1757 1604 1821 mande,
1641 1758 1694 1813 in
1717 1759 1942 1815 nomine

360 1842 510 1898 illius
562 1843 895 1900 inhabitanti
944 1846 1001 1899 in
1051 1854 1104 1900 te
1144 1844 1401 1911 daemoni,
1431 1848 1794 1918 quadraginta
1823 1848 1943 1905 dies

361 1935 700 2006 totidemque
749 1945 943 1991 noctes
988 1935 1220 1992 missum
1273 1948 1328 2011 te
1375 1937 1562 1993 faciat.
1610 1940 1765 2006 Quod
1814 1957 1942 1996 cum

354 2028 509 2099 juxta
542 2028 862 2083 mandatum
910 2029 1029 2100 ejus
1079 2029 1392 2097 accidisset,
1436 2032 1625 2101 elapso
1662 2034 1944 2104 trigesimo

357 2135 508 2176 nono
557 2121 649 2178 die
703 2121 941 2191 redeunt
994 2123 1160 2177 simul
1225 2123 1373 2192 ipse,
1425 2124 1654 2194 conjux,
1714 2127 1940 2197 prepin-

358 2211 477 2282 qui,
531 2211 907 2268 omnimodam
968 2212 1360 2268 liberationem
1406 2223 1680 2283 petentes.
1730 2215 1800 2271 At
1850 2217 1942 2271 ille

356 2305 452 2376 qui
509 2305 819 2361 animarum
861 2306 1026 2360 saluti
1077 2321 1296 2378 semper
1330 2307 1592 2362 studebat
1644 2310 1939 2380 praecipue,

356 2398 528 2469 probe
561 2413 902 2470 cognoscens
946 2400 1143 2455 animae
1170 2401 1289 2470 ejus
1312 2397 1567 2467 expedire
1615 2400 1759 2456 hanc
1780 2403 1947 2458 casti-

355 2489 656 2559 gationem,
708 2506 819 2546 non
851 2506 1111 2547 assensus
1163 2499 1251 2548 est
1282 2492 1538 2562 petitioni
1571 2492 1815 2551 illorum.
1844 2493 1942 2549 sed

355 2592 418 2637 ut
474 2583 815 2639 moderatior
868 2585 1232 2655 imposterum
1285 2584 1431 2641 foret
1499 2587 1765 2642 daemonis
1828 2587 1943 2642 vio—

357 2670 531 2727 lentia
586 2672 883 2729 concessit.
936 2671 1138 2744 Sicque
1189 2690 1619 2744 energumenus,
1672 2675 1939 2745 perfecta,

356 2771 419 2818 ut
469 2764 715 2834 optabat,
750 2766 1036 2822 sanatione
1086 2781 1195 2822 non
1224 2766 1535 2838 impetrata,
1583 2776 1813 2824 maestus
1853 2786 1936 2825 re-

355 2856 545 2913 cessit.

424 2968 551 3025 εει.
593 2971 917 3028 Anastasius
958 2971 1182 3041 quidam
1218 2972 1605 3040 scholasticus,
1651 2974 1942 3030 Antiochia

355 3061 612 3117 similiter
642 3063 933 3129 oriundus,
970 3064 1055 3118 vir
1099 3065 1298 3136 lingua:
1329 3082 1563 3136 nequam
1595 3082 1658 3121 ac
1688 3068 1942 3137 petulan-

355 3154 449 3219 tis,
496 3170 563 3210 eo
596 3165 849 3211 evaserat
881 3164 1074 3211 contra
1120 3164 1373 3212 sanctum
1431 3156 1707 3223 amentiae,
1752 3167 1850 3214 aut
1890 3158 1938 3214 si

2046 664 2249 735 μᾶλλον
2281 662 2434 715 αύτοί⁵
2462 661 2763 731 πάσχοντες
2793 659 2893 722 τὰς
2918 658 3117 729 ψυχὰς,
3145 658 3328 712 ἀνίασι
3361 660 3457 712 σὺν
3480 661 3632 730 αὐτῷ

2041 756 2181 827 πρὸς
2206 754 2299 809 τδν
2329 753 2574 824 Συμεὼν,
2593 752 2858 823 δεόμενοι,
2882 750 3231 823 θρηνοῦντες,
3256 753 3631 821 προσπίπτονο

2041 864 2155 909 τες,
2201 844 2551 915 οἰκτείραντα
2595 845 2695 914 τῆς
2740 845 3025 911 συμφορᾶς
3073 844 3271 906 αὐτοὺς
3310 846 3409 910 τῆς
3445 845 3509 897 ὲκ
3531 844 3633 898 τοῦ

2040 935 2298 1006 δαίμονος
2325 937 2535 988 ἐκεῖνον
2559 933 2823 1005 ἐπηρείας
2847 934 3071 987 ἀνεῖναι.
3109 935 3172 986 '0
3194 932 3270 997 δὲ,
3314 933 3473 986 Ἀλλά
3500 950 3634 1003 συμε

2045 1026 2200 1096 φέρει
2238 1028 2301 1096 τῇ
2334 1025 2480 1096 ψυχῇ
2515 1041 2608 1078 σου
2641 1025 2717 1096 μὴ
2753 1024 3010 1095 ἀνεθῆναι
3048 1042 3132 1090 σε,
3165 1025 3353 1095 πράως
3386 1024 3520 1096 πρὸς
3538 1025 3636 1079 τὸν

2043 1114 2290 1169 διάκονον
2348 1114 2452 1185 ἔφη
2477 1131 2493 1146 ο
2548 1115 2671 1169 οὐδὲ
2711 1116 2821 1185 γὰρ
2864 1117 3065 1170 οἰκεῖον
3114 1116 3357 1186 ἐπλήρου
3393 1115 3565 1180 πάθος
3603 1118 3634 1170 6

2046 1205 2362 1279 συμπαθὴς,
2398 1206 2431 1276 ἢ
2476 1208 2572 1261 καὶ
2618 1206 2836 1278 ἀπαθὴς
2884 1206 3304 1276 τάληθέστερον,
3351 1206 3489 1260 ἀλλὰ
3532 1208 3635 1278 τῆς

2040 1300 2259 1353 ἐκείνου
2318 1298 2501 1368 ψυχῆς
2542 1298 2767 1369 ὲκήδετο
2822 1297 3044 1368 μᾶλλον,
3089 1298 3119 1350 δ
3165 1297 3311 1368 πάθη
3358 1297 3549 1368 ψυχῶν
3583 1299 3635 1352 εἰ

2046 1390 2142 1445 καί
2166 1408 2220 1444 τι
2245 1390 2393 1454 ἀλλο,
2419 1390 2620 1460 ἄριστα
2647 1388 2975 1459 θεραπεύειν
3018 1390 3226 1452 ἐκεῖνος
3249 1388 3425 1454 εἰδὼς,
3457 1390 3531 1453 ὡς
3565 1388 3634 1443 ἀν

2046 1483 2212 1554 εἰδῇς,
2247 1483 2432 1552 φησὶν,
2468 1483 2550 1536 ὃτι
2582 1480 2812 1551 δύναμις
2835 1479 2973 1533 Θεοῦ
2998 1482 3167 1545 ἐστιν,
3258 1480 3322 1533 σὺ
3350 1481 3515 1552 μέχρι
3537 1481 3635 1534 νῦν

2049 1576 2411 1645 προσκόπτων
2444 1573 2683 1644 ἠγνόεις,
2716 1571 2804 1625 ἵνα
2830 1570 2929 1624 καὶ
2963 1569 3024 1623 τὸ
3062 1569 3198 1623 πολὺ
3238 1570 3341 1640 τῆς
3373 1571 3639 1635 ἀπιστίας

2048 1665 2211 1721 αὐτοῦ
2239 1666 2421 1731 ποσῶς
2450 1664 2787 1737 θεραπεύσῃ,
2824 1661 3192 1735 παραγγέλλω
3217 1665 3275 1716 ὲν
3304 1662 3382 1733 τῷ
3408 1662 3636 1733 ὀνόματι

2044 1760 2213 1815 αὑτοῦ
2243 1759 2319 1830 τῷ
2350 1758 2647 1813 ἔνοικοῦντί
2681 1775 2763 1811 σοι
2789 1757 3027 1828 δαίμονι,
3056 1755 3465 1825 τεσσαράκοντα
3495 1756 3638 1827 ἡμέσ-
3728 1778 3735 1787 ’

2053 1869 2156 1922 ρας
2188 1853 2283 1904 καὶ
2310 1849 2514 1913 νύκτας
2548 1849 2669 1912 ῐσας
2690 1846 2985 1916 ἀφέξεσθαι
3016 1864 3139 1901 σου.
3174 1847 3352 1916 Ὅπερ
3370 1840 3465 1899 οῦν
3493 1844 3637 1899 κατά

1970 1917 2018 1975 Β
2047 1917 2109 1995 τὸ
2148 1940 2313 1995 αὐτοῦ
2349 1940 2630 2010 ἐπίταγμα
2676 1939 2921 2006 γεγονὸς,
2974 1937 3114 2008 μετά
3156 1938 3255 2009 τὴν
3300 1937 3498 2008 ὲνάτην
3539 1936 3637 1990 ἐπὶ

2046 2034 2339 2105 τριάκοντα
2357 2027 2494 2104 ἧκεν
2527 2031 2662 2100 ὁμοῦ
2689 2030 2912 2098 γυναικὶ
2935 2031 3028 2082 καί
3053 2031 3422 2098 προσήκουσιν
3452 2026 3633 2099 αὖθις,

2046 2124 2366 2196 ἀπαλλαγὴν
2403 2124 2619 2178 τελείαν
2651 2121 2948 2186 αἰτοῦντες.
3000 2121 3058 2174 'U
3095 2122 3153 2174 δὲ
3200 2121 3499 2175 λυσιτελεῖν
3531 2124 3633 2176 αύ-

2044 2214 2140 2269 τοῦ
2185 2218 2251 2284 τῇ
2286 2217 2431 2287 ψυχῇ
2478 2215 2578 2285 τὴν
2629 2215 2883 2269 παιδείαν
2926 2214 3103 2281 εἰδὼς,
3133 2207 3179 2284 ᾧ
3211 2216 3306 2269 καὶ
3333 2215 3523 2286 ψυχῶν
3562 2211 3637 2288 ἦν

2044 2308 2136 2361 ἀεὶ
2180 2308 2424 2379 σωτηρία
2471 2307 2534 2360 τὸ
2567 2307 3023 2379 σπουδαζόμενον,
3057 2306 3216 2361 τοῦτο
3253 2309 3351 2379 μὲν
3381 2309 3481 2362 οὐκ
3521 2308 3634 2362 ἀπ-

2045 2400 2285 2467 ένευσεν,
2310 2402 2427 2456 ἀλλ’
2457 2402 2599 2455 ὥστε
2640 2403 3019 2474 μετριωτέραν
3060 2402 3210 2475 αὐτῷ
3240 2405 3375 2474 πρὸς
3415 2404 3476 2456 τὸ
3506 2401 3637 2471 ἑξῆς

2046 2492 2268 2546 ἔσεσθαι
2304 2494 2506 2564 μᾶλλον
2531 2494 2626 2548 τοῦ
2654 2495 2906 2566 δαίμονος
2927 2494 3027 2564 τὴν
3056 2495 3321 2566 ἐπήρειαν
3344 2491 3514 2547 ’Καίό
3532 2494 3638 2563 μὲν

2043 2588 2105 2642 οὐ
2134 2588 2368 2654 τελείας,
2403 2588 2479 2654 ὡς
2508 2586 2760 2642 ἐϐούλετο
2788 2586 2888 2658 τῆς
2917 2587 3187 2659 αἰτήσεως
3220 2584 3421 2656 τυχὼν,
3465 2585 3638 2656 ἀπῄει

2046 2680 2293 2749 στυγνός.

2115 2956 2250 3011 σκδ’.
2298 2955 2654 3020 Ἀναστάσιος
2699 2954 2757 3009 δέ
2803 2971 2889 3019 τις
2937 2951 3326 3025 Σχολαστικδς,
3361 2949 3424 3004 τὸ
3477 2949 3641 3018 γένος
3720 2998 3747 3025 κ

2057 3046 2387 3121 Ἀντιοχεῦς,
2414 3049 2592 3119 φαύλη
2631 3046 2856 3116 γλῶσσα
2895 3047 2991 3100 καὶ
3026 3045 3283 3113 ἀσελγὴς,
3317 3045 3396 3106 εἰς
3437 3044 3631 3097 τοσοῦ-

2043 3159 2136 3195 τον
2168 3141 2336 3212 ἧλασε
2370 3140 2512 3194 κατά
2558 3138 2653 3193 τοῦ
2701 3139 2858 3207 ἁγίου
2906 3136 3190 3201 ἀπονοίας,
3239 3138 3290 3189 εἰ
3323 3135 3381 3189 δὲ
3424 3135 3654 3206 βούλει,

356 3246 589 3301 mavelis
634 3247 863 3311 furoris,
913 3263 1038 3316 qua:
1082 3262 1186 3301 vox
1238 3248 1407 3301 etiam
1462 3249 1781 3317 expressius
1818 3266 1934 3305 rem

2048 3234 2244 3305 μανίας
2278 3232 2328 3306 (δ
2359 3233 2456 3285 καί¹
2513 3230 2942 3301 συγγενέστερον
2975 3231 3176 3301 μᾶλλον
3208 3230 3288 3299 τῷ
3346 3230 3639 3302 πράγματι

355 3337 629 3408 designat,
680 3345 743 3393 ut
775 3337 1111 3393 mirabilium
1154 3353 1186 3392 a
1215 3346 1407 3392 sancto
1440 3348 1783 3409 patratorum
1813 3358 1944 3412 ope-

357 3445 484 3484 rum
516 3438 802 3485 auctorem
849 3446 959 3485 non
1009 3431 1205 3497 Deum.
1246 3432 1346 3487 sed
1395 3432 1662 3502 pcssimas
1680 3433 1941 3503 quasdam

357 3532 507 3577 artes
555 3521 879 3577 earumdem
919 3522 1228 3580 effectrices
1258 3539 1379 3580 esse
1413 3524 1607 3580 inscite
1660 3526 1941 3596 stulteque

357 3613 680 3669 blateraret.
729 3614 888 3682 Quod
935 3615 1031 3669 ubi
1085 3615 1155 3670 ad
1207 3630 1371 3671 aures
1401 3616 1574 3671 sancti
1616 3615 1757 3671 fama
1812 3634 1942 3687 per-

356 3703 531 3758 latum
551 3713 657 3769 est,
688 3704 1170 3761 commiseratione
1202 3704 1348 3760 illius
1379 3714 1575 3772 tactus,
1625 3707 1945 3762 conversio-

357 3812 484 3852 nem
522 3797 967 3869 przestolabatur,
1018 3797 1100 3852 uti
1146 3798 1236 3853 lex
1264 3798 1361 3853 Dei
1414 3799 1667 3854 homines
1709 3801 1944 3855 amantis

354 3889 532 3964 jubet.
586 3888 788 3945 Verum
829 3892 977 3946 enim
1021 3905 1153 3945 vero
1193 3900 1551 3960 posteaquam
1600 3893 1942 3961 pertinacem

357 3981 536 4047 illum,
568 3979 810 4035 divinam
841 3994 974 4036 vero
1018 3980 1488 4051 longanimitatem
1526 3980 1792 4050 longioris
1822 3998 1941 4037 mo-

358 4089 434 4131 ra:
455 4074 854 4144 impatientem,
883 4073 1247 4143 strictumque
1275 4074 1386 4143 jam
1420 4074 1648 4129 rutilare
1676 4074 1940 4145 gladium,

355 4174 411 4223 et
436 4181 625 4222 arcum
656 4174 847 4222 contra
875 4165 1156 4221 hominem
1216 4174 1454 4231 tensum,
1492 4173 1791 4236 parataque
1820 4182 1943 4222 esse

354 4271 485 4311 vasa
504 4257 701 4312 mortis
744 4255 1148 4326 deprehendit;
1194 4255 1595 4325 discipulorum
1625 4258 1942 4327 quempiam

354 4345 632 4403 advecans
666 4346 808 4417 (erat
860 4355 1045 4400 autem
1079 4361 1276 4416 magna
1319 4346 1411 4400 illa
1442 4345 1582 4411 dies,
1611 4361 1719 4415 qua
1747 4348 1943 4419 mysu-

357 4453 478 4493 cam
525 4435 782 4493 Christus
824 4451 1038 4492 coenam
1096 4435 1355 4501 instituit,
1414 4451 1521 4506 qua
1577 4436 1939 4494 lavandorum

354 4530 556 4600 pedum
586 4528 960 4584 ministerium
990 4527 1184 4594 obivit,
1224 4543 1333 4598 qua
1367 4544 1470 4599 pro
1499 4528 1664 4583 nobis
1704 4530 1942 4584 traditus

2053 3325 2270 3397 δνομα),
2330 3326 2405 3390 ὡς
2441 3325 2576 3396 μηδὲ
2613 3325 2746 3377 Θεὸν
2814 3327 2927 3388 τοῖς
2975 3322 3294 3394 παραδόξως
3338 3326 3433 3379 ὑπ’
3467 3324 3638 3379 αὑτοῦ

2046 3419 2416 3488 τελουμένοις,
2454 3418 2591 3472 ἀλλά
2623 3435 2744 3473 τινα
2784 3418 3026 3488 πονηρὰν
3074 3419 3354 3488 ἐνέργειαν
3392 3421 3639 3487 ἀνοήτως

2050 3510 2435 3581 ἐπιφημίζειν.
2482 3510 2661 3581 Ὅπερ
2722 3509 2814 3563 τὸν
2845 3509 2990 3563 θεῖον
3044 3510 3216 3581 ἄνδρα
3268 3510 3635 3579 μανθάνοντα,

2052 3604 2283 3673 πάσχειν
2333 3603 2434 3673 μὲν
2484 3601 2626 3673 ὑπὲρ
2668 3602 2765 3655 τοῦ
2814 3602 3046 3670 ἀδελφοῦ
3074 3603 3173 3673 τὴν
3206 3601 3405 3673 ψυχὴν,
3429 3602 3643 3671 ἀναμέ-

2048 3713 2161 3750 νειν
2192 3696 2249 3749 δὲ
2272 3695 2422 3766 ὅμως
2453 3694 2619 3747 αὐτοῦ
2650 3693 2748 3763 τὴν
2779 3694 3138 3764 ἐπιστροφὴν,
3171 3694 3311 3766 ὅπερ
3344 3694 3409 3764 δὴ
3444 3694 3640 3764 φιλαν-

2051 3789 2300 3861 θρωπίας
2360 3787 2497 3841 Θεοῦ
2555 3786 2743 3854 νόμος.
2781 3785 2871 3848 Ὠς
2916 3786 2973 3838 δὲ
3005 3785 3099 3839 τὸν
3153 3786 3253 3854 μὲν
3304 3786 3641 3856 ἐπιμένοντα

2052 3881 2219 3954 ἑώρα,
2255 3881 2354 3954 τὴν
2414 3879 2565 3933 θείαν
2614 3879 2797 3932 οὐκέτι
2858 3878 3241 3949 μακροθυμίαν
3274 3879 3635 3949 ἀνεχομένην,

2050 3976 2187 4029 ἀλλά
2238 3976 2338 4029 καὶ
2392 3972 2789 4043 στιλόουμένην
2844 3971 2945 4042 ήδη
3006 3972 3306 4042 ῥομφαίαν,
3341 3974 3436 4026 καὶ
3476 3972 3636 4038 τόξον

2051 4069 2174 4121 κατ’
2208 4064 2372 4119 αὐτοῦ
2404 4064 2797 4134 ὲντεινόμενον,
2823 4063 3228 4133 έτοιμαζόμενα
3248 4063 3304 4117 δὲ
3332 4062 3427 4117 καί
3461 4066 3636 4136 σκεύη

2051 4158 2287 4213 θανάτου
2318 4173 2335 4189 ο
2364 4156 2478 4210 τῶν
2513 4154 2776 4225 μαθητῶν
2800 4155 2899 4208 ἕνα
2923 4155 3160 4219 καλέσας
3184 4150 3271 4226 (ἦν
3300 4155 3357 4209 δὲ
3393 4158 3426 4226 ἡ
3459 4157 3639 4226 μεγά-

2049 4250 2118 4320 λη
2145 4248 2243 4303 τοῦ
2281 4246 2545 4319 μυστικοῦ
2590 4245 2831 4309 δείπνου,
2864 4246 3084 4316 καὶτῆς
3113 4247 3253 4318 ὑπὲρ
3297 4247 3458 4317 ἡμῶν
3500 4249 3640 4317 Χρι-

2052 4343 2180 4396 στοῦ
2209 4341 2564 4414 παραδόσεως
2592 4340 2693 4395 καὶ
2723 4340 3036 4411 οἰκονομίας
3062 4341 3269 4411 ἡμέρα)
3296 4341 3396 4411 τὴν
3430 4341 3639 4411 πικρὰν

2048 4434 2269 4505 εκείνην
2295 4433 2373 4503 τῷ
2398 4430 2569 4502 ἀθλίῳ
2603 4430 2799 4503 μηνύει
2820 4437 2994 4505 τομὴν
3027 4431 3376 4506 (τηνικαῦτα
3408 4432 3515 4502 γάρ
3553 4429 3639 4502 τῷ

2053 4525 2449 4597 πνεύματικαί
2480 4521 2651 4593 αὐτὴν
2688 4521 3040 4591 ἐπαγομένην
3103 4520 3291 4592 ἑώρα)
3352 4523 3641 4595 εἴσπραξιν

354 4627 464 4689 est)
484 4621 646 4692 jubet
669 4619 981 4692 signiﬁcare
1026 4619 1233 4674 misere
1258 4618 1371 4682 isti,
1399 4618 1630 4673 acerbos
1658 4618 1783 4673 illos
1812 4634 1939 4673 cru-

2049 4620 2205 4691 αὐτῷ
2229 4621 2331 4689 τῆς
2364 4616 2572 4684 πολλῆς
2602 4605 2823 4669 ἔσεσθαι
2847 4614 3083 4680 ἀδικίας,
3110 4608 3181 4685 ἧς
3212 4613 3394 4667 λαλῶν
3439 4617 3520 4678 εἰς
3565 4617 3630 4670 τδ

353 4713 713 4788 ciatus(quos
733 4715 847 4786 jam
882 4723 995 4769 tum
1053 4711 1254 4782 spiritu
1319 4710 1655 4779 praavidebat
1714 4710 1794 4765 illi
1829 4711 1937 4767 im-

354 4808 622 4880 pendere)
652 4808 852 4864 ultioni
874 4808 1095 4863 futuros
1133 4821 1235 4876 pro
1288 4804 1502 4860 crebris
1558 4807 1934 4873 contumeliis,

354 4916 493 4972 quas
519 4900 817 4957 eﬂ'utiisset
849 4909 1045 4956 contra
1091 4896 1460 4961 Altissimum,
1520 4896 1575 4950 in
1626 4897 1745 4968 ipso
1794 4900 1938 4956 cmle

356 5001 607 5048 statuens
630 5008 695 5050 es
724 5007 907 5049 suum.
952 4991 1011 5047 ld
1063 4997 1252 5045 autem
1314 4991 1637 5046 renuntiare
1677 4991 1932 5063 jubebat,

354 5096 466 5136 non
491 5083 637 5151 quod
667 5089 889 5153 putaret
920 5079 1057 5144 fore,
1094 5089 1155 5135 ut
1185 5079 1448 5150 deinceps
1499 5080 1807 5139 abstineret
1829 5083 1939 5149 (vi-

355 5174 522 5231 debat
541 5189 780 5246 namque
811 5172 1294 5228 inconvertibilem
1338 5187 1484 5237 esse,
1535 5186 1700 5245 atque
1755 5175 1938 5231 immi-

353 5281 487 5322 nere
512 5267 627 5338 jam
664 5264 1144 5329 comminationes,
1193 5272 1250 5319 et
1276 5263 1436 5319 brevi
1489 5264 1804 5338 aﬂ‘uturas).
1838 5266 1933 5321 sed

360 5365 420 5413 ut
451 5356 650 5413 similis
681 5355 873 5410 farinae
926 5362 981 5409 et
1020 5353 1364 5410 inﬁdelitatis
1420 5355 1742 5412 hominibus
1802 5372 1930 5414 cor-

355 5447 596 5521 rigentia:
626 5447 755 5502 vitae
804 5446 1056 5517 exemplo
1104 5454 1269 5512 esset,
1324 5463 1545 5503 causam
1616 5449 1936 5520 justissima;

355 5541 601 5597 caelitum
632 5546 825 5594 contra
848 5538 1025 5608 ipsum
1060 5539 1153 5595 ira!
1174 5548 1231 5596 et
1276 5539 1550 5596 immissas
1582 5557 1773 5610 pmnas
1821 5558 1931 5597 non

356 5631 764 5705 ignorantibus.
807 5631 1302 5703 lgiturdiscipulus
1330 5633 1432 5686 iste
1456 5633 1513 5687 in
1563 5633 1933 5690 celeberrimo

354 5722 514 5777 urbis
533 5722 656 5777 loco
707 5722 987 5778 hominem
1013 5723 1325 5787 inveniens,
1357 5724 1565 5779 habere
1593 5740 1674 5791 sc,
1731 5726 1929 5794 inquit,

351 5812 502 5883 quod
532 5816 753 5870 nuntiet
801 5830 831 5870 a
870 5814 1162 5888 Symeone.
1205 5815 1454 5886 Cumque
1492 5816 1783 5887 juberetur
1839 5834 1934 5874 ce-

355 5917 472 5961 ram
501 5906 859 5975 pt'zesentibus
893 5908 1145 5976 edicere;
1186 5923 1308 5979 quae
1358 5907 1627 5978 imperata
1668 5918 1825 5967 erant
1876 5910 1933 5967 in

2049 4713 2185 4783 ὕψος
2232 4708 2323 4783 ἦν,
2351 4711 2449 4765 καὶ
2478 4712 2561 4774 εἰς
2588 4708 2819 4778 οὐρανὸν
2860 4706 2922 4760 τὸ
2953 4708 3133 4778 στόμα
3158 4709 3441 4779 τιθέμενος
3477 4722 3492 4739 ο
3533 4710 3637 4781 οὐχ

2048 4807 2116 4862 ἵν’
2149 4807 2360 4860 ἐκεῖνον
2389 4803 2728 4874 ἀποσχέσθαι
2769 4801 3170 4874 παρασκευάσῃ
3202 4802 3340 4872 (ᾔδει
3362 4802 3471 4873 γὰρ
3497 4803 3636 4874 ἁμε-

2045 4899 2289 4960 ταθέτως
2318 4897 2534 4968 ἔχοντα,
2570 4896 2938 4965 ἔφεστηκυῖαν
2970 4894 3025 4947 δὲ
3053 4893 3157 4964 ἤδη
3189 4896 3282 4948 καί
3312 4896 3412 4965 τὴν
3469 4897 3634 4949 ἀπει-

2044 4993 2163 5063 λὴν,
2206 4991 2302 5044 καὶ
2367 4989 2489 5043 οὐδὲ
2545 4986 2715 5057 βραχὺ
2766 4986 3181 5056 ἀναδυομένην),
3210 4986 3326 5040 ἀλλ’
3385 4987 3472 5042 ἶνα
3519 4989 3637 5053 τοῖς

2043 5081 2247 5150 ὁμοίως
2280 5079 2497 5149 ἔχουσιν
2521 5076 2780 5138 ἀπιστίας
2812 5075 3099 5146 διόρθωσις
3132 5076 3381 5148 γένηται,
3409 5077 3510 5148 τὴν
3543 5078 3633 5131 αἰ-

2044 5174 2167 5227 τίαν
2196 5173 2297 5243 τῆς
2327 5170 2533 5227 ἀνωθεν
2559 5170 2679 5224 κατ’
2704 5169 2871 5223 αὐτοῦ
2898 5169 3113 5233 δικαίας
3136 5170 3307 5240 ὀργῆς
3335 5171 3430 5223 καὶ
3458 5187 3634 5239 τιμω-

2047 5267 2171 5337 ρίας
2208 5265 2311 5318 οὐκ
2343 5263 2699 5332 ἀγνοήσασιν.
2744 5262 2807 5314 '0
2845 5261 2944 5329 μὲν
2972 5260 3068 5316 οῦν
3101 5261 3353 5332 μαθητὴς
3401 5263 3462 5314 ὲν
3502 5264 3632 5315 ἐπι-

2046 5355 2207 5427 σήμῳ
2242 5354 2344 5425 τῆς
2373 5353 2580 5416 πόλεως
2614 5352 2780 5407 αὐτὸν
2808 5351 3084 5424 εὑρηκὼς,
3108 5353 3254 5424 ἔχειν
3279 5370 3335 5407 τι
3357 5352 3513 5424 παρά
3531 5353 3631 5424 τοῦ

2045 5446 2193 5501 θείου
2253 5444 2479 5516 Συμεὼν
2529 5444 2679 5513 αὐτῷ
2728 5444 3065 5511 ἀπαγγεῖλαι
3107 5439 3265 5499 εἶπεν
3291 5459 3304 5474 ·
3337 5444 3367 5498 ὃ
3396 5445 3493 5498 ἐπὶ
3520 5443 3632 5497 τῶν

2044 5539 2332 5611 παρόντων
2360 5536 2579 5590 ἐκέλευε
2603 5535 2804 5603 λέγειν.
2833 5534 2944 5588 Καὶ
2971 5536 2998 5588 ὁ
3029 5535 3131 5606 μὲν
3161 5536 3307 5606 ἆπερ
3342 5536 3631 5590 ἐντέταλτο

2044 5634 2281 5703 εἰρήκει,
2319 5634 2348 5686 ὁ
2399 5630 2457 5684 δὲ
2509 5629 2614 5683 ὑπὸ
2653 5628 2909 5698 δαίμονος
2974 5628 3177 5693 εὐθέως
3222 5630 3625 5701 καταρραγεὶς.

2042 5724 2232 5784 δεινῶς
2257 5741 2316 5777 τε
2339 5721 2768 5793 διασπαραχθείς
2799 5719 2891 5773 ὑπ’
2917 5720 3106 5787 αὐτοῦ,
3138 5722 3402 5791 αἰσχρῶς,
3441 5720 3618 5793 οἴμοιί

2043 5818 2137 5872 καὶ
2169 5817 2267 5884 τῆς
2319 5814 2689 5883 ὲκδεξαμένης
2720 5815 2885 5868 αὐτὸν
2910 5813 3186 5877 κολάσεως
3216 5814 3384 5881 ἀξίως
3412 5815 3470 5867 ὲν
3500 5813 3627 5886 ὕψει

2044 5908 2262 5967 πάντων
2294 5908 2666 5977 καταστρέφει
2698 5908 2787 5962 τδν
2818 5907 2952 5977 βίον.
