4018 6386
285 461 439 529 3193

1330 451 1495 515 VITA
1528 452 1577 510 Α
1612 448 2055 512 NICEPHORO
2090 447 2579 510 CONSCRIPTA.

3436 447 3576 513 310i

288 577 548 634 medium
583 572 833 647 protulit.
874 572 1016 627 Ecce
1049 575 1233 625 autem
1265 567 1434 621 miser
1466 565 1558 620 ille
1613 563 1880 619 continuo
1917 569 2079 617 terrae
2143 560 2333 616 aliisus
2393 559 2805 629 crudeliterque
2848 560 3161 630 discerptus
3213 575 3241 614 a
3304 560 3579 620 daemone.

290 679 357 725 et
393 670 613 741 dignam
673 664 981 723 sceleribus
1033 662 1303 718 ultionem
1354 656 1659 728 excipiens,
1713 656 1883 709 vitam
1923 668 2051 708 cum
2086 653 2620 723 morte'turpissima
2658 652 3039 706 commutavit.

1706 794 1934 853 CAPUT
1973 795 2212 852 XXVIII.

1294 916 1522 985 Integris
1573 913 1792 984 familiis
1826 911 1997 966 multa
2053 907 2303 976 beneﬁcia
2337 909 2559 979 confert.

371 1018 504 1073 σκε’.
529 1020 782 1089 Ἰσαυρος
808 1019 863 1071 δέ
888 1035 992 1083 τις,
1016 1019 1187 1089 ὄνομα
1211 1018 1420 1082 Κόνων,
1449 1019 1510 1071 ού
1533 1015 1758 1087 χαλεπῷ
1776 1014 1885 1068 δαί-

2063 1025 2193 1080 2‘25.
2229 1023 2453 1079 lsaurus
2479 1022 2700 1091 aliquis,
2742 1032 3097 1093 nuncupatus
3121 1023 3336 1091 Conon,
3362 1028 3578 1083 crucia.-

294 1129 426 1181 μονι
460 1112 745 1183 πέπληκτο
782 1111 965 1181 μόνον,
992 1111 1128 1166 ἀλλὰ
1152 1112 1242 1166 καὶ
1264 1113 1355 1166 τὸν
1374 1110 1719 1183 ἀστράγαλον
1740 1109 1890 1163 ἐλκει

289 1202 524 1278 πονηρῷ
547 1246 561 1270 ,
583 1206 661 1267 ὡς
691 1203 771 1275 τῷ
799 1205 899 1273 μὲν
927 1204 1337 1274 διαμασσᾶσθαι
1366 1203 1465 1275 τὴν
1490 1202 1761 1272 γλῶτταν,
1791 1202 1892 1254 ὅσα

289 1297 394 1349 καὶ
417 1296 582 1365 ἄρτον
604 1295 776 1365 αὐτὴν
797 1294 1069 1361 ἐσθίοντα,
1093 1296 1170 1364 τῷ
1191 1295 1248 1349 δέ
1271 1294 1568 1363 σεσηπέναι
1589 1294 1650 1346 τὸ
1676 1290 1895 1372 σκέλος,

289 1386 521 1458 σαρκῶν
533 1403 594 1439 τε
615 1385 685 1441 τὰ
706 1388 842 1439 ὀστᾶ
856 1385 1269 1456 γεγυμνῶσθαι,
1284 1384 1377 1437 καί
1391 1401 1445 1437 τι
1461 1383 1699 1444 δυσῶδες
1713 1380 1895 1436 αὐτῶν

289 1482 567 1535 ἀποπνεῖν
594 1478 671 1542 ὡς
703 1479 837 1549 μηδέ
863 1478 1101 1548 φορητὸν
1125 1474 1268 1530 εἶναι
1296 1477 1585 1547 ὀσφρήσει.
1615 1469 1781 1537 Οὗτος
1808 1476 1893 1526 ἰα-

289 1576 447 1644 τροῖς
463 1574 533 1628 τὰ
546 1574 676 1628 ὄντα
692 1573 1143 1646 προσαναλώσας,
1158 1573 1232 1637 ώς
1249 1573 1356 1627 οὐδ’
1372 1571 1551 1626 ὁτιοῦν
1565 1571 1749 1633 αὐτοῖς
1766 1570 1896 1625 ἄλλο

292 1669 439 1739 πρὸς
466 1667 766 1737 θεραπείαν
795 1670 828 1739 ή
855 1669 1018 1738 τέχνη
1048 1670 1330 1738 παρεῖχεν,
1356 1667 1439 1720 ὅτι
1472 1666 1550 1736 μὴ
1593 1664 1894 1735 πρισθέντα

289 1762 395 1814 τὸν
433 1761 568 1815 πόδα
607 1762 866 1832 κοπῆναι,
890 1761 1043 1832 παρὰ
1066 1761 1157 1814 τδν
1191 1761 1336 1814 θεῖον
1374 1758 1770 1828 ἀνακομίζεται
1787 1758 1893 1810 Συ-

297 1852 544 1925 μεὼν,δν
560 1853 623 1925 δή
649 1871 751 1907 που
777 1853 871 1907 καὶ
896 1853 1056 1923 μόνον
1075 1853 1310 1906 ἀνιάτων
1328 1851 1445 1923 ᾔδει
1467 1850 1658 1904 παθῶν
1684 1850 1890 1922 ἰατρόν.

296 1945 505 1998 τοῦτον
526 1945 672 2007 ὅπως
698 1945 948 2007 ἐλεεινῶς
970 1940 1116 2014 εῖχεν
1138 1946 1346 2006 ἐκεῖνος
1371 1940 1514 2008 ἰδὼν,
1531 1942 1722 2010 πράως
1746 1958 1805 1994 τε
1826 1944 1892 2013 τῇ

296 2037 460 2109 βατνῃ
487 2036 668 2109 ῥάϐδῳ
690 2036 920 2108 πλήξας,
939 2039 1031 2091 ἐπὶ
1052 2037 1159 2089 τῶν
1183 2034 1400 2088 οίκείων
1424 2033 1601 2087 ποδῶν
1622 2032 1892 2103 ἐπέτρεψε

297 2131 494 2200 στῆναι
510 2146 524 2162 ’
548 2129 642 2183 καὶ
667 2133 1011 2200 παραχρῆμα
1032 2128 1067 2199 ἦ
1089 2144 1149 2181 τε
1174 2125 1407 2180 δυσωδία
1429 2124 1675 2190 ἔσϐεστο,
1690 2124 1785 2177 καὶ
1803 2141 1895 2189 πο,

1993 1116 2156 1171 batur
2181 1130 2289 1169 non
2323 1115 2501 1169 solum
2531 1115 2599 1168 ab
2630 1111 2839 1182 infesto
2872 1115 3140 1182 daemone,
3170 1133 3364 1173 verum
3407 1121 3573 1175 etiam

1992 1225 2023 1264 a
2046 1206 2252 1263 difﬁcili
2283 1209 2340 1263 in
2375 1209 2486 1263 talo
2509 1208 2728 1272 ulcere;
2770 1223 2947 1278 usque
2978 1208 3119 1264 adeo
3147 1217 3209 1264 ut
3261 1211 3576 1276 mandendo

1988 1300 2235 1370 linguam
2265 1298 2417 1354 velut
2446 1314 2643 1369 panem
2661 1299 3015 1363 comederet;
3042 1309 3392 1369 putresceret
3421 1317 3572 1365 crus,

1990 1408 2115 1447 ossa
2145 1391 2586 1447 destituerentur
2617 1406 2805 1455 carne,
2839 1400 2897 1445 et
2940 1390 3177 1446 fetorem
3229 1394 3580 1463 exspirarent

1993 1484 2220 1539 naribus
2254 1484 2680 1538 intolerabilem.
2712 1484 2807 1538 llle
2848 1482 3142 1553 absumpta
3186 1485 3337 1539 omni
3374 1486 3431 1540 in
3465 1502 3581 1541 me-

1990 1578 2145 1632 dicos
2166 1576 2493 1642 substantia,
2528 1592 2655 1631 cum
2678 1576 2816 1630 nihil
2837 1576 3144 1646 quidquam
3201 1578 3423 1633 illorum
3454 1588 3576 1635 arte

1991 1669 2284 1739 proﬁceret
2310 1668 2378 1722 ad
2401 1668 2716 1732 sanitatem,
2740 1668 2849 1723 nisi
2877 1668 3027 1738 quod
3076 1669 3369 1738 praecisum
3424 1686 3580 1727 serra

1988 1761 2187 1833 pedem
2217 1758 2470 1815 dicerent
2504 1758 2930 1828 amputandum,
2958 1759 3244 1814 transtulit
3270 1775 3332 1815 se
3358 1761 3425 1815 ad
3451 1777 3582 1817 sau-

1983 1864 2133 1911 ctum
2156 1853 2511 1926 Symeonem,
2551 1866 2716 1923 quem
2766 1852 2950 1907 solum
3006 1861 3241 1907 noverat
3295 1853 3580 1909 incurabi-

1987 1943 2124 1997 lium
2167 1943 2487 1998 morborum
2532 1942 2831 1998 medicum.
2891 1944 3050 1998 Hunc
3098 1950 3209 1997 tam
3274 1944 3578 2003 miserabili

1989 2037 2047 2091 in
2101 2046 2248 2092 statu
2305 2038 2549 2107 positum
2600 2052 2835 2092 cernens
2888 2036 3004 2103 ille,
3032 2052 3159 2091 cum
3205 2036 3423 2107 palmea
3477 2054 3579 2095 sua

1988 2128 2143 2200 virga
2177 2128 2543 2199 percussisset
2573 2128 2793 2193 leniter,
2816 2128 3073 2184 hortatus
3096 2138 3203 2194 est,
3240 2138 3301 2184 ut
3337 2129 3577 2199 pedibus

295 2227 385 2280 σὶν
404 2227 432 2280 ὁ
456 2225 680 2295 κάμνων
698 2225 897 2294 ἐχρῆτο
920 2226 1015 2277 καὶ
1037 2222 1275 2290 ἀσφαλεῖ
1295 2220 1610 2291 βαδίσματι.
1638 2215 1770 2272 Εἶτα
1801 2219 1885 2287 ἐγ-

1989 2221 2108 2276 suis
2135 2229 2345 2276 staret:
2379 2228 2436 2277 et
2464 2221 2731 2275 continuo
2755 2220 2896 2276 abiit
2960 2220 3360 2291 graveolentia,
3404 2231 3575 2293 atque

292 2317 555 2385 γίσαντος
573 2315 723 2385 αὐτῷ
738 2315 838 2384 τῆς
857 2315 1100 2383 κεφαλῆς
1122 2313 1424 2383 ἁψάμενος,
1440 2311 1534 2364 καὶ
1556 2311 1885 2378 σφραγίσας,

1989 2327 2132 2381 :eger
2149 2311 2388 2383 pedibus
2413 2313 2530 2367 suis
2559 2322 2615 2366 et
2637 2312 2863 2382 quidem
2899 2312 3074 2367 firmis
3102 2311 3170 2367 ad
3201 2327 3398 2368 secure
3445 2329 3577 2383 gra-

308 2409 401 2460 Ἐν
424 2407 648 2477 ὀνόματι
673 2406 766 2461 τοῦ
803 2407 1007 2477 Κυρίου
1037 2406 1131 2460 καὶ
1158 2404 1294 2458 Θεοῦ
1325 2404 1418 2457 καὶ
1452 2403 1705 2474 Σωτῆρος
1731 2402 1885 2472 ἡμῶν

1993 2405 2257 2459 diendum
2286 2414 2372 2460 est
2403 2420 2559 2460 usus.
2604 2404 2814 2459 Deinde
2862 2404 3094 2473 prepius
3146 2404 3466 2459 accedentis
3507 2404 3579 2461 ad

307 2500 488 2573 Ἰησοῦ
521 2499 784 2571 Χριστοῦ,
810 2500 1090 2554 ἐπιτάσσω
1122 2515 1203 2551 σοι
1232 2496 1309 2567 τῷ
1337 2496 1560 2566 πονηρῷ
1591 2494 1885 2565 πνεύματι,

1991 2513 2049 2551 se
2072 2505 2238 2566 caput
2296 2496 2478 2567 tetigit
2505 2504 2731 2550 sanctus
2773 2503 2941 2564 atque
2991 2496 3229 2566 signavit
3261 2495 3481 2551 dicens:
3517 2495 3580 2551 In

294 2595 424 2664 ἔφη,
447 2592 684 2657 ἐξελθεῖν
715 2590 809 2644 τοῦ
844 2588 1134 2658 ἀνθρώπου
1169 2587 1379 2651 τούτου,
1406 2588 1501 2640 καὶ
1527 2586 1722 2656 μηκέτι
1748 2585 1885 2655 πρὸς

1990 2589 2213 2643 nomine
2246 2587 2465 2641 Domini
2499 2594 2557 2642 et
2599 2586 2694 2641 Dei
2727 2594 2894 2656 atque
2920 2586 3222 2643 Salvatoris
3251 2588 3426 2643 nostri
3445 2586 3575 2643 Jesu

294 2686 461 2739 αὐτὸν
475 2685 641 2737 ἁναστ
650 2683 829 2754 ρέψαι;
844 2683 903 2737 '0
927 2683 1022 2752 μὲν
1040 2681 1131 2734 οὖν
1148 2680 1357 2751 δαίμων
1374 2679 1534 2744 εὐθὺς
1551 2677 1882 2749 ἀπελήλατοο

1989 2679 2196 2735 Christi
2225 2678 2484 2748 praecipio
2516 2678 2639 2742 tibi,
2681 2677 2920 2747 maligne
2946 2678 3197 2747 spiritus,
3231 2686 3295 2733 ut
3340 2679 3580 2736 facessas

292 2781 362 2851 τῇ
388 2777 443 2831 δὲ
465 2775 559 2829 τοῦ
589 2775 743 2840 ποδὸς
777 2774 959 2847 πληγῇ
986 2774 1084 2844 τῆς
1108 2773 1316 2836 οίκείας
1344 2772 1653 2826 ἐπιϐάλλειν
1684 2769 1885 2833 κόνεως

1989 2786 2059 2826 ex
2094 2769 2199 2824 hoc
2249 2768 2496 2832 homine,
2543 2776 2601 2821 et
2659 2781 2940 2835 nunquam
2990 2766 3233 2837 amplius
3290 2766 3348 2822 in
3394 2767 3580 2838 ipsum

294 2869 513 2923 κελεύει
542 2868 620 2939 τῷ
644 2867 861 2938 τυχόντι
906 2868 1007 2937 τῆς
1056 2866 1381 2939 θεραπείαςο
1411 2866 1532 2935 ἥτις
1573 2864 1782 2933 σάρκας
1823 2878 1885 2915 τε

1991 2863 2258 2916 introeas.
2303 2860 2581 2929 Expulsus
2607 2860 2794 2928 itaque
2815 2859 3002 2913 statim
3047 2868 3133 2914 est
3166 2860 3403 2915 dmmon.
3436 2860 3578 2916 Tum

295 2960 486 3030 ἔφυσε,
514 2961 610 3015 καὶ
649 2960 825 3031 δέρμα
864 2961 950 3013 ἐπ’
982 2959 1152 3023 αὑτὰς
1197 2959 1451 3023 ἐξέτεινε,
1479 2956 1574 3009 καὶ
1619 2953 1779 3025 ὑγιὴς
1826 2955 1884 3006 ἐν

1988 2954 2321 3026 jussitillum
2344 2952 2562 3007 vulneri
2589 2950 2753 3021 pedis
2812 2951 3022 3021 aliquid
3082 2953 3329 3021 pulveris
3369 2954 3455 3008 sui
3491 2954 3580 3008 in-

297 3053 494 3126 βρακεῖ
517 3055 547 3107 ὁ
566 3052 758 3126 πρώην
780 3052 1170 3122 ἀθεραπεύτως
1194 3052 1355 3122 ἔχων,
1380 3051 1515 3120 αὐτῇ
1544 3049 1763 3118 γυναικὶ
1785 3046 1882 3100 καὶ

1992 3045 2641 3118 ερετεοτοςιιιιοειειίιη
2702 3044 2756 3099 ei
2812 3054 3004 3099 renata
3035 3060 3169 3100 caro
3223 3055 3281 3100 et
3336 3047 3580 3102 obducta

293 3146 635 3217 προσήκουσι
663 3146 760 3202 καὶ
786 3144 891 3213 ὅλῳ
922 3144 1109 3216 σχεδὸν
1143 3145 1423 3199 ἐπάνεισιν
1450 3142 1604 3214 οἴκῳ.

1992 3136 2153 3206 pellis
2176 3143 2295 3189 est:
2337 3129 2502 3203 atqu'e
2532 3133 2688 3188 brevi
2720 3144 3048 3203 persanatus
3098 3133 3167 3189 ad
3207 3149 3456 3200 uxorem,
3510 3136 3580 3191 ad

290 3229 654 3298 propinquos,
708 3227 777 3281 ad
851 3227 1115 3282 familiam
1178 3228 1495 3283 universam
1542 3226 1738 3290 rediit,
1789 3224 1884 3297 qui
1919 3227 2082 3297 paulo
2112 3234 2239 3281 ante
2267 3225 2591 3281 incurabilis
2635 3225 2968 3281 habebatur.

364 3324 513 3384 σκς⁹.
547 3318 731 3374 Ἱκανά
763 3318 860 3387 μὲν
880 3318 974 3373 οὖν
1003 3316 1063 3373 εὖ
1088 3315 1204 3374 οἴδα
1235 3321 1395 3390 κόρον
1418 3322 1609 3383 ἀκοαῖς
1643 3322 1881 3377 ἐνθεῖναι

288 3413 360 3467 τὰ
388 3412 676 3485 εἰρημένα,
703 3411 838 3466 ἀλλᾶ
863 3413 1076 3483 σιωπῆς
1094 3412 1195 3465 οὐκ
1227 3412 1353 3479 ἄξια
1380 3413 1544 3467 πάλιν
1566 3416 1636 3468 τά
1658 3414 1882 3483 ἐφεξῆς.

289 3503 593 3567 Νεανίσκος
622 3503 731 3574 γάρ
756 3520 839 3566 τις
864 3503 928 3556 ὲκ
966 3501 1161 3573 κώμης
1189 3502 1495 3567 Καλλινέας
1516 3504 1881 3575 καλουμένης,

2059 3319 2187 3375 226.
2212 3320 2346 3388 Quae
2378 3320 2651 3376 hactenus
2673 3320 2820 3376 dicta
2880 3329 3012 3376 sunt
3068 3320 3211 3376 bene
3264 3321 3457 3386 multa,
3486 3337 3581 3376 sa-

1992 3412 2237 3469 tietatem
2256 3413 2417 3468 vobis
2444 3413 2811 3484 ingesserunt,
2839 3412 2955 3467 scio
2983 3430 2996 3466 :
3045 3423 3425 3468 verumtamen
3455 3428 3581 3483 qua:

1988 3507 2321 3574 sequuntur,
2356 3503 2745 3574 praetereunda
2800 3503 3023 3558 silentio
3064 3519 3177 3558 non
3226 3511 3374 3559 sunt.
3413 3503 3582 3559 Juve-

288 3594 566 3668 Γεώργιος
600 3594 793 3665 ὄνομα,
829 3594 1089 3649 σκάπτων
1120 3595 1178 3647 ἐν
1201 3593 1526 3657 οἰκοπέδοις,
1554 3595 1659 3664 μνή
1670 3594 1799 3665 μοιτί
1823 3612 1883 3647 τε

1991 3594 2079 3648 nis
2103 3593 2328 3662 quidam
2359 3610 2427 3648 ex
2452 3609 2614 3664 pago.
2645 3592 2740 3662 qui
2766 3593 3074 3648 vocabatur
3102 3593 3384 3651 Callinea:
3438 3595 3578 3665 ipse,

289 3686 626 3758 περιτυχὼν,
671 3687 769 3741 καὶ
796 3687 955 3740 τοῦτο
988 3685 1262 3758 διορύξας,
1298 3685 1473 3739 ἐλπίδι
1504 3684 1601 3739 τοῦ
1637 3686 1880 3756 κρυπτό-

1988 3683 2283 3754 Georgius;
2318 3684 2521 3738 rudera
2554 3685 2754 3739 domus
2785 3699 3014 3747 eruens,
3058 3685 3204 3739 forte
3256 3685 3481 3741 fortuna
3517 3688 3575 3742 in

292 3794 458 3850 μενον
480 3778 623 3849 τάχα
646 3778 919 3851 θησαυρὸν
943 3778 1211 3851 ἀνευρεῖν,
1240 3778 1457 3847 δαίμονι
1480 3777 1705 3850 χαλεπῷ
1729 3796 1793 3833 πε
1805 3796 1887 3850 ρι-

289 3870 482 3925 πίπτει
502 3872 621 3941 (τῆς
645 3871 798 3942 δίκης
822 3869 1011 3944 ὥσπερ
1044 3873 1248 3928 ἀνεκτὰ
1278 3874 1534 3944 θεμένης,
1558 3876 1605 3928 εί
1637 3874 1709 3945 μὴ
1736 3873 1886 3947 παρὰ

287 3959 462 4023 πόδας
493 3959 702 4013 ἐποίσει
733 3961 829 4015 καὶ
858 3962 1172 4035 τιμωρίαν),
1202 3964 1297 4017 καί
1325 3981 1478 4028 τινας
1501 3959 1589 4018 οἷα
1618 3967 1885 4034 γυναῖκας

290 4050 420 4106 ἰδὼν
470 4051 618 4124 αύτῷ
665 4053 1104 4123 συμπλακείσας,
1136 4056 1526 4126 μυκησάμενος
1563 4058 1706 4111 κατὰ
1734 4057 1882 4128 βοῦν,

286 4145 371 4207 είς
396 4144 501 4215 γῆν
525 4146 848 4217 κατερράγη
869 4161 884 4176 ·
911 4146 972 4211 ἐξ
990 4147 1203 4201 ἐκείνου
1226 4147 1408 4201 τοίνυν
1436 4149 1635 4202 ὁπόσαι
1664 4148 1881 4216 νύκτες,

290 4237 620 4309 ριπτόμενος
647 4236 850 4306 ὁμοίως
872 4238 952 4300 εἰς
980 4238 1176 4308 ἔδαφος
1202 4241 1296 4292 καὶ
1323 4240 1770 4310 σπαραττόμενος
1793 4236 1881 4313 ἦν,

286 4327 467 4398 ἀφροῦ
480 4326 558 4382 ’τε
587 4328 948 4400 παραπτύων,
978 4332 1073 4384 κα1⁵
1102 4331 1171 4385 τὰ
1198 4331 1348 4385 ἔνδον
1378 4332 1881 4404 ἀναϐρασσόμενος.

296 4418 623 4491 ⁹Υπανῆπτε
671 4421 729 4475 δὲ
768 4420 919 4492 αὐτῷ
948 4422 1042 4476 καὶ
1072 4423 1406 4494 ζηλοτυπίας
1445 4425 1537 4477 ἐπὶ
1562 4428 1626 4496 τῇ
1662 4428 1885 4494 γυναικὶ

285 4509 494 4581 φλόγας
550 4512 579 4565 ὀ
612 4513 829 4585 μιαρὸς,
866 4514 1119 4586 καθάπερ
1148 4515 1287 4585 αὐτῇ
1324 4514 1719 4585 συνεληλυθὼς,
1747 4517 1885 4589 ὅπερ

281 4597 355 4674 ἦν
398 4602 547 4674 αὑτῷ
594 4604 697 4674 τῆς
757 4606 1047 4678 συμφορᾶς
1106 4606 1167 4658 τὸ
1214 4605 1539 4676 βαρύτατον.
1585 4607 1701 4660 Ούκ
1744 4607 1885 4677 ἔχων

282 4690 381 4750 οὖν
414 4696 443 4750 ὅ
470 4695 524 4748 τί
551 4713 681 4749 ποτε
706 4696 834 4751 ἄλλο
864 4699 1000 4768 πρὸς
1023 4696 1196 4751 κακὸν
1229 4696 1548 4767 τηλικοῦτον
1577 4699 1881 4771 ἐπινοήσει,

284 4787 602 4861 προσελθὼν
624 4792 690 4863 τῇ
714 4788 809 4844 τοῦ
838 4790 1077 4860 μεγάλου
1113 4791 1319 4856 στάσει,
1352 4791 1533 4863 ῥίπτει
1578 4791 1723 4845 κατὰ
1780 4792 1884 4863 γῆς

284 4879 503 4947 ἑαυτὸν,
535 4881 635 4945 τὰς
673 4881 1055 4952 κατασχούσας
1102 4881 1265 4962 αὐτὸν
1293 4882 1701 4954 ἀποδυρόμενος
1744 4899 1885 4954 συμ-

286 4974 483 5045 φοράς.

1985 3788 2408 3831 monumentum
2436 3777 2650 3841 incidit,
2679 3777 2828 3847 quod
2863 3777 2958 3831 ubi
2988 3776 3257 3832 etl‘oderat
3292 3793 3389 3848 spe
3417 3794 3576 3849 repe-

1986 3868 2165 3924 riendi
2199 3869 2462 3924 latentem
2496 3869 2839 3934 thesaurum,
2878 3868 2947 3923 ab
2974 3867 3178 3923 infesto
3201 3868 3450 3925 daemone
3479 3885 3578 3927 oc-

1984 3970 2219 4032 cupatus
2246 3969 2335 4017 est
2369 3961 2549 4031 (quasi
2586 3961 2754 4015 nimis
2804 3961 2942 4016 levis
2977 3960 3167 4015 futura
3220 3969 3372 4016 esset
3433 3962 3577 4018 ultio

1985 4070 2108 4124 quae
2135 4069 2247 4108 non
2279 4054 2426 4108 illico
2456 4068 2673 4123 poenam
2696 4053 3024 4122 intulisset),
3066 4059 3125 4106 et
3173 4053 3439 4122 quasdam
3475 4069 3578 4109 ve-

1984 4147 2086 4202 luti
2113 4147 2378 4202 mulieres
2412 4146 2592 4216 ipsum
2624 4146 3059 4216 complectentes
3094 4145 3333 4201 intuitus
3378 4160 3444 4200 ac
3472 4145 3576 4201 bo-

1984 4240 2070 4295 vis
2089 4239 2265 4295 instar
2296 4238 2468 4295 edens
2498 4238 2791 4309 mugitum,
2820 4238 2876 4292 in
2904 4247 3108 4293 terram
3138 4252 3385 4308 praeceps
3409 4238 3575 4295 datus

1986 4342 2071 4386 est
2115 4351 2131 4390 :
2173 4332 2337 4404 idque
2400 4330 2604 4385 exinde
2635 4346 2736 4401 per
2759 4329 3008 4400 singulas
3037 4330 3331 4385 accidebat
3358 4338 3570 4396 noctes;

1985 4423 2316 4477 allidebatur
2348 4422 2497 4477 enim
2524 4422 2692 4477 simili
2724 4422 2891 4477 modo
2915 4432 3100 4488 terrae,
3129 4437 3194 4478 ac
3222 4422 3573 4478 dilaceraba-

1987 4524 2100 4580 tur,
2180 4522 2473 4585 spumante
2523 4529 2646 4580 ore,
2708 4515 3135 4585 visceribusque
3188 4515 3567 4570 aestuantibus.

1985 4604 2233 4677 Subjecit
2260 4621 2481 4677 quoque
2508 4605 2626 4676 ipse
2690 4606 2977 4679 zelotypize
3025 4607 3173 4662 faces
3203 4606 3419 4661 ratione
3440 4620 3579 4660 uxo-

1983 4699 2061 4754 ris
2097 4715 2334 4769 nequam
2362 4700 2611 4770 spiritus,
2639 4709 2897 4770 tanquam
2924 4701 2968 4755 si
3012 4700 3130 4770 ipse
3167 4715 3292 4755 cum
3320 4700 3411 4754 illa
3449 4715 3567 4754 rem

1985 4791 2305 4847 habuisset:
2346 4791 2402 4846 id
2453 4791 2605 4862 quod
2661 4792 2877 4846 homini
2916 4806 3234 4845 aerumnoso
3296 4792 3563 4846 aerumnis

1982 4883 2246 4940 omnibus
2297 4884 2521 4953 gravius
2562 4886 2869 4940 accidebat.
2936 4883 3189 4940 Tandem
3240 4897 3367 4938 cum
3425 4883 3575 4937 aliud

1984 4975 2218 5031 haberet
2239 4975 2381 5031 nihil
2402 4975 2551 5046 quod
2602 4984 2771 5032 tanta;
2836 4976 3135 5032 calamitati
3169 4976 3462 5046 obiiceret,
3500 4975 3570 5029 ad

284 5067 469 5139 magni
520 5066 811 5140 Symeonis
870 5067 1185 5124 columnam
1244 5069 1581 5141 procedens,
1640 5067 1870 5140 conjicit
1909 5081 2031 5122 sese
2059 5066 2114 5121 in
2135 5072 2365 5129 terram,
2392 5065 2733 5132 luctuosum,
2786 5066 2843 5121 in
2900 5083 3012 5137 quo
3036 5074 3155 5122 erat
3182 5071 3386 5120 statum
3414 5079 3577 5119 suum

285 5161 614 5215 lamentans.

359 5252 498 5320 σκζ¹.
522 5254 657 5318 Ταῖς
686 5253 854 5308 αὑτοῦ
912 5255 1092 5310 τοίνυν
1146 5256 1452 5328 ἱκετηρίαις
1500 5255 1876 5323 ἐπικλασθεὶς,

2053 5256 2180 5312 227.
2221 5255 2337 5311 Hoc
2368 5262 2478 5309 tam
2523 5252 2761 5324 supplici
2796 5252 2996 5325 agendi
3053 5250 3219 5307 modo
3262 5257 3580 5304 commotus

285 5347 521 5415 Παῦσαι,
549 5347 768 5417 ἀδελφὲ,
799 5347 1149 5421 ὀδυρόμενος,
1168 5349 1295 5421 ἔφη,
1332 5351 1425 5404 καὶ
1455 5349 1638 5403 οἴκαδε
1676 5350 1881 5420 μᾶλλον

285 5442 553 5515 ἐπάνηκε,
604 5439 700 5494 καὶ
732 5441 833 5495 οὐκ
864 5441 1192 5512 ἀστοχήσεις
1234 5441 1333 5511 τῆς
1367 5441 1686 5513 θεραπείας.
1733 5443 1791 5497 '0
1819 5443 1878 5497 δὲ

285 5535 383 5604 τὴν
424 5533 761 5603 ἐπαγγελίαν
794 5534 1048 5605 ἀσμένως
1087 5534 1401 5606 δεξάμενος,
1440 5533 1629 5607 ὥσπερ
1653 5535 1763 5611 ἤδη⁸
1782 5535 1877 5589 τοῦ

286 5625 625 5698 ποθουμένου
680 5625 860 5698 τυχὼν
910 5628 1174 5700 ἐπανῄειο
1232 5628 1328 5682 καὶ
1383 5627 1482 5700 τὴν
1541 5629 1638 5701 μὲν
1699 5630 1878 5685 οἰκίαν

285 5719 721 5788 καταλαμϐάνει,
751 5719 849 5793 τὴν
892 5724 1128 5789 γυναῖκα
1177 5721 1232 5775 δὲ
1276 5723 1374 5794 οὐχ
1427 5722 1691 5794 εὑρίσκει.
1742 5725 1873 5777 Ἀπ-

286 5810 420 5881 eam
448 5812 556 5883 γὰρ
587 5809 712 5882 ήδη,
751 5813 1211 5885 συσκευασαμένη
1243 5812 1312 5867 τὰ
1368 5813 1519 5880 ὄντα,
1564 5814 1623 5867 τὸ
1674 5813 1873 5888 βρέφος

286 5899 378 5956 ἐπὶ
411 5901 509 5974 τῆς
539 5901 715 5967 οίκίας
747 5904 893 5976 (ἄρτι
934 5904 1041 5977 γὰρ
1080 5906 1143 5959 ἐκ
1171 5905 1262 5959 τοῦ
1296 5905 1489 5979 ἀνδρὸς
1525 5906 1661 5977 ἐκύη
1690 5906 1869 5978 μόνον)

1990 5348 2083 5404 ille
2125 5365 2140 5401 :
2173 5346 2394 5409 Desine,
2436 5344 2638 5415 inquit,
2678 5344 2755 5398 mi
2800 5343 2994 5405 frater,
3026 5340 3340 5403 lamentari,
3376 5354 3440 5394 ac
3476 5338 3580 5393 do-

1986 5453 2139 5494 mum
2188 5435 2482 5507 regredere
2535 5434 2757 5505 potius,
2814 5443 2872 5489 et
2921 5449 3032 5488 non
3092 5431 3452 5487 frustraberis
3501 5444 3583 5483 sa-

1989 5536 2181 5591 nitate.
2234 5532 2461 5604 Aecepit
2508 5547 2642 5603 ergo
2681 5530 3079 5601 promissiones
3123 5529 3248 5585 laeto
3282 5528 3489 5589 animo,
3523 5535 3580 5579 et

1980 5626 2155 5682 veluti
2192 5627 2302 5697 jam
2357 5632 2543 5679 certus
2600 5623 2863 5678 desiderii
2922 5620 3237 5685 obtinendi,
3292 5631 3578 5689 regressus

1978 5728 2086 5775 est.
2121 5719 2193 5774 At
2222 5718 2447 5773 domum
2476 5717 2761 5789 ingressus
2796 5716 3003 5769 nullam
3037 5709 3409 5783 deprehendit
3439 5724 3577 5763 uxo-

1979 5828 2137 5876 rem;
2188 5812 2297 5883 jam
2346 5809 2551 5882 quippe
2609 5808 2924 5879 aufugerat,
2982 5810 3326 5875 comportata
3381 5816 3570 5857 secum

1977 5922 2033 5961 re
2088 5903 2384 5970 familiari;
2440 5904 2646 5960 infante
2703 5911 2909 5970 autem,
2947 5915 3111 5972 quem
3147 5897 3416 5953 hactenus
3444 5892 3569 5949 uui-
