4078 6388
527 432 669 501 3195

1739 439 1799 499 S.
1836 437 2213 498 SYMEONIS
2255 440 2624 503 JUNIORIS

3653 444 3792 509 3i96

527 563 656 604 cum
696 564 763 603 ex
828 548 920 601 illo
965 557 1271 617 pepererat,
1330 547 1479 603 domi
1528 548 1740 603 relicto.
1785 546 2111 602 Percellilur

2216 551 2574 609 ἀπολιποῦσα.
2610 551 2977 625 Σφοδρότερον
3020 550 3198 607 τοίνυν
3247 551 3435 608 παθὼν
3464 549 3564 622 τὴν
3589 553 3804 625 ψυχὴν,

530 641 620 695 ille
650 654 885 695 merere
922 640 1254 701 vehementi,
1290 640 1431 696 tollit
1459 656 1718 711 puerum,
1751 640 1954 710 repetit
1980 656 2107 695 san-

530 740 701 790 ctum.
744 731 945 786 factum
1001 732 1189 787 uxoris
1237 734 1491 787 luctuoso
1543 746 1795 788 sermone
1846 732 2107 802 esplicat,

486 894 492 901 ε
531 823 785 886 lacrvmis
832 823 1000 877 verba
1032 824 1529 894 interpellantibus,
1562 833 1618 878 et
1658 823 1888 880 resoluti
1918 823 2110 880 dolore

530 915 713 970 cordis
762 927 959 971 aestum
1029 917 1455 973 testiﬁcantibus
1507 935 1522 983 ;
1579 915 1779 973 deinde
1845 918 2110 973 infantem

525 1022 750 1078 quoque
794 1009 861 1064 ad
906 1008 1073 1078 pedes
1119 1010 1295 1064 sancti
1344 1009 1608 1077 demittit,
1662 1026 1862 1081 rogans
1904 1018 2109 1066 uteum

525 1103 721 1157 saltem
769 1104 1089 1158 ulciscatur.
1125 1103 1355 1159 Fractus
1399 1104 1567 1174 igitur
1610 1103 1804 1159 dolore
1839 1104 1987 1160 illius
2013 1104 2112 1177 Sy-

529 1209 715 1261 meon,
778 1206 949 1266 atque
985 1198 1178 1252 oculos
1211 1198 1265 1251 in
1297 1197 1499 1252 coelum
1525 1204 1748 1252 mmstos
1777 1197 2108 1252 intendens:

527 1287 694 1347 Deus.
741 1287 943 1357 inquit,
990 1304 1222 1359 magnus
1254 1297 1312 1343 et
1361 1288 1731 1358 omnipotens,
1769 1289 1926 1359 cujus
1966 1290 2110 1344 oeuli

528 1376 816 1431 intuentur
846 1377 965 1433 vias
988 1376 1229 1431 ﬁliorum
1260 1376 1571 1442 hominum,
1599 1383 1663 1431 ut
1686 1377 1965 1432 retribuas
1992 1378 2115 1433 uni-

526 1467 728 1537 cuique
781 1467 1087 1522 secundum
1135 1466 1280 1522 viam
1314 1484 1497 1534 suam;
1544 1467 1591 1523 si
1644 1468 1851 1523 bonum
1903 1475 1990 1524 est
2056 1470 2111 1526 in

526 1560 705 1616 oculis
757 1559 886 1625 tuis,
933 1567 1180 1615 transeat
1233 1559 1591 1627 daemonium,
1637 1562 1789 1631 quod
1838 1563 1988 1620 hunc
2026 1565 2112 1621 in-

526 1651 741 1706 felicem
770 1651 995 1717 insidet,
1021 1652 1075 1705 in
1099 1666 1325 1707 uxorem
1344 1652 1531 1719 illius;
1554 1659 1616 1707 ut
1634 1653 1890 1710 misereri
1912 1655 2109 1723 discat,

524 1742 960 1799 misericordiam
986 1744 1222 1798 aliorum
1249 1744 1595 1814 implorando
1609 1762 1625 1811 ;
1640 1754 1699 1802 et
1717 1746 2008 1804 manifesta
2030 1749 2114 1803 in-

524 1835 731 1905 telligat
753 1835 1114 1905 experientia,
1142 1834 1292 1906 quod
1331 1836 1661 1893 naturaliter
1693 1838 1910 1895 viscera
1935 1839 2110 1910 ipsius

523 1924 873 1995 ignorabant.

589 2018 716 2075 228.
757 2020 839 2076 lta
880 2019 1151 2092 Symeone
1185 2029 1403 2087 orante,
1433 2020 1656 2092 juvenis
1682 2021 1923 2078 liberum
1981 2039 2041 2079 se
2081 2038 2112 2080 a

520 2111 769 2167 daemone
788 2112 1085 2180 comperit,
1113 2111 1207 2166 hic
1232 2127 1365 2167 vero
1391 2112 1683 2168 mulierem
1710 2113 1976 2171 invadens
1999 2115 2107 2171 cla-

515 2203 707 2257 mabat
735 2221 748 2257 :
782 2202 865 2257 Tu
897 2218 985 2258 me
1023 2219 1053 2259 a
1082 2204 1285 2258 marito
1323 2212 1421 2259 tuo
1453 2203 1742 2270 avulsisti;
1771 2213 1828 2260 tu
1857 2220 1946 2261 me
1972 2221 2004 2261 a
2027 2205 2111 2261 fa-

515 2292 722 2347 miliari
744 2307 868 2348 meo
886 2294 1207 2364 sejunxisti;
1240 2308 1344 2364 per
1374 2302 1427 2350 te
1459 2294 1529 2349 ab
1554 2294 1649 2349 illo
1664 2296 1815 2366 gravi
1837 2311 1960 2352 meo
1984 2312 2112 2353 cum

514 2398 687 2437 sensu
721 2385 984 2454 expulsus
1016 2400 1172 2450 sum;
1213 2386 1306 2454 qui
1340 2401 1429 2441 me
1463 2386 1593 2441 inde
1617 2386 1803 2457 ejecit,
1829 2387 1897 2443 ad
1933 2396 1987 2443 te
2011 2389 2113 2443 im-

516 2475 743 2544 peravit
797 2484 859 2531 ut
910 2477 1269 2547 ingrederer;
1323 2486 1379 2532 et
1414 2478 1614 2533 similia
1667 2480 1839 2534 multa
1880 2478 2110 2544 furiosa,

520 2568 785 2622 scelerata
844 2577 902 2623 et
944 2584 1136 2623 revera
1191 2569 1484 2627 diabolica.
1544 2569 1699 2625 Talia
1751 2570 1843 2625 ubi
1900 2570 2113 2625 audivit

520 2660 741 2723 mulier,
792 2661 1171 2717 inhumaniter
1214 2678 1244 2717 a
1285 2665 1431 2717 malo
1479 2663 1645 2734 genio
1675 2663 1970 2734 ﬂagellata,
2027 2680 2114 2720 re-

520 2751 685 2805 vertit
729 2750 952 2806 domum
1004 2751 1073 2807 ad
1110 2753 1401 2824 conjugem
1454 2770 1617 2809 suum
1655 2773 1668 2809 :
1702 2756 1821 2825 qui,
1856 2756 2111 2811 dolorum

517 2844 640 2912 ejus
683 2843 968 2909 misertus,
1017 2858 1146 2899 cum
1201 2844 1321 2914 ipsa
1371 2844 1439 2899 ad
1513 2854 1767 2901 sanctum
1828 2847 2115 2902 contendit

519 2934 886 3006 Symeonem;
920 2944 977 2990 et
1025 2945 1296 3007 quantum
1330 2953 1508 3006 nuper
1552 2944 1749 2992 contra
1791 2936 1967 3007 ipsam
2014 2938 2116 2993 ob-

519 3024 848 3090 testabatur,
888 3033 1102 3080 tantum
1134 3027 1301 3081 modo
1344 3033 1402 3080 et
1427 3025 1667 3095 amplius
1712 3041 1813 3095 pro
1862 3026 2114 3097 ejusdem

518 3115 850 3185 deprecatur
878 3117 1185 3173 sanatione.
1216 3117 1335 3171 Non
1378 3116 1503 3171 tulit
1549 3114 1764 3169 dacmon
1799 3116 2112 3185 propiorem

2136 1889 2185 1949 B

2212 642 2534 713 ἀνελόμενος
2585 644 2647 697 τὸ
2693 643 2914 715 βρέφος,
2938 643 3063 714 ἥκει
3094 644 3243 715 παρά
3279 643 3372 697 τὸν
3411 643 3567 710 ἅγιον
3610 637 3796 715 αὖθις,

2212 729 2300 787 οἷα
2345 735 2495 806 πειρά
2531 735 2629 805 τῆς
2667 735 2924 804 γυναικὸς
2969 734 3118 805 αὒτῷ
3164 734 3361 803 συνέϐη
3405 735 3795 806 ἐκτραγιιιδιῗιν⁹

2213 825 2443 879 καὶτῶν
2471 827 2733 897 ῥημάτων
2765 826 2978 898 δάκρυα
3021 826 3325 897 καταχέων,
3360 825 3460 895 τὴν
3509 825 3656 878 ἔνδον
3690 825 3798 895 τῆς

2213 916 2439 988 καρδίας
2470 916 2627 986 τῆξιν
2659 916 2954 987 μηνύοντα,
2981 914 3098 971 εἶτα
3123 918 3219 971 καὶ
3246 916 3306 970 τὸ
3338 917 3535 987 βρέφος
3563 917 3801 973 ἐνώπιον

2212 1008 2378 1062 αὐτοῦ
2409 1008 2636 1078 ῥίπτων,
2666 1010 2761 1063 καὶ
2805 1009 2942 1078 πρὸς
2975 1008 3253 1077 ἐκδίκησιν
3291 1008 3482 1062 τούτου
3523 1007 3615 1063 τὸν
3639 1008 3802 1073 ἅγιον

2214 1098 2635 1170 ἐκκαλούμενος.
2678 1100 3035 1171 Διαπονηθεὶς
3082 1096 3176 1155 οὖν
3221 1100 3251 1152 ὀ
3303 1099 3553 1168 Συμεὼν,
3602 1098 3697 1154 καί
3742 1116 3800 1156 τι

2214 1192 2351 1262 πρὸς
2382 1190 2612 1263 οὐρανὸν
2645 1190 2901 1262 ὀδυνηρὸν
2944 1190 3218 1254 ἀτενίσας.
3265 1189 3326 1243 '0
3358 1189 3514 1252 Θεὸς,
3561 1184 3741 1255 εἶπεν,
3770 1193 3802 1247 ὁ

2216 1284 2411 1356 μέγας,
2438 1285 2469 1338 6
2495 1283 2912 1353 παντοκράτωρ,
2955 1276 3018 1338 οὗ
3059 1282 3109 1337 oi
3147 1282 3418 1353 ὀφθαλμοὶ
3451 1280 3801 1352 ἀνεῳγμέναι

2213 1377 2296 1440 είς
2321 1376 2475 1440 ὁδοὺς
2518 1374 2631 1429 τῶν
2682 1374 2816 1428 υἱῶν
2856 1374 2968 1429 τῶν
3002 1372 3328 1445 ἀνθρώπιον,
3354 1371 3539 1427 δοῦναι
3576 1372 3801 1444 ἑκάστῳ

2216 1468 2355 1522 κατά
2389 1466 2488 1538 τὴν
2516 1466 2634 1521 ὁδὸν
2655 1465 2821 1520 αὐτοῦ
2842 1482 2856 1497 ·
2878 1467 2927 1519 εί
2953 1466 3179 1535 ἀρεστὸν
3206 1462 3437 1520 ἐνώπιόν
3473 1481 3593 1530 σου,
3622 1481 3799 1536 μετα-

2214 1559 2365 1630 ϐήτω
2391 1557 2528 1629 πρὸς
2553 1557 2654 1630 τὴν
2685 1559 2923 1625 γυναῖκα
2953 1556 3014 1610 τδ
3041 1556 3286 1612 ἐνοικοῦν
3316 1555 3396 1629 τῷ
3424 1556 3595 1630 ἀθλίῳ
3619 1557 3804 1629 τούτῳ

2212 1646 2511 1714 δαιμόνιον,
2539 1647 2606 1700 ἶν’
2631 1647 2807 1700 ἐλεεῖν
2834 1645 3057 1718 διδαχθῇ
3085 1644 3180 1700 τοῦ
3214 1646 3348 1719 παρ’
3378 1647 3582 1716 ἑτέρων
3610 1646 3806 1713 ἐλέους

2212 1739 2350 1809 αὐτὴ
2384 1738 2658 1811 δεηθεῖσα,
2690 1738 2786 1792 καὶ
2826 1739 2993 1810 πείρᾳ
3041 1738 3189 1810 μάθῃ
3218 1737 3405 1808 σαφῶς
3437 1737 3467 1793 δ
3493 1737 3624 1809 παρ’
3658 1738 3806 1809 αὐτῇ

2213 1826 2283 1879 τά
2304 1826 2402 1891 τῆς
2427 1825 2641 1895 φύσεως
2666 1825 2904 1897 ἠγνόησε
2931 1826 3236 1898 σπλάγχνα.

2285 2000 2428 2073 σκη⁹.
2463 2001 2649 2056 Ταῦτα
2683 2000 2780 2057 τοῦ
2809 2000 3036 2073 Συμεὼν
3063 2001 3386 2075 εὐξαμένου,
3423 2006 3453 2059 ὁ
3484 2004 3585 2074 μὲν
3617 2006 3806 2059 νεανί-

2213 2112 2344 2160 σκος
2384 2094 2480 2149 τοῦ
2525 2094 2779 2164 δαίμονος
2810 2094 3152 2167 ἀπήλλακτο,
3183 2097 3217 2167 η
3246 2096 3386 2169 γυνὴ
3415 2095 3473 2150 δὲ
3508 2098 3598 2152 ὑπ’
3632 2097 3805 2153 αὐτοῦ

2212 2187 2564 2260 κατείληπτο,
2592 2186 2665 2240 Σύ
2707 2204 2776 2256 με
2806 2187 2903 2242 τοῦ
2946 2187 3149 2241 οίκείου
3185 2187 3376 2261 ἀνδρὸς
3417 2188 3809 2262 ἐχώρισας,λέ-

2212 2296 2422 2350 γοντος,
2455 2278 2518 2332 σύ
2547 2296 2614 2350 με
2647 2278 2741 2332 τοῦ
2769 2279 3018 2333 συνοίκου
3055 2279 3356 2345 διέζευξας,
3392 2279 3482 2335 διὰ
3510 2282 3569 2333 σὲ
3605 2280 3807 2338 τούτου

2213 2371 2428 2440 πικρῶς
2454 2370 2808 2441 ἀπελήλαμαι
2825 2384 2839 2399 ·
2866 2370 2894 2423 6
2918 2370 3129 2426 ἐκεῖθεν
3155 2371 3403 2426 ἐκϐαλὼν
3430 2371 3550 2441 ἐμὲ,
3582 2373 3812 2443 ἐπέτρε-

2212 2465 2313 2534 ψεν
2345 2463 2518 2518 ἐλθεῖν
2553 2462 2648 2516 ἐπὶ
2685 2464 2766 2527 σὲ,
2798 2463 2892 2517 καὶ
2919 2463 3054 2518 ἄλλα
3077 2463 3321 2530 τοιαῦτα,
3348 2466 3553 2535 μανικά
3584 2482 3643 2519 τε
3680 2465 3806 2537 ἅμα

2214 2555 2307 2608 καὶ
2339 2554 2533 2626 μιαρά,
2557 2555 2653 2608 καὶ
2679 2552 2758 2623 τῷ
2779 2553 2893 2607 δντι
2916 2552 3264 2626 δαιμονιώδη.
3288 2549 3389 2609 Ὦν
3418 2554 3602 2625 ἐκείνη
3630 2555 3809 2609 ἀκούο

2217 2662 2381 2709 σασα,
2410 2644 2506 2699 καὶ
2538 2644 2644 2699 ὑπὸ
2676 2644 2770 2699 τοῦ
2796 2644 3050 2715 δαίμονος
3079 2645 3515 2716 ἀφιλανθρὼπως
3546 2648 3814 2715 μαστιζο-

2219 2738 2376 2810 μένη,
2411 2735 2691 2791 ἐπάνεισιν
2731 2738 2814 2801 είς
2841 2736 2941 2808 τὴν
2976 2737 3155 2792 οἰκίαν
3200 2738 3354 2809 παρά
3383 2738 3474 2791 τὸν
3504 2738 3691 2810 ἄνδρα.
3746 2739 3814 2794 '0

2214 2831 2271 2884 δὲ
2300 2827 2395 2882 τοῦ
2428 2828 2634 2891 πάθους
2658 2828 2932 2898 οἰκτείρας
2957 2829 3149 2900 αὐτὴν,
3179 2830 3328 2900 παρά
3348 2829 3438 2882 τὸν
3469 2829 3625 2897 ἀγιον
3649 2831 3809 2897 ἄγει,

2215 2922 2316 2975 ὅσα
2347 2921 2467 2975 κατ’
2492 2920 2664 2989 αὐτῆς
2705 2921 2985 2975 κατέτεινε
3011 2921 3226 2993 πρώην,
3256 2921 3497 2975 τοσαῦτα
3532 2921 3627 2974 νῦν
3657 2921 3813 2996 ὑπὲρ

2216 3012 2383 3083 αὐτῆς
2411 3011 2505 3067 καὶ
2528 3012 2697 3065 πλείω
2729 3011 3005 3083 δεόμενος.
3037 3012 3149 3081 Τὴν
3174 3011 3310 3083 πρὸς
3337 3011 3429 3065 τδν
3462 3008 3687 3081 Συμεὼν
3710 3014 3816 3081 ἐγ-

2215 3104 2427 3175 γύτητα
2460 3103 2641 3157 τοίνυν
2674 3103 2774 3156 οὐκ
2802 3102 3027 3172 ἐνεγκὺν
3048 3100 3110 3154 τὸ
3137 3101 3437 3170 δαιμόνιον,
3467 3101 3671 3172 ἤρξατο
3710 3101 3812 3172 ρι-

521 3207 590 3261 ad
628 3207 956 3277 Symeonem
988 3223 1294 3268 accessum,
1331 3222 1502 3277 quare
1542 3221 1669 3261 mox
1713 3207 2000 3262 mulierem
2036 3209 2111 3262 al-

2218 3214 2376 3250 πτειν
2418 3195 2580 3258 εὐθὺς
2609 3195 2749 3248 κατά
2777 3194 2881 3264 γῆς
2915 3195 3014 3264 τὴν
3046 3196 3280 3263 γυναῖκα
3314 3193 3411 3247 καὶ
3446 3192 3813 3263 σπαράττειν,

519 3298 698 3354 lidere
726 3300 866 3364 solo,
912 3300 1067 3353 varie
1116 3299 1385 3354 dilaniare
1419 3308 1476 3353 et
1506 3306 1747 3370 raptare,
1791 3299 1846 3354 in
1877 3300 2111 3355 sublime

2219 3290 2312 3343 καὶ
2355 3287 2716 3351 ἐκτινάσσειν,
2767 3286 3020 3357 καθάπερ
3054 3285 3224 3357 αὐτὴν
3274 3279 3406 3357 ἆραι
3453 3285 3546 3338 καὶ
3582 3287 3815 3354 ἀφεῖναι

523 3388 718 3443 tollere
753 3396 805 3442 et
839 3387 1154 3452 demittere,
1209 3388 1451 3457 denique
1474 3388 1542 3443 ad
1573 3389 1941 3459 praecipitium
1964 3389 2114 3444 festi-

522 3495 677 3535 nare.
724 3479 898 3550 Cujus
950 3480 1229 3551 tragoedia:
1275 3481 1570 3551 impatiens
1598 3489 1841 3545 sanctus,
1888 3496 1993 3537 nec
2030 3481 2115 3536 in-

525 3572 672 3626 tueri
716 3573 798 3627 sic
825 3573 1125 3642 patientem
1153 3573 1386 3628 ulterius
1411 3574 1714 3639 sustinens,
1755 3573 1822 3628 ad
1859 3573 1977 3629 hinc
2007 3573 2114 3627 hu-

525 3678 688 3719 mano
722 3673 891 3733 atque
924 3663 1224 3718 miserante
1260 3663 1445 3718 animo
1490 3680 1659 3733 super
1693 3665 1867 3732 ipsam
1895 3671 2110 3717 motus:

524 3753 902 3824 impurissime
948 3764 1004 3808 et
1033 3755 1268 3824 maligne
1296 3754 1550 3823 spiritus,
1605 3752 1808 3823 inquit,
1849 3751 2113 3823 praecipio

525 3846 627 3900 tibi
670 3847 726 3899 in
761 3845 986 3901 nomine
1020 3844 1143 3901 Filii
1185 3846 1302 3909 Dei,
1335 3852 1395 3899 ut
1423 3860 1589 3901 exeas
1625 3860 1692 3899 ex
1723 3844 1830 3899 hac
1856 3842 2111 3907 muliere,

522 3946 582 3994 et
606 3952 889 4008 nunquam
929 3952 998 3994 eo
1026 3936 1290 4007 deinceps
1326 3937 1590 3992 divertas.
1628 3936 1721 3993 Uti
1752 3943 2111 4007 praeceptum,

525 4028 601 4084 ita
637 4029 843 4084 factum
883 4045 897 4083 :
931 4027 1181 4085 daemone
1235 4028 1384 4082 illico
1433 4027 1606 4081 multa
1657 4041 1784 4082 cum
1831 4025 2114 4082 vocifera-

526 4120 677 4175 tione
707 4126 765 4173 et
793 4119 1061 4176 conviciis
1083 4118 1427 4191 egrediente,
1460 4126 1628 4188 atque
1653 4117 2000 4188 relinquente
2031 4117 2115 4172 fe-

524 4211 730 4266 minam
765 4210 992 4266 omnino
1026 4220 1297 4267 sanatam.

592 4303 718 4358 229.
761 4302 976 4375 Babylae
1008 4302 1299 4375 cujusdam
1350 4301 1546 4357 oculos
1587 4299 1860 4372 aegritudo
1892 4298 2113 4356 invase-

523 4403 632 4459 rat,
674 4409 839 4463 quam
879 4401 936 4450 et
960 4395 1180 4451 caecitas
1207 4402 1506 4450 consecuta
1530 4401 1618 4449 est
1649 4409 1665 4447 :
1698 4407 1938 4463 eumque
1966 4392 2109 4448 nihil

521 4488 647 4559 opis
687 4488 880 4546 haberi
917 4505 987 4546 ex
1011 4497 1132 4544 arte
1175 4488 1520 4545 medentium
1546 4496 1755 4559 posset,
1804 4489 1980 4543 sancti
2013 4486 2113 4561 Sy-

2214 3381 2353 3434 κατά
2371 3373 2633 3449 κρημνῶν
2662 3376 3035 3446 ἐπειγόμενον.
3081 3376 3280 3430 Οὐκέτι
3320 3375 3611 3446 τοιγαροῦν
3658 3375 3817 3434 οὕτω

2215 3470 2530 3540 πάσχουσαν
2564 3467 2735 3539 αὐτὴν
2777 3468 2912 3540 ὁρᾷν
2953 3469 2982 3521 ὀ
3016 3466 3241 3538 Συμεὼν
3282 3466 3631 3537 ἀνεχόμενος,
3667 3465 3817 3522 ἀλλά

2214 3557 2604 3629 φιλάνθρωπόν
2645 3576 2698 3612 τι
2744 3559 2840 3613 καὶ
2869 3559 3154 3629 συμπαθὲς
3185 3555 3375 3613 παθὼν
3405 3558 3492 3611 ἐπ’
3527 3558 3697 3630 αὐτῇ,
3727 3557 3817 3613 Τὸ

2215 3652 2525 3722 ἀκάθαρτον
2566 3650 2663 3705 καὶ
2688 3649 2924 3721 πονηρὸν
2951 3649 3189 3719 πνεῦμα,
3224 3649 3338 3719 ἐγώ
3374 3667 3457 3703 σοι
3501 3650 3813 3718 ἐπιτάττοι»,

2216 3742 2402 3813 φησιν,
2454 3744 2513 3795 ἐν
2559 3740 2639 3812 τῷ
2689 3740 2917 3810 ὀνόματι
2961 3740 3056 3794 τοῦ
3108 3739 3243 3794 Θεοῦ
3293 3739 3532 3806 ἐξελθεῖν
3575 3742 3667 3796 ἀπ’
3702 3742 3817 3796 αὐ-

2214 3836 2338 3904 τῆς,
2400 3836 2497 3889 καὶ
2566 3834 2771 3905 μηκέτι
2830 3834 2968 3903 πρὸς
3018 3833 3188 3905 αὐτὴν
3239 3833 3529 3889 ἀναλῦσαι.
3579 3834 3654 3891 Τὸ
3702 3835 3818 3905 μὲν

2215 3921 2309 3979 οὖν
2344 3925 2626 3995 ἐπίταγμα
2672 3924 2831 3997 ἔργον
2871 3918 2961 3995 ἦν,
2995 3926 3088 3976 καὶ
3126 3923 3298 3978 πολλὰ
3349 3924 3564 3994 κράξαν
3607 3924 3819 3981 αὐτίκα

2216 4020 2313 4071 καὶ
2342 4017 2663 4089 φλυαρῆσαν
2710 4015 2956 4089 ἐξῆλθεν,
2989 4016 3120 4089 ὑγιῆ
3168 4016 3267 4089 τὴν
3301 4017 3619 4088 πάσχουσαν
3667 4019 3829 4073 ἀπο--

2216 4109 2489 4174 λελοιπός.

2289 4286 2424 4341 σκθ’.
2460 4284 2679 4357 Βαϐύλᾳ
2717 4284 2776 4340 δέ
2820 4301 2927 4338 τινι
2978 4283 3192 4356 νόσημα
3236 4285 3451 4353 γεγόνει
3492 4283 3639 4355 περὶ
3680 4283 3820 4350 τοὺς

2215 4378 2549 4448 ὀφθαλμοὺς,
2602 4370 2761 4445 ᾧκαὶ
2821 4375 3094 4444 τύφλωσις
3143 4373 3510 4445 ἠκολούθησεν
3547 4389 3560 4405 °
3588 4373 3665 4438 ὡς
3716 4369 3821 4432 οὖν

2215 4469 2439 4524 ὄναοθαί
2472 4487 2523 4523 τι
2551 4469 2651 4538 τῆς
2680 4467 2881 4535 ίατρῶν
2908 4465 3107 4537 τέχνης
3134 4467 3235 4519 οὐκ
3262 4460 3352 4538 ἦν,
3378 4464 3440 4520 τὺ
3459 4463 3555 4519 τοῦ
3582 4463 3817 4536 Συμεὼν

525 4557 741 4632 meonis
772 4592 975 4633 nomen
1028 4592 1133 4649 pro
1176 4576 1467 4632 curatione
1519 4557 1827 4641 invocavit;
1870 4557 2111 4647 viditque

2223 4564 2393 4633 ὄνομα
2447 4561 2583 4633 πρὸς
2620 4560 2921 4630 θεραπείαν
2953 4560 3299 4613 ἐπεκαλεῖτο.
3340 4558 3475 4631 Ὁρᾷ
3513 4557 3815 4630 τοιγαροῦν

523 4679 690 4725 nocte
719 4670 976 4742 sequenti
1008 4677 1283 4730 sanctum,
1338 4681 1483 4737 equo
1522 4667 1761 4721 candido
1806 4669 2108 4735 invectum,

522 4763 696 4819 veluti
748 4763 1025 4819 medicum
1058 4772 1116 4819 et
1164 4775 1390 4816 manum
1440 4760 1655 4815 aﬂ‘ectis
1708 4762 1885 4817 oculis
1930 4763 2111 4834 impo-

522 4864 773 4921 nentem,
811 4856 1204 4924 dicentemque
1240 4869 1254 4907 :
1292 4851 1526 4923 Respice
1570 4861 1719 4909 recta
1764 4855 1832 4910 ad
1867 4865 2111 4913 montem

526 4942 854 5001 Mirabilem.
886 4945 1117 5001 Levavit
1161 4942 1345 5014 itaque
1395 4959 1455 5000 se
1490 4944 1703 5015 statim,
1729 4956 1786 5001 et
1820 4947 1998 5002 oculis
2043 4962 2113 5003 eo

516 5037 753 5092 directis
778 5053 791 5091 :
816 5035 1039 5091 Christe
1090 5034 1342 5102 Domine,
1375 5036 1475 5101 ait,
1508 5036 1654 5091 Deus
1682 5036 1872 5093 famuli
1905 5040 1983 5094 tui
2011 5038 2114 5112 Sy-

523 5127 759 5193 meonis,
787 5125 1013 5181 medere
1055 5124 1234 5180 oculis
1271 5125 1431 5182 meis.
1465 5127 1532 5181 Et
1574 5127 1629 5180 in
1669 5129 1790 5198 ipso
1829 5139 2113 5186 momento

520 5217 684 5281 vidit,
714 5214 966 5288 quamvis
998 5215 1338 5272 subobscure
1366 5225 1423 5272 et
1448 5219 1711 5273 tenuiter.
1742 5220 1813 5275 Ut
1844 5229 2030 5276 autem
2054 5237 2114 5277 se

524 5310 718 5364 videre
761 5307 1039 5378 cognovit,
1068 5324 1191 5379 quae
1218 5309 1457 5364 habebat
1483 5311 1830 5379 charissima,
1861 5329 2114 5380 uxorem,

522 5400 772 5469 inquam,
787 5408 844 5454 et
863 5399 1068 5454 liberos
1085 5415 1394 5464 assumens,
1419 5400 1488 5455 ad
1506 5409 1758 5456 sanctum
1784 5400 2115 5474 Symeonem

522 5492 814 5564 processit.
858 5492 1215 5547 nuntiaturus
1243 5493 1425 5563 qualis
1467 5492 1727 5548 beneﬁcii
1774 5509 1876 5563 per
1929 5493 2108 5564 ipsum

520 5598 751 5653 compos
783 5581 960 5637 factus
1010 5583 1221 5639 luisset.
1272 5583 1376 5638 Cui
1428 5584 1519 5639 ille
1553 5583 1858 5639 Dominica:
1921 5584 2106 5639 crucis

557 5669 746 5751 ignum
792 5670 1135 5741 imprimens,
1192 5673 1729 5743 perspicacissimum
1793 5674 1912 5730 sine
1960 5675 2111 5730 omni

529 5758 884 5818 liebetatione
918 5765 1205 5819 oculorum
1237 5765 1424 5819 lumen
1456 5763 1718 5818 donavit:
1751 5763 1951 5820 deinde
1976 5781 2109 5820 con-

522 5852 709 5924 jugcm
735 5871 951 5928 quoque
986 5858 1106 5929 ejus
1132 5856 1512 5931 excutientem
1544 5855 1788 5922 sanavit;
1849 5857 2054 5913 liberos
2084 5876 2112 5913 a

2214 4658 2311 4726 τῆς
2327 4656 2518 4718 νυκτὸς
2541 4653 2755 4725 ἐκείνης
2778 4653 2943 4707 αὐτὸν
2964 4653 3055 4705 ἐπὶ
3078 4651 3274 4706 λευκοῦ
3295 4651 3464 4706 ἵππου
3489 4651 3567 4721 τῷ
3586 4651 3816 4722 ἰατρείῳ

2215 4746 2625 4818 παραϐαλόντα,
2642 4744 2807 4816 χεῖρά
2834 4760 2895 4797 τε
2922 4741 3072 4813 αὑτῷ
3101 4742 3381 4805 ἐπιθέντα,
3407 4741 3522 4808 καὶ,
3549 4740 3814 4795 ’Δνάϐλε-

2212 4841 2313 4911 ψον
2343 4840 2473 4894 εὐθὺ
2514 4837 2612 4894 τοῦ
2644 4835 2958 4908 θαυμαστοῦ
2998 4834 3181 4906 ὄρους,
3216 4834 3575 4889 κελεύσαντα.
3608 4835 3814 4887 Διανα-

2217 4932 2348 4997 στάς
2379 4932 2559 4986 τοίνυν
2583 4932 2783 4985 αὐτίκα
2826 4928 3048 4992 καὶτὰς
3090 4926 3240 4998 ὄψεις
3283 4926 3371 4980 ἐπ’
3407 4923 3540 4979 αὐτὸ
3597 4922 3812 4989 ίθύνας,

2214 5026 2419 5098 Χριστέ
2453 5027 2481 5079 ὁ
2513 5024 2645 5087 Θεὸς
2675 5023 2770 5077 τοῦ
2815 5021 3004 5076 δούλου
3036 5037 3131 5074 σου
3174 5015 3419 5090 Συμεὼν,
3449 5009 3627 5081 εἶπεν,
3658 5013 3814 5070 ἴασαι

2219 5138 2288 5191 με
2320 5121 2446 5183 τοὺς
2468 5115 2807 5187 ὀφθαλμούς.
2840 5115 2953 5169 Καὶ
2975 5112 3285 5182 ἀναϐλέψας
3310 5111 3413 5181 ὁρᾷ
3438 5107 3809 5182 παραχρῆμα,

2217 5213 2266 5264 εί
2306 5209 2399 5263 καὶ
2431 5208 2676 5278 ἀμυδρόν
2708 5224 2759 5260 τι
2790 5207 2884 5259 καὶ
2921 5205 3187 5276 ὰδρανέςο
3228 5203 3330 5273 ὁρᾷ
3375 5202 3419 5253 δ’
3452 5200 3566 5265 οὖν,
3604 5203 3699 5252 καὶ
3742 5202 3810 5253 τὲ

2219 5303 2452 5371 φίλτατα
2497 5300 2573 5363 ὼς
2617 5294 2753 5369 εἶχε,
2800 5297 3039 5366 γυναῖκά
3070 5311 3211 5365 φημι
3257 5296 3352 5345 καὶ
3393 5292 3562 5344 τέκνα
3605 5287 3808 5356 λαϐὼν,

2219 5397 2470 5466 πρὸσεισι
2501 5391 2578 5463 τῷ
2615 5391 2861 5460 Συμεὼν,
2894 5387 3258 5454 ἀπαγγέλλων
3287 5385 3404 5446 οἵας
3437 5384 3495 5449 ἐξ
3521 5381 3686 5434 αὑτοῦ
3719 5380 3810 5433 τύ-

2217 5503 2302 5558 χοι
2329 5484 2668 5556 εὺεργεσίας.
2711 5482 2770 5534 '0
2799 5481 2856 5533 δὲ
2882 5479 2973 5531 τὸν
2998 5474 3324 5530 Δεσποτικδν
3351 5472 3500 5542 αὐτῴ
3524 5468 3618 5523 τοῦ
3648 5481 3810 5523 drau-

2220 5579 2323 5645 ροῦ
2365 5577 2535 5631 τύπον
2585 5572 2881 5639 ἐπιϐαλὼν,
2924 5570 3211 5637 ἐλεύθερον
3266 5565 3415 5637 αὐτῷ
3462 5565 3645 5633 πάσης
3699 5563 3805 5630 ἀμ-

2222 5669 2499 5742 βλυωπίας
2529 5668 2591 5721 τὸ
2614 5667 2725 5720 τῶν
2758 5664 3053 5734 ὀφθαλμῶν
3092 5662 3377 5733 χαρίζεται
3424 5658 3541 5726 φῶς
3562 5671 3575 5684 ⁸
3617 5654 3808 5708 ἔπειτα

2222 5766 2407 5835 μέντοι
2450 5762 2546 5815 καὶ
2578 5759 2675 5831 τὴν
2721 5759 2975 5826 γυναῖκα,
3022 5753 3441 5825 τυφλώττουσαν
3493 5748 3805 5819 ἰασάμενος,

2222 5856 2314 5911 καὶ
2345 5853 2718 5927 δαιμονῶντας
2745 5849 3092 5921 θεραπεύσας
3133 5849 3260 5912 τοὺς
3297 5845 3514 5911 παῖδας,
3553 5840 3645 5895 καὶ
3682 5848 3799 5891 οῖον
