4078 6390
280 433 454 497 3197

1336 445 1505 506 VlTA
1545 451 1593 507 Δ
1632 447 2069 507 ΝΙΟΕΡΠΟΒΟ
2106 448 2593 508 CONSCRIPTA.

3430 444 3573 512 3198

287 556 460 613 οἷκον
504 558 755 626 μεγάλων
796 557 986 613 παθῶν
1029 558 1367 625 ἀπαλλάξας,
1400 561 1522 615 οὐδὲ
1553 560 1669 631 βίου
1698 558 1879 613 σπανί‹

1996 558 2341 617 daemonibus
2370 562 2611 615 insessos
2648 556 2901 624 curavit;
2953 565 3011 612 et
3066 561 3388 616 universam
3423 562 3581 618 lami-

287 652 502 711 ζοντας
549 649 841 719 περιεῖδεν.
886 649 1027 703 Ἀλλ’
1053 648 1179 703 ἐπεὶ
1230 651 1356 721 μηδ’
1387 651 1567 705 ὁτιοῦν
1612 651 1740 706 ἀλλο
1770 651 1898 707 τού-

283 756 420 805 τοις
473 747 553 800 ὃτι
603 741 679 812 μὴ
734 739 944 812 βραχὺς
997 738 1140 806 οἶνος
1182 743 1412 813 προσῆν,
1466 743 1562 798 καὶ
1604 738 1759 807 οὗτος
1807 746 1894 811 ἐξ·

289 831 557 902 ειη-ηπῶς
602 849 661 885 τε
702 833 798 886 καὶ
846 832 1152 904 δευτερίας,
1186 833 1317 904 ἡδὺν
1362 836 1458 889 καὶ
1483 835 1673 891 τοῦτον
1709 838 1895 900 αὐτοῖς

284 926 370 995 τῇ
401 924 583 995 οἰκείᾳ
610 924 793 997 τίθησι
822 926 991 992 κόνει,
1022 926 1119 980 καὶ
1144 926 1396 997 πότιμον,
1438 930 1533 983 καὶ
1567 928 1891 997 ἐπαγωγόν·

288 1016 400 1070 καὶ
419 1015 594 1081 οὕτως
623 1018 723 1072 οὐκ
747 1018 931 1087 ὀλίγου
957 1016 1212 1089 πραθεὶς,
1251 1020 1489 1093 ἧρκεσεν
1509 1020 1698 1084 αὐτοῖς
1718 1022 1797 1087 είς
1823 1022 1895 1076 τά

286 1111 603 1176 ἀναγκαῖα.

372 1280 472 1339 σλ’.
501 1282 726 1348 Τούτοις
756 1286 905 1352 ἀξιον
937 1289 1116 1342 έκεῖνο
1148 1288 1482 1360 προσθεῖναι·
1513 1289 1891 1362 Πρεσϐύτερός

282 1391 404 1440 τις,
427 1377 491 1430 ὲκ
518 1376 712 1447 κώμης
742 1378 1031 1443 Βασιλείας
1059 1379 1204 1434 οὕτω
1224 1380 1525 1451 λεγομένης
1545 1383 1888 1452 ὁρμώμενος,

285 1467 575 1532 πολύπαις
601 1467 697 1531 ὢν,
728 1470 898 1533 ἄπαις
928 1471 1232 1537 ἐδείκνυτο,
1263 1473 1363 1543 τὴν
1401 1475 1481 1538 είς
1512 1473 1628 1542 φῶς
1654 1474 1887 1528 ἑκάστου

282 1560 409 1614 τῶν
431 1562 767 1631 τικτομένων
799 1563 1027 1633 πρόοδον
1068 1564 1328 1634 τελευτῆς
1356 1566 1519 1630 εὐθὺς
1570 1567 1890 1639 διαδεχομέ-

284 1671 418 1725 νης.
452 1655 704 1724 Πρόσεισι
740 1656 923 1709 τοίνυν
950 1657 1009 1709 ὲν
1039 1661 1241 1728 συνοχῇ
1276 1658 1622 1730 σπλάγχνων,
1655 1662 1751 1715 καὶ
1795 1679 1889 1716 πι-

284 1744 449 1814 κρῶν
497 1745 751 1816 δακρύων
809 1748 1039 1818 ἐπιρροῇ
1066 1746 1143 1818 τῷ
1173 1748 1484 1822 θαυμαστῷ
1529 1750 1779 1823 Συμεὼν,
1816 1753 1886 1807 τά

284 1834 423 1890 καθ’
450 1834 611 1891 αὐτὸν
634 1837 997 1907 ἀπαγγέλλων
1016 1856 1031 1872 ο
1048 1837 1157 1892 Kal.
1171 1835 1251 1900 ὃς,
1271 1841 1567 1913 Ἐπάνηκε,
1600 1845 1735 1915 φησὶ
1766 1846 1887 1917 χαί·-

288 1943 430 1997 ρων,
463 1928 604 1998 ἔχων
624 1929 725 2000 ἤδη
757 1930 818 1982 τὸ
839 1931 1062 2002 αἰτηθὲν
1090 1936 1154 1988 ὲκ
1179 1932 1337 1988 Θεοῦ.
1372 1932 1462 2004 Τῷ
1490 1933 1546 1987 δὲ
1575 1935 1677 2006 τὴν
1707 1937 1881 2003 ἐπαγ-

282 2017 484 2086 γελίαν
550 2019 627 2084 ὡς
682 2021 1007 2093 εὐεργεσίαν
1058 2025 1327 2095 αὐτοτελῆ
1388 2024 1669 2098 δεξαμένῳ
1703 2070 1720 2094 ,
1787 2029 1884 2081 καὶ

282 2109 487 2182 ὥσπερ
525 2130 578 2166 τι
600 2112 781 2185 ψυχῆς
803 2115 971 2185 ὄχθος
1004 2117 1331 2191 ἀποθεμένῳ
1361 2118 1668 2190 βαρύτατον
1689 2160 1705 2184 ,
1732 2123 1883 2191 τρεῖς

282 2203 390 2258 ἐπὶ
413 2204 647 2278 θυγατρὶ
674 2207 970 2274 γεννῶνται
1002 2210 1141 2279 μετά
1163 2208 1338 2262 ταῦτα
1369 2211 1474 2263 υίοί
1499 2227 1514 2241 ·
1545 2204 1623 2264 ὧν
1676 2213 1705 2264 ό
1747 2227 1880 2282 πρε·

283 2296 559 2365 σσύτερος
583 2298 747 2353 πάθει
764 2298 1113 2369 δυσεντερίας
1145 2301 1328 2366 ἀλούς,
1356 2304 1451 2355 καὶ
1468 2302 1565 2371 τὴν
1592 2302 1651 2369 ἐξ
1671 2301 1881 2374 ἀνθρώ·

282 2406 412 2443 ⁸ιιπων
441 2390 534 2443 καὶ
560 2390 758 2462 τέχνης
805 2392 1079 2461 ἀπογνοὺς
1110 2391 1433 2463 θεραπείαν,
1475 2396 1566 2448 ἐπὶ
1615 2394 1704 2449 τὸν
1737 2394 1880 2450 θεῖον

281 2478 520 2550 Συμεὼν
581 2480 960 2550 καταφεύγει,
1004 2483 1100 2535 καὶ
1146 2483 1223 2548 ὡς
1275 2486 1438 2538 αὐτὸν
1484 2486 1881 2556 ἀνακομισθεὶς

282 2570 445 2640 παρά
466 2571 559 2624 τοῦ
590 2572 865 2637 τεκόντος,
893 2569 981 2627 οἷα
1026 2575 1150 2646 μηδ’
1183 2577 1373 2646 ἀρκεῖν
1390 2577 1571 2649 ἑαυτῷ
1606 2578 1745 2650 πρὸς
1778 2579 1880 2649 τὴν

280 2660 520 2732 πορείαν
542 2662 864 2736 δυνάμενος,
898 2664 1188 2720 ἐπάνεισιν
1212 2667 1393 2740 ὐγιής.

361 2840 496 2895 σλα⁹.
537 2839 699 2896 Ἀλλὰ
727 2841 826 2913 τὴν
851 2843 940 2896 ἐπ’
957 2842 1108 2915 αὐτῷ
1137 2842 1232 2898 τοῦ
1255 2845 1462 2916 πατρὸς
1492 2845 1834 2916 εὐφροσύνην
1861 2885 1878 2911 ,

278 2930 498 3004 ἀθυμία
523 2933 687 2988 πάλιν
719 2934 1021 3004 ἐκδέχεται,
1057 2935 1228 3006 λήθην
1252 2937 1347 2988 καὶ
1370 2936 1545 3006 αὐτῆς
1572 2937 1880 3004 ἐμποιοῦσα

280 3026 440 3097 (ἐπεὶ
489 3028 584 3081 καὶ
638 3027 882 3094 πέφυκεν
909 3028 1031 3081 ὅλον
1057 3026 1135 3092 ὡς
1171 3029 1241 3082 τά
1269 3029 1442 3083 πολλά
1497 3028 1744 3096 γίνεσθαι
1781 3030 1876 3083 τοῦ

279 3118 557 3188 παρόντος
586 3118 649 3172 τὸ
669 3119 768 3187 τῆς
798 3118 980 3189 ψυχῆς
1014 3122 1210 3190 χαῖρον
1240 3120 1271 3191 ἢ
1313 3120 1734 3190 παθαινόμενον,
1769 3123 1877 3176 τῶν

1998 653 2127 707 liam
2152 653 2408 721 gravibus
2436 652 2599 707 malis
2646 649 2901 705 liberavit
2929 667 2941 703 τ
2967 665 3073 705 nor.
3111 650 3430 720 despiciens
3457 668 3578 709 eam

1996 744 2368 815 negligensve.
2393 741 2541 813 quod
2569 741 2647 800 rei
2678 741 2967 796 familiaris
3015 742 3246 810 penuria
3293 758 3582 812 premere-

1999 844 2125 890 tur:
2150 835 2285 905 quin
2315 835 2520 904 potius,
2548 832 2811 903 quoniam
2842 831 2979 885 nihil
3015 831 3127 885 illis
3156 840 3446 901 superaret
3468 834 3581 890 nisi

1995 926 2299 997 pauxillum
2326 924 2461 988 vini,
2497 923 2664 994 idque
2686 921 2947 993 fugientis
2978 930 3035 976 et
3082 921 3416 977 secundarii.
3440 923 3578 978 illud

1994 1018 2223 1088 pulvere
2271 1030 2372 1071 suo
2416 1030 2585 1069 suave
2622 1022 2680 1069 et
2730 1021 2919 1083 aptum
2970 1012 3125 1082 potui
3158 1027 3223 1067 ac
3277 1012 3577 1069 delicatum

1994 1109 2266 1165 reddidit:
2301 1117 2465 1178 atque
2497 1108 2571 1161 ita
2593 1123 2703 1162 non
2725 1106 2877 1177 parvi
2898 1104 3206 1171 venditum,
3227 1104 3451 1161 sulfecit
3478 1120 3581 1161 ne-

1993 1201 2251 1257 cessariis
2279 1200 2407 1255 vitae
2424 1198 2832 1269 comparandis.

2063 1292 2186 1348 250.
2227 1292 2388 1348 Hisce
2409 1292 2636 1362 dignum
2668 1299 2752 1345 est
2801 1289 2935 1345 illud
2957 1289 3101 1360 quod
3138 1288 3371 1344 addatur
3401 1306 3415 1343 :
3440 1288 3577 1344 Pre-

1992 1386 2183 1458 sbyter
2238 1385 2488 1456 quidam,
2544 1400 2613 1439 ex
2662 1398 2798 1454 pago
2849 1383 2945 1452 qui
3004 1382 3309 1437 vocabatur
3361 1381 3577 1436 Basilea

1991 1478 2286 1541 oriundus,
2319 1493 2445 1531 cum
2488 1476 2694 1531 multos
2719 1474 3002 1547 genuisset
3027 1474 3258 1540 liberos,
3283 1474 3405 1528 sine
3434 1473 3578 1528 libe-

1992 1572 2069 1627 ris
2091 1581 2231 1634 erat,
2268 1580 2468 1631 morte,
2491 1570 2655 1626 simul
2691 1580 2858 1640 atque
2903 1570 3038 1625 editi
3063 1570 3119 1624 in
3167 1570 3348 1624 lucem
3369 1577 3574 1632 essent,

1989 1678 2266 1734 quemque
2310 1671 2638 1733 occupaute.
2687 1662 2955 1731 Properat
3000 1660 3169 1732 igitur
3218 1660 3276 1715 in
3323 1660 3580 1730 angustia

1990 1752 2177 1807 cordis
2207 1760 2452 1807 torrente
2478 1752 2803 1807 acerbarnm
2832 1752 3200 1824 lacrymarum
3217 1753 3572 1820 decurrente,

1988 1844 2058 1898 ad
2092 1843 2401 1899 mirabilem
2429 1843 2781 1915 Symeonem,
2839 1858 3024 1898 rerum
3090 1858 3317 1898 suarum
3368 1851 3572 1897 statum

1988 1933 2364 1989 nuntiaturus.
2427 1931 2530 1989 Cui
2586 1942 2813 1988 sanctus
2856 1951 2870 1986 :
2934 1933 3237 1988 Revertere
3288 1931 3572 2003 gaudens;

1986 2040 2313 2081 concessum
2332 2026 2441 2097 jam
2465 2023 2566 2079 tibi
2596 2041 2627 2080 a
2652 2025 2765 2080 Deo
2816 2034 2923 2089 est,
2960 2024 3108 2094 quod
3137 2024 3368 2094 petiisti.
3411 2024 3573 2079 Exci-

1985 2114 2069 2184 pit
2094 2114 2184 2170 ille
2210 2115 2658 2185 promissionem,
2688 2124 2751 2170 ut
2792 2115 3126 2170 beneﬁcium
3155 2115 3337 2184 reipsa
3390 2114 3571 2185 impe-

1989 2213 2214 2273 tratum,
2236 2216 2292 2261 et
2343 2207 2561 2262 secluso
2612 2207 2806 2263 dolore
2868 2207 3053 2262 cordis
3072 2206 3417 2277 gravissimo,
3461 2213 3575 2261 tres

1985 2295 2188 2353 deinde
2219 2298 2363 2352 ﬁlios
2387 2310 2588 2368 pratter
2618 2299 2783 2354 ﬁliam
2817 2297 3115 2370 progignit.
3140 2298 3357 2354 Accidit
3390 2307 3576 2354 autem

1984 2386 2204 2443 illorum
2227 2388 2577 2458 grandiorem
2628 2402 2761 2445 natu
2808 2391 3124 2463 dysenteria
3174 2390 3450 2455 laborare,
3479 2389 3578 2445 de-

1985 2478 2315 2549 sperarique
2348 2479 2605 2536 humanae
2628 2482 2763 2537 artis
2814 2483 3183 2537 curationem.
3209 2480 3291 2536 Ad
3321 2491 3575 2536 sanctum

1984 2569 2317 2643 Symeonem
2369 2572 2539 2643 igitur
2592 2590 2885 2631 recurrere
2948 2576 3168 2631 visum:
3223 2589 3461 2643 cumque
3505 2588 3575 2627 eo

1984 2671 2242 2733 portatus
2265 2664 2461 2721 fuisset
2492 2682 2521 2721 a
2552 2668 2899 2735 parentibus,
2932 2677 3122 2738 utpote
3154 2682 3268 2721 non
3294 2663 3575 2721 suﬁicicns

1984 2772 2088 2828 per
2119 2757 2267 2812 vires
2292 2774 2419 2812 suas
2454 2758 2664 2824 itineri,
2706 2770 3037 2829 persanatus
3068 2760 3259 2815 rediit.

2052 2850 2181 2906 251.
2223 2850 2331 2906 Sed
2360 2851 2617 2907 laetitiam
2664 2852 2810 2923 patri
2859 2852 2991 2907 hinc
3024 2861 3297 2919 exortam,
3352 2868 3575 2908 rursum

1983 2958 2203 2998 maeror
2226 2958 2367 3013 pene
2397 2943 2723 3000 exanimans
2757 2944 2950 3011 subiit,
3007 2944 3304 3015 gaudiique
3335 2946 3576 3013 ,induxit

1984 3032 2322 3089 oblivionem
2387 3035 2484 3106 (ita
2536 3050 2777 3105 namque
2827 3035 2966 3090 solet
3010 3051 3172 3105 quam
3236 3036 3575 3093 creberrime

1984 3125 2127 3189 ﬁeri,
2161 3134 2221 3180 ut
2249 3125 2329 3180 rei
2353 3126 2643 3196 prmsentis
2689 3125 2949 3196 gaudium
3000 3124 3085 3179 vel
3140 3125 3298 3180 dolor
3350 3127 3573 3183 deleant

279 3208 672 3282 προλαϐόντων
696 3210 1117 3281 ἀμνημονῆσαν)
1139 3229 1153 3243 ο
1183 3212 1430 3283 εὑρίσκει
1453 3213 1563 3282 γὰρ
1587 3212 1677 3265 τὸν
1697 3213 1878 3266 δεύτε-

1983 3215 2390 3285 praeteritorum
2422 3215 2809 3279 memoriam):
2852 3213 3325 3284 invenitnamque
3374 3230 3573 3271 secun-

280 3315 383 3374 ρον
411 3299 520 3353 τῶν
547 3299 680 3354 υίῶν
726 3299 901 3363 οὕτως
942 3301 1048 3354 ὐπὸ
1080 3304 1237 3355 νόσου
1270 3302 1759 3374 κατειργασμένον,
1805 3303 1880 3368 ὠς

277 3392 385 3449 καὶ
450 3392 701 3462 βοήθειαν
761 3393 849 3445 ἐπ’
894 3392 1045 3460 αὐτῷ
1114 3394 1295 3447 πᾶσαν
1344 3394 1691 3465 ἀνθρωπίνην
1736 3397 1879 3448 ἀπα-

278 3483 571 3555 γορεῦσαι.
636 3484 937 3557 ’Δράμενος
1007 3485 1187 3538 τοίνυν
1241 3485 1460 3556 κομίζει
1507 3484 1585 3556 τῷ
1652 3486 1881 3555 Συμεὼν

277 3578 385 3633 καὶ
435 3577 601 3630 αὐτὸν
649 3614 666 3642 ,
729 3577 946 3640 δεικνὺς
1012 3578 1161 3641 ὅπως
1226 3576 1340 3646 ἔχει
1373 3619 1388 3641 ,
1449 3579 1544 3630 καὶ
1624 3578 1879 3649 μάρτυρα

277 3668 542 3740 καθάπερ
603 3668 811 3733 οἰκείας
883 3669 1210 3739 σπλάγχνων
1295 3667 1487 3738 ὀδύνης
1551 3669 1895 3747 ποιούμενος,

277 3763 337 3818 εί
380 3762 600 3831 πατὴρ,
663 3761 759 3815 καὶ
822 3760 997 3814 ταῦτα
1056 3760 1349 3831 φιλόπαις,
1408 3759 1582 3825 οὕτως
1643 3762 1757 3815 υἱὸν
1786 3761 1880 3815 ἀν-

278 3854 466 3925 έχοιτο
509 3853 746 3924 βλέπων.
783 3852 1063 3916 Ἐκτείνας
1091 3852 1382 3924 τοιγαροῦν
1418 3851 1617 3906 αὐτίκα
1643 3852 1743 3923 τὴν
1794 3852 1878 3905 δε-

281 3945 455 4012 ξιὰν,
515 3945 611 3999 καὶ
668 3945 764 3998 τὸν
805 3944 975 3997 παῖδα
1026 3944 1359 4013 σφραγίσας,
1408 3944 1676 4014 Πορεύου,
1741 3944 1873 4015 ἔφη,

278 4036 468 4104 ζῶντα
513 4038 609 4091 καὶ
655 4035 817 4089 αὐτὸν
844 4038 903 4089 ὲν
935 4035 1162 4107 ὀνόματι
1212 4036 1451 4107 Χριστοῦ
1507 4034 1668 4107 ἔχων.
1704 4038 1764 4091 ’0
1793 4039 1872 4101 δὲ,

278 4125 637 4201 φιλοτεκνίας
666 4127 974 4199 ὑπερϐολῇ,
1019 4127 1289 4199 μηδαμῶς
1322 4128 1629 4196 ἀποστῆναι
1682 4127 1872 4199 βουλό-

281 4237 471 4294 μενος,
505 4220 621 4274 ἀλλ’
652 4221 764 4291 ὅσῳ
811 4219 1035 4273 πλείονα
1085 4221 1278 4290 χρόνον
1311 4217 1463 4287 αὐτῷ
1510 4218 1875 4290 παραμεῖναι,

276 4310 531 4382 τοσούτῳ
578 4309 749 4364 πλείω
804 4312 899 4366 καὶ
944 4310 1043 4380 τὴν
1067 4308 1127 4374 ἐξ
1151 4309 1317 4365 αὐτοῦ
1342 4310 1674 4381 κομίσασθαι
1704 4310 1870 4381 θερα-

278 4403 446 4458 πείαν
494 4402 585 4456 τὸν
635 4404 803 4456 παῖδα
833 4403 1090 4472 νομίζωνο
1116 4401 1479 4473 Συγχώρησον
1527 4401 1682 4472 ἡμῖν,
1716 4402 1871 4456 δοῦλε

276 4494 379 4547 τοῦ
410 4494 568 4557 Θεοῦ,
606 4491 779 4557 εἶπεν,
812 4495 907 4547 ἐπὶ
937 4494 1102 4548 πλέον
1127 4493 1454 4563 προσ-μεῖναί
1488 4512 1597 4558 σοι,
1626 4494 1716 4549 ἵνα
1770 4498 1866 4549 καὶ

1993 3304 2316 3375 dogeuitum
2361 3304 2437 3359 ita
2477 3305 2670 3360 morbo
2693 3304 3048 3367 exhaustum,
3095 3310 3157 3356 ut
3200 3303 3340 3359 nihil
3371 3304 3485 3374 spei
3515 3306 3574 3361 in

1990 3396 2230 3452 humana
2254 3412 2358 3467 ope
2381 3405 2716 3466 superesset.
2752 3394 3042 3450 Sublatum
3077 3395 3245 3465 igitur
3269 3396 3418 3451 hunc
3439 3414 3576 3467 quo-

1988 3505 2096 3560 que
2132 3495 2315 3558 portat
2347 3488 2415 3543 ad
2451 3488 2802 3559 Symeonem,
2848 3494 3168 3541 monstrans
3208 3488 3487 3558 quomodo
3514 3506 3576 3545 se

1987 3580 2255 3645 haberet;
2292 3588 2348 3634 et
2380 3589 2575 3645 testem
2604 3577 3016 3648 quodammodo
3049 3578 3309 3634 dolorum
3341 3595 3574 3637 suorum

1987 3675 2164 3743 ipsum
2214 3672 2427 3735 statuit,
2492 3683 2678 3726 utrum
2732 3670 2905 3740 patris
2964 3668 3188 3723 animus
3240 3678 3296 3724 et
3346 3671 3572 3740 quidem

1988 3762 2225 3818 ﬁliorum
2253 3772 2438 3817 tenere
2467 3762 2725 3825 amantis,
2755 3758 3020 3814 intuitum
3041 3759 3221 3828 prolis
3252 3759 3333 3815 sic
3358 3762 3574 3818 allectat

1985 3858 2163 3928 possit
2193 3856 2489 3911 sustinere.
2510 3853 2612 3921 Qui
2638 3854 2905 3909 continuo
2934 3859 3166 3908 extensa
3216 3870 3383 3909 manu
3436 3855 3571 3910 dex-

1985 3958 2104 4006 tera
2133 3963 2365 4020 puerum
2397 3947 2621 4015 signans
2648 3963 2661 3999 :
2690 3945 2859 4011 Vade,
2893 3945 3100 4017 inquit,
3128 3954 3186 4002 et
3234 3946 3383 4000 hunc
3425 3960 3572 4015 quo-

1984 4056 2092 4110 que
2124 4040 2180 4093 in
2216 4037 2439 4092 nomine
2467 4035 2673 4091 Christi
2726 4036 2930 4091 habeto
2973 4036 3186 4091 vivum.
3228 4036 3434 4090 Verum
3477 4035 3571 4090 ille

1982 4145 2214 4185 excessu
2243 4128 2484 4199 quodam
2509 4126 2715 4181 amoris
2749 4128 2807 4181 in
2843 4126 3058 4196 prolem
3089 4140 3437 4195 nequaquam
3480 4140 3570 4180 re-

1983 4221 2183 4278 cedere
2205 4219 2416 4275 voluit:
2446 4218 2544 4273 sed
2577 4226 2731 4272 ratus
2791 4226 2947 4273 tanto
2978 4217 3297 4272 uberiorem
3328 4215 3441 4270 ﬁlio
3468 4215 3570 4269 im-

1981 4312 2247 4383 pertitum
2296 4311 2365 4366 iri
2404 4309 2712 4366 curationis
2766 4310 3020 4380 gratiam,
3079 4317 3289 4378 quanto
3328 4307 3568 4377 longiori

1982 4413 2230 4474 tempore
2259 4404 2385 4460 istic
2413 4402 2755 4458 substitisset
2786 4422 2796 4455 :
2833 4402 2909 4456 Da
2952 4401 3194 4465 veniam,
3249 4399 3448 4470 inquit,
3482 4399 3568 4454 fa-

1978 4494 2129 4549 mule
2156 4494 2279 4561 Dei,
2338 4493 2488 4564 quod
2518 4491 2731 4546 diutius
2752 4489 2844 4545 hic
2898 4502 3323 4556 commoremur,
3459 4503 3571 4557 quo

276 4586 683 4657 δαψιλεστέρας
708 4587 810 4657 τῆς
850 4585 1007 4656 παρά
1052 4585 1147 4638 σοῦ
1191 4584 1447 4656 τύχωμεν
1486 4586 1760 4656 εὐλογίας,
1804 4587 1872 4658 ἢν

1983 4586 2346 4657 copiosiorem
2379 4601 2409 4640 a
2443 4592 2496 4639 te
2525 4583 2999 4648 benedictionem,
3035 4595 3202 4651 quam
3225 4580 3450 4635 dextera
3475 4587 3570 4636 tua

272 4680 421 4749 fﬂpr
443 4680 477 4748 ἠ
502 4677 655 4743 δεξιά
687 4695 782 4732 σου
812 4676 1118 4749 χαρίζεται.

356 4770 494 4841 σλβ’.
518 4772 871 4843 Δυσχεράνας
919 4773 1102 4828 τοίνυν
1164 4773 1304 4845 πρὸς
1339 4773 1514 4828 ταῦτα
1545 4776 1573 4829 ό
1620 4773 1869 4845 Συμεὼν,

291 4863 610 4934 Ἠπάτησαι
664 4865 751 4918 διὰ
790 4865 890 4936 τῆς
930 4864 1212 4929 ἀπιστίας,
1247 4864 1375 4935 ἔφη,
1406 4865 1502 4918 καὶ
1550 4865 1614 4919 σύ
1640 4881 1655 4895 ³
1688 4867 1721 4935 ἡ
1764 4865 1873 4935 γὰρ

276 4953 379 5009 Ιτοῦ
403 4953 535 5006 Θεοῦ
562 4954 791 5024 δύναμις
821 4956 921 5009 οὐκ
944 4955 1181 5010 ἐνταῦθα
1216 4955 1400 5026 μόνον,
1435 4956 1570 5010 ἀλλὰ
1603 4956 1698 5010 καὶ⁸
1733 4974 1874 5009 παν-

278 5044 454 5116 ταχοῦ
512 5047 610 5117 τῆς
671 5045 836 5101 αὐτοῦ
892 5048 1214 5112 δεσποτείας
1255 5046 1496 5102 ἀνύουσα
1545 5048 1871 5119 παραδόξως

277 5137 437 5193 ἐστὶν
468 5137 505 5193 ἀ
530 5139 801 5210 βούλεται’
832 5141 970 5205 ἀλλά
994 5144 1093 5211 τὴν
1121 5144 1186 5197 ὲκ
1211 5143 1312 5214 τῆς
1337 5143 1541 5208 κόνεώς
1565 5160 1669 5214 μου
1700 5160 1874 5214 σφρα-

277 5231 410 5300 γῖδα
447 5230 653 5298 λαϐὼν,
687 5235 932 5304 ἐπάνηκε
981 5234 1147 5304 μηδὲν
1185 5234 1497 5299 ἐνδοιάζων,
1531 5234 1645 5288 ἀλλ’
1677 5235 1873 5297 αὐτοὺς

276 5320 474 5394 ὥσπερ
494 5326 976 5394 ὲντετυπωμένους
996 5328 1156 5398 αὐτῇ,
1174 5327 1317 5380 οὐτω
1335 5327 1428 5381 καὶ
1448 5327 1723 5396 παρόντας
1738 5327 1871 5397 ὁρᾷν

276 5411 522 5481 νομίζων
551 5415 722 5484 ἡμᾶς.
754 5414 950 5469 Λαόὼν
973 5417 1153 5469 τοίνυν
1176 5417 1205 5469 ό
1231 5417 1417 5487 πατὴρ
1446 5416 1545 5487 τὴν
1594 5416 1867 5486 σφραγῖδα

279 5504 380 5557 καὶ
407 5504 589 5557 οἶκαδε
645 5506 785 5576 μετὰ
832 5504 927 5559 τοῦ
975 5507 1167 5571 παιδὸς
1197 5507 1566 5579 ἀναστρέψας,
1627 5509 1729 5579 ὁρᾷ
1780 5507 1872 5561 τὸν

287 5597 440 5665 ἅγιον
470 5596 622 5667 αὐτῷ
650 5599 843 5662 νυκτὸς
872 5598 1171 5651 ἐπιστάντα
1206 5598 1264 5671 (ἡ
1309 5599 1494 5671 μορφὴ
1541 5599 1601 5652 δὲ
1646 5598 1723 5668 τῷ
1770 5599 1871 5651 Συ⁹

288 5684 437 5756 μεὼν
463 5687 668 5759 ἑτέρως
695 5689 728 5760 ἧ
755 5690 895 5744 κατά
913 5689 976 5743 τὸ
1011 5689 1243 5761 σύνηθες
1270 5685 1411 5761 εἶχε)
1451 5693 1553 5761 τῆς
1573 5708 1633 5745 τε
1661 5692 1868 5754 κόνεως

283 5776 348 5833 ιν
378 5780 562 5851 χεροῖν
592 5783 916 5854 κατέχοντα,
954 5784 1070 5848 καὶ,
1094 5785 1158 5837 Τί
1204 5782 1407 5854 μᾶλλον
1435 5784 1614 5855 βούλει
1660 5785 1866 5851 λασεῖν,

282 5867 391 5938 τήν
442 5868 695 5940 εὐλογίαν
741 5872 834 5925 τοῦ
897 5872 1124 5943 Συμεὼν
1176 5872 1404 5944 ταύτην,
1434 5873 1462 5946 η
1496 5873 1593 5944 τὴν
1642 5873 1865 5941 δεξιά-ις

1975 4673 2225 4743 impertit
2271 4672 2456 4736 nobis,
2517 4671 2927 4726 nanciscamur.

2044 4778 2172 4832 252.
2200 4774 2484 4831 Severiori
2515 4773 2585 4828 ad
2618 4773 2736 4828 haec
2787 4781 2846 4827 et
2881 4786 3029 4842 aegro
3090 4768 3246 4823 vultu
3293 4769 3567 4838 Symeon:

1976 4866 2057 4921 Tu
2084 4881 2330 4937 quoque,
2356 4862 2454 4927 ait,
2481 4868 2599 4932 per
2621 4861 2988 4918 diﬁidentiam
3036 4859 3341 4915 aberrasti:
3381 4858 3570 4913 divina

1972 4958 2179 5029 quippe
2204 4954 2472 5027 potentia,
2501 4969 2613 5008 non
2643 4953 2750 5008 hoc
2775 4951 2954 5008 solum
2983 4952 3131 5014 loco,
3164 4949 3264 5006 sed
3299 4948 3394 5005 ubi
3428 4949 3567 5006 libet

1971 5049 2190 5106 edicere
2223 5045 2555 5103 mirabiliter
2596 5053 2780 5114 potest
2810 5059 3156 5114 quaecunque
3180 5041 3333 5098 vult:
3371 5057 3567 5096 verum

1972 5158 2039 5198 ex
2068 5142 2296 5212 pulvere
2327 5153 2451 5194 meo
2476 5130 2697 5207 signum
2752 5138 3037 5207 accipiens
3077 5136 3276 5201 redito,
3315 5134 3571 5203 nihilque

1970 5233 2232 5288 haesitans
2259 5244 2585 5302 persuasum
2611 5229 2813 5283 habeto
2838 5228 2913 5282 ita
2935 5237 2985 5283 te
3013 5229 3263 5283 visurum
3291 5241 3391 5281 nos
3420 5240 3566 5295 prae-

1970 5330 2179 5385 sentes,
2215 5318 2681 5390 quemadmodum
2728 5318 2878 5386 ipsos
2913 5318 3243 5386 impressum
3294 5316 3429 5371 illud
3484 5314 3572 5370 si“

1969 5430 2136 5485 gnum
2190 5421 2463 5484 gerentes.
2506 5409 2750 5479 Accepto
2810 5409 2978 5479 igitur
3028 5409 3141 5479 jam
3181 5408 3330 5463 dicto
3381 5406 3559 5477 signo,

1970 5504 2194 5559 domum
2235 5518 2361 5558 cum
2415 5500 2526 5555 ﬁlia
2579 5499 2785 5554 redivit
2840 5507 3020 5568 pater,
3070 5499 3322 5568 viditque
3366 5505 3562 5553 secuta

1969 5607 2131 5652 nocte
2158 5605 2407 5651 sanctum
2464 5601 2736 5648 astantem
2798 5590 2925 5655 sibi,
2954 5590 3128 5645 l'orma
3187 5590 3483 5645 admodum
3527 5604 3565 5643 a

1972 5689 2134 5744 solita
2164 5687 2539 5757 discrepante,
2593 5692 2871 5738 tenentem
2930 5680 3186 5735 manibus
3239 5680 3553 5755 pulverem,

1973 5785 2541 5848 percunctantcmque
2594 5773 2782 5841 :Quid
2831 5771 3003 5826 mavis
3046 5770 3316 5840 accipere,
3343 5769 3565 5827 hancne

1972 5870 2265 5943 Symeonis
2311 5868 2781 5936 benedictionem,
2813 5882 2880 5921 an
2929 5863 3254 5921 dexteram?
3309 5862 3563 5930 Cumque
