  <div class='ocr_page' id='page_1' title='image "/cluster/home/n/w/nwhite01/storage/ocr_20150623/86:pt.2/coo.31924054869890/727.png"; bbox 0 0 4078 6398; ppageno 0'>
   <div class='ocr_carea' id='block_1_1' title="bbox 511 440 654 509">
    <p class='ocr_par' dir='ltr' id='par_1_1' title="bbox 511 440 654 509">
     <span class='ocr_line' id='line_1_1' title="bbox 511 440 654 509; baseline 0.021 -7"><span class='ocrx_word' id='word_1_1' title='bbox 511 440 654 509; x_wconf 78' lang='lat'><strong>319’.)</strong></span> 
     </span>
    </p>
   </div>
   <div class='ocr_carea' id='block_1_2' title="bbox 1711 448 2601 518">
    <p class='ocr_par' dir='ltr' id='par_1_2' title="bbox 1711 448 2601 518">
     <span class='ocr_line' id='line_1_2' title="bbox 1711 448 2601 518; baseline 0.009 -9"><span class='ocrx_word' id='word_1_2' title='bbox 1711 448 1772 509; x_wconf 83' lang='lat' dir='ltr'><strong>S.</strong></span> <span class='ocrx_word' id='word_1_3' title='bbox 1811 450 2115 512; x_wconf 80' lang='lat' dir='ltr'><strong>SYMEON</strong></span> <span class='ocrx_word' id='word_1_4' title='bbox 2120 452 2195 512; x_wconf 93' lang='lat' dir='ltr'><strong>IS</strong></span> <span class='ocrx_word' id='word_1_5' title='bbox 2233 453 2379 515; x_wconf 82' lang='lat' dir='ltr'><strong>JUN</strong></span> <span class='ocrx_word' id='word_1_6' title='bbox 2388 455 2601 518; x_wconf 79' lang='lat' dir='ltr'><strong>lORIS</strong></span> 
     </span>
    </p>
   </div>
   <div class='ocr_carea' id='block_1_3' title="bbox 3627 442 3783 508">
    <p class='ocr_par' dir='ltr' id='par_1_3' title="bbox 3627 442 3783 508">
     <span class='ocr_line' id='line_1_3' title="bbox 3627 442 3783 508; baseline 0.026 -4"><span class='ocrx_word' id='word_1_7' title='bbox 3627 442 3783 508; x_wconf 83' lang='lat'><strong>3200</strong></span> 
     </span>
    </p>
   </div>
   <div class='ocr_carea' id='block_1_4' title="bbox 499 556 2101 643">
    <p class='ocr_par' dir='ltr' id='par_1_4' title="bbox 499 556 2087 633">
     <span class='ocr_line' id='line_1_4' title="bbox 499 556 2087 633; baseline 0.004 -20"><span class='ocrx_word' id='word_1_8' title='bbox 499 558 593 614; x_wconf 75' lang='lat' dir='ltr'><strong>ille</strong></span> <span class='ocrx_word' id='word_1_9' title='bbox 613 557 1011 629; x_wconf 76' lang='lat' dir='ltr'><strong>respondisset,</strong></span> <span class='ocrx_word' id='word_1_10' title='bbox 1037 556 1242 627; x_wconf 85' lang='lat' dir='ltr'><strong>ubique</strong></span> <span class='ocrx_word' id='word_1_11' title='bbox 1274 558 1520 628; x_wconf 87' lang='lat' dir='ltr'><strong>gentium</strong></span> <span class='ocrx_word' id='word_1_12' title='bbox 1557 567 1838 626; x_wconf 77' lang='lat' dir='ltr'><strong>constare,</strong></span> <span class='ocrx_word' id='word_1_13' title='bbox 1862 572 2087 633; x_wconf 71' lang='lat' dir='ltr'><strong>quanta</strong></span> 
     </span>
    </p>
   </div>
   <div class='ocr_carea' id='block_1_5' title="bbox 2204 556 3788 643">
    <p class='ocr_par' dir='ltr' id='par_1_5' title="bbox 2204 567 3788 643">
     <span class='ocr_line' id='line_1_5' title="bbox 2204 567 3788 643; baseline 0.004 -24"><span class='ocrx_word' id='word_1_14' title='bbox 2204 567 2621 637; x_wconf 70' lang='grc' dir='ltr'>πυνθανόμενον.</span> <span class='ocrx_word' id='word_1_15' title='bbox 2643 568 2750 624; x_wconf 99' lang='grc' dir='ltr'><strong>Τοῦ</strong></span> <span class='ocrx_word' id='word_1_16' title='bbox 2777 570 2857 639; x_wconf 75' lang='grc' dir='ltr'>δδ,</span> <span class='ocrx_word' id='word_1_17' title='bbox 2888 572 3011 627; x_wconf 86' lang='grc' dir='ltr'>ὀτι</span> <span class='ocrx_word' id='word_1_18' title='bbox 3041 571 3251 643; x_wconf 82' lang='grc' dir='ltr'>μεγάλη</span> <span class='ocrx_word' id='word_1_19' title='bbox 3277 570 3377 642; x_wconf 75' lang='grc' dir='ltr'><strong>μέν</strong></span> <span class='ocrx_word' id='word_1_20' title='bbox 3403 570 3552 625; x_wconf 65' lang='grc' dir='ltr'>ἑστιν</span> <span class='ocrx_word' id='word_1_21' title='bbox 3577 572 3612 642; x_wconf 73' lang='grc' dir='ltr'>ἡ</span> <span class='ocrx_word' id='word_1_22' title='bbox 3628 569 3788 627; x_wconf 80' lang='grc' dir='ltr'>εὐλο-</span> 
     </span>
    </p>
   </div>
   <div class='ocr_carea' id='block_1_6' title="bbox 498 648 2090 724">
    <p class='ocr_par' dir='ltr' id='par_1_6' title="bbox 498 648 2090 724">
     <span class='ocr_line' id='line_1_6' title="bbox 498 648 2090 724; baseline 0.006 -22"><span class='ocrx_word' id='word_1_23' title='bbox 498 651 720 705; x_wconf 83' lang='lat' dir='ltr'><strong>virtutis</strong></span> <span class='ocrx_word' id='word_1_24' title='bbox 752 649 1063 706; x_wconf 76' lang='lat' dir='ltr'><strong>benedictio</strong></span> <span class='ocrx_word' id='word_1_25' title='bbox 1094 648 1204 716; x_wconf 88' lang='lat' dir='ltr'><strong>sit;</strong></span> <span class='ocrx_word' id='word_1_26' title='bbox 1230 666 1289 706; x_wconf 87' lang='lat' dir='ltr'><strong>se</strong></span> <span class='ocrx_word' id='word_1_27' title='bbox 1321 667 1451 706; x_wconf 90' lang='lat' dir='ltr'><strong>vero</strong></span> <span class='ocrx_word' id='word_1_28' title='bbox 1487 651 1657 723; x_wconf 89' lang='lat' dir='ltr'><strong>(quod</strong></span> <span class='ocrx_word' id='word_1_29' title='bbox 1685 654 1931 724; x_wconf 91' lang='lat' dir='ltr'><strong>propitio</strong></span> <span class='ocrx_word' id='word_1_30' title='bbox 1957 670 2090 710; x_wconf 75' lang='lat' dir='ltr'><strong>san-</strong></span> 
     </span>
    </p>
   </div>
   <div class='ocr_carea' id='block_1_7' title="bbox 498 742 2088 811">
    <p class='ocr_par' dir='ltr' id='par_1_7' title="bbox 498 742 2088 811">
     <span class='ocr_line' id='line_1_7' title="bbox 498 742 2088 811; baseline 0.003 -13"><span class='ocrx_word' id='word_1_31' title='bbox 498 750 591 798; x_wconf 85' lang='lat' dir='ltr'><strong>clo</strong></span> <span class='ocrx_word' id='word_1_32' title='bbox 619 742 795 811; x_wconf 72' lang='lat' dir='ltr'><strong>ﬂeret)</strong></span> <span class='ocrx_word' id='word_1_33' title='bbox 843 756 1062 811; x_wconf 85' lang='lat' dir='ltr'><strong>semper</strong></span> <span class='ocrx_word' id='word_1_34' title='bbox 1094 742 1383 799; x_wconf 78' lang='lat' dir='ltr'><strong>ardentius</strong></span> <span class='ocrx_word' id='word_1_35' title='bbox 1403 744 1755 802; x_wconf 80' lang='lat' dir='ltr'><strong>desiderasse</strong></span> <span class='ocrx_word' id='word_1_36' title='bbox 1796 747 2088 803; x_wconf 74' lang='lat' dir='ltr'><strong>dexteram</strong></span> 
     </span>
    </p>
   </div>
   <div class='ocr_carea' id='block_1_8' title="bbox 498 834 2086 909">
    <p class='ocr_par' dir='ltr' id='par_1_8' title="bbox 498 834 2086 909">
     <span class='ocr_line' id='line_1_8' title="bbox 498 834 2086 909; baseline 0.004 -20"><span class='ocrx_word' id='word_1_37' title='bbox 498 834 854 904; x_wconf 83' lang='lat' dir='ltr'><strong>contingere:</strong></span> <span class='ocrx_word' id='word_1_38' title='bbox 903 834 1159 890; x_wconf 87' lang='lat' dir='ltr'><strong>extendit</strong></span> <span class='ocrx_word' id='word_1_39' title='bbox 1202 836 1354 890; x_wconf 88' lang='lat' dir='ltr'><strong>illam</strong></span> <span class='ocrx_word' id='word_1_40' title='bbox 1404 847 1653 902; x_wconf 88' lang='lat' dir='ltr'><strong>sanctus,</strong></span> <span class='ocrx_word' id='word_1_41' title='bbox 1720 838 2086 909; x_wconf 88' lang='lat' dir='ltr'><strong>impertitque</strong></span> 
     </span>
    </p>
   </div>
   <div class='ocr_carea' id='block_1_9' title="bbox 498 925 2079 1002">
    <p class='ocr_par' dir='ltr' id='par_1_9' title="bbox 498 925 2079 1002">
     <span class='ocr_line' id='line_1_9' title="bbox 498 925 2079 1002; baseline 0.004 -23"><span class='ocrx_word' id='word_1_42' title='bbox 498 925 964 991; x_wconf 89' lang='lat' dir='ltr'><strong>benedictionem,</strong></span> <span class='ocrx_word' id='word_1_43' title='bbox 994 926 1380 997; x_wconf 88' lang='lat' dir='ltr'><strong>improperans</strong></span> <span class='ocrx_word' id='word_1_44' title='bbox 1434 927 1600 982; x_wconf 91' lang='lat' dir='ltr'><strong>tacite</strong></span> <span class='ocrx_word' id='word_1_45' title='bbox 1644 943 1802 983; x_wconf 86' lang='lat' dir='ltr'><strong>suam</strong></span> <span class='ocrx_word' id='word_1_46' title='bbox 1846 930 2079 1002; x_wconf 84' lang='lat' dir='ltr'><strong>presby-</strong></span> 
     </span>
    </p>
   </div>
   <div class='ocr_carea' id='block_1_10' title="bbox 496 1016 2094 1092">
    <p class='ocr_par' dir='ltr' id='par_1_10' title="bbox 496 1016 2094 1092">
     <span class='ocr_line' id='line_1_10' title="bbox 496 1016 2094 1092; baseline 0.004 -19"><span class='ocrx_word' id='word_1_47' title='bbox 496 1027 615 1073; x_wconf 86' lang='lat' dir='ltr'><strong>tero</strong></span> <span class='ocrx_word' id='word_1_48' title='bbox 650 1016 1098 1074; x_wconf 87' lang='lat' dir='ltr'><strong>incredulitatem</strong></span> <span class='ocrx_word' id='word_1_49' title='bbox 1118 1037 1132 1073; x_wconf 93' lang='lat'><strong>:</strong></span> <span class='ocrx_word' id='word_1_50' title='bbox 1154 1019 1393 1089; x_wconf 90' lang='lat' dir='ltr'><strong>denique</strong></span> <span class='ocrx_word' id='word_1_51' title='bbox 1412 1019 1579 1075; x_wconf 88' lang='lat' dir='ltr'><strong>etiam</strong></span> <span class='ocrx_word' id='word_1_52' title='bbox 1604 1020 1765 1088; x_wconf 90' lang='lat' dir='ltr'><strong>illud,</strong></span> <span class='ocrx_word' id='word_1_53' title='bbox 1785 1021 1933 1092; x_wconf 91' lang='lat' dir='ltr'><strong>quod</strong></span> <span class='ocrx_word' id='word_1_54' title='bbox 1952 1022 2094 1079; x_wconf 85' lang='lat' dir='ltr'><strong>alter</strong></span> 
     </span>
    </p>
   </div>
   <div class='ocr_carea' id='block_1_11' title="bbox 496 1108 2090 1185">
    <p class='ocr_par' dir='ltr' id='par_1_11' title="bbox 496 1108 2090 1185">
     <span class='ocr_line' id='line_1_11' title="bbox 496 1108 2090 1185; baseline 0.003 -21"><span class='ocrx_word' id='word_1_55' title='bbox 496 1123 711 1164; x_wconf 87' lang='lat' dir='ltr'><strong>summo</strong></span> <span class='ocrx_word' id='word_1_56' title='bbox 728 1124 855 1181; x_wconf 76' lang='lat' dir='ltr'><strong>cum</strong></span> <span class='ocrx_word' id='word_1_57' title='bbox 892 1108 1175 1165; x_wconf 89' lang='lat' dir='ltr'><strong>desiderio</strong></span> <span class='ocrx_word' id='word_1_58' title='bbox 1195 1112 1643 1182; x_wconf 62' lang='lat' dir='ltr'><strong>pra&#39;stolabatur,</strong></span> <span class='ocrx_word' id='word_1_59' title='bbox 1688 1114 1922 1185; x_wconf 83' lang='lat' dir='ltr'><strong>adjicit:</strong></span> <span class='ocrx_word' id='word_1_60' title='bbox 1978 1113 2090 1169; x_wconf 80' lang='lat' dir='ltr'><strong>Ac-</strong></span> 
     </span>
    </p>
   </div>
   <div class='ocr_carea' id='block_1_12' title="bbox 494 1200 2090 1271">
    <p class='ocr_par' dir='ltr' id='par_1_12' title="bbox 494 1200 2090 1271">
     <span class='ocr_line' id='line_1_12' title="bbox 494 1200 2090 1271; baseline 0.004 -15"><span class='ocrx_word' id='word_1_61' title='bbox 494 1200 619 1270; x_wconf 80' lang='lat' dir='ltr'><strong>cipe</strong></span> <span class='ocrx_word' id='word_1_62' title='bbox 652 1200 825 1256; x_wconf 82' lang='lat' dir='ltr'><strong>ﬁlium</strong></span> <span class='ocrx_word' id='word_1_63' title='bbox 858 1210 1013 1257; x_wconf 86' lang='lat' dir='ltr'><strong>tuum</strong></span> <span class='ocrx_word' id='word_1_64' title='bbox 1050 1218 1268 1259; x_wconf 89' lang='lat' dir='ltr'><strong>sanum.</strong></span> <span class='ocrx_word' id='word_1_65' title='bbox 1317 1203 1477 1271; x_wconf 86' lang='lat' dir='ltr'><strong>Quod</strong></span> <span class='ocrx_word' id='word_1_66' title='bbox 1527 1214 1735 1262; x_wconf 88' lang='lat' dir='ltr'><strong>tantam</strong></span> <span class='ocrx_word' id='word_1_67' title='bbox 1794 1207 2090 1263; x_wconf 86' lang='lat' dir='ltr'><strong>instillavit</strong></span> 
     </span>
    </p>
   </div>
   <div class='ocr_carea' id='block_1_13' title="bbox 493 1290 2088 1365">
    <p class='ocr_par' dir='ltr' id='par_1_13' title="bbox 493 1290 2088 1365">
     <span class='ocr_line' id='line_1_13' title="bbox 493 1290 2088 1365; baseline 0.006 -22"><span class='ocrx_word' id='word_1_68' title='bbox 493 1290 680 1345; x_wconf 90' lang='lat' dir='ltr'><strong>animo</strong></span> <span class='ocrx_word' id='word_1_69' title='bbox 711 1292 831 1362; x_wconf 85' lang='lat' dir='ltr'><strong>ejus</strong></span> <span class='ocrx_word' id='word_1_70' title='bbox 856 1292 1220 1362; x_wconf 89' lang='lat' dir='ltr'><strong>voluptatem,</strong></span> <span class='ocrx_word' id='word_1_71' title='bbox 1255 1303 1318 1349; x_wconf 93' lang='lat' dir='ltr'><strong>ut</strong></span> <span class='ocrx_word' id='word_1_72' title='bbox 1364 1311 1477 1365; x_wconf 74' lang='lat' dir='ltr'><strong>pra:</strong></span> <span class='ocrx_word' id='word_1_73' title='bbox 1510 1296 1855 1352; x_wconf 87' lang='lat' dir='ltr'><strong>abundantia</strong></span> <span class='ocrx_word' id='word_1_74' title='bbox 1917 1298 2088 1364; x_wconf 91' lang='lat' dir='ltr'><strong>illius,</strong></span> 
     </span>
    </p>
   </div>
   <div class='ocr_carea' id='block_1_14' title="bbox 495 1383 2095 1460">
    <p class='ocr_par' dir='ltr' id='par_1_14' title="bbox 495 1383 2095 1460">
     <span class='ocr_line' id='line_1_14' title="bbox 495 1383 2095 1460; baseline 0.005 -21"><span class='ocrx_word' id='word_1_75' title='bbox 495 1383 683 1440; x_wconf 84' lang='lat' dir='ltr'><strong>statim</strong></span> <span class='ocrx_word' id='word_1_76' title='bbox 734 1387 1249 1457; x_wconf 76' lang='lat' dir='ltr'><strong>expergisceretur:</strong></span> <span class='ocrx_word' id='word_1_77' title='bbox 1314 1389 1640 1460; x_wconf 76' lang='lat' dir='ltr'><strong>invenitque</strong></span> <span class='ocrx_word' id='word_1_78' title='bbox 1680 1390 1854 1445; x_wconf 88' lang='lat' dir='ltr'><strong>lilium</strong></span> <span class='ocrx_word' id='word_1_79' title='bbox 1909 1391 2095 1447; x_wconf 84' lang='lat' dir='ltr'><strong>adhuc</strong></span> 
     </span>
    </p>
   </div>
   <div class='ocr_carea' id='block_1_15' title="bbox 494 1477 2092 1553">
    <p class='ocr_par' dir='ltr' id='par_1_15' title="bbox 494 1477 2092 1553">
     <span class='ocr_line' id='line_1_15' title="bbox 494 1477 2092 1553; baseline 0.004 -22"><span class='ocrx_word' id='word_1_80' title='bbox 494 1491 689 1532; x_wconf 85' lang='lat' dir='ltr'><strong>somno</strong></span> <span class='ocrx_word' id='word_1_81' title='bbox 723 1477 1121 1549; x_wconf 78' lang='lat' dir='ltr'><strong>indulgentem,</strong></span> <span class='ocrx_word' id='word_1_82' title='bbox 1175 1494 1242 1535; x_wconf 89' lang='lat' dir='ltr'><strong>ac</strong></span> <span class='ocrx_word' id='word_1_83' title='bbox 1293 1482 1611 1536; x_wconf 90' lang='lat' dir='ltr'><strong>restitutum</strong></span> <span class='ocrx_word' id='word_1_84' title='bbox 1655 1481 1768 1552; x_wconf 84' lang='lat' dir='ltr'><strong>jam</strong></span> <span class='ocrx_word' id='word_1_85' title='bbox 1824 1481 2092 1553; x_wconf 76' lang='lat' dir='ltr'><strong>perfecta:</strong></span> 
     </span>
    </p>
   </div>
   <div class='ocr_carea' id='block_1_16' title="bbox 494 1566 2079 1643">
    <p class='ocr_par' dir='ltr' id='par_1_16' title="bbox 494 1566 2079 1643">
     <span class='ocr_line' id='line_1_16' title="bbox 494 1566 2079 1643; baseline 0.004 -23"><span class='ocrx_word' id='word_1_86' title='bbox 494 1566 739 1621; x_wconf 78' lang='lat' dir='ltr'><strong>sanitati.</strong></span> <span class='ocrx_word' id='word_1_87' title='bbox 776 1566 958 1633; x_wconf 85' lang='lat' dir='ltr'><strong>Quare</strong></span> <span class='ocrx_word' id='word_1_88' title='bbox 992 1569 1140 1623; x_wconf 90' lang='lat' dir='ltr'><strong>illico</strong></span> <span class='ocrx_word' id='word_1_89' title='bbox 1170 1570 1405 1625; x_wconf 88' lang='lat' dir='ltr'><strong>remittit</strong></span> <span class='ocrx_word' id='word_1_90' title='bbox 1440 1572 1509 1626; x_wconf 89' lang='lat' dir='ltr'><strong>ad</strong></span> <span class='ocrx_word' id='word_1_91' title='bbox 1541 1579 1818 1633; x_wconf 87' lang='lat' dir='ltr'><strong>sanctum,</strong></span> <span class='ocrx_word' id='word_1_92' title='bbox 1852 1572 1949 1643; x_wconf 80' lang='lat' dir='ltr'><strong>qui</strong></span> <span class='ocrx_word' id='word_1_93' title='bbox 1976 1587 2079 1642; x_wconf 90' lang='lat' dir='ltr'><strong>pro</strong></span> 
     </span>
    </p>
   </div>
   <div class='ocr_carea' id='block_1_17' title="bbox 496 1658 2091 1736">
    <p class='ocr_par' dir='ltr' id='par_1_17' title="bbox 496 1658 2091 1736">
     <span class='ocr_line' id='line_1_17' title="bbox 496 1658 2091 1736; baseline 0.004 -23"><span class='ocrx_word' id='word_1_94' title='bbox 496 1658 603 1713; x_wconf 79' lang='lat' dir='ltr'><strong>hoc</strong></span> <span class='ocrx_word' id='word_1_95' title='bbox 628 1659 876 1717; x_wconf 88' lang='lat' dir='ltr'><strong>secundo</strong></span> <span class='ocrx_word' id='word_1_96' title='bbox 899 1668 1029 1715; x_wconf 90' lang='lat' dir='ltr'><strong>natu</strong></span> <span class='ocrx_word' id='word_1_97' title='bbox 1056 1660 1172 1716; x_wconf 78' lang='lat' dir='ltr'><strong>lilio</strong></span> <span class='ocrx_word' id='word_1_98' title='bbox 1201 1672 1542 1733; x_wconf 73' lang='lat' dir='ltr'><strong>recuperata:</strong></span> <span class='ocrx_word' id='word_1_99' title='bbox 1575 1664 1919 1720; x_wconf 84' lang='lat' dir='ltr'><strong>valetudinis</strong></span> <span class='ocrx_word' id='word_1_100' title='bbox 1944 1680 2091 1736; x_wconf 67' lang='lat' dir='ltr'><strong>prae-</strong></span> 
     </span>
    </p>
   </div>
   <div class='ocr_carea' id='block_1_18' title="bbox 495 1750 935 1821">
    <p class='ocr_par' dir='ltr' id='par_1_18' title="bbox 495 1750 935 1821">
     <span class='ocr_line' id='line_1_18' title="bbox 495 1750 935 1821; baseline 0 -15"><span class='ocrx_word' id='word_1_101' title='bbox 495 1750 606 1807; x_wconf 87' lang='lat' dir='ltr'><strong>mia</strong></span> <span class='ocrx_word' id='word_1_102' title='bbox 632 1751 935 1821; x_wconf 84' lang='lat' dir='ltr'><strong>persolvat.</strong></span> 
     </span>
    </p>
   </div>
   <div class='ocr_carea' id='block_1_19' title="bbox 2192 659 3785 735">
    <p class='ocr_par' dir='ltr' id='par_1_19' title="bbox 2192 659 3785 735">
     <span class='ocr_line' id='line_1_19' title="bbox 2192 659 3785 735; baseline 0.006 -24"><span class='ocrx_word' id='word_1_103' title='bbox 2192 659 2308 728; x_wconf 89' lang='grc' dir='ltr'>γία.</span> <span class='ocrx_word' id='word_1_104' title='bbox 2334 660 2497 713; x_wconf 91' lang='grc' dir='ltr'>παντί</span> <span class='ocrx_word' id='word_1_105' title='bbox 2531 678 2635 716; x_wconf 84' lang='grc' dir='ltr'><strong>που</strong></span> <span class='ocrx_word' id='word_1_106' title='bbox 2688 662 2869 733; x_wconf 86' lang='grc' dir='ltr'>δῆλον,</span> <span class='ocrx_word' id='word_1_107' title='bbox 2920 665 3188 730; x_wconf 81' lang='grc' dir='ltr'>εἰπόντος,</span> <span class='ocrx_word' id='word_1_108' title='bbox 3223 665 3338 733; x_wconf 71' lang='grc' dir='ltr'><strong>ἐγὼ</strong></span> <span class='ocrx_word' id='word_1_109' title='bbox 3370 664 3429 718; x_wconf 73' lang='grc' dir='ltr'>δὲ</span> <span class='ocrx_word' id='word_1_110' title='bbox 3462 662 3624 734; x_wconf 85' lang='grc' dir='ltr'>(ἀλλά</span> <span class='ocrx_word' id='word_1_111' title='bbox 3686 679 3785 735; x_wconf 79' lang='grc' dir='ltr'><strong>μοι</strong></span> 
     </span>
    </p>
   </div>
   <div class='ocr_carea' id='block_1_20' title="bbox 2194 752 3787 827">
    <p class='ocr_par' dir='ltr' id='par_1_20' title="bbox 2194 752 3787 827">
     <span class='ocr_line' id='line_1_20' title="bbox 2194 752 3787 827; baseline 0.003 -21"><span class='ocrx_word' id='word_1_112' title='bbox 2194 752 2356 817; x_wconf 73' lang='grc' dir='ltr'>ἵλεως</span> <span class='ocrx_word' id='word_1_113' title='bbox 2378 752 2523 825; x_wconf 83' lang='grc' dir='ltr'>είης)</span> <span class='ocrx_word' id='word_1_114' title='bbox 2548 753 2737 808; x_wconf 90' lang='grc' dir='ltr'>λαϐεῖν</span> <span class='ocrx_word' id='word_1_115' title='bbox 2770 755 3001 810; x_wconf 71' lang='grc' dir='ltr'>ἐπόθουν</span> <span class='ocrx_word' id='word_1_116' title='bbox 3035 757 3237 827; x_wconf 85' lang='grc' dir='ltr'>μᾶλλον</span> <span class='ocrx_word' id='word_1_117' title='bbox 3282 757 3382 826; x_wconf 80' lang='grc' dir='ltr'>τὴν</span> <span class='ocrx_word' id='word_1_118' title='bbox 3424 756 3605 823; x_wconf 80' lang='grc' dir='ltr'>δεξιάν</span> <span class='ocrx_word' id='word_1_119' title='bbox 3640 773 3656 789; x_wconf 87' lang='grc'><strong>·</strong></span> <span class='ocrx_word' id='word_1_120' title='bbox 3687 759 3787 811; x_wconf 68' lang='grc' dir='ltr'>έκ-</span> 
     </span>
    </p>
   </div>
   <div class='ocr_carea' id='block_1_21' title="bbox 2192 841 3783 919">
    <p class='ocr_par' dir='ltr' id='par_1_21' title="bbox 2192 841 3783 919">
     <span class='ocr_line' id='line_1_21' title="bbox 2192 841 3783 919; baseline 0.005 -24"><span class='ocrx_word' id='word_1_121' title='bbox 2192 841 2373 905; x_wconf 86' lang='grc' dir='ltr'>τείνας</span> <span class='ocrx_word' id='word_1_122' title='bbox 2416 843 2623 910; x_wconf 79' lang='grc' dir='ltr'>εὐθέως</span> <span class='ocrx_word' id='word_1_123' title='bbox 2679 844 2873 917; x_wconf 75' lang='grc' dir='ltr'>αὐτὴν,</span> <span class='ocrx_word' id='word_1_124' title='bbox 2906 846 3091 916; x_wconf 81' lang='grc' dir='ltr'><strong>ὀρέγει</strong></span> <span class='ocrx_word' id='word_1_125' title='bbox 3145 847 3248 919; x_wconf 76' lang='grc' dir='ltr'>τὴν</span> <span class='ocrx_word' id='word_1_126' title='bbox 3294 848 3568 917; x_wconf 79' lang='grc' dir='ltr'>εὐλογίαν,</span> <span class='ocrx_word' id='word_1_127' title='bbox 3591 849 3783 919; x_wconf 81' lang='grc' dir='ltr'>ἠρέμα</span> 
     </span>
    </p>
   </div>
   <div class='ocr_carea' id='block_1_22' title="bbox 2191 934 3793 1010">
    <p class='ocr_par' dir='ltr' id='par_1_22' title="bbox 2191 934 3793 1010">
     <span class='ocr_line' id='line_1_22' title="bbox 2191 934 3793 1010; baseline 0.003 -22"><span class='ocrx_word' id='word_1_128' title='bbox 2191 934 2272 1005; x_wconf 84' lang='grc' dir='ltr'><strong>τῷ</strong></span> <span class='ocrx_word' id='word_1_129' title='bbox 2305 936 2664 1010; x_wconf 80' lang='grc' dir='ltr'>πρεσϐυτέρῳ</span> <span class='ocrx_word' id='word_1_130' title='bbox 2697 939 2794 995; x_wconf 76' lang='grc' dir='ltr'><strong>καὶ</strong></span> <span class='ocrx_word' id='word_1_131' title='bbox 2842 940 3103 995; x_wconf 82' lang='grc' dir='ltr'>ἀπιστίαν</span> <span class='ocrx_word' id='word_1_132' title='bbox 3139 939 3678 1010; x_wconf 75' lang='grc' dir='ltr'>προσονειδίσας.ὲπὶ</span> <span class='ocrx_word' id='word_1_133' title='bbox 3695 940 3793 995; x_wconf 80' lang='grc' dir='ltr'>τέ-</span> 
     </span>
    </p>
   </div>
   <div class='ocr_carea' id='block_1_23' title="bbox 2193 1026 3783 1103">
    <p class='ocr_par' dir='ltr' id='par_1_23' title="bbox 2193 1026 3783 1103">
     <span class='ocr_line' id='line_1_23' title="bbox 2193 1026 3783 1103; baseline 0.004 -24"><span class='ocrx_word' id='word_1_134' title='bbox 2193 1026 2273 1080; x_wconf 87' lang='grc' dir='ltr'><strong>λει</strong></span> <span class='ocrx_word' id='word_1_135' title='bbox 2308 1027 2367 1081; x_wconf 80' lang='grc' dir='ltr'>δὲ</span> <span class='ocrx_word' id='word_1_136' title='bbox 2392 1029 2488 1081; x_wconf 74' lang='grc' dir='ltr'>καὶ</span> <span class='ocrx_word' id='word_1_137' title='bbox 2510 1029 2652 1102; x_wconf 75' lang='grc' dir='ltr'>ὅπερ</span> <span class='ocrx_word' id='word_1_138' title='bbox 2670 1030 2908 1086; x_wconf 82' lang='grc' dir='ltr'>ἀκοῦσαι</span> <span class='ocrx_word' id='word_1_139' title='bbox 2932 1030 3054 1085; x_wconf 87' lang='grc' dir='ltr'>λίαν</span> <span class='ocrx_word' id='word_1_140' title='bbox 3074 1032 3282 1096; x_wconf 74' lang='grc' dir='ltr'>ἐκεῖνος</span> <span class='ocrx_word' id='word_1_141' title='bbox 3304 1032 3464 1102; x_wconf 75' lang='grc' dir='ltr'>έδίψα</span> <span class='ocrx_word' id='word_1_142' title='bbox 3495 1032 3783 1103; x_wconf 73' lang='grc' dir='ltr'>προσθεὶς,</span> 
     </span>
    </p>
   </div>
   <div class='ocr_carea' id='block_1_24' title="bbox 2206 1119 3785 1196">
    <p class='ocr_par' dir='ltr' id='par_1_24' title="bbox 2206 1119 3785 1196">
     <span class='ocr_line' id='line_1_24' title="bbox 2206 1119 3785 1196; baseline 0.005 -25"><span class='ocrx_word' id='word_1_143' title='bbox 2206 1119 2477 1173; x_wconf 83' lang='grc' dir='ltr'>’Δπόλαϐε</span> <span class='ocrx_word' id='word_1_144' title='bbox 2520 1122 2611 1175; x_wconf 86' lang='grc' dir='ltr'><strong>τδν</strong></span> <span class='ocrx_word' id='word_1_145' title='bbox 2663 1123 2780 1177; x_wconf 87' lang='grc' dir='ltr'>υίδν</span> <span class='ocrx_word' id='word_1_146' title='bbox 2831 1125 2986 1193; x_wconf 82' lang='grc' dir='ltr'>ὑγιῆ.</span> <span class='ocrx_word' id='word_1_147' title='bbox 3047 1126 3114 1179; x_wconf 88' lang='lat'><strong>&#39;0</strong></span> <span class='ocrx_word' id='word_1_148' title='bbox 3155 1124 3431 1196; x_wconf 76' lang='grc' dir='ltr'><strong>τοσαύτην</strong></span> <span class='ocrx_word' id='word_1_149' title='bbox 3492 1123 3785 1190; x_wconf 70' lang='grc' dir='ltr'>ένέσταξεν</span> 
     </span>
    </p>
   </div>
   <div class='ocr_carea' id='block_1_25' title="bbox 2192 1210 3785 1289">
    <p class='ocr_par' dir='ltr' id='par_1_25' title="bbox 2192 1210 3785 1289">
     <span class='ocr_line' id='line_1_25' title="bbox 2192 1210 3785 1289; baseline 0.003 -24"><span class='ocrx_word' id='word_1_150' title='bbox 2192 1210 2361 1265; x_wconf 79' lang='grc' dir='ltr'>αὐτοῦ</span> <span class='ocrx_word' id='word_1_151' title='bbox 2390 1212 2706 1284; x_wconf 79' lang='grc' dir='ltr'><strong>γλυκύτητα</strong></span> <span class='ocrx_word' id='word_1_152' title='bbox 2729 1218 2797 1286; x_wconf 76' lang='grc' dir='ltr'>τῇ</span> <span class='ocrx_word' id='word_1_153' title='bbox 2828 1217 2998 1288; x_wconf 81' lang='grc' dir='ltr'>ψυχῇ,</span> <span class='ocrx_word' id='word_1_154' title='bbox 3022 1215 3100 1281; x_wconf 84' lang='grc' dir='ltr'><strong>ὡς</strong></span> <span class='ocrx_word' id='word_1_155' title='bbox 3144 1216 3284 1289; x_wconf 80' lang='grc' dir='ltr'>πρδς</span> <span class='ocrx_word' id='word_1_156' title='bbox 3329 1215 3431 1287; x_wconf 77' lang='grc' dir='ltr'>τὴν</span> <span class='ocrx_word' id='word_1_157' title='bbox 3455 1216 3654 1288; x_wconf 75' lang='grc' dir='ltr'>ἡδονὴν</span> <span class='ocrx_word' id='word_1_158' title='bbox 3684 1219 3785 1270; x_wconf 59' lang='grc' dir='ltr'><strong>αὐα-</strong></span> 
     </span>
    </p>
   </div>
   <div class='ocr_carea' id='block_1_26' title="bbox 2192 1305 3786 1380">
    <p class='ocr_par' dir='ltr' id='par_1_26' title="bbox 2192 1305 3786 1380">
     <span class='ocr_line' id='line_1_26' title="bbox 2192 1305 3786 1380; baseline 0 -19"><span class='ocrx_word' id='word_1_159' title='bbox 2192 1305 2323 1361; x_wconf 81' lang='grc' dir='ltr'>τίκα</span> <span class='ocrx_word' id='word_1_160' title='bbox 2362 1306 2767 1379; x_wconf 85' lang='grc' dir='ltr'>διυπνισθῆναι,</span> <span class='ocrx_word' id='word_1_161' title='bbox 2801 1309 2898 1363; x_wconf 73' lang='grc' dir='ltr'>καὶ</span> <span class='ocrx_word' id='word_1_162' title='bbox 2931 1309 3025 1362; x_wconf 82' lang='grc' dir='ltr'>τὸν</span> <span class='ocrx_word' id='word_1_163' title='bbox 3062 1310 3181 1363; x_wconf 83' lang='grc' dir='ltr'>υἱὸν</span> <span class='ocrx_word' id='word_1_164' title='bbox 3235 1309 3389 1379; x_wconf 75' lang='grc' dir='ltr'>ὕπνῳ</span> <span class='ocrx_word' id='word_1_165' title='bbox 3427 1308 3786 1380; x_wconf 81' lang='grc' dir='ltr'>χρησάμενον</span> 
     </span>
    </p>
   </div>
   <div class='ocr_carea' id='block_1_27' title="bbox 2194 1397 3787 1471">
    <p class='ocr_par' dir='ltr' id='par_1_27' title="bbox 2194 1397 3787 1471">
     <span class='ocr_line' id='line_1_27' title="bbox 2194 1397 3787 1471; baseline 0.001 -20"><span class='ocrx_word' id='word_1_166' title='bbox 2194 1399 2398 1471; x_wconf 77' lang='grc' dir='ltr'>εὑρεῖν,</span> <span class='ocrx_word' id='word_1_167' title='bbox 2436 1397 2535 1453; x_wconf 79' lang='grc' dir='ltr'>καὶ</span> <span class='ocrx_word' id='word_1_168' title='bbox 2582 1400 2722 1469; x_wconf 73' lang='grc' dir='ltr'>πρὸς</span> <span class='ocrx_word' id='word_1_169' title='bbox 2771 1400 2963 1469; x_wconf 79' lang='grc' dir='ltr'>ὑγείαν</span> <span class='ocrx_word' id='word_1_170' title='bbox 2981 1401 3081 1471; x_wconf 72' lang='grc' dir='ltr'>ἤδη</span> <span class='ocrx_word' id='word_1_171' title='bbox 3132 1400 3528 1471; x_wconf 85' lang='grc' dir='ltr'>μεταϐαλόντα.</span> <span class='ocrx_word' id='word_1_172' title='bbox 3568 1400 3628 1455; x_wconf 84' lang='grc'><strong>’0</strong></span> <span class='ocrx_word' id='word_1_173' title='bbox 3682 1400 3787 1469; x_wconf 74' lang='grc' dir='ltr'>μὲν</span> 
     </span>
    </p>
   </div>
   <div class='ocr_carea' id='block_1_28' title="bbox 2192 1487 3788 1563">
    <p class='ocr_par' dir='ltr' id='par_1_28' title="bbox 2192 1487 3788 1563">
     <span class='ocr_line' id='line_1_28' title="bbox 2192 1487 3788 1563; baseline 0.001 -19"><span class='ocrx_word' id='word_1_174' title='bbox 2192 1487 2286 1545; x_wconf 80' lang='grc' dir='ltr'>οὖν</span> <span class='ocrx_word' id='word_1_175' title='bbox 2332 1492 2519 1563; x_wconf 79' lang='grc' dir='ltr'>πατὴρ</span> <span class='ocrx_word' id='word_1_176' title='bbox 2566 1491 2743 1547; x_wconf 78' lang='grc' dir='ltr'>ἄνεισι</span> <span class='ocrx_word' id='word_1_177' title='bbox 2785 1491 2940 1562; x_wconf 85' lang='grc' dir='ltr'>παρᾶ</span> <span class='ocrx_word' id='word_1_178' title='bbox 2986 1492 3077 1545; x_wconf 81' lang='grc' dir='ltr'>τὸν</span> <span class='ocrx_word' id='word_1_179' title='bbox 3104 1492 3266 1561; x_wconf 76' lang='grc' dir='ltr'>ἅγιον</span> <span class='ocrx_word' id='word_1_180' title='bbox 3324 1491 3502 1557; x_wconf 77' lang='grc' dir='ltr'>αὖθις,</span> <span class='ocrx_word' id='word_1_181' title='bbox 3565 1490 3788 1561; x_wconf 83' lang='grc' dir='ltr'>σῶστρα</span> 
     </span>
    </p>
   </div>
   <div class='ocr_carea' id='block_1_29' title="bbox 2192 1583 3110 1655">
    <p class='ocr_par' dir='ltr' id='par_1_29' title="bbox 2192 1583 3110 1655">
     <span class='ocr_line' id='line_1_29' title="bbox 2192 1583 3110 1655; baseline 0 -18"><span class='ocrx_word' id='word_1_182' title='bbox 2192 1583 2301 1637; x_wconf 89' lang='grc' dir='ltr'><strong>τῶν</strong></span> <span class='ocrx_word' id='word_1_183' title='bbox 2332 1584 2602 1655; x_wconf 82' lang='grc' dir='ltr'><strong>δευτέρων</strong></span> <span class='ocrx_word' id='word_1_184' title='bbox 2634 1584 2768 1637; x_wconf 84' lang='grc' dir='ltr'>υἱῶν</span> <span class='ocrx_word' id='word_1_185' title='bbox 2796 1584 3110 1655; x_wconf 86' lang='grc' dir='ltr'>ἀπονέμων.</span> 
     </span>
    </p>
   </div>
   <div class='ocr_carea' id='block_1_30' title="bbox 564 1883 2101 1971">
    <p class='ocr_par' dir='ltr' id='par_1_30' title="bbox 564 1883 2089 1957">
     <span class='ocr_line' id='line_1_30' title="bbox 564 1883 2089 1957; baseline 0.007 -20"><span class='ocrx_word' id='word_1_186' title='bbox 564 1883 690 1937; x_wconf 71' lang='grc'><strong>255.</strong></span> <span class='ocrx_word' id='word_1_187' title='bbox 734 1883 903 1938; x_wconf 79' lang='lat' dir='ltr'><strong>Paulo</strong></span> <span class='ocrx_word' id='word_1_188' title='bbox 932 1893 1058 1954; x_wconf 91' lang='lat' dir='ltr'><strong>post</strong></span> <span class='ocrx_word' id='word_1_189' title='bbox 1099 1885 1296 1941; x_wconf 89' lang='lat' dir='ltr'><strong>tertius</strong></span> <span class='ocrx_word' id='word_1_190' title='bbox 1321 1902 1542 1957; x_wconf 88' lang='lat' dir='ltr'><strong>quoque</strong></span> <span class='ocrx_word' id='word_1_191' title='bbox 1571 1896 1703 1943; x_wconf 89' lang='lat' dir='ltr'><strong>natu</strong></span> <span class='ocrx_word' id='word_1_192' title='bbox 1733 1889 1881 1946; x_wconf 83' lang='lat' dir='ltr'><strong>ﬁlius</strong></span> <span class='ocrx_word' id='word_1_193' title='bbox 1909 1889 2089 1947; x_wconf 87' lang='lat' dir='ltr'><strong>vehe-</strong></span> 
     </span>
    </p>
   </div>
   <div class='ocr_carea' id='block_1_31' title="bbox 2204 1883 3793 1971">
    <p class='ocr_par' dir='ltr' id='par_1_31' title="bbox 2268 1887 3793 1963">
     <span class='ocr_line' id='line_1_31' title="bbox 2268 1887 3793 1963; baseline -0.001 -19"><span class='ocrx_word' id='word_1_194' title='bbox 2268 1893 2404 1961; x_wconf 85' lang='grc' dir='ltr'>σλγ’.</span> <span class='ocrx_word' id='word_1_195' title='bbox 2447 1891 2647 1963; x_wconf 84' lang='grc' dir='ltr'>Ὀλίγῳ</span> <span class='ocrx_word' id='word_1_196' title='bbox 2696 1891 2753 1944; x_wconf 77' lang='grc' dir='ltr'>δὲ</span> <span class='ocrx_word' id='word_1_197' title='bbox 2805 1890 3032 1962; x_wconf 78' lang='grc' dir='ltr'>ὕστερον</span> <span class='ocrx_word' id='word_1_198' title='bbox 3071 1890 3166 1943; x_wconf 68' lang='grc' dir='ltr'>καὶ</span> <span class='ocrx_word' id='word_1_199' title='bbox 3208 1888 3303 1943; x_wconf 87' lang='grc' dir='ltr'><strong>τοῦ</strong></span> <span class='ocrx_word' id='word_1_200' title='bbox 3336 1888 3517 1961; x_wconf 79' lang='grc' dir='ltr'>τρίτου</span> <span class='ocrx_word' id='word_1_201' title='bbox 3560 1887 3793 1959; x_wconf 84' lang='grc' dir='ltr'>λαύροις</span> 
     </span>
    </p>
   </div>
   <div class='ocr_carea' id='block_1_32' title="bbox 496 1973 2089 2044">
    <p class='ocr_par' dir='ltr' id='par_1_32' title="bbox 496 1973 2089 2044">
     <span class='ocr_line' id='line_1_32' title="bbox 496 1973 2089 2044; baseline 0.006 -18"><span class='ocrx_word' id='word_1_202' title='bbox 496 1973 779 2028; x_wconf 87' lang='lat' dir='ltr'><strong>mentibus</strong></span> <span class='ocrx_word' id='word_1_203' title='bbox 811 1974 950 2029; x_wconf 88' lang='lat' dir='ltr'><strong>adeo</strong></span> <span class='ocrx_word' id='word_1_204' title='bbox 987 1975 1238 2031; x_wconf 76' lang='lat' dir='ltr'><strong>febribus</strong></span> <span class='ocrx_word' id='word_1_205' title='bbox 1288 1984 1533 2033; x_wconf 88' lang='lat' dir='ltr'><strong>tentatus</strong></span> <span class='ocrx_word' id='word_1_206' title='bbox 1570 1988 1677 2044; x_wconf 89' lang='lat' dir='ltr'><strong>est,</strong></span> <span class='ocrx_word' id='word_1_207' title='bbox 1718 1989 1779 2035; x_wconf 93' lang='lat' dir='ltr'><strong>ut</strong></span> <span class='ocrx_word' id='word_1_208' title='bbox 1807 1980 1920 2035; x_wconf 90' lang='lat' dir='ltr'><strong>vita</strong></span> <span class='ocrx_word' id='word_1_209' title='bbox 1963 1980 2089 2035; x_wconf 86' lang='lat' dir='ltr'><strong>lon-</strong></span> 
     </span>
    </p>
   </div>
   <div class='ocr_carea' id='block_1_33' title="bbox 498 2063 2091 2143">
    <p class='ocr_par' dir='ltr' id='par_1_33' title="bbox 498 2063 2091 2143">
     <span class='ocr_line' id='line_1_33' title="bbox 498 2063 2091 2143; baseline 0.008 -27"><span class='ocrx_word' id='word_1_210' title='bbox 498 2063 622 2134; x_wconf 90' lang='lat' dir='ltr'><strong>gius</strong></span> <span class='ocrx_word' id='word_1_211' title='bbox 678 2064 1037 2133; x_wconf 90' lang='lat' dir='ltr'><strong>producenda</strong></span> <span class='ocrx_word' id='word_1_212' title='bbox 1096 2066 1507 2137; x_wconf 79' lang='lat' dir='ltr'><strong>(ieSperaretur.</strong></span> <span class='ocrx_word' id='word_1_213' title='bbox 1565 2070 1712 2126; x_wconf 88' lang='lat' dir='ltr'><strong>Puer</strong></span> <span class='ocrx_word' id='word_1_214' title='bbox 1743 2073 2091 2143; x_wconf 63' lang='lat' dir='ltr'><strong>pratoptabat</strong></span> 
     </span>
    </p>
   </div>
   <div class='ocr_carea' id='block_1_34' title="bbox 500 2156 2092 2237">
    <p class='ocr_par' dir='ltr' id='par_1_34' title="bbox 500 2156 2092 2237">
     <span class='ocr_line' id='line_1_34' title="bbox 500 2156 2092 2237; baseline 0.007 -27"><span class='ocrx_word' id='word_1_215' title='bbox 500 2156 773 2228; x_wconf 89' lang='lat' dir='ltr'><strong>imprimis</strong></span> <span class='ocrx_word' id='word_1_216' title='bbox 794 2158 860 2212; x_wconf 91' lang='lat' dir='ltr'><strong>ad</strong></span> <span class='ocrx_word' id='word_1_217' title='bbox 892 2167 1141 2215; x_wconf 90' lang='lat' dir='ltr'><strong>sanctum</strong></span> <span class='ocrx_word' id='word_1_218' title='bbox 1170 2161 1500 2233; x_wconf 82' lang='lat' dir='ltr'><strong>Symeonem</strong></span> <span class='ocrx_word' id='word_1_219' title='bbox 1533 2163 1734 2221; x_wconf 89' lang='lat' dir='ltr'><strong>adduci</strong></span> <span class='ocrx_word' id='word_1_220' title='bbox 1771 2184 1783 2220; x_wconf 93' lang='lat'><strong>:</strong></span> <span class='ocrx_word' id='word_1_221' title='bbox 1813 2176 1972 2237; x_wconf 87' lang='lat' dir='ltr'><strong>pater</strong></span> <span class='ocrx_word' id='word_1_222' title='bbox 1993 2184 2092 2222; x_wconf 88' lang='lat' dir='ltr'><strong>au-</strong></span> 
     </span>
    </p>
   </div>
   <div class='ocr_carea' id='block_1_35' title="bbox 2192 1979 3794 2053">
    <p class='ocr_par' dir='ltr' id='par_1_35' title="bbox 2192 1979 3794 2053">
     <span class='ocr_line' id='line_1_35' title="bbox 2192 1979 3794 2053; baseline -0.001 -17"><span class='ocrx_word' id='word_1_223' title='bbox 2192 1985 2449 2053; x_wconf 80' lang='grc' dir='ltr'>πυρετοῖς</span> <span class='ocrx_word' id='word_1_224' title='bbox 2496 1982 2849 2053; x_wconf 80' lang='grc' dir='ltr'>συσχεθέντος</span> <span class='ocrx_word' id='word_1_225' title='bbox 2882 1982 3194 2050; x_wconf 82' lang='grc' dir='ltr'>ἀπόγνωσις</span> <span class='ocrx_word' id='word_1_226' title='bbox 3240 1980 3386 2049; x_wconf 80' lang='grc' dir='ltr'>ζωῆς</span> <span class='ocrx_word' id='word_1_227' title='bbox 3426 1979 3488 2033; x_wconf 74' lang='grc' dir='ltr'>τὸ</span> <span class='ocrx_word' id='word_1_228' title='bbox 3541 1980 3794 2050; x_wconf 80' lang='grc' dir='ltr'>παρεπό-</span> 
     </span>
    </p>
   </div>
   <div class='ocr_carea' id='block_1_36' title="bbox 2197 2069 3787 2145">
    <p class='ocr_par' dir='ltr' id='par_1_36' title="bbox 2197 2069 3787 2145">
     <span class='ocr_line' id='line_1_36' title="bbox 2197 2069 3787 2145; baseline -0.001 -20"><span class='ocrx_word' id='word_1_229' title='bbox 2197 2089 2356 2145; x_wconf 78' lang='grc' dir='ltr'>μενον</span> <span class='ocrx_word' id='word_1_230' title='bbox 2387 2069 2477 2144; x_wconf 79' lang='grc' dir='ltr'><strong>ἦν.</strong></span> <span class='ocrx_word' id='word_1_231' title='bbox 2523 2074 2634 2127; x_wconf 76' lang='grc' dir='ltr'><strong>Καὶ</strong></span> <span class='ocrx_word' id='word_1_232' title='bbox 2661 2075 2688 2127; x_wconf 98' lang='lat'><strong>6</strong></span> <span class='ocrx_word' id='word_1_233' title='bbox 2730 2073 2826 2143; x_wconf 83' lang='grc' dir='ltr'>μὲν</span> <span class='ocrx_word' id='word_1_234' title='bbox 2860 2072 2937 2137; x_wconf 82' lang='grc' dir='ltr'>ὼς</span> <span class='ocrx_word' id='word_1_235' title='bbox 2968 2073 3062 2126; x_wconf 80' lang='grc' dir='ltr'>τὸν</span> <span class='ocrx_word' id='word_1_236' title='bbox 3097 2070 3239 2125; x_wconf 87' lang='grc' dir='ltr'>θεῖον</span> <span class='ocrx_word' id='word_1_237' title='bbox 3265 2069 3490 2142; x_wconf 85' lang='grc' dir='ltr'>Συμεὼν</span> <span class='ocrx_word' id='word_1_238' title='bbox 3514 2071 3787 2142; x_wconf 76' lang='grc' dir='ltr'>ἀνακομι-</span> 
     </span>
    </p>
   </div>
   <div class='ocr_carea' id='block_1_37' title="bbox 2197 2163 3787 2238">
    <p class='ocr_par' dir='ltr' id='par_1_37' title="bbox 2197 2163 3787 2238">
     <span class='ocr_line' id='line_1_37' title="bbox 2197 2163 3787 2238; baseline -0.001 -19"><span class='ocrx_word' id='word_1_239' title='bbox 2197 2168 2387 2238; x_wconf 84' lang='grc' dir='ltr'>σθῆναι</span> <span class='ocrx_word' id='word_1_240' title='bbox 2415 2167 2693 2237; x_wconf 80' lang='grc' dir='ltr'>προῄρητο</span> <span class='ocrx_word' id='word_1_241' title='bbox 2712 2183 2725 2196; x_wconf 93' lang='grc'><strong>·</strong></span> <span class='ocrx_word' id='word_1_242' title='bbox 2754 2168 2782 2219; x_wconf 87' lang='grc' dir='ltr'><strong>ὀ</strong></span> <span class='ocrx_word' id='word_1_243' title='bbox 2802 2166 2858 2219; x_wconf 83' lang='grc' dir='ltr'>δὲ</span> <span class='ocrx_word' id='word_1_244' title='bbox 2891 2164 3098 2236; x_wconf 76' lang='grc' dir='ltr'>πατὴρ,</span> <span class='ocrx_word' id='word_1_245' title='bbox 3123 2165 3223 2235; x_wconf 81' lang='grc' dir='ltr'>ὅση</span> <span class='ocrx_word' id='word_1_246' title='bbox 3251 2165 3347 2217; x_wconf 80' lang='grc' dir='ltr'>καὶ</span> <span class='ocrx_word' id='word_1_247' title='bbox 3368 2163 3478 2217; x_wconf 83' lang='grc' dir='ltr'>ἀπὸ</span> <span class='ocrx_word' id='word_1_248' title='bbox 3505 2164 3787 2234; x_wconf 81' lang='grc' dir='ltr'>μακρόθεν</span> 
     </span>
    </p>
   </div>
   <div class='ocr_carea' id='block_1_38' title="bbox 502 2252 2101 2331">
    <p class='ocr_par' dir='ltr' id='par_1_38' title="bbox 502 2252 2093 2331">
     <span class='ocr_line' id='line_1_38' title="bbox 502 2252 2093 2331; baseline 0.008 -28"><span class='ocrx_word' id='word_1_249' title='bbox 502 2256 611 2303; x_wconf 90' lang='lat' dir='ltr'><strong>tem</strong></span> <span class='ocrx_word' id='word_1_250' title='bbox 636 2252 978 2321; x_wconf 77' lang='lat' dir='ltr'><strong>experientia</strong></span> <span class='ocrx_word' id='word_1_251' title='bbox 1020 2253 1075 2306; x_wconf 90' lang='lat' dir='ltr'><strong>in</strong></span> <span class='ocrx_word' id='word_1_252' title='bbox 1112 2255 1444 2324; x_wconf 66' lang='lat' dir='ltr'><strong>praecedenti</strong></span> <span class='ocrx_word' id='word_1_253' title='bbox 1488 2256 1601 2312; x_wconf 81' lang='lat' dir='ltr'><strong>ﬁlio</strong></span> <span class='ocrx_word' id='word_1_254' title='bbox 1631 2258 1849 2326; x_wconf 91' lang='lat' dir='ltr'><strong>doetus,</strong></span> <span class='ocrx_word' id='word_1_255' title='bbox 1887 2270 2093 2331; x_wconf 85' lang='lat' dir='ltr'><strong>quanta</strong></span> 
     </span>
    </p>
   </div>
   <div class='ocr_carea' id='block_1_39' title="bbox 2204 2252 3786 2331">
    <p class='ocr_par' dir='ltr' id='par_1_39' title="bbox 2204 2253 3786 2329">
     <span class='ocr_line' id='line_1_39' title="bbox 2204 2253 3786 2329; baseline -0.003 -15"><span class='ocrx_word' id='word_1_256' title='bbox 2204 2256 2300 2316; x_wconf 62' lang='grc' dir='ltr'>οἵδε</span> <span class='ocrx_word' id='word_1_257' title='bbox 2327 2260 2558 2329; x_wconf 84' lang='grc' dir='ltr'>δύναμις</span> <span class='ocrx_word' id='word_1_258' title='bbox 2589 2257 2653 2323; x_wconf 77' lang='grc' dir='ltr'>ἐξ</span> <span class='ocrx_word' id='word_1_259' title='bbox 2674 2258 2884 2312; x_wconf 81' lang='grc' dir='ltr'>ἐκείνου</span> <span class='ocrx_word' id='word_1_260' title='bbox 2919 2258 3111 2328; x_wconf 79' lang='grc' dir='ltr'>φοιτᾷν</span> <span class='ocrx_word' id='word_1_261' title='bbox 3153 2256 3261 2309; x_wconf 82' lang='grc' dir='ltr'><strong>ἀπὸ</strong></span> <span class='ocrx_word' id='word_1_262' title='bbox 3291 2253 3386 2309; x_wconf 89' lang='grc' dir='ltr'><strong>τοῦ</strong></span> <span class='ocrx_word' id='word_1_263' title='bbox 3418 2254 3786 2326; x_wconf 79' lang='grc' dir='ltr'>προλαϐόντος</span> 
     </span>
    </p>
   </div>
   <div class='ocr_carea' id='block_1_40' title="bbox 497 2341 2092 2421">
    <p class='ocr_par' dir='ltr' id='par_1_40' title="bbox 497 2341 2092 2421">
     <span class='ocr_line' id='line_1_40' title="bbox 497 2341 2092 2421; baseline 0.008 -26"><span class='ocrx_word' id='word_1_264' title='bbox 497 2341 664 2396; x_wconf 88' lang='lat' dir='ltr'><strong>etiam</strong></span> <span class='ocrx_word' id='word_1_265' title='bbox 700 2342 889 2412; x_wconf 88' lang='lat' dir='ltr'><strong>procul</strong></span> <span class='ocrx_word' id='word_1_266' title='bbox 933 2344 1257 2400; x_wconf 86' lang='lat' dir='ltr'><strong>absentibus</strong></span> <span class='ocrx_word' id='word_1_267' title='bbox 1298 2364 1328 2402; x_wconf 90' lang='lat' dir='ltr'><strong>a</strong></span> <span class='ocrx_word' id='word_1_268' title='bbox 1373 2347 1646 2421; x_wconf 83' lang='lat' dir='ltr'><strong>Symeone</strong></span> <span class='ocrx_word' id='word_1_269' title='bbox 1698 2351 1879 2406; x_wconf 88' lang='lat' dir='ltr'><strong>virtus</strong></span> <span class='ocrx_word' id='word_1_270' title='bbox 1916 2353 2092 2408; x_wconf 90' lang='lat' dir='ltr'><strong>soleat</strong></span> 
     </span>
    </p>
   </div>
   <div class='ocr_carea' id='block_1_41' title="bbox 498 2429 2093 2512">
    <p class='ocr_par' dir='ltr' id='par_1_41' title="bbox 498 2429 2093 2512">
     <span class='ocr_line' id='line_1_41' title="bbox 498 2429 2093 2512; baseline 0.009 -29"><span class='ocrx_word' id='word_1_271' title='bbox 498 2429 652 2485; x_wconf 81' lang='lat' dir='ltr'><strong>exire</strong></span> <span class='ocrx_word' id='word_1_272' title='bbox 682 2448 694 2483; x_wconf 90' lang='lat'><strong>:</strong></span> <span class='ocrx_word' id='word_1_273' title='bbox 724 2431 928 2495; x_wconf 84' lang='lat' dir='ltr'><strong>Potest,</strong></span> <span class='ocrx_word' id='word_1_274' title='bbox 984 2432 1061 2487; x_wconf 88' lang='lat' dir='ltr'><strong>lili</strong></span> <span class='ocrx_word' id='word_1_275' title='bbox 1118 2436 1215 2500; x_wconf 91' lang='lat' dir='ltr'><strong>mi,</strong></span> <span class='ocrx_word' id='word_1_276' title='bbox 1274 2437 1479 2508; x_wconf 85' lang='lat' dir='ltr'><strong>inquit,</strong></span> <span class='ocrx_word' id='word_1_277' title='bbox 1515 2449 1741 2495; x_wconf 90' lang='lat' dir='ltr'><strong>sanctus</strong></span> <span class='ocrx_word' id='word_1_278' title='bbox 1776 2440 2093 2512; x_wconf 77' lang='lat' dir='ltr'><strong>visitatione</strong></span> 
     </span>
    </p>
   </div>
   <div class='ocr_carea' id='block_1_42' title="bbox 503 2521 2096 2602">
    <p class='ocr_par' dir='ltr' id='par_1_42' title="bbox 503 2521 2096 2602">
     <span class='ocr_line' id='line_1_42' title="bbox 503 2521 2096 2602; baseline 0.009 -27"><span class='ocrx_word' id='word_1_279' title='bbox 503 2529 597 2575; x_wconf 90' lang='lat' dir='ltr'><strong>tua</strong></span> <span class='ocrx_word' id='word_1_280' title='bbox 647 2529 699 2576; x_wconf 92' lang='lat' dir='ltr'><strong>te</strong></span> <span class='ocrx_word' id='word_1_281' title='bbox 736 2521 1093 2579; x_wconf 89' lang='lat' dir='ltr'><strong>invisibiliter</strong></span> <span class='ocrx_word' id='word_1_282' title='bbox 1157 2526 1263 2582; x_wconf 86' lang='lat' dir='ltr'><strong>hoc</strong></span> <span class='ocrx_word' id='word_1_283' title='bbox 1310 2530 1475 2583; x_wconf 90' lang='lat' dir='ltr'><strong>etiam</strong></span> <span class='ocrx_word' id='word_1_284' title='bbox 1519 2528 1643 2584; x_wconf 84' lang='lat' dir='ltr'><strong>loco</strong></span> <span class='ocrx_word' id='word_1_285' title='bbox 1686 2530 1921 2602; x_wconf 84' lang='lat' dir='ltr'><strong>dignari.</strong></span> <span class='ocrx_word' id='word_1_286' title='bbox 1981 2534 2096 2590; x_wconf 84' lang='lat' dir='ltr'><strong>Nec</strong></span> 
     </span>
    </p>
   </div>
   <div class='ocr_carea' id='block_1_43' title="bbox 502 2617 2095 2693">
    <p class='ocr_par' dir='ltr' id='par_1_43' title="bbox 502 2617 2095 2693">
     <span class='ocr_line' id='line_1_43' title="bbox 502 2617 2095 2693; baseline 0.008 -27"><span class='ocrx_word' id='word_1_287' title='bbox 502 2622 770 2678; x_wconf 87' lang='lat' dir='ltr'><strong>moratus,</strong></span> <span class='ocrx_word' id='word_1_288' title='bbox 815 2617 1095 2671; x_wconf 80' lang='lat' dir='ltr'><strong>convertit</strong></span> <span class='ocrx_word' id='word_1_289' title='bbox 1128 2634 1186 2672; x_wconf 91' lang='lat' dir='ltr'><strong>se</strong></span> <span class='ocrx_word' id='word_1_290' title='bbox 1237 2635 1398 2690; x_wconf 91' lang='lat' dir='ltr'><strong>puer,</strong></span> <span class='ocrx_word' id='word_1_291' title='bbox 1440 2630 1497 2675; x_wconf 89' lang='lat' dir='ltr'><strong>et</strong></span> <span class='ocrx_word' id='word_1_292' title='bbox 1543 2637 1679 2676; x_wconf 87' lang='lat' dir='ltr'><strong>voce</strong></span> <span class='ocrx_word' id='word_1_293' title='bbox 1710 2638 1873 2691; x_wconf 89' lang='lat' dir='ltr'><strong>quam</strong></span> <span class='ocrx_word' id='word_1_294' title='bbox 1914 2631 2095 2693; x_wconf 87' lang='lat' dir='ltr'><strong>potest</strong></span> 
     </span>
    </p>
   </div>
   <div class='ocr_carea' id='block_1_44' title="bbox 500 2709 2095 2787">
    <p class='ocr_par' dir='ltr' id='par_1_44' title="bbox 500 2709 2095 2787">
     <span class='ocr_line' id='line_1_44' title="bbox 500 2709 2095 2787; baseline 0.009 -24"><span class='ocrx_word' id='word_1_295' title='bbox 500 2709 810 2766; x_wconf 89' lang='lat' dir='ltr'><strong>clarissima</strong></span> <span class='ocrx_word' id='word_1_296' title='bbox 842 2713 1109 2768; x_wconf 84' lang='lat' dir='ltr'><strong>exclamat</strong></span> <span class='ocrx_word' id='word_1_297' title='bbox 1137 2732 1150 2767; x_wconf 92' lang='lat'><strong>:</strong></span> <span class='ocrx_word' id='word_1_298' title='bbox 1183 2714 1228 2770; x_wconf 92' lang='grc' dir='ltr'>Ο</span> <span class='ocrx_word' id='word_1_299' title='bbox 1253 2716 1511 2787; x_wconf 86' lang='lat' dir='ltr'><strong>Symeon,</strong></span> <span class='ocrx_word' id='word_1_300' title='bbox 1533 2718 1744 2773; x_wconf 90' lang='lat' dir='ltr'><strong>electus</strong></span> <span class='ocrx_word' id='word_1_301' title='bbox 1768 2736 1799 2773; x_wconf 92' lang='lat' dir='ltr'><strong>a</strong></span> <span class='ocrx_word' id='word_1_302' title='bbox 1827 2721 1959 2787; x_wconf 91' lang='lat' dir='ltr'><strong>Deo,</strong></span> <span class='ocrx_word' id='word_1_303' title='bbox 1986 2723 2095 2779; x_wconf 89' lang='lat' dir='ltr'><strong>mi-</strong></span> 
     </span>
    </p>
   </div>
   <div class='ocr_carea' id='block_1_45' title="bbox 502 2801 2097 2879">
    <p class='ocr_par' dir='ltr' id='par_1_45' title="bbox 502 2801 2097 2879">
     <span class='ocr_line' id='line_1_45' title="bbox 502 2801 2097 2879; baseline 0.008 -25"><span class='ocrx_word' id='word_1_304' title='bbox 502 2815 689 2854; x_wconf 78' lang='lat' dir='ltr'><strong>serere</strong></span> <span class='ocrx_word' id='word_1_305' title='bbox 720 2801 847 2856; x_wconf 90' lang='lat' dir='ltr'><strong>mei.</strong></span> <span class='ocrx_word' id='word_1_306' title='bbox 901 2801 1040 2857; x_wconf 91' lang='lat' dir='ltr'><strong>Tum</strong></span> <span class='ocrx_word' id='word_1_307' title='bbox 1078 2805 1145 2859; x_wconf 90' lang='lat' dir='ltr'><strong>ad</strong></span> <span class='ocrx_word' id='word_1_308' title='bbox 1195 2815 1408 2875; x_wconf 88' lang='lat' dir='ltr'><strong>patrem</strong></span> <span class='ocrx_word' id='word_1_309' title='bbox 1440 2828 1451 2861; x_wconf 90' lang='lat'><strong>:</strong></span> <span class='ocrx_word' id='word_1_310' title='bbox 1486 2808 1741 2863; x_wconf 80' lang='lat' dir='ltr'><strong>Suilitum</strong></span> <span class='ocrx_word' id='word_1_311' title='bbox 1794 2810 1975 2879; x_wconf 88' lang='lat' dir='ltr'><strong>adole,</strong></span> <span class='ocrx_word' id='word_1_312' title='bbox 2012 2812 2097 2867; x_wconf 87' lang='lat' dir='ltr'><strong>in-</strong></span> 
     </span>
    </p>
   </div>
   <div class='ocr_carea' id='block_1_46' title="bbox 502 2893 2092 2971">
    <p class='ocr_par' dir='ltr' id='par_1_46' title="bbox 502 2893 2092 2971">
     <span class='ocr_line' id='line_1_46' title="bbox 502 2893 2092 2971; baseline 0.006 -24"><span class='ocrx_word' id='word_1_313' title='bbox 502 2893 643 2963; x_wconf 82' lang='lat' dir='ltr'><strong>quit,</strong></span> <span class='ocrx_word' id='word_1_314' title='bbox 667 2909 796 2950; x_wconf 91' lang='lat' dir='ltr'><strong>ecce</strong></span> <span class='ocrx_word' id='word_1_315' title='bbox 820 2896 968 2950; x_wconf 90' lang='lat' dir='ltr'><strong>enim</strong></span> <span class='ocrx_word' id='word_1_316' title='bbox 1006 2896 1243 2953; x_wconf 80' lang='lat' dir='ltr'><strong>famulus</strong></span> <span class='ocrx_word' id='word_1_317' title='bbox 1267 2899 1364 2953; x_wconf 87' lang='lat' dir='ltr'><strong>Dei</strong></span> <span class='ocrx_word' id='word_1_318' title='bbox 1392 2900 1445 2953; x_wconf 90' lang='lat' dir='ltr'><strong>in</strong></span> <span class='ocrx_word' id='word_1_319' title='bbox 1476 2911 1776 2971; x_wconf 90' lang='lat' dir='ltr'><strong>conspectu</strong></span> <span class='ocrx_word' id='word_1_320' title='bbox 1804 2918 1927 2957; x_wconf 91' lang='lat' dir='ltr'><strong>meo</strong></span> <span class='ocrx_word' id='word_1_321' title='bbox 1954 2912 2092 2958; x_wconf 89' lang='lat' dir='ltr'><strong>stat:</strong></span> 
     </span>
    </p>
   </div>
   <div class='ocr_carea' id='block_1_47' title="bbox 501 2972 2096 3061">
    <p class='ocr_par' dir='ltr' id='par_1_47' title="bbox 501 2972 2096 3061">
     <span class='ocr_line' id='line_1_47' title="bbox 501 2972 2096 3061; baseline 0.007 -22"><span class='ocrx_word' id='word_1_322' title='bbox 501 3000 699 3041; x_wconf 89' lang='lat' dir='ltr'><strong>manus</strong></span> <span class='ocrx_word' id='word_1_323' title='bbox 742 2972 954 3043; x_wconf 55' lang='lat' dir='ltr'><strong>a‘rmata</strong></span> <span class='ocrx_word' id='word_1_324' title='bbox 987 3000 1072 3045; x_wconf 90' lang='lat' dir='ltr'><strong>est</strong></span> <span class='ocrx_word' id='word_1_325' title='bbox 1097 2990 1249 3061; x_wconf 84' lang='lat' dir='ltr'><strong>virga</strong></span> <span class='ocrx_word' id='word_1_326' title='bbox 1301 2990 1480 3046; x_wconf 82' lang='lat' dir='ltr'><strong>ferrea</strong></span> <span class='ocrx_word' id='word_1_327' title='bbox 1514 3000 1569 3046; x_wconf 91' lang='lat' dir='ltr'><strong>et</strong></span> <span class='ocrx_word' id='word_1_328' title='bbox 1603 3005 1797 3049; x_wconf 88' lang='lat' dir='ltr'><strong>catena</strong></span> <span class='ocrx_word' id='word_1_329' title='bbox 1841 3010 1906 3051; x_wconf 85' lang='lat' dir='ltr'><strong>ex</strong></span> <span class='ocrx_word' id='word_1_330' title='bbox 1948 2996 2096 3051; x_wconf 82' lang='lat' dir='ltr'><strong>ferro</strong></span> 
     </span>
    </p>
   </div>
   <div class='ocr_carea' id='block_1_48' title="bbox 504 3078 2098 3159">
    <p class='ocr_par' dir='ltr' id='par_1_48' title="bbox 504 3078 2098 3159">
     <span class='ocr_line' id='line_1_48' title="bbox 504 3078 2098 3159; baseline 0.009 -28"><span class='ocrx_word' id='word_1_331' title='bbox 504 3078 676 3148; x_wconf 82' lang='lat' dir='ltr'><strong>ignito</strong></span> <span class='ocrx_word' id='word_1_332' title='bbox 724 3097 737 3133; x_wconf 94' lang='lat'><strong>:</strong></span> <span class='ocrx_word' id='word_1_333' title='bbox 786 3097 894 3151; x_wconf 90' lang='lat' dir='ltr'><strong>qua</strong></span> <span class='ocrx_word' id='word_1_334' title='bbox 946 3081 1275 3148; x_wconf 72' lang='lat' dir='ltr'><strong>daemonem,</strong></span> <span class='ocrx_word' id='word_1_335' title='bbox 1320 3086 1700 3155; x_wconf 83' lang='lat' dir='ltr'><strong>magnitudine</strong></span> <span class='ocrx_word' id='word_1_336' title='bbox 1733 3089 1984 3159; x_wconf 82' lang='lat' dir='ltr'><strong>gigantea</strong></span> <span class='ocrx_word' id='word_1_337' title='bbox 2041 3098 2098 3145; x_wconf 92' lang='lat' dir='ltr'><strong>et</strong></span> 
     </span>
    </p>
   </div>
   <div class='ocr_carea' id='block_1_49' title="bbox 503 3172 2097 3252">
    <p class='ocr_par' dir='ltr' id='par_1_49' title="bbox 503 3172 2097 3252">
     <span class='ocr_line' id='line_1_49' title="bbox 503 3172 2097 3252; baseline 0.007 -27"><span class='ocrx_word' id='word_1_338' title='bbox 503 3172 624 3227; x_wconf 91' lang='lat' dir='ltr'><strong>visu</strong></span> <span class='ocrx_word' id='word_1_339' title='bbox 674 3174 1005 3239; x_wconf 90' lang='lat' dir='ltr'><strong>terribilem,</strong></span> <span class='ocrx_word' id='word_1_340' title='bbox 1058 3185 1207 3232; x_wconf 79' lang='lat' dir='ltr'><strong>arcte</strong></span> <span class='ocrx_word' id='word_1_341' title='bbox 1254 3180 1609 3239; x_wconf 84' lang='lat' dir='ltr'><strong>constrinxit.</strong></span> <span class='ocrx_word' id='word_1_342' title='bbox 1664 3181 1927 3237; x_wconf 87' lang='lat' dir='ltr'><strong>revinctis</strong></span> <span class='ocrx_word' id='word_1_343' title='bbox 1973 3189 2097 3252; x_wconf 91' lang='lat' dir='ltr'><strong>post</strong></span> 
     </span>
    </p>
   </div>
   <div class='ocr_carea' id='block_1_50' title="bbox 505 3253 2168 3342">
    <p class='ocr_par' dir='ltr' id='par_1_50' title="bbox 505 3253 2168 3342">
     <span class='ocr_line' id='line_1_50' title="bbox 505 3253 2168 3342; baseline 0.009 -28"><span class='ocrx_word' id='word_1_344' title='bbox 505 3269 721 3333; x_wconf 78' lang='lat' dir='ltr'><strong>tergum</strong></span> <span class='ocrx_word' id='word_1_345' title='bbox 771 3264 1025 3319; x_wconf 91' lang='lat' dir='ltr'><strong>manibus</strong></span> <span class='ocrx_word' id='word_1_346' title='bbox 1063 3283 1076 3319; x_wconf 89' lang='lat'><strong>:</strong></span> <span class='ocrx_word' id='word_1_347' title='bbox 1108 3266 1337 3337; x_wconf 85' lang='lat' dir='ltr'><strong>jamque</strong></span> <span class='ocrx_word' id='word_1_348' title='bbox 1380 3269 1659 3324; x_wconf 87' lang='lat' dir='ltr'><strong>clibanum</strong></span> <span class='ocrx_word' id='word_1_349' title='bbox 1710 3288 1930 3342; x_wconf 84' lang='lat' dir='ltr'><strong>quoque</strong></span> <span class='ocrx_word' id='word_1_350' title='bbox 1974 3253 2168 3328; x_wconf 70' lang='grc' dir='ltr'>δυο-θ</span> 
     </span>
    </p>
   </div>
   <div class='ocr_carea' id='block_1_51' title="bbox 504 3352 2100 3427">
    <p class='ocr_par' dir='ltr' id='par_1_51' title="bbox 504 3352 2100 3427">
     <span class='ocr_line' id='line_1_51' title="bbox 504 3352 2100 3427; baseline 0.007 -20"><span class='ocrx_word' id='word_1_351' title='bbox 504 3352 693 3407; x_wconf 86' lang='lat' dir='ltr'><strong>cendit</strong></span> <span class='ocrx_word' id='word_1_352' title='bbox 734 3354 879 3424; x_wconf 87' lang='lat' dir='ltr'><strong>igne,</strong></span> <span class='ocrx_word' id='word_1_353' title='bbox 912 3371 1021 3425; x_wconf 91' lang='lat' dir='ltr'><strong>quo</strong></span> <span class='ocrx_word' id='word_1_354' title='bbox 1068 3372 1305 3427; x_wconf 87' lang='lat' dir='ltr'><strong>nequam</strong></span> <span class='ocrx_word' id='word_1_355' title='bbox 1355 3359 1510 3414; x_wconf 91' lang='lat' dir='ltr'><strong>illum</strong></span> <span class='ocrx_word' id='word_1_356' title='bbox 1560 3362 1871 3418; x_wconf 89' lang='lat' dir='ltr'><strong>comburat.</strong></span> <span class='ocrx_word' id='word_1_357' title='bbox 1906 3363 2100 3419; x_wconf 72' lang='lat' dir='ltr'><strong>isthtec</strong></span> 
     </span>
    </p>
   </div>
   <div class='ocr_carea' id='block_1_52' title="bbox 506 3443 2099 3526">
    <p class='ocr_par' dir='ltr' id='par_1_52' title="bbox 506 3443 2099 3526">
     <span class='ocr_line' id='line_1_52' title="bbox 506 3443 2099 3526; baseline 0.008 -29"><span class='ocrx_word' id='word_1_358' title='bbox 506 3443 769 3513; x_wconf 90' lang='lat' dir='ltr'><strong>loquente</strong></span> <span class='ocrx_word' id='word_1_359' title='bbox 789 3462 984 3515; x_wconf 92' lang='lat' dir='ltr'><strong>puero,</strong></span> <span class='ocrx_word' id='word_1_360' title='bbox 1021 3448 1253 3503; x_wconf 91' lang='lat' dir='ltr'><strong>morbus</strong></span> <span class='ocrx_word' id='word_1_361' title='bbox 1280 3449 1465 3506; x_wconf 89' lang='lat' dir='ltr'><strong>subito</strong></span> <span class='ocrx_word' id='word_1_362' title='bbox 1500 3452 1658 3518; x_wconf 86' lang='lat' dir='ltr'><strong>abiit,</strong></span> <span class='ocrx_word' id='word_1_363' title='bbox 1693 3455 1863 3509; x_wconf 86' lang='lat' dir='ltr'><strong>veluti</strong></span> <span class='ocrx_word' id='word_1_364' title='bbox 1886 3453 2099 3526; x_wconf 83' lang='lat' dir='ltr'><strong>ﬂagello</strong></span> 
     </span>
    </p>
   </div>
   <div class='ocr_carea' id='block_1_53' title="bbox 504 3534 1463 3610">
    <p class='ocr_par' dir='ltr' id='par_1_53' title="bbox 504 3534 1463 3610">
     <span class='ocr_line' id='line_1_53' title="bbox 504 3534 1463 3610; baseline 0.01 -22"><span class='ocrx_word' id='word_1_365' title='bbox 504 3534 744 3605; x_wconf 89' lang='lat' dir='ltr'><strong>quodam</strong></span> <span class='ocrx_word' id='word_1_366' title='bbox 769 3539 1177 3610; x_wconf 86' lang='lat' dir='ltr'><strong>perstringente</strong></span> <span class='ocrx_word' id='word_1_367' title='bbox 1215 3540 1463 3598; x_wconf 89' lang='lat' dir='ltr'><strong>abactus.</strong></span> 
     </span>
    </p>
   </div>
   <div class='ocr_carea' id='block_1_54' title="bbox 577 3670 2101 3753">
    <p class='ocr_par' dir='ltr' id='par_1_54' title="bbox 577 3670 2101 3753">
     <span class='ocr_line' id='line_1_54' title="bbox 577 3670 2101 3753; baseline 0.005 -27"><span class='ocrx_word' id='word_1_368' title='bbox 577 3670 704 3753; x_wconf 37' lang='lat'><strong>&#39;234.</strong></span> <span class='ocrx_word' id='word_1_369' title='bbox 746 3671 823 3728; x_wconf 85' lang='lat' dir='ltr'><strong>Ita</strong></span> <span class='ocrx_word' id='word_1_370' title='bbox 872 3674 1097 3743; x_wconf 89' lang='lat' dir='ltr'><strong>quidem</strong></span> <span class='ocrx_word' id='word_1_371' title='bbox 1148 3678 1442 3734; x_wconf 84' lang='lat' dir='ltr'><strong>sanitatem</strong></span> <span class='ocrx_word' id='word_1_372' title='bbox 1493 3681 1740 3736; x_wconf 87' lang='lat' dir='ltr'><strong>obtinuit</strong></span> <span class='ocrx_word' id='word_1_373' title='bbox 1781 3681 1874 3736; x_wconf 85' lang='lat' dir='ltr'><strong>hic</strong></span> <span class='ocrx_word' id='word_1_374' title='bbox 1908 3680 2101 3736; x_wconf 86' lang='lat' dir='ltr'><strong>ﬁlius:</strong></span> 
     </span>
    </p>
   </div>
   <div class='ocr_carea' id='block_1_55' title="bbox 507 3759 2099 3843">
    <p class='ocr_par' dir='ltr' id='par_1_55' title="bbox 507 3759 2099 3843">
     <span class='ocr_line' id='line_1_55' title="bbox 507 3759 2099 3843; baseline 0.008 -28"><span class='ocrx_word' id='word_1_375' title='bbox 507 3759 620 3817; x_wconf 75' lang='lat' dir='ltr'><strong>lilia</strong></span> <span class='ocrx_word' id='word_1_376' title='bbox 661 3778 796 3818; x_wconf 87' lang='lat' dir='ltr'><strong>vero</strong></span> <span class='ocrx_word' id='word_1_377' title='bbox 827 3765 1119 3821; x_wconf 85' lang='lat' dir='ltr'><strong>dilliciliori</strong></span> <span class='ocrx_word' id='word_1_378' title='bbox 1164 3770 1331 3823; x_wconf 87' lang='lat' dir='ltr'><strong>etiam</strong></span> <span class='ocrx_word' id='word_1_379' title='bbox 1384 3770 1763 3828; x_wconf 87' lang='lat' dir='ltr'><strong>invaletudine</strong></span> <span class='ocrx_word' id='word_1_380' title='bbox 1812 3781 2099 3843; x_wconf 89' lang='lat' dir='ltr'><strong>correpta,</strong></span> 
     </span>
    </p>
   </div>
   <div class='ocr_carea' id='block_1_56' title="bbox 511 3857 2105 3929">
    <p class='ocr_par' dir='ltr' id='par_1_56' title="bbox 511 3857 2105 3929">
     <span class='ocr_line' id='line_1_56' title="bbox 511 3857 2105 3929; baseline 0.008 -22"><span class='ocrx_word' id='word_1_381' title='bbox 511 3863 620 3908; x_wconf 88' lang='lat' dir='ltr'><strong>tam</strong></span> <span class='ocrx_word' id='word_1_382' title='bbox 650 3870 819 3925; x_wconf 91' lang='lat' dir='ltr'><strong>prope</strong></span> <span class='ocrx_word' id='word_1_383' title='bbox 840 3857 954 3927; x_wconf 87' lang='lat' dir='ltr'><strong>jam</strong></span> <span class='ocrx_word' id='word_1_384' title='bbox 988 3859 1059 3914; x_wconf 88' lang='lat' dir='ltr'><strong>ab</strong></span> <span class='ocrx_word' id='word_1_385' title='bbox 1082 3861 1234 3915; x_wconf 85' lang='lat' dir='ltr'><strong>exitu</strong></span> <span class='ocrx_word' id='word_1_386' title='bbox 1261 3861 1390 3917; x_wconf 66' lang='lat' dir='ltr'><strong>vita:</strong></span> <span class='ocrx_word' id='word_1_387' title='bbox 1415 3862 1629 3929; x_wconf 91' lang='lat' dir='ltr'><strong>aberat,</strong></span> <span class='ocrx_word' id='word_1_388' title='bbox 1660 3873 1721 3918; x_wconf 91' lang='lat' dir='ltr'><strong>ut</strong></span> <span class='ocrx_word' id='word_1_389' title='bbox 1752 3873 1965 3919; x_wconf 91' lang='lat' dir='ltr'><strong>tantum</strong></span> <span class='ocrx_word' id='word_1_390' title='bbox 1989 3879 2105 3919; x_wconf 91' lang='lat' dir='ltr'><strong>non</strong></span> 
     </span>
    </p>
   </div>
   <div class='ocr_carea' id='block_1_57' title="bbox 512 3953 2104 4025">
    <p class='ocr_par' dir='ltr' id='par_1_57' title="bbox 512 3953 2104 4025">
     <span class='ocr_line' id='line_1_57' title="bbox 512 3953 2104 4025; baseline 0.007 -26"><span class='ocrx_word' id='word_1_391' title='bbox 512 3954 730 4001; x_wconf 85' lang='lat' dir='ltr'><strong>mortua</strong></span> <span class='ocrx_word' id='word_1_392' title='bbox 768 3957 1081 4016; x_wconf 87' lang='lat' dir='ltr'><strong>putaretur.</strong></span> <span class='ocrx_word' id='word_1_393' title='bbox 1134 3953 1388 4025; x_wconf 91' lang='lat' dir='ltr'><strong>Dumque</strong></span> <span class='ocrx_word' id='word_1_394' title='bbox 1444 3964 1602 4025; x_wconf 85' lang='lat' dir='ltr'><strong>pater</strong></span> <span class='ocrx_word' id='word_1_395' title='bbox 1657 3955 1728 4010; x_wconf 89' lang='lat' dir='ltr'><strong>ad</strong></span> <span class='ocrx_word' id='word_1_396' title='bbox 1777 3965 2104 4011; x_wconf 90' lang='lat' dir='ltr'><strong>consuetum</strong></span> 
     </span>
    </p>
   </div>
   <div class='ocr_carea' id='block_1_58' title="bbox 510 4041 2105 4103">
    <p class='ocr_par' dir='ltr' id='par_1_58' title="bbox 510 4041 2105 4103">
     <span class='ocr_line' id='line_1_58' title="bbox 510 4041 2105 4103; baseline 0.004 -8"><span class='ocrx_word' id='word_1_397' title='bbox 510 4055 706 4096; x_wconf 80' lang='lat' dir='ltr'><strong>rursus</strong></span> <span class='ocrx_word' id='word_1_398' title='bbox 737 4041 1013 4098; x_wconf 85' lang='lat' dir='ltr'><strong>medicum</strong></span> <span class='ocrx_word' id='word_1_399' title='bbox 1047 4061 1173 4100; x_wconf 90' lang='lat' dir='ltr'><strong>cum</strong></span> <span class='ocrx_word' id='word_1_400' title='bbox 1203 4047 1373 4101; x_wconf 91' lang='lat' dir='ltr'><strong>animi</strong></span> <span class='ocrx_word' id='word_1_401' title='bbox 1419 4048 1870 4102; x_wconf 86' lang='lat' dir='ltr'><strong>consternatione</strong></span> <span class='ocrx_word' id='word_1_402' title='bbox 1912 4062 1977 4102; x_wconf 87' lang='lat' dir='ltr'><strong>ac</strong></span> <span class='ocrx_word' id='word_1_403' title='bbox 2003 4046 2105 4103; x_wconf 86' lang='lat' dir='ltr'><strong>do-</strong></span> 
     </span>
    </p>
   </div>
   <div class='ocr_carea' id='block_1_59' title="bbox 509 4133 2103 4207">
    <p class='ocr_par' dir='ltr' id='par_1_59' title="bbox 509 4133 2103 4207">
     <span class='ocr_line' id='line_1_59' title="bbox 509 4133 2103 4207; baseline 0.003 -18"><span class='ocrx_word' id='word_1_404' title='bbox 509 4134 626 4189; x_wconf 86' lang='lat' dir='ltr'><strong>lore</strong></span> <span class='ocrx_word' id='word_1_405' title='bbox 649 4133 836 4188; x_wconf 86' lang='lat' dir='ltr'><strong>cordis</strong></span> <span class='ocrx_word' id='word_1_406' title='bbox 876 4136 1149 4207; x_wconf 81' lang='lat' dir='ltr'><strong>confugit,</strong></span> <span class='ocrx_word' id='word_1_407' title='bbox 1193 4138 1399 4193; x_wconf 90' lang='lat' dir='ltr'><strong>blando</strong></span> <span class='ocrx_word' id='word_1_408' title='bbox 1428 4138 1541 4192; x_wconf 90' lang='lat' dir='ltr'><strong>risu</strong></span> <span class='ocrx_word' id='word_1_409' title='bbox 1595 4138 1674 4192; x_wconf 89' lang='lat' dir='ltr'><strong>ait</strong></span> <span class='ocrx_word' id='word_1_410' title='bbox 1718 4138 1807 4191; x_wconf 89' lang='lat' dir='ltr'><strong>vir</strong></span> <span class='ocrx_word' id='word_1_411' title='bbox 1841 4137 2103 4193; x_wconf 89' lang='lat' dir='ltr'><strong>divinus:</strong></span> 
     </span>
    </p>
   </div>
   <div class='ocr_carea' id='block_1_60' title="bbox 509 4222 2111 4301">
    <p class='ocr_par' dir='ltr' id='par_1_60' title="bbox 509 4222 2111 4301">
     <span class='ocr_line' id='line_1_60' title="bbox 509 4222 2111 4301; baseline 0.003 -23"><span class='ocrx_word' id='word_1_412' title='bbox 509 4222 695 4278; x_wconf 82' lang='lat' dir='ltr'><strong>Nolito</strong></span> <span class='ocrx_word' id='word_1_413' title='bbox 726 4224 959 4290; x_wconf 82' lang='lat' dir='ltr'><strong>‘timere,</strong></span> <span class='ocrx_word' id='word_1_414' title='bbox 1010 4228 1084 4281; x_wconf 92' lang='lat' dir='ltr'><strong>mi</strong></span> <span class='ocrx_word' id='word_1_415' title='bbox 1130 4229 1454 4301; x_wconf 86' lang='lat' dir='ltr'><strong>presbyter;</strong></span> <span class='ocrx_word' id='word_1_416' title='bbox 1484 4228 1580 4283; x_wconf 87' lang='lat' dir='ltr'><strong>sed</strong></span> <span class='ocrx_word' id='word_1_417' title='bbox 1616 4227 1756 4284; x_wconf 91' lang='lat' dir='ltr'><strong>vade</strong></span> <span class='ocrx_word' id='word_1_418' title='bbox 1796 4229 1981 4298; x_wconf 83' lang='lat' dir='ltr'><strong>potius</strong></span> <span class='ocrx_word' id='word_1_419' title='bbox 2012 4230 2111 4283; x_wconf 82' lang='lat' dir='ltr'><strong>tri-</strong></span> 
     </span>
    </p>
   </div>
   <div class='ocr_carea' id='block_1_61' title="bbox 511 4315 2110 4399">
    <p class='ocr_par' dir='ltr' id='par_1_61' title="bbox 511 4315 2110 4399">
     <span class='ocr_line' id='line_1_61' title="bbox 511 4315 2110 4399; baseline 0.006 -29"><span class='ocrx_word' id='word_1_420' title='bbox 511 4315 779 4399; x_wconf 76' lang='lat' dir='ltr'><strong>pudiante</strong></span> <span class='ocrx_word' id='word_1_421' title='bbox 807 4334 919 4388; x_wconf 72' lang='lat' dir='ltr'><strong>prae</strong></span> <span class='ocrx_word' id='word_1_422' title='bbox 947 4320 1136 4376; x_wconf 59' lang='lat' dir='ltr'><strong>laetitia</strong></span> <span class='ocrx_word' id='word_1_423' title='bbox 1168 4337 1361 4392; x_wconf 86' lang='lat' dir='ltr'><strong>gressu</strong></span> <span class='ocrx_word' id='word_1_424' title='bbox 1392 4340 1405 4375; x_wconf 89' lang='lat'><strong>:</strong></span> <span class='ocrx_word' id='word_1_425' title='bbox 1431 4322 1711 4376; x_wconf 86' lang='lat' dir='ltr'><strong>condonat</strong></span> <span class='ocrx_word' id='word_1_426' title='bbox 1736 4323 1941 4392; x_wconf 86' lang='lat' dir='ltr'><strong>quippe</strong></span> <span class='ocrx_word' id='word_1_427' title='bbox 1967 4323 2110 4379; x_wconf 88' lang='lat' dir='ltr'><strong>hanc</strong></span> 
     </span>
    </p>
   </div>
   <div class='ocr_carea' id='block_1_62' title="bbox 512 4409 2106 4478">
    <p class='ocr_par' dir='ltr' id='par_1_62' title="bbox 512 4409 2106 4478">
     <span class='ocr_line' id='line_1_62' title="bbox 512 4409 2106 4478; baseline 0.003 -16"><span class='ocrx_word' id='word_1_428' title='bbox 512 4423 736 4478; x_wconf 80' lang='lat' dir='ltr'><strong>quoque</strong></span> <span class='ocrx_word' id='word_1_429' title='bbox 779 4409 945 4465; x_wconf 80' lang='lat' dir='ltr'><strong>ﬁliam</strong></span> <span class='ocrx_word' id='word_1_430' title='bbox 981 4421 1130 4467; x_wconf 89' lang='lat' dir='ltr'><strong>tuam</strong></span> <span class='ocrx_word' id='word_1_431' title='bbox 1168 4413 1266 4468; x_wconf 89' lang='lat' dir='ltr'><strong>tibi</strong></span> <span class='ocrx_word' id='word_1_432' title='bbox 1313 4413 1477 4476; x_wconf 91' lang='lat' dir='ltr'><strong>Deus,</strong></span> <span class='ocrx_word' id='word_1_433' title='bbox 1513 4420 1571 4467; x_wconf 90' lang='lat' dir='ltr'><strong>et</strong></span> <span class='ocrx_word' id='word_1_434' title='bbox 1596 4411 1756 4467; x_wconf 75' lang='lat' dir='ltr'><strong>laetus</strong></span> <span class='ocrx_word' id='word_1_435' title='bbox 1792 4413 1972 4466; x_wconf 73' lang='lat' dir='ltr'><strong>laetam</strong></span> <span class='ocrx_word' id='word_1_436' title='bbox 2007 4413 2106 4467; x_wconf 90' lang='lat' dir='ltr'><strong>tibi</strong></span> 
     </span>
    </p>
   </div>
   <div class='ocr_carea' id='block_1_63' title="bbox 513 4503 2111 4576">
    <p class='ocr_par' dir='ltr' id='par_1_63' title="bbox 513 4503 2111 4576">
     <span class='ocr_line' id='line_1_63' title="bbox 513 4503 2111 4576; baseline 0.004 -20"><span class='ocrx_word' id='word_1_437' title='bbox 513 4503 732 4560; x_wconf 83' lang='lat' dir='ltr'><strong>videbis</strong></span> <span class='ocrx_word' id='word_1_438' title='bbox 761 4520 1079 4572; x_wconf 88' lang='lat' dir='ltr'><strong>occurrere,</strong></span> <span class='ocrx_word' id='word_1_439' title='bbox 1117 4522 1284 4576; x_wconf 90' lang='lat' dir='ltr'><strong>quam</strong></span> <span class='ocrx_word' id='word_1_440' title='bbox 1320 4521 1470 4560; x_wconf 92' lang='lat' dir='ltr'><strong>nunc</strong></span> <span class='ocrx_word' id='word_1_441' title='bbox 1499 4507 1653 4561; x_wconf 87' lang='lat' dir='ltr'><strong>velut</strong></span> <span class='ocrx_word' id='word_1_442' title='bbox 1693 4515 1968 4560; x_wconf 90' lang='lat' dir='ltr'><strong>mortuam</strong></span> <span class='ocrx_word' id='word_1_443' title='bbox 2008 4507 2111 4563; x_wconf 84' lang='lat' dir='ltr'><strong>de-</strong></span> 
     </span>
    </p>
   </div>
   <div class='ocr_carea' id='block_1_64' title="bbox 2197 2344 3785 2425">
    <p class='ocr_par' dir='ltr' id='par_1_64' title="bbox 2197 2344 3785 2425">
     <span class='ocr_line' id='line_1_64' title="bbox 2197 2344 3785 2425; baseline -0.004 -19"><span class='ocrx_word' id='word_1_444' title='bbox 2197 2352 2364 2425; x_wconf 75' lang='grc' dir='ltr'>πείρᾳ</span> <span class='ocrx_word' id='word_1_445' title='bbox 2417 2349 2626 2423; x_wconf 84' lang='grc' dir='ltr'>μαθὼν,</span> <span class='ocrx_word' id='word_1_446' title='bbox 2678 2351 2935 2413; x_wconf 78' lang='grc' dir='ltr'>Δυνατὸς,</span> <span class='ocrx_word' id='word_1_447' title='bbox 2967 2344 3111 2414; x_wconf 85' lang='grc' dir='ltr'>εἷπε,</span> <span class='ocrx_word' id='word_1_448' title='bbox 3139 2347 3349 2412; x_wconf 83' lang='grc' dir='ltr'>τέκνον,</span> <span class='ocrx_word' id='word_1_449' title='bbox 3399 2345 3679 2400; x_wconf 87' lang='grc' dir='ltr'>κάνταῦθά</span> <span class='ocrx_word' id='word_1_450' title='bbox 3720 2362 3785 2400; x_wconf 87' lang='grc' dir='ltr'><strong>σε</strong></span> 
     </span>
    </p>
   </div>
   <div class='ocr_carea' id='block_1_65' title="bbox 2197 2438 3788 2511">
    <p class='ocr_par' dir='ltr' id='par_1_65' title="bbox 2197 2438 3788 2511">
     <span class='ocr_line' id='line_1_65' title="bbox 2197 2438 3788 2511; baseline -0.003 -14"><span class='ocrx_word' id='word_1_451' title='bbox 2197 2444 2348 2509; x_wconf 83' lang='grc' dir='ltr'>θείας</span> <span class='ocrx_word' id='word_1_452' title='bbox 2376 2443 2623 2507; x_wconf 83' lang='grc' dir='ltr'>ἀθεάτως</span> <span class='ocrx_word' id='word_1_453' title='bbox 2650 2442 2957 2511; x_wconf 77' lang='grc' dir='ltr'>ἐπισκοπῆς</span> <span class='ocrx_word' id='word_1_454' title='bbox 2999 2441 3252 2507; x_wconf 79' lang='grc' dir='ltr'>ἀξιῶσαι.</span> <span class='ocrx_word' id='word_1_455' title='bbox 3298 2440 3409 2493; x_wconf 75' lang='grc' dir='ltr'><strong>Καὶ</strong></span> <span class='ocrx_word' id='word_1_456' title='bbox 3437 2438 3788 2509; x_wconf 81' lang='grc' dir='ltr'>παραχρῆμα</span> 
     </span>
    </p>
   </div>
   <div class='ocr_carea' id='block_1_66' title="bbox 2199 2526 3786 2606">
    <p class='ocr_par' dir='ltr' id='par_1_66' title="bbox 2199 2526 3786 2606">
     <span class='ocr_line' id='line_1_66' title="bbox 2199 2526 3786 2606; baseline -0.004 -18"><span class='ocrx_word' id='word_1_457' title='bbox 2199 2534 2505 2606; x_wconf 77' lang='grc' dir='ltr'>συστρέψας</span> <span class='ocrx_word' id='word_1_458' title='bbox 2530 2533 2722 2589; x_wconf 74' lang='grc' dir='ltr'>ἑαυτὸν</span> <span class='ocrx_word' id='word_1_459' title='bbox 2744 2535 2773 2587; x_wconf 90' lang='lat'><strong>6</strong></span> <span class='ocrx_word' id='word_1_460' title='bbox 2804 2534 2952 2597; x_wconf 84' lang='grc' dir='ltr'>παῖς,</span> <span class='ocrx_word' id='word_1_461' title='bbox 2987 2531 3201 2603; x_wconf 80' lang='grc' dir='ltr'>μεγάλῃ</span> <span class='ocrx_word' id='word_1_462' title='bbox 3220 2531 3296 2592; x_wconf 83' lang='grc' dir='ltr'><strong>ὡς</strong></span> <span class='ocrx_word' id='word_1_463' title='bbox 3324 2526 3471 2601; x_wconf 86' lang='grc' dir='ltr'>εἶχεν</span> <span class='ocrx_word' id='word_1_464' title='bbox 3494 2529 3686 2601; x_wconf 80' lang='grc' dir='ltr'>ἐϐόησε</span> <span class='ocrx_word' id='word_1_465' title='bbox 3714 2531 3786 2601; x_wconf 73' lang='grc' dir='ltr'>τῇ</span> 
     </span>
    </p>
   </div>
   <div class='ocr_carea' id='block_1_67' title="bbox 2198 2622 3782 2698">
    <p class='ocr_par' dir='ltr' id='par_1_67' title="bbox 2198 2622 3782 2698">
     <span class='ocr_line' id='line_1_67' title="bbox 2198 2622 3782 2698; baseline -0.003 -18"><span class='ocrx_word' id='word_1_466' title='bbox 2198 2629 2371 2698; x_wconf 79' lang='grc' dir='ltr'>φωνῇ,</span> <span class='ocrx_word' id='word_1_467' title='bbox 2428 2626 2488 2680; x_wconf 90' lang='lat'><strong>&#39;0</strong></span> <span class='ocrx_word' id='word_1_468' title='bbox 2536 2624 2793 2690; x_wconf 75' lang='grc' dir='ltr'>ἐκλεκτὸς</span> <span class='ocrx_word' id='word_1_469' title='bbox 2834 2623 2911 2695; x_wconf 86' lang='grc' dir='ltr'>τῷ</span> <span class='ocrx_word' id='word_1_470' title='bbox 2948 2622 3066 2695; x_wconf 85' lang='grc' dir='ltr'>Θεῷ</span> <span class='ocrx_word' id='word_1_471' title='bbox 3106 2622 3353 2693; x_wconf 81' lang='grc' dir='ltr'>Συμεὼν,</span> <span class='ocrx_word' id='word_1_472' title='bbox 3414 2622 3637 2692; x_wconf 77' lang='grc' dir='ltr'>ἐλέησόν</span> <span class='ocrx_word' id='word_1_473' title='bbox 3689 2638 3782 2691; x_wconf 85' lang='grc' dir='ltr'>με.</span> 
     </span>
    </p>
   </div>
   <div class='ocr_carea' id='block_1_68' title="bbox 2198 2710 3789 2790">
    <p class='ocr_par' dir='ltr' id='par_1_68' title="bbox 2198 2710 3789 2790">
     <span class='ocr_line' id='line_1_68' title="bbox 2198 2710 3789 2790; baseline -0.004 -17"><span class='ocrx_word' id='word_1_474' title='bbox 2198 2715 2331 2773; x_wconf 75' lang='grc' dir='ltr'>Εἶτα</span> <span class='ocrx_word' id='word_1_475' title='bbox 2378 2719 2518 2790; x_wconf 79' lang='grc' dir='ltr'>πρὸς</span> <span class='ocrx_word' id='word_1_476' title='bbox 2574 2719 2666 2772; x_wconf 78' lang='grc' dir='ltr'>τὸν</span> <span class='ocrx_word' id='word_1_477' title='bbox 2711 2717 2944 2786; x_wconf 86' lang='grc' dir='ltr'>πατέρα.</span> <span class='ocrx_word' id='word_1_478' title='bbox 2979 2716 3275 2787; x_wconf 86' lang='grc' dir='ltr'>Θυμίασον,</span> <span class='ocrx_word' id='word_1_479' title='bbox 3304 2710 3480 2768; x_wconf 77' lang='grc' dir='ltr'>εἶπενο</span> <span class='ocrx_word' id='word_1_480' title='bbox 3516 2714 3625 2767; x_wconf 76' lang='grc' dir='ltr'>ἰδοὺ</span> <span class='ocrx_word' id='word_1_481' title='bbox 3672 2713 3789 2784; x_wconf 78' lang='grc' dir='ltr'><strong>γὰρ</strong></span> 
     </span>
    </p>
   </div>
   <div class='ocr_carea' id='block_1_69' title="bbox 2196 2803 3794 2879">
    <p class='ocr_par' dir='ltr' id='par_1_69' title="bbox 2196 2803 3794 2879">
     <span class='ocr_line' id='line_1_69' title="bbox 2196 2803 3794 2879; baseline -0.003 -15"><span class='ocrx_word' id='word_1_482' title='bbox 2196 2810 2429 2879; x_wconf 69' lang='grc' dir='ltr'>ἔστηκεν</span> <span class='ocrx_word' id='word_1_483' title='bbox 2460 2812 2489 2863; x_wconf 93' lang='lat'><strong>6</strong></span> <span class='ocrx_word' id='word_1_484' title='bbox 2516 2808 2611 2863; x_wconf 85' lang='grc' dir='ltr'><strong>τοῦ</strong></span> <span class='ocrx_word' id='word_1_485' title='bbox 2646 2807 2780 2862; x_wconf 84' lang='grc' dir='ltr'>Θεοῦ</span> <span class='ocrx_word' id='word_1_486' title='bbox 2812 2809 3069 2878; x_wconf 81' lang='grc' dir='ltr'>Θεράπων</span> <span class='ocrx_word' id='word_1_487' title='bbox 3100 2809 3157 2859; x_wconf 83' lang='grc' dir='ltr'>ὲν</span> <span class='ocrx_word' id='word_1_488' title='bbox 3188 2806 3491 2876; x_wconf 82' lang='grc' dir='ltr'>ὀφθαλμοῖς</span> <span class='ocrx_word' id='word_1_489' title='bbox 3521 2822 3655 2873; x_wconf 85' lang='grc' dir='ltr'>μου·</span> <span class='ocrx_word' id='word_1_490' title='bbox 3686 2803 3794 2876; x_wconf 79' lang='grc' dir='ltr'><strong>ρἀ</strong></span> 
     </span>
    </p>
   </div>
   <div class='ocr_carea' id='block_1_70' title="bbox 2199 2897 3795 2973">
    <p class='ocr_par' dir='ltr' id='par_1_70' title="bbox 2199 2897 3795 2973">
     <span class='ocr_line' id='line_1_70' title="bbox 2199 2897 3795 2973; baseline -0.004 -17"><span class='ocrx_word' id='word_1_491' title='bbox 2199 2902 2319 2966; x_wconf 83' lang='grc' dir='ltr'>ϐδος</span> <span class='ocrx_word' id='word_1_492' title='bbox 2381 2901 2478 2973; x_wconf 76' lang='grc' dir='ltr'>μὲν</span> <span class='ocrx_word' id='word_1_493' title='bbox 2529 2901 2622 2956; x_wconf 75' lang='grc' dir='ltr'><strong>οῦν</strong></span> <span class='ocrx_word' id='word_1_494' title='bbox 2664 2900 2814 2971; x_wconf 88' lang='grc' dir='ltr'><strong>αὐτῷ</strong></span> <span class='ocrx_word' id='word_1_495' title='bbox 2862 2900 2952 2953; x_wconf 86' lang='grc' dir='ltr'><strong>διὰ</strong></span> <span class='ocrx_word' id='word_1_496' title='bbox 2987 2898 3168 2970; x_wconf 79' lang='grc' dir='ltr'>χειρὸς</span> <span class='ocrx_word' id='word_1_497' title='bbox 3212 2899 3427 2970; x_wconf 79' lang='grc' dir='ltr'>σιδηρᾶ.</span> <span class='ocrx_word' id='word_1_498' title='bbox 3474 2897 3570 2952; x_wconf 56' lang='grc' dir='ltr'><strong>καὶ⁸</strong></span> <span class='ocrx_word' id='word_1_499' title='bbox 3596 2897 3795 2961; x_wconf 76' lang='grc' dir='ltr'>ἅλυσις</span> 
     </span>
    </p>
   </div>
   <div class='ocr_carea' id='block_1_71' title="bbox 2198 2989 3796 3065">
    <p class='ocr_par' dir='ltr' id='par_1_71' title="bbox 2198 2989 3796 3065">
     <span class='ocr_line' id='line_1_71' title="bbox 2198 2989 3796 3065; baseline -0.004 -16"><span class='ocrx_word' id='word_1_500' title='bbox 2198 2995 2489 3065; x_wconf 78' lang='grc' dir='ltr'>καιόμενον</span> <span class='ocrx_word' id='word_1_501' title='bbox 2534 2993 2669 3064; x_wconf 71' lang='grc' dir='ltr'>πυρὶ</span> <span class='ocrx_word' id='word_1_502' title='bbox 2695 2992 2787 3046; x_wconf 76' lang='grc' dir='ltr'><strong>τὸν</strong></span> <span class='ocrx_word' id='word_1_503' title='bbox 2821 2991 3036 3062; x_wconf 81' lang='grc' dir='ltr'>σίδηρον</span> <span class='ocrx_word' id='word_1_504' title='bbox 3064 2992 3262 3062; x_wconf 77' lang='grc' dir='ltr'>ἔχουσα</span> <span class='ocrx_word' id='word_1_505' title='bbox 3286 3008 3300 3021; x_wconf 91' lang='grc'><strong>·</strong></span> <span class='ocrx_word' id='word_1_506' title='bbox 3343 2990 3553 3059; x_wconf 89' lang='grc' dir='ltr'>δαίμων</span> <span class='ocrx_word' id='word_1_507' title='bbox 3589 2989 3646 3043; x_wconf 90' lang='grc' dir='ltr'><strong>δέ</strong></span> <span class='ocrx_word' id='word_1_508' title='bbox 3678 3005 3796 3056; x_wconf 81' lang='grc' dir='ltr'>τις,</span> 
     </span>
    </p>
   </div>
   <div class='ocr_carea' id='block_1_72' title="bbox 2197 3082 3797 3156">
    <p class='ocr_par' dir='ltr' id='par_1_72' title="bbox 2197 3082 3797 3156">
     <span class='ocr_line' id='line_1_72' title="bbox 2197 3082 3797 3156; baseline -0.003 -15"><span class='ocrx_word' id='word_1_509' title='bbox 2197 3087 2259 3141; x_wconf 72' lang='grc' dir='ltr'><strong>τὸ</strong></span> <span class='ocrx_word' id='word_1_510' title='bbox 2311 3086 2540 3156; x_wconf 89' lang='grc' dir='ltr'>μέγεθος</span> <span class='ocrx_word' id='word_1_511' title='bbox 2601 3086 2775 3156; x_wconf 88' lang='grc' dir='ltr'>μέγας</span> <span class='ocrx_word' id='word_1_512' title='bbox 2837 3086 2931 3138; x_wconf 76' lang='grc' dir='ltr'>καὶ</span> <span class='ocrx_word' id='word_1_513' title='bbox 2970 3084 3095 3137; x_wconf 86' lang='grc' dir='ltr'>ἰδεῖν</span> <span class='ocrx_word' id='word_1_514' title='bbox 3127 3083 3331 3155; x_wconf 82' lang='grc' dir='ltr'>ἀειδὴς,</span> <span class='ocrx_word' id='word_1_515' title='bbox 3362 3084 3569 3137; x_wconf 84' lang='grc' dir='ltr'>δέδεται</span> <span class='ocrx_word' id='word_1_516' title='bbox 3598 3082 3797 3148; x_wconf 85' lang='grc' dir='ltr'>δεινῶς</span> 
     </span>
    </p>
   </div>
   <div class='ocr_carea' id='block_1_73' title="bbox 2202 3174 3799 3252">
    <p class='ocr_par' dir='ltr' id='par_1_73' title="bbox 2202 3174 3799 3252">
     <span class='ocr_line' id='line_1_73' title="bbox 2202 3174 3799 3252; baseline -0.003 -19"><span class='ocrx_word' id='word_1_517' title='bbox 2202 3180 2332 3252; x_wconf 84' lang='grc' dir='ltr'>παρ’</span> <span class='ocrx_word' id='word_1_518' title='bbox 2358 3180 2547 3242; x_wconf 85' lang='grc' dir='ltr'>αὐτοῦ,</span> <span class='ocrx_word' id='word_1_519' title='bbox 2575 3178 2749 3231; x_wconf 81' lang='grc' dir='ltr'>ὀπίσω</span> <span class='ocrx_word' id='word_1_520' title='bbox 2777 3176 2854 3231; x_wconf 86' lang='grc' dir='ltr'>τὼ</span> <span class='ocrx_word' id='word_1_521' title='bbox 2878 3179 3028 3249; x_wconf 77' lang='grc' dir='ltr'>χεῖρε</span> <span class='ocrx_word' id='word_1_522' title='bbox 3060 3177 3449 3250; x_wconf 71' lang='grc' dir='ltr'>περιηγμένος,</span> <span class='ocrx_word' id='word_1_523' title='bbox 3473 3177 3574 3248; x_wconf 74' lang='grc' dir='ltr'>ἤδη</span> <span class='ocrx_word' id='word_1_524' title='bbox 3605 3174 3661 3228; x_wconf 74' lang='grc' dir='ltr'>δὲ</span> <span class='ocrx_word' id='word_1_525' title='bbox 3693 3175 3799 3230; x_wconf 81' lang='grc' dir='ltr'>καὶ</span> 
     </span>
    </p>
   </div>
   <div class='ocr_carea' id='block_1_74' title="bbox 2203 3267 3800 3339">
    <p class='ocr_par' dir='ltr' id='par_1_74' title="bbox 2203 3267 3800 3339">
     <span class='ocr_line' id='line_1_74' title="bbox 2203 3267 3800 3339; baseline -0.001 -14"><span class='ocrx_word' id='word_1_526' title='bbox 2203 3272 2454 3325; x_wconf 80' lang='grc' dir='ltr'>κλίϐανον</span> <span class='ocrx_word' id='word_1_527' title='bbox 2501 3271 2587 3322; x_wconf 78' lang='grc' dir='ltr'><strong>ἐπ’</strong></span> <span class='ocrx_word' id='word_1_528' title='bbox 2619 3269 2784 3322; x_wconf 73' lang='grc' dir='ltr'>αὐτὸν</span> <span class='ocrx_word' id='word_1_529' title='bbox 2832 3272 3064 3325; x_wconf 86' lang='grc' dir='ltr'>ἀνάπτει</span> <span class='ocrx_word' id='word_1_530' title='bbox 3114 3269 3304 3339; x_wconf 77' lang='grc' dir='ltr'>πυρὸς,</span> <span class='ocrx_word' id='word_1_531' title='bbox 3341 3270 3436 3323; x_wconf 70' lang='grc' dir='ltr'>καὶ</span> <span class='ocrx_word' id='word_1_532' title='bbox 3476 3268 3650 3337; x_wconf 72' lang='grc' dir='ltr'>τούτῳ</span> <span class='ocrx_word' id='word_1_533' title='bbox 3695 3267 3800 3324; x_wconf 65' lang='grc' dir='ltr'><strong>τόν</strong></span> 
     </span>
    </p>
   </div>
   <div class='ocr_carea' id='block_1_75' title="bbox 2202 3358 3799 3437">
    <p class='ocr_par' dir='ltr' id='par_1_75' title="bbox 2202 3358 3799 3437">
     <span class='ocr_line' id='line_1_75' title="bbox 2202 3358 3799 3437; baseline 0.002 -24"><span class='ocrx_word' id='word_1_534' title='bbox 2202 3360 2438 3430; x_wconf 74' lang='grc' dir='ltr'>πονηρὸν</span> <span class='ocrx_word' id='word_1_535' title='bbox 2472 3360 2781 3416; x_wconf 83' lang='grc' dir='ltr'>κατακαίει.</span> <span class='ocrx_word' id='word_1_536' title='bbox 2820 3360 3008 3415; x_wconf 85' lang='grc' dir='ltr'>Ταῦτα</span> <span class='ocrx_word' id='word_1_537' title='bbox 3042 3359 3179 3431; x_wconf 88' lang='grc' dir='ltr'>ὁμοῦ</span> <span class='ocrx_word' id='word_1_538' title='bbox 3211 3377 3271 3414; x_wconf 90' lang='grc' dir='ltr'><strong>τε</strong></span> <span class='ocrx_word' id='word_1_539' title='bbox 3299 3361 3485 3437; x_wconf 74' lang='grc' dir='ltr'>εἴρητο</span> <span class='ocrx_word' id='word_1_540' title='bbox 3518 3358 3668 3430; x_wconf 72' lang='grc' dir='ltr'>παρὰ</span> <span class='ocrx_word' id='word_1_541' title='bbox 3692 3360 3799 3416; x_wconf 79' lang='grc' dir='ltr'><strong>τοῦ</strong></span> 
     </span>
    </p>
   </div>
   <div class='ocr_carea' id='block_1_76' title="bbox 2203 3451 3801 3525">
    <p class='ocr_par' dir='ltr' id='par_1_76' title="bbox 2203 3451 3801 3525">
     <span class='ocr_line' id='line_1_76' title="bbox 2203 3451 3801 3525; baseline 0.003 -21"><span class='ocrx_word' id='word_1_542' title='bbox 2203 3451 2416 3517; x_wconf 70' lang='grc' dir='ltr'>παιδὸς,</span> <span class='ocrx_word' id='word_1_543' title='bbox 2446 3453 2542 3506; x_wconf 79' lang='grc' dir='ltr'>καὶ</span> <span class='ocrx_word' id='word_1_544' title='bbox 2570 3455 2603 3525; x_wconf 77' lang='grc' dir='ltr'><strong>ἠ</strong></span> <span class='ocrx_word' id='word_1_545' title='bbox 2635 3453 2788 3516; x_wconf 86' lang='grc' dir='ltr'>νόσος</span> <span class='ocrx_word' id='word_1_546' title='bbox 2817 3454 2979 3517; x_wconf 77' lang='grc' dir='ltr'>εὐθὺς</span> <span class='ocrx_word' id='word_1_547' title='bbox 3021 3453 3437 3525; x_wconf 83' lang='grc' dir='ltr'>ἀπεδίδρασκεν,</span> <span class='ocrx_word' id='word_1_548' title='bbox 3464 3451 3653 3525; x_wconf 84' lang='grc' dir='ltr'>ῶσπερ</span> <span class='ocrx_word' id='word_1_549' title='bbox 3681 3453 3801 3508; x_wconf 72' lang='grc' dir='ltr'>τινὶ</span> 
     </span>
    </p>
   </div>
   <div class='ocr_carea' id='block_1_77' title="bbox 2208 3546 3151 3618">
    <p class='ocr_par' dir='ltr' id='par_1_77' title="bbox 2208 3546 3151 3618">
     <span class='ocr_line' id='line_1_77' title="bbox 2208 3546 3151 3618; baseline 0.001 -19"><span class='ocrx_word' id='word_1_550' title='bbox 2208 3546 2433 3616; x_wconf 83' lang='grc' dir='ltr'>μάστιγι</span> <span class='ocrx_word' id='word_1_551' title='bbox 2462 3546 2707 3615; x_wconf 85' lang='grc' dir='ltr'>σφοδρῶς</span> <span class='ocrx_word' id='word_1_552' title='bbox 2739 3546 3151 3618; x_wconf 85' lang='grc' dir='ltr'>ἀπεληλαμένη.</span> 
     </span>
    </p>
   </div>
   <div class='ocr_carea' id='block_1_78' title="bbox 2188 3673 3799 3751">
    <p class='ocr_par' dir='ltr' id='par_1_78' title="bbox 2188 3673 3799 3751">
     <span class='ocr_line' id='line_1_78' title="bbox 2188 3673 3799 3751; baseline -0.001 -18"><span class='ocrx_word' id='word_1_553' title='bbox 2188 3728 2193 3733; x_wconf 91' lang='grc'><strong>,</strong></span> <span class='ocrx_word' id='word_1_554' title='bbox 2277 3676 2403 3731; x_wconf 69' lang='grc' dir='ltr'>σλδθ.</span> <span class='ocrx_word' id='word_1_555' title='bbox 2445 3677 2504 3731; x_wconf 89' lang='lat'><strong>&#39;0</strong></span> <span class='ocrx_word' id='word_1_556' title='bbox 2532 3677 2631 3747; x_wconf 80' lang='grc' dir='ltr'>μὲν</span> <span class='ocrx_word' id='word_1_557' title='bbox 2672 3673 2767 3732; x_wconf 75' lang='grc' dir='ltr'><strong>οῦν</strong></span> <span class='ocrx_word' id='word_1_558' title='bbox 2818 3682 2946 3742; x_wconf 77' lang='grc' dir='ltr'>παῖς</span> <span class='ocrx_word' id='word_1_559' title='bbox 2980 3678 3100 3733; x_wconf 83' lang='grc' dir='ltr'>ίατο</span> <span class='ocrx_word' id='word_1_560' title='bbox 3128 3680 3323 3745; x_wconf 81' lang='grc' dir='ltr'>οὕτως,</span> <span class='ocrx_word' id='word_1_561' title='bbox 3354 3683 3385 3751; x_wconf 74' lang='grc' dir='ltr'>ἡ</span> <span class='ocrx_word' id='word_1_562' title='bbox 3419 3680 3476 3733; x_wconf 73' lang='grc' dir='ltr'>δὲ</span> <span class='ocrx_word' id='word_1_563' title='bbox 3520 3680 3799 3751; x_wconf 85' lang='grc' dir='ltr'>θυγάτηρ,</span> 
     </span>
    </p>
   </div>
   <div class='ocr_carea' id='block_1_79' title="bbox 2205 3769 3804 3845">
    <p class='ocr_par' dir='ltr' id='par_1_79' title="bbox 2205 3769 3804 3845">
     <span class='ocr_line' id='line_1_79' title="bbox 2205 3769 3804 3845; baseline 0.003 -23"><span class='ocrx_word' id='word_1_564' title='bbox 2205 3769 2348 3840; x_wconf 85' lang='grc' dir='ltr'>νόσῳ</span> <span class='ocrx_word' id='word_1_565' title='bbox 2373 3770 2468 3824; x_wconf 77' lang='grc' dir='ltr'>καὶ</span> <span class='ocrx_word' id='word_1_566' title='bbox 2491 3771 2628 3843; x_wconf 83' lang='grc' dir='ltr'>αὐτὴ</span> <span class='ocrx_word' id='word_1_567' title='bbox 2649 3771 3037 3845; x_wconf 77' lang='grc' dir='ltr'>δυσφορωτέρᾳ</span> <span class='ocrx_word' id='word_1_568' title='bbox 3052 3772 3338 3841; x_wconf 83' lang='grc' dir='ltr'>ληφθεῖσα,</span> <span class='ocrx_word' id='word_1_569' title='bbox 3367 3772 3594 3841; x_wconf 75' lang='grc' dir='ltr'>ἔγγιστα</span> <span class='ocrx_word' id='word_1_570' title='bbox 3623 3773 3804 3827; x_wconf 76' lang='grc' dir='ltr'>θανά-</span> 
     </span>
    </p>
   </div>
   <div class='ocr_carea' id='block_1_80' title="bbox 2205 3858 3805 3934">
    <p class='ocr_par' dir='ltr' id='par_1_80' title="bbox 2205 3858 3805 3934">
     <span class='ocr_line' id='line_1_80' title="bbox 2205 3858 3805 3934; baseline 0.003 -23"><span class='ocrx_word' id='word_1_571' title='bbox 2205 3875 2299 3912; x_wconf 88' lang='grc' dir='ltr'><strong>του</strong></span> <span class='ocrx_word' id='word_1_572' title='bbox 2329 3860 2564 3928; x_wconf 82' lang='grc' dir='ltr'>γεγόνει,</span> <span class='ocrx_word' id='word_1_573' title='bbox 2600 3860 2697 3913; x_wconf 73' lang='grc' dir='ltr'><strong>καὶ</strong></span> <span class='ocrx_word' id='word_1_574' title='bbox 2738 3861 2862 3915; x_wconf 79' lang='grc' dir='ltr'>ὅσον</span> <span class='ocrx_word' id='word_1_575' title='bbox 2893 3862 3015 3931; x_wconf 78' lang='grc' dir='ltr'>οὐχὶ</span> <span class='ocrx_word' id='word_1_576' title='bbox 3043 3863 3212 3931; x_wconf 84' lang='grc' dir='ltr'>νεκρὰ</span> <span class='ocrx_word' id='word_1_577' title='bbox 3240 3858 3329 3934; x_wconf 82' lang='grc' dir='ltr'><strong>ἦν.</strong></span> <span class='ocrx_word' id='word_1_578' title='bbox 3356 3862 3462 3916; x_wconf 90' lang='grc' dir='ltr'><strong>Τοῦ</strong></span> <span class='ocrx_word' id='word_1_579' title='bbox 3499 3863 3557 3916; x_wconf 77' lang='grc' dir='ltr'>δὲ</span> <span class='ocrx_word' id='word_1_580' title='bbox 3587 3862 3805 3933; x_wconf 76' lang='grc' dir='ltr'>πατρὸς</span> 
     </span>
    </p>
   </div>
   <div class='ocr_carea' id='block_1_81' title="bbox 2210 3950 3807 4027">
    <p class='ocr_par' dir='ltr' id='par_1_81' title="bbox 2210 3950 3807 4027">
     <span class='ocr_line' id='line_1_81' title="bbox 2210 3950 3807 4027; baseline 0.004 -22"><span class='ocrx_word' id='word_1_581' title='bbox 2210 3950 2358 4024; x_wconf 82' lang='grc' dir='ltr'><strong>παρά</strong></span> <span class='ocrx_word' id='word_1_582' title='bbox 2386 3952 2478 4006; x_wconf 83' lang='grc' dir='ltr'>τὸν</span> <span class='ocrx_word' id='word_1_583' title='bbox 2504 3954 2705 4024; x_wconf 80' lang='grc' dir='ltr'>συνήθη</span> <span class='ocrx_word' id='word_1_584' title='bbox 2738 3954 2900 4007; x_wconf 89' lang='grc' dir='ltr'>πάλιν</span> <span class='ocrx_word' id='word_1_585' title='bbox 2928 3955 3113 4026; x_wconf 71' lang='grc' dir='ltr'>ίατρδν</span> <span class='ocrx_word' id='word_1_586' title='bbox 3144 3957 3202 4007; x_wconf 83' lang='grc' dir='ltr'>ὲν</span> <span class='ocrx_word' id='word_1_587' title='bbox 3233 3958 3443 4027; x_wconf 85' lang='grc' dir='ltr'>ταραχῇ</span> <span class='ocrx_word' id='word_1_588' title='bbox 3472 3956 3807 4026; x_wconf 82' lang='grc' dir='ltr'>σπλάγχνων</span> 
     </span>
    </p>
   </div>
   <div class='ocr_carea' id='block_1_82' title="bbox 2210 4044 3808 4118">
    <p class='ocr_par' dir='ltr' id='par_1_82' title="bbox 2210 4044 3808 4118">
     <span class='ocr_line' id='line_1_82' title="bbox 2210 4044 3808 4118; baseline 0.003 -22"><span class='ocrx_word' id='word_1_589' title='bbox 2210 4044 2304 4096; x_wconf 74' lang='grc' dir='ltr'>καὶ</span> <span class='ocrx_word' id='word_1_590' title='bbox 2338 4045 2567 4113; x_wconf 77' lang='grc' dir='ltr'>καρδίας</span> <span class='ocrx_word' id='word_1_591' title='bbox 2598 4045 2760 4118; x_wconf 76' lang='grc' dir='ltr'>ὀδύνῃ</span> <span class='ocrx_word' id='word_1_592' title='bbox 2811 4047 3239 4115; x_wconf 86' lang='grc' dir='ltr'>καταφυγόντος,</span> <span class='ocrx_word' id='word_1_593' title='bbox 3287 4049 3550 4117; x_wconf 75' lang='grc' dir='ltr'>προσηνεῖ</span> <span class='ocrx_word' id='word_1_594' title='bbox 3590 4048 3619 4100; x_wconf 88' lang='lat'><strong>6</strong></span> <span class='ocrx_word' id='word_1_595' title='bbox 3653 4048 3808 4114; x_wconf 85' lang='grc' dir='ltr'>θεῖος</span> 
     </span>
    </p>
   </div>
   <div class='ocr_carea' id='block_1_83' title="bbox 2209 4129 3813 4207">
    <p class='ocr_par' dir='ltr' id='par_1_83' title="bbox 2209 4129 3813 4207">
     <span class='ocr_line' id='line_1_83' title="bbox 2209 4129 3813 4207; baseline 0.003 -20"><span class='ocrx_word' id='word_1_596' title='bbox 2209 4132 2349 4205; x_wconf 81' lang='grc' dir='ltr'>ἀνὴρ</span> <span class='ocrx_word' id='word_1_597' title='bbox 2394 4133 2732 4204; x_wconf 79' lang='grc' dir='ltr'>μειδιάματι,</span> <span class='ocrx_word' id='word_1_598' title='bbox 2756 4134 2847 4206; x_wconf 83' lang='grc' dir='ltr'><strong>Μὴ</strong></span> <span class='ocrx_word' id='word_1_599' title='bbox 2878 4133 3071 4202; x_wconf 82' lang='grc' dir='ltr'>φοϐοῦ,</span> <span class='ocrx_word' id='word_1_600' title='bbox 3089 4134 3448 4207; x_wconf 80' lang='grc' dir='ltr'>πρεσϐύτερε,</span> <span class='ocrx_word' id='word_1_601' title='bbox 3465 4129 3639 4198; x_wconf 83' lang='grc' dir='ltr'>εἷπεν,</span> <span class='ocrx_word' id='word_1_602' title='bbox 3659 4136 3813 4192; x_wconf 83' lang='grc' dir='ltr'>ἀλλὰ</span> 
     </span>
    </p>
   </div>
   <div class='ocr_carea' id='block_1_84' title="bbox 2214 4222 3809 4301">
    <p class='ocr_par' dir='ltr' id='par_1_84' title="bbox 2214 4222 3809 4301">
     <span class='ocr_line' id='line_1_84' title="bbox 2214 4222 3809 4301; baseline 0.004 -25"><span class='ocrx_word' id='word_1_603' title='bbox 2214 4222 2446 4294; x_wconf 80' lang='grc' dir='ltr'>τορεύου</span> <span class='ocrx_word' id='word_1_604' title='bbox 2508 4224 2754 4296; x_wconf 80' lang='grc' dir='ltr'>χαίροντι</span> <span class='ocrx_word' id='word_1_605' title='bbox 2810 4226 2933 4279; x_wconf 78' lang='grc' dir='ltr'>ποδὶ</span> <span class='ocrx_word' id='word_1_606' title='bbox 2985 4226 3203 4295; x_wconf 83' lang='grc' dir='ltr'>μᾶλλον·</span> <span class='ocrx_word' id='word_1_607' title='bbox 3245 4226 3533 4298; x_wconf 76' lang='grc' dir='ltr'>χαρίζεταί</span> <span class='ocrx_word' id='word_1_608' title='bbox 3569 4244 3653 4281; x_wconf 93' lang='grc' dir='ltr'><strong>σοι</strong></span> <span class='ocrx_word' id='word_1_609' title='bbox 3686 4228 3809 4301; x_wconf 79' lang='grc' dir='ltr'><strong>γὰρ</strong></span> 
     </span>
    </p>
   </div>
   <div class='ocr_carea' id='block_1_85' title="bbox 2214 4315 3812 4391">
    <p class='ocr_par' dir='ltr' id='par_1_85' title="bbox 2214 4315 3812 4391">
     <span class='ocr_line' id='line_1_85' title="bbox 2214 4315 3812 4391; baseline 0.004 -23"><span class='ocrx_word' id='word_1_610' title='bbox 2214 4315 2324 4370; x_wconf 82' lang='grc' dir='ltr'>ίδοὺ</span> <span class='ocrx_word' id='word_1_611' title='bbox 2375 4317 2469 4370; x_wconf 76' lang='grc' dir='ltr'>καὶ</span> <span class='ocrx_word' id='word_1_612' title='bbox 2514 4318 2612 4387; x_wconf 82' lang='grc' dir='ltr'>τὴν</span> <span class='ocrx_word' id='word_1_613' title='bbox 2654 4316 2931 4391; x_wconf 87' lang='grc' dir='ltr'>θυγατέρα</span> <span class='ocrx_word' id='word_1_614' title='bbox 2976 4317 3130 4382; x_wconf 79' lang='grc' dir='ltr'>Θεὸς,</span> <span class='ocrx_word' id='word_1_615' title='bbox 3179 4318 3274 4370; x_wconf 80' lang='grc' dir='ltr'>καὶ</span> <span class='ocrx_word' id='word_1_616' title='bbox 3327 4317 3625 4390; x_wconf 76' lang='grc' dir='ltr'>χαίρουσαν</span> <span class='ocrx_word' id='word_1_617' title='bbox 3675 4318 3812 4389; x_wconf 71' lang='grc' dir='ltr'>ὕψει</span> 
     </span>
    </p>
   </div>
   <div class='ocr_carea' id='block_1_86' title="bbox 2211 4408 3810 4483">
    <p class='ocr_par' dir='ltr' id='par_1_86' title="bbox 2211 4408 3810 4483">
     <span class='ocr_line' id='line_1_86' title="bbox 2211 4408 3810 4483; baseline 0.004 -24"><span class='ocrx_word' id='word_1_618' title='bbox 2211 4408 2421 4477; x_wconf 89' lang='grc' dir='ltr'>χαίρων</span> <span class='ocrx_word' id='word_1_619' title='bbox 2455 4409 2534 4471; x_wconf 86' lang='grc' dir='ltr'><strong>είς</strong></span> <span class='ocrx_word' id='word_1_620' title='bbox 2565 4409 2890 4478; x_wconf 90' lang='grc' dir='ltr'>συνάντησιν</span> <span class='ocrx_word' id='word_1_621' title='bbox 2919 4408 3241 4476; x_wconf 77' lang='grc' dir='ltr'>ἐξελθοῦσάν</span> <span class='ocrx_word' id='word_1_622' title='bbox 3272 4426 3378 4475; x_wconf 90' lang='grc' dir='ltr'>σοι,</span> <span class='ocrx_word' id='word_1_623' title='bbox 3412 4412 3478 4480; x_wconf 75' lang='grc' dir='ltr'>ἢν</span> <span class='ocrx_word' id='word_1_624' title='bbox 3506 4409 3675 4483; x_wconf 77' lang='grc' dir='ltr'>ὀδύρῃ</span> <span class='ocrx_word' id='word_1_625' title='bbox 3700 4411 3810 4465; x_wconf 80' lang='grc' dir='ltr'><strong>νῦν</strong></span> 
     </span>
    </p>
   </div>
   <div class='ocr_carea' id='block_1_87' title="bbox 2212 4499 3815 4572">
    <p class='ocr_par' dir='ltr' id='par_1_87' title="bbox 2212 4499 3815 4572">
     <span class='ocr_line' id='line_1_87' title="bbox 2212 4499 3815 4572; baseline 0.002 -19"><span class='ocrx_word' id='word_1_626' title='bbox 2212 4500 2313 4553; x_wconf 85' lang='grc' dir='ltr'>ὅσα</span> <span class='ocrx_word' id='word_1_627' title='bbox 2344 4500 2438 4553; x_wconf 82' lang='grc' dir='ltr'>καὶ</span> <span class='ocrx_word' id='word_1_628' title='bbox 2465 4499 2825 4570; x_wconf 85' lang='grc' dir='ltr'>θνήσκουσαν.</span> <span class='ocrx_word' id='word_1_629' title='bbox 2866 4501 3087 4554; x_wconf 84' lang='grc' dir='ltr'>Τούτων</span> <span class='ocrx_word' id='word_1_630' title='bbox 3109 4502 3174 4553; x_wconf 83' lang='grc' dir='ltr'>ἐκ</span> <span class='ocrx_word' id='word_1_631' title='bbox 3211 4501 3308 4554; x_wconf 86' lang='grc' dir='ltr'><strong>τοῦ</strong></span> <span class='ocrx_word' id='word_1_632' title='bbox 3334 4502 3558 4572; x_wconf 82' lang='grc' dir='ltr'>Συμεὼν</span> <span class='ocrx_word' id='word_1_633' title='bbox 3590 4504 3815 4569; x_wconf 73' lang='grc' dir='ltr'>ἐκεῖνος</span> 
     </span>
    </p>
   </div>
   <div class='ocr_carea' id='block_1_88' title="bbox 517 4591 2101 4669">
    <p class='ocr_par' dir='ltr' id='par_1_88' title="bbox 517 4596 2101 4669">
     <span class='ocr_line' id='line_1_88' title="bbox 517 4596 2101 4669; baseline 0.002 -18"><span class='ocrx_word' id='word_1_634' title='bbox 517 4597 722 4668; x_wconf 84' lang='lat' dir='ltr'><strong>ploras.</strong></span> <span class='ocrx_word' id='word_1_635' title='bbox 758 4597 855 4652; x_wconf 75' lang='lat' dir='ltr'><strong>llis</strong></span> <span class='ocrx_word' id='word_1_636' title='bbox 884 4598 1111 4661; x_wconf 89' lang='lat' dir='ltr'><strong>auditis,</strong></span> <span class='ocrx_word' id='word_1_637' title='bbox 1138 4607 1249 4653; x_wconf 85' lang='lat' dir='ltr'><strong>tam</strong></span> <span class='ocrx_word' id='word_1_638' title='bbox 1289 4598 1572 4653; x_wconf 86' lang='lat' dir='ltr'><strong>delibutus</strong></span> <span class='ocrx_word' id='word_1_639' title='bbox 1600 4596 1907 4667; x_wconf 81' lang='lat' dir='ltr'><strong>voluptate,</strong></span> <span class='ocrx_word' id='word_1_640' title='bbox 1938 4615 2101 4669; x_wconf 89' lang='lat' dir='ltr'><strong>quam</strong></span> 
     </span>
    </p>
   </div>
   <div class='ocr_carea' id='block_1_89' title="bbox 2204 4591 3815 4669">
    <p class='ocr_par' dir='ltr' id='par_1_89' title="bbox 2216 4591 3815 4667">
     <span class='ocr_line' id='line_1_89' title="bbox 2216 4591 3815 4667; baseline 0.004 -20"><span class='ocrx_word' id='word_1_641' title='bbox 2216 4591 2475 4657; x_wconf 81' lang='grc' dir='ltr'>ἀκούσας,</span> <span class='ocrx_word' id='word_1_642' title='bbox 2513 4592 2710 4660; x_wconf 79' lang='grc' dir='ltr'>μεστὸς</span> <span class='ocrx_word' id='word_1_643' title='bbox 2749 4593 2870 4648; x_wconf 70' lang='grc' dir='ltr'>ἀντὶ</span> <span class='ocrx_word' id='word_1_644' title='bbox 2896 4594 2997 4663; x_wconf 82' lang='grc' dir='ltr'>τῆς</span> <span class='ocrx_word' id='word_1_645' title='bbox 3027 4594 3221 4665; x_wconf 86' lang='grc' dir='ltr'>πρώην</span> <span class='ocrx_word' id='word_1_646' title='bbox 3260 4595 3455 4665; x_wconf 77' lang='grc' dir='ltr'>ὀδύνης</span> <span class='ocrx_word' id='word_1_647' title='bbox 3484 4596 3582 4649; x_wconf 80' lang='grc' dir='ltr'><strong>ἐπὶ</strong></span> <span class='ocrx_word' id='word_1_648' title='bbox 3608 4599 3674 4667; x_wconf 80' lang='grc' dir='ltr'><strong>τῇ</strong></span> <span class='ocrx_word' id='word_1_649' title='bbox 3706 4595 3815 4653; x_wconf 66' lang='grc' dir='ltr'>θυι·</span> 
     </span>
    </p>
   </div>
   <div class='ocr_carea' id='block_1_90' title="bbox 518 4686 2103 4758">
    <p class='ocr_par' dir='ltr' id='par_1_90' title="bbox 518 4686 2103 4758">
     <span class='ocr_line' id='line_1_90' title="bbox 518 4686 2103 4758; baseline 0.004 -17"><span class='ocrx_word' id='word_1_650' title='bbox 518 4688 674 4758; x_wconf 83' lang='lat' dir='ltr'><strong>prius</strong></span> <span class='ocrx_word' id='word_1_651' title='bbox 707 4688 943 4743; x_wconf 89' lang='lat' dir='ltr'><strong>obrutus</strong></span> <span class='ocrx_word' id='word_1_652' title='bbox 980 4703 1222 4744; x_wconf 73' lang='lat' dir='ltr'><strong>moerere</strong></span> <span class='ocrx_word' id='word_1_653' title='bbox 1271 4698 1501 4758; x_wconf 85' lang='lat' dir='ltr'><strong>propter</strong></span> <span class='ocrx_word' id='word_1_654' title='bbox 1544 4686 1744 4752; x_wconf 81' lang='lat' dir='ltr'><strong>ﬁliam,</strong></span> <span class='ocrx_word' id='word_1_655' title='bbox 1788 4690 2103 4747; x_wconf 85' lang='lat' dir='ltr'><strong>revertitur.</strong></span> 
     </span>
    </p>
   </div>
   <div class='ocr_carea' id='block_1_91' title="bbox 515 4779 2108 4855">
    <p class='ocr_par' dir='ltr' id='par_1_91' title="bbox 515 4779 2108 4855">
     <span class='ocr_line' id='line_1_91' title="bbox 515 4779 2108 4855; baseline 0.003 -20"><span class='ocrx_word' id='word_1_656' title='bbox 515 4779 769 4852; x_wconf 88' lang='lat' dir='ltr'><strong>Cumque</strong></span> <span class='ocrx_word' id='word_1_657' title='bbox 805 4783 917 4853; x_wconf 89' lang='lat' dir='ltr'><strong>jam</strong></span> <span class='ocrx_word' id='word_1_658' title='bbox 968 4782 1197 4855; x_wconf 89' lang='lat' dir='ltr'><strong>domum</strong></span> <span class='ocrx_word' id='word_1_659' title='bbox 1234 4780 1469 4843; x_wconf 85' lang='lat' dir='ltr'><strong>subiret,</strong></span> <span class='ocrx_word' id='word_1_660' title='bbox 1531 4781 1753 4836; x_wconf 81' lang='lat' dir='ltr'><strong>obviam</strong></span> <span class='ocrx_word' id='word_1_661' title='bbox 1800 4782 2108 4840; x_wconf 86' lang='lat' dir='ltr'><strong>secundum</strong></span> 
     </span>
    </p>
   </div>
   <div class='ocr_carea' id='block_1_92' title="bbox 517 4873 2107 4947">
    <p class='ocr_par' dir='ltr' id='par_1_92' title="bbox 517 4873 2107 4947">
     <span class='ocr_line' id='line_1_92' title="bbox 517 4873 2107 4947; baseline 0.002 -19"><span class='ocrx_word' id='word_1_662' title='bbox 517 4873 933 4944; x_wconf 64' lang='lat' dir='ltr'><strong>praedictionem</strong></span> <span class='ocrx_word' id='word_1_663' title='bbox 967 4873 1247 4943; x_wconf 75' lang='lat' dir='ltr'><strong>procurrit</strong></span> <span class='ocrx_word' id='word_1_664' title='bbox 1276 4873 1327 4928; x_wconf 91' lang='lat' dir='ltr'><strong>ei</strong></span> <span class='ocrx_word' id='word_1_665' title='bbox 1375 4873 1505 4939; x_wconf 75' lang='lat' dir='ltr'><strong>filia,</strong></span> <span class='ocrx_word' id='word_1_666' title='bbox 1529 4883 1585 4930; x_wconf 83' lang='lat' dir='ltr'><strong>et</strong></span> <span class='ocrx_word' id='word_1_667' title='bbox 1610 4876 1863 4947; x_wconf 76' lang='lat' dir='ltr'><strong>amplexu</strong></span> <span class='ocrx_word' id='word_1_668' title='bbox 1894 4886 2107 4947; x_wconf 90' lang='lat' dir='ltr'><strong>patrem</strong></span> 
     </span>
    </p>
   </div>
   <div class='ocr_carea' id='block_1_93' title="bbox 518 4962 2113 5037">
    <p class='ocr_par' dir='ltr' id='par_1_93' title="bbox 518 4962 2113 5037">
     <span class='ocr_line' id='line_1_93' title="bbox 518 4962 2113 5037; baseline 0.003 -20"><span class='ocrx_word' id='word_1_669' title='bbox 518 4963 762 5035; x_wconf 77' lang='lat' dir='ltr'><strong>stringit,</strong></span> <span class='ocrx_word' id='word_1_670' title='bbox 818 4962 944 5019; x_wconf 90' lang='lat' dir='ltr'><strong>ideo</strong></span> <span class='ocrx_word' id='word_1_671' title='bbox 993 4962 1259 5028; x_wconf 91' lang='lat' dir='ltr'><strong>suaviori,</strong></span> <span class='ocrx_word' id='word_1_672' title='bbox 1310 4965 1459 5035; x_wconf 89' lang='lat' dir='ltr'><strong>quod</strong></span> <span class='ocrx_word' id='word_1_673' title='bbox 1511 4976 1711 5037; x_wconf 79' lang='lat' dir='ltr'><strong>praeter</strong></span> <span class='ocrx_word' id='word_1_674' title='bbox 1745 4983 1965 5024; x_wconf 91' lang='lat' dir='ltr'><strong>omnem</strong></span> <span class='ocrx_word' id='word_1_675' title='bbox 2015 4983 2113 5023; x_wconf 87' lang='lat' dir='ltr'><strong>ex-</strong></span> 
     </span>
    </p>
   </div>
   <div class='ocr_carea' id='block_1_94' title="bbox 518 5055 2112 5129">
    <p class='ocr_par' dir='ltr' id='par_1_94' title="bbox 518 5055 2112 5129">
     <span class='ocr_line' id='line_1_94' title="bbox 518 5055 2112 5129; baseline 0.001 -18"><span class='ocrx_word' id='word_1_676' title='bbox 518 5057 915 5126; x_wconf 83' lang='lat' dir='ltr'><strong>spectationem</strong></span> <span class='ocrx_word' id='word_1_677' title='bbox 946 5063 1096 5111; x_wconf 90' lang='lat' dir='ltr'><strong>esset</strong></span> <span class='ocrx_word' id='word_1_678' title='bbox 1130 5055 1390 5112; x_wconf 80' lang='lat' dir='ltr'><strong>lethifero</strong></span> <span class='ocrx_word' id='word_1_679' title='bbox 1419 5059 1617 5113; x_wconf 87' lang='lat' dir='ltr'><strong>morbo</strong></span> <span class='ocrx_word' id='word_1_680' title='bbox 1652 5069 1846 5129; x_wconf 88' lang='lat' dir='ltr'><strong>erepta</strong></span> <span class='ocrx_word' id='word_1_681' title='bbox 1884 5077 1897 5113; x_wconf 92' lang='lat'><strong>:</strong></span> <span class='ocrx_word' id='word_1_682' title='bbox 1927 5059 2112 5129; x_wconf 86' lang='lat' dir='ltr'><strong>itaque</strong></span> 
     </span>
    </p>
   </div>
   <div class='ocr_carea' id='block_1_95' title="bbox 519 5146 2113 5222">
    <p class='ocr_par' dir='ltr' id='par_1_95' title="bbox 519 5146 2113 5222">
     <span class='ocr_line' id='line_1_95' title="bbox 519 5146 2113 5222; baseline 0.002 -20"><span class='ocrx_word' id='word_1_683' title='bbox 519 5148 779 5219; x_wconf 81' lang='lat' dir='ltr'><strong>adjuncta</strong></span> <span class='ocrx_word' id='word_1_684' title='bbox 825 5146 1093 5202; x_wconf 80' lang='lat' dir='ltr'><strong>fratribus</strong></span> <span class='ocrx_word' id='word_1_685' title='bbox 1133 5156 1237 5208; x_wconf 92' lang='lat' dir='ltr'><strong>est.</strong></span> <span class='ocrx_word' id='word_1_686' title='bbox 1287 5148 1429 5204; x_wconf 82' lang='lat' dir='ltr'><strong>facta</strong></span> <span class='ocrx_word' id='word_1_687' title='bbox 1473 5151 1640 5205; x_wconf 85' lang='lat' dir='ltr'><strong>etiam</strong></span> <span class='ocrx_word' id='word_1_688' title='bbox 1676 5151 1791 5221; x_wconf 88' lang='lat' dir='ltr'><strong>ipsa</strong></span> <span class='ocrx_word' id='word_1_689' title='bbox 1820 5151 1966 5222; x_wconf 89' lang='lat' dir='ltr'><strong>patri</strong></span> <span class='ocrx_word' id='word_1_690' title='bbox 1995 5167 2113 5205; x_wconf 87' lang='lat' dir='ltr'><strong>ma-</strong></span> 
     </span>
    </p>
   </div>
   <div class='ocr_carea' id='block_1_96' title="bbox 517 5238 2114 5311">
    <p class='ocr_par' dir='ltr' id='par_1_96' title="bbox 517 5238 2114 5311">
     <span class='ocr_line' id='line_1_96' title="bbox 517 5238 2114 5311; baseline 0.001 -18"><span class='ocrx_word' id='word_1_691' title='bbox 517 5238 777 5294; x_wconf 79' lang='lat' dir='ltr'><strong>nifestum</strong></span> <span class='ocrx_word' id='word_1_692' title='bbox 812 5238 986 5293; x_wconf 85' lang='lat' dir='ltr'><strong>sancti</strong></span> <span class='ocrx_word' id='word_1_693' title='bbox 1029 5238 1317 5310; x_wconf 82' lang='lat' dir='ltr'><strong>Symeonis</strong></span> <span class='ocrx_word' id='word_1_694' title='bbox 1342 5255 1567 5296; x_wconf 92' lang='lat' dir='ltr'><strong>munus.</strong></span> <span class='ocrx_word' id='word_1_695' title='bbox 1599 5241 1774 5296; x_wconf 85' lang='lat' dir='ltr'><strong>Porro</strong></span> <span class='ocrx_word' id='word_1_696' title='bbox 1803 5240 2114 5311; x_wconf 84' lang='lat' dir='ltr'><strong>presbyteri</strong></span> 
     </span>
    </p>
   </div>
   <div class='ocr_carea' id='block_1_97' title="bbox 517 5327 2112 5401">
    <p class='ocr_par' dir='ltr' id='par_1_97' title="bbox 517 5327 2112 5401">
     <span class='ocr_line' id='line_1_97' title="bbox 517 5327 2112 5401; baseline 0.001 -16"><span class='ocrx_word' id='word_1_697' title='bbox 517 5331 684 5401; x_wconf 80' lang='lat' dir='ltr'><strong>hujus</strong></span> <span class='ocrx_word' id='word_1_698' title='bbox 725 5327 974 5391; x_wconf 89' lang='lat' dir='ltr'><strong>domini.</strong></span> <span class='ocrx_word' id='word_1_699' title='bbox 1027 5332 1302 5401; x_wconf 86' lang='lat' dir='ltr'><strong>pertinaci</strong></span> <span class='ocrx_word' id='word_1_700' title='bbox 1337 5332 1727 5389; x_wconf 86' lang='lat' dir='ltr'><strong>incredulitate</strong></span> <span class='ocrx_word' id='word_1_701' title='bbox 1773 5333 2112 5398; x_wconf 87' lang='lat' dir='ltr'><strong>laborantes,</strong></span> 
     </span>
    </p>
   </div>
   <div class='ocr_carea' id='block_1_98' title="bbox 517 5420 2113 5498">
    <p class='ocr_par' dir='ltr' id='par_1_98' title="bbox 517 5420 2113 5498">
     <span class='ocr_line' id='line_1_98' title="bbox 517 5420 2113 5498; baseline 0.002 -22"><span class='ocrx_word' id='word_1_702' title='bbox 517 5420 923 5478; x_wconf 87' lang='lat' dir='ltr'><strong>denuntiabant</strong></span> <span class='ocrx_word' id='word_1_703' title='bbox 946 5421 1071 5493; x_wconf 90' lang='lat' dir='ltr'><strong>ipsi,</strong></span> <span class='ocrx_word' id='word_1_704' title='bbox 1100 5425 1296 5480; x_wconf 85' lang='lat' dir='ltr'><strong>crebro</strong></span> <span class='ocrx_word' id='word_1_705' title='bbox 1316 5436 1465 5497; x_wconf 88' lang='lat' dir='ltr'><strong>gesta</strong></span> <span class='ocrx_word' id='word_1_706' title='bbox 1493 5426 1790 5498; x_wconf 83' lang='lat' dir='ltr'><strong>Symeonis</strong></span> <span class='ocrx_word' id='word_1_707' title='bbox 1810 5426 2113 5491; x_wconf 85' lang='lat' dir='ltr'><strong>enarranti,</strong></span> 
     </span>
    </p>
   </div>
   <div class='ocr_carea' id='block_1_99' title="bbox 520 5512 2115 5588">
    <p class='ocr_par' dir='ltr' id='par_1_99' title="bbox 520 5512 2115 5588">
     <span class='ocr_line' id='line_1_99' title="bbox 520 5512 2115 5588; baseline 0.004 -20"><span class='ocrx_word' id='word_1_708' title='bbox 520 5515 773 5569; x_wconf 88' lang='lat' dir='ltr'><strong>dicentes</strong></span> <span class='ocrx_word' id='word_1_709' title='bbox 803 5531 818 5569; x_wconf 93' lang='lat'><strong>:</strong></span> <span class='ocrx_word' id='word_1_710' title='bbox 851 5512 933 5569; x_wconf 90' lang='lat' dir='ltr'><strong>Tu</strong></span> <span class='ocrx_word' id='word_1_711' title='bbox 966 5517 1225 5587; x_wconf 88' lang='lat' dir='ltr'><strong>equidem</strong></span> <span class='ocrx_word' id='word_1_712' title='bbox 1254 5518 1588 5575; x_wconf 86' lang='lat' dir='ltr'><strong>benedicere</strong></span> <span class='ocrx_word' id='word_1_713' title='bbox 1618 5519 1769 5574; x_wconf 91' lang='lat' dir='ltr'><strong>illius</strong></span> <span class='ocrx_word' id='word_1_714' title='bbox 1812 5519 2072 5588; x_wconf 91' lang='lat' dir='ltr'><strong>precibus</strong></span> <span class='ocrx_word' id='word_1_715' title='bbox 2099 5537 2115 5585; x_wconf 85' lang='lat'><strong>;</strong></span> 
     </span>
    </p>
   </div>
   <div class='ocr_carea' id='block_1_100' title="bbox 520 5605 2116 5682">
    <p class='ocr_par' dir='ltr' id='par_1_100' title="bbox 520 5605 2116 5682">
     <span class='ocr_line' id='line_1_100' title="bbox 520 5605 2116 5682; baseline 0.004 -21"><span class='ocrx_word' id='word_1_716' title='bbox 520 5621 624 5661; x_wconf 90' lang='lat' dir='ltr'><strong>nos</strong></span> <span class='ocrx_word' id='word_1_717' title='bbox 652 5605 1094 5665; x_wconf 82' lang='lat' dir='ltr'><strong>maledictionem</strong></span> <span class='ocrx_word' id='word_1_718' title='bbox 1137 5610 1310 5682; x_wconf 89' lang='lat' dir='ltr'><strong>ipsius</strong></span> <span class='ocrx_word' id='word_1_719' title='bbox 1348 5619 1738 5681; x_wconf 69' lang='lat' dir='ltr'><strong>prmoptamus.</strong></span> <span class='ocrx_word' id='word_1_720' title='bbox 1783 5611 2116 5667; x_wconf 76' lang='lat' dir='ltr'><strong>Videbimus</strong></span> 
     </span>
    </p>
   </div>
   <div class='ocr_carea' id='block_1_101' title="bbox 522 5698 2120 5775">
    <p class='ocr_par' dir='ltr' id='par_1_101' title="bbox 522 5698 2120 5775">
     <span class='ocr_line' id='line_1_101' title="bbox 522 5698 2120 5775; baseline 0.002 -21"><span class='ocrx_word' id='word_1_721' title='bbox 522 5698 712 5769; x_wconf 84' lang='lat' dir='ltr'><strong>igitur,</strong></span> <span class='ocrx_word' id='word_1_722' title='bbox 736 5699 1017 5772; x_wconf 88' lang='lat' dir='ltr'><strong>inquiunt.</strong></span> <span class='ocrx_word' id='word_1_723' title='bbox 1052 5720 1185 5758; x_wconf 88' lang='lat' dir='ltr'><strong>num</strong></span> <span class='ocrx_word' id='word_1_724' title='bbox 1217 5702 1351 5775; x_wconf 89' lang='lat' dir='ltr'><strong>quid</strong></span> <span class='ocrx_word' id='word_1_725' title='bbox 1382 5703 1456 5757; x_wconf 92' lang='lat' dir='ltr'><strong>ita</strong></span> <span class='ocrx_word' id='word_1_726' title='bbox 1505 5702 1559 5756; x_wconf 90' lang='lat' dir='ltr'><strong>in</strong></span> <span class='ocrx_word' id='word_1_727' title='bbox 1605 5717 1665 5757; x_wconf 91' lang='lat' dir='ltr'><strong>se</strong></span> <span class='ocrx_word' id='word_1_728' title='bbox 1694 5701 1909 5759; x_wconf 69' lang='lat' dir='ltr'><strong>allectis</strong></span> <span class='ocrx_word' id='word_1_729' title='bbox 1938 5703 2120 5759; x_wconf 84' lang='lat' dir='ltr'><strong>valeat</strong></span> 
     </span>
    </p>
   </div>
   <div class='ocr_carea' id='block_1_102' title="bbox 523 5792 2120 5868">
    <p class='ocr_par' dir='ltr' id='par_1_102' title="bbox 523 5792 2120 5868">
     <span class='ocr_line' id='line_1_102' title="bbox 523 5792 2120 5868; baseline 0.004 -21"><span class='ocrx_word' id='word_1_730' title='bbox 523 5805 747 5850; x_wconf 80' lang='lat' dir='ltr'><strong>nocere.</strong></span> <span class='ocrx_word' id='word_1_731' title='bbox 790 5793 872 5849; x_wconf 79' lang='lat' dir='ltr'><strong>Ad</strong></span> <span class='ocrx_word' id='word_1_732' title='bbox 903 5811 1026 5866; x_wconf 72' lang='lat' dir='ltr'><strong>quae</strong></span> <span class='ocrx_word' id='word_1_733' title='bbox 1057 5796 1225 5852; x_wconf 87' lang='lat' dir='ltr'><strong>verba</strong></span> <span class='ocrx_word' id='word_1_734' title='bbox 1272 5811 1384 5849; x_wconf 90' lang='lat' dir='ltr'><strong>non</strong></span> <span class='ocrx_word' id='word_1_735' title='bbox 1414 5792 1632 5849; x_wconf 88' lang='lat' dir='ltr'><strong>distulit</strong></span> <span class='ocrx_word' id='word_1_736' title='bbox 1664 5793 1721 5851; x_wconf 90' lang='lat' dir='ltr'><strong>in</strong></span> <span class='ocrx_word' id='word_1_737' title='bbox 1749 5795 1971 5868; x_wconf 82' lang='lat' dir='ltr'><strong>longum</strong></span> <span class='ocrx_word' id='word_1_738' title='bbox 2000 5811 2120 5867; x_wconf 75' lang='lat' dir='ltr'><strong>pce-</strong></span> 
     </span>
    </p>
   </div>
   <div class='ocr_carea' id='block_1_103' title="bbox 528 5886 2121 5964">
    <p class='ocr_par' dir='ltr' id='par_1_103' title="bbox 528 5886 2121 5964">
     <span class='ocr_line' id='line_1_103' title="bbox 528 5886 2121 5964; baseline 0.003 -22"><span class='ocrx_word' id='word_1_739' title='bbox 528 5900 652 5944; x_wconf 73' lang='lat' dir='ltr'><strong>nam</strong></span> <span class='ocrx_word' id='word_1_740' title='bbox 692 5886 838 5961; x_wconf 75' lang='lat' dir='ltr'><strong>Iusta</strong></span> <span class='ocrx_word' id='word_1_741' title='bbox 869 5891 965 5950; x_wconf 90' lang='lat' dir='ltr'><strong>Dei</strong></span> <span class='ocrx_word' id='word_1_742' title='bbox 999 5890 1379 5964; x_wconf 82' lang='lat' dir='ltr'><strong>providentia;</strong></span> <span class='ocrx_word' id='word_1_743' title='bbox 1429 5887 1524 5945; x_wconf 87' lang='lat' dir='ltr'><strong>sed</strong></span> <span class='ocrx_word' id='word_1_744' title='bbox 1568 5887 1764 5944; x_wconf 87' lang='lat' dir='ltr'><strong>eodem</strong></span> <span class='ocrx_word' id='word_1_745' title='bbox 1798 5905 1962 5957; x_wconf 86' lang='lat' dir='ltr'><strong>anno,</strong></span> <span class='ocrx_word' id='word_1_746' title='bbox 1989 5888 2121 5946; x_wconf 84' lang='lat' dir='ltr'><strong>licet</strong></span> 
     </span>
    </p>
   </div>
   <div class='ocr_carea' id='block_1_104' title="bbox 2210 4682 3817 4759">
    <p class='ocr_par' dir='ltr' id='par_1_104' title="bbox 2210 4682 3817 4759">
     <span class='ocr_line' id='line_1_104' title="bbox 2210 4682 3817 4759; baseline 0.006 -22"><span class='ocrx_word' id='word_1_747' title='bbox 2210 4683 2376 4755; x_wconf 80' lang='grc' dir='ltr'>γατρὶ</span> <span class='ocrx_word' id='word_1_748' title='bbox 2426 4684 2523 4754; x_wconf 80' lang='grc' dir='ltr'>τὴν</span> <span class='ocrx_word' id='word_1_749' title='bbox 2573 4682 2752 4755; x_wconf 78' lang='grc' dir='ltr'>ψυχὴν</span> <span class='ocrx_word' id='word_1_750' title='bbox 2792 4686 2988 4755; x_wconf 70' lang='grc' dir='ltr'>ἡδονῆς</span> <span class='ocrx_word' id='word_1_751' title='bbox 3017 4687 3267 4759; x_wconf 78' lang='grc' dir='ltr'>ἐπανῄει.</span> <span class='ocrx_word' id='word_1_752' title='bbox 3327 4687 3694 4742; x_wconf 84' lang='grc' dir='ltr'>Ἐπιϐαίνοντι</span> <span class='ocrx_word' id='word_1_753' title='bbox 3748 4690 3817 4746; x_wconf 74' lang='grc' dir='ltr'><strong>δδ</strong></span> 
     </span>
    </p>
   </div>
   <div class='ocr_carea' id='block_1_105' title="bbox 2212 4775 3818 4854">
    <p class='ocr_par' dir='ltr' id='par_1_105' title="bbox 2212 4775 3818 4854">
     <span class='ocr_line' id='line_1_105' title="bbox 2212 4775 3818 4854; baseline 0.003 -23"><span class='ocrx_word' id='word_1_754' title='bbox 2212 4778 2313 4849; x_wconf 76' lang='grc' dir='ltr'>ήδη</span> <span class='ocrx_word' id='word_1_755' title='bbox 2373 4775 2468 4830; x_wconf 88' lang='grc' dir='ltr'><strong>τοῦ</strong></span> <span class='ocrx_word' id='word_1_756' title='bbox 2526 4775 2698 4842; x_wconf 74' lang='grc' dir='ltr'>οἴκου,</span> <span class='ocrx_word' id='word_1_757' title='bbox 2746 4779 3070 4850; x_wconf 81' lang='grc' dir='ltr'>προῦπαντᾷ</span> <span class='ocrx_word' id='word_1_758' title='bbox 3120 4779 3263 4833; x_wconf 84' lang='grc' dir='ltr'>κατὰ</span> <span class='ocrx_word' id='word_1_759' title='bbox 3313 4779 3412 4843; x_wconf 83' lang='grc' dir='ltr'><strong>τὰς</strong></span> <span class='ocrx_word' id='word_1_760' title='bbox 3471 4784 3818 4854; x_wconf 75' lang='grc' dir='ltr'>προρρήσεις</span> 
     </span>
    </p>
   </div>
   <div class='ocr_carea' id='block_1_106' title="bbox 2211 4869 3820 4946">
    <p class='ocr_par' dir='ltr' id='par_1_106' title="bbox 2211 4869 3820 4946">
     <span class='ocr_line' id='line_1_106' title="bbox 2211 4869 3820 4946; baseline 0.005 -23"><span class='ocrx_word' id='word_1_761' title='bbox 2211 4869 2375 4941; x_wconf 85' lang='grc' dir='ltr'>αῦτη,</span> <span class='ocrx_word' id='word_1_762' title='bbox 2400 4869 2742 4941; x_wconf 80' lang='grc' dir='ltr'>καὶ“γνήσιόν</span> <span class='ocrx_word' id='word_1_763' title='bbox 2773 4887 2827 4923; x_wconf 90' lang='grc' dir='ltr'><strong>τι</strong></span> <span class='ocrx_word' id='word_1_764' title='bbox 2858 4871 2951 4924; x_wconf 77' lang='grc' dir='ltr'>καὶ</span> <span class='ocrx_word' id='word_1_765' title='bbox 2981 4870 3079 4941; x_wconf 82' lang='grc' dir='ltr'><strong>ἡδὺ</strong></span> <span class='ocrx_word' id='word_1_766' title='bbox 3108 4871 3518 4942; x_wconf 82' lang='grc' dir='ltr'>περιπλέκεται,</span> <span class='ocrx_word' id='word_1_767' title='bbox 3539 4870 3627 4928; x_wconf 78' lang='grc' dir='ltr'><strong>οἷα</strong></span> <span class='ocrx_word' id='word_1_768' title='bbox 3655 4876 3820 4946; x_wconf 75' lang='grc' dir='ltr'>παρὰ</span> 
     </span>
    </p>
   </div>
   <div class='ocr_carea' id='block_1_107' title="bbox 2214 4961 3816 5040">
    <p class='ocr_par' dir='ltr' id='par_1_107' title="bbox 2214 4961 3816 5040">
     <span class='ocr_line' id='line_1_107' title="bbox 2214 4961 3816 5040; baseline 0.004 -25"><span class='ocrx_word' id='word_1_769' title='bbox 2214 4964 2395 5015; x_wconf 82' lang='grc' dir='ltr'>πᾶσαν</span> <span class='ocrx_word' id='word_1_770' title='bbox 2425 4961 2596 5033; x_wconf 76' lang='grc' dir='ltr'>πατρὶ</span> <span class='ocrx_word' id='word_1_771' title='bbox 2625 4963 2957 5033; x_wconf 86' lang='grc' dir='ltr'>προσδοκίαν</span> <span class='ocrx_word' id='word_1_772' title='bbox 2989 4965 3238 5035; x_wconf 81' lang='grc' dir='ltr'>χαλεπῆς</span> <span class='ocrx_word' id='word_1_773' title='bbox 3258 4966 3416 5020; x_wconf 82' lang='grc' dir='ltr'>νόσου</span> <span class='ocrx_word' id='word_1_774' title='bbox 3445 4968 3677 5040; x_wconf 83' lang='grc' dir='ltr'>φιλτάτη</span> <span class='ocrx_word' id='word_1_775' title='bbox 3707 4968 3816 5022; x_wconf 77' lang='grc' dir='ltr'>θυ-</span> 
     </span>
    </p>
   </div>
   <div class='ocr_carea' id='block_1_108' title="bbox 2215 5055 3817 5132">
    <p class='ocr_par' dir='ltr' id='par_1_108' title="bbox 2215 5055 3817 5132">
     <span class='ocr_line' id='line_1_108' title="bbox 2215 5055 3817 5132; baseline 0.006 -25"><span class='ocrx_word' id='word_1_776' title='bbox 2215 5055 2394 5127; x_wconf 87' lang='grc' dir='ltr'>γάτηρ</span> <span class='ocrx_word' id='word_1_777' title='bbox 2424 5055 2786 5122; x_wconf 82' lang='grc' dir='ltr'>ἀνασωθεῖσα,</span> <span class='ocrx_word' id='word_1_778' title='bbox 2821 5057 2918 5111; x_wconf 75' lang='grc' dir='ltr'>καὶ</span> <span class='ocrx_word' id='word_1_779' title='bbox 2970 5058 3324 5130; x_wconf 83' lang='grc' dir='ltr'>προστίθεται</span> <span class='ocrx_word' id='word_1_780' title='bbox 3371 5062 3464 5114; x_wconf 75' lang='grc' dir='ltr'>καὶ</span> <span class='ocrx_word' id='word_1_781' title='bbox 3510 5060 3647 5132; x_wconf 80' lang='grc' dir='ltr'>αὕτη</span> <span class='ocrx_word' id='word_1_782' title='bbox 3693 5065 3817 5128; x_wconf 87' lang='grc' dir='ltr'>τοῖς</span> 
     </span>
    </p>
   </div>
   <div class='ocr_carea' id='block_1_109' title="bbox 2215 5147 3820 5227">
    <p class='ocr_par' dir='ltr' id='par_1_109' title="bbox 2215 5147 3820 5227">
     <span class='ocr_line' id='line_1_109' title="bbox 2215 5147 3820 5227; baseline 0.007 -28"><span class='ocrx_word' id='word_1_783' title='bbox 2215 5147 2483 5216; x_wconf 78' lang='grc' dir='ltr'>ἀδελφοῖς,</span> <span class='ocrx_word' id='word_1_784' title='bbox 2516 5149 2685 5217; x_wconf 76' lang='grc' dir='ltr'>σαφὲς</span> <span class='ocrx_word' id='word_1_785' title='bbox 2718 5150 2869 5222; x_wconf 70' lang='grc' dir='ltr'>παρὰ</span> <span class='ocrx_word' id='word_1_786' title='bbox 2923 5153 3017 5205; x_wconf 81' lang='grc' dir='ltr'><strong>τοῦ</strong></span> <span class='ocrx_word' id='word_1_787' title='bbox 3068 5152 3213 5206; x_wconf 89' lang='grc' dir='ltr'>θείου</span> <span class='ocrx_word' id='word_1_788' title='bbox 3256 5153 3482 5222; x_wconf 85' lang='grc' dir='ltr'>Συμεὼν</span> <span class='ocrx_word' id='word_1_789' title='bbox 3522 5154 3602 5221; x_wconf 83' lang='grc' dir='ltr'>τῷ</span> <span class='ocrx_word' id='word_1_790' title='bbox 3639 5156 3820 5227; x_wconf 73' lang='grc' dir='ltr'>πατρὶ</span> 
     </span>
    </p>
   </div>
   <div class='ocr_carea' id='block_1_110' title="bbox 2215 5237 3822 5315">
    <p class='ocr_par' dir='ltr' id='par_1_110' title="bbox 2215 5237 3822 5315">
     <span class='ocr_line' id='line_1_110' title="bbox 2215 5237 3822 5315; baseline 0.007 -25"><span class='ocrx_word' id='word_1_791' title='bbox 2215 5237 2388 5307; x_wconf 87' lang='grc' dir='ltr'>δῶρον</span> <span class='ocrx_word' id='word_1_792' title='bbox 2413 5240 2779 5311; x_wconf 84' lang='grc' dir='ltr'>γεγενημένη.</span> <span class='ocrx_word' id='word_1_793' title='bbox 2803 5242 2864 5295; x_wconf 89' lang='grc' dir='ltr'><strong>Οἱ</strong></span> <span class='ocrx_word' id='word_1_794' title='bbox 2896 5242 3079 5310; x_wconf 85' lang='grc' dir='ltr'>μέντοι</span> <span class='ocrx_word' id='word_1_795' title='bbox 3104 5244 3198 5296; x_wconf 84' lang='grc' dir='ltr'><strong>τοῦ</strong></span> <span class='ocrx_word' id='word_1_796' title='bbox 3219 5240 3593 5315; x_wconf 74' lang='grc' dir='ltr'>πρεσῖἷυτέρου</span> <span class='ocrx_word' id='word_1_797' title='bbox 3615 5244 3822 5302; x_wconf 77' lang='grc' dir='ltr'><strong>δεσπό⁶</strong></span> 
     </span>
    </p>
   </div>
   <div class='ocr_carea' id='block_1_111' title="bbox 2218 5331 3820 5411">
    <p class='ocr_par' dir='ltr' id='par_1_111' title="bbox 2218 5331 3820 5411">
     <span class='ocr_line' id='line_1_111' title="bbox 2218 5331 3820 5411; baseline 0.006 -30"><span class='ocrx_word' id='word_1_798' title='bbox 2218 5346 2331 5394; x_wconf 86' lang='grc' dir='ltr'>ται,</span> <span class='ocrx_word' id='word_1_799' title='bbox 2358 5331 2602 5401; x_wconf 83' lang='grc' dir='ltr'>χαλεπὴν</span> <span class='ocrx_word' id='word_1_800' title='bbox 2649 5333 2910 5387; x_wconf 86' lang='grc' dir='ltr'>ἀπιστίαν</span> <span class='ocrx_word' id='word_1_801' title='bbox 2952 5335 3259 5400; x_wconf 86' lang='grc' dir='ltr'>νοσοῦντες,</span> <span class='ocrx_word' id='word_1_802' title='bbox 3286 5336 3640 5405; x_wconf 84' lang='grc' dir='ltr'>ἀγγέλλοντες</span> <span class='ocrx_word' id='word_1_803' title='bbox 3670 5332 3820 5411; x_wconf 81' lang='grc' dir='ltr'>ἦσαν</span> 
     </span>
    </p>
   </div>
   <div class='ocr_carea' id='block_1_112' title="bbox 2218 5423 3818 5500">
    <p class='ocr_par' dir='ltr' id='par_1_112' title="bbox 2218 5423 3818 5500">
     <span class='ocr_line' id='line_1_112' title="bbox 2218 5423 3818 5500; baseline 0.007 -26"><span class='ocrx_word' id='word_1_804' title='bbox 2218 5423 2390 5493; x_wconf 82' lang='grc' dir='ltr'>αὐτῷ,</span> <span class='ocrx_word' id='word_1_805' title='bbox 2419 5423 2488 5476; x_wconf 75' lang='grc' dir='ltr'><strong>τὰ</strong></span> <span class='ocrx_word' id='word_1_806' title='bbox 2514 5423 2608 5477; x_wconf 84' lang='grc' dir='ltr'><strong>τοῦ</strong></span> <span class='ocrx_word' id='word_1_807' title='bbox 2636 5423 2861 5495; x_wconf 86' lang='grc' dir='ltr'>Συμεὼν</span> <span class='ocrx_word' id='word_1_808' title='bbox 2892 5426 3155 5490; x_wconf 82' lang='grc' dir='ltr'>πολλάκις</span> <span class='ocrx_word' id='word_1_809' title='bbox 3197 5425 3570 5500; x_wconf 82' lang='grc' dir='ltr'>ἐξηγουμένῳ.</span> <span class='ocrx_word' id='word_1_810' title='bbox 3600 5430 3719 5491; x_wconf 75' lang='grc' dir='ltr'>καὶ,</span> <span class='ocrx_word' id='word_1_811' title='bbox 3738 5431 3818 5485; x_wconf 74' lang='grc' dir='ltr'>Σὺ</span> 
     </span>
    </p>
   </div>
   <div class='ocr_carea' id='block_1_113' title="bbox 2224 5515 3819 5594">
    <p class='ocr_par' dir='ltr' id='par_1_113' title="bbox 2224 5515 3819 5594">
     <span class='ocr_line' id='line_1_113' title="bbox 2224 5515 3819 5594; baseline 0.004 -26"><span class='ocrx_word' id='word_1_812' title='bbox 2224 5515 2323 5585; x_wconf 86' lang='grc' dir='ltr'>μὲν</span> <span class='ocrx_word' id='word_1_813' title='bbox 2361 5515 2587 5583; x_wconf 84' lang='grc' dir='ltr'>εὐλογοῦ</span> <span class='ocrx_word' id='word_1_814' title='bbox 2620 5519 2742 5580; x_wconf 87' lang='grc' dir='ltr'>ταῖς</span> <span class='ocrx_word' id='word_1_815' title='bbox 2770 5520 2958 5589; x_wconf 83' lang='grc' dir='ltr'>εὐχαῖς</span> <span class='ocrx_word' id='word_1_816' title='bbox 2993 5519 3182 5584; x_wconf 84' lang='grc' dir='ltr'>αὐτοῦ,</span> <span class='ocrx_word' id='word_1_817' title='bbox 3231 5519 3517 5588; x_wconf 77' lang='grc' dir='ltr'>λέγοντεςο</span> <span class='ocrx_word' id='word_1_818' title='bbox 3549 5521 3710 5594; x_wconf 77' lang='grc' dir='ltr'>ἡμεῖς</span> <span class='ocrx_word' id='word_1_819' title='bbox 3757 5521 3819 5575; x_wconf 66' lang='grc' dir='ltr'>δὲ</span> 
     </span>
    </p>
   </div>
   <div class='ocr_carea' id='block_1_114' title="bbox 2218 5606 3821 5683">
    <p class='ocr_par' dir='ltr' id='par_1_114' title="bbox 2218 5606 3821 5683">
     <span class='ocr_line' id='line_1_114' title="bbox 2218 5606 3821 5683; baseline 0.004 -22"><span class='ocrx_word' id='word_1_820' title='bbox 2218 5608 2319 5677; x_wconf 75' lang='grc' dir='ltr'>τὴν</span> <span class='ocrx_word' id='word_1_821' title='bbox 2363 5606 2460 5661; x_wconf 86' lang='grc' dir='ltr'><strong>τοῦ</strong></span> <span class='ocrx_word' id='word_1_822' title='bbox 2495 5609 2663 5662; x_wconf 80' lang='grc' dir='ltr'>αὐτοῦ</span> <span class='ocrx_word' id='word_1_823' title='bbox 2697 5610 2898 5679; x_wconf 85' lang='grc' dir='ltr'>μᾶλλον</span> <span class='ocrx_word' id='word_1_824' title='bbox 2938 5612 3079 5680; x_wconf 75' lang='grc' dir='ltr'>ἀρὰν</span> <span class='ocrx_word' id='word_1_825' title='bbox 3128 5612 3524 5683; x_wconf 81' lang='grc' dir='ltr'>ἀσπαζόμεθα·</span> <span class='ocrx_word' id='word_1_826' title='bbox 3569 5611 3821 5682; x_wconf 69' lang='grc' dir='ltr'>ὀψόμεθα</span> 
     </span>
    </p>
   </div>
   <div class='ocr_carea' id='block_1_115' title="bbox 2223 5699 3819 5779">
    <p class='ocr_par' dir='ltr' id='par_1_115' title="bbox 2223 5699 3819 5779">
     <span class='ocr_line' id='line_1_115' title="bbox 2223 5699 3819 5779; baseline 0.003 -27"><span class='ocrx_word' id='word_1_827' title='bbox 2223 5699 2353 5772; x_wconf 74' lang='grc' dir='ltr'>γὰρ,</span> <span class='ocrx_word' id='word_1_828' title='bbox 2389 5703 2577 5771; x_wconf 64' lang='grc' dir='ltr'>φησιν,</span> <span class='ocrx_word' id='word_1_829' title='bbox 2622 5702 2677 5754; x_wconf 81' lang='grc' dir='ltr'>εἴ</span> <span class='ocrx_word' id='word_1_830' title='bbox 2712 5720 2766 5756; x_wconf 91' lang='grc' dir='ltr'><strong>τι</strong></span> <span class='ocrx_word' id='word_1_831' title='bbox 2799 5704 2936 5775; x_wconf 66' lang='grc' dir='ltr'>πρὸς</span> <span class='ocrx_word' id='word_1_832' title='bbox 2957 5705 3118 5758; x_wconf 76' lang='grc' dir='ltr'>αὑτὸν</span> <span class='ocrx_word' id='word_1_833' title='bbox 3147 5705 3321 5769; x_wconf 78' lang='grc' dir='ltr'>οὕτως</span> <span class='ocrx_word' id='word_1_834' title='bbox 3364 5705 3586 5776; x_wconf 75' lang='grc' dir='ltr'>ἔχοντας</span> <span class='ocrx_word' id='word_1_835' title='bbox 3615 5703 3819 5779; x_wconf 72' lang='grc' dir='ltr'>βλάψαι</span> 
     </span>
    </p>
   </div>
   <div class='ocr_carea' id='block_1_116' title="bbox 2221 5792 3821 5865">
    <p class='ocr_par' dir='ltr' id='par_1_116' title="bbox 2221 5792 3821 5865">
     <span class='ocr_line' id='line_1_116' title="bbox 2221 5792 3821 5865; baseline 0.002 -21"><span class='ocrx_word' id='word_1_836' title='bbox 2221 5792 2528 5862; x_wconf 82' lang='grc' dir='ltr'>δυνήσεται.</span> <span class='ocrx_word' id='word_1_837' title='bbox 2565 5794 2708 5865; x_wconf 72' lang='grc' dir='ltr'>Πρὸς</span> <span class='ocrx_word' id='word_1_838' title='bbox 2740 5794 2884 5865; x_wconf 82' lang='grc' dir='ltr'>ἆπερ</span> <span class='ocrx_word' id='word_1_839' title='bbox 2929 5796 3032 5850; x_wconf 81' lang='grc' dir='ltr'>οὐκ</span> <span class='ocrx_word' id='word_1_840' title='bbox 3067 5796 3161 5850; x_wconf 74' lang='grc' dir='ltr'><strong>ἐπὶ</strong></span> <span class='ocrx_word' id='word_1_841' title='bbox 3204 5796 3340 5850; x_wconf 76' lang='grc' dir='ltr'>πολὺ</span> <span class='ocrx_word' id='word_1_842' title='bbox 3374 5795 3445 5849; x_wconf 70' lang='grc' dir='ltr'><strong>τὰ</strong></span> <span class='ocrx_word' id='word_1_843' title='bbox 3475 5796 3577 5864; x_wconf 77' lang='grc' dir='ltr'><strong>τῆς</strong></span> <span class='ocrx_word' id='word_1_844' title='bbox 3598 5794 3821 5857; x_wconf 80' lang='grc' dir='ltr'>δικαίας</span> 
     </span>
    </p>
   </div>
   <div class='ocr_carea' id='block_1_117' title="bbox 2224 5886 3812 5961">
    <p class='ocr_par' dir='ltr' id='par_1_117' title="bbox 2224 5886 3812 5961">
     <span class='ocr_line' id='line_1_117' title="bbox 2224 5886 3812 5961; baseline 0.002 -22"><span class='ocrx_word' id='word_1_845' title='bbox 2224 5886 2515 5956; x_wconf 72' lang='grc' dir='ltr'>ἐϐράδυνεν</span> <span class='ocrx_word' id='word_1_846' title='bbox 2559 5886 2645 5940; x_wconf 77' lang='grc' dir='ltr'><strong>ἐπ’</strong></span> <span class='ocrx_word' id='word_1_847' title='bbox 2682 5889 2876 5952; x_wconf 70' lang='grc' dir='ltr'>αὐτοὺς</span> <span class='ocrx_word' id='word_1_848' title='bbox 2907 5890 2997 5942; x_wconf 79' lang='grc' dir='ltr'><strong>τοῦ</strong></span> <span class='ocrx_word' id='word_1_849' title='bbox 3036 5889 3173 5943; x_wconf 86' lang='grc' dir='ltr'>Θεοῦ</span> <span class='ocrx_word' id='word_1_850' title='bbox 3205 5889 3494 5961; x_wconf 85' lang='grc' dir='ltr'>προνοίας·</span> <span class='ocrx_word' id='word_1_851' title='bbox 3537 5887 3670 5942; x_wconf 78' lang='grc' dir='ltr'>ἀλλὰ</span> <span class='ocrx_word' id='word_1_852' title='bbox 3714 5887 3812 5942; x_wconf 69' lang='grc' dir='ltr'><strong>τσῦ</strong></span> 
     </span>
    </p>
   </div>
  </div>
