4078 6386
288 383 453 450 Ξῖὓι

1368 388 1547 449 VITA
1586 388 1634 448 Α
1674 386 2118 450 NICEPHORO
2156 388 2645 453 CONSCRIPTA.

3468 397 3611 460 1.209.

294 502 570 556 ἐνιαυτοῦ
599 499 812 554 ἐκείνου
852 500 1028 556 καίτοι
1055 499 1333 572 βαθύτατα
1361 502 1738 568 πλουτοῦντες,
1770 501 1922 555 πενέ-

2028 501 2286 558 ditissimi
2316 514 2522 568 essent,
2581 507 2919 576 pauperrimi
2983 508 3087 564 visi
3136 517 3298 574 sunt,
3354 511 3614 566 ounubus

302 611 513 652 σταται
534 591 824 665 ὤφθησαν,
852 591 1033 663 πάσης
1069 591 1250 645 αὐτῶν
1280 592 1468 657 οὐσίας
1518 595 1762 665 ἐσχάτως
1795 593 1910 647 δια-

298 683 646 755 ᾳθαρείσης.

2026 594 2245 649 tandem
2284 595 2641 653 facultatibus
2670 598 2969 670 dissipatis.

1750 802 1978 861 CAPUT
2022 806 2214 862 XXIX.

728 915 984 971 Abscntia
1037 921 1086 968 et
1123 916 1357 987 cogitata
1386 918 1633 988 perspicit
1665 933 1682 972 :
1720 934 1815 989 per
1858 919 2145 994 discipulos
2186 926 2467 978 medetur:
2499 926 2553 978 in
2582 934 2892 996 tempestate
2928 929 3210 982 succurrit.

396 1029 528 1084 σλε’.
565 1030 813 1098 Πέλαγος
849 1030 951 1100 μὲν
980 1023 1078 1083 οὖν
1116 1028 1388 1096 ἐξαντλῶν
1409 1026 1530 1085 οἶδα
1563 1034 1818 1097 κοτύλαις
1839 1034 1909 1088 τὰ

306 1119 416 1175 τοῦ
446 1117 766 1190 θαυμαστοῦ
800 1118 1029 1189 Συμεὼν
1056 1120 1235 1173 πάντα
1264 1119 1520 1185 διεξιέναι
1549 1121 1874 1191 φιλονεικῶν
1898 1143 1913 1157 ο

308 1209 443 1265 ἀλλ’
471 1211 534 1264 οὐ
567 1210 780 1282 φορητὴ
806 1209 968 1264 πάλιν
1000 1211 1033 1282 ἡ
1065 1210 1175 1264 τῶν
1206 1212 1700 1284 παραλειπομένων
1725 1198 1918 1288 ζημία.

322 1303 627 1376 Ἐπέμφθη
677 1303 788 1375 γάρ
832 1320 965 1357 ποτε
1009 1304 1147 1375 πρὸς
1176 1306 1274 1375 τὴν
1313 1304 1559 1376 βασιλίδα
1588 1307 1744 1361 πόλιν
1779 1310 1922 1365 κατά

308 1412 477 1460 τινας
503 1394 776 1466 θεοφιλεῖς
803 1412 864 1448 τε
894 1395 1013 1468 ἅμα
1044 1396 1141 1450 καὶ
1176 1395 1518 1467 ψυχωφελεῖς
1552 1399 1744 1470 χρείας
1785 1417 1920 1472 πρε-

312 1486 588 1557 σϐύτερος
617 1487 823 1558 Θωμᾶς
854 1488 953 1542 σὺν
985 1488 1237 1559 ἀδελφοῖς
1275 1488 1485 1561 ἑτέροις
1513 1489 1634 1544 δυσὶ
1665 1493 1796 1563 παρ’
1820 1493 1921 1547 αύ-

309 1576 440 1631 τοῦ.
474 1571 578 1631 Οἷα
604 1576 663 1631 δὲ
704 1577 858 1646 φιλεῖ
882 1579 945 1631 τὸ
971 1579 1103 1650 περὶ
1134 1578 1229 1633 τὸν
1274 1576 1502 1649 βασιλέα
1537 1583 1646 1637 πᾶν
1689 1583 1916 1653 προσίε-

198 1722 212 1737 ,γ
313 1668 451 1724 σθαι
504 1671 629 1734 τοὺς
686 1670 988 1737 τοιούτους,
1026 1672 1122 1726 καὶ
1177 1672 1506 1744 θεραπεύειν
1560 1673 1650 1728 διὰ
1685 1676 1784 1746 τὴν
1819 1676 1915 1730 τοῦ

312 1765 644 1836 πέμψαντος
698 1766 924 1837 ἀρετὴν,
984 1766 1126 1839 ὁρῶν
1156 1770 1184 1822 6
1211 1769 1514 1839 τηνικαῦτα
1553 1768 1794 1841 ἔπαρχος
1816 1771 1917 1824 αύ-

311 1860 449 1922 τοὺς
478 1859 777 1930 (Θεόδωρος
810 1854 967 1922 οὗτος
1018 1861 1048 1913 6
1108 1860 1208 1929 τὴν
1267 1861 1587 1932 ἐπωνυμίαν
1639 1861 1918 1930 Πικρίδιος
1948 1849 1992 1908 Β

309 1945 411 2021 ἦν)
444 1949 763 2021 παρρησίας
795 1952 852 2002 ὲν
881 1948 962 2020 τῷ
1005 1950 1257 2021 παλατίῳ
1310 1952 1617 2021 τυγχάνων,
1651 1950 1917 2004 πυνθάνει

310 2059 435 2108 ται,
481 2041 626 2104 τίνες
665 2042 714 2094 οί
747 2041 973 2112 μοναχοὶ
1021 2044 1114 2095 καὶ
1159 2042 1303 2096 ὅθεν.
1343 2042 1455 2096 Καὶ
1509 2043 1719 2113 μαθὼν,
1750 2060 1919 2114 μετα-

313 2134 573 2189 καλεῖται
618 2134 712 2188 τὸν
761 2134 965 2205 Θωμᾶν
1016 2134 1357 2204 καταμόνας.
1398 2135 1579 2199 Πολλὰ
1620 2135 1754 2205 γοῦν
1786 2138 1920 2208 περὶ

312 2225 419 2280 τοῦ
461 2225 612 2280 θείου
642 2225 872 2297 Συμεὼν
895 2226 1293 2297 διαλεχθέντες,
1328 2229 1561 2297 συχνοὺς
1592 2227 1688 2281 τοῦ
1740 2229 1919 2298 Θωμᾶ

318 2320 424 2373 καὶ
456 2320 707 2392 μακροὺς
734 2321 1147 2383 κατατείνοντος
1174 2320 1390 2389 λόγους,
1427 2321 1658 2376 πλεῖστά
1692 2339 1752 2376 τε
1786 2322 1920 2394 περὶ

315 2412 494 2468 αὐτοῦ
525 2414 620 2468 καὶ
650 2413 762 2467 τῶν
783 2412 951 2467 αὐτοῦ
986 2412 1311 2483 θαυμασίων
1342 2414 1445 2466 ὅσα
1473 2414 1736 2467 ἑκάστοτε
1769 2413 1919 2486 δρῴη

314 2505 618 2572 διεξιόντος
643 2520 657 2535 ⁸
692 2507 721 2560 6
755 2505 996 2577 ἔπαρχος
1049 2505 1342 2569 ἐκκαυθεὶς
1396 2505 1496 2577 τὴν
1535 2506 1765 2578 καρδίαν
1806 2509 1919 2571 τοῖς

318 2599 458 2670 ’περὶ¹
483 2599 648 2653 αὑτοῦ
673 2599 1028 2669 διηγήμασιν,
1061 2597 1182 2661 ὅλος
1210 2614 1272 2650 τε
1295 2597 1398 2666 τῆς
1429 2598 1509 2662 εἰς
1527 2598 1688 2652 αὐτὸν
1719 2599 1917 2670 ἐκκρε-

320 2692 560 2762 μασθεὶς
618 2691 879 2758 πίστεως,
928 2691 1155 2763 Χαλεπή
1217 2708 1308 2761 με,
1375 2690 1516 2761 πρὸς
1572 2693 1664 2744 τὸν
1711 2690 1917 2761 Θωμᾶν

316 2785 455 2855 ἔφη,
495 2784 651 2847 νόσος
700 2784 798 2838 καὶ
837 2781 1048 2855 κρύφια
1090 2781 1291 2848 πιέζει,
1324 2781 1462 2853 πρὸς
1505 2782 1573 2854 ἢν
1615 2782 1704 2835 διὰ
1738 2783 1918 2853 πάσης

317 2873 497 2930 ἐλθὼν
555 2876 807 2947 μηχανῆς
867 2892 927 2928 τε
982 2875 1078 2928 καὶ
1121 2875 1340 2945 τέχνης,
1376 2875 1483 2928 οὐδ’
1518 2874 1697 2927 ὁτιοῦν
1720 2870 1832 2938 οἶός
1859 2891 1919 2927 τε

320 2964 600 3036 κατέστην
631 2965 814 3035 εὑρεῖν
846 2963 941 3018 τοῦ
978 2961 1153 3017 κακοῦ
1179 2964 1473 3034 φάρμακον
1494 2978 1509 2993 ο
1544 2956 1664 3016 εἶτα
1697 2964 1789 3016 καὶ
1819 2964 1918 3016 αύ-

320 3059 421 3115 τοῦ
454 3059 676 3129 μεσίτου
728 3058 914 3128 τυχεῖν
946 3056 1118 3110 ἐδεῖτο
1147 3055 1387 3125 θερμῶς,
1424 3053 1565 3108 ὥστε
1593 3054 1660 3109 δι’
1693 3057 1919 3108 ἐπιστο-

319 3150 429 3221 λῆς
480 3149 553 3205 τὰ
611 3147 735 3203 καθ’
777 3147 972 3202 ἑαυτὸν
1027 3148 1224 3218 ἐκείνῳ
1270 3147 1639 3218 γνωρίσαντα,
1680 3148 1917 3219 κομίσα-

320 3242 453 3297 σθαι
496 3241 592 3296 καὶ
642 3240 742 3312 τὴν
803 3239 1122 3311 θεραπείαν.
1168 3238 1277 3293 Τοῦ
1332 3239 1407 3306 δὲ,
1481 3237 1603 3306 ἥτις
1632 3241 1666 3309 ἡ
1721 3241 1876 3304 νόσος
1904 3283 1919 3309 ,

321 3336 593 3408 ἐρομένου
620 3351 636 3367 ·
692 3334 897 3404 ἑλεεινῇ
928 3334 954 3385 6
983 3332 1241 3417 «ἔπαρχοςζ
1286 3329 1574 3417 ὑπολαϐὼν
1616 3333 1682 3403 τῇ
1740 3336 1914 3404 φωνῇ,

324 3425 537 3491 Πάντα,
569 3424 759 3496 φησὶν,
788 3417 870 3487 οἷς
910 3416 1319 3493 τρέφομαι,είς
1346 3416 1487 3492 αἷμα
1541 3427 1922 3492 μεταποιεῖται

322 3517 424 3572 καὶ
472 3517 719 3588 μακροὺς
781 3515 1093 3586 σκώληκας,
1124 3515 1159 3586 ἦ
1193 3530 1254 3566 τε
1313 3514 1423 3568 τῶν
1455 3515 1606 3579 ἐντὸς
1638 3515 1825 3588 ὀδύνη,
1860 3515 1921 3568 οὐ

323 3607 496 3681 ῥᾳδία
525 3608 737 3679 φέρειν,
768 3606 1218 3678 διαόοσκομένων
1258 3622 1326 3676 με
1355 3605 1466 3659 τῶν
1498 3606 1821 3677 σκωλήκων.
1864 3606 1922 3659 '0

322 3700 409 3766 δὲ,
450 3699 788 3771 Γνωριστὲον
834 3699 953 3771 μὲν,
977 3699 1053 3761 ὡς
1082 3698 1243 3769 ἔφης,
1270 3696 1445 3752 ταῦτα
1493 3698 1588 3750 καὶ
1634 3698 1713 3769 τῷ
1744 3699 1917 3769 μεγά-

325 3793 432 3864 λῳ,
460 3791 603 3864 πλὴν
652 3791 767 3846 ἀλλ’
800 3791 917 3844 ἔστι
974 3788 1106 3862 παρ’
1157 3792 1290 3861 ἡμῖν
1340 3788 1452 3843 τῶν
1505 3788 1668 3861 ίερῶν
1705 3789 1918 3842 ἐκείνου

325 3882 537 3956 τριχῶν
591 3883 686 3943 καὶ
744 3881 844 3951 τῆς
896 3878 1122 3948 κόνεως,
1153 3873 1236 3943 οἷς
1289 3878 1434 3951 ὕδωρ
1465 3878 1779 3934 ὲπιῦαλόντι
1823 3877 1921 3932 καὶ

327 3975 441 4048 πρὸ
466 3975 655 4030 σιτίων
685 3975 889 4036 πιόντι,
922 3972 1176 4044 οὐδαμῶς
1201 3968 1355 4043 οἶμαι
1386 3971 1775 4043 μεταμελήσει.

2092 1038 2221 1096 255.
2263 1042 2463 1096 Totum
2491 1060 2642 1100 mare
2682 1043 2865 1098 situlis
2896 1043 3192 1099 exhaurire
3225 1044 3466 1111 noverit,
3515 1044 3613 1119 qui

2019 1131 2208 1186 omnia
2237 1132 2527 1205 Symeonis
2558 1134 2838 1189 mirabilia
2866 1135 2923 1188 in
2962 1134 3142 1189 lucem
3184 1133 3434 1204 proferre
3476 1150 3613 1190 con-

2020 1226 2265 1292 tenderit
2288 1243 2301 1281 :
2326 1234 2383 1280 at
2410 1227 2666 1282 similiter
2687 1225 3121 1295 incomparabile
3147 1225 3409 1280 damnum
3425 1224 3611 1286 fuerit,

2019 1318 2323 1389 quidquam
2360 1334 2392 1373 a
2433 1319 2746 1375 scientibus
2780 1318 3150 1389 przetermitti.
3194 1316 3393 1372 Missus
3448 1317 3616 1388 igitur

2023 1409 2324 1479 aliquando
2355 1408 2413 1464 in
2444 1410 2652 1480 regiam
2681 1409 2878 1465 urbem
2908 1426 2939 1464 a
2972 1418 3166 1463 sancto
3204 1407 3475 1479 Symeone
3509 1408 3616 1464 fuit

2023 1501 2314 1573 presbyter
2345 1503 2588 1559 Thomas
2618 1518 2746 1557 cum
2790 1501 3060 1556 fratribus
3102 1500 3343 1566 duobus,
3390 1516 3614 1571 compa-

2022 1605 2247 1651 raturus
2274 1596 2526 1666 quaedam
2556 1597 2625 1651 ad
2676 1596 2773 1651 Dei
2819 1595 3245 1665 animarumque
3290 1610 3449 1650 usum
3487 1611 3615 1667 spe—

2020 1688 2249 1743 ctantia.
2300 1688 2574 1760 Cumque,
2615 1697 2677 1743 ut
2706 1687 2827 1742 fieri
2859 1689 3021 1754 solet,
3048 1704 3077 1742 a
3108 1696 3218 1742 tota
3255 1690 3381 1743 aula
3413 1687 3615 1743 admit—

2023 1786 2275 1833 terentur
2309 1779 2762 1850 colerenturque,
2800 1788 3030 1850 propter
3063 1779 3212 1833 illius
3250 1795 3280 1833 ιι
3316 1794 3426 1849 quo
3461 1778 3613 1833 missi

2022 1879 2184 1927 erant
2207 1870 2410 1926 famam
2434 1911 2450 1937 ,
2501 1872 2645 1927 vidit
2682 1886 2780 1926 eos
2814 1871 2908 1942 qui
2954 1879 3086 1926 tunc
3126 1869 3422 1941 praefectus
3460 1870 3618 1926 urbis

2020 1970 2145 2017 erat
2194 1962 2526 2017 Theodorus
2578 1962 2825 2025 nomine,
2906 1971 3276 2031 cognomento
3317 1961 3613 2026 Picridius,

2021 2055 2357 2111 auctoritate
2383 2055 2620 2126 pollens,
2644 2063 2813 2124 atque
2845 2053 3236 2124 interrogavit,
3267 2053 3492 2123 quinam
3522 2054 3615 2110 isti

2020 2147 2206 2202 forent
2234 2147 2490 2201 monachi
2529 2154 2587 2202 et
2615 2146 2784 2202 unde.
2827 2146 3075 2201 Edoctus
3120 2145 3358 2213 singula,
3395 2160 3621 2202 sevoca—

2020 2241 2104 2295 vit
2141 2240 2375 2294 seorsim
2418 2240 2711 2295 Thomam.
2762 2239 2901 2295 Cum
2936 2249 3121 2296 autem
3167 2241 3426 2311 pluribus
3475 2241 3625 2298 inter

2021 2344 2080 2384 se
2106 2328 2174 2384 de
2211 2339 2402 2384 saneto
2442 2331 2718 2402 Symeone
2758 2331 3023 2402 egissent,
3069 2343 3126 2385 et
3180 2332 3513 2401 prolixiores
3546 2331 3616 2386 de

2022 2420 2117 2477 illo
2156 2420 2398 2476 Thomas
2458 2431 2775 2492 pertexeret
2828 2438 3142 2486 sermones,
3206 2437 3374 2492 super
3429 2423 3617 2479 omnia

2021 2510 2202 2581 ipsum
2234 2520 2289 2565 et
2330 2512 2596 2567 miracula
2632 2528 2754 2582 quae
2781 2513 3033 2582 quotidie
3063 2512 3304 2567 faciebat
3342 2528 3621 2568 commen-

2020 2602 2195 2657 dans:
2232 2603 2527 2673 praefectus
2552 2603 2926 2658 inflammatus
2959 2603 3127 2658 corde
3160 2604 3367 2659 talibus
3420 2619 3617 2659 narra-

2023 2695 2287 2758 tionibus,
2318 2704 2542 2766 totaque
2575 2696 2629 2749 in
2655 2696 2834 2765 ipsum
2871 2695 3071 2750 ﬁducia
3098 2706 3353 2751 erectus:
3410 2694 3617 2752 Difﬁci-

2021 2787 2111 2850 lis,
2144 2788 2327 2858 inquit
2352 2788 2622 2843 Thomam
2651 2789 2961 2858 alloquens.
2990 2804 3079 2843 me
3105 2797 3163 2843 et
3209 2788 3464 2843 occultus
3486 2803 3616 2858 pre-

2021 2877 2123 2931 mit
2156 2878 2420 2945 morbus;
2456 2880 2614 2949 cujus
2644 2894 2810 2934 causa
2840 2894 3035 2935 omnes
3056 2879 3287 2934 adhibui
3329 2879 3617 2934 machinas

2021 2976 2078 3022 et
2100 2977 2270 3030 artes,
2302 2968 2397 3023 sed
2423 2968 2673 3024 laboravi
2702 2968 2758 3023 in
2785 2985 3011 3032 vanum,
3040 2970 3190 3024 nulla
3222 2969 3353 3024 mali
3389 2968 3617 3024 inventa

2023 3059 2258 3114 medela.
2292 3058 2504 3115 Deinde
2534 3060 2924 3115 ardentissime
2950 3060 3131 3130 petiit,
3158 3069 3219 3116 ut
3269 3062 3468 3116 liceret
3505 3059 3616 3115 sibi

2024 3166 2124 3220 per
2149 3151 2441 3221 epistolam
2464 3167 2651 3207 rerum
2697 3168 2923 3207 suarum
2973 3161 3180 3208 statum
3232 3162 3425 3209 saneto
3469 3153 3619 3211 indi-

2026 3256 2174 3303 care,
2207 3258 2315 3311 quo
2349 3243 2697 3297 curationem
2743 3243 3046 3312 impetrare
3098 3244 3167 3298 ab
3196 3244 3317 3315 ipso
3375 3261 3621 3300 merere-

2023 3341 2136 3387 tur.
2164 3333 2544 3405 lnterrogante
2568 3345 2754 3390 autem
2785 3334 3001 3389 Thema
3032 3353 3044 3389 :
3078 3336 3285 3407 Ecquis
3341 3337 3432 3391 ille
3467 3352 3620 3391 tuor-

2020 3422 2126 3477 bus
2166 3433 2351 3494 esset,
2398 3426 2707 3481 miserabili
2736 3427 3082 3496 respondens
3143 3444 3282 3483 voce
3320 3445 3333 3481 :
3400 3426 3619 3492 Omnia,

2022 3512 2226 3581 inquit,
2279 3514 2620 3569 nutrimenta
2663 3530 2786 3570 mea
2829 3516 2883 3569 in
2918 3508 3249 3587 sanguinem
3307 3508 3364 3572 et
3427 3517 3620 3588 longos

2021 3601 2329 3658 lumbricos
2381 3615 2814 3660 convertuntur:
2881 3608 3087 3677 quippe
3149 3608 3368 3664 viscera
3409 3609 3624 3664 arrodit

2026 3696 2204 3759 dolor,
2236 3696 2383 3752 haud
2413 3697 2577 3753 facile
2619 3699 2844 3753 tolerari
2896 3709 3108 3770 potest,
3155 3700 3267 3756 illis
3322 3717 3409 3757 me
3453 3701 3622 3771 depa-

2027 3787 2335 3842 scentibus.
2365 3786 2467 3842 Cui
2500 3788 2781 3843 Thomas:
2817 3789 3191 3859 Signiﬁcanda
3216 3790 3337 3845 haec
3390 3790 3618 3859 quidem

2029 3887 2180 3943 sunt,
2234 3887 2297 3933 ut
2356 3879 2567 3951 inquis,
2626 3897 2826 3954 magno
2885 3881 3180 3953 Symeoni;
3233 3893 3617 3938 verumtamen

2031 3971 2190 4026 adest
2250 3971 2413 4027 nobis
2453 3989 2677 4044 quoque
2744 3990 2777 4029 ε
2820 3976 2994 4030 sacris
3040 3976 3190 4030 illius
3242 3975 3496 4029 crinibus
3553 3989 3620 4029 ac

327 4068 562 4132 pulvere
618 4068 933 4141 quidpiam;
976 4080 1118 4138 quos
1173 4066 1219 4121 si
1290 4069 1418 4138 quis
1491 4064 1785 4121 miscuerit
1838 4076 1969 4118 cum
2039 4077 2201 4133 aqua,
2265 4063 2619 4135 biberitque,
2664 4074 2799 4137 puto
2846 4066 2965 4121 fore
3029 4075 3088 4121 ut
3148 4080 3278 4122 eum
3328 4064 3458 4127 facti
3506 4078 3618 4120 non

425 4162 620 4216 niteat.

327 4171 620 4232 poeniteat.

403 4251 545 4314 σλς⁹.
574 4250 681 4306 Τοῐ)⁹
717 4251 773 4306 δὲ
802 4249 946 4305 κατὰ
967 4250 1067 4316 τὰς
1101 4250 1385 4322 ὑποθήκας
1427 4247 1796 4320 πεποιηκότος
1821 4287 1837 4314 ,
1884 4247 1920 4318 ἦ

323 4364 391 4402 τε
421 4344 518 4401 τοῦ
560 4344 796 4416 αἵματος
826 4341 985 4413 ῥύσις
1031 4344 1303 4409 πέπαυτο,
1335 4342 1431 4396 καὶ
1460 4342 1517 4395 αἱ
1545 4342 1655 4395 τῶν
1706 4341 1923 4411 σκωλή-

324 4456 445 4493 κων
498 4436 685 4499 ὠδῖνες
718 4434 968 4500 ἐσὸεστο,
1007 4433 1105 4488 καὶ
1129 4435 1163 4505 ἡ
1190 4434 1345 4496 νόσος
1376 4431 1543 4495 εὐθὺς
1588 4432 1922 4502 ἀπελήλατο.

2094 4244 2221 4300 256.
2270 4245 2522 4302 Credidit
2553 4247 2848 4318 prtefeetus
2880 4246 3047 4303 dictis
3077 4248 3336 4305 Thomte:
3392 4259 3448 4305 et
3491 4266 3617 4307 ces-

2024 4335 2165 4391 savit
2199 4336 2347 4391 illico
2404 4334 2586 4392 fluxus
2620 4336 2925 4408 sanguinis,
2967 4337 3189 4393 dolores
3233 4340 3608 4396 vermiumle-

2022 4428 2127 4483 niti
2161 4438 2312 4496 sunt,
2364 4428 2657 4499 omnisque
2676 4428 2951 4500 egritudo
2978 4428 3232 4501 depulsa.
3258 4430 3463 4485 Verum
3487 4447 3616 4487 cum

336 4530 402 4583 '0
448 4525 581 4596 γοῦν
628 4528 866 4596 ἔπαρχος
942 4525 1203 4593 φυσικαῖς
1272 4525 1416 4595 ὀρῶν
1473 4523 1667 4577 ἑαυτὸν
1715 4522 1920 4588 ἐξόδοις

2025 4518 2247 4574 videret
2281 4534 2506 4574 secessu
2534 4520 2773 4575 naturali
2809 4535 2867 4575 se
2930 4519 3200 4592 deinceps
3227 4521 3308 4577 uti
3337 4562 3352 4587 ,
3398 4522 3620 4594 gravior

324 4619 428 4675 τοῦ
454 4618 643 4673 λοιποῦ
679 4620 982 4690 χρώμενον,
1009 4618 1065 4668 ὲν
1088 4615 1240 4686 φόῦῳ
1273 4615 1481 4669 πλείονι
1520 4614 1616 4667 τοῦ
1651 4613 1921 4684 προτέρου

325 4711 572 4783 γεγόνει,
593 4712 690 4764 καὶ
741 4710 833 4764 τὸν
869 4709 1073 4780 Θωμᾶν
1105 4708 1180 4771 ὡς
1230 4703 1346 4779 εἷχε
1403 4705 1919 4778 μεταστειλάμενος,

325 4804 561 4859 δεδιέναι
610 4806 707 4857 καὶ
749 4804 977 4873 τρέμειν
1008 4800 1184 4869 ἔλεγε,
1222 4801 1297 4871 μὴ
1351 4800 1576 4853 ἄλλοθεν
1625 4800 1675 4852 οἱ
1711 4797 1924 4868 σκώλη-

326 4916 430 4960 κες
461 4896 625 4950 αὐτὸν
656 4878 1033 4967 ἁναρῥήξωσι,
1056 4892 1165 4946 τῶν
1195 4893 1335 4946 κατὰ
1368 4892 1531 4962 φύσιν
1559 4891 1756 4958 ἰξόδων
1786 4892 1925 4944 ἀπο·

329 4987 697 5051 κλεισθέντες.
727 4988 840 5040 Καὶ
874 4979 983 5057 (οἶα
1025 4984 1271 5053 πέφυκεν
1303 4984 1393 5037 ἀεὶ
1429 4984 1688 5055 μέγιστος
1754 4983 1923 5035 πᾶσιν

246 5118 251 5121 Α
328 5079 645 5152 ἀνθρώποις
703 5076 1019 5148 ἐγγίνεσθαι
1075 5076 1278 5145 φόϐος,
1311 5076 1442 5130 ὅταν
1489 5076 1618 5147 περὶ
1659 5073 1722 5128 τὸ
1766 5073 1867 5146 ζῇν
1895 5076 1924 5128 6

331 5173 582 5238 κίνδυνος
636 5169 696 5248 ᾗ.
736 5169 1020 5241 φείδεσθαί
1086 5186 1146 5223 τε
1205 5169 1434 5238 μηδενὸς
1481 5168 1809 5239 τηνικαῦτα,
1848 5168 1926 5240 μὴ

333 5264 526 5329 πόνου,
564 5262 641 5335 μὴ
674 5261 949 5332 καμάτου,
1008 5259 1083 5331 μὴ
1112 5258 1491 5329 ἀναλώματος,
1523 5260 1572 5313 εί
1603 5260 1699 5313 καὶ
1736 5259 1797 5313 τὸ
1829 5258 1923 5313 δύ-

335 5354 534 5410 νασθαι
569 5353 805 5425 μάλιστα
826 5350 1037 5415 τούτοις
1082 5349 1283 5421 προσῇ)
1313 5355 1361 5407 εί
1397 5349 1472 5419 μὴ
1515 5350 1609 5402 καὶ
1660 5348 1739 5418 τῷ
1787 5348 1928 5420 ἁγίῳ

333 5446 665 5520 γνωρισθείη
708 5446 777 5501 τὰ
838 5444 958 5499 κατ’
1017 5444 1203 5509 αὑτὸν,
1239 5442 1341 5496 ούκ
1398 5442 1604 5496 ἀνεκτὰ
1665 5443 1923 5495 ἐποιεῖτο.

336 5540 626 5613 Γέγραπτο
673 5539 771 5610 μὲν
806 5533 901 5591 οὖν
943 5538 977 5607 ἡ
1013 5534 1296 5606 ἐπιστολὴ,
1339 5536 1643 5605 ἡτοίμαστο
1687 5535 1745 5588 δὲ
1777 5535 1869 5587 καὶ
1898 5536 1927 5588 6

337 5634 476 5706 πρὸς
508 5631 674 5687 αὐτὸν
702 5630 1020 5703 πέμπεσθαι
1082 5628 1293 5700 μέλλων
1316 5642 1331 5656 ·
1366 5627 1482 5681 ἀλλ’
1512 5630 1547 5699 ή
1597 5627 1809 5681 ἐκείνου
1849 5627 1927 5681 δι-

340 5728 528 5799 όρασις
551 5725 861 5797 προφθάνει
898 5724 997 5777 καὶ
1054 5721 1155 5793 τὴν
1182 5720 1365 5774 αὐτῶν
1417 5718 1681 5785 ἱκετείαν,
1713 5718 1808 5773 καί
1838 5735 1925 5783 τις

338 5824 398 5875 ἐν
437 5817 678 5889 τοσούτῳ
723 5819 884 5889 φοιτᾷ
930 5814 1061 5886 παρ’
1090 5812 1278 5883 αὑτοῦ,
1309 5812 1408 5867 ὅσα
1439 5828 1498 5865 τε
1528 5810 1665 5883 πρὸς
1697 5809 1788 5867 τὸν
1821 5810 1936 5867 Θω-

2029 4612 2215 4680 priore
2250 4611 2434 4682 ipsum
2480 4611 2712 4669 incessit
2757 4621 2977 4669 metus:
3010 4604 3399 4686 accersitoque
3448 4632 3617 4686 quam

2022 4704 2313 4760 celerrime
2358 4704 2595 4771 Tltoma,
2642 4705 2779 4761 dicit
2825 4705 2926 4770 illi,
2954 4706 3144 4761 Vereri
3198 4722 3256 4762 se
3284 4715 3451 4777 atque
3500 4716 3618 4762 trc-

2022 4810 2198 4859 mere,
2252 4812 2322 4850 ne
2353 4812 2593 4862 vermes,
2616 4797 2859 4850 naturali
2885 4812 3108 4853 secessu
3137 4797 3450 4863 obstructo,
3481 4798 3615 4854 alibi

2022 4896 2275 4941 ventrem
2301 4886 2669 4955 perroderent
2693 4903 2705 4937 :
2734 4895 2791 4940 et
2817 4885 3305 4957 (quemadmodum
3329 4888 3618 4943 consuevit

2025 4993 2244 5049 semper
2272 4978 2507 5033 validior
2551 4992 2745 5032 omnes
2786 4993 3061 5048 occupare
3125 4989 3329 5045 metus,
3394 4980 3617 5050 quando

2025 5070 2137 5125 vita
2169 5070 2539 5140 periclitatur,
2579 5085 2688 5124 non
2747 5079 3042 5140 parcentes
3100 5072 3198 5126 ulli
3235 5072 3339 5139 rei,
3388 5089 3501 5127 non
3535 5074 3618 5129 la-

2024 5159 2169 5223 bori,
2206 5175 2317 5214 non
2366 5156 2772 5231 defatigationi,
2826 5174 2938 5213 non
2996 5161 3335 5231 sumptibus,
3390 5160 3611 5215 etiamsi

2027 5252 2175 5323 quod
2211 5251 2446 5306 maxime
2481 5251 2747 5321 prodesse
2768 5260 2974 5322 potest,
3025 5252 3094 5306 ad
3130 5268 3355 5307 manum
3403 5252 3495 5320 sit)
3530 5252 3619 5304 in-

2029 5343 2339 5399 tolerabilia
2367 5342 2721 5397 existimabat
2761 5344 2970 5409 omnia,
3000 5344 3109 5398 nisi
3135 5360 3258 5415 quae
3302 5359 3361 5399 se
3405 5350 3621 5414 specta-

2031 5437 2164 5492 bant
2194 5443 2386 5491 sancto
2408 5432 2874 5506 significarentur.
2910 5438 3142 5490 Exarata
3192 5436 3361 5507 igitur
3385 5433 3619 5504 epistola

2030 5539 2134 5595 est,
2174 5537 2637 5598 comparatusque
2665 5528 2760 5599 qui
2789 5528 2938 5583 illam
2982 5528 3051 5582 ad
3114 5527 3445 5601 Symeonem
3487 5542 3617 5596 per-

2029 5624 2222 5679 ferret.
2256 5622 2461 5677 V-erum
2490 5621 2890 5691 perspicacitas
2921 5621 3072 5676 illius
3104 5622 3306 5676 horum
3338 5620 3504 5674 etiam
3534 5617 3615 5673 le-

2030 5716 2311 5789 gationem
2347 5713 2655 5784 supplicem
2686 5714 2977 5784 praevertit
3010 5713 3252 5784 :aliquis
3271 5711 3420 5767 enim
3447 5726 3475 5764 a
3504 5708 3610 5779 Sy-

2048 5822 2246 5866 meone
2284 5805 2611 5874 adveniens,
2646 5806 3022 5878 particulatim
3052 5806 3238 5864 omnia
3288 5822 3411 5880 qua
3465 5815 3627 5879 gesta
