4018 6404
466 415 611 479 3203

1682 408 1742 470 S.
1783 407 2165 470 SYMEONIS
2200 408 2567 472 IUNIORIS

3582 409 3739 475 3204

457 537 643 593 erant,
674 523 1029 601 signiﬁcavit,
1060 537 1314 594 quaenam
1346 520 1563 577 scilicet
1592 536 1624 575 a
1647 521 1910 593 praefecto
1958 522 2044 577 di-

2158 524 2260 595 μᾶν
2284 523 2363 595 τῷ
2392 524 2620 595 ἐπάρχῳ
2673 523 2910 595 λεχθείη,
2936 602 2939 607 γ
2962 523 3054 577 καὶ
3081 522 3157 586 ὡς
3200 498 3383 593 δοθείη
3419 524 3549 595 παρ’
3569 520 3736 579 αὑτοῦ

458 630 547 678 eta
571 618 796 675 Thomae
835 619 1102 682 fuissent;
1136 613 1417 685 quomodo
1479 614 1548 668 ab
1594 614 1702 669 hoc
1756 630 1899 684 aqua
1964 614 2044 669 illi

460 713 611 777 data,
648 713 819 767 sacris
877 708 1170 781 Symconis
1192 707 1446 762 crinibus
1492 717 1548 761 et
1575 708 1801 778 pulvere
1836 708 2045 762 sancti-

461 804 657 869 ﬁcata;
734 801 1015 872 quomodo
1077 800 1313 854 bibisset
1372 799 1812 869 dispulissetque
1861 799 2045 855 statim

461 890 714 945 dolorem
743 905 967 943 omnem
992 906 1005 940 :
1037 887 1241 942 deinde
1272 889 1533 942 hortatus
1554 902 1777 957 quoque
1800 898 1885 943 est
1906 904 2047 958 pne-

465 980 696 1044 fectum,
730 996 799 1034 ne
826 980 943 1033 haec
958 979 1054 1034 Dei
1082 978 1351 1032 miracula
1373 978 1704 1049 negligeret,
1735 977 2049 1049 adjecitque

458 1071 729 1143 quidquid
759 1079 1028 1142 pneterea
1058 1086 1089 1125 e
1122 1086 1181 1125 re
1204 1069 1407 1124 animae
1437 1070 1591 1124 illius
1629 1067 1749 1125 fore
1781 1068 2045 1139 putabat;

460 1163 572 1218 imo
595 1163 762 1217 etiam
791 1162 1145 1217 conﬁrmavit
1172 1161 1251 1221 illi
1288 1162 1610 1221 sanitatem,
1665 1176 1789 1231 quae
1813 1169 1870 1215 et
1910 1175 2048 1215 con-

463 1255 676 1309 tinuata
696 1266 782 1310 est
810 1271 987 1324 usque
1020 1254 1089 1309 ad
1126 1261 1362 1308 mortem
1394 1252 1522 1307 viri.
1560 1252 1653 1309 Sic
1677 1253 1848 1324 igitur
1876 1252 2052 1307 mani-

461 1345 665 1401 festum
695 1353 800 1410 est,
827 1344 978 1414 quod
1004 1360 1128 1415 quae
1157 1344 1384 1400 volebat
1410 1343 1674 1415 Symeon,
1734 1344 1899 1416 longe
1950 1344 2049 1400 ab-

464 1453 592 1492 sens
640 1438 693 1490 in
737 1436 939 1505 spiritu
983 1436 1222 1501 videret,
1264 1444 1320 1492 et
1349 1436 1580 1506 quidem
1609 1443 1719 1490 tam
1742 1435 2048 1506 perspicue

464 1546 529 1585 ac
562 1530 607 1584 si
634 1544 821 1583 coram
854 1540 1224 1599 gererentur:
1272 1528 1739 1598 quemadmodum
1765 1528 2052 1598 sequentia

465 1623 633 1678 etiam
664 1622 969 1676 declarant.

533 1713 662 1767 257.
709 1711 1289 1798 MorbusOaliquando
1345 1712 1614 1784 pestilens
1676 1712 2051 1784 grassabatur,

464 1806 670 1860 multos
702 1806 960 1861 homines
984 1806 1326 1876 depascens:
1360 1822 1472 1877 quo
1503 1806 1737 1877 contigit
1756 1806 1927 1860 ﬁliam
1949 1820 2051 1860 cu-

458 1896 680 1968 jusdam
715 1896 947 1967 Evagrii
991 1897 1102 1966 (65)
1166 1899 1335 1953 etiam
1404 1897 1636 1968 corripi.
1685 1898 1817 1953 Erat
1867 1906 2052 1951 autem

463 1988 734 2059 Evagrius
763 1988 868 2043 iste
898 1987 1302 2045 Scholasticus.
1332 1990 1605 2056 Quoniam
1634 2007 1767 2046 vero
1806 1989 2050 2059 Epipha-

465 2081 592 2135 nius
621 2080 870 2149 quidam,
907 2081 1003 2149 qui
1038 2081 1212 2151 perid
1246 2091 1467 2152 tempus
1496 2082 1789 2152 gentilium
1843 2081 2052 2135 errori-

465 2172 572 2226 bus
602 2172 887 2225 adhaerere
928 2172 1240 2238 dicebatur,
1290 2172 1434 2226 nihil
1474 2172 1814 2227 incommodi
1870 2170 2053 2242 quoad

464 2264 609 2319 ﬁlios
637 2273 787 2319 recte
812 2264 1114 2331 habentes,
1141 2273 1470 2335 pateretur:
1504 2265 1803 2320 subierunt
1833 2263 2051 2337 Evagrii

459 2358 709 2411 animum
732 2357 1097 2427 cogitationes
1125 2358 1462 2428 blasphema:
1487 2358 1704 2430 (quales
1728 2372 1851 2412 esse
1872 2358 2054 2413 solent

464 2450 689 2520 maligni
724 2449 992 2503 damonis
1023 2448 1405 2518 deceptionesl
1431 2465 1497 2504 ex
1525 2449 1841 2504 vehementi
1864 2449 2050 2516 nimis,

463 2553 575 2607 quo
602 2537 1105 2602 ﬁliamadamabat,
1157 2537 1359 2593 aﬁectu
1425 2538 1713 2605 subnataa;
1774 2539 2053 2608 quomodo

462 2645 662 2699 nempe
688 2629 886 2701 religio
913 2645 1014 2684 sua
1038 2630 1351 2700 Epiphanio
1392 2630 1602 2686 faceret
1631 2630 1701 2685 ad
1750 2632 1919 2686 vitam
1972 2640 2054 2685 at-

463 2737 571 2792 que
600 2722 1044 2777 incolumitatem
1078 2721 1338 2776 ﬁliorum.
1376 2723 1457 2777 Ex
1509 2723 1821 2779 istiusmodi
1867 2732 2052 2777 autem

463 2814 901 2884 cogitationibus
931 2823 1117 2869 motus
1168 2830 1233 2870 ac
1291 2822 1590 2884 tempestas
1636 2815 1938 2870 vehemens
1998 2815 2050 2868 in

462 2907 648 2961 anima
685 2905 790 2960 viri
821 2907 1103 2962 concitata
1134 2892 1241 2971 est,
1265 2922 1374 2960 non
1409 2906 1530 2960 leve
1584 2904 1693 2959 sibi
1740 2905 2052 2975 periculum

463 2999 724 3053 creantis.
755 2999 1103 3070 Cognoverat
1150 3000 1267 3053 haec
1340 2996 1397 3051 in
1455 2997 1656 3067 spiritu
1707 2997 1965 3069 Symeon,
1998 3009 2055 3051 et

462 3090 721 3160 Evagrio,
750 3106 851 3160 pro
873 3089 959 3144 sui
1000 3090 1057 3143 in
1116 3092 1296 3159 ipsum
1365 3087 1634 3158 singulari
1685 3087 2054 3156 propensione

461 3180 656 3245 animi,
684 3180 855 3251 jussit
913 3179 1167 3234 indicari.
1211 3178 1515 3247 Obstupuit
1566 3176 1659 3230 ille
1694 3177 1917 3232 insolita
1973 3176 2053 3231 rei

461 3273 734 3336 novitate,
771 3272 1054 3343 quomodo
1085 3271 1201 3336 illa,
1225 3287 1347 3341 qua:
1377 3270 1435 3325 in
1484 3269 1669 3324 cordis
1716 3269 1801 3324 sui
1833 3285 2050 3325 recessu

466 3368 667 3422 intimo
703 3366 977 3433 latebant,
1015 3365 1387 3420 innotuissent
1411 3363 1673 3436 Symeoni
1695 3381 1710 3430 ;
1736 3376 2052 3434 correptus-

458 3445 574 3528 que
601 3458 802 3512 timore
861 3467 916 3512 et
966 3457 1338 3528 paenitudine,
1389 3457 1635 3513 accurrit
1661 3458 1729 3512 ad
1777 3447 2051 3520 sa'nctum,

460 3549 724 3621 lacrymis
747 3561 912 3620 atque
956 3550 1125 3604 animi
1154 3549 1358 3604 aﬁ‘ectu
1408 3549 1582 3621 magis
1640 3565 1807 3620 quam
1861 3549 2053 3619 lingua

456 3651 524 3697 et
545 3642 710 3697 labiis
754 3658 870 3698 rem
912 3642 1224 3698 conﬁtens:
1276 3641 1685 3713 impetrataque
1733 3657 1845 3697 non
1893 3642 2055 3696 venia

465 3732 656 3799 modo,
708 3732 806 3789 sed
854 3735 1023 3789 etiam
1075 3732 1324 3788 remedio
1365 3742 1563 3789 contra
1608 3743 1920 3805 peccatum,
1968 3748 2053 3789 re-

461 3841 663 3881 versus
692 3835 797 3880 est.

540 3916 666 3971 258.
714 3916 929 3972 Accidit
962 3925 1087 3987 post
1140 3917 1280 3983 haec,
1309 3917 1629 3989 quemdam,
1680 3918 1769 3974 cui
1828 3917 2054 3974 dextera

468 4010 843 4079 putrescebat,
903 4010 1060 4066 adire
1105 4010 1456 4082 Symeonem,
1513 4018 1879 4080 curatumque
1928 4025 2055 4065 mox

458 4100 539 4154 ab
570 4100 713 4170 ipso.
744 4101 889 4156 viam
923 4102 1170 4172 relegere
1203 4102 1429 4157 domum
1472 4117 1671 4157 versus
1700 4119 1713 4156 :
1748 4101 1888 4157 forte
1916 4100 2056 4157 Cilix

459 4193 699 4262 quidam
728 4193 886 4263 juxta
917 4193 1060 4248 viam
1094 4208 1320 4263 operam
1357 4193 1496 4248 dans
1534 4192 1750 4265 ﬁglinze,
1781 4192 2053 4263 quaesivit,

468 4284 616 4338 unde
660 4292 719 4339 et
785 4286 946 4355 cujus
981 4300 1145 4341 causa
1195 4285 1412 4340 veniret
1466 4284 1836 4353 :doctusque,
1892 4299 2054 4354 quam

466 4375 684 4446 insigne
733 4377 1041 4432 curationis
1091 4376 1428 4431 beneﬁcium
1481 4374 1573 4430 ille
1620 4383 1818 4430 nactus
1852 4384 2001 4430 esset
2039 4393 2053 4431 :

460 4466 631 4533 Quid,
678 4467 880 4537 inquit,
921 4467 1195 4531 fallimini,
1224 4468 1293 4522 ad
1344 4467 1624 4522 hominem
1655 4464 2054 4535 confugientes,

462 4558 563 4626 qui
605 4556 891 4611 veneﬁciis
932 4557 1122 4626 potius
1155 4572 1319 4626 quam
1377 4557 1581 4611 virtute
1633 4556 1821 4609 divina
1870 4556 2059 4612 isthaec

462 4646 777 4715 operatur?
806 4647 906 4702 Vix
937 4647 1174 4713 dixerat,
1208 4662 1333 4700 cum
1372 4646 1656 4700 dexteram
1688 4660 1841 4700 suam
1874 4647 2058 4703 vitiari

463 4740 661 4803 sentit,
692 4738 860 4792 simili
890 4737 1294 4808 putrefactione
1320 4750 1660 4807 percussam,
1701 4746 1864 4807 atque
1910 4739 2059 4794 illius

462 4840 595 4885 ante
631 4830 849 4894 fuerat;
886 4830 1116 4885 alterius
1142 4829 1291 4883 malo
1312 4829 1368 4883 in
1409 4828 1643 4883 alterum
1676 4830 1843 4885 veluti
1878 4842 2055 4887 trans.

462 4922 597 4978 lato.
636 4924 825 4993 Neque
876 4922 957 4978 sic
986 4931 1169 4977 tamen
1201 4922 1267 4976 ad
1295 4916 1532 4976 mentem
1577 4921 1742 4978 rediit
1766 4924 2049 4979 meliorem

457 5013 637 5080 Cilix;
665 5015 761 5068 sed
789 5014 1022 5069 medicis
1063 5013 1250 5084 potius
1281 5023 1447 5084 atque
1491 5015 1704 5071 artibus
1743 5017 2047 5073 curandum

463 5120 524 5161 se
566 5106 869 5161 commisit.
911 5108 1111 5162 Verum
1169 5107 1264 5163 ubi
1302 5109 1575 5163 curationi
1622 5108 1911 5166 facultates
1962 5111 2049 5164 in-

464 5205 718 5266 sumptas
747 5195 909 5259 vidit,
938 5212 1042 5252 nec
1076 5197 1243 5251 ullam
1283 5197 1546 5269 aﬂ‘ulgere
1581 5214 1753 5269 spem,
1792 5200 2050 5269 cognovit

464 5288 584 5357 ipse
634 5302 859 5357 quoqme
906 5289 1398 5359 (quemadmodum
1456 5291 1556 5357 illi,
1616 5290 1712 5360 qui
1762 5290 2052 5346 doloribus

465 5389 822 5451 premuntur,
862 5381 1109 5438 studiose
1147 5383 1326 5438 solent
1377 5385 1430 5439 in
1468 5384 1688 5439 illorum
1721 5400 1917 5440 causas
1965 5384 2052 5440 in-

466 5471 714 5542 quirere)
738 5487 930 5541 pcenas
960 5488 1019 5528 se
1045 5473 1175 5529 dare
1203 5491 1304 5544 pro
1328 5474 1612 5546 injuriosis
1631 5473 1899 5529 adversus
1922 5491 2053 5529 san-

463 5574 616 5620 etum
662 5563 987 5636 Symeonem
1021 5568 1242 5634 verbis;
1281 5577 1423 5623 etut
1460 5569 1639 5638 potuit
1664 5567 1953 5623 celerrime
1981 5566 2051 5622 ad

464 5656 649 5727 ipsum
693 5658 945 5723 accessit,
978 5673 1142 5728 quam
1172 5659 1378 5713 misero
1406 5673 1603 5714 manus
1632 5673 1734 5712 sua
1764 5657 1886 5713 loco
1906 5666 2052 5714 esset

549 5770 664 5839 (αὖ)
692 5769 955 5842 Evagrius
977 5774 1373 5841 Scholasticus,
1411 5775 1687 5828 historiam
1727 5773 2047 5830 ecclesiasti-

461 5855 583 5896 cam
618 5838 653 5896 υ
701 5838 846 5897 libris
877 5844 1203 5909 complexus,
1230 5848 1322 5899 hoc
1361 5838 1537 5911 ipsum
1570 5843 1887 5898 miraculum
1914 5847 2050 5900 dese

2150 615 2295 687 ὕδωρ
2323 618 2541 688 ἐκείνῳ,
2562 616 2737 688 θριξὶν
2763 617 2941 680 ὁσίαις
2967 615 3135 670 αὑτοῦ
3156 617 3250 670 καὶ
3280 616 3426 670 κόνει
3450 616 3735 687 annon,

2148 710 2244 762 καὶ
2274 710 2350 774 ὡς
2391 709 2533 762 πιὼν
2564 710 2763 764 αὐτίκα
2792 709 2887 763 τοῦ
2919 710 3126 773 πάθους
3176 708 3558 779 ἀπαλλαγείη,
3593 711 3740 762 κατὰ

2152 804 2317 874 μέρος
2372 805 2552 858 πάντα
2604 804 3020 875 διασημαίνων’
3060 805 3189 875 ἑξῆς
3219 804 3277 858 δὲ
3335 804 3431 859 καὶ
3484 806 3625 875 πρὸς
3667 806 3739 858 τὰ

2147 895 2242 949 τοῦ
2273 895 2407 949 Θεοῦ
2443 894 2726 966 θαυμάσια
2758 896 2838 968 τῷ
2884 896 3111 968 ἐπάρχῳ
3159 896 3235 968 μὴ
3271 895 3550 966 ὀλιγώρως
3592 895 3743 966 ἔχειν

2151 988 2506 1057 παρεγγυῶν,
2539 989 2634 1041 καὶ
2659 990 2714 1040 εἷ
2733 1006 2786 1041 τι
2819 989 2956 1059 πρὸς
3001 988 3191 1058 ὄνησιν
3220 988 3400 1058 ψυχῆς
3429 987 3557 1042 ἄλλο
3605 989 3745 1042 ὑπο-

2152 1079 2356 1142 τιθείς⁶
2391 1079 2452 1133 οὑ
2487 1078 2593 1152 μὴν
2625 1079 2762 1134 ἀλλά
2794 1079 2892 1134 καὶ
2927 1079 3027 1151 τὴν
3059 1079 3251 1148 ὑγείαν
3286 1079 3434 1150 αύτῷ
3463 1081 3744 1149 ἐπισφρα-

2152 1171 2461 1244 γιζόμενος,
2489 1172 2524 1244 ἦ
2549 1190 2633 1238 τις
2663 1173 2759 1226 καὶ
2781 1173 3086 1244 παρέμεινε
3119 1171 3198 1244 τῷ
3228 1171 3385 1244 ἀνδρὶ
3408 1171 3496 1226 διὰ
3528 1171 3741 1235 τέλους.

2153 1265 2344 1330 Οὕτως
2378 1266 2484 1321 ἀπὸ
2515 1264 2796 1338 μακρόθεν
2817 1265 2935 1338 ᾔδει
2963 1264 3043 1336 τῷ
3076 1263 3349 1336 πνεύματι
3385 1263 3570 1333 σαφῶς
3595 1263 3741 1334 ἅπερ

2153 1357 2428 1421 ἐϐούλετο,
2466 1357 2563 1411 καὶ
2591 1356 2669 1423 ὡς
2698 1357 2756 1413 ὲν
2780 1355 3082 1429 ὀφθαλμοῖς
3108 1356 3290 1411 πάντα
3315 1354 3483 1425 ἑώρα’
3517 1348 3605 1408 οἶα
3631 1354 3746 1426 γὰρ

2154 1448 2317 1504 πάλιν
2338 1450 2539 1503 ἐκεῖνα.

2226 1709 2358 1775 σλζ’.
2396 1710 2573 1764 Νόσου
2598 1711 2730 1765 ποτὲ
2756 1710 3011 1782 λοιμικῆς
3035 1709 3357 1780 γενομένης,
3386 1709 3480 1763 καὶ
3512 1708 3621 1761 τῶν
3646 1710 3716 1762 άν
3736 1737 3749 1748 α

2155 1800 2389 1874 θρώπων
2412 1800 2641 1864 πολλοὺς
2673 1802 3096 1872 ἐπινεμομένης,
3125 1800 3326 1871 συνέϐη
3355 1802 3561 1870 ταύτης
3581 1799 3750 1869 ἔργον

2155 1894 2248 1948 καὶ
2271 1894 2547 1965 θυγατέρα
2576 1894 2721 1958 τινὸς
2750 1893 3023 1963 Εὖαγρίου
3052 1892 3341 1961 γενέσθαι*
3380 1891 3748 1961 Σχολαστικδς

2155 1985 2199 2039 δ’
2218 1982 2286 2057 ἦν
2309 1985 2418 2056 ἄρα
2441 1986 2469 2037 ό
2498 1986 2768 2057 Εὑάγριος
2794 1980 2967 2050 οὗτος.
3008 1984 3161 2038 Ἐπεὶ
3192 1984 3249 2039 δέ
3276 2001 3361 2047 τις
3403 1983 3754 2051 Ἐπιφάνιος.-

2154 2076 2383 2148 Ἕλληνι
2412 2077 2714 2146 τηνικαῦτα
2742 2076 3036 2146 λεγόμενος
3065 2075 3424 2144 προσανέχειν
3448 2073 3653 2145 ἀπάτῃ,
3680 2072 3743 2126 οὗ

2153 2169 2211 2223 δὲ
2248 2168 2379 2239 μίαν
2409 2168 2615 2237 ὑπέστη
2650 2167 2780 2239 περὶ
2809 2170 2878 2222 τά
2908 2169 3077 2221 τέκνα
3101 2167 3325 2237 ζημίαν,
3360 2164 3560 2219 είσίασί
3594 2180 3747 2228 τινες

2154 2260 2246 2314 τὸν
2279 2260 2550 2330 Εὑάγριον
2595 2257 2845 2329 λογισμοὶ
2872 2257 3242 2330 βλασφημίας,
3273 2252 3362 2311 οἷα
3393 2256 3464 2310 τά
3503 2255 3598 2309 τοῦ
3642 2272 3747 2309 πο-

2153 2352 2324 2423 νηροῦ
2357 2351 2687 2421 δελεάματα,
2730 2353 2795 2404 ὲκ
2827 2352 2921 2404 τοῦ
2948 2350 3181 2421 σφοδροῦ
3212 2348 3446 2421 μάλιστα
3477 2347 3608 2418 περὶ
3639 2349 3745 2416 τὴν

2156 2446 2324 2499 παῖδα
2370 2444 2575 2508 πάθους
2609 2443 2686 2515 τῷ
2729 2443 3001 2515 ἀνθρώπῳ
3046 2444 3389 2514 ὲπιφυέντος,
3435 2442 3511 2505 ὡς
3542 2441 3647 2512 ἄρα
3673 2440 3746 2493 τὰ

2154 2536 2253 2607 τῆς
2285 2535 2586 2608 θρησκείας
2622 2534 2816 2607 ἐκείνῳ
2868 2534 3003 2606 πρὸς
3052 2534 3152 2607 τὴν
3202 2534 3312 2588 τῶν
3338 2533 3545 2588 τέκνων
3594 2531 3746 2603 ζωὴν

2154 2629 2447 2697 ὲπαμύνοι.
2481 2630 2589 2681 Καὶ
2636 2627 2810 2698 μέγαν
2854 2627 2919 2681 ὲκ
2945 2627 3055 2680 τῶν
3089 2627 3347 2681 τοιούτων
3384 2625 3662 2695 λογισμῶν
3709 2626 3745 2696 ή

2153 2723 2300 2794 ψυχὴ
2352 2720 2597 2775 κλύδωνα
2641 2721 2737 2773 καὶ
2786 2719 2949 2773 σάλον
2973 2715 3107 2790 εἶχε,
3154 2719 3250 2773 καὶ
3277 2718 3444 2773 πολὺν
3470 2718 3619 2789 αὑτῷ
3648 2718 3746 2771 τὸν

2154 2815 2401 2870 κίνδυνον
2462 2813 2673 2868 ὤδινεν.
2724 2812 2905 2883 Ὅπερ
2972 2812 3063 2866 τὸν
3115 2813 3268 2880 ἅγιον
3322 2811 3403 2883 τῷ
3466 2811 3748 2882 πνεύματι

2155 2909 2374 2978 γνόντα,
2402 2904 2641 2977 δηλῶσαι
2669 2904 2749 2973 τῷ
2777 2902 3056 2974 Εὑαγρίῳ,
3078 2904 3171 2957 καὶ
3199 2900 3308 2973 γὰρ
3331 2897 3400 2973 ἦν
3424 2901 3572 2971 αὑτῷ
3596 2903 3747 2973 ῥοπῇ

2154 3000 2445 3061 διαθέσεως
2505 2996 2817 3051 ἐπικλίνων.
2903 2994 2961 3049 '0
3011 2995 3067 3047 δὲ
3126 2994 3203 3066 τῷ
3268 2995 3362 3048 τοῦ
3416 2993 3751 3066 πράγματος

2155 3092 2445 3163 παραδόξῳ
2480 3088 2874 3156 καταπλαγεὶς,
2910 3088 2991 3142 ὅτι
3022 3087 3165 3160 ἅπερ
3198 3082 3267 3159 ἦν
3310 3088 3369 3140 ὲν
3400 3085 3556 3158 μυχῷ
3601 3102 3751 3157 καρ-

2158 3184 2278 3247 δίας
2323 3181 2472 3252 αὐτῷ
2524 3182 2659 3254 δῆλα
2708 3182 2787 3251 τῷ
2828 3181 3054 3251 Συμεὼν
3087 3180 3461 3251 καθειστήκει,
3496 3179 3644 3250 φόϐῳ
3682 3196 3752 3234 τε

2159 3274 2339 3343 πολλῷ
2368 3275 2462 3327 καὶ
2498 3272 2757 3344 μετανοίᾳ
2780 3271 3028 3343 ληφθεὶς,
3057 3272 3231 3326 ἄνεισι
3265 3272 3401 3341 πρὸς
3427 3271 3608 3338 αὑτὸν,
3644 3270 3752 3324 δά-

2155 3381 2317 3434 κρυσι
2345 3362 2550 3433 μᾶλλον
2583 3362 2679 3415 καὶ
2710 3362 2875 3416 πάθει
2903 3362 3084 3433 ψυχῆς
3117 3363 3150 3434 ἦ
3194 3363 3406 3437 γλώττῃ
3435 3363 3607 3417 ταῦτα
3647 3363 3754 3417 καὶ

2154 3456 2388 3527 χείλεσιν
2435 3454 2949 3526 ἐξομολογούμενος.
3001 3453 3344 3524 Συγγνώμης
3398 3455 3533 3522 παρ’
3574 3453 3751 3508 αὐτοῦ

2155 3548 2356 3612 τοίνυν,
2408 3548 2471 3601 οὐ
2525 3547 2632 3619 μὴν
2684 3546 2822 3601 ἀλλὰ
2875 3544 2972 3601 καὶ
3029 3546 3338 3617 φαρμάκων
3385 3544 3603 3599 οἰκείων
3643 3543 3752 3598 τοῦ

2157 3641 2559 3712 ἁμαρτήματος
2587 3640 2788 3711 τυχὼν,
2816 3638 3102 3710 ἐπανήκει.

2231 3908 2368 3980 σλη’.
2399 3910 2632 3963 Ἔπειτα
2668 3909 2851 3978 μέντοι
2884 3908 3082 3978 συνέϐη
3116 3909 3241 3963 τινὰ
3278 3908 3609 3964 διασαπέντα
3642 3910 3753 3985 τὴν

2156 4002 2356 4069 δεξιὰν,
2389 4003 2527 4075 πρός
2554 4020 2613 4056 τε
2642 4002 2733 4055 τὸν
2771 4002 2926 4071 ἅγιον
2955 4002 3269 4069 ἀνελθόντα,
3305 4003 3399 4057 καὶ
3445 4003 3754 4077 θεραπείας

2158 4093 2288 4166 παρ’
2319 4093 2483 4148 αὑτοῦ
2514 4094 2767 4164 τυχόντα,
2801 4092 3081 4147 ἐπανιέναι
3105 4108 3118 4121 ·
3144 4093 3344 4149 Κίλικα
3367 4093 3427 4147 δέ
3448 4111 3568 4148 τινα
3588 4098 3758 4165 παρὰ

2156 4186 2258 4257 τὴν
2289 4185 2407 4240 ὁδὸν
2427 4184 2677 4256 πλινθείᾳ
2709 4184 3140 4254 προστετηκότα,
3170 4184 3428 4255 ἐρόμενον
3451 4184 3572 4239 ὅθεν
3593 4185 3751 4257 ἥκοι,

2158 4278 2254 4331 καὶ
2279 4276 2517 4347 μαθόντα
2539 4277 2664 4331 ὅτου
2697 4276 2879 4347 χάριν,
2902 4274 3018 4338 οῐας
3046 4291 3109 4328 τε
3140 4274 3438 4344 θεραπείας
3458 4274 3609 4346 τύχοι
3634 4291 3651 4306 ο
3678 4275 3754 4328 Τί

2161 4368 2741 4438 πεπλάνησθε,φάναι,
2768 4368 2907 4438 πρὸς
2953 4365 3242 4437 ἄνθρωπον
3277 4368 3553 4432 ἀπιόντες,
3599 4384 3753 4438 φαρ-

2166 4463 2419 4533 μακείαις
2448 4462 2515 4513 τὰ
2543 4459 2767 4513 τοιαῦτα
2793 4459 3012 4530 μᾶλλον,
3038 4461 3071 4531 ἢ
3101 4460 3275 4524 θείαις
3302 4460 3603 4532 ἐνεργείαις
3628 4465 3757 4515 ἑπι-

2159 4552 2456 4617 τελοῢντας
2491 4550 2600 4603 Καὶ
2630 4550 2827 4604 αὐτίκα
2859 4549 2937 4622 τῷ
2964 4550 3149 4603 Κίλικι
3179 4549 3503 4621 διεφθάρθαι
3534 4550 3636 4620 τὴν
3656 4551 3755 4604 δε-

2163 4644 2304 4711 ξιὰν,
2337 4644 2434 4712 τῆς
2469 4642 2640 4712 αὐτῆς
2685 4642 2880 4713 ἐκείνῳ
2911 4642 3151 4713 σαπρίας
3184 4642 3500 4713 περιφανῶς
3535 4644 3753 4698 ἀναπε-

2161 4735 2504 4806 πλησμένην,
2537 4736 2626 4789 ἐπ’
2651 4735 2812 4788 αὑτὸν
2842 4735 3033 4804 ὥσπερ
3055 4735 3151 4788 τοῦ
3183 4735 3386 4799 πάθους
3413 4736 3759 4806 μεταπεσόν-

2160 4846 2272 4893 τος.
2315 4829 2375 4882 Ὀ
2427 4828 2526 4898 μὲν
2577 4824 2671 4883 οὖν
2715 4827 2875 4893 Κίλιξ
2927 4829 3048 4882 οὐδὲ
3093 4828 3268 4903 ταύτῃ
3317 4831 3572 4899 συνῆκεν,
3626 4829 3753 4883 ἀλλ’

2166 4921 2373 4990 ἰατροῖς
2402 4919 2603 4989 μᾶλλον
2632 4919 2725 4973 καὶ
2745 4919 2963 4990 τέχναις
2993 4919 3185 4973 ἑαυτὸν
3210 4919 3520 4976 ὲκδεδώκει.
3566 4919 3656 4984 Ὦς
3686 4920 3754 4975 δὲ

2157 5013 2224 5082 τῇ
2259 5012 2407 5082 χειρὶ
2456 5012 3034 5083 προσαναλισκομένην
3089 5013 3237 5083 ἑώρα
3269 5012 3365 5065 καὶ
3401 5012 3500 5082 τὴν
3533 5011 3750 5079 οὑσίαν,

2156 5102 2314 5168 ἐλπίς
2344 5120 2403 5155 τε
2432 5102 2656 5171 οὐδεμία
2686 5102 2850 5157 ποθὲν
2879 5103 3253 5170 ὑπολέλειπτο,
3286 5103 3427 5171 ἔγνω
3458 5103 3550 5156 καὶ
3580 5104 3752 5168 αὐτὸς

2158 5193 2270 5267 (οἷα
2296 5196 2366 5250 τὰ
2399 5196 2509 5249 τῶν
2537 5196 2875 5268 πιεζομένων
2900 5196 3109 5268 ψυχῶν,
3145 5198 3234 5250 ὅτε
3255 5199 3434 5251 πᾶσαν
3465 5196 3587 5250 καθ’
3616 5198 3752 5249 ἑαυ-

2155 5279 2255 5352 τάς
2308 5288 2610 5358 φιλοπόνως
2662 5289 2998 5359 ἀνερευνῶσι
3049 5289 3142 5342 τοῦ
3197 5288 3493 5353 λυποῦντος
3538 5288 3751 5363 αἰτίαν)

2153 5381 2361 5436 ἔκτισιν
2395 5378 2537 5436 εἶναι
2581 5383 2681 5454 τῆς
2721 5385 2801 5445 είς
2832 5382 2926 5435 τὸν
2956 5383 3099 5436 θεῖον
3141 5381 3367 5453 Συμεὼν
3413 5381 3750 5453 λαληθείσης

2154 5475 2286 5545 παρ’
2319 5474 2485 5527 αὐτοῦ
2514 5474 2727 5538 ἀδικίας
2751 5490 2766 5505 ο
2810 5474 2906 5528 καὶ
2932 5473 3008 5534 ὡς
3032 5470 3179 5546 εἶχεν
3206 5473 3368 5538 εὐθὺς
3398 5474 3573 5528 ἄνεισι
3603 5474 3747 5543 πρὸς

2150 5564 2335 5629 αὑτὸν,
2359 5565 2507 5628 ὅπως
2539 5563 2741 5627 ἀθλίως
2771 5563 2885 5634 ἔχοι
2912 5563 3149 5630 δεικνὺς,
3182 5562 3366 5617 οίκτου
3397 5579 3457 5616 τε
3483 5564 3585 5633 τῆς
3610 5581 3756 5632 συμα-

2150 5657 2324 5727 φοράς
2356 5657 2540 5726 τυχεῖν
2581 5654 2734 5719 ἀξίου
2764 5653 3036 5724 δεόμενος.
3070 5656 3180 5709 Καὶ
3209 5655 3289 5721 ὃς,
3313 5649 3499 5710 Ἦπου
3533 5651 3747 5725 ταύτην

2153 5783 2350 5828 narrat
2380 5774 2468 5827 lib.
2496 5772 2706 5835 ultimo,
2741 5773 3031 5844 penultimo
3059 5791 3160 5844 cap
3181 5773 3308 5828 .Nos
3361 5773 3425 5828 de
3450 5772 3546 5827 illo
3596 5775 3745 5843 ejaJr

2158 5861 2258 5916 que
2281 5845 2491 5915 scriptis
2526 5844 2595 5899 ad
2618 5842 2757 5899 hanc
2785 5847 2949 5900 vitam
3034 5845 3067 5900 6
3099 5842 3339 5917 pluribus
3372 5847 3591 5926 egimus.
