4018 6396
185 372 327 438 3205

1253 366 1429 429 VITA
1468 366 1516 427 A
1556 364 1998 430 NICEPHORO
2036 367 2528 433 CONSCRIPTA.

3337 378 3479 444 32st;

184 497 364 559 ἔγωγε
389 483 504 543 οἶδα
540 487 640 559 τὴν
665 485 848 553 δεξιὰν
879 483 1167 555 εἴσπραξιν
1197 482 1363 540 οὖσαν
1394 488 1494 559 τῆς
1521 488 1648 559 περὶ
1685 487 1785 557 τὴν

1903 481 2211 549 )ειθηάθηε,
2250 499 2316 540 ac
2362 484 2802 544 misericordiam
2854 491 3176 563 implorans.
3215 495 3317 552 Cui
3349 517 3480 555 sal.-

186 582 436 650 γλῶτταν
471 577 769 640 ἀκολασίας
791 591 802 605 ·
846 575 960 629 ἀλλ’
992 576 1353 647 ὲξαγόρευσον
1401 579 1543 632 κατὰ
1583 577 1780 631 σαυτοῦ

185 671 282 743 τὴν
332 669 610 741 ἁμαρτίαν
665 686 758 721 σου
822 668 1029 738 Κυρίῳ,
1075 669 1171 721 καὶ
1219 669 1380 732 αὐτὸς
1431 670 1635 740 ἀφήσει
1685 668 1782 738 τὴν

189 765 449 821 ἀσέϐειαν
475 765 576 834 τῆς
615 763 844 834 καρδίας
883 781 998 816 σου.
1043 763 1100 816 Ὀ
1135 764 1233 834 μὲν
1263 759 1356 816 οὖν
1389 764 1563 834 πικρᾷ
1613 779 1780 834 μετα-

189 859 386 929 μελείᾳ
425 858 604 929 ψυχῆς
644 856 1210 927 ἐξομολογησάμενος,
1244 856 1550 927 πικρότερά
1596 873 1655 908 τε
1687 855 1782 908 δά-

190 969 333 1024 κρυα
390 951 690 1020 καταχέας,
748 951 879 1021 εὑχῇ
931 949 1024 1003 καὶ
1051 951 1354 1022 Δεσποτικῇ
1391 948 1643 1018 σφραγῖδι
1684 949 1784 1017 τὴν

195 1044 340 1096 ίάσιν
395 1043 531 1112 όμοῦ
577 1043 671 1095 καὶ
712 1042 811 1112 τὴν
864 1041 1082 1108 ἄφεσιν,
1123 1041 1156 1112 ἧ
1208 1059 1291 1106 τις
1340 1041 1521 1112 πολλῷ
1559 1043 1784 1111 καὶτῆς

195 1131 392 1195 ἰάσεώς
421 1133 538 1185 ἐστι
572 1131 795 1202 μείζων,
825 1131 1028 1199 λαϐὼν,
1059 1133 1340 1187 ἐπάνεισιν
1362 1149 1376 1163 ⁶
1408 1133 1552 1187 οὓτω
1593 1132 1778 1203 σώμα-

193 1241 280 1287 τος
339 1225 496 1288 νόσος
534 1223 724 1293 ὑγείαν
768 1225 912 1295 ψυχῇ
957 1224 1260 1295 χαρίζεται,
1295 1227 1386 1279 καὶ
1415 1225 1502 1278 διά
1540 1225 1649 1278 τῶν
1688 1225 1783 1277 λυ-

194 1316 444 1370 πούντων
495 1313 604 1371 οἶδε
671 1318 934 1382 πολλάκις
997 1320 1273 1390 σωτηρίαν
1332 1321 1464 1383 Θεὸς
1527 1337 1786 1392 πραγμα-

193 1407 472 1463 τεύεσθαι.

263 1582 402 1637 σλθ’.
435 1584 658 1639 Πλέοντι
709 1586 766 1640 δέ
797 1604 924 1641 ποτε
955 1589 1031 1658 τῷ
1055 1589 1316 1660 Δωροθέῳ
1334 1606 1349 1619 ο
1375 1587 1442 1660 ἦν
1467 1590 1524 1642 δὲ
1551 1589 1653 1660 τῆς
1683 1590 1789 1642 ὑπὸ

193 1674 269 1746 τῷ
291 1676 523 1747 Συμεὼν
554 1678 914 1749 ἁδελφότητος
942 1682 971 1733 ό
996 1682 1272 1752 Δωρόθεος
1304 1678 1480 1748 οὗτος,
1521 1683 1786 1754 ἱερωσύνῃ

197 1768 613 1839 κεκοσμημένος
636 1786 651 1799 ⁶
687 1769 903 1824 πλέοντι
961 1773 1006 1824 δ’
1036 1770 1149 1836 οὖν,
1173 1773 1233 1825 οὑ
1272 1773 1370 1828 σὺν
1401 1772 1539 1844 ὥρᾳ,
1576 1774 1692 1827 ἀλλ’
1731 1777 1790 1826 ἐν

195 1833 631 1933 χειμῶνι-*μέσῳ
689 1861 708 1932 (
727 1861 900 1916 ἐποίει
947 1865 1056 1936 γὰρ
1082 1833 1234 1936 παρὰ
1265 1833 1674 1937 καιρὸνιέαυτδν
1709 1867 1789 1937 τῷ
1823 1833 1862 1888 Β

198 1953 428 2021 πελάγει
465 1953 745 2008 πιστεύειν
768 1955 802 2025 ἡ
833 1955 967 2024 πρὸς
991 1957 1081 2009 τὸν
1107 1955 1264 2027 ἅγιον
1287 1958 1492 2023 πίστις,
1521 1958 1582 2011 τὺ
1613 1959 1792 2028 ἀσφα-

199 2045 283 2109 λὲς
319 2044 516 2117 ὥσπερ
545 2045 758 2100 ἐκεῖθεν
791 2047 1114 2120 ἐγγυωμένη
1135 2053 1176 2120 ),
1202 2049 1274 2114 ὡς
1307 2049 1410 2121 ἤδη
1454 2050 1596 2104 κατὰ
1626 2052 1792 2120 μέσον

199 2138 288 2190 τὸν
316 2136 489 2191 πλοῦν
534 2137 798 2207 ἐγεγόνει,
825 2140 1033 2193 κλύδων
1065 2141 1217 2211 αὑτῷ
1250 2140 1555 2213 συμπίπτει
1595 2141 1790 2207 δεινὸς,

198 2228 305 2282 τῶν
369 2232 695 2300 πνευμάτων
755 2232 1094 2302 πανταχόθεν
1137 2234 1556 2299 ἀντιπνεόντων,
1598 2235 1694 2289 τοῦ
1731 2253 1792 2289 τε

201 2322 445 2391 κύματος
499 2323 626 2385 τοὺς
658 2322 879 2392 τοίχους
933 2323 1035 2392 τῆς
1078 2325 1212 2389 νεὼς
1239 2326 1791 2398 ὑπεραναϐαίνοντος,

201 2414 292 2468 καὶ
324 2415 411 2476 είς
445 2415 616 2485 μέσην
649 2414 819 2485 αὑτὴν
849 2415 1236 2484 ἐμπίπτοντος.
1273 2417 1376 2469 Τὸν
1412 2418 1511 2487 μὲν
1535 2413 1628 2473 οὖν
1659 2419 1792 2473 ναύ-

202 2506 406 2576 κληρον
462 2507 554 2559 καὶ⁸
598 2506 726 2570 τοὺς
769 2507 1144 2576 συμπλέοντας
1185 2509 1496 2578 ἀπόγνωσις
1528 2505 1666 2580 εἶχε,
1698 2511 1794 2566 καὶ

201 2599 489 2667 διαφυγεῖν
523 2600 730 2652 ἐκεῖνον
761 2600 933 2662 οὐδεὶς
956 2600 1044 2652 τὸν
1079 2599 1320 2654 κίνδυνον
1363 2601 1496 2673 ᾤετο
1517 2620 1530 2632 ·
1564 2605 1592 2657 ὁ
1624 2603 1682 2656 δὲ
1717 2604 1794 2675 μὴ

204 2691 606 2759 ἀπογινώσκειν
636 2692 816 2761 ἠξίου,
849 2692 984 2745 ἀλλὰ
1014 2693 1107 2746 τοῦ
1143 2693 1288 2746 θείου
1327 2693 1548 2764 Συμεὼν
1584 2695 1794 2759 δεῖσθαι

207 2783 433 2852 μᾶλλον,
455 2782 548 2836 τοῦ
572 2784 665 2836 καὶ
691 2784 854 2854 μόνου
887 2784 1082 2848 σώζειν
1113 2785 1221 2839 άπὸ
1241 2785 1496 2839 τοσούτου
1526 2787 1796 2852 κλύδωνος

205 2877 526 2948 δυναμένου.
557 2875 688 2931 Εἶτα
713 2879 808 2932 καὶ
835 2880 930 2949 τῆς
956 2879 1166 2933 ἐκείνου
1190 2880 1392 2944 κόνεως
1417 2881 1616 2947 λαϐὼν,
1645 2884 1706 2936 τό
1735 2900 1794 2935 τε

208 2969 392 3023 πλοῖον
419 2970 790 3040 διαρραντίζει
831 2974 926 3024 καὶ
967 2975 1198 3044 καταχεῖ
1226 2974 1322 3043 τῆς
1356 2975 1630 3047 Θαλάσσης
1652 2993 1666 3006 ο
1699 2975 1794 3028 αὑ-

207 3061 444 3130 τομὰτου
478 3062 534 3115 δὲ
567 3061 675 3115 τῶν
705 3065 762 3115 ὲν
797 3064 876 3131 τῷ
903 3063 1072 3134 πλοίῳ
1108 3064 1327 3117 πάντων
1365 3065 1593 3129 εὐωδίας
1631 3067 1794 3131 εὐθὺς

1885 587 2008 631 ctus
2039 593 2050 628 :
2091 577 2226 631 Novi
2279 578 2473 648 utique
2524 579 2668 636 hanc
2696 581 2981 639 dexteram
3015 603 3116 656 pro
3154 588 3369 645 ultione
3396 592 3482 645 in-

1887 670 2250 736 temperantis
2302 669 2502 739 lingua:
2563 680 2672 726 tua:
2733 689 2898 752 esse;
2953 693 3149 732 verum
3218 683 3484 738 confitere

1883 758 2177 812 adversum
2220 769 2270 813 te
2306 772 2596 830 peccatum
2634 772 2789 818 tuum
2839 768 3096 835 Domino,
3131 782 3189 826 et
3248 774 3365 844 ipse
3397 777 3486 829 di-

1885 850 2072 904 mittet
2131 849 2481 920 iniquitatem
2544 855 2729 909 cordis
2781 856 2881 910 tui.
2947 858 3248 915 Confessus
3297 864 3486 934 itaque

1885 958 2073 996 amara
2117 957 2243 996 cum
2279 945 2627 1014 paenitudine
2674 949 2870 1004 animae
2925 951 3292 1023 lacrymisque
3328 973 3484 1010 ama—

1892 1033 2159 1102 rioribus,
2230 1051 2329 1106 per
2400 1038 2574 1092 sancti
2627 1040 3002 1109 precationem
3065 1053 3229 1113 atque
3300 1049 3486 1103 crucis

1887 1125 2189 1180 Dominica:
2232 1126 2474 1197 signum,
2511 1127 2784 1198 integram
2837 1145 3082 1195 manum,
3137 1144 3192 1187 et
3231 1136 3377 1204 quod
3406 1138 3484 1192 illi

1887 1225 2130 1285 praestat,
2181 1218 2394 1286 peccati
2433 1219 2818 1276 remissionem
2847 1235 3178 1279 consecutus
3207 1236 3292 1281 est
3317 1239 3484 1297 atque

1889 1307 2137 1361 revertit.
2194 1308 2272 1363 lta
2315 1310 2566 1379 corporis
2619 1312 2888 1382 aegritudo
2943 1315 3233 1371 sanitatem
3285 1320 3484 1373 animae

1889 1415 2286 1471 nonnunquam
2334 1401 2590 1470 confert;
2623 1413 2676 1458 et
2720 1421 2818 1474 per
2863 1423 3024 1462 casus
3057 1409 3361 1474 luctuosos,
3392 1428 3480 1465 sa-

1892 1493 1998 1546 luti
2041 1509 2186 1563 saepe
2220 1495 2462 1548 consulit
2497 1496 2663 1551 Deus.

1960 1586 2088 1641 259.
2132 1587 2514 1657 Navigandum
2546 1591 2843 1659 aliquando
2891 1593 2994 1648 fuit
3038 1594 3316 1651 Dorotheo
3349 1597 3489 1667 (erat

1893 1677 1939 1730 is
1983 1693 2014 1732 e
2053 1677 2320 1733 fratribus
2373 1681 2550 1734 sancti
2608 1681 2900 1752 Symeonis
2955 1702 3119 1752 unus,
3167 1688 3480 1744 sacerdotio

1895 1769 2164 1840 initiatus)
2207 1771 2601 1842 navigandum,
2654 1775 2901 1845 inquam,
2948 1777 3053 1833 fuit
3106 1788 3354 1850 tempore
3388 1781 3491 1836 im-

1893 1871 2132 1931 portuno
2193 1871 2249 1917 et
2289 1864 2472 1918 media
2519 1865 2702 1920 hieme
2737 1885 2750 1920 :
2783 1869 2878 1923 sed
2927 1869 3136 1926 fecerat
3191 1872 3392 1928 fiducia
3433 1873 3489 1928 in

1892 1963 2166 2019 sanctum,
2225 1956 2413 2010 omnia
2460 1972 2658 2012 secura
2709 1961 2998 2029 pollicens.
3057 1974 3118 2019 ut
3164 1974 3490 2036 tempestate

1895 2055 2005 2100 tam
2054 2047 2407 2102 incommoda
2462 2049 2602 2104 mari
2665 2067 2724 2106 se
2769 2055 3162 2112 committeret.
3214 2058 3318 2119 Ubi
3360 2077 3492 2114 vero

1897 2139 2148 2195 medium
2192 2141 2306 2212 jam
2357 2141 2710 2199 absolverent
2754 2161 3002 2211 cursum,
3041 2151 3221 2205 valida
3261 2152 3496 2223 insurgit

1893 2240 2214 2303 tempestas,
2239 2235 2421 2290 ventis
2443 2235 2811 2306 undequaque
2840 2240 2984 2294 inter
3008 2256 3066 2296 se
3094 2243 3259 2298 veluti
3288 2245 3492 2299 bellum

1893 2325 2239 2394 gerentibus,
2286 2341 2350 2380 ac
2392 2325 2656 2382 fluetibus
2706 2329 2878 2384 latera
2911 2334 3066 2385 navis
3095 2335 3496 2392 excedentibus

1895 2415 1951 2469 in
1992 2415 2345 2486 mediamque
2381 2417 2807 2473 infundentibus
2835 2437 2976 2476 sese.
3023 2423 3239 2479 Invadit
3266 2428 3493 2480 naucle-

1896 2523 2020 2561 rum
2056 2516 2420 2578 vectoresque
2473 2509 2808 2580 desperatio,
2857 2515 3064 2568 nullam
3098 2517 3368 2573 evadendi
3409 2519 3490 2572 di-

1890 2599 2133 2663 scrimen
2162 2615 2453 2669 superesse
2484 2602 2630 2656 viam
2663 2606 3044 2662 existimantes
3081 2627 3094 2663 :
3131 2626 3274 2664 unus
3317 2612 3488 2665 Doro-

1895 2689 2061 2744 theus
2086 2690 2336 2760 rogabat,
2374 2700 2434 2745 ut
2471 2708 2540 2747 ne
2561 2693 2945 2765 desperatione
2980 2699 3243 2753 caderent
3273 2700 3494 2764 animis,

1895 2781 1992 2835 sed
2043 2793 2297 2836 sanctum
2345 2783 2530 2852 potius
2567 2784 2936 2854 implorarent
2985 2789 3341 2859 Symeonem;
3378 2791 3499 2860 ejus

1897 2873 2074 2928 solius
2126 2875 2372 2944 potentia
2425 2877 2588 2931 evadi
2626 2886 3008 2948 tempestatem
3067 2897 3249 2950 posse.
3290 2885 3499 2939 Deinde

1896 2966 2142 3034 pulveris
2166 2967 2312 3021 illius
2332 2967 2540 3037 aliquid
2568 2983 2668 3038 per
2696 2970 2878 3023 navim
2912 2973 3120 3040 spargit
3147 2974 3496 3044 effunditque

1899 3057 1955 3112 in
2002 3073 2198 3125 mare;
2250 3067 2306 3114 et
2342 3061 2560 3115 cunctis
2595 3076 2721 3115 mox
2755 3063 3096 3124 vI-ctoribus,
3139 3067 3288 3120 nulla
3331 3082 3498 3136 appa-

209 3151 566 3220 αἰσθομένων,
598 3153 692 3204 καὶ
724 3151 791 3204 τὰ
829 3154 929 3221 τῆς
955 3152 1104 3216 θείας
1136 3152 1362 3224 χάριτος
1396 3155 1598 3219 εἵπετο,
1633 3154 1668 3226 ἢ
1701 3155 1796 3208 καὶ

1903 3159 2058 3205 rente
2094 3166 2162 3204 ex
2198 3165 2384 3210 causa.
2421 3152 2716 3221 quamdam
2752 3153 2941 3209 odoris
2978 3155 3333 3226 fragrant-iam
3374 3173 3503 3211 sen-

212 3244 422 3312 πέφυκε
468 3246 750 3313 προοίμιον
791 3245 1048 3307 πολλάκις
1090 3247 1189 3318 τὴν
1228 3247 1458 3300 εὐωδίαν
1503 3248 1797 3313 ποιεῖσθαι,

211 3335 267 3388 τὸ
295 3337 497 3398 εὑῶδες
521 3337 712 3407 ὥσπερ
753 3338 848 3390 καὶ¹
887 3338 1029 3392 θεῖον
1069 3341 1272 3411 ἑαυτῆς
1299 3340 1696 3410 ὑποφαίνουσα.
1735 3341 1800 3394 Ἢ

215 3426 310 3494 μὲν
334 3423 429 3478 οὖν
455 3425 699 3480 θάλασσα
722 3428 1047 3500 ἐτραχύνετο
1077 3430 1476 3499 παραπλησίως
1504 3431 1632 3502 ἄχρι
1660 3431 1802 3496 τινὸς

213 3519 304 3570 καὶ
352 3519 550 3580 ζέουσα
585 3518 776 3582 δεινῶς
809 3515 898 3590 ἦν,
932 3521 1000 3572 τὰ
1028 3520 1248 3589 κύματα
1299 3521 1355 3573 δὲ
1402 3523 1462 3574 οὑ
1514 3523 1656 3576 κατά
1702 3525 1804 3594 τὴν

215 3608 426 3662 ἑαυτῶν
458 3609 578 3680 βίαν
614 3611 949 3681 προσέϐαλλε
979 3614 1045 3680 τῇ
1080 3611 1189 3683 νηῒ,
1227 3612 1343 3666 ἀλλ’
1372 3608 1481 3666 οἷον
1514 3616 1683 3668 ἑαυτὰ
1705 3617 1806 3669 ἐπ-

213 3705 381 3773 εῖχεν,
409 3702 787 3772 εὑλαϐούμενα
810 3703 1061 3774 καθάπερ
1091 3704 1124 3776 ἢ
1157 3705 1385 3761 δεδιότα.
1412 3707 1569 3760 Μετά
1606 3709 1802 3779 μικρὸν

215 3792 270 3847 δὲ
318 3793 414 3847 τοῦ
459 3793 731 3857 κλύδωνος
771 3794 1086 3858 ὑπανέντος,
1150 3797 1275 3848 πνεῖ
1329 3796 1429 3867 μὲν
1484 3797 1681 3868 ἁθρόον
1739 3799 1805 3851 ἐκ

217 3871 472 3957 πρύμνης
517 3887 738 3957 ἄνεμος,
778 3888 827 3940 οἱ
873 3886 931 3938 δὲ
973 3887 1040 3940 δι’
1065 3888 1339 3958 ἀκύμονος
1380 3891 1481 3960 τῆς
1523 3889 1802 3962 Θαλάσσης

219 3977 311 4030 καὶ
342 3977 516 4043 λείας,
549 3979 716 4031 πᾶσιν
751 3977 940 4041 ἱστίοις
965 3979 1255 4047 ἐφέροντο·
1291 3979 1387 4034 καὶ
1419 3981 1544 4046 τοὺς
1577 3982 1675 4051 μὲν
1701 3985 1805 4053 έμ-

218 4068 480 4132 πλέοντας
529 4069 740 4139 θάμϐος
793 4063 905 4122 εἷλε
951 4069 1028 4138 τῷ
1055 4069 1340 4141 παραδόξῳ
1377 4071 1476 4143 τῆς
1507 4076 1802 4145 σωτηρίας,

219 4161 311 4214 καὶ
340 4163 516 4226 οὐδεὶς
546 4157 615 4234 ἦν
639 4161 698 4224 ὃς
719 4162 780 4215 οὑ
811 4162 982 4234 δῶρον
1009 4162 1271 4234 ἄντικρυς
1297 4164 1489 4218 ἑαυτὸν
1516 4165 1610 4218 τοῦ
1646 4167 1804 4234 ἁγίου

218 4251 410 4324 ἦγητο.

291 4445 400 4510 σμ’.
432 4439 492 4493 '0
506 4439 562 4492 δὲ
578 4438 784 4510 ναύκλη
795 4447 916 4516 ρος(
929 4441 1090 4494 παῖδα
1114 4439 1224 4512 γὰρ
1247 4440 1433 4494 οἴκαδε
1455 4440 1806 4494 ἀπολελοίπει

1904 3242 2189 3309 tientibus,
2221 3244 2400 3314 gratia
2451 3243 2638 3298 divina
2675 3246 2972 3300 subsecuta
3005 3257 3092 3301 est
3135 3266 3147 3300 :
3180 3248 3321 3303 solet
3349 3250 3498 3303 enim

1904 3334 1996 3390 illa
2044 3351 2156 3390 non
2202 3351 2328 3390 raro
2379 3337 2643 3406 praeviam
2681 3337 2973 3406 quamdam
3016 3339 3208 3394 odoris
3257 3341 3501 3394 suavita-

1906 3434 2016 3482 tem
2051 3428 2316 3491 exeitare,
2372 3427 2623 3482 divinum
2669 3429 2955 3499 quidpiam
2992 3446 3050 3486 se
3085 3432 3369 3486 continere
3401 3433 3501 3486 de-

1905 3528 2238 3574 monstrans.
2272 3519 2446 3589 lgitur
2476 3519 2742 3590 pergebat
2793 3537 2946 3576 mare
2998 3523 3183 3592 aliquo
3229 3532 3498 3593 tempore,

1905 3619 1968 3665 ut
2031 3619 2303 3682 cmperat,
2355 3611 2543 3665 furere
2591 3619 2646 3666 et
2698 3613 3060 3666 vehementer
3097 3615 3380 3669 mstuare:
3445 3629 3500 3669 at

1905 3700 2106 3755 ﬂuctus
2148 3717 2281 3766 non,
2312 3711 2368 3756 ut
2424 3701 2639 3756 ferebat
2686 3704 2967 3758 violentus
3000 3704 3500 3776 impetus,.impin-

1905 3792 2108 3862 gebant
2143 3793 2198 3846 in
2237 3793 2447 3858 navim,
2482 3794 2580 3849 sed
2606 3795 2940 3850 cohibebant
2974 3812 3053 3863 se,
3076 3799 3245 3852 veluti
3273 3815 3502 3854 venera-

1904 3882 2074 3937 bundi
2105 3891 2202 3936 aut
2223 3893 2557 3939 metuentes.
2584 3886 2754 3941 Paulo
2771 3887 3144 3957 postremisso
3162 3893 3502 3960 tempestatis

1905 3972 2115 4034 furore,
2176 3972 2388 4042 spirare
2458 3977 2628 4046 coepit
2691 3987 2919 4046 repente
2981 3988 3182 4035 ventus
3213 3996 3256 4036 'e
3305 3987 3498 4053 puppi,

1905 4063 2342 4133 ferebanturque
2388 4075 2580 4135 pacate
2611 4083 2676 4122 ac
2729 4069 2892 4138 plano
2928 4071 3067 4124 mari
3115 4072 3296 4141 plenis
3339 4075 3499 4140 velis,

1909 4155 2260 4211 tremebundi
2293 4172 2358 4212 ac
2389 4159 2594 4227 pavidi,
2618 4160 2690 4215 ob
2717 4169 2824 4215 tam
2849 4162 3286 4233 inexspectatum
3310 4166 3504 4223 salutis

1908 4257 2249 4319 recuperatae
2286 4251 2603 4322 prodigium
2651 4272 2664 4309 :
2729 4270 2832 4309 nec
2879 4256 3024 4312 ullus
3076 4256 3200 4324 fuit,
3237 4261 3331 4329 qui
3387 4277 3500 4316 non

1907 4350 2191 4411 reputaret
2238 4357 2297 4397 se
2337 4343 2442 4398 sibi
2481 4345 2627 4401 dono
2666 4345 2841 4402 sancti
2897 4358 3309 4403 conservatum.

1979 4430 2105 4486 240.
2139 4431 2312 4487 Porro
2335 4436 2656 4503 nauclerus,
2713 4438 2808 4509 qui
2866 4455 3100 4509 puerum
3161 4440 3310 4494 domi
3370 4442 3503 4495 reli-

225 4531 695 4602 νοσοῦντα),είδὼς
733 4531 813 4603 τῷ
838 4534 965 4604 περὶ
991 4533 1155 4587 αὑτὸν
1177 4532 1412 4597 καὶτοὺς
1429 4534 1799 4603 συμπλέοντας

1909 4536 2106 4598 querat
2158 4527 2463 4595 infirmum,
2504 4530 2700 4586 doctus
2760 4532 3031 4587 miraculo
3079 4533 3135 4588 in
3192 4550 3250 4588 se
3275 4532 3504 4605 suisque

227 4623 488 4694 θαύματι,
511 4627 717 4697 ῥᾴστην
746 4626 894 4697 αὑτῷ
911 4627 1007 4681 καὶ
1024 4626 1122 4698 τὴν
1141 4625 1234 4680 τοῦ
1255 4627 1464 4690 παιδὸς,
1484 4628 1531 4679 εί
1548 4627 1812 4698 βούλοιτο,

227 4713 528 4786 θεραπείαν
553 4711 713 4770 εἶναι·
749 4717 970 4771 κάκεῖνο
1005 4717 1095 4772 διὰ
1134 4717 1230 4772 τοῦ
1267 4718 1502 4790 μοναχοῦ
1541 4719 1730 4784 ἐδεῖτο,
1752 4721 1814 4774 τὸ

225 4808 316 4862 τὸν
339 4810 455 4862 υίὸν
483 4810 636 4882 αὑτῷ
662 4810 798 4881 πρὸς
826 4810 926 4880 τὴν
951 4811 1129 4864 οίκίαν
1159 4811 1260 4882 ἤδη
1289 4812 1614 4882 άναγομένῳ
1637 4812 1814 4876 ζῶντα

225 4902 609 4972 ταμιευθῆναι’
629 4903 820 4956 ἐδεδίει
834 4902 944 4971 γὰρ
963 4903 1057 4956 τοῦ
1072 4903 1252 4958 κοινοῦ
1270 4904 1368 4974 τῆς
1383 4905 1596 4972 φύσεως
1613 4905 1814 4972 μᾶλλον

229 4991 374 5062 “lith
400 4993 502 5062 τῆς
519 4993 697 5064 ψυχῆς
723 4992 973 5058 θάνατον,
1000 4995 1288 5049 ἁτελέστου
1315 4994 1407 5048 τοῦ
1443 4997 1634 5060 παιδὸς
1655 4995 1808 5060 liv-:0;

232 5086 310 5137 ἑτι
365 5087 433 5140 τὰ
479 5085 574 5140 τοῦ
637 5087 780 5141 θείου
817 5087 1216 5158 βαπτίσματος.
1250 5087 1358 5142 Τοῦ
1393 5088 1471 5154 δὲ,
1505 5089 1663 5159 Παρὰ
1727 5089 1810 5141 σοὶ⁵

233 5175 388 5228 τοῦτο
422 5179 600 5229 κεῖται
636 5219 648 5239 ,
694 5177 965 5242 εἰπόντος,
997 5180 1045 5231 εί
1074 5179 1221 5243 ζέσει
1244 5179 1338 5230 καὶ
1369 5179 1551 5232 πίστει
1579 5179 1812 5251 καρδίας

239 5267 394 5330 μόνον
427 5269 728 5343 ὲπικαλέσῃ
765 5269 857 5322 τὸν
892 5269 1035 5340 ἱερὸν
1061 5268 1311 5340 Συμεὼν,
1355 5271 1568 5342 ὑπόσχῃ
1611 5272 1667 5324 δὲ
1721 5275 1815 5324 καὶ

235 5361 351 5432 θεῷ
383 5361 474 5415 τὸν
520 5361 684 5414 παῖδα
704 5378 718 5391 ο
756 5363 962 5424 ἐκεῖνος
991 5361 1155 5424 εὐθὺς
1182 5362 1420 5432 ἑκάτερα
1445 5361 1671 5432 δράσας,
1700 5362 1813 5415 οὐδ’

232 5442 416 5518 ἑτέρου
487 5451 884 5522 διαμαρτάνει,
940 5451 1054 5504 ἀλλ’
1106 5451 1232 5520 ὑγιῆ
1283 5451 1380 5504 τὸν
1435 5451 1548 5503 υἱὸν
1612 5450 1812 5520 εὑρὼν,

239 5547 501 5617 προσάγει
537 5545 660 5616 Θεῷ
708 5545 796 5598 διὰ
830 5545 924 5599 τοῦ
957 5544 1355 5615 βαπτίσματος.
1383 5543 1496 5597 Καὶ
1529 5542 1689 5595 τοῦτο
1717 5544 1815 5614 μὲν

236 5632 302 5710 ιη
325 5636 564 5691 τοιοῦτον
590 5655 604 5668 ·
638 5639 824 5690 ἐκεῖνα
847 5636 903 5689 δὲ
935 5636 1052 5697 πῶς
1077 5635 1141 5689 άν
1163 5651 1246 5698 τις
1289 5633 1621 5705 παραλιπεῖν
1659 5631 1817 5703 νομί-

238 5745 342 5787 σειε
372 5728 462 5785 διὰ
494 5729 557 5784 τὸ
591 5728 812 5798 πλῆθος,
840 5729 902 5782 ού
928 5727 996 5781 τὰ
1016 5727 1248 5800 μεγίστα
1281 5725 1550 5798 ζημιώσει
1581 5741 1596 5790 ;

1911 4624 2235 4679 vectoribus
2262 4624 2430 4690 facto,
2461 4623 2789 4678 facillimum
2822 4625 3056 4694 pumbat
3092 4625 3209 4694 ipse
3248 4641 3391 4689 esse,
3439 4629 3507 4679 li-

1912 4714 2050 4769 lium
2087 4732 2310 4786 quoque
2333 4731 2497 4770 suum
2532 4730 2769 4781 curare;
2828 4716 2999 4786 idque
3056 4717 3285 4786 rogabat
3315 4732 3506 4770 mona-

1914 4809 2104 4871 chum,
2135 4821 2196 4864 ut
2236 4809 2431 4862 reduci
2472 4808 2580 4862 sibi
2629 4808 2788 4861 illum
2821 4815 3210 4863 conservatum
3273 4809 3330 4862 in
3361 4809 3510 4864 vivis

1913 4899 2119 4952 vellet:
2151 4898 2382 4952 timebat
2421 4897 2649 4966 quippe,
2685 4896 2832 4964 quod
2862 4912 3003 4965 puer
3027 4895 3204 4952 sacris
3254 4897 3508 4952 nondum

1916 4991 2140 5046 ablutus
2173 4999 2322 5045 esset
2345 4989 2532 5054 undis,
2556 4987 2753 5041 anima:
2782 4988 2932 5042 illius
2951 4996 3181 5042 mortem
3209 4990 3509 5061 plusquam

1918 5096 2272 5137 communem
2320 5080 2583 5136 omnibus
2640 5080 2975 5134 naturalem.
3033 5079 3284 5150 Cumque
3331 5083 3511 5138 Doro-

1920 5175 2084 5232 theus
2111 5175 2328 5228 diceret
2364 5171 2418 5225 in
2455 5187 2624 5226 manu
2647 5173 2768 5243 ejus
2796 5171 2849 5226 id
2873 5187 3022 5239 esse,
3061 5173 3108 5227 si
3157 5174 3326 5228 modo
3379 5190 3510 5228 cum

1924 5265 2137 5317 fervore
2167 5277 2233 5316 ac
2261 5262 2458 5315 liducia
2502 5269 2757 5316 sanctum
2790 5261 3508 5333 invocaveritSymeonem,

1922 5363 1981 5410 et
2008 5354 2180 5407 filium
2231 5354 2343 5407 Deo
2369 5354 2622 5420 voverit;
2668 5355 2930 5424 prtestitit
2984 5355 3077 5409 ille
3127 5371 3254 5408 mox
3297 5365 3510 5413 utrum-

1913 5462 2053 5516 que:
2086 5461 2189 5500 nec
2212 5445 2500 5501 fraudatus
2525 5455 2611 5502 est
2641 5447 2938 5517 promisso,
2967 5447 3192 5502 invento
3243 5447 3508 5501 incolumi

1915 5541 2062 5594 domi
2096 5541 2232 5604 filio,
2264 5555 2428 5609 quem
2461 5541 2576 5595 Deo
2613 5557 2714 5609 per
2780 5540 3119 5610 baptismum
3177 5541 3402 5593 obtulit.
3442 5540 3510 5593 Et

1915 5631 2191 5687 hactenus
2224 5632 2449 5703 quidem
2483 5633 2655 5699 illud;
2692 5633 2795 5688 ista
2819 5649 2978 5698 vero,
3033 5648 3158 5702 qua:
3195 5632 3506 5702 subjiciun-

1916 5733 2025 5788 tur,
2059 5725 2104 5779 si
2136 5725 2262 5795 quis
2297 5725 2771 5794 przetermittcnda
2801 5735 3029 5794 prOpter
3086 5721 3508 5779 multitudinem

1916 5818 2219 5888 putaverit,
2247 5817 2524 5888 quomodo
2544 5833 2651 5871 non
2669 5817 3245 5888 maximamjacturam
3267 5805 3519 5872 dederit?
