4018 6386
484 358 631 418 32θῖ

1707 355 1770 415 S.
1808 355 2187 417 SYMEONIS
2223 352 2587 418 IUNIORIS
3596 333 3661 394 3S

1908 488 2133 544 CAPUT
2172 488 2341 543 XXX.

1044 596 1300 653 Sacerdos
1340 604 1525 650 sancta
1581 597 1872 668 injuriosus
1918 598 2138 669 punitur
2171 616 2190 653 :
2228 599 2434 667 inﬁrmi
2483 615 2577 670 per
2627 601 2875 652 uisionem
2924 604 3202 652 curantur.

562 746 684 800 ΞΗ.
715 744 980 801 Sacerdos
1015 743 1244 814 quidam
1274 743 1328 798 in
1366 758 1530 814 pago,
1565 740 1662 812 qui
1711 742 2071 811 nuncupaba-
2101 752 2146 806 Α

492 849 580 893 tur
606 839 793 901 Cassa,
825 837 1056 890 molesta
1077 835 1293 905 pr0prii
1322 834 1528 889 amoris
1578 832 1870 887 affectione
1909 833 2065 888 labo-

450 920 467 923 ’
489 945 637 993 rans,
670 927 892 998 quando
920 926 1194 981 mirabilia
1228 941 1393 995 opera
1431 940 1530 995 per
1556 934 1806 979 sanctum
1844 924 2069 996 Symeo—

488 1035 613 1073 nem
632 1027 847 1089 patrata
874 1019 959 1071 vel
993 1017 1360 1087 intelligebat,
1387 1016 1475 1070 vel
1501 1017 1671 1071 etiam
1695 1016 1751 1070 in
1777 1025 2071 1070 transeun-

489 1113 638 1166 tibus
663 1113 790 1167 illac
838 1110 1087 1174 videbat,
1142 1110 1495 1180 iniquitatem
1528 1116 1585 1164 et
1635 1108 1897 1180 injuriam
1953 1116 2070 1162 tota

486 1206 577 1259 die
600 1204 956 1274 loquebatur,
983 1202 1253 1274 diligebat
1278 1202 1546 1256 malitiam
1589 1203 1880 1272 plusquam
1905 1201 2067 1255 boni-

487 1304 653 1348 tatem
686 1301 745 1347 et
776 1292 1284 1367 iniustitiam‘plus
1308 1290 1472 1360 quam
1509 1291 1821 1362 justitiam;
1870 1289 2075 1360 dilige-

486 1385 580 1439 bat
607 1384 793 1438 omnia
826 1384 997 1438 vcrba
1024 1382 1503 1452 praecipitationis,
1530 1391 1590 1436 et
1626 1383 1872 1451 linguam
1912 1380 2069 1435 dolo—

486 1493 643 1542 sam;
678 1476 942 1544 denique,
977 1476 1248 1529 malevola
1280 1475 1374 1529 illa
1430 1484 1487 1528 et
1540 1474 1805 1528 insidiosa
1858 1473 2071 1528 insania

487 1568 658 1622 veluti
713 1567 977 1621 ducatum
1035 1574 1354 1638 praestante,
1415 1565 1759 1621 anathemati
1816 1571 2070 1619 sanctum

489 1660 747 1730 subjecit.
770 1659 895 1712 Mox
916 1674 1050 1713 vero
1095 1659 1377 1728 ingentem
1435 1656 1707 1726 conspicit
1759 1656 2072 1711 daemonum

490 1751 708 1805 turbam
738 1754 938 1821 (neque
964 1750 1118 1804 enim
1148 1749 1335 1803 divina
1385 1750 1602 1820 iustitia
1642 1747 1823 1817 potuit
1866 1747 2075 1802 lentius

489 1858 674 1913 agere,
705 1842 798 1896 ubi
821 1841 1210 1912 longanimitas
1228 1840 1524 1910 profutura
1546 1855 1657 1894 non
1682 1839 1898 1909 fuisset)
1923 1853 2079 1895 com-

490 1934 926 2005 prehendentem
955 1948 1013 1987 se
1047 1942 1104 1988 et
1135 1948 1333 1987 manus
1356 1940 1478 2000 post
1533 1939 1747 2001 tergum
1800 1942 1953 1986 actas
1980 1945 2073 1986 re-

489 2027 847 2089 vincientem,
878 2025 1021 2080 adeo
1054 2038 1117 2080 ut
1157 2039 1377 2080 sacrum
1438 2022 1801 2092 Evangelium
1868 2022 2074 2091 populo

2249 742 2397 814 σμα’.
2447 743 2649 812 Ἰερεὺς
2680 742 2788 812 γάρ
2816 758 2900 803 τις
2930 741 2987 793 ὲν
3018 736 3179 810 κώμῃ
3212 740 3409 808 Κασδᾷ
3448 739 3657 813 καλουμ

2173 834 2398 905 χαλεπῷ
2453 831 2617 888 πάθει
2664 832 2954 901 φιλαυτίας
3003 829 3281 891 ἑαλωκὼς,
3316 830 3482 898 ἡνίκα
3507 830 3574 884 τὰ
3610 852 3664 886 π.
3693 897 3704 906 _

2174 926 2269 979 τοῦ
2304 926 2449 978 θείου
2478 924 2705 996 Συμεὼν
2734 924 3056 977 τελεσθέντα
3090 920 3413 991 παραδόξως
3445 923 3481 992 ἦ
3520 925 3687 995 μάθοι
3729 929 3763 1000 ἢ

2173 1017 2260 1071 διὰ
2276 1018 2382 1071 τῶν
2404 1017 2710 1088 παριόντων
2729 1016 2845 1079 ῐδοι,
2865 1014 3092 1085 ἀνομίαν
3106 1016 3233 1084 ὃλην
3248 1014 3345 1085 τὴν
3364 1016 3576 1087 ἡμέραν
3592 1018 3769 1087 ἐλογι-

2177 1109 2301 1171 ζετο
2330 1111 2363 1179 ἡ
2397 1108 2619 1176 γλῶσσα
2650 1106 2815 1162 αὑτοῦ
2838 1147 2853 1169 ,
2881 1107 3074 1176 ἠγάπα
3114 1110 3315 1163 κακίαν
3366 1110 3509 1180 ὑπὲρ
3552 1109 3772 1179 (Ξιγαθω⁴⁵

2179 1201 2365 1270 σύνην,
2397 1200 2612 1253 ἀδικίαν
2641 1199 2783 1270 ὑπὲρ
2812 1198 2873 1251 τὸ
2911 1198 3143 1268 λαλῆσαι
3172 1200 3539 1273 δικαιοσύνην,
3575 1204 3773 1274 ἠγάπα

2178 1292 2360 1346 πάντα
2413 1293 2636 1362 ῥήματα
2684 1291 3155 1360 καταποντισμοῦ,
3186 1291 3440 1359 γλῶσσαν
3462 1292 3769 1353 δολίαν,καὶ

2180 1382 2356 1445 τέλος,
2381 1375 2468 1434 οἷα
2499 1382 2565 1432 τὰ
2605 1381 2704 1450 τῆς
2735 1379 3047 1450 κακούργου
3079 1379 3285 1449 ταύτης
3335 1382 3431 1434 καὶ
3474 1381 3769 1435 ἐπιϐούλου

2184 1474 2262 1533 εἰς
2291 1472 2521 1540 ἔσχατον
2556 1470 2816 1533 ἀπονοίας
2846 1472 3320 1540 χειραγωγούσης,
3342 1472 3651 1542 ἀναθέματι
3675 1472 3771 1525 τὸν

2179 1560 2325 1613 ὅσιον
2379 1558 2691 1613 ὑποϐάλλει.
2764 1559 2874 1611 Καὶ
2940 1560 3286 1630 παραχρῆμα
3336 1561 3611 1630 δαιμόνων
3665 1561 3774 1631 ὁρᾷ

2180 1652 2382 1720 πλῆθος
2413 1650 2862 1722 (μακροθυμῆσαι
2891 1651 3116 1715 δικαίως
3144 1653 3380 1706 ἐνταῦθα
3414 1654 3515 1706 οὑκ
3536 1656 3772 1724 ἀνασχο-

2188 1744 2355 1814 μένης
2388 1743 2488 1812 τῆς
2557 1741 2734 1809 δίκης,
2771 1743 2907 1794 ὅπου
2957 1742 3030 1811 μὴ
3094 1743 3363 1796 συνοίσειν
3422 1743 3613 1813 ἔμελλε
3661 1746 3778 1806 τοῖς

2182 1835 2399 1899 πολλοῖς
2436 1825 2907 1905 τομακρόθυμον)
2948 1833 3381 1905 συλλαϐομένους
3421 1834 3586 1888 αὑτὸν
3609 1875 3625 1902 ,
3647 1834 3778 1887 ὀπί-

2184 1947 2260 1983 σω
2310 1946 2371 1983 τε
2425 1929 2502 1982 τὼ
2557 1924 2707 1999 χεῖρε
2749 1929 3187 2000 περιαγαγόντας
3235 1930 3332 1982 καὶ
3375 1929 3669 2000 δήσαντας,
3698 1928 3779 1991 ὡς

2185 2023 2322 2091 μήτε
2371 2022 2432 2074 τὸ
2465 2020 2611 2091 ἱερὸν
2641 2020 2970 2089 Εὑαγγέλιον
3006 2022 3086 2084 είς
3117 2015 3233 2074 ὦτα
3255 2020 3515 2075 δύνασθαι
3552 2018 3632 2093 τῷ
3663 2019 3781 2090 λαῷ

492 2119 790 2188 praelegere
825 2124 923 2170 aut
974 2114 1221 2170 divinam
1279 2115 1561 2184 liturgiam
1623 2114 1908 2169 celebrare
1964 2129 2079 2169 non

2196 2114 2514 2183 ἂναγνῶναι,
2550 2114 2687 2183 μήτε
2731 2112 2831 2183 τὴν
2898 2112 3050 2166 θείαν
3097 2112 3407 2167 ἐπιτελέσαι
3479 2128 3781 2183 μυσταγω-

498 2208 744 2262 valeret:
786 2206 896 2260 imo
921 2205 968 2260 si
992 2204 1217 2275 quando
1250 2204 1523 2274 ejusmodi
1553 2203 1801 2257 tentabat
1846 2203 2078 2274 aliquid,

493 2300 770 2354 sentiebat
817 2299 922 2353 sibi
968 2309 1210 2353 mentem
1258 2313 1563 2367 vocemque
1602 2297 1903 2364 immutari,
1933 2304 1991 2351 et
2026 2298 2080 2352 in

496 2390 884 2446 confusionem
910 2406 1067 2444 suam
1119 2390 1393 2444 converti.
1446 2389 1605 2455 Quod
1640 2406 1766 2444 cum
1821 2390 2085 2459 nequiret

491 2481 637 2535 ferre
665 2481 972 2551 presbyter,
1004 2480 1261 2535 fortunas
1313 2480 1368 2534 in
1412 2480 1556 2543 illos,
1592 2481 1689 2549 qui
1738 2479 1950 2550 aliquid
2009 2480 2089 2534 le-

494 2571 735 2626 vaminis
764 2570 1196 2640 pollicebantur,
1239 2577 1702 2638 consumpserat;
1734 2568 1936 2632 donec,
1961 2582 2101 2649 omo.

494 2678 621 2717 nem
653 2662 840 2716 animo
882 2672 1141 2716 versante
1176 2661 1595 2731 cogitationem,
1648 2670 1975 2731 arguentem
2024 2674 2085 2715 se

495 2754 1121 2824 reperitconscientiam
1156 2755 1400 2819 illorum,
1424 2770 1547 2825 qua:
1596 2769 1742 2823 same
1772 2752 1975 2822 saepius
2028 2752 2086 2805 in

495 2854 749 2900 sanctum
793 2844 1126 2916 Symeonem
1161 2862 1454 2917 perperam
1482 2854 1539 2900 et
1596 2845 1873 2899 malitiose
1933 2844 2086 2897 etfu-

498 2937 693 3002 tierat;
743 2936 1006 3006 quodque
1035 2952 1147 2990 non
1178 2936 1501 2991 erubuisset
1543 2951 1642 3004 per
1695 2934 2085 3005 gravissimum

495 3027 682 3083 scelus
712 3027 891 3095 ipsum
930 3028 1309 3098 perstringere
1341 3028 1716 3082 anathemate.

566 3118 692 3171 212.
726 3118 842 3172 Hoc
879 3118 1047 3188 igitur
1071 3118 1252 3188 ipsum
1285 3133 1408 3172 esse
1460 3116 1797 3185 intelligens,
1827 3131 1941 3185 quo
2004 3115 2088 3169 in-

498 3207 797 3262 visibiliter
824 3223 855 3261 a
885 3208 1075 3262 divino
1107 3206 1377 3262 sacrificio
1438 3207 1755 3271 arcebatur,
1822 3205 2089 3261 velociter

501 3298 570 3354 ad
599 3306 851 3353 sanctum
881 3298 1053 3362 venit,
1098 3297 1369 3366 petiitque
1403 3297 1622 3352 ardenti
1670 3312 1836 3367 prece
1869 3297 2094 3351 veniam

503 3390 717 3445 delicti.
746 3390 971 3445 Dicente
992 3400 1177 3445 autem
1210 3399 1431 3443 sancto:
1476 3388 1593 3443 Nisi
1627 3390 1782 3458 prius
1795 3397 2085 3459 peccatum

2184 2204 2332 2273 γίαν,
2363 2202 2476 2254 ἀλλ’
2499 2203 2588 2255 ὅτε
2629 2218 2685 2255 τι
2724 2203 2819 2255 καὶ
2843 2201 3055 2255 τοιοῦτο
3071 2202 3268 2273 δράσαι
3297 2203 3646 2273 πειράσαιτο,
3676 2204 3783 2274 τήν

2186 2309 2246 2345 τε
2284 2291 2458 2362 φρένα
2484 2291 2577 2343 καὶ
2610 2291 2708 2361 τὴν
2746 2290 2929 2360 φωνὴν
2958 2292 3322 2356 ἀλλοιοῦσθαι,
3346 2293 3441 2345 καὶ
3470 2292 3608 2363 πρὸς
3653 2293 3782 2345 aia-

2187 2383 2356 2454 χύνης
2392 2380 2594 2451 μᾶλλον
2630 2381 2809 2451 ἑαυτῷ
2837 2381 3220 2435 καθίστασθαι.
3259 2383 3437 2454 Ὅπερ
3462 2382 3524 2435 οὑ
3544 2381 3786 2451 φέροντα

2187 2475 2279 2528 τὸν
2314 2475 2487 2546 ἱερέα,
2519 2476 2632 2538 τοῖς
2656 2491 2779 2525 τινα
2814 2473 2907 2526 τοῦ
2938 2472 3110 2527 κακοῦ
3147 2473 3299 2528 λύσιν
3321 2473 3784 2544 ὑπισχνουμένοις

2187 2566 2565 2635 ἐκδαπανῆσαι
2621 2564 2715 2618 καὶ
2743 2563 2839 2634 τὴν
2868 2564 3073 2626 οὐσίαν,
3111 2565 3217 2629 ἓως
3234 2560 3492 2633 λογισμὸν
3512 2564 3571 2615 ὲν
3598 2562 3783 2631 ἑαυτῷ

2187 2656 2367 2709 πάντα
2413 2656 2640 2726 κινήσας
2660 2693 2675 2716 ,
2713 2654 3021 2709 τύπτουσαν
3075 2655 3301 2724 εὕρισκε
3327 2656 3426 2726 τὴν
3448 2652 3776 2725 συνείδησιν,

2188 2743 2271 2811 οἷς
2310 2747 2452 2799 κατὰ
2475 2746 2569 2799 τοῦ
2594 2746 2737 2800 θείου
2765 2745 2991 2816 Συμεὼν
3016 2745 3355 2817 πλημμελῶς
3386 2744 3644 2807 πολλάκις
3662 2743 3787 2817 ᾔδει

2189 2838 2580 2907 φθεγξάμενος,
2638 2838 2730 2889 καὶ
2763 2838 2911 2901 ὅπως
2948 2838 3070 2891 οὐδὲ
3100 2835 3445 2908 ἀναθέματος
3489 2836 3579 2890 ἐπ’
3613 2835 3785 2890 αὑτὸν

2190 2930 2436 2999 φείσαιτο
2466 2929 2525 2983 τὸ
2556 2929 2883 2985 δεινότατον.

2262 3111 2406 3184 σμβ’.
2455 3109 2961 3180 Τοῦτο,τοιγαροῦν
3010 3110 3186 3163 έκεῖνο
3241 3108 3382 3165 εἶναι
3415 3113 3597 3177 συνεὶς
3643 3114 3792 3186 ὅπερ

2191 3207 2354 3260 αὑτὸν
2403 3204 2504 3273 τῆς
2560 3203 2713 3266 θείας
2782 3202 3030 3265 ἀθεάτως
3078 3203 3426 3275 λειτουργίας
3473 3206 3734 3276 ἀπείργοι
3770 3246 3790 3272 ,

2193 3296 2397 3365 σπουδῇ
2431 3296 2561 3365 παρ’
2606 3292 2771 3347 αὑτὸν
2813 3292 3077 3358 ἀνελθὼν,
3117 3296 3467 3367 συγχώρησιν
3495 3296 3613 3369 ﬁte:
3657 3298 3792 3370 θερ-

2196 3388 2330 3459 μῶς.
2359 3388 2465 3442 Τοῦ
2496 3388 2573 3454 δὲ,
2606 3388 2669 3441 Et
2701 3388 2776 3459 μὴ
2792 3389 2890 3457 τὴν
2909 3389 3183 3461 ἁμαρτίαν
3201 3406 3295 3442 σου
3314 3390 3578 3461 πρότερον
3594 3391 3798 3462 ἐξαγο-

506 3491 667 3536 tuum
691 3481 1038 3537 confessione
1069 3481 1402 3550 expiavcris,
1434 3484 1573 3551 'quaa
1613 3481 1713 3535 tibi
1744 3481 1943 3536 venia?
1989 3479 2088 3534 ali-

2196 3480 2430 3552 ρεύσεις,
2463 3481 2745 3547 εἰπόντος,
2792 3482 2921 3535 ποία
2968 3459 3155 3534 λοιπὸν
3215 3459 3563 3553 συγχώρησις
3627 3459 3791 3538 ἔσται

506 3582 716 3645 quanto
740 3567 992 3642 tempore
1026 3572 1284 3627 absurdis
1311 3570 1914 3642 atqueimpudentibus
1964 3585 2090 3624 ver-

507 3664 596 3719 bis
624 3678 681 3717 se
714 3664 1061 3734 temperavit.
1086 3663 1296 3719 Deinde
1339 3678 1465 3717 cum
1527 3663 1706 3729 dolor,
1732 3678 1897 3732 quem
1948 3676 2089 3733 prte-

508 3759 593 3805 tcr
625 3751 876 3805 morbum
899 3752 1216 3822 patiebatur
1269 3767 1336 3807 eo
1386 3753 1534 3822 quod
1591 3756 1765 3809 sacris
1821 3752 2092 3807 altaribus

507 3839 919 3910 prohiberetur,
952 3842 1322 3909 verecundia,
1355 3851 1414 3897 ut
1461 3860 1560 3914 par
1600 3853 1739 3909 erat,
1766 3844 2090 3914 praevaluis-

513 3938 599 3985 set
628 3931 941 4001 (consuevit
972 3949 1211 4002 namque
1267 3934 1319 3988 id
1354 3935 1503 4003 quod
1553 3934 1830 3991 infirmius
1859 3943 1945 3990 est
1995 3950 2094 4005 per

510 4019 715 4075 fortius
736 4021 960 4091 expelli,
985 4032 1041 4076 et
1070 4022 1382 4079 debellatus
1406 4024 1636 4080 affectus
1660 4025 1859 4081 cedere
1893 4034 2094 4095 poten-

510 4112 663 4181 tiori)
719 4113 893 4182 palam
950 4129 1048 4168 sua
1111 4117 1359 4171 narravit
1413 4117 1629 4183 omnia;
1672 4133 1836 4187 quam
1883 4117 2095 4171 nefaria

510 4202 711 4258 crebro
746 4204 802 4258 in
828 4215 1080 4261 sanctum
1109 4207 1449 4277 garrivisset,
1484 4208 1747 4278 quodque
1792 4223 1904 4263 non
1925 4209 2095 4262 absti-

512 4295 725 4350 nuisset
747 4298 1122 4363 anathemate,
1152 4299 1249 4353 sed
1285 4299 1363 4353 illi
1395 4301 1575 4371 ipsum
1605 4317 1796 4355 amens
1829 4300 2096 4371 subjecis-

513 4394 620 4440 set.
654 4386 794 4440 Tum
832 4398 1081 4455 sanctus,
1126 4398 1276 4444 totus
1325 4390 1621 4461 benignus.
1683 4401 1833 4446 totus
1874 4391 2095 4446 miseri-

511 4490 659 4540 cors,
694 4483 845 4531 totus
871 4478 1239 4547 compatiens,
1271 4478 1539 4549 unigeniti
1570 4478 1696 4532 Filii
1733 4479 1830 4533 Dei
1869 4479 2096 4534 commi-
2130 4518 2137 4523 ρ

511 4565 849 4621 serationem
880 4576 937 4620 et
962 4567 1347 4623 inexhaustam
1407 4568 1713 4622 bonitatem
1772 4568 2093 4637 implorans,

512 4651 782 4722 impresso
843 4655 1118 4709 sacerdoti
1178 4666 1546 4710 sacrosanctae
1587 4656 1769 4711 crucis
1814 4659 2001 4728 signo:
2038 4659 2095 4713 ln

2197 3590 2278 3651 σοι
2295 3591 2309 3640 ;
2342 3574 2525 3641 ἐπεῖχε
2543 3573 2705 3642 μέχρι
2721 3571 2865 3635 τινος
2884 3573 2986 3626 ὑπὸ
2999 3573 3097 3642 τῆς
3115 3570 3377 3642 αἰσχύνης
3393 3575 3623 3637 ἐκεῖνος.
3645 3569 3790 3628 Εἶτα

2194 3668 2289 3736 τῆς
2308 3666 2399 3718 ἐπὶ
2425 3664 2501 3736 τῷ
2531 3663 2693 3718 πάθει
2721 3663 2897 3734 λύπης
2939 3663 2967 3717 ὃ
3002 3666 3228 3734 πάσχων
3253 3660 3320 3736 ἦν
3345 3665 3438 3718 ἐπὶ
3460 3669 3524 3736 τῇ
3548 3665 3668 3720 θεία
3685 3684 3797 3737 μυ.

2198 3757 2498 3826 σταγωγεᾳ,
2548 3755 2646 3826 τὴν
2677 3754 2939 3826 αἰσχύνην
2986 3756 3080 3825 (ὡς
3126 3755 3798 3830 είκὸς)διακρουσαμένης

2201 3847 2346 3919 (ἐπεὶ
2367 3849 2462 3900 καὶ
2489 3847 2698 3916 πέφυκε
2718 3848 2793 3917 τῷ
2815 3846 3021 3917 μείζονι
3040 3847 3099 3900 τὸ
3116 3843 3282 3920 ἦττον
3297 3847 3679 3919 ἐκκρούεσθαι,
3695 3849 3802 3904 καί

2194 3938 2257 3990 τὸ
2301 3938 2604 4008 νικώμενον
2624 3937 2711 3991 ἀεὶ
2749 3936 2920 4002 πάθος
2960 3937 3265 4008 ὑποχωρεῖν
3285 3938 3362 4008 τῷ
3379 3938 3689 4011 κρατοῦντι)
3712 3940 3800 3994 δι-

2199 4028 2392 4099 εξῆλθε
2421 4030 2600 4082 πάντα
2633 4028 2957 4098 σαφῶς,ὃσα
2973 4029 3231 4092 πολλάκις
3251 4028 3402 4100 αὑτῷ
3433 4031 3555 4084 κατ’
3577 4030 3803 4085 ἐκείνου

2199 4119 2443 4191 λεχθείη,
2487 4118 2584 4172 καὶ
2644 4120 2792 4182 ὅπως
2826 4120 2945 4173 οὑδὲ
2976 4119 3317 4192 ἀναθέματος
3374 4120 3462 4173 ἐπ’
3494 4119 3657 4174 αὑτὸν
3681 4122 3799 4175 ἀπο

2199 4214 2412 4283 έσχετο,
2446 4211 2579 4265 ἁλλὰ
2609 4212 2704 4265 καὶ
2738 4211 2888 4283 αὖτῷ
2916 4211 3102 4265 τοῦτον
3134 4213 3380 4282 ἀνοήτως
3402 4210 3803 4285 ὑποσεὸλήκει.

2213 4304 2275 4355 '0
2314 4302 2371 4355 δὲ
2398 4302 2517 4365 ὅλος
2549 4304 2855 4374 χρηστότης
2879 4343 2894 4368 ,
2920 4302 3040 4365 ὅλος
3084 4301 3283 4367 οἶκτος,
3325 4301 3445 4365 ὅλος
3482 4301 3809 4371 συμπάθεια

2209 4399 2317 4452 τῶν
2345 4399 2443 4452 τοῦ
2479 4400 2804 4470 μονογενοῦς
2835 4397 3137 4470 οἰκτιρμῶν
3162 4397 3347 4464 εὐθὺς,
3381 4397 3476 4451 καὶ
3511 4398 3611 4466 τῆς
3649 4396 3796 4451 ἁδα-

2212 4492 2457 4562 πανήτου
2489 4491 2860 4563 χρηστότητος
2914 4489 3055 4560 ὑπὲρ
3098 4490 3264 4543 αὑτοῦ
3306 4488 3560 4560 δεόμενος
3581 4485 3802 4559 {metu}.

2200 4584 2278 4655 τῷ
2321 4583 2415 4637 τοῦ
2466 4582 2702 4654 σταυροῦ
2740 4583 2955 4654 σημείῳ
3004 4582 3098 4635 τὸν
3148 4583 3298 4652 ἱερέα
3326 4582 3658 4652 σφραγίσας,
3705 4581 3807 4636 Ἐν

2202 4676 2277 4747 τῷ
2309 4677 2536 4746 ὀνόματι
2562 4674 2658 4728 τοῦ
2700 4674 2906 4746 Κυρίου
2955 4673 3130 4746 Ἰησοῦ
3161 4673 3401 4747 Χριστοῦ
3441 4673 3663 4727 λέλυσαι
3686 4673 3805 4727 τῶν

511 4744 763 4811 nomine,
818 4746 1022 4816 inquit,
1073 4747 1293 4801 Domini
1354 4747 1481 4802 Jesu
1531 4746 1737 4804 Christi
1799 4750 2014 4805 solutus
2038 4766 2088 4806 es

2202 4744 2441 4839 δεσμῶν,
2499 4766 2603 4835 ἔφη
2632 4784 2645 4795 ·
2690 4744 2983 4839 Πορευθεὶς
3014 4744 3168 4837 παρὰ
3365 4765 3662 4835 ἐκκλησίαν
3698 4780 3804 4819 σου

510 4837 855 4893 retinaculis.
897 4838 1102 4893 Confer
1137 4846 1187 4894 te
1217 4839 1384 4908 igitur
1422 4839 1489 4893 ad
1521 4839 1806 4894 ecclesiam
1841 4849 2012 4906 tuam,
2041 4848 2098 4895 et

511 4939 929 4984 sacrosanctum
960 4929 1169 4984 Christi
1215 4929 1570 5002 Evangelium
1601 4932 1741 4987 bene
1766 4949 1934 4988 sanus
1969 4949 2096 5005 per-

509 5017 683 5088 leges,
710 5029 764 5072 et
793 5035 1056 5073 arcanum
1090 5020 1143 5073 in
1174 5020 1333 5075 altari
1366 5024 1699 5079 sacriﬁcium
1727 5041 1877 5080 more
1933 5027 2095 5082 solito

511 5109 734 5164 offeres.
764 5112 913 5165 Dixit
943 5111 1059 5166 haec
1093 5112 1203 5177 ille,
1240 5124 1292 5169 et
1318 5117 1605 5188 presbyter
1632 5118 1843 5173 meritae
1873 5119 1951 5173 illi
1974 5120 2096 5173 vin-

511 5202 674 5256 dictae
698 5211 987 5271 exemptus
1032 5213 1215 5265 est.ct
1269 5223 1440 5262 sacrae
1490 5210 1726 5281 liturgia:
1780 5209 1848 5263 ad
1879 5211 2091 5264 exitum

512 5306 689 5362 usque
723 5294 868 5359 vitae,
901 5293 980 5349 uti
1011 5306 1136 5350 ante
1162 5299 1362 5354 solitus
1390 5300 1594 5367 fuerat,
1630 5318 1849 5372 semper
1904 5317 2096 5373 opera-

516 5394 605 5439 ιιιδ
628 5393 730 5437 CSL

582 5473 709 5529 245.
750 5476 881 5530 Post
912 5477 1025 5531 haec
1063 5479 1357 5537 adducitur
1382 5483 1449 5538 ad
1486 5484 1666 5554 ipsum
1697 5502 1897 5552 caacus,
1930 5489 2104 5542 altero

513 5569 654 5638 pede
696 5578 845 5625 stare
895 5573 1162 5642 nequiens
1208 5593 1318 5646 pra:
1358 5579 1619 5650 paralysi,
1667 5594 1730 5633 ac
1776 5581 1954 5636 tribus
1994 5582 2106 5637 dte-

513 5665 714 5718 tnom’is
758 5666 1085 5734 exagitatus.
1136 5667 1425 5726 Miseratus
1460 5670 1693 5743 Symcon
1726 5675 2105 5730 multimodam

513 5767 579 5809 ac
604 5757 869 5813 diversam
903 5759 1143 5817 hominis
1166 5764 1554 5830 calamitatem,
1580 5764 1644 5819 ad
1678 5766 2113 5822 misericordiam

2208 4861 2408 4924 τοίνυν,
2450 4860 2511 4913 τό
2560 4877 2623 4912 τε
2680 4860 2820 4913 θεῖον
2880 4860 3049 4928 ὑγιῶς
3109 4858 3440 4927 Εὑαγγέλιον
3477 4856 3803 4930 ἀναγνώσῃ,

2205 4955 2300 5007 καλ¹
2358 4954 2456 5022 τὴν
2499 4951 2768 5023 μυστικὴν
2810 4952 2886 5016 ὡς
2918 4953 3010 5005 καὶ
3042 4952 3236 5023 πρώην
3285 4954 3351 5022 τῇ
3387 4953 3510 5023 ἱερᾷ
3543 4950 3802 5022 τραπέζῃ

2203 5041 2395 5094 θυσίαν
2426 5041 2760 5112 προσοίσεις.
2796 5039 2934 5095 Εἷπε
2964 5041 3158 5105 ταῦτα,
3190 5044 3284 5096 καλ⁵
3313 5043 3374 5095 τὸ
3394 5039 3603 5094 δίκαιον
3621 5042 3807 5095 ὲκείνο

2201 5132 2373 5195 πάθος
2400 5132 2600 5185 αὐτίκα
2630 5137 2657 5186 ὁ
2687 5132 2865 5204 ίερεὺς
2881 5132 3136 5196 ἀπέθετο,
3168 5132 3262 5186 καὶ
3290 5134 3322 5201 ἡ
3361 5130 3481 5182 θεία
3518 5129 3680 5201 μέχρι
3704 5145 3807 5182 τε-

2197 5224 2398 5295 λευτῆς
2439 5225 2513 5287 ὡς
2559 5225 2654 5278 καὶ
2704 5224 2970 5297 πρότερον
3012 5225 3163 5296 αὐτῷ
3213 5223 3571 5295 μυσταγωγὶα
3610 5224 3808 5303 ἐπιπι-

2210 5329 2368 5367 λειτο.

2281 5489 2426 5558 σμγ’.
2460 5484 2594 5544 Εἶτα
2625 5490 2962 5561 προσάγεται
2992 5507 3075 5553 τις
3120 5489 3269 5560 αὑτῷ
3310 5490 3529 5562 τυφλρς,
3565 5488 3809 5545 οὑδῚπὶ

2214 5581 2308 5634 τοῦ
2353 5584 2524 5651 ἰσχίου
2576 5583 2768 5653 στῆναι
2800 5584 3117 5653 δυνάμενος,
3150 5583 3286 5636 ἀλλὰ
3314 5584 3407 5637 καὶ
3433 5580 3589 5635 τοῦτο
3611 5580 3804 5644 δεινῶς

2222 5676 2578 5744 παρειμένος,
2609 5676 2827 5748 δαίμοσί
2851 5693 2909 5728 τε
2940 5677 3114 5747 τρισὶν
3142 5674 3487 5746 ὲταζὸμενος.
3527 5672 3583 5725 '0
3621 5673 3677 5729 δὲ
3700 5672 3805 5739 τῆς

2224 5767 2538 5832 πολυειδοῦς
2590 5770 2749 5823 αὑτὸν
2798 5771 2892 5822 καὶ
2935 5768 3188 5841 ποικίλης
3235 5768 3524 5841 συμφορᾶς
3567 5763 3804 5834 ἐλεήσας
