4018 6400
293 323 442 388 3Ξοθ

1301 321 1470 381 VITA
1521 321 1564 379 Α
1604 311 2041 379 NICEPIIORO
2081 312 2569 375 CONSCRIPTA.

2122 189 2193 200 αοαμ

3421 314 3567 377 32ίο

306 436 396 498 εἰς
425 433 575 486 ἔλεον
612 429 770 485 πάλιν
800 429 960 494 αὐτὸς
1002 424 1107 482 εἶδε
1132 427 1266 481 Θεοῦ
1302 428 1391 480 τὸν
1417 428 1777 496 ἀδαπανήτως
1806 422 1890 475 ἀεὶ

2002 421 2094 476 Dei
2132 438 2257 493 quo:
2279 421 2659 478 exhauriendo
2693 437 2803 476 non
2835 421 3221 481 imminuitur.
3264 423 3452 478 oculos
3484 442 3570 477 re-

304 524 657 594 κενούμενον,
688 523 783 576 καὶ
815 522 1040 576 πτύελον
1068 520 1264 574 οἰκεῖον
1299 520 1376 591 τῷ
1408 519 1655 588 δακτύλῳ
1686 515 1888 578 λαϐὼν,

296 618 401 673 καὶ
428 616 553 680 τοὺς
584 614 898 684 ὀφθαλμοὺς
926 612 1234 682 ἐπιχρίσας,
1266 613 1344 682 τῷ
1370 629 1427 664 τε
1451 608 1766 677 Δεσποτικῷ
1791 608 1888 660 τύ-

298 729 392 780 πῳ
417 709 515 771 τὰς
548 707 691 777 ψύας
716 704 1044 774 σφραγίσας,
1080 703 1157 771 τῷ
1192 703 1292 773 μὲν
1330 707 1440 767 τοῖς
1482 702 1777 771 ὀφθαλμοῖς
1810 699 1890 753 δί-

295 794 465 855 δωσιν
500 800 704 862 εὐθέως
743 797 803 850 τὸ
847 797 983 865 φῶς,
1014 796 1093 864 τῷ
1134 796 1189 849 δὲ
1238 795 1315 864 τῷ
1365 795 1519 865 ἰσχίῳ
1556 793 1655 863 τὴν
1698 792 1887 860 pom.

310 895 472 962 Ἑξῆς
494 893 549 945 δέ
580 909 664 953 τις
689 891 827 960 ἀνὴρ
856 889 1029 942 ἐδόκει
1054 887 1129 957 τῷ
1162 889 1421 957 πάσχοντι
1468 887 1675 957 χιτῶνα
1709 882 1889 938 ποικί-

296 986 394 1039 λον
438 982 755 1044 ἐνδεδυκὼς,
788 983 915 1043 τοὺς
949 979 1293 1043 ἐνοικοῦντας
1336 978 1484 1047 αὐτῷ
1521 980 1668 1046 τρεῖς
1701 976 1891 1047 δαίμο·

295 1095 401 1140 νας
462 1075 724 1137 ἐκείνους,
775 1072 994 1125 ἁλύσεσι
1062 1072 1232 1140 πυρὸς
1284 1071 1572 1133 τοσαύταις
1624 1070 1889 1138 πεδήσας,

297 1169 397 1221 καὶ
422 1166 577 1219 κλοιᾶ
614 1164 888 1234 περιθείςο
931 1156 1006 1216 ὧν
1041 1162 1240 1224 εὐθέως
1271 1160 1625 1227 ἀπαλλαγεὶς,
1656 1158 1775 1211 ὅλον
1803 1157 1892 1212 διὰ

298 1258 400 1310 τοῦ
449 1254 740 1325 μοναδικοῦ
779 1255 1056 1322 σχήματος
1110 1251 1302 1306 ἑαυτὸν
1348 1252 1617 1319 τοσαύτης
1664 1249 1892 1320 χάριτος

300 1347 631 1400 ἀντιδίεῖωσι.
671 1342 1077 1414 [Ιαραπλησίως
1112 1343 1211 1410 μὲν
1244 1340 1337 1394 οὖν
1368 1341 1562 1410 ἔχοντα
1599 1344 1711 1402 τοῖς
1746 1341 1894 1409 εἰρησ

305 1438 493 1505 μένοις
538 1436 603 1488 τὰ
650 1434 987 1502 ἐπαγόμεναι,
1032 1433 1140 1502 χρὴ
1172 1415 1230 1485 δὲ
1280 1431 1427 1501 ὅμως
1461 1429 1728 1484 κάκείνων
1772 1431 1894 1483 ἐπι-

303 1527 637 1600 μνησθῆναι.

377 1619 520 1689 σμδ’.
575 1617 831 1685 Ἰωάννης
886 1617 992 1688 γάρ
1024 1628 1105 1679 τις
1150 1613 1284 1685 μηδὲ
1323 1614 1536 1685 θατέρῳ
1564 1617 1677 1667 τοῖν
1711 1614 1892 1669 ποδοῖν

300 1706 574 1763 κινεῖσθαι
599 1706 919 1775 δυνάμενος,
956 1705 1072 1759 ἀλλ’
1106 1706 1385 1775 ἑκατέρων
1407 1705 1589 1761 αὐτῶν
1619 1706 1892 1776 ἀκινήτως

301 1800 446 1870 ἔχων
500 1799 595 1851 καὶ
638 1797 830 1867 χρόνον
879 1798 974 1849 ἐπὶ
1010 1796 1242 1867 μακρὸν,
1271 1795 1377 1849 τῶν
1408 1796 1583 1850 ἄλλων
1620 1797 1890 1865 ἀπογνοὺς

300 1889 585 1952 ἁπάντων,
638 1886 831 1940 ἐλπίδα
878 1886 968 1939 τον
1018 1886 1330 1957 θαυμαστὸν
1381 1886 1590 1939 ἐτίθετο
1627 1885 1888 1955 Συμεὼν,

301 1978 401 2029 καὶ
426 1977 588 2029 αὐτὸν
630 1977 687 2028 ἐν
715 1979 892 2029 πίστει
922 1976 1146 2048 καρδίας
1180 1977 1523 2030 ἐπεκαλεῖτο.
1568 1977 1629 2030 'H
1673 1977 1771 2047 μὲν
1798 1976 1892 2030 οὖν

301 2070 406 2141 ἤδη
446 2066 593 2138 πρωϊ
629 2070 727 2138 τῆς
754 2069 960 2138 ἡμέρας
985 2085 997 2096 ·
1035 2071 1063 2121 ὁ
1098 2068 1155 2121 δὲ
1189 2068 1441 2139 καθάπερ
1471 2070 1550 2132 είς
1592 2069 1759 2123 ὕπνον
1792 2071 1894 2122 ὑπ-

300 2161 619 2231 ολισθήσας,
659 2161 791 2230 ὁρᾷν
820 2160 993 2212 ἐδόκει
1019 2160 1109 2212 τὸν
1137 2159 1385 2229 Συμεὼν,
1415 2159 1644 2227 ἄγγελος
1675 2161 1731 2213 δὲ
1763 2160 1892 2231 παρ’

303 2251 544 2318 ἑκάτερα
581 2249 772 2303 τούτου
804 2249 1051 2319 λαμπρὸς
1104 2250 1205 2319 τὴν
1261 2250 1603 2321 ἁναὸο).ὴν,ἦ
1634 2267 1691 2304 τε
1735 2251 1892 2321 βαῖνη

305 2341 505 2413 passas;
549 2340 742 2410 ἐκείνῳ
788 2339 874 2393 διὰ
911 2342 1112 2408 χειρὸς,
1158 2341 1533 2410 σφραγίσαντα
1568 2343 1691 2403 τοὺς
1726 2340 1894 2404 πόδας

302 2431 496 2496 αὐτοῦ,
532 2431 626 2484 καὶ
656 2431 1009 2499 διαναστῆναι
1039 2432 1392 2486 κελεύσαντα.
1422 2433 1529 2484 Καὶ
1567 2434 1596 2485 ὁ
1630 2432 1732 2500 μὲν
1764 2432 1894 2499 γλυ-

303 2524 407 2585 κὺς
439 2521 604 2586 ὕπνος
633 2524 838 2585 ἐκεῖνος
872 2522 998 2591 ὑγιῆ
1027 2523 1217 2576 τοῦτον
1242 2524 1431 2593 ἀνῆκε,
1467 2527 1559 2579 καὶ
1589 2527 1621 2595 ἡ
1650 2526 1771 2596 ὄψις
1804 2528 1896 2597 ἑρ-

303 2630 405 2683 γον
432 2609 522 2684 ἦν,
563 2613 657 2666 καὶ
704 2613 1006 2682 φαντασίαν
1035 2613 1196 2678 εὐθὺς
1243 2618 1276 2686 ἡ
1315 2616 1537 2687 ἀλήθεια
1582 2617 1888 2673 ἐπιστοῦτο.

317 2705 381 2761 Ὁ
406 2707 463 2760 δὲ
490 2708 747 2778 δρομαῖος
777 2708 930 2781 παρὰ
956 2707 1045 2761 τὸν
1077 2709 1268 2763 στύλον
1298 2710 1489 2774 ἐλθὼν,
1525 2714 1553 2763 ὁ
1580 2712 1771 2782 πρώην
1804 2710 1893 2763 ἴσα

306 2797 403 2851 καὶ
435 2801 536 2867 τῆς
570 2799 842 2870 φερούσης
885 2800 1048 2853 αὐτὸν
1077 2802 1264 2871 κλίνης
1300 2803 1559 2873 ἀκίνητος
1605 2802 1802 2871 μένων,
1836 2804 1895 2855 ὲν

305 2889 549 2960 θαύματί
579 2907 638 2942 τε
669 2890 735 2944 τὰ
761 2891 885 2945 καθ’
916 2890 1109 2946 ἑαυτὸν
1143 2893 1503 2962 ἀπαγγείλας,
1531 2894 1653 2947 ὅλον
1682 2893 1770 2947 διὰ
1801 2892 1893 2947 τοῦ

309 2981 602 3052 μοναδικοῦ
632 2981 748 3052 βίου
777 2984 870 3036 καὶ
894 2977 1049 3048 οὗτος
1072 2986 1404 3057 χαριστήρια
1437 2984 1708 3056 τοσαύτης
1735 2984 1895 3057 εὐερ-

306 3074 499 3142 γεσίας
525 3074 721 3127 ἑαυτὸν
742 3075 1113 3147 ἀντεισφέρει.

385 3273 524 3338 σμε’.
560 3267 790 3321 Ἔπειτα
818 3267 1003 3338 μέντοι
1028 3266 1317 3338 παρθένος,
1347 3265 1608 3319 Θεοσεδία
1640 3263 1740 3337 τὴν
1767 3262 1900 3334 κλῆ-

308 3378 421 3423 σιν,
471 3360 693 3431 χαλεπῷ
743 3360 959 3431 δαίμονι
1013 3360 1469 3430 πολιορκουμένη,
1519 3360 1593 3423 ὠς
1635 3360 1729 3413 καὶ
1775 3358 1899 3414 καθ’

309 3450 506 3515 ὓδατος
537 3452 806 3521 ἀφεθῆναι
847 3450 977 3522 παρ’
1005 3452 1216 3504 ἐκείνου
1249 3452 1534 3516 πολλάκις,
1569 3452 1901 3521 ὲφαντάζετο

307 3544 404 3597 τὸν
437 3543 577 3597 θεῖον
615 3541 861 3612 Συμεὼν,
900 3542 1372 3612 μετακαλούμενον
1405 3538 1492 3596 οἷα
1531 3545 1668 3614 πρὶς
1706 3544 1900 3597 ἑαυτὸν

311 3636 454 3689 οἵκο.
510 3636 800 3705 μένουσαν.
844 3634 910 3688 Ἠ
953 3634 1009 3687 δὲ
1041 3634 1137 3704 τὴν
1175 3633 1298 3703 ὄψιν
1334 3634 1494 3703 ἔργον
1529 3635 1895 3705 ποιησαμένη,

306 3726 386 3789 ὡς
418 3727 516 3798 ήδη
545 3726 643 3779 καὶ
671 3726 968 3779 ἀτενίσειεν
1013 3727 1092 3789 εἰς
1124 3726 1306 3792 actm,
1335 3728 1438 3797 ὁρᾷ
1470 3744 1593 3780 τινα
1650 3727 1898 3781 διάττουο

311 3833 413 3870 σαν
439 3816 630 3887 ὥσπερ
654 3815 941 3887 ἀστραπὴν
968 3815 1062 3868 τοῦ
1091 3816 1384 3886 προσώπου
1411 3833 1424 3847 ·
1459 3817 1552 3870 καὶ
1576 3816 1637 3868 τὸ
1670 3818 1769 3885 μὲν
1800 3830 1900 3870 πο-

308 3911 477 3981 νηρὸν
498 3912 675 3962 ἐκεῖνο
699 3908 915 3977 πνεῦμα
942 3909 1174 3980 θορύϐου
1211 3909 1389 3964 πάντα
1416 3910 1512 3963 καὶ
1541 3909 1670 3980 βοῆς
1698 3910 1899 3965 αὐτίκα

310 4001 574 4072 ἐπλήρου,
605 4000 705 4070 τὴν
735 3998 870 4070 πρὸς
910 3999 1003 4051 τὸν
1033 4000 1175 4053 θεῖον
1213 4000 1379 4070 ἄνδρα
1419 4002 1513 4054 καί
1538 4003 1638 4071 τὴν
1668 4004 1725 4054 ὲν
1749 4001 1898 4072 αὐτῷ

308 4094 406 4148 τοῦ
439 4093 755 4162 Πνεύματος
785 4094 944 4166 χάριν
974 4095 1034 4147 οὐ
1065 4094 1228 4166 φέρον
1258 4095 1554 4168 ἐγγύτητα,
1584 4096 1702 4150 ἀλλ’
1732 4100 1784 4153 el
1816 4116 1899 4159 τις

309 4187 538 4257 δύναμις
560 4186 876 4239 ἐλαύνεσθαι
907 4188 1000 4241 καὶ
1032 4188 1255 4255 φεύγειν
1281 4190 1497 4259 μακρὰν
1520 4190 1897 4260 ἐπειγόμενον.

321 4277 386 4332 Ἦ
410 4278 468 4332 δὲ
490 4276 780 4348 παρθένος,
807 4275 913 4342 ἔξω
942 4280 1196 4352 καθάπερ
1232 4282 1434 4352 ἑαυτῆς
1462 4284 1751 4353 γενομένη,
1788 4282 1901 4336 ὲδόά

319 4389 405 4426 κει
432 4372 523 4422 τὸν
553 4369 781 4438 Συμεὼν
810 4371 943 4441 ὀρᾷν
967 4370 1044 4441 τῷ
1066 4372 1282 4442 δαίμονι
1310 4374 1487 4444 δεσμὰ
1512 4376 1826 4445 περιθέντα,
1862 4378 1894 4445 ἡ

1994 512 2164 574 flexit.
2198 522 2360 583 sputo
2389 528 2490 569 suo
2527 512 2757 583 digitum
2793 511 2974 577 tinxit,
3001 513 3190 567 oculos
3221 512 3346 567 caeci
3377 510 3569 577 illcrit,

1993 604 2289 659 Dominieae
2309 603 2492 659 crucis
2514 604 2671 675 signo
2702 605 2922 659 lumbos
2940 604 3304 659 communivit
3336 621 3350 657 :
3385 605 3574 675 sicque

1994 694 2169 748 altero
2196 695 2378 748 statim
2405 694 2583 749 oculis
2627 695 2834 758 lumen,
2862 695 3036 749 altero
3073 694 3310 764 pedibus
3342 694 3573 749 firmita-

1996 792 2103 838 tem
2126 785 2387 839 restituit.
2420 785 2629 840 Deinde
2651 785 2942 841 videbatur
2963 787 3187 855 patienti
3222 788 3304 840 vir
3327 787 3574 856 quidam,

1996 877 2238 931 tunicam
2278 876 2669 933 versicolorem
2722 879 2967 944 indutus,
2998 887 3127 939 tres.
3178 895 3207 932 a
3235 879 3440 948 quibus
3476 880 3576 935 ob-

1994 967 2300 1034 sidebatur,
2351 968 2629 1024 dtemones
2689 969 2877 1039 ignitis
2935 969 3144 1023 catenis
3195 971 3578 1039 constringere

1994 1060 2404 1131 compedesque
2432 1062 2500 1117 iis
2540 1062 2787 1132 injicere.
2820 1062 2889 1115 lis
2912 1077 3044 1131 ergo
3075 1061 3256 1115 statim
3287 1062 3575 1126 liberatus,

1996 1159 2169 1205 totum
2205 1167 2263 1206 se
2300 1167 2401 1221 pro
2433 1161 2705 1217 tantarum
2745 1152 3042 1221 gratiarum
3079 1151 3294 1207 actione
3321 1161 3578 1220 suscepto

1994 1244 2302 1298 monastico
2353 1244 2545 1298 habitu
2598 1243 2820 1299 obtulit.
2856 1244 3162 1298 Pcrsimilia
3193 1242 3415 1312 quidem
3443 1258 3579 1311 pra:-

1994 1335 2324 1389 cedentibus
2355 1336 2445 1390 illa
2479 1352 2601 1405 quae
2649 1345 2981 1406 sequuntur,
3029 1335 3390 1391 nihilominus
3423 1350 3577 1389 com-

1994 1423 2355 1478 memoranda
2403 1434 2553 1480 sunt.
2618 1446 2623 1449 ι

2063 1602 2189 1657 ΞΗ.
2231 1603 2471 1659 Joannes
2502 1603 2727 1674 quidam
2763 1614 2965 1660 ne‘utro
2998 1605 3200 1676 pedum
3249 1619 3473 1659 suorum
3500 1603 3579 1657 uti

1994 1706 2231 1767 poterat,
2270 1708 2569 1768 utrumque
2595 1699 2707 1767 jam
2741 1714 2770 1752 a
2814 1699 2978 1766 longo
3025 1707 3274 1767 tempore
3322 1696 3581 1750 immobi~

1995 1791 2101 1845 lem
2129 1790 2373 1846 habens:
2400 1807 2526 1845 cum
2555 1806 2685 1846 vero
2707 1790 3028 1861 desperaret
3056 1790 3126 1846 de
3150 1789 3406 1844 remediis
3436 1789 3580 1850 aliis.

1996 1896 2149 1951 spem
2181 1896 2401 1937 omnem
2433 1882 2487 1936 in
2516 1891 2706 1937 sancto
2730 1882 3002 1953 Symcone
3047 1882 3252 1951 posuit,
3290 1882 3583 1952 ipsumque

1998 1973 2187 2028 fidenti
2231 1974 2397 2030 corde
2429 1975 2723 2031 invocavit.
2761 1976 2896 2030 Erat
2930 1984 3045 2029 tum
3099 1974 3241 2030 forte
3284 1989 3584 2043 crepuscu-

1996 2067 2110 2121 lum
2143 2068 2364 2123 circiter
2401 2070 2756 2134 matutinum,
2783 2069 3005 2138 quando
3033 2069 3141 2124 leni
3190 2083 3384 2123 somno
3413 2067 3581 2123 veluti

1997 2158 2234 2229 sopitus,
2285 2160 2606 2230 conspicere
2650 2175 2707 2215 se
2756 2168 2916 2230 putat
2969 2159 3322 2230 Symeouem.
3378 2158 3585 2229 angelis

2000 2251 2264 2321 utrinque
2310 2251 2539 2322 fulgenti
2579 2253 2632 2306 in
2668 2263 2819 2306 veste
2864 2251 3223 2322 stipantibus,
3250 2251 3460 2321 palmca
3488 2265 3585 2304 sua

1997 2355 2163 2409 quant
2212 2356 2375 2395 manu
2411 2340 2635 2394 tenebat
2662 2340 2813 2410 virga
2858 2340 3168 2409 signantem
3219 2339 3387 2408 pedes
3416 2338 3584 2403 illius,

1997 2431 2460 2501 tnaudantcmque
2493 2440 2553 2486 ut
2586 2441 2793 2500 surgat.
2822 2430 2972 2485 Abiit
3002 2430 3183 2486 dulcis
3212 2430 3302 2483 ille
3335 2445 3583 2494 somnus,

1995 2533 2052 2580 et
2092 2535 2442 2595 persanatum
2478 2525 2756 2578 hominem
2788 2524 3012 2593 reliquit
3044 2542 3057 2576 :
3096 2522 3354 2592 quodque
3404 2523 3580 2578 visunt

1997 2616 2196 2677 fuerat,
2227 2614 2429 2670 factum
2454 2625 2594 2682 erat,
2623 2626 2679 2671 ct
2722 2616 3125 2686 apparitionem
3154 2616 3360 2670 veritas
3394 2624 3582 2671 secuta

1996 2717 2101 2765 est.
2147 2710 2387 2765 Joannes
2419 2710 2607 2780 igitur,
2645 2711 2739 2779 qui
2772 2710 2985 2780 pridem
3017 2726 3128 2765 non
3160 2711 3332 2780 magis
3364 2710 3584 2766 mobilis

1995 2810 2115 2854 erat
2147 2817 2311 2872 quam
2341 2801 2579 2857 lectulus
2605 2817 2715 2872 quo
2745 2801 3048 2867 ferebatur,
3076 2802 3355 2857 curriculo
3390 2801 3459 2856 ad
3489 2817 3585 2857 co-

1996 2893 2241 2949 lumnam
2292 2895 2532 2962 advolat,
2588 2895 2852 2951 nuntians
2880 2912 3005 2951 cum
3042 2895 3430 2959 admiratione,
3462 2910 3587 2965 qua:

1996 2986 2103 3042 sibi
2135 2985 2277 3043 facta
2306 2995 2467 3043 erant
2492 3005 2505 3055 ;
2542 2997 2599 3044 et
2632 3004 2731 3059 per
2758 2990 3118 3044 monastiCam
3142 2989 3310 3043 vitam
3336 2988 3425 3042 hic
3450 3003 3587 3057 ψιθ-

2000 3095 2109 3150 que
2134 3080 2247 3135 Deo
2272 3095 2330 3136 se
2351 3080 2638 3147 dedicans,
2676 3081 3033 3153 gratitudinis
3062 3083 3185 3138 loco
3214 3097 3272 3137 se
3305 3097 3405 3152 pro
3433 3089 3586 3137 tanto

2002 3173 2274 3231 beneficio
2316 3175 2596 3231 retribuit.

2069 3268 2196 3321 245.
2238 3267 2406 3337 Virgo
2440 3267 2712 3338 quaedam,
2763 3269 2850 3324 cui
2895 3284 3096 3324 nomen
3123 3268 3434 3326 Thesebsia
3459 3311 3472 3332 ,
3508 3271 3581 3322 ab

2002 3357 2364 3415 infestissimo
2406 3360 2654 3416 dzemone
2683 3376 2825 3432 saepe
2853 3363 2933 3417 sic
2963 3370 3297 3441 Oppugnata,
3325 3369 3386 3415 ut
3420 3363 3586 3417 etiam

2002 3447 2057 3502 in
2107 3461 2304 3517 aquam
2357 3464 2605 3519 princeps
2653 3450 2906 3517 daretur,
2943 3451 3346 3523 imaginabatur
3387 3451 3492 3506 sibi
3529 3468 3588 3505 se

1999 3539 2191 3595 videre
2225 3551 2476 3594 sanctum
2516 3542 2868 3613 Symeonem,
2891 3552 3210 3598 evocantem
3246 3544 3392 3597 illam
3423 3543 3589 3597 domo

2002 3629 2095 3685 ubi
2147 3632 2426 3695 manebat,
2463 3633 2531 3687 ad
2575 3648 2633 3687 se
2663 3649 2679 3689 :
2710 3634 3037 3704 curavitque
3081 3633 3230 3704 quod
3262 3633 3502 3697 viderat,
3531 3642 3591 3688 ut

2000 3735 2169 3790 opere
2214 3732 2630 3792 exsequeretur.
2677 3723 2815 3779 Cum
2852 3734 2985 3779 vero
3010 3726 3120 3795 jam
3150 3725 3344 3779 oculos
3376 3724 3429 3778 in
3458 3739 3589 3779 san-

2000 3819 2152 3867 ctum
2208 3813 2539 3880 intenderet,
2572 3810 2712 3871 vidit
2740 3817 2896 3888 quasi
2946 3817 3131 3889 fulgur
3171 3816 3394 3887 aliquod
3437 3817 3590 3873 absi-

2000 3912 2147 3959 stere
2182 3923 2212 3959 a
2257 3906 2397 3961 facie
2443 3908 2563 3977 ejus
2610 3908 2926 3978 :malignus
2971 3916 3155 3964 autem
3202 3909 3432 3980 spiritus
3480 3909 3589 3965 latc

2000 3998 2185 4051 omnia
2245 3999 2484 4053 tumultu
2539 4015 2602 4054 ac
2644 3999 3041 4056 vociferatione
3087 4001 3405 4072 complevit,
3446 4001 3591 4057 ferre

2001 4088 2274 4157 nequiens
2328 4091 2646 4160 propiorem
2703 4092 2807 4145 viri
2869 4092 3045 4148 sancti
3112 4109 3472 4165 congressum
3532 4105 3591 4149 et

2000 4180 2232 4249 gratiam
2283 4180 2525 4251 Spiritus
2567 4184 2777 4250 sancti;
2824 4183 2918 4239 sed
2957 4185 3261 4239 conabatur
3300 4186 3429 4240 totis
3460 4185 3592 4240 viri-

2002 4270 2109 4325 bus
2158 4271 2287 4326 inde
2336 4272 2556 4343 longius
2611 4275 2895 4344 aufugere.
2954 4275 3093 4330 Tum
3128 4277 3303 4348 virgo,
3354 4277 3507 4331 velut
3558 4290 3589 4329 a

2003 4363 2262 4443 sensibus
2319 4364 2579 4430 abducta,
2632 4366 2985 4437 conspicatur
3016 4378 3290 4431 sanctum,
3335 4366 3590 4439 injicien-

244 4510 252 4514 _
311 4458 573 4529 περιϐολὴ
595 4459 651 4511 δὲ
672 4458 751 4530 τῷ
785 4462 925 4530 ἁγίῳ
956 4462 1070 4531 φῶς
1101 4458 1170 4534 ἦν
1198 4464 1293 4517 καὶ
1327 4465 1593 4534 στέφανος
1623 4467 1766 4538 ὑπὲρ
1798 4484 1894 4520 κε-

2007 4462 2113 4508 tcm
2135 4454 2369 4510 dzemoni
2399 4457 2654 4512 vincula:
2688 4467 2806 4513 erat
2831 4468 3015 4515 autem
3043 4461 3279 4516 amictus
3300 4461 3420 4516 viro
3446 4469 3594 4514 totus

310 4548 505 4617 φαλῆς,
542 4550 634 4601 ἐπὶ
661 4550 718 4603 δὲ
749 4550 826 4621 τῷ
855 4552 1103 4621 στεφάνῳ
1135 4556 1388 4625 σταυρὸς,
1416 4550 1529 4619 οἷος
1557 4557 1722 4611 αὐτὸν
1753 4559 1781 4610 ὁ
1808 4557 1900 4611 λό-

307 4659 404 4710 γος
433 4641 724 4712 προλαόὼν
750 4641 1010 4712 ἔγραψεν.
1046 4644 1117 4697 ’Ἡ
1145 4648 1246 4714 τῆς
1276 4649 1339 4700 ἐκ
1370 4647 1464 4701 τοῦ
1494 4649 1746 4720 δαίμονος
1774 4651 1898 4704 τότε

314 4734 512 4803 μανίας
538 4734 934 4803 ἀπαλλαγεῖσα,
972 4736 1169 4806 σεμνόν
1190 4754 1249 4790 τε
1271 4739 1365 4791 καὶ
1397 4738 1652 4810 σώφρονα
1676 4741 1791 4812 βίον
1809 4740 1899 4797 διὰ

304 4827 497 4889 τέλους
540 4826 690 4889 ὲὸίω,
729 4826 934 4897 ταύτην
971 4826 1091 4898 Θεῷ
1129 4831 1221 4882 καὶ
1268 4830 1345 4901 τῷ
1398 4832 1620 4901 Συμεὼν
1662 4834 1898 4906 ἀμοιϐὴν

307 4917 832 4985 ἁντεισενεγκοῦσα·
886 4911 919 4994 ᾖ
960 4920 1054 4971 καὶ
1091 4920 1281 4983 νυκτὸς
1323 4922 1523 4993 ὄνειροι
1562 4923 1656 4977 τοῦ
1707 4922 1897 4978 λοιποῦ

309 5010 551 5081 συνεχῶς
586 5009 899 5080 ἐχαρίζοντο
930 5012 1228 5080 φαντασίαν
1262 5010 1436 5082 δίκεως
1490 5014 1627 5086 αὐτῇ
1673 5016 1767 5070 τοῦ
1798 5016 1899 5070 Συ-

310 5100 460 5172 μεὼν
488 5102 798 5168 ἐνδιδόντες,
827 5105 890 5173 τῇ
919 5103 1037 5175 ὄψει
1070 5104 1126 5158 δὲ
1160 5106 1474 5174 παραδόξως
1503 5110 1596 5161 καὶ
1624 5107 1772 5170 θείας
1806 5108 1899 5163 σὺ·

308 5194 478 5258 ωδίας
502 5196 911 5268 παρεπομένης.

387 5458 542 5523 σμςθ.
573 5454 809 5508 Κάκεῖνο
836 5455 890 5510 δὲ
917 5456 1025 5511 τῶν
1062 5463 1477 5531 προειρημένων
1510 5467 1608 5519 οὐκ
1639 5468 1858 5524 ἔλαττον
1883 5487 1896 5501 ⁵

323 5540 492 5608 ’Δνήρ
529 5561 615 5609 τις
656 5547 749 5599 τὸν
779 5546 967 5616 ἓτερον
1003 5551 1111 5604 τῶν
1146 5554 1324 5607 ποδῶν
1356 5557 1583 5622 πολλοὺς
1626 5561 1726 5632 ἤδη
1769 5564 1899 5633 χρό-

312 5647 436 5696 νους
465 5638 880 5706 πεπηρωμένος,
898 5639 973 5703 ὡς
1002 5640 1097 5694 καὶ
1121 5642 1310 5698 τούτου
1348 5651 1694 5705 παντάπασιν
1727 5653 1901 5727 ἀχρή-

314 5738 457 5789 στως
498 5725 642 5797 ἔχειν
686 5729 781 5782 καὶ
828 5731 1122 5801 ἀνονήτως,
1168 5734 1449 5809 ὑποζυγίῳ
1501 5742 1700 5817 φόρτος
1745 5725 1899 5819 παρὰ

557 5818 834 5880 ΡΑτιιοι..
876 5822 993 5883 (in.
1060 5825 1396 5891 LXXXVI.

2003 4545 2244 4611 lucidus,
2280 4548 2337 4602 in
2364 4549 2545 4619 capite
2581 4566 2807 4618 corona,
2851 4567 3014 4622 supra
3045 4569 3208 4622 quam
3243 4562 3592 4609 sacrosanCta

2002 4653 2168 4705 crux;
2194 4640 2414 4710 qttalem
2440 4643 2618 4713 ipsum
2646 4661 2810 4714 supra
2837 4646 3019 4701 oratio
3045 4655 3234 4700 nostra
3260 4646 3587 4715 descripsit:

2000 4732 2057 4783 et
2092 4731 2286 4786 eodem
2319 4741 2567 4804 tempore
2606 4735 2877 4792 diemonis
2924 4737 3118 4793 furore
3154 4738 3327 4792 libera
3376 4738 3497 4799 fuit,
3532 4747 3591 4791 et

2001 4832 2206 4878 castam
2234 4824 2588 4895 sobriamque
2617 4826 2809 4892 vitam,
2837 4830 3053 4898 qualem
3086 4828 3287 4883 deinde
3310 4828 3443 4898 egit.
3474 4828 3587 4882 Deo

2002 4922 2169 4986 atque
2227 4916 2485 4987 Symeoni
2523 4919 2988 4973 remunerationis
3039 4920 3162 4974 loco
3216 4919 3585 4975 consecravit.

2005 5005 2117 5061 Hac
2147 5016 2333 5062 autem
2366 5007 2601 5063 durante
2636 5009 2868 5080 singulis
2901 5008 3015 5064 fere
3050 5011 3309 5066 noctibus
3361 5011 3590 5067 reduce~

2002 5096 2207 5152 bantur
2242 5115 2342 5169 per
2380 5100 2622 5170 quietem
2671 5101 2919 5169 ejusdem
2971 5103 3184 5171 species
3215 5102 3468 5167 visionis,
3498 5102 3590 5174 Sy-

2002 5203 2256 5245 meonem
2295 5192 2766 5262 repraesentantis,
2798 5194 3224 5265 exbibentisque
3255 5194 3588 5250 beneficium

2004 5279 2296 5347 collatum;
2350 5291 2619 5352 sequente
2654 5280 2826 5338 ~etiam
2878 5285 3423 5355 reprtesentationem
3475 5301 3588 5341 non

2000 5382 2318 5443 exspectata
2359 5372 2552 5429 odoris
2598 5374 2775 5432 divini
2816 5376 3135 5447 fragrantia.

2070 5465 2196 5520 246.
2238 5466 2380 5521 lllud
2415 5467 2657 5540 denique
2704 5471 2818 5542 jam
2853 5471 3016 5527 dictis
3067 5488 3176 5527 non
3206 5482 3292 5529 est
3331 5470 3584 5529 inferius.

2005 5556 2102 5612 Vir
2135 5558 2358 5630 quidam
2404 5560 2639 5617 alterum
2688 5562 2884 5633 pedem
2936 5563 3156 5619 diutino
3198 5573 3442 5634 tempore
3498 5563 3588 5619 in-

2004 5648 2341 5703 flammatum
2389 5666 2610 5719 gerens,
2636 5654 2886 5725 nullique
2915 5655 3144 5710 omnino
3176 5656 3299 5709 usui
3355 5664 3587 5724 aptum;

2004 5744 2297 5800 dnssuario
2322 5744 2633 5815 impositus,
2694 5748 2761 5802 ad
2794 5751 2970 5805 virum
3009 5762 3263 5805 sanctum
3321 5750 3589 5808 advectus

3129 5845 3236 5906 101
