4078 6390
479 311 619 380 8211

1682 309 1743 369 S.
1781 307 2160 371 SYMEONIS
2196 309 2557 373 IUNIORIS

3606 312 3753 378 321?.

479 436 592 492 est,
617 422 817 479 allecto
841 420 991 493 pedi,
1026 426 1087 474 ut
1111 418 1392 490 sperabat,
1420 416 1671 471 levamen
1705 415 1929 486 aliquod
1960 417 2054 471 im-

2169 419 2260 471 τὸν
2290 419 2432 474 θεῖον
2457 421 2624 493 ἄνδρα
2643 421 2830 476 τοῦτον
2852 424 3106 494 ἀνήγετο,
3124 423 3263 477 ὥστε
3279 424 3421 486 τινὸς
3448 428 3629 494 τυχεῖν
3656 428 3751 477 ἐπι

481 524 826 588 petraturus.
849 513 955 569 Sed
971 512 1333 568 concussione
1356 509 1521 564 nimia
1545 504 1806 578 jumenti,
1832 509 1906 562 ita
1928 508 2066 562 alter

485 622 709 678 quoque
736 622 832 677 pes
859 605 1082 660 attritus
1107 611 1214 669 est,
1250 610 1311 657 ut
1334 601 1509 678 priori
1540 600 1749 664 dolore,
1798 600 1886 654 cui
1918 600 2066 654 leva-
2119 628 2123 634 -

488 715 618 754 men
636 698 972 768 quassiturus
995 694 1275 760 veniebat,
1309 674 1718 748 intolerabilior
1758 706 1937 745 novus
1966 690 2066 745 do-

488 792 575 844 lor
610 790 774 844 foret.
812 788 1032 842 Positus
1066 787 1236 858 igitur
1269 793 1394 839 ante
1423 784 1760 847 columnam,
1790 798 1926 852 quas
1953 798 2064 836 non

486 880 671 935 emisit
698 892 861 932 voces
895 887 990 931 aut
1024 877 1209 947 potius
1262 876 1444 930 fontes
1488 875 1895 946 lacrymarum!
1955 873 2064 928 Ne-

485 973 667 1027 sciens
694 979 875 1023 utram
928 970 1084 1039 prius
1140 977 1385 1039 gemeret
1440 967 1829 1029 calamitatem,
1890 965 2063 1035 magis

482 1059 648 1113 etiam
675 1057 898 1129 ignarus
918 1058 1050 1127 quid
1083 1057 1301 1127 utrique
1332 1056 1675 1126 potissimum
1711 1054 1940 1109 remedii
1962 1054 2061 1108 ad-

487 1150 754 1204 hiberet:
815 1149 911 1219 qui
951 1149 1101 1203 enim
1142 1149 1467 1216 nequiverat
1494 1146 1729 1201 tolerare
1752 1145 2062 1199 cruciatum

484 1240 751 1310 priorem,
804 1240 979 1293 multo
1027 1240 1141 1308 jam
1170 1239 1479 1308 graviorem
1528 1236 1807 1291 sentiebat
1864 1251 2063 1290 secun-

482 1329 613 1383 dum
640 1346 654 1382 :
693 1327 1158 1396 quemadmodum
1191 1328 1455 1397 majorem
1476 1325 1675 1380 all'erre
1696 1325 1781 1379 vel
1814 1324 2059 1379 dolorem

481 1418 566 1473 vel
592 1420 878 1489 gaudium,
911 1425 1074 1487 prout
1113 1416 1254 1472 forte
1278 1433 1364 1473 res
1395 1433 1455 1472 se
1491 1416 1776 1481 habuerit,
1826 1416 1917 1469 illa
1972 1430 2061 1470 so-

479 1514 596 1567 lent
625 1526 747 1580 qua:
771 1518 898 1564 sunt
927 1509 1250 1564 recentiora.
1274 1506 1411 1573 Quia
1454 1515 1640 1561 autem
1690 1506 1864 1559 altero
1922 1503 2059 1574 pede

479 1602 782 1673 aliquando
811 1609 973 1657 utens
1001 1611 1200 1655 neutro
1227 1614 1375 1654 nunc
1395 1600 1652 1654 insistere
1696 1606 1937 1668 poterat,
1972 1596 2057 1651 in-

482 1695 785 1751 tolerabilis
806 1694 855 1748 ei
881 1694 1039 1748 dolor
1066 1692 1379 1756 videbatur,
1417 1706 1594 1760 eoque
1625 1689 1847 1760 gravior
1886 1686 2056 1758 quod,

2173 509 2253 578 τῷ
2277 510 2394 563 ποδὶ
2416 510 2733 581 θεραπείας.
2751 514 3206 585 Ἀποσεισαμένου
3229 515 3287 568 δὲ
3314 515 3558 586 σφοδρῶς
3586 516 3750 569 αὑτὸν

2176 599 2270 653 τοῦ
2304 602 2623 671 ὑποζυγίου,
2659 603 2975 676 σύντριμμα
3012 608 3105 660 καὶ
3134 607 3225 659 τὸν
3253 607 3440 678 ἕτερον
3483 607 3749 675 ἐγεγόνεε,

2172 688 2249 752 ὡς
2279 686 2417 743 εἶναι
2442 692 2536 745 τοῦ
2562 694 2828 765 προτέρου
2863 694 3084 760 πάθους,
3107 689 3168 749 οὗ
3196 696 3354 765 χάριν
3376 696 3750 764 ἀνεκομίζετο,

2174 782 2499 852 πικρότερον
2529 783 2590 836 τὸ
2625 785 2819 855 παρόν.
2864 786 2907 838 Τ
2916 787 2988 838 ιθζ
2998 804 3087 839 ασι
3118 788 3298 839 τοίνυν
3328 786 3489 838 αὑτὸν
3522 786 3626 856 πρὸ
3655 789 3749 839 τοῦ

2172 873 2387 937 στύλου,
2419 875 2570 937 τίνας
2594 876 2694 928 οὐκ
2720 877 2946 945 ἀφιέντα
2974 877 3176 947 φωνὰς,
3201 878 3233 948 ἦ
3265 876 3516 948 δακρύων
3549 878 3753 948 μᾶλλον

2173 964 2387 1033 πηγάς;
2415 966 2686 1036 προτέραν
2716 969 2816 1022 οὐκ
2856 967 3045 1038 ἔχοντα
3078 970 3314 1038 ποτέραν
3354 969 3613 1038 πενθήσει
3643 971 3752 1022 τῶν

2176 1058 2491 1128 συμφορῶν,
2552 1061 2751 1128 μᾶλλον
2796 1060 2853 1114 δὲ
2906 1062 2956 1113 τί
2994 1079 3122 1114 ποτε
3169 1061 3277 1130 ἄρα
3316 1064 3452 1132 πρὶς
3487 1064 3754 1132 ἐκατέραι

2172 1147 2350 1218 ἐαυτῷ
2391 1148 2690 1219 χρήσεται*
2727 1153 2889 1205 ὁπότε
2919 1151 3017 1231 τὴν
3047 1152 3318 1224 προτέραν
3356 1155 3418 1205 οὐ
3456 1153 3754 1223 δυνάμενος

2171 1239 2375 1311 φέρειν,
2437 1238 2712 1312 βαρυτέρᾳ
2745 1244 2981 1314 κέχρητο
3037 1243 3214 1314 πολλῴ
3255 1247 3319 1315 τῇ
3362 1245 3611 1315 δευτέρᾳ,
3639 1246 3751 1316 ὅσῳ

2169 1329 2266 1382 καὶ
2312 1329 2476 1385 πλέον
2504 1333 2716 1397 λυπεῖν,
2753 1332 2785 1403 ἢ
2827 1332 2989 1386 πάλιν
3029 1334 3339 1404 εὐφραίνειν
3380 1334 3652 1404 ὁποτέρως
3684 1335 3751 1387 ἂν

2168 1419 2361 1489 ἔχοντα
2406 1423 2579 1493 τύχοι,
2630 1426 2701 1477 τὰ
2738 1422 2977 1493 νεώτερα
3010 1420 3170 1477 οἶδεν.
3222 1423 3411 1477 Ὁπότε
3448 1424 3505 1476 δὲ
3547 1424 3750 1492 μᾶλλον

2167 1512 2263 1563 καὶ
2309 1511 2519 1584 θατέρῳ
2565 1516 2676 1568 τοῖν
2704 1514 2881 1568 ποδοῖν
2916 1513 3218 1585 χρώμενος,
3246 1516 3316 1594 ὀὐ
3350 1515 3602 1585 φορητῶς
3633 1512 3749 1585 εἶχε

2165 1601 2261 1655 τοῦ
2301 1604 2525 1671 πάθους,
2586 1605 2866 1677 μηδετέρῳ
2926 1605 3021 1659 νῦν
3069 1606 3284 1659 δύναιτο
3328 1605 3602 1676 χρῆσθαι·
3653 1607 3749 1659 nati.

2166 1697 2196 1748 ὃ
2218 1712 2280 1765 γε
2312 1698 2475 1750 πάλιν
2502 1697 2821 1768 δεινότερον,
2859 1699 2941 1751 ὃτι
2972 1699 3061 1751 διὰ
3088 1697 3149 1750 τὸ
3177 1698 3276 1768 τὴν
3308 1698 3580 1769 προτέραν
3610 1699 3751 1750 ἀπο-
3792 1738 3798 1743 .

481 1790 613 1844 dum
647 1788 741 1842 uni
779 1786 1075 1842 calamitati
1100 1785 1384 1855 quaerebat
1428 1784 1699 1849 levamen,
1747 1781 2053 1837 secundam

2158 1784 2344 1838 θέσθαι
2394 1787 2489 1839 καὶ
2535 1788 2568 1855 ἠ
2618 1785 2847 1856 δευτέρα
2881 1786 3251 1855 προστέθειτο.
3293 1785 3479 1839 Ταῦτα
3535 1786 3628 1839 καὶ
3676 1787 3748 1839 τὰ

490 1880 818 1935 incurrerit.
848 1879 988 1933 Dum
1037 1878 1153 1933 hate
1188 1884 1245 1931 et
1303 1875 1392 1930 liis
1446 1875 1649 1929 similia
1700 1872 2059 1928 acerbissime

480 1974 817 2028 lamentatur
847 1970 1015 2024 homo
1045 1969 1137 2023 ille
1167 2008 1182 2033 ,
1217 1966 1544 2023 existimans
1564 1965 1802 2036 Symeon
1851 1979 2059 2033 nequa-

480 2080 647 2136 quam
681 2061 1188 2119 essebumanitatis
1214 2074 1326 2114 sure
1376 2059 1556 2128 ipsum
1613 2055 1923 2125 despicere,
1972 2068 2060 2108 sa-

481 2165 801 2212 crosanctas
831 2169 1028 2209 manus
1057 2167 1187 2207 suas
1220 2166 1320 2221 pro
1358 2150 1454 2204 illo
1483 2149 1550 2203 ad
1604 2149 1775 2203 Deum
1804 2147 1969 2211 tollit,
2005 2156 2061 2200 et

479 2248 668 2304 statim
693 2246 838 2317 (quis
868 2256 1037 2308 tuam,
1090 2243 1323 2297 Domine
1374 2242 1528 2306 Jesu,
1576 2239 1880 2310 potentiam
1927 2242 2064 2294 cele-

479 2336 664 2405 bret?)
688 2334 957 2390 ambobus
982 2332 1217 2403 pedibus
1248 2333 1321 2386 ita
1341 2330 1585 2385 extensis
1601 2345 1663 2384 ac
1684 2330 1729 2384 si
1759 2329 2058 2383 multorum

480 2427 740 2481 manibus
795 2423 1029 2480 extracti
1060 2421 1320 2486 fuissent,
1370 2430 1601 2490 repente
1650 2420 1703 2473 in
1758 2429 2057 2489 conspectu

481 2519 756 2580 omnium,
793 2514 1305 2572 commiserantium
1340 2527 1405 2567 ac
1461 2512 1627 2568 simul
1658 2510 1986 2573 dolentium,
2027 2523 2058 2564 e

480 2621 631 2680 terra
654 2623 906 2681 surgens,
935 2605 1276 2662 conﬁrmatis
1301 2603 1537 2674 pedibus
1563 2611 1709 2658 recte
1740 2601 2052 2657 incedebat.

2158 1872 2383 1927 τοιαῦτα
2429 1875 2641 1946 πικρῶς
2685 1875 3032 1945 ὀδυρόμενον,
3068 1875 3333 1944 περιιδεῖν
3364 1875 3749 1945 φιλάνθρωπον

2158 1960 2411 2032 οὐδαμῶς
2443 1965 2472 2015 ὁ
2517 1962 2658 2026 θεῖος
2694 1960 2918 2032 Συμεὼν
2943 1964 3063 2016 οὐδὲ
3098 1965 3380 2033 συμπαθὲς
3416 1965 3743 2035 ἡγούμενοῖ,

2156 2054 2308 2116 ὁσίας
2336 2054 2476 2126 ὑπὲρ
2508 2054 2675 2108 αὐτοῦ
2717 2054 2835 2124 Θεῷ
2862 2057 3049 2125 χεῖρας
3078 2055 3246 2126 αἴρει,
3279 2057 3372 2109 καὶ
3402 2060 3747 2128 παραχρῆμα

2162 2145 2269 2215 (τίς
2296 2144 2392 2198 σοῦ
2412 2147 2511 2210 τὰς
2529 2147 2870 2211 δυναστείας,
2906 2148 3130 2215 Χριστέ,
3162 2148 3506 2219 smmum;
3527 2148 3545 2221 )
3570 2151 3747 2204 καθὰ-

2162 2255 2267 2308 περ
2299 2239 2405 2291 ὑπὸ
2441 2238 2679 2309 πλήθους
2706 2238 2904 2309 χειρῶν
2931 2241 3219 2303 ἑλκόντων,
3261 2240 3433 2304 οὕτως
3462 2243 3609 2315 αὐτῷ
3637 2261 3745 2296 πο·-

2159 2329 2265 2381 δῶν
2299 2329 2578 2398 ἑκατέρων
2613 2329 2991 2395 διαταθέντων,
3038 2331 3233 2400 ἁθρόον
3274 2333 3368 2386 τοῦ
3410 2335 3640 2403 ἐδάφους
3683 2339 3745 2388 ἐν

2159 2418 2458 2487 ὀφθαλμοῖς
2493 2420 2768 2481 ἁπάντων,
2797 2423 2908 2484 τοῖς
2942 2422 3089 2491 αὐτῷ
3119 2422 3212 2474 καὶ
3243 2424 3619 2493 συί-πάσχουσι
3646 2423 3747 2477 καὶ

2160 2507 2508 2575 συναλγοῦσι,
2540 2508 2853 2576 διαναστὰς,
2900 2511 3036 2582 ὀρθὰ
3072 2511 3273 2581 βαίνων
3316 2511 3410 2587 ἦν,
3459 2515 3549 2569 καὶ
3581 2515 3747 2569 ποσὶν

2160 2602 2493 2671 ἐρρωμένοις
2529 2601 2831 2671 χρώμενος.

1885 2714 2111 2770 CAPUT
2152 2714 2346 2770 XXXI.

1615 2827 1842 2882 Sanctus
1890 2828 2061 2881 sancti
2094 2826 2368 2899 Symcom’s
2418 2832 2609 2885 obitus.

545 2953 673 3008 247.
714 2950 955 3021 Tempus
1005 2948 1114 3004 viri
1169 2945 1342 3004 sancti
1397 2944 1660 3021 miracula
1710 2950 2048 3005 narrantem,

479 3042 631 3114 prius
659 3018 881 3095 deﬁciet
916 3053 1082 3110 quam
1104 3037 1224 3092 haec
1267 3036 1406 3105 ipsa,
1462 3034 1509 3088 si
1576 3018 1760 3087 oinnia
1819 3031 2049 3085 voluero

2230 2946 2373 3013 σμζῗ.
2414 2947 2713 3018 Ἐπιλείψει
2748 2966 2813 3018 με
2876 2950 3010 3020 πρδς
3040 2951 3293 3021 διήγησιν
3342 2950 3454 3006 τῶν
3497 2951 3592 3007 τοῦ
3639 2954 3749 3010 ἁνι-

2157 3034 2279 3105 δρὺς
2310 3035 2629 3102 θαυμασίων
2651 3041 2678 3091 ὁ
2711 3042 2924 3107 χρῦνος.
2956 3041 2988 3112 ἦ
3018 3043 3190 3095 ταῦτα
3217 3044 3439 3112 μᾶλλον,
3470 3047 3519 3098 εί
3561 3049 3750 3103 πάντα

478 3109 852 3204 particulatim
878 3143 1196 3193 recensere,
1233 3142 1356 3196 quae
1388 3126 1476 3180 vel
1506 3125 1685 3195 palam
1736 3132 1793 3179 et
1841 3124 2051 3189 multis,

2160 3126 2299 3178 κατὰ
2353 3128 2518 3197 μέρος
2565 3109 3002 3200 ἀπαριθμεῖςθαί
3037 3109 3349 3204 βουλοίμην,
3386 3138 3446 3190 οὐ
3474 3136 3542 3189 τὰ
3582 3144 3745 3211 κοινῇ

478 3225 566 3281 vel
584 3240 706 3296 quae
732 3222 989 3292 privatim
1021 3229 1077 3275 et
1108 3218 1341 3290 singulis
1378 3216 1518 3272 facta
1540 3224 1700 3271 sunt:
1731 3232 1855 3271 cum
1886 3216 2054 3271 etiam

476 3326 600 3387 post
623 3316 838 3371 obitum
877 3315 1026 3369 illius
1058 3309 1332 3383 prodigia,
1383 3307 1713 3378 perennium
1754 3307 2053 3361 ﬂuviorum

478 3410 665 3463 fontes
712 3406 1011 3472 imitantia,
1044 3404 1103 3458 in
1148 3400 1482 3456 hodiernum
1525 3412 1700 3469 usque
1748 3396 1893 3452 diem
1927 3409 2056 3466 per-

475 3499 698 3563 durent,
724 3513 901 3567 eaque
924 3503 1033 3550 tam
1061 3493 1307 3564 copiosa,
1340 3498 1402 3546 ut
1424 3506 1547 3571 qua;
1574 3487 2053 3561 praetermittimus

473 3608 586 3648 non
638 3591 900 3661 pauciora
940 3589 1053 3644 sint
1083 3602 1247 3658 quam
1292 3600 1415 3656 quas
1467 3583 1780 3639 retulimus.
1859 3579 1930 3635 Ut
1981 3593 2051 3633 ne

475 3688 660 3756 itaque
691 3680 1005 3755 adjiciendo
1035 3681 1195 3751 plura
1243 3678 1554 3733 satietatem
1595 3670 1911 3743 legentibus
1952 3678 2049 3724 aut

474 3774 924 3847 defatigationem
987 3773 1327 3843 ingeramus,
1390 3783 1455 3822 ac
1488 3764 1646 3820 multi
1693 3762 1862 3817 etiam
1919 3776 2050 3830 pro-

472 3876 595 3941 pter
610 3866 1045 3939 magnitudinem
1075 3864 1388 3918 detrectent
1424 3858 1627 3917 librum
1665 3855 1879 3923 legere;
1911 3867 2051 3920 prae-

476 3968 758 4015 tereuntes
781 3956 1002 4013 silentio
1024 3970 1147 4026 quae
1172 3953 1437 4020 deinceps
1462 3946 1817 4016 contigerunt
1864 3943 2049 3997 omnia

474 4051 698 4119 (quanta
742 4047 955 4104 scilicet
985 4054 1485 4115 energumenorum
1518 4045 1633 4091 tum
1656 4035 1900 4089 virorum
1933 4040 2048 4086 tum

472 4142 809 4206 mulierum;
840 4148 1045 4210 quanta
1097 4131 1550 4206 hydropicorum,
1601 4125 2051 4196 paralyticorum-

472 4232 875 4303 quemanibus,
916 4229 1170 4299 pedibus,
1224 4221 1401 4277 oculis
1462 4227 1788 4289 captorum;
1841 4224 2046 4287 quanta

470 4325 592 4382 aliis
615 4324 903 4381 doloribus
935 4337 1000 4377 ac
1032 4312 1450 4373 inﬁrmitatibus
1502 4325 1818 4383 pressorum
1886 4308 2047 4362 turba

2158 3215 2254 3267 καὶ
2286 3217 2366 3277 εἰς
2407 3216 2637 3280 πολλοὺς
2674 3219 2857 3288 μόνον,
2891 3220 3026 3274 ἀλλὰ
3059 3222 3153 3275 καὶ
3184 3222 3253 3274 τὰ
3285 3223 3618 3279 καθέκαστον
3642 3230 3750 3281 καὶ

2159 3306 2266 3376 ἰδίᾳ
2295 3308 2637 3377 γεγενημένα
2668 3326 2683 3341 ο
2735 3313 2897 3365 ὁπότε
2943 3314 3038 3367 καὶ
3068 3315 3205 3383 μετὰ
3234 3314 3386 3378 τέλος
3420 3318 3567 3388 αὐτῷ
3609 3320 3749 3373 ἄεν-

2156 3398 2317 3461 νάους
2364 3400 2621 3470 ποταμῶν
2650 3404 2727 3466 είς
2756 3402 2916 3473 δεῦρο
2944 3406 3012 3459 τὰ
3060 3405 3313 3474 θαύματα
3358 3412 3608 3477 μιμεῖται
3631 3428 3749 3479 πη-

2154 3488 2277 3556 γὰς,
2305 3489 2380 3553 ὡς
2422 3488 2561 3544 εἶναι
2601 3493 2710 3545 τῶν
2738 3495 3053 3566 εἰρημένων
3080 3497 3179 3550 οὐκ
3211 3497 3419 3552 ἐλάττω
3447 3500 3515 3551 τὰ
3545 3517 3753 3570 παρει-

2156 3581 2291 3651 μένα
2321 3583 2419 3636 ”1ν’
2438 3583 2530 3637 οὖν
2630 3586 2640 3605 ‘
2741 3586 2755 3598 “
2806 3588 2819 3623 ί
3152 3607 3181 3620 ι’
3221 3607 3243 3619 ⁸
3337 3591 3351 3610 ⁹
3684 3596 3709 3609 "

2301 3623 2314 3636 .
2583 3604 2658 3657 μη
2697 3604 2868 3640 πλέω
2915 3590 3263 3659 προσθέν.ε,,
3298 3608 3397 3660 ουχ
3431 3591 3578 3656 ὅπως
3620 3610 3748 3657 τοις

2152 3673 2582 3741 ἀναγινώσκουσι
2597 3677 2778 3747 κόρον,
2794 3678 2929 3731 ἀλλὰ
2948 3681 3039 3732 καὶ
3057 3681 3301 3751 κάματον
3316 3683 3745 3754 ἐμποιήσωμιεη⁹

2151 3765 2199 3817 οἱ
2226 3764 2408 3819 πολλοὶ
2436 3768 2492 3820 δὲ
2522 3769 2615 3821 καὶ
2668 3769 2804 3847 πρὸς
2831 3770 2891 3822 τὸ
2924 3771 3148 3840 μέγεθος
3189 3775 3608 3844 ἀπαγορεύσωσι
3640 3776 3743 3829 τοῦ

2153 3853 2450 3924 βιϐλίου,τὰ
2478 3859 2679 3928 μεταξὺ
2709 3860 2889 3913 πάντα
2920 3863 3208 3933 παρέντες,
3239 3866 3362 3918 ὅσον
3393 3867 3543 3937 αὐτῷ
3564 3866 3745 3935 δηλα-

2149 3948 2213 4018 δὴ
2265 3950 2358 4003 καὶ
2399 3949 2528 4005 ἄλλο
2556 3950 2958 4021 δαιμονῶντων,
2992 3956 3095 4008 οὐκ
3143 3956 3354 4026 ἀνδρῶν
3387 3958 3548 4025 μόνον
3596 3959 3746 4011 ἀλλὰ

2150 4036 2242 4088 καὶ
2297 4039 2569 4104 γυναικῶν
2616 4041 2950 4114 προσαχθείη
2979 4044 3206 4113 πλῆθος,
3239 4045 3363 4099 ὅσον
3398 4046 3746 4117 ὑδεριώντων

2150 4128 2244 4195 καὶ
2288 4131 2657 4200 παρειμένων,
2703 4133 2763 4186 οὐ
2816 4134 2924 4204 μὴν
2981 4135 3115 4188 ἀλλὰ
3162 4137 3255 4189 καὶ
3303 4137 3580 4208 χεῖρας,ἢ
3628 4138 3742 4191 πὸ-

2147 4220 2323 4293 δας,ἢ
2357 4224 2451 4277 καὶ
2500 4225 2809 4295 ὀφθαλμοὺς
2862 4228 3053 4299 πηρῶν
3081 4268 3099 4294 ,
3127 4229 3250 4283 ὅσον
3298 4247 3357 4283 τε
3400 4230 3596 4283 πάθεσι
3637 4235 3744 4287 καὶ

2148 4316 2447 4387 νοσήμασιν
2479 4317 2687 4388 ἑτέροις
2715 4316 3075 4387 πιεζομένων,
3100 4320 3193 4372 καὶ
3220 4320 3350 4391 παρ’
3378 4319 3542 4372 αὑτοῦ
3568 4320 3745 4390 θερα-

471 4418 537 4473 ad
570 4418 747 4489 ipsum
799 4416 986 4476 allata,
1029 4417 1197 4477 atque
1249 4403 1692 4461 incolumitatem
1746 4406 2042 4454 consecuta

2157 4399 2306 4499 πείαν
2356 4404 2766 4499 κομισαμένων,
2799 4405 2876 4475 τῷ
2907 4408 3003 4476 τῆς
3043 4408 3327 4480 παρούσης
3355 4409 3520 4462 αὐτοῦ
3546 4408 3699 4481 ζωῆς

473 4515 543 4569 sit
584 4527 624 4582 ),
646 4529 770 4569 cum
799 4518 946 4567 meta
971 4506 1098 4562 vitae
1124 4501 1272 4557 illius
1296 4499 1582 4570 praesentis
1606 4502 1804 4567 metam
1828 4508 2047 4563 quoque

471 4601 765 4672 scriptioni
803 4598 1053 4668 figamus.

539 4692 664 4748 248.
691 4689 974 4759 Agebatur
995 4683 1161 4754 igitur
1189 4687 1413 4734 sanctus
1459 4675 1696 4745 Symcon
1721 4675 1832 4746 jam
1880 4671 2044 4743 quin-

471 4792 585 4837 tum
622 4778 733 4852 (64)
775 4790 944 4846 supra
983 4768 1449 4841 septuagesimum
1478 4766 1654 4822 aetatis
1670 4780 1782 4820 sua:
1812 4779 2042 4828 annum,

470 4871 731 4942 quintum
753 4879 889 4920 vero
949 4873 1118 4930 supra
1146 4855 1651 4927 quadragesimum,
1707 4871 1773 4911 ex
1823 4870 1934 4926 quo
1986 4856 2041 4909 in

469 4961 709 5015 maxima
761 4955 874 5027 (65)
897 4960 1063 5020 atque
1113 4955 1387 5018 postrema
1453 4947 1708 5003 columna
1773 4953 2032 5026 steterat,

469 5067 597 5108 cum
628 5065 659 5103 a
690 5021 949 5102 familiari
1007 5039 1202 5110 angelo
1248 5039 1454 5095 certior
1506 5039 1684 5095 factus
1736 5021 2040 5110 appropin—

469 5139 700 5214 quantis
723 5135 830 5191 sibi
854 5134 983 5188 vita:
1012 5133 1193 5188 exitus
1215 5177 1230 5197 ,
1270 5134 1323 5188 id
1355 5132 1532 5203 ipsum
1584 5132 1902 5187 convocatis
1959 5128 2046 5183 di-

470 5231 723 5300 scipulis,
750 5225 950 5281 acerbo
982 5224 1298 5280 dolentibus
1356 5240 1633 5291 sermone,
1687 5221 2038 5292 significavit.

470 5323 614 5377 Tum
637 5335 770 5374 vero
793 5318 969 5371 multa
990 5317 1058 5372 de
1098 5316 1480 5372 mandatorum
1511 5315 1828 5371 divinorum
1859 5312 2044 5367 obser-

469 5413 716 5476 vatione,
747 5409 817 5465 de
867 5409 1160 5465 concordia
1182 5417 1237 5463 et
1259 5408 1525 5464 cbaritate
1565 5416 1778 5471 mutua,
1809 5405 1878 5460 de
1918 5419 2045 5474 pro-

552 5565 665 5637 (δι)
695 5563 790 5637 iSic
815 5567 945 5621 anni
973 5565 1041 5621 45
1069 5568 1123 5620 in
1155 5567 1253 5620 hac
1289 5565 1523 5637 maxima
1558 5561 1832 5637 coinmna,
1866 5558 1934 5637 10
1978 5561 2035 5612 in

472 5633 655 5702 casio,
685 5636 720 5690 8
766 5639 822 5691 in
858 5637 1107 5690 columna
1144 5637 1334 5707 pedum
1371 5633 1757 5705 quadraginta,
1792 5634 1824 5683 6
1873 5633 1926 5683 in
1951 5646 2037 5683 co-

477 5716 660 5777 Ιείηιησ
684 5708 928 5778 prima,l
975 5709 1030 5762 in
1071 5707 1388 5762 monasterio
1423 5712 1549 5759 ante
1596 5716 1932 5757 conscensum
1958 5717 2038 5756 co-

2148 4490 2290 4544 τέλει
2323 4491 2413 4544 τὸν
2436 4493 2594 4561 λόγον
2626 4496 3129 4568 συγκαταλύσομεν.

2219 4678 2365 4743 σμη’.
2405 4666 2514 4725 Ἦν
2548 4672 2657 4742 γὰρ
2685 4670 2833 4742 αὐτῷ
2864 4675 2962 4742 τῆς
2997 4671 3215 4740 ἡλικίας
3269 4674 3385 4737 ἔτος
3422 4676 3522 4745 ἤδη
3577 4677 3737 4748 πέμ-

2150 4779 2284 4817 πτον
2320 4763 2415 4835 ἐπὶ
2445 4765 2557 4826 τοῖς
2582 4762 2981 4834 ἐϐδομήκοντα,
3003 4763 3103 4833 τῆς
3130 4763 3174 4816 δ’
3196 4766 3290 4817 ἐπὶ
3333 4765 3424 4818 τοῦ
3461 4767 3730 4835 μεγίστου

2146 4855 2241 4908 καὶ
2303 4853 2616 4908 τελευταίου
2668 4853 2861 4907 στύλου
2916 4854 3160 4918 στάσεως
3205 4856 3457 4926 πέμπτον
3488 4856 3582 4909 ἐπὶ
3609 4863 3734 4924 τοῖς

2142 4945 2553 5015 τεσσαράκοντα
2584 4961 2600 4977 ⁸
2629 4945 2723 4998 τοῦ
2756 4945 3006 4998 συνοίκου
3039 4946 3354 5017 Πνεύματος
3399 4948 3735 5017 ἐγγίζουσαν

2141 5030 2290 5104 αὐτῷ
2311 5035 2411 5105 τὴν
2426 5035 2689 5105 ἐκδημίαν
2709 5036 2806 5106 ἤδη
2835 5035 3223 5108 γνωρίσαντος,
3240 5039 3580 5105 συγκαλέσας
3599 5043 3738 5103 τοὺς

2146 5126 2417 5197 μαθητὰς,
2446 5126 2541 5179 καὶ
2589 5126 2792 5196 ταύτην
2832 5127 2996 5179 πάλιν
3042 5130 3249 5190 ἐκεῖνος
3286 5130 3471 5193 αὐτοῖς
3518 5134 3735 5202 πικρὰν

2143 5218 2362 5289 ἐκείνην
2409 5217 2671 5285 ἀγγελίαν
2727 5219 2998 5289 μηνύσας,
3027 5221 3122 5272 καὶ
3178 5221 3345 5274 πολλὰ
3400 5222 3498 5291 μὲν
3532 5224 3730 5286 αὐτοῖς

2144 5309 2273 5378 περὶ
2302 5310 2399 5379 τῆς
2431 5311 2540 5364 τῶν
2572 5309 2733 5362 θείων
2766 5310 2995 5363 ἐντολῶν
3023 5311 3292 5382 φυλακῆς,
3321 5314 3417 5367 καὶ
3441 5314 3520 5379 είς
3548 5315 3727 5387 sua-

2141 5403 2263 5463 λους
2279 5403 2551 5472 ὁμονοίας,
2583 5403 2678 5455 καὶ
2710 5402 2811 5472 τῆς
2843 5405 2921 5467 εἰς
2950 5403 3043 5457 τὸν
3075 5404 3307 5475 πλησίον
3340 5406 3563 5478 ἀγάπης
3593 5406 3720 5461 δια-

2142 5558 2402 5621 Iumnam,
2438 5556 2471 5611 5
2504 5559 2559 5611 in
2613 5556 2766 5610 domo
2805 5566 3033 5626 paterna
3097 5561 3391 5628 transacti,
3434 5576 3719 5617 numerum

2140 5632 2278 5684 hunc
2305 5628 2400 5699 75_
2430 5642 2694 5699 annorum
2716 5628 2932 5699 praecise
2962 5630 3251 5699 complent.

2214 5698 2327 5771 (d5)
2359 5696 2685 5786 Ergo‘alticr
2703 5696 2945 5786 ,⁷
2959 5696 3193 5779 pedibus.
