4078 6452
316 434 459 501 3213

1334 433 1506 498 VITA
1545 435 1590 493 Α
1629 430 2067 493 NICEPHORO
2112 429 2597 489 CONSCRU‘TA.

3443 427 3583 490 εεξι

316 545 553 618 λεχθεὶς,
591 544 756 600 πολλὰ
785 545 840 598 δὲ
880 542 1011 613 περὶ
1058 545 1375 617 πειρασμῶν
1412 545 1691 615 ὑπομονῆς
1720 560 1917 615 παραι-

2024 543 2289 597 ximorum
2343 542 2639 595 dilectione
2712 554 2835 593 cum
2898 540 3031 609 ipsis
3084 540 3331 601 locutus;
3397 542 3584 595 multis

320 641 504 701 νέσας,
535 639 686 701 τέλος
712 638 850 708 ὅπερ
874 638 1071 701 αὐτοὺς
1092 637 1208 708 ⁴ᾔδει
1231 637 1422 707 μαθεῖν
1452 636 1826 708 βουλομένους,
1847 636 1908 688 οὔ

320 730 663 803 θαρροῦντας
708 730 765 783 δὲ
798 729 898 800 τὴν
918 728 1211 799 ἐρώτησιν,
1232 730 1379 792 ὅπως
1406 729 1692 800 ἀνορωπος
1718 725 1795 781 ὢν
1812 729 1911 781 οὐκ

321 822 685 892 ἀνθρωπίνοις
740 821 931 885 σιτίοις
989 820 1268 892 ἐτρέφετο,
1309 818 1469 874 τοῦτο
1524 820 1709 881 αὐτοῖς
1755 818 1908 886 φιλο-

321 912 569 985 στόργως
602 910 995 976 ἀνακαλύπτει,
1034 912 1122 965 ἵνα
1172 912 1374 983 μᾶλλον
1418 908 1621 972 αὐτοὺς
1662 907 1913 962 ἐντεῦθεν

320 1006 677 1077 οίκοδομήσῃ,
708 1006 805 1058 καὶ
841 1003 1097 1076 μείζονας
1123 1004 1310 1068 αὐτοῖς
1349 1003 1434 1069 εἰς
1466 1001 1604 1056 Θεὸν
1652 999 1913 1073 ὑποτείνῃ

322 1097 566 1160 ἐλπίδας.

401 1276 546 1346 σμθ⁸.
592 1275 732 1345 Ἐγὼ
756 1278 887 1347 γὰρ,
919 1278 1105 1346 φησιν,
1141 1268 1187 1332 ὦ
1217 1279 1383 1332 τέκνα
1432 1277 1527 1332 καὶ
1556 1274 1796 1345 ἀδελφοὶ,
1824 1272 1912 1326 ῖνα

325 1371 462 1439 μηδὲ
489 1368 517 1423 ὃ
553 1368 769 1423 ποθεῖτε
816 1369 946 1439 ὑμῖν
976 1369 1386 1442 άποκρύψωμαι
1417 1369 1667 1441 (συνίημι
1695 1368 1806 1437 γὰρ
1833 1364 1913 1434 τῷ

322 1460 603 1531 Πνεύματι
659 1461 755 1514 καὶ
790 1460 1122 1515 σιωπώντων
1173 1462 1371 1531 ὑμῶν),
1401 1460 1609 1514 πολλῶν
1640 1458 1734 1512 τοῦ
1776 1457 1912 1511 Θεοῦ

323 1552 420 1605 καὶ
451 1553 708 1623 μεγάλων
744 1552 1102 1624 εὐεργεσιῶν,
1135 1552 1231 1607 τοῦ
1260 1552 1687 1623 άντιλαὸομένου
1723 1567 1824 1621 μου
1847 1550 1911 1602 ὲκ

322 1645 559 1716 γαστρὸς
610 1644 819 1716 μητρός
877 1645 1095 1715 μου,ὡς
1139 1644 1259 1698 οὐδὲ
1304 1644 1435 1716 ὑμῖν
1480 1642 1624 1697 ἐστιν
1672 1643 1910 1710 ἀγνοεῖν,

325 1736 662 1801 ἀπολαύσας,
688 1737 767 1789 ἔτι
797 1736 1071 1790 καὶτοῦτο
1103 1737 1313 1808 μακρὸς
1341 1736 1442 1808 ἤδη
1472 1735 1662 1806 χρόνος
1686 1734 1746 1799 ἐξ
1785 1735 1910 1787 ὅτου

322 1829 425 1898 τῆς
456 1827 795 1900 ἀγαθότητος
822 1828 989 1882 αὐτοῦ
1017 1828 1288 1899 δεηθείην,
1318 1827 1629 1895 ἀπαλλάξαι
1683 1844 1751 1897 με
1801 1825 1909 1878 τῶν

2011 632 2178 689 etiam
2230 631 2454 687 eosdem
2504 631 2756 685 hortatus
2784 631 2852 685 ad
2919 632 3266 687 tolerantiam
3323 631 3587 686 tentatiu-

2014 724 2458 790 numttandem,
2519 724 2666 795 quod
2721 726 2831 796 jam
2878 735 3212 792 cognoverat
3276 725 3590 797 intelligere

2014 817 2141 872 illos
2191 816 2466 886 imprimis
2497 816 2662 880 velle,
2712 817 2807 871 sed
2855 833 2965 871 non
3028 833 3193 873 ausos
3236 820 3588 888 percontari,

2012 909 2294 979 quomodo
2336 909 2472 979 ipse,
2528 911 2695 966 homo
2748 926 2872 965 cum
2931 919 3097 973 esset,
3147 912 3408 967 humanis
3451 912 3592 967 cibis

2014 1018 2125 1057 non
2184 1015 2549 1065 vesceretur,
2602 1013 2953 1073 peramanter
3005 1004 3253 1073 aperuit,
3307 1015 3366 1057 ut
3417 1004 3592 1071 magis

2014 1094 2147 1150 hinc
2171 1094 2600 1161 mdificarentur,
2642 1105 2699 1150 et
2727 1097 3029 1151 firmiorem
3054 1097 3105 1150 in
3154 1097 3265 1151 Deo
3311 1112 3465 1167 spem
3495 1114 3593 1166 po-

2014 1197 2230 1242 tierent.

2085 1282 2210 1338 249.
2252 1282 2386 1353 Ego,
2421 1282 2620 1351 inquit,
2658 1296 2692 1336 ο
2732 1280 2825 1335 filii
2872 1297 2934 1336 ac
2970 1280 3168 1336 fratres
3196 1281 3327 1345 mei,
3357 1291 3417 1336 ut
3450 1280 3591 1335 nihil

2013 1388 2207 1428 eorum
2237 1389 2360 1443 quae
2397 1375 2539 1428 scire
2567 1373 2770 1442 cupitis
2805 1388 2900 1427 vos
2926 1372 3100 1427 celem
3133 1371 3281 1442 (novi
3311 1372 3458 1426 enim
3482 1372 3594 1441 spi-

2013 1463 2148 1526 ritu,
2177 1464 2336 1518 vobis
2378 1463 2542 1517 etiam
2576 1462 2906 1527 tacentibus,
2940 1460 3071 1531 quid
3103 1461 3383 1530 cupiatis,,
3406 1460 3594 1514 multis

2014 1564 2072 1609 et
2102 1554 2314 1625 magnis
2357 1555 2476 1617 Dei,
2525 1569 2594 1608 ex
2628 1553 2819 1608 matris
2855 1560 3013 1607 utero
3054 1569 3139 1606 me
3183 1550 3592 1621 prmvenientis,

2014 1645 2157 1700 sicut
2193 1654 2252 1701 et
2295 1645 2397 1714 ipsi
2446 1645 2640 1709 nostis,
2680 1644 2964 1699 beneficiis
3006 1644 3210 1698 fruitus
3241 1658 3402 1705 sum;
3458 1642 3595 1696 illud

2012 1735 2180 1791 etiam
2205 1751 2236 1791 a
2267 1737 2440 1790 multo
2459 1736 2571 1805 jam
2598 1742 2844 1804 tempore
2871 1734 3172 1788 bonitatem
3204 1732 3352 1787 illius
3384 1732 3591 1802 rogavi,

2015 1839 2137 1885 uta
2180 1829 2509 1884 necessitate
2560 1829 2814 1884 sumendi
2865 1826 3170 1895 corporalis
3213 1827 3322 1882 cibi
3364 1841 3450 1880 me
3480 1825 3596 1881 exi-

323 1920 420 1975 τοῦ
469 1921 663 1985 αίῶνος
715 1920 909 1975 τούτου
966 1920 1292 1992 βρωμάτιον.
1334 1919 1501 1975 Ἀλλὰ
1537 1918 1656 1983 πῶς
1704 1935 1797 1972 σου
1842 1917 1909 1971 τὰ

2024 1925 2214 1975 meret.
2244 1917 2447 1973 Verum
2490 1910 2790 1989 quomodo,
2826 1918 3055 1972 Domine
3080 1917 3232 1980 Jesu,
3279 1916 3594 1972 misericor-

323 2012 475 2081 ὲλέη,
504 2012 728 2082 Χριστὲ,
757 2013 851 2067 καὶ
878 2012 977 2084 τὴν
999 2011 1372 2083 χρηστότητα,
1396 2013 1464 2083 ἢν
1501 2012 1767 2082 ἐποίησας
1789 2010 1910 2063 τότε

327 2102 467 2172 μετὰ
498 2101 592 2154 τοῦ
632 2101 821 2155 δούλου
854 2119 947 2154 σου
996 2101 1337 2171 διηγήσομαι
1364 2119 1380 2169 ;
1423 2100 1672 2155 Ἐδόκουν
1700 2100 1826 2153 τινὰ
1852 2098 1916 2152 τὸ

328 2191 517 2262 σχῆμα
560 2193 657 2246 καὶ
691 2188 790 2262 τὴν
834 2191 1103 2262 ἀναϐολὴν
1132 2192 1302 2262 ἱερέα,
1335 2191 1452 2261 φῶς
1475 2190 1667 2262 ὥσπερ
1698 2191 1914 2262 ἱμάτιον

325 2283 648 2337 ἐνδεδυκότα
703 2285 858 2354 ὁρᾷν,
889 2282 1084 2346 σκεῦός
1138 2268 1198 2335 τε
1247 2281 1326 2352 τῷ
1368 2282 1526 2352 ἀνδρὶ
1568 2282 1709 2335 θεῖον
1758 2277 1827 2352 ἦν
1857 2281 1915 2332 ὲν

326 2377 528 2446 χεροῖν,
563 2375 659 2427 καὶ
712 2375 779 2429 δι’
809 2376 976 2445 ἀέρος
1008 2370 1100 2428 οἷα
1149 2375 1472 2445 φερόμενος,
1505 2375 1727 2443 ἐγένετο
1779 2373 1916 2441 πρός

330 2485 402 2540 με
432 2482 449 2498 ο
485 2467 515 2522 ὃ
547 2485 602 2520 τι
646 2468 746 2538 μὲν
776 2464 868 2521 οὖν
910 2469 1293 2521 ἱναποτέθειτο
1326 2468 1404 2538 τῷ
1443 2468 1652 2533 σκεύει,
1685 2467 1914 2537 φράζειν

328 2560 435 2613 οὐκ
470 2558 601 2629 ἔχων
637 2559 811 2622 οὕτως
842 2560 1157 2632 ἀπῦρῤητόν
1201 2577 1253 2612 τι
1285 2561 1377 2613 καὶ
1406 2559 1623 2630 ἥδιστον
1659 2559 1757 2611 οὐκ
1790 2557 1916 2609 ίδεῖν

330 2652 516 2720 μόνον,
548 2649 686 2704 ἀλλὰ
722 2651 817 2704 καὶ
839 2650 1142 2718 γεύσασθαι
1171 2646 1261 2721 ἦν.
1305 2652 1365 2704 '0
1391 2651 1446 2703 δὲ
1480 2652 1547 2719 τῇ
1578 2649 1757 2702 λαϐίδι
1794 2648 1916 2716 τρὶς

333 2743 498 2811 ἒ.νῆκέ
528 2760 628 2813 μου
677 2741 756 2812 τῷ
800 2744 1055 2812 στόματι.
1103 2743 1194 2807 Ἐξ
1225 2742 1435 2797 ἐκείνου
1460 2743 1638 2796 τοίνυν
1664 2740 1792 2810 ἄχρι
1821 2738 1915 2791 καὶ

329 2834 429 2889 νῦν
455 2834 644 2903 ἐώρων
676 2834 845 2886 αὑτὸν
884 2835 1125 2903 ἑκάστης
1154 2833 1441 2905 Κυρωκῆς
1475 2831 1613 2901 μετὰ
1641 2830 1737 2901 τὴν
1768 2828 1917 2881 θείαν

331 2928 700 2999 λειτουργίαν,
741 2929 839 2998 τῆς
862 2928 1118 2997 τοιαύτης
1149 2926 1508 2999 μεταλήψεως
1536 2924 1797 2990 ἀξιοῦντά
1825 2942 1914 2994 με,

332 3022 457 3092 ἥτις
495 3023 600 3086 ἕως
635 3021 715 3084 εἰς
744 3021 844 3091 τὴν
882 3021 1141 3075 ἐπιοῦσαν
1190 3020 1347 3085 αὖθις
1402 3018 1687 3091 Κυριακὴν
1729 3020 1919 3089 στήρι-

332 3109 456 3181 γμά
490 3127 581 3179 μοι
607 3110 837 3179 καρδίας
861 3110 1091 3177 ἐγίνετο.
1129 3112 1193 3164 "0
1223 3112 1322 3178 μὲν
1365 3109 1458 3163 οὖν
1488 3109 1799 3183 ἀπόρρητόν
1831 3124 1920 3178 μοι

334 3204 474 3274 πρὸς
529 3204 694 3273 ὑμᾶς,
730 3202 798 3256 τὰ
851 3203 960 3273 ἐμὰ
1013 3202 1201 3267 τέκνα,
1237 3203 1308 3255 τὰ
1355 3203 1464 3273 ὲμᾰ.
1504 3201 1661 3273 μέλη,
1697 3202 1767 3254 τὰ
1808 3200 1919 3271 ἐμά

337 3298 626 3369 σπλάγχνα
678 3292 770 3366 ἦν,
802 3295 962 3348 τοῦτό
1015 3295 1186 3358 ἐστιν,
1216 3293 1244 3347 ὃ
1304 3295 1399 3348 καὶ
1461 3294 1667 3363 σφόδρα
1722 3292 1920 3362 διψῶσι

340 3390 539 3461 μαθεῖν
596 3387 908 3457 ὲξεκὰλυψα
935 3400 949 3415 ·
992 3387 1059 3439 τὰ
1090 3386 1135 3439 δ’
1157 3385 1313 3450 ἄλλα,
1347 3385 1505 3455 ὑμεῖς
1536 3385 1652 3438 ῐστε
1714 3383 1810 3436 καὶ
1841 3382 1918 3436 δι-

338 3479 623 3549 ηγεῖσθαι,
653 3480 704 3531 oi
729 3477 822 3530 καὶ
861 3476 1407 3549 παρηκολουθηκότες
1459 3492 1560 3544 μου
1593 3477 1659 3545 τῇ
1705 3474 1920 3544 ἀγωγῇ.

335 3574 433 3625 καί
460 3569 909 3640 συνδιαφέροντές
947 3586 1038 3638 μοι
1068 3569 1197 3631 τοὺς
1242 3566 1654 3636 πνευματικοὺς
1682 3565 1921 3634 ἀγῶνας,

337 3666 435 3717 καὶ
464 3660 754 3727 κοινωνοὺς
782 3662 876 3717 τοῦ
906 3662 1051 3716 κατὰ
1078 3661 1213 3714 Θεὸν
1240 3659 1356 3729 βίου
1384 3648 1748 3728 γεγενημένοι
1777 3673 1792 3689 ·
1839 3649 1923 3719 οἷς

335 3758 438 3820 τὰς
466 3758 602 3826 ἐμὰς
650 3755 1003 3828 παραδόσεις,
1034 3755 1125 3809 τὸν
1167 3753 1367 3807 κανόνα
1405 3749 1925 3821 παρακατατίθεμαι

334 3850 433 3903 τὸν
456 3849 610 3920 ἐμὶν,
637 3853 848 3917 ταύτην
874 3846 1108 3917 ἀμοιϐὴν
1136 3844 1306 3898 αίτῶν
1329 3844 1458 3913 παρ’
1479 3843 1651 3913 ὑμῶν,
1671 3843 1726 3896 εί
1747 3841 1926 3893 τιτῶν

343 3957 410 3993 πε
421 3940 475 4007 ρὶ
515 3940 656 4007 ὑμᾶς
681 3938 782 3990 οὐκ
807 3936 1174 4007 ἀμνημονεῖ-ξε
1210 3951 1311 4005 μου
1342 3936 1544 4001 πόνων,
1566 3932 1633 3986 ἵν’
1658 3932 1926 4004 ἀκεραίαν

344 4048 437 4101 μοι
491 4029 590 4100 τὴν
650 4028 1124 4099 παρακαταθήκην
1173 4027 1452 4097 τηρήσητε
1481 4024 1571 4077 διὰ
1600 4021 1807 4083 τέλους,
1834 4021 1929 4074 καὶ

341 4124 418 4185 ὡς
474 4123 612 4192 ἐμοῦ
668 4121 938 4192 παρόντος
993 4121 1086 4173 καί¹
1140 4118 1282 4189 μετὰ
1338 4117 1490 4180 τέλος
1556 4114 1687 4185 ὑμῖν
1749 4114 1927 4167 πάντα

340 4215 557 4284 ποιῆτε,
584 4213 681 4266 καὶ
710 4212 785 4274 ὡς
813 4214 869 4265 ἐν
892 4209 1192 4280 ὀφθαλμοῖς
1216 4210 1369 4277 ἐμοῖς
1400 4208 1493 4261 καὶ
1518 4207 1632 4276 βίον
1655 4206 1747 4259 καὶ
1772 4204 1930 4271 λόγον

338 4308 434 4359 καὶ
467 4305 666 4377 πρᾶξιν
692 4304 779 4357 ἀεὶ
822 4300 1170 4368 ἅπευθύνητε
1190 4318 1203 4330 ⁸
1251 4300 1476 4371 γνωριεῖ
1500 4297 1557 4350 δὲ
1592 4296 1775 4367 σαφῶς
1804 4296 1931 4365 ὑμῖν

335 4400 464 4461 τοὺς
519 4395 770 4450 ἐντεῦθεν
826 4395 1093 4465 καρποὺς,
1127 4392 1215 4447 ἵνα
1258 4391 1341 4462 μὴ·
1383 4389 1596 4460 μακρὸν
1644 4389 1755 4455 ἐγὼ
1804 4387 1932 4457 περὶ

228 4525 239 4533 -
333 4488 534 4541 τούτου
556 4487 651 4541 νῦν
676 4486 946 4539 ἁπιτείνω
968 4484 1149 4553 λόγον,
1176 4484 1210 4549 ἠ
1241 4482 1453 4553 μεγάλη
1484 4481 1581 4552 τῆς
1604 4479 1934 4546 ἐπιφανείας

2016 2011 2166 2067 diam
2193 2020 2254 2066 et
2302 2011 2612 2066 bonitatem
2642 2020 2816 2076 tuam,
2847 2025 3012 2081 quam
3058 2009 3235 2065 fecisti
3274 2018 3405 2064 tunc
3436 2024 3597 2064 servo

2019 2111 2135 2168 tuo,
2166 2102 2482 2158 enarrabo?
2508 2102 2745 2159 Videbar
2777 2100 3099 2170 conspicere
3128 2101 3444 2170 quemdam,
3474 2115 3600 2170 spc-

2017 2195 2103 2250 cie
2153 2204 2318 2265 atque
2370 2196 2574 2250 amictu
2637 2195 3009 2258 sacerdotem,
3062 2193 3245 2248 lucida
3303 2193 3449 2247 nube
3498 2208 3599 2262 pro

2015 2285 2351 2341 vestimento
2407 2286 2846 2351 circumdatum,
2892 2302 2988 2341 vas
3052 2285 3331 2357 quoddam
3380 2299 3599 2340 sacrum

2016 2385 2319 2446 gestantem
2369 2378 2647 2442 manibus,
2719 2379 2814 2449 qui
2864 2394 2963 2449 per
2996 2394 3182 2434 acrem
3228 2378 3462 2437 delatus.
3506 2392 3601 2431 ve-

2018 2468 2207 2523 niebat
2257 2468 2324 2524 ad
2376 2484 2496 2536 me;
2540 2470 2677 2524 illud
2728 2479 2913 2527 autem
2963 2470 3111 2540 quod
3162 2485 3290 2524 vase
3347 2468 3599 2523 contine-

2018 2560 2201 2625 batur,
2249 2561 2434 2630 eloqui
2477 2577 2587 2615 non
2635 2576 2861 2630 possum
2892 2561 3051 2630 quale
3081 2560 3285 2625 fuerit;
3329 2559 3468 2614 adeo
3509 2576 3599 2613 ar-

2018 2668 2217 2706 canum
2241 2653 2372 2722 quid
2401 2668 2466 2706 ac
2510 2668 2679 2707 suave
2714 2662 2852 2718 erat,
2884 2667 2992 2706 non
3026 2653 3192 2706 modo
3231 2651 3375 2717 visu,
3408 2668 3599 2723 verum

2017 2743 2183 2797 etiam
2229 2751 2474 2814 gustatu.
2528 2741 2657 2797 Inde
2688 2744 2773 2797 vir
2826 2744 2917 2797 ille
2972 2743 3276 2813 pauxillum
3325 2743 3600 2812 accipiens

2020 2835 2075 2889 in
2110 2835 2386 2889 cochleari
2418 2843 2501 2890 ter
2527 2835 2819 2912 instillavit
2845 2835 2927 2889 ori
2958 2851 3082 2890 meo
3114 2851 3127 2889 :
3153 2842 3209 2890 et
3238 2850 3305 2889 ex
3340 2834 3432 2888 illo
3467 2842 3606 2887 tem-

2020 2943 2153 2997 pore
2208 2944 2381 2997 usque
2412 2929 2465 2982 in
2496 2943 2740 2996 praesens
2783 2928 2895 2981 vidi
2943 2928 3096 2981 illum
3130 2926 3380 2998 qualibet
3416 2927 3607 2982 Domi--

2021 3018 2142 3071 nica
2190 3017 2301 3081 die,
2352 3016 2505 3071 finita
2551 3033 2706 3072 sacra
2770 3017 2993 3088 liturgia
3028 3060 3043 3083 ,
3088 3017 3252 3072 simili
3302 3015 3607 3071 refectione

2023 3123 2110 3163 me
2158 3108 2471 3179 dignantem
2495 3125 2510 3172 ;
2538 3124 2644 3177 qua
2673 3110 2727 3161 in
2762 3109 3106 3164 Dominicam
3137 3108 3337 3163 iterum
3366 3122 3607 3177 sequen-

1948 3233 1993 3293 ϐ
2027 3210 2137 3255 tem
2181 3200 2556 3261 confortabar.
2599 3201 2779 3270 Atque
2827 3200 2930 3254 hoc
2966 3201 3100 3255 illud
3147 3210 3253 3266 est,
3302 3201 3449 3270 quod
3485 3216 3606 3264 vos,

2027 3293 2170 3348 ﬁlios
2211 3308 2385 3358 meos,
2420 3293 2668 3347 membra
2712 3309 2855 3363 mea,
2900 3294 3114 3348 viscera
3162 3309 3303 3357 mea,
3341 3294 3611 3347 hactenus

2026 3385 2234 3449 celavi;
2269 3384 2527 3455 quodque
2564 3386 2678 3455 jam
2730 3385 3007 3439 declaravi
3048 3385 3294 3455 impense
3333 3386 3612 3454 cupienti-

2026 3475 2130 3530 bus
2152 3476 2316 3531 scire.
2340 3475 2551 3530 Caetera
2583 3491 2682 3544 per
2698 3491 2795 3530 vos
2824 3476 2927 3544 ipsi
2956 3476 3110 3530 scitis
3129 3484 3186 3530 et
3212 3490 3436 3530 narrare
3462 3486 3616 3545 pute-

2027 3564 2150 3628 stis,
2180 3565 2274 3634 qui
2312 3564 2622 3619 institutam
2658 3581 2689 3619 a
2729 3580 2818 3620 me
2847 3565 3069 3619 vivendi
3117 3566 3387 3620 rationem
3420 3568 3612 3622 sectati

2027 3656 2183 3721 estis,
2215 3658 2310 3727 qui
2339 3656 2647 3726 spiritualia
2690 3656 2919 3712 certatis
2950 3673 3165 3713 mecum
3194 3659 3520 3721 certamina,
3558 3669 3617 3715 tt

2028 3748 2085 3802 in
2127 3748 2409 3803 communi
2450 3763 2749 3803 consonam
2798 3748 3005 3804 divinis
3046 3750 3335 3819 prteceptis
3379 3750 3614 3806 duxistis

2028 3840 2197 3896 vitam
2235 3858 2248 3892 :
2285 3841 2487 3910 quibus
2514 3856 2665 3894 nunc
2687 3856 2907 3912 quoque
2946 3840 3342 3912 praeceptiones
3375 3856 3524 3896 meas
3559 3851 3617 3898 ct

2031 3930 2277 4000 regulam
2319 3931 2651 3986 commendo
2693 3932 2849 4003 (66),
2895 3932 3032 3987 illud
3076 3932 3545 3988 remunerationis
3582 3952 3611 3986 τι

2030 4025 2190 4080 vobis
2208 4024 2512 4094 postulans,
2538 4024 2581 4078 si
2612 4024 2863 4080 laborum
2885 4041 3024 4096 quos
3040 4025 3222 4081 subivi
3245 4033 3425 4082 vestra
3448 4042 3615 4081 causa

2033 4117 2385 4172 immemores
2413 4134 2523 4172 non
2571 4119 2727 4185 estis,
2765 4127 2829 4173 ut
2874 4120 3302 4174 constitutiones
3331 4135 3481 4175 meas
3533 4120 3647 4172 in-'

2036 4217 2189 4278 tegre
2212 4224 2385 4278 usque
2419 4209 2474 4263 in
2500 4209 2662 4265 finem
2688 4211 2956 4267 servetis:
2986 4221 3112 4278 peto
3132 4212 3298 4266 etiam
3329 4219 3391 4265 ut
3424 4227 3618 4280 quem-

2035 4300 2331 4355 admodum
2389 4318 2477 4356 me
2514 4312 2785 4372 praesente
2832 4304 3060 4367 fecistis,
3110 4304 3185 4359 ita
3228 4311 3356 4375 post
3401 4302 3614 4358 obitum

2034 4406 2256 4461 quoque
2302 4408 2485 4447 meum
2537 4406 2737 4450 cuneta
2772 4395 2955 4451 facere
2988 4398 3251 4468 pergatis,
3296 4414 3407 4453 non
3456 4412 3617 4453 secus

2036 4483 2227 4547 vitam,
2277 4499 2585 4551 sermones,
2624 4502 2791 4556 opera
2825 4499 3028 4553 vestra,
3058 4504 3223 4558 quam
3261 4489 3309 4544 si
3345 4504 3528 4544 coram
3560 4488 3620 4542 in

336 4581 527 4651 ἡμέρα
563 4580 659 4631 καὶ
689 4578 757 4632 τὰ
787 4578 1006 4647 ἑκάστῳ
1028 4578 1151 4629 τότε
1181 4574 1574 4644 ταμιευόμενα,
1604 4573 1652 4625 εί
1701 4574 1922 4625 ἀνεπαι-

2035 4586 2335 4646 conspecm
2363 4593 2487 4633 meo
2514 4580 2902 4643 versaremini,
2926 4580 3248 4650 dirigentes.
3281 4579 3470 4648 Qualis
3494 4577 3619 4636 inde

341 4671 590 4742 σχῦντως
622 4673 739 4725 ἐκεῖ
763 4669 1205 4741 παρασταίημεν.

2031 4666 2246 4722 fructus
2298 4680 2543 4734 maneat,
2601 4678 2664 4725 ut
2718 4671 3025 4742 longiOrem
3074 4686 3176 4742 ego
3213 4672 3317 4726 hac
3360 4687 3529 4741 super
3562 4684 3621 4722 re

332 4764 651 4820 orationem
683 4776 794 4816 non
824 4771 1027 4825 texam,
1057 4758 1519 4815 commonstrabit
1551 4756 1712 4812 vobis
1752 4754 2041 4811 manifeste
2107 4758 2228 4813 dies
2291 4760 2383 4814 ilia
2429 4761 2887 4817 manifestationis
2932 4777 3150 4831 magna,
3219 4769 3276 4816 et
3321 4775 3443 4829 quae
3494 4762 3621 4814 uni-

331 4856 540 4926 cuique
584 4863 718 4909 tunc
758 4850 998 4922 reposita
1028 4858 1176 4914 sunt,
1213 4850 1260 4904 si
1290 4847 1504 4904 confusi
1539 4847 1651 4902 illic
1678 4846 2036 4900 astiterimus.

412 4952 514 5000 av‘.
545 4945 734 4999 Ταῦτα
781 4945 893 5007 τοῖς
928 4940 1198 5012 μαθηταῖς
1246 4943 1341 4995 καὶ
1392 4940 1562 4992 πλείω
1608 4937 1867 5007 διαλεχθέ
1882 4953 1931 5000 ς,

336 5037 663 5098 τελευταίας
694 5052 755 5089 τε
785 5034 991 5097 ταύτας
1019 5034 1206 5096 αὐτοῖς
1232 5031 1338 5103 πρὸ
1362 5032 1462 5101 τῆς
1495 5028 1762 5099 ἐκδημίας
1790 5030 1937 5081 ἐντο-

334 5130 441 5193 λὰς
477 5120 794 5199 ἐπισκήψας
820 5127 898 5199 (εἴ
931 5144 996 5196 γε
1024 5126 1106 5179 δεῖ
1141 5125 1327 5179 καλεῖν
1359 5123 1658 5193 ἐκδημίαν,
1697 5121 1832 5175 ἀλλὰ
1866 5124 1939 5190 μὴ

343 5220 609 5274 ἀνάλυσιν
643 5219 864 5290 μᾶλλον,
910 5217 944 5290 ἢ
976 5216 1301 5290 πρόσληψιν,
1336 5216 1371 5286 ἦ
1412 5215 1727 5285 μετάθεσιν,
1758 5213 1942 5297 ﬁtti-

340 5313 574 5384 6ασιν,ἦ
608 5313 745 5384 πρὸς
773 5312 842 5365 τὰ
875 5311 1186 5379 ποθούμενα
1216 5307 1464 5378 κλῆσιν),
1488 5305 1690 5375 δεκάτῃ
1724 5305 1779 5357 δὲ
1806 5319 1870 5371 με
1885 5305 1944 5358 τὰ

421 5449 530 5517 (66)
554 5445 820 5519 Regulam
855 5444 953 5519 [εἰσ
971 5460 1077 5497 non
1111 5439 1679 5519 intelligascriptam.‘
1718 5437 1811 5489 sed
1841 5452 1936 5489 usu

343 5506 696 5589 επὲιιιρίοᾳῆε
743 5516 1041 5589 traditam;
1099 5530 1227 5567 nam
1266 5506 1726 5589 scripta-:regulm
1755 5522 1940 5589 pauca!

345 5579 681 5645 habebantur
729 5589 785 5640 in
831 5586 1081 5649 Oriente;
1146 5598 1310 5652 neque
1342 5579 1624 5650 peculiaris
1660 5579 1855 5646 regula:
1906 5595 1940 5632 α

345 5659 609 5733 ngeone
661 5658 860 5733 relicta:
900 5655 1017 5733 ulla
1074 5655 1282 5733 uspiam
1327 5652 1521 5733 ruentia
1553 5667 1571 5702 :
1626 5653 1723 5733 Ima
1761 5656 1942 5733 autem

350 5719 537 5799 primis
566 5726 1144 5799 monachismiswculis
1195 5724 1364 5799 magis
1414 5722 1577 5773 etiam
1619 5719 1942 5799 obtinuitni‘n

349 5786 535 5868 nostra
561 5798 861 5858 Occidente,
898 5805 1196 5868 antequam
1219 5786 1575 5868 conderentur
1598 5789 1802 5868 regem.
1842 5786 1940 5841 SS.

352 5866 618 5937 Hauritii,
652 5868 941 5932 Benedicti,
986 5860 1328 5927 Columloani,
1385 5860 1599 5932 quando
1652 5860 1943 5913 Cassianus

2110 4938 2238 4995 2.30.
2278 4939 2418 4995 Cum
2464 4941 2583 4996 lia-c
2615 4949 2673 4995 et
2716 4940 2865 5008 liora
2896 4956 3021 4996 cum
3052 4938 3343 5012 discipulis
3374 4944 3623 5002 collocu-

2040 5039 2152 5094 tus,
2199 5047 2457 5101 suprema
2490 5042 2616 5087 ante
2650 5032 2861 5086 obitum
2900 5033 3156 5088 mandata
3184 5034 3317 5105 ipsis
3349 5037 3625 5110 injunxiso

2041 5134 2126 5176 set
2157 5122 2225 5182 (si
2265 5133 2445 5178 tamen
2479 5124 2663 5178 obitus
2703 5124 2795 5179 ille
2829 5125 3099 5181 dicendus
3137 5128 3228 5194 sit,
3259 5136 3316 5183 et
3358 5145 3471 5184 non
3525 5148 3626 5202 po-

2044 5215 2156 5268 tius
2195 5215 2480 5281 rcsolutio,
2532 5223 2629 5269 aut
2672 5217 2998 5288 assumptio.
3031 5227 3128 5273 aut
3179 5221 3486 5289 translatio,
3533 5232 3630 5277 aut

2046 5305 2332 5370 transitus,
2364 5313 2462 5359 aut
2483 5307 2702 5362 voeatio
2728 5307 2797 5363 ad
2828 5308 3025 5380 gaudia
3053 5308 3383 5379 desiderata)
3414 5309 3627 5368 decima

2047 5452 2112 5517 ex
2146 5435 2378 5517 {Egypto
2420 5447 2785 5517 transgressus
2820 5442 2877 5495 in
2903 5441 3186 5517 __Calli_a_m,
3223 5445 3432 5515 scripsit
3459 5462 3515 5499 ac
3557 5445 3632 5501 ibi

2040 5510 2408 5582 invenissetot
2434 5510 2652 5579 regulas
2678 5520 2815 5582 quot
2839 5513 3025 5573 cellas,
3057 5513 3113 5566 id
3157 5523 3235 5568 est
3268 5510 3593 5570 monasteria
3612 5553 3631 5582 ,

2042 5577 2645 5655 prautacilicetuvisum
2674 5577 2852 5651 fuerat
2873 5583 3129 5655 cujusque
3176 5586 3484 5639 monasterii
3506 5577 3634 5655 {un-1

2042 5648 2318 5725 aatoribus
2343 5650 2626 5725 ordina_re:
2654 5648 2705 5705 et
2736 5654 2875 5706 hanc
2896 5648 3289 5725 saﬁpe'legimus
3320 5656 3423 5709 dici
3468 5648 3636 5725 regub

2040 5717 2155 5795 lant
2180 5731 2498 5795 sanctorum
2527 5721 2773 5787 Patrum,
2806 5725 2888 5777 cui
2923 5717 3288 5795 αίὶιιξίειῖνίριιυ
3342 5717 3636 5795 ροδιεαῖιιιη

2043 5788 2377 5871 perinductm
2398 5794 2651 5871 fuerant:
2679 5809 2782 5862 qua
2811 5799 2874 5847 de
2904 5810 2962 5848 re
2992 5788 3286 5866 aliquanti)
3329 5788 3534 5871 plenius
3580 5796 3633 5856 in

2043 5861 2138 5911 hoc
2162 5876 2316 5929 opere
2358 5861 2699 5916 tractabitur;
2832 5896 2840 5903 -
3086 5861 3096 5866 '
3330 5861 3342 5871 '
3628 5886 3635 5895 ρ
