4078 6438
450 470 597 538 32Π

1538 472 1900 536 EPISTULA
1933 473 2031 532 AD
2064 474 2454 536 JUSTlNUM
2494 473 2651 536 IMP.

3578 462 3737 529 3W8:

451 585 824 657 θρωπὴσαιτα
850 584 982 641 Θεὸν
1003 584 1200 654 Λόγον,
1232 585 1326 640 καὶ
1349 586 1428 650 είς
1456 586 1557 657 τὴν
1584 587 1859 656 παναγῖαν
1889 587 2032 640 ἔνδο-

2145 604 2363 643 omnem
2424 589 2701 645 actionem
2754 584 3164 656 blasphemam,
3218 592 3608 657 praesumptam
3662 582 3735 639 in.

454 683 550 748 εον
575 683 914 753 Θεομὴτορα,
945 681 1039 736 καὶ
1071 681 1161 734 τὸν
1189 678 1497 733 πάνσεπτον
1526 680 1619 735 καὶ
1650 680 1832 752 τίμιον
1874 696 2039 734 σταυ-

456 778 572 847 ρδν,
609 776 700 830 καὶ
724 779 802 841 εἰς
831 778 957 838 τοὺς
988 775 1178 844 ἁγίους
1209 773 1399 828 αὑτοῦ.

529 1050 620 1105 Διὸ
664 1047 1173 1125 ὑπομιμνήσκοντες
1223 1048 1571 1118 ἀναφέρομεν
1615 1046 1709 1099 ἐπὶ
1743 1046 1841 1108 τὰς
1886 1044 2038 1108 Θείας

454 1142 612 1212 ὐμῶν
645 1143 838 1205 ἀκοὰς,
874 1142 954 1194 ὅτι
985 1143 1034 1195 εἰ
1059 1143 1108 1195 οι
1146 1140 1504 1203 πανευσεϐεἴς
1549 1139 1659 1191 τῶν
1711 1138 2038 1192 καλλινίκων

461 1233 621 1302 ὑμῶν
638 1234 791 1302 νόμοι
818 1232 1303 1302 παρακελεύονται,
1318 1232 1521 1294 είκόνος
1539 1228 1799 1300 βασιλέως
1821 1229 2039 1298 ἐνυϐρι-

450 1325 711 1392 ζομένης,
725 1324 942 1395 Θανάτῳ
957 1324 1177 1393 ἐξαισίῳ
1194 1324 1286 1377 καὶ
1300 1322 1640 1391 πανολεθρίῳ
1651 1318 2040 1385 παραδίδοσθαι

447 1417 578 1479 τοὺς
594 1416 753 1470 τοῦτο
772 1419 1071 1487 ἐπιχειρεῖν
1088 1415 1424 1485 τολμῶντας,
1444 1413 1615 1483 πόσης
1632 1414 1738 1484 ἄρα
1762 1412 1902 1476 ἄξιοί
1933 1415 2038 1465 εἰσι

451 1504 749 1575 καταδίκης
768 1509 844 1569 είς
861 1506 1156 1571 ἀπώλειαν,
1178 1507 1226 1559 ei
1246 1507 1324 1568 εἰς
1339 1507 1440 1575 τὴν
1454 1503 1640 1557 είκόνα
1657 1503 1750 1557 τοῦ
1777 1502 1907 1557 Υἱοῦ
1945 1503 2038 1557 τοῦ

449 1596 612 1662 Θεοῦ,
639 1599 731 1650 καὶ
747 1599 848 1667 τῆς
869 1600 1142 1668 παναγίας
1169 1597 1668 1662 ἐνδόξουθεοτόκου
1693 1596 1830 1665 μετὰ
1859 1597 2041 1668 πάσης

447 1686 679 1740 ἀλέκτου
712 1687 1006 1753 ἀναιδείας,
1028 1688 1124 1742 καὶ
1159 1688 1433 1751 ἀσεϐείας,
1459 1689 1553 1741 καὶ
1572 1686 1659 1741 διὰ
1687 1688 1749 1740 τὸ
1767 1687 2039 1758 ὑπερϐάλ-

445 1778 541 1831 λον
576 1779 744 1832 κακον
775 1781 879 1833 οὐκ
909 1780 1016 1851 ἔχω
1048 1780 1101 1833 τί
1138 1778 1569 1846 εἰπεῖν,τοιαῦτα
1613 1779 2034 1852 τετολμηκότες,

450 1869 723 1939 μηδεμιᾶς
787 1873 866 1933 είς
913 1871 1160 1935 αὐτοῦςι
1213 1870 1522 1941 γενομένης
1574 1872 2030 1943 φιλανθρωπίαςς

443 1961 570 2014 ὅθεν
613 1962 971 2033 δυσωποῦμεν
1020 1965 1081 2017 τὸ
1126 1965 1438 2018 καλλίνικον
1492 1967 1646 2034 ὑμῶν
1695 1966 1918 2038 κράτος,
1958 1966 2032 2037 μὴ

445 2054 676 2123 ποιῆσαι
722 2055 868 2119 ἕλεος
906 2059 987 2120 είς
1034 2057 1161 2119 τοὺς
1211 2056 1370 2110 τοῦτο
1408 2056 1834 2127 τετολμηκότας,
1894 2058 2032 2129 μήτε

444 2145 741 2213 φείσασθαι
778 2148 978 2213 αὐτῶν,
1026 2149 1170 2218 μήτε
1219 2148 1319 2220 τὴν
1359 2149 1574 2202 οίανοῦν
1608 2150 1960 2221 παράκλησιν
1998 2151 2030 2222 ἦ

444 2234 741 2302 ἀπολογίαν
802 2237 1058 2303 δέξασθαι
1116 2238 1244 2308 περὶ
1294 2240 1494 2300 αὐτῶν,
1549 2239 1635 2291 ἵνα
1693 2240 1768 2311 μὴ
1819 2242 1915 2294 καὶ
1956 2244 2034 2304 εἰς

442 2326 574 2379 ἄλλο
618 2345 670 2380 τι
715 2327 1003 2398 τραπῶσι,
1057 2327 1241 2392 καθὼς
1315 2330 1416 2400 ἤδη
1477 2330 1712 2400 θεωρίαν
1768 2333 2035 2404 ἑωρακὼς

443 2417 596 2488 ήμην
620 2416 869 2487 δηλώσας
910 2418 989 2489 τῷ
1021 2420 1318 2491 Αὐγούστῳ
1351 2421 1479 2491 μηνὶ
1509 2420 1588 2490 τῷ
1621 2423 1910 2494 ἁγιωτάτῳ
1940 2426 2035 2478 καὶ

446 2510 759 2582 θεοτιμήτῳ
809 2514 1168 2584 πατριάρχῃ,
1225 2515 1473 2583 σημάνας
1510 2518 1566 2568 ὲν
1608 2515 1686 2586 τῷ
1732 2518 1869 2581 τέως
1903 2520 2031 2587 παρ’

446 2602 626 2668 ἑαυτῷ
657 2603 822 2673 ἔχειν.
855 2607 931 2659 Οὐ
968 2605 1077 2676 γὰρ
1116 2605 1356 2677 ἔκρυψεν
1398 2608 1492 2677 ἀφ’
1523 2608 1679 2679 ἡμῶν
1728 2612 1756 2663 ό
1804 2611 1937 2673 Θεὸς
1963 2612 2034 2665 τὰ

443 2694 728 2750 διαϐούλια
765 2698 971 2753 αὐτῶν.
1013 2697 1175 2752 Ὅθεν
1224 2699 1741 2772 πεπληροφόρημαι,
1776 2702 2033 2756 ἀειτέϐα-

446 2805 563 2842 στοι
614 2789 1037 2867 αὐτοκράτορες,
1086 2793 1296 2862 ὃτιούχ
1354 2793 1646 2863 ύπενὲγκοι
1694 2794 2030 2868 βαστάσαιή

447 2880 553 2933 ὑπὸ
584 2881 681 2951 τῆς
718 2881 1142 2952 μεγαλειότητος
1172 2883 1337 2938 αὑτοῦ
1381 2885 1770 2956 ἐλλαμπομὲνη
1800 2888 2028 2959 θεοστή-

451 2986 635 3040 ρικτος
666 2971 821 3041 ύμιῖιν
853 2973 1049 3042 καρδία
1079 2974 1179 3044 τὴν
1221 2976 1491 3046 τοσαύτην
1521 2977 1619 3046 τῆς
1648 2978 1875 3048 ἀτιμίας
1899 2980 2027 3032 ἀτο-

448 3058 600 3124 πίαν,
648 3060 719 3131 ἢν
774 3061 1031 3115 οὐδέποτε
1063 3064 1228 3134 μέχρι
1255 3064 1351 3119 τοῦ
1391 3065 1486 3119 νῦν
1518 3067 1860 3139 ἀκηκόαμεν,
1891 3070 2032 3140 τάχα

444 3149 503 3203 δὲ
526 3149 650 3205 οὔτε
676 3151 834 3217 ἄλλος
862 3154 1209 3224 Χριστιανός.

530 3334 668 3390 Ἀλλ’
683 3337 891 3407 ἐνορκῶ
914 3338 1077 3407 ὑμᾶς,
1109 3337 1364 3405 δέσποτα,
1394 3341 1536 3395 κατὰ
1570 3341 1661 3396 τοῦ
1680 3341 2030 3413 Ἐμμανουὴλ

447 3428 584 3483 Θεοῦ
637 3430 886 3499 ὑψίστου,
927 3431 1002 3502 μὴ
1033 3433 1321 3501 ἀναμεῖναι
1353 3436 1490 3505 μήτε
1517 3437 1655 3507 πρὸς
1702 3439 1899 3507 μικρὸν
1933 3438 2029 3492 τοῦ

446 3520 701 3588 γενέσθαι
751 3523 850 3593 τὴν
919 3524 1235 3593 πρέπουσαν
1283 3525 1602 3597 ἐκδίκησιν·
1656 3528 1913 3583 κελεῦσαι
1973 3531 2030 3584 δὲ

447 3613 816 3685 ὲκζητηθῆναι
852 3615 946 3669 καὶ
978 3615 1048 3669 τὰ
1098 3617 1155 3668 ἐν
1194 3615 1273 3687 τῷ
1327 3617 1524 3685 φρέατι
1570 3620 1833 3687 γεγονότα
1878 3621 2030 3693 παρὰ

446 3705 548 3770 τῆς
588 3705 1036 3776 ὑπερϐαλλούσης
1074 3706 1253 3760 αὐτῶν
1310 3709 1692 3775 παγκακίστου
1742 3711 2027 3781 πονηρίας,

447 3797 590 3850 κατὰ
622 3796 721 3868 τὴν
751 3799 894 3869 ὑφὴν
920 3800 1017 3869 τῆς
1051 3800 1193 3869 πρὸς
1212 3801 1310 3872 τὴν
1337 3802 1368 3869 ἠ
1380 3800 1496 3870 μῶν
1523 3802 1853 3872 μετριότητα
1902 3805 2027 3857 ἑπι-

449 3890 671 3960 στολῆς⁸
711 3892 785 3963 μὴ
820 3893 1263 3964 προσδεχομένης
1314 3897 1415 3964 τῆς
1459 3896 1824 3966 ήμερωτάτης
1875 3895 2030 3966 ὑμῶν

444 3982 786 4051 δεσποτείας,
820 3986 866 4037 εί
898 3985 1028 4048 ἴσως
1055 3986 1269 4050 δόξουσί
1298 4003 1445 4049 τινες
1486 3987 1842 4055 ὑποσπείρειν
1867 3986 2029 4041 ἀκαί-

448 4089 576 4144 ρους
631 4074 843 4142 λόγους,
889 4077 963 4140 ὡς
1020 4077 1414 4132 δεσποινιακῶν
1462 4077 1643 4132 αὐτῶν
1702 4079 1892 4145 ὄντων,
1935 4078 2028 4132 τοῦ

443 4163 582 4216 Θεοῦ
626 4163 721 4217 τοῦ
777 4165 1072 4230 δεδωκότος
1125 4167 1256 4237 ὑμῖν
1305 4169 1365 4221 τὸ
1393 4168 1594 4240 κράτος
1655 4167 1830 4231 οὕτως
1886 4169 2031 4240 ὑπὲρ

445 4258 629 4311 πᾶσαν
664 4256 921 4312 ἀσέϐειαν
960 4259 1371 4329 ὲνυδρισθέντος
1398 4277 1412 4292 ⁸
1448 4263 1598 4324 ὅπως
1627 4262 1722 4314 καὶ
1771 4262 1821 4315 οἱ
1855 4261 2032 4315 λοιποὶ

443 4349 626 4405 αὐτῶν
657 4350 819 4419 φόϐον
846 4350 1011 4420 ἔχωσι
1052 4354 1231 4415 πάσας
1262 4353 1360 4417 τὰς
1408 4354 1626 4423 ἡμέρας
1677 4353 1779 4422 τῆς
1826 4354 2034 4425 ἐπαρά-

441 4459 537 4495 του
586 4447 680 4495 καὶ
708 4443 1100 4514 ἀφωρισμένης
1140 4442 1317 4495 αὐτῶν
1344 4442 1588 4512 βιώσεως
1611 4461 1623 4476 ·
1648 4442 1744 4507 οὓς
1776 4443 1872 4497 καὶ
1895 4445 2033 4497 ἀπο-

440 4532 655 4601 δέξεται
692 4534 754 4587 τδ
806 4533 1068 4603 συγγενὲς
1119 4533 1299 4587 αὐτῶν
1332 4534 1519 4598 σκότος
1562 4535 1641 4598 εἰς
1682 4536 1781 4602 τὴν
1809 4536 2033 4589 καταδί-

2143 680 2321 751 ipsum
2360 681 2453 738 Dei
2484 682 2765 744 Verbum,
2796 678 2944 750 quod
2980 686 3210 749 prepter
3244 693 3352 733 nos
3379 677 3736 731 incarnatum.

2139 781 2244 839 est,
2269 781 2325 828 et
2348 773 2402 827 in
2420 772 2823 830 sanctissimam
2847 785 2910 826 ac
2929 769 3222 840 gloriosam
3245 770 3340 824 Dei
3364 768 3722 831 Genitricem,

2139 873 2305 934 atque
2340 864 2394 919 in
2422 865 2794 920 venerabilem
2824 877 2887 917 ac
2914 860 3208 932 pretiosam
3239 875 3483 924 crucem,
3507 874 3726 916 necnon

2138 964 2194 1009 ct
2223 955 2275 1008 in
2308 964 2528 1010 sanctos
2554 956 2696 1025 ejus.

2212 1048 2442 1117 Pmpter
2473 1048 2619 1116 quod
2659 1055 3156 1102 commemorantes
3192 1042 3536 1114 suggerimus
3577 1039 3723 1095 divi-

2140 1137 2226 1190 nis
2264 1137 2490 1191 auribus
2523 1137 2745 1200 vestris,
2774 1135 3057 1206 quoniam,
3080 1133 3126 1189 si
3159 1133 3420 1203 piissimae
3450 1129 3720 1184 bonarum

2141 1228 2500 1283 victoriarum
2527 1239 2835 1295 vestrarum
2862 1229 3011 1299 leges
3033 1227 3248 1297 jubent,
3277 1222 3513 1293 imagine
3545 1221 3721 1290 impe-

2141 1321 2342 1374 ratoris
2375 1320 2594 1390 injuriis
2624 1319 2900 1385 lacessita,
2929 1317 3095 1373 morti
3128 1329 3403 1386 supremae
3434 1327 3498 1367 ac
3530 1310 3722 1384 perni-

2140 1412 2459 1468 ciosissimae
2493 1411 2823 1468 tradendos.
2855 1412 2951 1482 qui
2990 1412 3095 1465 hoc
3130 1408 3318 1463 conari
3353 1419 3722 1477 praasumpsc-

2140 1504 2272 1567 rint,
2305 1513 2745 1572 quanta,putas,
2776 1502 2927 1573 digni
2962 1511 3092 1556 sunt
3120 1500 3475 1555 damnatione
3510 1499 3565 1552 in
3599 1511 3726 1567 per-

2140 1595 2435 1660 ditionem,
2464 1594 2559 1664 qui
2592 1595 2644 1648 in
2678 1593 2973 1664 imaginem
3001 1593 3122 1647 Filii
3152 1591 3248 1647 Dei
3279 1601 3331 1646 et
3364 1589 3725 1645 sanctissima:

2139 1704 2201 1742 ac
2255 1689 2507 1758 gloriosae
2550 1688 2647 1742 Dei
2678 1688 2978 1743 Genitricis
3030 1702 3155 1741 cum
3209 1685 3360 1739 omni
3408 1681 3722 1738 incessabili

2140 1778 2458 1851 [iudicibiii]
2521 1779 2865 1850 impudentia
2917 1789 2974 1833 ct
3028 1778 3353 1847 impietate,
3397 1786 3453 1830 et
3500 1782 3726 1844 propter

2141 1871 2364 1924 nimiam
2415 1871 2714 1935 malitiam,
2752 1886 2861 1924 non
2915 1868 3092 1923 habeo
3140 1868 3287 1938 quod
3335 1867 3551 1929 dicam,
3596 1865 3730 1918 talin-

2139 1973 2638 2033 prfesumpserunt,
2689 1963 2837 2017 nulla
2887 1962 2942 2015 in
2992 1961 3074 2017 eis
3120 1960 3263 2015 facta
3308 1956 3727 2013 misericordia?

2136 2055 2291 2110 Unde
2332 2057 2687 2111 obsecramus
2726 2054 3242 2109 victoriosissimum
3286 2050 3578 2120 imperium
3624 2064 3732 2101 vr-

2137 2148 2348 2211 stru‘m,
2396 2163 2463 2202 ne
2511 2148 2677 2203 faciat
2724 2147 3161 2202 misericordiam
3225 2145 3281 2198 in
3335 2158 3445 2197 eos
3477 2141 3571 2211 qui
3622 2141 3727 2193 hoc

2135 2254 2296 2308 agere
2332 2240 2453 2294 ausi
2486 2251 2653 2302 sunt,
2681 2253 2861 2308 neque
2896 2244 3086 2307 parcat
3119 2236 3230 2299 eis,
3266 2249 3443 2304 neque
3477 2232 3728 2302 qualem-

2136 2346 2354 2400 cunque
2420 2331 2849 2401 postulationem
2910 2329 2996 2382 vel
3053 2327 3327 2382 rationem
3392 2340 3559 2394 super
3620 2325 3729 2377 illis

2136 2423 2372 2492 accipiat
2399 2438 2479 2477 ne»
2499 2424 2551 2477 in
2583 2422 2735 2476 aliud
2764 2421 2896 2491 quid
2929 2428 3241 2482 vertantur,
3268 2416 3433 2472 sicuti
3462 2417 3575 2485 jam
3605 2416 3728 2469 visi

2134 2514 2383 2568 videram
2419 2514 2671 2569 indicans
2696 2517 2947 2585 Augusto
2986 2526 3172 2566 mense
3214 2508 3563 2564 sanctissimo
3599 2515 3651 2562 et
3694 2522 3726 2561 τι

2135 2608 2247 2663 Deo
2274 2607 2759 2662 honorabilissinio
2786 2604 3136 2677 patriarchae,
3156 2601 3473 2673 signiﬁcans
3501 2599 3734 2655 interim

2134 2700 2241 2755 hoc
2270 2698 2416 2770 apud
2444 2715 2503 2755 se
2529 2698 2862 2754 servandum
2909 2716 2922 2751 :
2964 2712 3143 2766 neque
3182 2694 3331 2750 enim
3370 2692 3661 2748 abscondit
3697 2711 3728 2746 ιι

2135 2792 2295 2848 nobis
2322 2794 2468 2849 Deus
2497 2792 2861 2864 cogitationes
2886 2800 3104 2846 eorum.
3141 2787 3295 2845 Unde
3338 2794 3528 2842 certus
3573 2801 3732 2845 sum,

2134 2901 2355 2955 semper
2395 2885 2628 2957 Augusti
2681 2884 3077 2955 imperatores,
3130 2880 3280 2952 quod
3331 2895 3442 2934 non
3495 2876 3733 2933 sufferat-

2135 2981 2248 3037 Deo
2298 2981 2685 3054 conﬁrmatum
2736 2996 2837 3036 cor
2882 2988 3160 3038 vestrum.
3201 2975 3349 3046 quod
3410 2974 3586 3045 ipsius
3639 2985 3734 3030 esti

2134 3074 2513 3148 magnitudine
2538 3074 2899 3138 illustratum,
2922 3079 3129 3127 tantam
3160 3066 3567 3124 inhonorantiaa
3596 3081 3728 3136 pro-

2134 3166 2446 3230 cacitatem,
2482 3180 2647 3236 quam
2688 3178 2973 3233 nunquam
3017 3161 3128 3216 huc
3171 3173 3350 3230 usque
3387 3157 3734 3231 audivimusr

2055 3278 2101 3342 ρ
2137 3257 2390 3314 fortassis
2418 3271 2603 3313 autem
2629 3272 2733 3312 nec
2760 3255 2904 3310 alius
2929 3252 3223 3325 quisquam
3251 3250 3723 3308 Christianorum.

2209 3351 2316 3407 Sed
2362 3351 2556 3423 adjuro
2600 3365 2728 3413 vos,
2761 3347 3013 3411 domine,
3040 3362 3142 3416 per
3183 3343 3511 3400 Emmanuel
3549 3343 3725 3398 Deum

2136 3445 2446 3507 excelsum,
2474 3457 2546 3497 ne
2590 3440 2871 3496 suﬂ'eratis
2907 3439 3103 3493 saltem
3149 3437 3220 3492 ad
3268 3435 3545 3490 modicum
3591 3435 3731 3505 quid

2139 3534 2261 3590 ﬁeri
2316 3536 2606 3591 decentem
2657 3533 2993 3599 vindictam;
3057 3530 3151 3587 sed
3207 3529 3456 3601 jubeatis
3507 3528 3734 3598 exquiri

2136 3623 2303 3676 etiam
2338 3622 2431 3676 illa
2464 3637 2585 3692 qua:
2616 3623 2671 3677 in
2702 3630 2874 3691 puteo
2898 3621 3044 3676 facta
3086 3626 3216 3675 sunt
3250 3634 3281 3672 a
3322 3618 3493 3673 nimia
3531 3633 3726 3672 eorum

2135 3721 2194 3768 et
2233 3714 2471 3783 pessima
2513 3713 2793 3784 nequitia.
2834 3713 3147 3769 secundum
3186 3719 3436 3785 tenorem
3480 3711 3730 3780 epistolae

2137 3821 2260 3875 qua:
2309 3804 2377 3860 ad
2422 3814 2668 3860 nostram
2719 3805 3166 3861 mediocritatem
3217 3803 3538 3859 transmissa
3580 3814 3667 3858 est
3710 3821 3726 3857 :

2137 3895 2367 3949 minime
2425 3896 2783 3964 permittente
2844 3895 3291 3951 mansuetissima
3348 3893 3729 3949 dominatione

2136 3996 2354 4052 vestra,
2402 3989 2449 4042 si
2497 3987 2644 4043 forte
2698 3987 3022 4057 putaverint
3073 3985 3296 4057 quidam
3344 3984 3729 4041 subseminare

2136 4078 2483 4148 importunos
2528 4078 2842 4143 sermones,
2897 4092 3022 4132 cum
3069 4071 3227 4148 quasi
3275 4076 3567 4131 dominica:
3616 4075 3733 4129 sint

2138 4168 2432 4240 potestatis
2457 4167 2599 4241 [Cr.,
2619 4183 2674 4238 q.
2696 4168 2764 4223 ad
2791 4168 3030 4224 domina
3058 4168 3095 4222 i.
3116 4171 3373 4239 Augustae
3399 4176 3737 4238 potestatem,

2138 4258 2505 4331 pertineant],
2539 4261 2654 4316 Deo
2683 4259 2778 4330 qui
2809 4259 2964 4314 dedit
2989 4259 3149 4315 vobis
3186 4260 3512 4330 imperium,
3541 4260 3728 4315 taliter

2139 4367 2307 4421 super
2346 4368 2566 4408 omnem
2611 4352 2951 4423 impietatem
2999 4353 3220 4424 injuriis
3264 4353 3463 4409 allecto
3508 4371 3521 4408 :
3569 4362 3630 4409 ut
3671 4363 3735 4409 et

2140 4444 2323 4499 emteri
2357 4460 2551 4499 eorum
2587 4444 2843 4501 timorem
2875 4444 3117 4500 habeant
3144 4445 3360 4501 cunctis
3384 4443 3582 4500 diebus
3611 4459 3729 4499 ma-

2139 4537 2356 4592 ledictze
2380 4552 2446 4591 ac
2469 4545 2766 4609 segregem
2794 4536 2921 4592 vitae
2952 4537 3199 4607 ipsorum
3242 4554 3256 4592 :
3292 4553 3433 4608 quos
3464 4547 3521 4593 et
3548 4537 3731 4593 susci-

442 4644 547 4696 κην
580 4625 672 4679 τοῦ
711 4626 996 4697 μέλλοντος
1039 4626 1239 4690 αὐτοὺς
1288 4625 1595 4679 κατεσθίειν
1625 4627 1897 4681 ἀσϐέστου
1937 4630 2032 4682 καὶ

2139 4629 2296 4699 pient
2319 4641 2567 4699 cognata:
2594 4629 2836 4686 tenebrat
2861 4643 2976 4685 suae
3009 4629 3061 4683 in
3087 4629 3499 4684 damnationem
3524 4629 3741 4684 vermis.

440 4716 719 4786 ἁφεγγοῦς
753 4719 955 4788 πυρός·
1006 4717 1103 4771 καὶ
1152 4717 1581 4785 καταθεματίσει
1616 4720 1814 4784 αὐτοὺς
1851 4722 1932 4783 εἰς
1962 4719 2032 4774 τὰ

2143 4720 2398 4793 [cineris]
2424 4721 2520 4792 qui
2550 4730 2903 4778 comesturus
2926 4729 3006 4776 est
3035 4720 3179 4786 illos,
3200 4729 3255 4776 et
3280 4721 3423 4792 ignis
3444 4720 3543 4790 qui
3571 4719 3741 4793 [non]-

442 4808 773 4879 καταχθόνιοι
823 4809 921 4878 τῆς
948 4807 1185 4888 ἀϐύσσου
1221 4809 1353 4861 αὐτὸ
1382 4807 1442 4861 τὸ
1473 4809 1736 4878 πανάγιον
1769 4813 1865 4864 καὶ
1896 4829 2027 4866 παν-

2135 4813 2444 4883 splendebit
2484 4830 2503 4867 ι
2538 4821 2597 4868 et
2637 4812 3127 4868 anathematizabit
3166 4810 3739 4885 [catathematizabit}

440 4899 743 4971 τοδύναμον
769 4900 993 4970 Πνεῦμα
1021 4899 1194 4969 Ἰησοῦ
1218 4899 1458 4970 Χριστοῦ
1482 4899 1575 4954 τοῦ
1607 4901 1815 4974 Κυρίου
1844 4904 1876 4970 ἠ
1887 4902 2025 4972 μῶν,

2135 4918 2231 4959 eos
2277 4904 2332 4963 in
2378 4903 2739 4958 inferioribus
2785 4904 2967 4974 abyssi
3014 4903 3131 4972 ipse
3178 4911 3404 4958 sanctus
3445 4911 3503 4958 et
3532 4903 3728 4958 omnia

442 4992 503 5046 τὸ
554 4993 619 5045 ὲκ
671 4991 766 5048 τοῦ
828 4990 1042 5061 Πατρδς
1082 4992 1538 5062 ἐκπορευόμενον,
1593 4992 1688 5044 τοῦ
1732 4992 2031 5051 ἀπολέσθαι

444 5086 642 5146 αὐτοὺς
690 5087 770 5147 είς
809 5083 1117 5154 ἀπέραντον
1173 5083 1474 5139 ἀπώλειαν.
1525 5084 1729 5139 Τοῦτον
1777 5087 1888 5157 γὰρ
1942 5087 2035 5141 τὸν

443 5174 606 5245 ζῆλον
655 5174 1053 5240 ἐνδεικνύμενοι
1126 5175 1453 5238 σπουδαίως,
1495 5175 1852 5245 θεοξύλακτοι
1908 5194 2036 5249 τρο-

443 5266 720 5337 παεοῦχοι,
757 5268 838 5331 είς
861 5264 1027 5318 αὐτὸν
1059 5265 1149 5319 τὸν
1181 5266 1653 5337 συμϐασιλεύοντα
1683 5270 1747 5338 τῇ
1780 5269 2033 5341 εὐσεϐείᾳ

446 5358 601 5431 ὑμῶν
645 5363 912 5431 μονογενῆ
940 5361 1092 5424 Θεὸν,
1120 5360 1262 5430 ὑπὲρ
1291 5359 1388 5430 τὴν
1411 5358 1506 5413 τοῦ
1555 5360 1811 5430 Ἀϐραὰμ
1843 5359 2034 5414 θυσίαν

440 5450 877 5523 ἀποδεχθήσεσθε
933 5453 1085 5521 παρὰ
1112 5451 1212 5522 τῆς
1238 5450 1402 5507 αὑτοῦ
1433 5451 1816 5505 παντεπόπτου
1849 5451 2036 5523 θεότη-

440 5556 551 5604 τος*
572 5544 665 5596 καὶ
684 5541 834 5594 ἔσται
853 5543 944 5594 ἐπὶ
963 5543 1130 5595 πλείω
1147 5542 1486 5612 εὐλογημένη
1503 5542 1597 5594 καὶ
1618 5541 2032 5614 μεγαλυνομένη

442 5633 521 5706 τῷ
564 5634 758 5705 κράτει
809 5635 913 5704 τῆς
978 5635 1161 5706 ἰσχύος
1210 5634 1377 5691 αὑτοῦ
1416 5634 1826 5707 ἡφιλόχριστος
1874 5635 2028 5706 ὑμῶν

443 5723 692 5799 βασιλεία
747 5726 888 5799 ὑπὲρ
944 5727 1128 5795 πάσας
1182 5727 1281 5795 τὰς
1337 5727 1650 5801 ἔμπροσθεν
1709 5726 2021 5800 βασιλείας·

512 5922 560 5988 ι,
572 5915 856 5982 ισάιύτάς.

2134 5005 2330 5065 potens
2365 4993 2605 5064 Spiritus
2631 4994 2765 5051 Iesu
2796 4993 3002 5049 Christi
3040 4993 3261 5048 Domini
3296 4994 3496 5058 nostri,
3526 4994 3624 5065 qui
3660 5011 3730 5052 ex

2136 5087 2297 5145 Patre
2343 5085 2630 5156 procedit,
2664 5085 2733 5139 ad
2781 5084 3129 5156 perdendum
3173 5086 3300 5141 illos
3346 5086 3404 5140 in
3455 5084 3731 5141 inﬁnitam

2139 5178 2531 5250 perditionem.
2564 5178 2725 5234 Hunc
2748 5177 2897 5234 enim
2927 5177 3106 5233 zelum
3136 5177 3300 5234 vobis
3331 5190 3588 5243 Strenue,
3616 5178 3732 5235 Deo

2139 5271 2505 5328 conservandi
2547 5279 2604 5326 et
2647 5270 3115 5341 triumphatores,
3142 5269 3199 5325 in
3244 5270 3424 5341 ipsum
3466 5269 3563 5340 qui
3603 5285 3731 5326 cum

2137 5365 2343 5436 pietate
2373 5373 2555 5419 vestra
2584 5370 2807 5435 regnat,
2836 5363 3185 5435 unigenitum
3217 5361 3731 5418 demonstrantibus

2138 5456 2345 5521 Deum,
2377 5470 2546 5525 super
2583 5454 2920 5510 sacriﬁcium
2955 5454 3195 5512 Abrahae
3238 5453 3618 5525 suscipiemini
3658 5454 3729 5509 ab

2137 5548 2258 5618 ejus
2288 5555 2621 5602 cunctorum
2650 5546 2985 5618 inspectrice
3012 5546 3220 5602 deitate
3253 5564 3267 5600 :
3298 5554 3355 5601 et
3376 5545 3485 5601 erit
3511 5560 3731 5615 peram-

2136 5639 2284 5711 plius
2311 5639 2666 5695 benedictum
2683 5680 2698 5706 ,
2726 5638 2973 5713 potentia
2995 5638 3223 5696 virtutis
3247 5639 3398 5712 ejus,
3424 5646 3483 5693 et
3511 5637 3735 5708 magni-

2138 5729 2364 5787 ﬁcatum
2396 5729 2620 5788 Christo
2654 5729 2921 5787 dilectum
2954 5728 3250 5802 imperium
3280 5736 3522 5785 vestrum
3554 5739 3730 5800 super
