4078 6438
322 485 470 553 319-1
1354 527 1376 539 -
1838 509 2167 569 NOTITIA.
3394 530 3399 537 λ
3498 511 3646 574 3222

322 600 615 693 .jlondum
642 623 741 667 sex
777 610 908 667 anni
931 612 1103 684 elapsi
1138 623 1297 670 erant
1350 629 1414 669 es
1444 630 1552 686 quo
1601 616 1669 670 ad
1696 616 1882 671 sedem
1918 617 2737 693 llicrosolymitanamevectus
2792 617 2977 674 fuerat
3010 605 3327 684 Zacharias,
3364 607 3500 676 'cum
3540 638 3638 677 rex

324 690 663 749 Persarum
687 695 947 767 Cosroes,
982 699 1137 772 Syria
1176 701 1481 768 devastata,
1518 703 1713 757 urbem
1738 702 2181 775 Hierosolymam
2206 704 2373 775 cepit,
2402 692 2752 759 Christianos
2775 704 2851 759 ibi
2884 704 3149 775 degentes
3173 706 3229 760 in
3256 706 3478 761 vincula
3509 722 3643 762 con-

323 778 501 848 iecit,
545 781 890 857 Judaeisque
920 788 1015 842 vili
1049 789 1229 858 pretio
1262 789 1512 855 tradidit,
1544 805 1574 845 a
1606 790 1832 860 quibus,
1867 806 1977 845 non
2018 802 2080 847 ut
2111 790 2316 862 captivi
2355 798 2452 846 aut
2481 792 2627 847 servi
2671 791 2889 863 excepti
2939 797 3188 859 fuerunt,
3224 794 3320 848 sed
3362 793 3416 848 in
3450 794 3641 850 odium

322 865 561 922 Christi
621 871 871 927 diversis
903 873 1322 946 innumerisque
1355 877 1700 932 cruciatibus
1730 877 2010 934 interfecti
2041 895 2055 932 :
2090 866 2466 949 patriarcham
2516 880 2740 935 demum
2782 890 2838 935 et
2871 880 3090 951 lignum.
3111 890 3316 937 sanctae
3360 883 3547 939 crucis
3580 882 3639 938 in

324 953 653 1011 Persidem
692 962 1017 1030 asportavit.
1070 963 1145 1017 De
1179 978 1243 1018 ea
1291 964 1447 1020 clade
1496 963 1795 1020 Chronicon
1847 964 2127 1033 Paschale,
2185 969 2300 1024 sive
2345 968 2803 1036 Alexandrinum,
2851 969 2927 1024 ita
2978 970 3247 1039 loquitur,
3284 970 3422 1025 edit.
3456 972 3520 1026 D.
3555 971 3641 1027 Du

323 1039 558 1112 Cangc,
599 1046 784 1102 Paris.
819 1049 973 1114 1688,
999 1067 1055 1120 p.
1096 1053 1202 1107 585
1241 1050 1427 1124 (anno)
1458 1069 1507 1107 tv
1543 1051 1853 1125 (Heraclii),
1877 1055 2060 1109 indict.
2094 1054 2190 1120 XI,
2218 1062 2332 1127 post
2362 1055 2700 1110 consulatum
2720 1056 2954 1111 Heraclii
2993 1055 3219 1127 Augusti
3259 1058 3495 1113 tertium.
3528 1058 3641 1112 Hoc

333 1148 517 1223 (trino,
557 1136 716 1190 circa
757 1156 986 1194 mensem
1020 1141 1260 1209 Iunium,
1310 1142 1512 1197 malum
1550 1143 1706 1223 nobis_
1731 1144 1919 1198 accidit
1957 1153 2207 1217 perpetuo
2242 1144 2385 1199 luctu
2425 1144 2863 1217 prosequendum.
2902 1143 3036 1198 Cum
3074 1145 3196 1199 aliis
3247 1146 3438 1215 quippe
3499 1163 3641 1201 com-

329 1217 606 1284 pluribus
640 1222 869 1279 Orientis
896 1228 1213 1293 cirilatibus,
1244 1229 1546 1284 Jerusalem
1577 1248 1608 1284 a
1643 1217 1817 1285 Persis
1857 1240 2015 1301 capta
2061 1240 2159 1296 est,
2198 1231 2378 1287 multis
2409 1231 2742 1296 clericorum,
2792 1234 3179 1286 monachorum
3209 1272 3224 1297 ,
3259 1233 3645 1287 sanctimonia-

332 1304 506 1370 lium,
545 1317 605 1361 et
642 1312 907 1382 virginum
935 1315 1167 1370 millibus
1198 1318 1497 1373 trucidatis.
1521 1318 1800 1373 Incensum
1828 1321 1988 1373 etiam
2010 1320 2347 1373 Dominicum
2370 1318 2690 1390 sepulcrum,
2728 1325 2774 1372 et
2797 1317 3136 1372 celeberrima
3164 1317 3261 1372 Dei
3290 1318 3526 1389 templa:
3563 1326 3637 1386 et,

333 1403 396 1446 ut
434 1399 613 1453 verba
643 1401 841 1468 dicam,
868 1407 1101 1474 pretiosa
1136 1409 1319 1463 omnia
1352 1409 1642 1463 destructa.
1686 1409 2001 1463 Veneranda
2028 1408 2195 1462 crucis
2223 1407 2392 1478 ligna,
2422 1423 2539 1460 cum
2568 1408 2735 1462 sacris
2765 1407 2901 1461 vasis
2927 1405 3246 1472 innumeris,
3278 1408 3565 1477 capiuntur
3596 1426 3630 1461 a

332 1481 563 1551 Persis,
594 1496 650 1540 et
678 1489 971 1547 Zacharias
991 1497 1301 1565 patriarcha
1322 1498 1560 1565 captivus
1593 1497 1890 1552 abducitur.
1934 1496 2102 1567 Atque
2129 1498 2234 1550 ha'c
2263 1498 2442 1551 omnia
2462 1512 2614 1564 ,Vnon
2648 1495 2819 1549 multa
2849 1494 2979 1549 anni
2997 1504 3171 1564 parte,
3191 1488 3284 1548 nec
3311 1503 3418 1548 toto
3439 1511 3635 1559 mense.

330 1573 433 1624 sed
462 1573 635 1629 intra
670 1594 865 1642 paucos
918 1582 1027 1636 dies
1072 1584 1358 1653 contigere.
1389 1584 1593 1640 Eadem
1627 1584 1741 1639 lere
1769 1583 1964 1639 scribit
2003 1582 2370 1652 TheOphanes
2416 1583 2469 1636 in
2524 1581 2965 1652 Chronographia
2988 1622 3001 1646 ,
3038 1582 3105 1639 ad
3143 1598 3349 1636 annum
3379 1583 3636 1654 quintum

335 1656 639 1717 lleraclii.
667 1663 911 1730 Quartus
942 1668 1032 1723 hic
1056 1678 1173 1724 erat
1204 1670 1356 1742 (Chr.
1404 1671 1554 1741 6M),
1590 1671 1707 1733 scd,
1746 1680 1805 1726 ut
1830 1678 2016 1738 monet
2048 1670 2481 1739 Papebrochius,
2522 1678 2560 1724 t.
2594 1670 2667 1724 lli
2694 1669 2840 1735 Maii,
2875 1670 2931 1723 in
2964 1679 3125 1724 tract.
3162 1670 3395 1740 prazlim.
3421 1686 3475 1724 n.
3512 1671 3637 1734 154,

336 1759 397 1813 p.
436 1747 541 1813 31,
575 1750 689 1804 col.
726 1752 776 1817 1,
805 1754 872 1815 Α,
904 1754 997 1809 ille
1027 1765 1227 1811 auctor
1259 1772 1372 1812 uno
1405 1773 1549 1811 anno
1593 1758 1775 1812 serius
1805 1757 1860 1811 in
1891 1758 2051 1815 annis
2083 1758 2319 1812 lleraclii
2353 1773 2441 1812 res
2464 1765 2680 1822 narrat,
2716 1772 2782 1811 eo
2821 1756 2966 1826 quod
2998 1757 3239 1827 primum
3273 1750 3438 1828 hujus
3470 1757 3643 1828 impe-

338 1835 570 1891 ratoris
604 1854 810 1894 annum
870 1841 924 1896 in
953 1843 1094 1899 duos
1118 1844 1393 1910 diviserit,
1428 1844 1894 1914 quemadmodum
1929 1845 2181 1914 pluribus
2218 1844 2619 1898 demonstravit
2661 1843 2806 1898 idem
2853 1843 3268 1912 Papebrocbius
3314 1844 3371 1897 in
3414 1843 3639 1914 Exegesi

340 1925 608 1992 prwlim.
656 1928 723 1982 ad
762 1939 896 1986 tom.
922 1932 1014 1991 lll.
1048 1933 1208 1987 Mart.
1240 1949 1360 2004 cap.
1408 1933 1461 1987 4.
1494 1933 1646 1988 Anno
1677 1935 1860 2004 quinto
1894 1931 2206 2003 (legendum
2251 1936 2464 2002 quarto)
2490 1931 2699 2001 imperii
2736 1929 2994 1997 Heraclii,
3021 1930 3202 1985 Persa:
3221 1930 3475 1986 Iordanis
3500 1930 3635 1994 loca,

337 2010 751 2080 Palwstinam,
787 2028 836 2071 et
856 2029 1101 2075 sanctam
1124 2023 1392 2079 civitatem
1418 2040 1695 2076 armorum
1729 2024 1778 2077 vi
1798 2022 2137 2092 subegerunt,
2160 2029 2209 2072 ct
2263 2018 2529 2079 manibus,
2562 2026 2619 2071 ut
2663 2018 2882 2089 quidam
2910 2026 3177 2082 asserunt,
3198 2016 3528 2083 Juda'orum,
3567 2017 3638 2071 ad

341 2106 671 2171 nonaginta
717 2103 1148 2161 Christianorum
1192 2109 1365 2163 millia
1421 2110 1777 2164 trucidarunt.
1820 2109 1991 2179 Capto
2030 2124 2151 2162 vero
2199 2105 2691 2178 Hierosolymorum
2744 2107 3055 2176 patriarcha
3090 2104 3378 2168 Zacharia,
3410 2107 3636 2174 pretioso

338 2188 521 2241 eti..m
561 2199 615 2242 et
647 2192 853 2260 viviﬁco
886 2196 1054 2248 crucis
1087 2194 1229 2267 ligno
1255 2196 1381 2250 locis
1409 2196 1516 2250 illis
1547 2206 1746 2266 erepto,
1772 2200 2108 2267 captivorum
2152 2197 2424 2250 hominum
2456 2195 2851 2249 multitudinem
2904 2194 3240 2247 innumeram
3295 2195 3348 2247 in
3372 2192 3638 2247 Persidem

341 2274 727 2333 abduxerunt.
757 2280 973 2346 Exstat,
1018 2282 1199 2352 inquit
1236 2284 1658 2355 Papebrochius
1712 2286 1876 2338 modo
1910 2287 2189 2351 laudatus,
2228 2286 2365 2340 ibid.
2399 2303 2455 2339 ιι.
2503 2285 2627 2346 155,
2672 2283 2953 2339 Francisci
2989 2281 3308 2338 Combclisii
3344 2281 3498 2354 (0rd.
3530 2283 3633 2336 FF.

339 2360 628 2433 Przedic.)
651 2379 839 2435 opera,
870 2378 994 2438 post
1020 2369 1267 2425 libellum
1301 2373 1475 2427 sancti
1504 2372 1735 2427 Joannis
1755 2375 2130 2445 Citrysostomi
2162 2373 2239 2427 De
2265 2373 2554 2428 educandis
2609 2371 2808 2437 liberis,
2846 2372 3065 2440 aliaque
3093 2371 3383 2435 nonnulla,
3409 2370 3639 2424 Parisiis

339 2462 504 2503 anno
550 2451 713 2516 1656,
748 2454 1168 2513 Gnaeo-Latine
1214 2460 1485 2528 impressa
1540 2461 1795 2530 cpistola,
1847 2477 2012 2530 quam
2050 2462 2221 2516 vidua:
2257 2477 2483 2531 sponsa',
2525 2461 2729 2513 civitati
2781 2460 2916 2528 regis
2949 2457 3130 2527 magni
3158 2456 3362 2510 -liberis
3409 2456 3634 2521 orbataz,

339 2535 853 2612 Hierosolymitano
901 2547 1049 2616 gregi
1088 2555 1356 2615 pastorem
1404 2565 1509 2601 non
1538 2548 1750 2602 habenti
1780 2566 1797 2603 :
1825 2551 1917 2603 sed
1942 2558 1993 2604 et
2045 2550 2260 2619 reliquis
2291 2549 2530 2602 omnibus
2563 2550 2616 2601 in
2643 2546 2850 2604 Christo
2905 2545 3136 2601 ecclesiis
3158 2586 3172 2610 ,
3216 2546 3545 2616 residuisque
3573 2545 3635 2598 in

339 2623 461 2678 illis
485 2625 626 2694 ﬁliis
657 2632 931 2700 orphanis,
965 2644 1146 2703 pastor
1173 2635 1404 2701 humilis,
1428 2635 1592 2700 solus,
1620 2639 1875 2708 captivus,
1896 2637 2187 2692 Zacharias
2210 2638 2457 2691 minimus
2486 2651 2516 2690 c
2545 2634 2772 2691 Perside
2803 2635 3046 2703 scripsit,
3065 2648 3246 2697 suam,
3284 2633 3634 2703 aliorumque

342 2714 721 2781 captivorum
750 2720 1124 2777 calamitatem
1156 2739 1622 2787 commemorans,
1665 2735 1722 2782 et
1753 2726 2072 2781 meminisse
2113 2726 2316 2795 jubens
2354 2722 2635 2794 quomodo
2667 2721 2783 2791 ipse
2824 2721 3076 2791 quidem,
3102 2718 3326 2789 quando
3362 2736 3488 2776 cum
3524 2720 3637 2775 illis

341 2809 500 2865 erat,
534 2802 593 2856 in
624 2803 850 2862 Galilaaa
879 2808 1082 2865 dixerit
1113 2828 1125 2863 :
1161 2810 1353 2874 Plane,
1388 2811 1509 2880 ﬁlii,
1544 2813 1810 2882 ingentem
1827 2814 1879 2865 in
1900 2812 2037 2867 vobis
2055 2812 2202 2866 video
2226 2814 2514 2876 incuriam,
2540 2809 2767 2863 multam
2788 2810 3088 2879 segnitiem,
3114 2809 3460 2878 iujustitiam,
3484 2810 3638 2879 igno-

346 2889 626 2957 rantiam,
656 2894 955 2963 fraternum
995 2899 1195 2959 odium,
1242 2899 1653 2969 apostolicorum
1690 2917 1958 2953 canonum
1991 2900 2468 2969 transgressionem
2519 2908 2682 2968 atque
2710 2905 3111 2967 contemptum;
3146 2912 3239 2948 nec
3265 2896 3371 2949 scio
3405 2913 3639 2965 quonam

347 2991 438 3029 res
472 2986 673 3033 nostra:
701 2998 939 3038 evasura:
968 2986 1074 3038 sint
1102 3003 1118 3039 :
1150 2987 1301 3055 ipsos
1336 3001 1468 3042 vero
1501 2986 1837 3056 respondere
1868 2988 2060 3043 solitos
2085 3006 2097 3040 :
2121 2986 2300 3042 Bonus
2326 2995 2401 3040 est
2437 2985 2598 3050 Deus,
2634 3000 2727 3038 nec
2766 3001 2862 3038 nos
2884 2984 3079 3037 creavit
3105 2992 3158 3036 ut
3184 2982 3445 3052 perderet.
3478 2983 3639 3037 Nunc

347 3079 495 3137 ergo
541 3067 803 3124 hortatur
839 3086 938 3125 eos
970 3072 1036 3126 ad
1066 3074 1475 3142 pmnitentiam,
1505 3074 1952 3129 emendationem
1988 3091 2232 3141 morum,
2289 3073 2727 3130 misericordiam
2780 3089 2908 3144 erga
2958 3071 3209 3141 captivos
3263 3069 3491 3138 fratres;
3543 3079 3641 3127 aut

349 3156 571 3223 quibus
605 3174 715 3213 non
738 3161 984 3230 suppetit
1009 3162 1153 3227 quod
1178 3163 1503 3233 largiantur.
1538 3162 1605 3216 ad
1634 3161 2097 3234 preces,’jejunia,
2125 3161 2613 3218 bumieubationes
2667 3169 2724 3216 et
2756 3161 3042 3231 lacrymas.

431 3243 493 3298 Si
525 3261 651 3314 qua:
683 3258 872 3302 autem
904 3248 959 3301 in
995 3258 1142 3303 tanta
1173 3250 1491 3305 calamitate
1537 3251 1774 3306 inveniri
1812 3235 1993 3321 potuit
2019 3252 2326 3307 consolatio
2366 3249 2686 3319 temporalis
2713 3289 2726 3314 ,
2760 3249 2878 3303 hazc
2910 3249 3190 3320 praecipue
3223 3247 3642 3304 subministrata

353 3342 445 3383 est
477 3349 510 3388 a
540 3343 736 3389 sancto
796 3335 1011 3391 Joanne
1072 3338 1546 3410 Eleemosynario,
1585 3347 1719 3394 tunc
1757 3339 2023 3410 temporis
2076 3338 2393 3409 patriarcha
2431 3336 2831 3399 Alexandrino,
2861 3336 2929 3391 de
2977 3352 3088 3404 quo
3140 3337 3245 3391 ista
3277 3336 3473 3391 scribit
3523 3337 3645 3405 ejus

349 3418 506 3476 'Vitre
546 3433 743 3477 auctor
779 3422 1078 3488 Leontius,
1111 3424 1253 3494 apud
1284 3426 1487 3481 Baron.
1550 3427 1615 3480 ad
1652 3443 1856 3481 annum
1906 3427 2110 3482 Christi
2161 3427 2286 3490 6H,
2324 3427 2496 3489 n.15,
2531 3426 2635 3481 col.
2671 3425 2798 3480 26L
2836 3422 2969 3480 Cum
2993 3423 3168 3481 Persa:
3192 3423 3435 3495 papulati
3475 3432 3646 3478 essem

358 3508 671 3563 universam
697 3497 932 3581 Syriam:
960 3513 1051 3582 qui
1071 3528 1251 3566 eorum
1292 3529 1483 3566 manus
1515 3522 1796 3583 potuerunt
1829 3516 2070 3585 e/j‘ugere,
2103 3523 2211 3568 tum
2240 3513 2363 3568 laici
2391 3515 2480 3584 qui
2509 3514 2884 3584 magistratum
2913 3511 3187 3581 gerebant,
3206 3520 3255 3565 et
3284 3513 3501 3581 privati,
3534 3506 3647 3565 tum

360 3594 551 3650 clerici
575 3613 695 3650 cum
721 3600 973 3669 episcopis
996 3600 1310 3669 confugiunt
1336 3599 1727 3653 Alexandriam
1779 3599 1977 3667 Quibus
2001 3602 2241 3656 omnibus
2278 3601 2420 3655 dives
2450 3600 2543 3653 ille
2572 3610 2619 3653 et
2647 3601 2861 3654 minime
2896 3608 3152 3669 angustus
3185 3600 3488 3652 conrivator
3518 3616 3649 3670 quo-

360 3684 499 3739 tidie
521 3685 896 3755 suppeditabat
921 3702 1039 3754 qua:
1080 3697 1233 3740 erant
1261 3687 1331 3741 ad
1362 3703 1515 3740 usum
1554 3690 1878 3751 necessaria,
1928 3705 2035 3743 non
2085 3690 2157 3742 ad
2196 3689 2545 3757 indigentiam
2579 3687 2834 3757 aspiciens
2882 3685 3300 3750 multitudinem,
3338 3695 3395 3740 ut
3441 3684 3649 3755 aliquid

364 3770 575 3841 facere!
598 3773 742 3837 quod
783 3782 921 3828 esset
958 3776 1161 3829 sordidi
1192 3784 1241 3828 et
1264 3770 1557 3829 illiberalis
1586 3776 1774 3838 animi,
1804 3777 1894 3828 sed
1927 3777 1996 3830 ad
2016 3793 2136 3830 eum
2166 3777 2257 3847 qui
2278 3776 2448 3847 aperit
2468 3791 2708 3837 manum,
2734 3781 2781 3827 et
2804 3789 2958 3827 omne
2987 3771 3194 3825 animal
3231 3770 3412 3843 implet
3437 3771 3648 3826 benedi—

365 3860 563 3913 ctione.
592 3861 725 3913 Cum
745 3870 925 3915 autem
957 3861 1260 3916 Rasmizsus
1285 3863 1395 3915 dua:
1423 3864 1681 3916 exercitus
1711 3861 1902 3917 Cosroe
1931 3874 2185 3920 vastasset
2209 3875 2256 3919 et
2295 3856 2651 3935 depopulatus
2681 3871 2815 3917 esset
2841 3861 3148 3917 veneranda
3185 3859 3303 3914 loca
3335 3859 3647 3933 Hierosoly-

312 3994 315 3999 λ
368 3963 618 4011 morum;
648 3958 932 4019 postquam
958 3952 1052 4005 hoc
1082 3952 1282 4005 audivit
1310 3951 1401 4005 ille
1429 3953 1582 4005 homo
1614 3950 1728 4015 Dei,
1762 3951 1976 4021 etquod
2000 3953 2179 4005 omnia
2220 3962 2410 4006 sancta
2441 3952 2659 4020 fuissent
2684 3949 2794 4019 igni
2825 3948 3050 4011 tradita,
3085 3946 3240 4017 deﬂet
3274 3946 3504 4010 quidem,
3539 3962 3646 4000 non

368 4052 525 4089 secus
559 4053 623 4091 ac
650 4036 939 4103 Jeremias,
972 4039 1027 4092 id
1055 4040 1195 4110 quod
1223 4040 1425 4110 factum
1451 4040 1650 4110 fuerat.
1681 4038 1800 4094 Non
1832 4042 2086 4094 hactenus
2110 4047 2292 4093 autem
2325 4039 2556 4092 constitit
2594 4037 2706 4108 ejus
2727 4034 3149 4116 commiseratio,
3171 4033 3262 4089 sed
3290 4034 3450 4089 mittit
3485 4035 3647 4092 etiam

367 4121 727 4196 Chrysippum
749 4128 1032 4197 quemdam
1060 4131 1236 4183 virum
1261 4131 1431 4201 pium,
1471 4130 1688 4185 tradens
1716 4132 1767 4185 ei
1793 4129 2022 4185 multum
2047 4128 2187 4191 auri,
2215 4127 2665 4197 frumentumque,
2709 4132 2757 4178 et
2781 4122 2892 4179 alia
2940 4123 3197 4179 alimenta
3228 4132 3276 4176 et
3310 4123 3644 4188 indumenta,

369 4219 421 4264 et
455 4212 525 4266 ad
551 4230 612 4266 ea
638 4215 869 4269 vehenda
892 4216 1144 4286 jumenta
1185 4216 1443 4287 plurima,
1501 4226 1615 4272 tum
1664 4228 1723 4273 ut
1761 4219 2018 4291 aspiceret
2069 4217 2404 4279 vastitatem,
2471 4223 2583 4267 tum
2632 4213 2797 4266 etiam
2834 4218 2890 4265 ut
2912 4227 2997 4265 eos
3026 4211 3117 4281 qui
3178 4218 3548 4266 remanserant
3583 4227 3647 4266 ea:

368 4301 685 4369 captivitate
716 4304 847 4356 satis
871 4318 967 4373 per
989 4320 1049 4357 ea
1074 4319 1192 4372 qua:
1221 4303 1362 4357 dicta
1390 4304 1607 4373 filerunt
1648 4312 1928 4358 recrearet.
1959 4303 2229 4358 Praeterea
2268 4311 2448 4357 autem
2483 4300 2812 4356 Theodorum
2836 4315 3041 4372 quoque
3062 4299 3406 4354 Amathuntis
3448 4302 3649 4369 episco-

370 4404 525 4457 pum,
559 4395 606 4440 et
631 4388 982 4443 Anastasium
1020 4393 1329 4460 praefectum
1379 4392 1562 4461 magni
1584 4394 1779 4446 montis
1824 4391 2062 4456 Antonii,
2090 4401 2139 4445 ct
2170 4390 2482 4460 Gregorium
2521 4389 2827 4460 episcopum
2871 4386 3321 4441 Rinocorurorum
3358 4389 3546 4441 emittit
3576 4389 3648 4443 ad

371 4490 462 4529 eos
494 4476 840 4546 recipiendos,
870 4478 962 4548 qui
997 4478 1209 4532 abducti
1230 4478 1444 4547 fuerant
1472 4479 1528 4530 in
1567 4479 1950 4549 captivitatem,
1987 4480 2091 4533 vim
2134 4479 2255 4532 auri
2284 4477 2528 4549 prwbens
2565 4492 2731 4548 prope
2762 4473 3232 4531 innumerabilem.
3272 4475 3442 4531 Addit
3468 4476 3647 4547 Pape-

373 4560 573 4617 broch.
605 4578 774 4634 supra
802 4564 1027 4631 citatus,
1059 4582 1118 4620 n.
1154 4564 1276 4629 136,
1302 4580 1370 4619 ex
1394 4564 1647 4634 ejusdem
1675 4565 1852 4620 sancti
1881 4566 2111 4620 Joannis
2142 4566 2284 4629 Vita,
2327 4582 2383 4620 η.
2420 4565 2511 4619 55.
2543 4565 2626 4620 Ad
2670 4562 3164 4635 Hierosolymorum
3199 4561 3577 4619 relevationem
3598 4570 3646 4618 et

374 4651 861 4721 rewdiﬁcationem,
896 4653 1037 4707 misit
1063 4655 1394 4708 numismata
1420 4652 1588 4716 mille,
1620 4662 1669 4707 et
1694 4652 1840 4707 mille
1876 4670 2054 4707 saccos
2079 4653 2260 4724 plenos
2286 4655 2576 4725 frumento.
2611 4662 2660 4708 et
2695 4651 2841 4707 mille
2867 4651 3138 4722 legumina
3166 4650 3244 4724 (id
3282 4660 3388 4718 est,
3416 4651 3655 4723 legumi-

373 4753 510 4792 num
548 4740 882 4810 mensuras),
919 4739 1066 4794 mille
1097 4741 1261 4795 libras
1296 4741 1449 4810 ferri,
1486 4740 1632 4794 mille
1682 4748 1844 4794 restes
1867 4742 2185 4795 siccatorum
2222 4742 2465 4811 piscium,
2518 4739 2664 4794 mille
2693 4738 2914 4794 vascula
2958 4739 3087 4803 vini,
3125 4746 3175 4791 et
3203 4737 3349 4791 mille
3374 4737 3653 4810 .Eggptios

375 4828 669 4898 operarios,
698 4829 897 4882 addens
932 4846 1026 4899 per
1051 4827 1254 4882 litteras
1279 4830 1349 4883 ad
1400 4828 1695 4883 Modestum
1727 4829 1996 4899 scriptas:
2027 4829 2107 4883 Da
2140 4830 2269 4884 mihi
2308 4830 2540 4893 veniam,
2579 4843 2700 4883 vere
2743 4826 2937 4882 Christi
2960 4833 3228 4897 operator,
3257 4824 3391 4878 nihil
3423 4826 3649 4898 dignum

379 4914 589 4985 templis
618 4913 814 4970 Christi
857 4917 1110 4970 mittenti.
1149 4916 1345 4970 Vellem
1387 4918 1549 4981 enim,
1589 4917 1741 4970 crede
1776 4918 1925 4983 mihi,
1955 4919 2001 4972 si
2036 4926 2167 4972 esset
2191 4917 2537 4981 conveniens,
2567 4922 2615 4968 et
2648 4931 2741 4985 ego
2764 4916 2874 4986 ipse
2905 4915 3104 4976 venire,
3126 4919 3174 4965 et
3208 4914 3318 4982 ipse
3338 4914 3552 4982 operari
3586 4914 3643 4967 in

378 5002 530 5055 demo
555 5011 755 5057 sanctae
786 5003 984 5058 Christi
1010 5003 1453 5058 Resurrectionis.
1485 5001 1587 5057 llic
1621 5002 1900 5061 Modestus
1932 5004 2195 5059 Ecclesize
2248 5001 2768 5073 Ilierosolymitanze
2820 5015 3009 5054 curam
3067 4998 3256 5069 gessit,
3299 5007 3358 5052 ut
3399 4998 3644 5056 vicarius

378 5088 661 5144 Zachariae
688 5090 959 5160 episc0pi,
997 5091 1246 5160 quandiu
1283 5092 1374 5145 ille
1400 5093 1655 5161 captivus
1701 5092 1886 5146 fuitin
1925 5091 2174 5154 Perside,
2203 5091 2365 5160 eique
2403 5098 2527 5160 post
2557 5098 2793 5144 mortem
2828 5088 3119 5143 successit.
3146 5086 3383 5142 Eosdem
3417 5087 3642 5145 interim

382 5177 891 5247 Hierosolymorum
935 5179 1143 5234 incolas
1176 5179 1296 5233 suis
1333 5180 1565 5250 scriptis
1622 5180 1916 5235 sublevare
1972 5180 2278 5235 conabatur
2306 5177 2616 5232 Antiochus
2665 5175 2893 5246 quidam
2926 5175 3234 5230 monachus
3290 5176 3639 5242 Palaestinas,

379 5267 508 5319 viae
531 5266 822 5320 sane:itate
844 5274 901 5320 et
925 5266 1184 5320 doctrina
1223 5265 1485 5330 celebris,
1518 5267 1683 5334 cujus
1715 5275 1936 5333 exstant
1970 5266 2224 5322 Humilia:
2286 5264 2405 5325 150,
2437 5274 2478 5320 ι.
2504 5263 2526 5316 Ι
2554 5261 2691 5317 Bibl.
2738 5262 2896 5316 Patr.
2931 5260 3101 5317 Crwc.
3128 5277 3188 5331 p.
3229 5262 3391 5318 1026.
3429 5262 3491 5317 in
3519 5262 3641 5332 epi-

381 5353 518 5406 stola
550 5361 733 5407 autem
769 5352 987 5422 praeﬁxa
1014 5352 1191 5422 operi,
1241 5369 1307 5407 eo
1349 5348 1512 5407 titulo
1555 5354 1856 5425 insignita:
1891 5353 2133 5421 Epistola
2180 5352 2423 5406 Antiochi
2469 5350 2717 5405 monachi
2749 5348 2919 5404 lauro:
2952 5346 3107 5403 Saba:
3145 5349 3371 5415 abbatis,
3422 5350 3495 5403 ad
3520 5350 3641 5404 Eu-

379 5441 633 5494 stathium
658 5442 996 5511 prwpositum
1019 5443 1327 5495 monasterii
1347 5441 1603 5497 Attalinae
1635 5442 1857 5512 Ancyrae
1876 5444 2101 5497 civitatis
2132 5441 2382 5505 Calatiae,
2409 5440 2525 5494 haec
2557 5446 2769 5505 narrat,
2796 5437 2942 5508 apud
2972 5437 3270 5492 Baronium
3293 5453 3460 5509 supra
3494 5439 3646 5493 rela-

381 5536 519 5591 tum,
547 5546 603 5583 ιι.
634 5530 723 5584 26.
765 5528 897 5584 Cum
920 5529 1212 5584 lsmaelitaz
1236 5531 1305 5585 ad
1328 5540 1569 5584 nostrum
1601 5531 1939 5585 accessissent
1963 5530 2377 5594 monasterium,
2406 5546 2515 5583 una
2549 5527 2848 5598 septimana
2887 5537 3178 5595 antequam
3216 5533 3405 5579 sancta
3457 5525 3647 5580 civitas

387 5617 562 5685 {uisset
589 5627 867 5687 occupata,
892 5624 941 5669 et
975 5618 1224 5671 universa
1261 5617 1489 5671 ecclesitv
1534 5634 1692 5671 sacra
1724 5635 1851 5672 vasa
1878 5619 2000 5687 jam
2054 5617 2438 5688 diripuissent,
2468 5614 2709 5686 plerique
2740 5612 2928 5668 Patres
2979 5611 3303 5683 aufugerunt
3341 5627 3505 5683 quam
3534 5614 3651 5683 pri-

383 5720 526 5757 mum
556 5719 574 5756 :
602 5711 971 5757 remanserunt
996 5712 1176 5758 autem
1202 5705 1258 5757 in
1296 5704 1614 5758 monasterio
1639 5706 1729 5775 qui
1763 5703 2004 5774 fortiores
2035 5704 2234 5759 Christi
2259 5704 2469 5775 fuerant
2492 5703 2650 5766 servi,
2714 5717 2928 5757 sacrum
2949 5698 3106 5754 illum
3157 5696 3331 5753 locum
3359 5698 3644 5754 destituere

383 5790 534 5846 nullo
568 5799 722 5860 pacto
757 5790 1008 5846 volentes.
1043 5789 1271 5845 Barbari
1299 5807 1422 5846 vero
1438 5809 1569 5869 cum
1598 5791 1715 5846 illos
1746 5794 2285 5863 comprehendissent,
2309 5801 2356 5847 et
2382 5791 2587 5865 multos.
2608 5789 2716 5845 dies
2747 5787 2865 5844 illos
2894 5789 3184 5843 inhumane
3207 5795 3546 5853 tractassem,
3592 5793 3645 5840 et

383 5881 657 5934 tormentis
683 5881 1007 5959 aﬂliaissent,
1053 5882 1301 5951 pecunias
1326 5882 1420 5936 hoc
1439 5889 1594 5952 pacto
1624 5899 1735 5937 sese
1758 5884 2064 5938 inventuros
2094 5879 2520 5953 putantes,apud
2545 5896 2672 5950 quos
2702 5876 2839 5933 nihil
2867 5876 3022 5948 hujus
3050 5877 3230 5932 steculi
3261 5875 3643 5947 reperiebatur.

391 5969 484 6026 Illi
509 5968 829 6044 simulatque
857 5969 1233 6026 intellexerunt
1250 5986 1345 6025 sua
1374 5987 1429 6025 se
1458 5971 1670 6041 tandem
1696 5987 1784 6043 spe
1803 5981 1851 6026 et
1878 5973 2145 6044 proposito
2160 5972 2433 6040 excidisse,
2460 5969 2513 6023 in
2537 5967 2961 6041 ejj'eratissimam
2988 5965 3124 6022 versi
3152 5964 3372 6034 rabiem,
3389 5962 3460 6019 ad
3480 5977 3645 6019 unum
