4078 6400
443 509 592 577 322:3
1376 515 1799 575 ZACHARIAS
1837 480 2326 575 mmmam
2368 512 2773 575 meuosou
3571 505 3710 571 322s

448 623 779 679 membratim
800 620 974 674 beatos
998 619 1116 673 illos
1145 623 1503 680 conciderunt.
1528 625 1630 691 Qui
1661 636 1710 678 et
1748 626 1931 681 Icetitia
1961 626 2252 680 incredibili
2286 627 2509 702 perfusi,
2530 644 2592 681 ac
2616 623 2836 696 proinde
2862 620 3031 677 alacri
3056 620 3203 675 vultu
3234 621 3712 686 renidentes,omni

445 728 563 766 cum
589 712 793 765 actione
817 710 1114 779 gratiarum
1134 710 1340 765 animas
1360 712 1699 767 reddiderunt
1716 715 1959 777 Domino,
1974 717 2165 787 quippe
2193 733 2295 770 non
2313 718 2389 771 ita
2406 716 2610 787 pridem
2623 716 2676 769 in
2698 711 2828 769 votis
2851 712 3142 766 habuerant
3166 710 3375 775 resolvi,
3400 719 3447 764 et
3471 728 3579 765 esse
3590 730 3714 767 cum

446 797 921 865 Christo.Corportt
957 813 1076 850 vero
1101 796 1385 868 plusquam
1408 799 1604 867 tragice
1633 818 1792 868 ca'sa,
1813 819 1929 855 cum
1952 818 2056 854 non
2084 817 2278 868 paucos
2302 801 2407 855 dies
2437 803 2492 856 in
2519 802 2732 855 humum
2762 799 2981 870 disjecta
3006 799 3119 852 sine
3142 795 3431 868 sepultura:
3461 797 3711 865 beneﬁcio
3804 866 3823 873 ᾔ

444 889 749 957 iacuissent,
779 888 842 940 ab
867 886 1067 941 Arabia
1100 887 1194 941 illo
1224 906 1386 961 usque
1418 890 1906 960 adproperavimus.
1937 890 2000 943 Et
2025 890 2234 960 quidem
2259 889 2478 942 eximius
2501 887 2660 941 abbas
2680 885 2981 939 Nicomedes
3007 882 3366 953 spectaculum
3395 882 3529 937 illud
3556 887 3711 936 mise-

444 974 612 1028 rabile
636 991 887 1028 ursorum
909 983 1122 1043 patrum
1158 977 1564 1047 contemplatus,
1590 978 1816 1048 deliquio
1847 976 2276 1040 animiconcidit,
2298 985 2453 1046 atque
2482 974 2628 1029 illinc
2662 972 2861 1027 relatus
2893 979 3126 1026 mortuus
3153 986 3314 1041 prape
3331 969 3710 1024 estJlodeslns

440 1070 715 1130 pra’lerea,
744 1070 791 1114 et
836 1062 944 1131 ipse
966 1065 1351 1127 sanctissimus,
1390 1067 1671 1119 adventant
1699 1076 1935 1119 nostrum
1963 1082 2079 1119 cum
2119 1063 2501 1127 antevertisset,
2526 1071 2573 1115 et
2600 1069 2909 1115 sanctorum
2958 1058 3172 1112 illorum
3224 1056 3507 1111 lustrasset
3560 1058 3708 1128 prius

439 1147 738 1201 habitacula
761 1150 960 1215 omnia,
990 1151 1169 1203 itidem
1187 1168 1383 1221 angore
1405 1154 1571 1205 animi
1596 1150 2108 1217 contractus,multis
2134 1168 2189 1205 se
2215 1148 2409 1221 proluit
2435 1148 2704 1219 lacrgmis,
2732 1165 2794 1202 ac
2812 1153 2997 1202 sancta
3020 1161 3137 1217 qua:
3160 1154 3377 1199 eatenus
3403 1145 3710 1199 resederunt

440 1234 654 1303 lipsana
674 1236 799 1299 (hoc
827 1245 911 1289 est
945 1246 1259 1291 sanctorum
1285 1238 1566 1308 reliquias)
1584 1239 1961 1310 circomplexus
1990 1240 2044 1292 in
2058 1237 2282 1292 Patrum
2307 1238 2633 1307 superiorum
2663 1235 2898 1305 deposuit
2928 1234 3251 1287 conditoriis.
3278 1231 3331 1287 Is
3364 1233 3434 1286 ad
3467 1233 3596 1293 hwc,
3620 1232 3709 1285 ubi

441 1322 727 1377 solemnem
756 1323 1000 1393 persolvit
1030 1340 1094 1377 ea:
1119 1340 1261 1378 more
1287 1341 1601 1391 sermonem,
1639 1336 1745 1381 etc.
1784 1326 2218 1395 Unumquemque
2244 1332 2478 1377 nostrum
2502 1324 2706 1375 hortari
2746 1323 2918 1391 coepit,
2947 1337 3012 1373 ne
3046 1336 3147 1391 quo
3175 1321 3576 1390 emigraremus,
3608 1317 3712 1372 loci

437 1409 585 1463 illius
608 1412 775 1464 nostri
803 1411 1112 1476 desertores,
1147 1413 1317 1482 magis
1353 1430 1473 1467 vero
1494 1430 1583 1467 eas
1620 1430 1736 1483 qua:
1774 1415 2117 1468 imminebant
2157 1412 2471 1465 tentationes
2511 1424 2761 1481 generoso
2790 1416 2996 1479 pectore
3019 1409 3389 1479 perferremus,
3421 1406 3713 1460 Dominicae

438 1496 585 1550 illius
620 1514 875 1551 memores
907 1500 1198 1560 sententiis,
1232 1501 1357 1569 quia
1390 1518 1407 1552 ο
1441 1512 1666 1570 angusta
1707 1509 1783 1555 est
1816 1510 1993 1572 porta,
2019 1509 2067 1555 et
2089 1509 2239 1555 arcta
2267 1501 2352 1553 via
2378 1515 2497 1570 qua:
2519 1499 2661 1551 ducit
2678 1498 2748 1551 ad
2776 1499 2959 1560 vitam,
2989 1507 3100 1552 etc.
3144 1515 3163 1548 ι
3203 1495 3375 1565 Hujus
3396 1496 3576 1564 itaque
3604 1494 3709 1547 ad-

447 1585 917 1638 manitionivisum
944 1592 1019 1639 est
1041 1602 1223 1656 gerere
1266 1602 1485 1652 morem,
1520 1603 1679 1658 eoque
1711 1588 1991 1659 (ideoque)
2037 1589 2094 1642 in
2153 1588 2310 1641 laura
2353 1586 2482 1639 duos
2531 1600 2691 1655 prope
2738 1598 2938 1637 menses
2978 1584 3388 1654 permansimus.
3435 1581 3709 1650 Loquitur

438 1669 643 1723 deinde
670 1670 742 1726 de
773 1671 899 1742 fuga
924 1671 1075 1726 illinc
1101 1672 1168 1726 ad
1203 1672 1350 1729 aliud
1387 1674 1811 1737 monasterium,
1844 1686 1899 1728 et
1925 1675 2054 1730 inde
2085 1674 2151 1728 ad
2180 1673 2350 1737 aliud,
2383 1688 2447 1728 ac
2473 1673 2540 1727 de
2572 1672 2696 1726 aliis
2728 1671 2862 1726 hinc
2890 1671 3020 1725 inde
3044 1670 3345 1740 dispersis;
3378 1677 3434 1723 et
3473 1668 3711 1723 inferiis

438 1758 643 1812 iterum
678 1757 745 1811 de
785 1758 1073 1813 monachis
1128 1776 1159 1813 a
1210 1758 1506 1815 Saracenis
1554 1762 1753 1817 occisis
1803 1777 2011 1832 agens:
2064 1761 2336 1825 Numeris,
2374 1760 2574 1830 inquit,
2620 1769 2926 1813 sanctorum
2966 1757 3212 1822 Patrum,
3254 1773 3382 1827 quos
3425 1759 3706 1828 tyrannica

434 1843 651 1898 sustulit
683 1845 978 1914 impressio,
1004 1854 1078 1899 est
1121 1848 1481 1917 quadraginta
1516 1859 1764 1919 quatuor.
1798 1848 1997 1904 Horum
2045 1852 2300 1905 memoria
2334 1848 2476 1903 Maio
2504 1861 2680 1903 mense
2700 1845 3018 1909 celebratur,
3052 1844 3257 1899 decima
3290 1846 3476 1915 quinta
3509 1848 3707 1898 mensis

434 1932 537 1985 die.
584 1932 918 1989 Eorunidem
947 1943 1253 2006 martyrum
1287 1936 1612 1990 memoriam
1643 1937 1778 1990 colit
1803 1936 2050 1991 Ecclesia
2080 1937 2134 1991 in
2165 1933 2544 2006 Martyrologio
2578 1934 2819 1986 Romano
2848 1932 2938 1987 die
2986 1933 3051 1986 16
3079 1931 3227 1996 Maii,
3253 1932 3342 1987 his
3373 1931 3558 1987 verbis
3589 1947 3602 1983 :
3635 1931 3703 1985 In

432 2016 728 2074 Palaestina
752 2022 927 2093 passio
951 2031 1258 2078 sanctorunt
1317 2026 1697 2078 monachorum
1728 2041 1761 2078 a
1806 2022 2090 2077 Saracenis
2117 2022 2173 2075 in
2217 2021 2374 2076 laura
2415 2022 2589 2075 sancti
2633 2018 2788 2074 Saba:
2841 2020 3273 2088 interfectorum.
3304 2020 3442 2073 Dum
3478 2033 3609 2072 vero
3642 2019 3702 2072 hi

445 2106 889 2173 coronabantur,
922 2109 1151 2179 quidam
1186 2110 1494 2166 monachus
1524 2109 1735 2166 Sinaita
1765 2111 1934 2166 modo
1971 2110 2204 2165 terribili
2232 2109 2422 2179 lapsus
2467 2117 2575 2163 est.
2605 2109 2743 2163 Rem
2781 2108 2863 2163 sic
2884 2107 3154 2163 describit
3210 2107 3355 2162 idem
3390 2105 3704 2161 Antiochus

431 2190 629 2248 homil.
662 2194 750 2258 8!,
784 2196 929 2265 apud
968 2197 1290 2259 Barunium,
1335 2198 1471 2254 ibid.
1510 2215 1567 2253 n.
1595 2200 1666 2253 50
1700 2216 1719 2253 .·
1752 2197 1891 2261 Fuit,
1927 2198 2130 2268 inquit,
2162 2198 2222 2250 in
2271 2204 2447 2249 monte
2468 2194 2599 2250 Sina
2648 2197 2941 2273 monachus
2965 2198 3205 2265 quidam,
3233 2196 3322 2266 qui
3345 2194 3541 2248 celebre
3567 2195 3702 2247 adeo

432 2282 594 2335 edidit
627 2298 741 2337 sua:
772 2285 1114 2340 continentiw
1152 2287 1438 2355 specimen,
1469 2288 1603 2341 utin
1636 2286 1831 2340 cellula
1859 2287 2052 2341 multos
2082 2286 2271 2338 vixerit
2318 2300 2485 2338 annos
2512 2282 2768 2338 inclusus.
2807 2283 3083 2337 Postremo
3129 2281 3445 2350 multifariis
3490 2280 3707 2335 revela-

432 2367 655 2421 tionibus
678 2369 895 2434 diaboli,
928 2380 975 2423 et
1008 2371 1283 2434 insomniis
1311 2371 1522 2434 illusus,
1551 2374 1619 2427 ad
1642 2374 1980 2428 Judaismum
2002 2372 2248 2442 delapsus
2275 2379 2371 2434 est,
2417 2382 2467 2425 et
2500 2372 2677 2425 carnis
2712 2371 3183 2424 circumcisionem.
3213 2369 3348 2424 Cum
3384 2371 3547 2439 igitur
3576 2370 3700 2422 dia-

432 2455 581 2510 bolus
602 2457 720 2509 huic
744 2457 1028 2511 identidem
1063 2474 1187 2512 vera
1215 2461 1455 2529 qua’dam
1494 2461 1757 2516 insomnia
1779 2462 2209 2520 demonstrasset,
2240 2471 2288 2512 et
2323 2458 2484 2513 veluti
2519 2459 2723 2528 objecta
2767 2458 3013 2512 illecebra
3041 2460 3321 2511 inescassct
3350 2456 3494 2511 illius
3515 2456 3697 2509 obscu-

432 2550 609 2595 ratam
634 2552 857 2596 mentem
877 2586 890 2608 ,
931 2546 1208 2599 novissime
1238 2546 1403 2600 oculis
1435 2547 1579 2601 illius
1622 2549 1797 2619 objicit
1825 2551 2089 2619 copiosam
2121 2548 2332 2602 turbam
2367 2546 2747 2617 apostolorum,
2774 2557 3096 2617 martyrum,
3146 2546 3479 2614 aliorumque
3525 2547 3698 2599 omnis

430 2630 636 2698 generis
661 2629 1449 2687 Christianorumiensissimis
1481 2635 1725 2698 tenebris,
1766 2643 1815 2687 et
1865 2634 2005 2689 onmi
2038 2636 2282 2689 dedecore
2308 2633 2611 2706 appletam:
2650 2642 2802 2704 parte
2839 2635 3100 2703 opposita,
3140 2632 3341 2697 Mosen,
3379 2631 3692 2702 PrOphetas,

431 2715 685 2787 p0pulum
711 2733 916 2791 quoque
941 2717 1277 2784 Judworum,
1315 2720 1420 2773 Deo
1448 2719 1646 2792 alioqui
1677 2722 1904 2775 inrisum
1938 2738 2142 2781 tsermo
2164 2731 2248 2777 est
2279 2723 2349 2777 de
2373 2722 2578 2778 Iudaeis
2597 2738 2745 2776 nunc
2772 2720 3064 2791 temporis)
3097 2723 3245 2792 offert
3286 2720 3563 2791 splendida
3596 2722 3697 2772 ad-

431 2804 645 2857 modum
691 2804 804 2858 luce
844 2810 1169 2877 conspicuos,
1199 2811 1355 2879 inque
1389 2808 1587 2879 gaudio
1614 2818 1662 2861 et
1694 2809 1968 2863 hilaritate
1996 2817 2157 2866 vitam
2203 2810 2557 2863 traducentes.
2587 2808 2713 2863 llwc
2736 2825 2855 2862 cum
2893 2816 3178 2879 spectasset
3208 2812 3391 2875 miser,
3422 2825 3449 2861 e
3476 2809 3693 2877 vestigio

425 2894 676 2953 surrexit.
709 2893 1060 2965 derelictoque
1083 2905 1264 2949 sancto
1300 2896 1393 2949 illo
1420 2906 1613 2957 monte.
1648 2897 1701 2950 in
1730 2896 2077 2952 Palwstinam
2102 2915 2263 2969 usque
2292 2900 2547 2967 pervenit,
2582 2906 2833 2969 rectaque
2882 2898 3181 2952 conscendit
3216 2898 3270 2951 in
3309 2896 3494 2951 Noara
3520 2905 3568 2949 et
3594 2896 3692 2949 Li-

426 2978 648 3049 byadem
671 2978 821 3050 asyla
858 2979 1187 3035 Judworum.
1232 2980 1360 3037 Cum
1388 2983 1559 3050 (vero)
1589 2985 1699 3037 istis
1722 2984 2059 3039 denarrasset
2081 3003 2199 3055 gnte
2225 2988 2323 3042 sibi
2353 2988 2476 3041 visa:
2495 2988 2706 3056 fuerant
2739 2985 3028 3040 diabolicas
3065 2988 3445 3058 apparitiones,
3466 2986 3694 3039 circum-

425 3068 563 3120 cisus
589 3077 686 3131 est,
705 3084 767 3120 ac
810 3069 1075 3138 professus
1094 3068 1461 3133 Judaismum,
1499 3071 1699 3141 accepit
1748 3087 1989 3138 uxorem,
2041 3074 2199 3145 inque
2254 3076 2488 3128 omnium
2538 3083 2815 3144 prospectu
2869 3074 3117 3128 adversus
3150 3071 3478 3129 Christianos
3525 3073 3691 3125 edidit

425 3153 700 3226 dogmata,
727 3167 1095 3226 propugnator
1121 3158 1291 3227 [actus
1316 3157 1556 3211 Iudaica’
1587 3162 1995 3229 superstitionis.
2020 3162 2175 3215 Hunc
2203 3179 2296 3232 ego
2320 3162 2443 3225 ridi,
2471 3160 2652 3230 pergit
2677 3162 3006 3226 Antiochus,
3047 3178 3110 3215 ac
3140 3160 3377 3231 plerique
3400 3162 3690 3214 monacho-

423 3257 566 3307 rum,
599 3259 764 3313 neqne
789 3246 928 3298 enim
959 3256 1189 3315 quatuor
1213 3248 1342 3300 anni
1366 3256 1488 3300 sunt
1511 3266 1542 3300 a
1574 3259 1741 3301 morte
1770 3249 1914 3303 illius
1943 3267 2048 3320 qua
2073 3252 2262 3304 misere
2287 3257 2570 3320 perruptas
2611 3254 2709 3302 est.
2763 3246 3017 3303 Catharri
3042 3250 3181 3302 enim
3225 3250 3541 3319 proﬂuvium
3575 3248 3688 3301 ali-

425 3330 639 3404 quando
662 3348 869 3400 passus,
897 3341 945 3385 et
969 3334 1227 3387 vermium
1252 3336 1523 3387 arrosione
1549 3336 1916 3390 contabescens
1943 3338 2254 3407 exspiravit.
2280 3336 2433 3390 Hunc
2468 3352 2587 3390 cum
2616 3336 2924 3390 vidissemus
2948 3352 3041 3407 ego
3069 3345 3118 3389 et
3147 3336 3243 3390 alii
3272 3336 3475 3406 aliquot
3499 3351 3694 3389 mona-

428 3418 533 3481 chi,
564 3421 795 3489 correpti
831 3421 1042 3485 timore,
1075 3421 1280 3489 ingenti
1307 3437 1424 3475 cum
1451 3420 1592 3475 luctu
1627 3423 2125 3478 lamentatisumus.
2159 3424 2290 3476 Erat
2315 3423 2371 3476 id
2396 3439 2527 3477 sane
2556 3440 2717 3496 quam
2750 3423 3054 3478 miserabile
3079 3423 3459 3495 spectaculum.
3484 3421 3574 3475 Vir
3598 3423 3688 3476 hic

427 3514 567 3559 totus
603 3507 919 3560 incanuerat
949 3508 1005 3560 in
1037 3510 1332 3562 monastica
1354 3511 1749 3569 exercitatione.
1776 3519 2227 3581 consenueratqne
2258 3508 2525 3564 laboribus
2552 3512 2787 3571 attritus,
2816 3521 2862 3563 et
2884 3512 2927 3564 is
2963 3511 3178 3564 tandem
3220 3528 3337 3564 cum
3372 3508 3684 3564 mulieribus

413 3593 725 3666 jocabatur,
762 3595 1163 3672 immundarum
1188 3598 1454 3660 carnium,
1492 3614 1678 3668 nempe
1700 3598 2069 3658 Iudaicarum,
2110 3605 2263 3664 gustu
2288 3611 2344 3649 se
2386 3597 2705 3665 defmdabat,
2728 3604 2778 3649 et
2813 3597 3149 3667 inquinabat,
3188 3596 3344 3650 verba
3370 3594 3687 3667 loquebatur

424 3683 646 3739 obscena
667 3689 715 3736 et
750 3683 1040 3752 impudica,
1065 3682 1463 3751 blasphemabat
1498 3687 1788 3746 Christum,
1821 3683 2080 3754 Spiritum
2126 3690 2370 3736 sanctum
2421 3699 2526 3736 non
2575 3683 2868 3739 tolerandis
2914 3683 3172 3754 afﬁciebat
3218 3682 3550 3736 contumeliis
3578 3699 3596 3736 :
3629 3690 3686 3736 et

421 3771 559 3823 hunc
608 3779 787 3824 tamen
845 3769 928 3824 illi
981 3772 1095 3825 sine
1148 3770 1259 3846 lege
1286 3772 1461 3830 Judcci
1514 3773 1804 3829 secundum
1844 3771 2102 3826 vocabant
2141 3769 2433 3824 Abraham.
2478 3770 2603 3825 Haec
2641 3770 2954 3825 Antiochus
3025 3778 3065 3824 t.
3104 3770 3121 3824 Ι
3155 3769 3294 3824 Bibl.
3321 3767 3478 3824 Patr.
3506 3768 3680 3825 Gra'c.

421 3872 481 3927 p.
511 3856 642 3910 Ηϐι
672 3864 729 3910 et
753 3872 870 3927 seq.
2030 3854 2033 3865 ⁸

491 3942 759 4007 Cosroes,
786 3952 847 3999 ut
871 3946 1079 4000 dictum
1106 3956 1210 4013 est,
1249 3950 1459 4021 lignum
1485 3955 1690 4003 sanetae
1725 3945 1931 4011 crucis,
1961 3942 2109 4015 quod
2139 3944 2537 4017 Hierosolymis
2566 3945 2914 4013 servaLatur,
2950 3946 3004 4001 in
3045 3945 3329 4001 Persidem
3365 3943 3677 4000 transtulit.

421 4031 529 4085 Sed
558 4032 718 4101 plane
753 4032 1119 4090 admiratione
1142 4037 1369 4109 dignum
1402 4036 1538 4090 illud
1569 4035 1693 4100 fuit,
1725 4034 1906 4104 inquit
1947 4033 2219 4087 Baronius
2243 4049 2410 4103 supra
2446 4034 2670 4099 citatus,
2708 4050 2764 4088 η.
2792 4034 2884 4099 5-2,
2931 4034 3162 4104 impium
3209 4032 3491 4087 hominem
3536 4030 3680 4086 adeo

420 4134 543 4174 csse
573 4120 869 4173 reveritum
903 4122 1099 4178 salutis
1132 4133 1336 4178 nostrae
1393 4132 1684 4193 tropaeum,
1720 4131 1782 4177 ut
1833 4136 1937 4175 nec
1968 4136 2138 4176 ausus
2176 4120 2341 4176 fuerit
2382 4122 2450 4177 ab
2487 4123 2601 4192 ipsa
2636 4123 2815 4188 theca,
2839 4138 2947 4193 qua
3000 4123 3380 4193 operiebatur,
3416 4121 3677 4191 signacu-

422 4223 535 4261 mqn
569 4222 850 4276 amovere,
884 4219 941 4265 et
974 4212 1127 4266 clave
1162 4212 1404 4282 aperire,
1438 4221 1498 4266 ut
1520 4212 1605 4266 vel
1635 4211 1770 4265 illud
1811 4210 2142 4279 inspiceret;
2176 4210 2269 4263 sed
2303 4211 2503 4264 timore
2533 4211 2870 4280 perculsum,
2893 4210 2972 4265 uti
3017 4211 3071 4265 in
3103 4217 3460 4265 sacrosancto
3482 4208 3675 4277 templi

417 4293 542 4348 loco
570 4296 979 4361 asservabatur,
1013 4297 1208 4352 eodem
1245 4297 1407 4352 modo
1434 4299 1485 4352 in
1519 4296 1800 4354 Persidem
1826 4297 2070 4351 voluisse
2106 4298 2427 4360 transferre,
2462 4299 2633 4352 veluti
2667 4299 2892 4354 demum
2922 4299 3192 4354 intactum
3234 4298 3674 4368 Hierosolymam

420 4390 765 4451 reportatum
824 4383 929 4439 fuit
966 4402 981 4439 :
1013 4384 1160 4454 quod
1183 4394 1415 4439 testatus
1441 4395 1525 4439 est
1550 4385 1830 4439 Modestus
1860 4383 2367 4457 Hierosolymorum
2396 4385 2733 4455 patriarcha,
2769 4387 2901 4441 item
2924 4400 3144 4456 quoque
3170 4385 3468 4440 universus
3492 4385 3682 4439 clerus

420 4469 683 4524 Ecclesia:
718 4469 1253 4545 llierosolymitante.
1280 4471 1470 4526 Tradit
1497 4473 1615 4527 hinc
1648 4471 1833 4525 omnia
1860 4471 2062 4525 Suidas
2107 4474 2162 4527 in
2196 4472 2473 4528 Heraclio.
2502 4474 2674 4528 Porro
2705 4473 2963 4528 observat
3006 4474 3205 4528 Baron.
3250 4473 3395 4528 idem
3427 4472 3494 4527 ad
3538 4487 3675 4526 anxi.

420 4562 545 4626 622,
578 4579 636 4618 η.
672 4563 719 4628 l,
755 4579 822 4618 ex
856 4579 968 4633 quo
1000 4570 1189 4618 sancta
1223 4562 1368 4618 Crux
1392 4572 1548 4631 capta
1576 4578 1606 4616 a
1635 4562 1815 4617 Persis
1835 4563 1959 4628 fuit,
1982 4571 2037 4616 et
2070 4561 2123 4615 in
2157 4561 2439 4616 Persidem
2469 4559 2925 4631 asportata,hanc
2956 4577 3056 4616 sua
3096 4563 3343 4631 potentia
3367 4602 3381 4626 ,
3415 4562 3524 4614 imo
3554 4561 3681 4630 ejus

418 4650 513 4717 qui
543 4650 596 4704 in
627 4665 690 4705 ea
723 4666 917 4721 passus
944 4659 1030 4706 est
1049 4651 1254 4706 virtute
1280 4692 1293 4713 ,
1324 4649 1587 4704 Romanis
1618 4650 1806 4719 plures
1844 4650 2195 4720 ins’gnesque
2224 4651 2529 4707 contulisse
2558 4650 2854 4715 victorias;
2883 4665 2914 4704 e
2956 4659 3149 4704 contra
3183 4667 3313 4705 VOIO
3349 4651 3543 4705 Persas
3585 4664 3680 4701 re—

418 4740 653 4807 portatis
687 4740 1054 4810 plurimorum
1082 4754 1355 4794 annorum
1386 4739 1606 4807 trepazis
1629 4738 1923 4794 admodum
1954 4741 2129 4795 elatos
2153 4735 2516 4805 depressisse,
2553 4748 2860 4801 eorumque
2897 4747 3081 4803 regem
3114 4734 3361 4788 Cosroen
3393 4731 3674 4786 horrenda

417 4838 596 4883 morte
627 4828 913 4883 multasse.
947 4828 1082 4881 Item
1109 4826 1173 4880 ad
1206 4841 1409 4880 annum
1436 4826 1560 4891 627,
1588 4843 1645 4881 n.
1675 4828 1767 4891 25,
1799 4829 2056 4883 Heraclio
2086 4821 2414 4893 imperatori
2440 4820 2627 4877 crucis
2654 4820 2865 4874 virtute
2907 4821 3122 4887 datum,
3151 4829 3210 4875 ut
3240 4832 3398 4891 longe
3445 4821 3679 4890 praacla-

420 4915 539 4969 rius
560 4931 724 4986 quam
747 4913 932 4985 quivis
964 4922 1092 4968 ante
1122 4914 1496 4968 Romanorum
1527 4915 1828 4986 imperator
1857 4918 1932 4971 de
1980 4917 2193 4972 victore
2238 4911 2468 4974 Cosroe,
2491 4910 2586 4979 qui
2618 4918 2675 4963 et
2726 4909 2873 4963 vinci
2916 4926 3077 4979 posse
3134 4925 3246 4963 non
3312 4909 3670 4972 credebatur,

418 5001 864 5072 triumphaverit,
895 4999 1110 5054 iteratis
1139 4999 1349 5055 scilicet
1365 5016 1465 5072 per
1493 5016 1667 5056 annos
1688 5013 1898 5073 septem
1930 5002 2198 5064 victoriis,
2219 5014 2455 5071 quarum
2486 5012 2651 5051 causa
2674 5012 2773 5067 per
2795 5012 2969 5051 annos
2998 4997 3247 5067 singulos
3281 4995 3480 5067 singuli
3509 5006 3674 5052 erant

414 5088 519 5157 ipsi
564 5086 899 5143 decernendi
924 5086 1209 5155 triumphi.

488 5178 681 5231 Exstat
709 5175 764 5229 in
800 5168 998 5229 Chi-on.
1024 5175 1316 5229 Alca‘andr.
1352 5193 1479 5248 pag.
1501 5178 1623 5241 398,
1659 5178 1729 5233 ad
1759 5196 1963 5234 almum
1995 5178 2061 5235 £8
2091 5176 2329 5232 Heraclii
2377 5175 2631 5245 imperat.
2668 5175 2877 5233 Christi
2906 5175 3030 5238 69.8,
3081 5175 3312 5247 epistola
3344 5175 3512 5246 hujus
3563 5174 3674 5230 im-

413 5273 592 5335 perat.
617 5262 783 5316 missa
817 5260 1351 5333 Constantinopolim
1386 5266 1454 5319 de
1488 5283 1622 5322 nece
1651 5267 1897 5331 Cosrois,
1941 5275 1997 5320 et
2043 5279 2177 5335 pace
2218 5264 2354 5317 inita
2382 5278 2505 5317 cum
2555 5263 2725 5335 Syroe
2761 5266 2882 5336 ejus
2914 5263 3045 5323 lilio,
3072 5279 3194 5332 qua:
3251 5263 3391 5317 lecta
3442 5271 3528 5316 est
3580 5263 3670 5316 dic

414 5353 484 5406 15
510 5350 657 5413 Maii,
690 5350 743 5402 in
775 5364 939 5418 quem
974 5349 1241 5405 inciderat
1269 5351 1467 5406 festum
1495 5353 1716 5407 Pcntec.
1753 5354 1830 5407 Eo
1863 5369 2009 5408 anno
2047 5352 2260 5408 Pascha
2304 5362 2623 5406 occurrerat
2650 5352 2740 5406 die
2765 5351 2833 5404 27
2881 5352 3039 5405 Mart.
3082 5350 3427 5419 proindeqtte
3469 5350 3673 5405 Pente-

414 5446 601 5493 costcs
631 5435 722 5490 die
752 5436 816 5490 l5
843 5435 989 5490 Maii.
1023 5437 1156 5491 Eam
1198 5454 1419 5509 quoque
1451 5442 1627 5494 refert
1655 5442 1876 5511 Pagins,
1912 5448 2046 5494 tom.
2077 5441 2143 5505 ll,
2192 5439 2316 5494 crit.
2347 5439 2545 5494 Annal.
2583 5440 2781 5493 Barow.
2814 5440 2880 5493 ad
2936 5453 3141 5492 annum
3176 5438 3302 5502 6‘27,
3332 5454 3484 5492 num.
3516 5438 3580 5490 Η.
3611 5448 3670 5491 et

412 5540 567 5595 seqq.
600 5522 692 5577 Sic
719 5522 910 5592 incipit
938 5542 951 5577 :
988 5523 1192 5578 Decimo
1211 5536 1392 5579 octavo
1421 5543 1561 5579 anno
1584 5528 1793 5596 imperii
1815 5527 2067 5587 Ileraclii,
2104 5536 2216 5597 post
2237 5527 2590 5590 consulatum,
2625 5527 2690 5580 l7
2714 5537 2849 5591 etc,
2872 5527 2936 5581 l5
2963 5526 3093 5581 Maii
3112 5527 3319 5580 'mensis
3351 5527 3454 5591 die,
3491 5525 3588 5594 fer.
3614 5527 3670 5594 l,

414 5612 530 5681 ipso
556 5610 882 5664 Pentecostes
920 5611 1070 5680 festo,
1102 5612 1247 5667 lecta:
1267 5623 1390 5668 sunt
1426 5629 1489 5666 ex
1516 5615 1738 5667 amboue
1770 5615 1820 5667 in
1857 5616 2192 5671 sanctissima
2227 5616 2421 5686 Magna
2458 5616 2673 5669 ecclesia
2711 5617 2901 5670 littera:
2928 5618 3100 5670 missa:
3129 5633 3191 5670 ex
3217 5616 3428 5672 Oriente
3461 5616 3524 5669 ab
3566 5615 3667 5671 He—

411 5699 581 5757 t‘aclio
608 5701 840 5770 piissimo
870 5703 1187 5772 imperatore
1215 5712 1412 5766 nostro,
1442 5719 1559 5772 qua:
1590 5702 1797 5758 Cosrate
1824 5721 2026 5765 casum,
2052 5713 2098 5758 et
2129 5706 2591 5774 inaugurationem
2619 5701 2799 5773 Syroa:
2831 5703 3121 5758 Persarum
3156 5705 3291 5774 regis
3323 5704 3663 5767 nuntiabant,

412 5789 550 5844 hisce
568 5790 731 5846 verbis
765 5801 1044 5864 conceptis.
1075 5810 1092 5843 ι
1128 5792 1411 5847 Exsultate
1439 5791 1569 5857 Deo,
1602 5793 1772 5845 omnis
1804 5800 1971 5857 terra,
2005 5811 2023 5843 ι
2052 5802 2158 5848 etc.
2199 5811 2215 5840 ι
2251 5791 2519 5845 Ltetentur
2539 5789 2653 5843 caeli
2679 5799 2727 5843 et
2751 5788 2970 5845 exsultet
3000 5801 3165 5855 terra,
3190 5801 3237 5845 et
3260 5786 3437 5845 omnia
3470 5806 3588 5862 qute
3608 5792 3664 5845 in

402 5877 487 5944 {is
517 5887 660 5934 sunt.
683 5897 701 5931 ι
734 5877 803 5935 Et
825 5896 1003 5935 omnes
1032 5878 1321 5934 Christiani
1348 5879 1627 5934 laudantes
1658 5887 1706 5934 et
1736 5880 2089 5934 benedicentes
2114 5880 2314 5951 gratias
2351 5893 2572 5947 agamus
2596 5876 2695 5930 soli
2726 5876 2854 5939 Deo,
2892 5888 3000 5935 etc.
3039 5898 3057 5930 ‹
3082 5878 3279 5935 Cecidit
3308 5880 3448 5932 enim
3474 5893 3664 5949 supcr-

419 5968 513 6021 bus
527 5976 573 6019 et
586 5966 868 6039 perduellis
892 5967 991 6024 Dei
1024 5966 1265 6022 Cosrocs.
1320 5964 1538 6033 Cecidit,
1568 5976 1615 6020 et
1657 5967 2026 6039 pra'cipitatus
2061 5977 2134 6023 est
2174 5966 2242 6020 ad
2276 5966 2494 6036 inferos,
2532 5973 2582 6019 et
2612 5964 2781 6019 deleta
2818 5973 2893 6020 est
2917 5965 2980 6021 de
3018 5974 3159 6022 terra
3203 5965 3459 6022 memoria
3526 5965 3663 6033 ejus.
