4078 6384
216 472 349 537 3935
1692 484 1826 548 ΝΟἸ

1888 485 2032 549 UA.
3360 496 3498 558 3236

218 586 603 655 Superbusille
645 597 692 642 et
719 587 937 659 loquens
962 591 1298 661 iniquitatem
1321 597 1376 649 in
1403 598 1651 667 superbia
1672 609 1722 653 et
1749 610 2054 672 contempta
2079 600 2329 654 adversus
2364 599 2428 655 D.
2467 600 2536 656 Ν.
2572 599 2627 657 Ι.
2663 598 2722 655 C.
2772 604 2956 657 verum
2990 602 3178 671 Deum,
3207 615 3257 659 et
3281 608 3499 662 inteme-

218 682 389 726 ratam
423 674 551 744 ejus
576 685 811 729 matrem
838 677 1165 735 benedictum
1186 682 1471 736 Dominam
1506 693 1747 739 nostram
1777 686 1870 741 Dei
1901 689 2216 745 Genitricem
2254 706 2563 760 semperque
2602 689 2872 760 Virginem
2905 691 3157 747 Mariam.
3199 693 3369 750 Periit
3401 699 3496 751 im-

217 763 327 829 pius
354 778 478 814 cum
516 765 726 817 sonitu.
760 763 1055 823 Conversus
1088 779 1164 824 est
1191 770 1343 825 labar
1370 773 1484 842 ejus
1505 773 1559 826 in
1580 784 1739 844 caput
1770 775 1909 844 ejus,
1946 785 1995 829 et
2022 777 2078 829 in
2107 778 2351 848 verticem
2379 778 2643 848 iniquitas
2671 779 2790 848 ejus
2822 778 3107 834 descendit.
3138 780 3276 835 Nam
3313 783 3384 837 24
3408 783 3502 837 Fe-

214 855 394 903 bruar.
425 850 702 918 prwteriti
740 855 956 919 mensis,
986 857 1162 923 prima
1184 857 1487 923 indictione,
1521 861 1776 914 seditione
1802 862 1856 915 in
1881 880 1999 917 eum
2048 872 2190 918 motu
2222 864 2287 919 ab
2313 865 2479 933 ipsius
2506 863 2621 929 filia
2655 863 3002 934 primogenita
3024 864 3211 937 Sgrae,
3244 870 3478 937 quemad

214 939 423 989 modum
455 937 516 989 in
550 937 672 992 alia
695 939 939 1008 jussiane
958 941 1035 1011 (id
1060 952 1144 998 est
1164 944 1446 1014 epistola),
1477 948 1619 999 vobis
1651 950 2007 1014 exposuimus.
2042 950 2339 1005 Persarum
2366 951 2610 1003 omnibus
2638 952 2939 1021 proceribus
2971 969 3033 1006 ac
3072 955 3316 1007 universa
3345 971 3500 1008 exer-

212 1030 334 1085 citu,
360 1025 653 1093 copiisque
686 1043 751 1079 ex
783 1028 947 1082 variis
977 1031 1276 1100 regionibus
1305 1033 1597 1095 conductis,
1638 1035 1702 1086 ab
1732 1037 2051 1089 exsecranda
2074 1036 2266 1092 Cosrae
2288 1043 2358 1091 ad
2385 1045 2568 1108 partes
2615 1036 2826 1106 Syram,
2850 1038 3355 1111 cumCurdanaspa
3372 1041 3502 1095 Per-

210 1113 299 1164 sici
324 1114 606 1167 exercitus
638 1115 786 1184 prius
811 1116 943 1170 duce
992 1120 1410 1178 transeuntibus.
1433 1123 1571 1175 idem
1595 1122 1702 1177 Deo
1729 1125 1925 1177 invisus
1955 1123 2196 1188 Casraes,
2237 1127 2361 1178 dum
2388 1126 2569 1194 fugam
2601 1125 2911 1188 meditatur,
2959 1133 3165 1196 captus,
3197 1128 3504 1198 vinctusque

209 1198 263 1251 in
292 1215 495 1286 novum
541 1201 856 1266 castellum,
895 1204 960 1257 ab
987 1206 1210 1275 ipsamet
1243 1209 1314 1260 ad
1335 1207 1696 1263 recondendus
1732 1212 2129 1282 servandasque
2149 1212 2212 1266 ab
2238 1228 2295 1265 eo
2326 1211 2575 1266 collectas
2603 1213 2854 1282 pecunias
2882 1223 3200 1267 exstructum
3235 1215 3501 1286 canjectus

210 1294 301 1339 est.
328 1283 611 1341 Vicesima
644 1290 831 1358 quinta
862 1299 1043 1344 autem
1080 1294 1322 1363 ejusdem
1370 1298 1562 1348 mmsis
1591 1295 1847 1350 Februar.
1880 1297 2047 1368 Syrae
2070 1309 2346 1363 coronata,
2369 1309 2421 1353 et
2444 1316 2564 1370 rege
2619 1299 2907 1354 Persarum
2948 1303 3291 1372 inaugurata,
3328 1283 3395 1356 ac
3430 1302 3504 1358 28

212 1372 450 1441 ejusdem
470 1377 684 1430 mensis
706 1393 827 1431 cum
854 1376 963 1431 Deo
990 1395 1177 1434 exosus
1202 1381 1425 1435 Casraes
1447 1392 1702 1452 quartum
1717 1386 1839 1453 jam
1863 1386 1999 1440 diem
2038 1388 2094 1440 in
2128 1387 2375 1452 vinculis,
2414 1388 2652 1441 omnibus
2693 1389 3029 1441 excruciatus
3062 1386 3350 1452 doloribus,
3377 1406 3502 1443 exe-

212 1459 388 1548 gisset,
421 1461 719 1532 ingratum
750 1463 927 1528 illum,
952 1476 1001 1518 et
1027 1466 1356 1535 perduellem
1386 1469 1503 1532 Dei,
1534 1472 1923 1541 superbumque
1952 1491 2015 1526 uc
2047 1474 2416 1543 blasphemum
2448 1475 2679 1531 Cosroen
2726 1475 3067 1530 acerbissima
3096 1478 3280 1530 martis
3315 1493 3502 1548 genere

213 1543 401 1615 Syraes
431 1548 691 1615 sustulit,
721 1553 799 1604 uti
821 1553 977 1605 sciret
1004 1552 1193 1606 Iesum
1221 1571 1284 1608 ex
1310 1556 1486 1609 Maria
1513 1568 1722 1621 natum,
1754 1566 1803 1609 et
1826 1577 1856 1611 a
1882 1558 2084 1615 Juda’is
2120 1563 2459 1631 cruciﬁxum,
2490 1564 2936 1634 quemadmodum
2976 1564 3090 1633 ipse
3116 1567 3424 1635 scripserat,
3454 1574 3503 1619 et

214 1648 366 1703 quem
394 1639 659 1692 conviciis
683 1640 1414 1708 incesserat,omnipotentem
1443 1660 1553 1698 esse
1569 1644 1955 1716 Deum,illique
1982 1650 2283 1715 retribuere,
2302 1660 2460 1721 prout
2487 1668 2517 1703 a
2546 1652 2692 1705 nobis
2714 1653 2816 1722 ipsi
2844 1652 3161 1721 rescriptum
3188 1651 3407 1721 fueram
3427 1659 3505 1709 te.

213 1720 276 1775 In
300 1721 417 1776 alia
459 1733 655 1779 autem
676 1745 708 1779 a
734 1728 880 1781 nobis
920 1728 1046 1782 data
1073 1731 1215 1783 vobis
1237 1731 1502 1800 jussione,
1530 1748 1593 1785 ex
1627 1734 1817 1786 castris
1835 1736 2031 1787 nostris
2068 1736 2138 1787 ad
2161 1720 2428 1799 Canzraca,
2481 1752 2599 1807 qua:
2647 1720 2987 1791 continebant
3013 1720 3144 1791 facta
3190 1720 3226 1792 Va
3260 1740 3324 1793 17
3355 1737 3507 1793 Octa-

216 1811 340 1876 bris,
370 1829 553 1884 usque
582 1820 653 1869 ad
680 1817 745 1869 15
766 1816 971 1880 Martii,
996 1818 1413 1889 signiﬁcavimus
1439 1861 1453 1884 ,
1484 1838 1586 1891 qua
1610 1830 1767 1892 pacta
1787 1821 1950 1883 Deus,
1982 1832 2031 1875 et
2073 1822 2295 1878 Domina
2328 1832 2509 1878 nostra
2538 1823 2797 1894 Deipara,
2825 1825 2994 1885 nobis.
3038 1824 3348 1897 Christoque
3373 1826 3497 1881 dile’

215 1900 308 1952 ctis
330 1902 507 1970 copiis
537 1905 738 1956 nostris
774 1906 1117 1970 succurrerit,
1144 1916 1193 1959 et
1221 1908 1480 1977 quomodo
1501 1911 1553 1962 in
1586 1910 1699 1979 ipso
1719 1918 1993 1979 conspectu
2022 1920 2204 1963 nostra
2234 1910 2342 1964 Deo
2374 1927 2557 1966 exosus
2582 1950 2599 1974 ,
2622 1920 2673 1964 et
2697 1926 2724 1963 e
2759 1912 2962 1965 tumulo
2995 1913 3328 1982 refodiendus
3351 1914 3504 1984 (sive

215 2005 245 2043 e
272 1994 652 2061 sterquilinio
677 1992 932 2057 cﬂ'ossus,
960 2003 1020 2049 ut
1043 1996 1206 2052 habet
1241 1997 1462 2067 PagiuS)
1502 1996 1723 2053 Casroes
1752 2016 1782 2051 a
1816 1997 2291 2068 Dustugerchasate
2324 1998 2393 2050 ad
2424 1995 2815 2068 Ctesiphontem
2841 2015 3007 2069 usque
3034 2001 3221 2070 fugam
3247 2002 3507 2071 capessit:-

217 2078 305 2137 rit,
330 2095 553 2150 suaque
605 2080 815 2149 palatia
846 2084 1084 2136 amiserit
1115 2101 1235 2137 cum
1260 2086 1411 2155 regni
1438 2085 1634 2139 Persici
1661 2086 1965 2155 provinciis,
2004 2099 2066 2136 ac
2098 2083 2323 2151 denique
2355 2082 2455 2134 hac
2486 2082 2695 2134 ratione
2717 2098 3041 2135 commovere
3072 2085 3322 2137 adversus
3352 2083 3508 2138 illum

215 2166 539 2222 seditionem
559 2168 754 2239 Syraes
781 2173 1033 2240 patuerit.
1059 2171 1186 2225 Post
1203 2174 1456 2242 scriptam
1478 2190 1600 2227 vero
1626 2175 1763 2227 hunc
1789 2181 2027 2227 nostram
2045 2171 2363 2241 jussianem,
2388 2185 2607 2238 eamque
2628 2171 2848 2223 missam
2873 2169 2937 2223 15
2954 2170 3037 2223 die
3060 2172 3333 2241 prxsentis
3364 2187 3515 2225 men-

218 2254 286 2305 sis
310 2253 530 2319 Martii,
564 2256 689 2308 dum
719 2272 839 2325 qua:
870 2255 1101 2311 Casroen
1133 2259 1272 2311 inter
1301 2271 1350 2312 et
1386 2258 1586 2331 Syroen
1622 2260 1954 2331 postmodum
1990 2257 2303 2326 contigerint
2335 2255 2619 2326 explorare
2664 2258 2985 2327 satagimus,
3035 2259 3210 2313 missis
3249 2261 3306 2313 in
3353 2261 3509 2314 varia

222 2340 358 2405 locu,
389 2352 569 2414 atque
597 2344 668 2397 ad
688 2343 965 2410 Siarsura,
993 2362 1217 2416 parvum
1237 2346 1434 2411 Zabas,
1462 2346 1688 2402 Chalcas
1708 2360 1754 2402 et
1777 2347 2013 2408 Jesdem,
2052 2355 2281 2414 utraque
2332 2345 2439 2405 via,
2474 2352 2586 2397 tum
2616 2360 2681 2398 ex
2720 2345 3032 2413 felicissimis
3060 2348 3248 2399 castris
3293 2347 3511 2413 nostris,

224 2437 332 2482 tum
355 2446 421 2483 ex
462 2428 761 2485 Saracenis
786 2433 875 2502 pio
908 2440 1087 2485 nostra
1121 2434 1344 2503 imperia
1372 2435 1643 2504 subjectis,
1682 2443 1741 2487 ut
1784 2432 2231 2506 quemadmodum
2276 2431 2490 2500 prtefati
2534 2445 2739 2495 sumus,
2777 2441 2949 2485 motus
2978 2432 3071 2501 qui
3098 2433 3170 2485 ibi
3198 2441 3341 2497 sunt,
3370 2441 3511 2488 certo

224 2518 574 2578 resciremns,
611 2518 950 2575 adduxerunt
983 2519 1054 2572 ad
1084 2536 1177 2572 nos
1211 2523 1533 2575 excubitores
1564 2523 1616 2575 in
1646 2529 1825 2576 castra
1858 2508 1927 2574 ad
1957 2519 2205 2573 Canzuca
2252 2519 2473 2573 Persam
2517 2536 2704 2583 unum,
2746 2529 2797 2573 et
2831 2520 3061 2574 alterum
3086 2521 3443 2587 .Armenium,
3472 2537 3512 2576 α

226 2604 413 2673 quibus
438 2614 696 2674 porrecta
725 2608 871 2660 nobis
901 2616 977 2660 est
1008 2606 1231 2677 epistola
1263 2626 1293 2660 α
1324 2609 1554 2675 quadam
1595 2609 1884 2663 Persarum
1912 2611 2197 2663 secretaria
2227 2610 2312 2661 cui
2334 2623 2523 2661 nomen
2546 2618 2621 2661 est
2653 2608 2856 2663 Cosdae
2888 2618 2939 2661 et
2981 2610 3413 2671 Axinmaranan,
3439 2612 3512 2665 ad

226 2706 318 2744 nos
340 2694 576 2763 scripta,
598 2709 703 2762 qua
727 2695 941 2746 missum
968 2708 1024 2746 se
1050 2693 1440 2763 significabata
1470 2694 1637 2766 Sgroe
1683 2697 1741 2749 in
1788 2695 2079 2750 Persarum
2125 2711 2298 2765 regem
2351 2696 2704 2765 proclomuta,
2763 2713 2883 2750 cum
2933 2696 3055 2751 aliis
3103 2699 3423 2768 proceribus,
3463 2711 3513 2753 ct

227 2777 391 2845 ipsius
443 2778 634 2850 Syrais
689 2780 761 2833 ad
808 2797 899 2834 nos
955 2781 1143 2833 litteris
1188 2798 1207 2835 :
1243 2798 1464 2852 cumque
1517 2785 1587 2838 ad
1633 2784 1835 2837 Arman
1860 2785 2195 2853 pervenisset,
2223 2783 2391 2835 visum
2420 2782 2518 2835 sibi
2539 2798 2648 2836 esse
2673 2793 2730 2835 ut
2783 2784 2914 2836 duas
2971 2785 3098 2838 istos
3142 2786 3280 2839 viras
3305 2785 3375 2839 ad
3415 2801 3511 2840 nos

233 2868 491 2931 mitteret,
522 2884 629 2937 qua
680 2869 907 2922 vicissim
964 2885 1121 2936 seque
1172 2887 1234 2922 ac
1293 2871 1461 2923 socios
1496 2877 1635 2923 tutas
1661 2870 2051 2940 incolumesque
2104 2870 2442 2933 deducerent,
2499 2886 2531 2922 a
2595 2870 2741 2923 nobis
2813 2872 3168 2924 mitterentur.
3225 2872 3289 2927 Ut
3336 2884 3515 2927 autem

229 2949 383 3007 illum
436 2956 544 3009 sibi
593 2956 777 3007 timere
823 2954 1201 3021 intelleximus,
1260 2973 1323 3010 ex
1371 2974 1430 3010 ea
1480 2957 1621 3027 quod
1677 2959 1730 3011 in
1785 2959 1973 3010 itinere
2033 2955 2205 3009 multa
2246 2955 2530 3009 Persarum
2565 2957 2853 3020 cadavera,
2888 2974 3055 3028 eaque
3078 2975 3241 3030 usque
3277 2960 3346 3013 ad
3401 2956 3521 3015 tria.

235 3040 450 3095 circiter
512 3041 687 3096 millia
739 3059 771 3093 a
819 3042 1134 3110 felicissimis
1182 3046 1346 3115 copiis
1401 3046 1595 3098 nostris
1643 3044 2044 3113 interfectorum
2099 3059 2280 3097 versus
2318 3043 2538 3097 Narban
2598 3044 2814 3110 videret,
2865 3045 3061 3113 absque
3109 3047 3513 3102 conductoribus

235 3144 325 3182 nas
353 3131 642 3184 convenire
665 3137 935 3184 vereretur
952 3148 970 3185 :
990 3130 1061 3185 25
1088 3132 1324 3201 ejusdem
1355 3132 1517 3186 Mart.
1543 3134 1735 3186 mensis
1757 3134 1826 3186 ad
1849 3131 1968 3186 illas
1993 3135 2062 3186 mi
2073 3149 2236 3186 simus
2265 3131 2707 3202 gloriosissimum
2741 3135 3057 3204 magistrum
3080 3135 3308 3189 militum
3333 3135 3515 3190 Elitim

236 3226 586 3285 cognomento
610 3215 865 3280 Barsoca,
903 3226 951 3270 et
977 3219 1559 3287 magniﬁcentissimum
1600 3220 1919 3274 Theodotum
1954 3220 2339 3292 Drunqarium,
2379 3235 2499 3272 cum
2532 3219 2733 3273 delectu
2757 3220 3061 3289 juventute,
3086 3239 3148 3275 ac
3170 3224 3354 3291 viginti
3372 3225 3519 3293 equis

237 3304 531 3361 ἄπει-στῆς
565 3305 699 3359 sella
736 3308 1027 3367 instructis,
1062 3309 1154 3375 qui
1204 3306 1313 3361 illis
1351 3318 1707 3371 occurrerent,
1739 3325 1928 3370 easque
1977 3309 2047 3363 ad
2080 3326 2173 3362 nos
2208 3308 2546 3373 deducerent,
2579 3318 2689 3363 etc.
2734 3309 2798 3363 Ut
2828 3326 2949 3362 vero
2989 3309 3117 3363 duas
3156 3307 3279 3362 illos
3313 3311 3452 3363 viras
3486 3328 3519 3363 a

242 3392 408 3463 Sgrae
439 3396 733 3448 Persarum
767 3409 887 3463 rege
918 3396 1101 3448 missos
1137 3398 1427 3464 recepimus
1447 3437 1461 3458 ,
1492 3396 1722 3450 alterum
1750 3413 1814 3450 ex
1838 3398 1922 3457 iis,
1958 3396 2181 3450 Persam
2204 3396 2424 3457 scilicet,
2452 3412 2560 3449 una
2582 3412 2698 3449 cum
2734 3396 2857 3449 aliis
2886 3397 2955 3449 ad
2987 3395 3355 3450 Barismunem
3380 3395 3523 3451 Can-

240 3494 497 3534 zacarum
533 3481 935 3549 (praepositum;
964 3482 1054 3550 qui
1079 3498 1111 3533 a
1134 3482 1500 3550 quadraginta
1524 3482 1843 3536 milliaribus
1872 3484 2079 3547 aberat,
2106 3493 2155 3537 et
2178 3485 2233 3536 in
2262 3484 2526 3536 munitum
2551 3483 2833 3536 castellum
2864 3500 2920 3537 se
2947 3483 3236 3539 recluserat
3259 3486 3523 3549 misimus,

243 3567 381 3621 datis
413 3571 488 3624 ad
512 3568 669 3623 illum
701 3569 912 3629 litteris,
946 3571 1129 3638 quibus
1162 3570 1546 3633 mundabatur,
1587 3573 1664 3624 uti
1698 3587 1860 3642 equas
1893 3579 2093 3641 septem
2123 3586 2218 3640 pro
2256 3569 2441 3640 legatis
2473 3580 2715 3639 pararet,
2750 3586 2855 3639 qua
2888 3572 3130 3641 expedite
3168 3590 3232 3625 ac
3253 3574 3366 3626 sine
3407 3572 3523 3627 ulla

243 3654 627 3724 impedimento
672 3657 742 3709 ad
769 3655 971 3728 Sgraen
1001 3672 1171 3726 regem
1205 3666 1415 3726 possent
1461 3657 1743 3726 proﬁcisci.
1772 3658 2126 3711 Burismunas
2178 3673 2373 3710 vero...
2407 3664 2456 3709 et
2487 3658 2578 3725 qui
2614 3664 2726 3709 tum
2759 3673 2878 3710 cum
2912 3657 3007 3711 illa
3034 3660 3281 3722 aderant,
3330 3676 3445 3725 nos,
3472 3669 3524 3713 et

246 3736 452 3812 Syraen
493 3744 786 3798 Persarum
819 3760 1014 3813 regem,
1043 3760 1136 3813 per
1172 3743 1368 3797 multas
1395 3746 1575 3806 haras,
1612 3746 1804 3814 faustis
1836 3746 2311 3800 acclamationibus
2344 3745 2690 3815 laudibusque
2716 3748 2979 3815 prosecuti
3028 3756 3173 3802 sunt.
3230 3748 3274 3802 Α
3324 3748 3523 3819 Legata

248 3824 443 3901 quippe
465 3831 564 3886 illo
594 3830 779 3894 Persa,
803 3830 1129 3901 perduellem
1163 3831 1256 3884 Dei
1284 3831 1516 3885 Cosraen
1552 3833 1789 3900 periisse,
1817 3845 2095 3900 regemque
2122 3828 2325 3899 Syraen
2354 3826 2748 3898 proclamatum
2783 3831 3033 3883 certiores
3060 3839 3215 3883 erant
3241 3832 3388 3900 facti.
3420 3831 3524 3886 Re-

250 3918 460 3988 scripsit
496 3918 685 3972 deinde
710 3919 854 3972 nobis
889 3918 1029 3971 idem
1064 3917 1435 3984 Barismanas,
1482 3936 1641 3989 equos
1666 3936 1742 3983 se,
1774 3920 1907 3972 sicut
1935 3936 1965 3971 a
1999 3917 2145 3970 nobis
2179 3916 2494 3970 mandatum
2540 3915 2737 3985 fuerat,
2777 3917 3123 3981 instruxisse,
3154 3926 3349 3971 etcum
3383 3917 3522 3973 alte-

255 4018 373 4058 ram
399 4014 645 4061 nastram
659 4005 958 4075 jussianem
993 4007 1272 4075 acceperit.
1305 4022 1409 4075 qua
1435 4006 1734 4076 legatorum
1762 4006 2019 4059 adventus
2035 4005 2132 4058 sibi
2157 4003 2576 4074 signiﬁcaretur,
2594 4019 2648 4055 se
2675 4019 2836 4073 quant
2869 4004 3098 4072 primum
3127 4006 3196 4057 ad
3226 4022 3320 4058 nos
3349 4022 3524 4059 acces-

252 4105 461 4156 surum,
506 4096 758 4163 equisque
803 4093 1077 4160 confestim
1128 4093 1391 4155 adductis,
1434 4095 1599 4163 officia
1633 4111 1732 4148 sua
1759 4094 2077 4164 servitiaque
2128 4092 2309 4146 omnia
2359 4092 2746 4161 praestiturum.
2779 4088 2914 4143 Cum
2951 4091 3118 4159 igitur
3149 4091 3202 4143 in
3238 4092 3426 4146 iisdem
3456 4093 3526 4146 ad

257 4175 511 4234 Canzaca
545 4180 728 4249 positis
746 4181 934 4232 castris
964 4195 1194 4233 essemus
1221 4181 1416 4233 morati
1449 4197 1613 4250 usque
1651 4180 1719 4234 ad
1748 4181 1781 4234 '5
1811 4185 2005 4234 mensis
2032 4180 2233 4249 Aprilis
2280 4178 2438 4242 diem,
2468 4179 2558 4249 qui
2594 4179 2651 4230 in
2690 4176 3023 4230 Dominicam
3062 4179 3270 4244 incidit,
3315 4179 3525 4233 advenit

255 4263 525 4323 Phaiacus
554 4268 665 4339 regi
696 4286 726 4320 a
754 4269 989 4333 secretis,
1022 4268 1113 4337 qui
1142 4278 1188 4320 et
1214 4267 1436 4321 Rharna
1464 4270 1775 4331 vocabatur,
1809 4270 1948 4322 circa
1974 4269 2160 4322 haram
2195 4266 2504 4328 secundum,
2544 4265 2890 4333 eamdemque
2914 4266 3013 4319 huc
3039 4268 3155 4333 ipsa
3198 4268 3328 4320 hora
3373 4284 3526 4322 exce-

256 4356 457 4424 pimus,
498 4356 684 4411 litteris
711 4374 743 4410 a
771 4355 973 4411 Cabata
1016 4355 1181 4426 Syrae
1210 4356 1618 4411 clementissima
1660 4357 1945 4411 Persarum
1997 4372 2136 4426 rege,
2169 4370 2287 4425 qua:
2321 4354 2434 4424 ejus
2479 4355 2971 4423 inaugurationem'
3009 4354 3371 4419 continebant,
3412 4356 3530 4426 qui-

261 4447 463 4520 busque
485 4449 775 4513 nobiscum,
809 4456 858 4501 et
897 4465 1017 4501 cum
1038 4448 1219 4518 quavis
1247 4450 1540 4510 hominum,
1569 4465 1750 4516 pacem
1787 4445 1979 4501 habere
2004 4444 2140 4498 velle
2172 4442 2534 4514 significabat,
2556 4442 2619 4495 ab
2651 4440 2744 4495 illo
2765 4443 3010 4510 acceptis.
3037 4444 3213 4497 Visum
3243 4444 3530 4514 ergonobis

258 4544 333 4589 est
354 4536 752 4591 clementissimi
785 4533 1001 4589 Cabata:
1028 4534 1206 4605 Sgrais
1244 4533 1550 4588 litterarum
1585 4534 1863 4604 exemplar
1896 4532 2017 4584 huic
2046 4538 2241 4584 nastrte
2271 4529 2342 4583 ad
2364 4546 2453 4582 vos
2492 4528 2714 4592 iussioni
2744 4529 3086 4600 subjungere,
3109 4537 3167 4583 ut
3206 4538 3255 4583 et
3295 4532 3425 4601 quid
3460 4533 3532 4586 ad

258 4621 383 4679 illas
423 4626 611 4680 deinde
640 4627 1087 4692 rescripserimus.
1120 4623 1415 4680 Mansimus
1446 4640 1567 4677 vero
1593 4623 1771 4677 eodem
1802 4624 1855 4675 in
1889 4622 1999 4676 loco
2026 4621 2325 4674 castrorum
2351 4616 2609 4673 Canzacis
2646 4620 2933 4672 vicinarum
2963 4636 3128 4689 usque
3160 4621 3230 4673 ad
3252 4622 3530 4690 septimum

260 4710 483 4782 Aprilis,
508 4715 603 4768 hoc
623 4721 695 4766 est
716 4712 783 4767 27
802 4713 932 4765 dies.
967 4711 1162 4766 Octavo
1198 4721 1375 4765 autem
1402 4711 1639 4781 ejusdem
1678 4712 1875 4765 mensis
1902 4711 2143 4763 eumdem
2191 4705 2487 4760 Phaiacum
2514 4724 2546 4759 a
2587 4708 2819 4763 secretis,
2855 4705 3133 4759 Rharnum
3177 4706 3529 4777 appellatum,

264 4798 570 4870 honorifice,
603 4812 864 4871 quantum
894 4799 1059 4864 licuit,
1084 4811 1377 4870 acceptum,
1413 4808 1468 4852 ut
1500 4808 1547 4853 et
1599 4800 1689 4868 qui
1717 4815 1838 4852 cum
1872 4798 1968 4852 illa
1998 4806 2173 4860 erant,
2210 4795 2530 4857 dimisimus,
2563 4803 2672 4848 etc.
2709 4796 2880 4863 Atque
2919 4795 2995 4847 ita
3032 4793 3343 4862 conﬁdimus
3372 4793 3435 4847 D.
3459 4793 3528 4847 Ν.

265 4884 449 4944 Iesum
487 4889 754 4944 Christum
791 4888 985 4942 bonum
1016 4896 1065 4940 et
1090 4890 1500 4958 omnipotentem
1532 4886 1722 4951 Deum,
1763 4894 1812 4941 et
1845 4882 2133 4938 Dominam
2199 4891 2439 4936 nostram
2482 4879 2575 4932 Dei
2617 4880 2954 4942 Cenitricem,
2989 4896 3069 4933 res
3111 4896 3291 4933 omnes
3321 4889 3531 4935 nostras

268 4979 557 5033 secundum
579 4995 759 5032 eorum
787 4978 1121 5031 clementiam
1154 4986 1455 5031 curaturos.
1487 4970 1595 5031 Nos
1627 4993 1784 5047 porro
1819 4973 2052 5043 ejusdem
2084 4970 2279 5024 mensis
2314 4968 2399 5020 die
2444 4965 2477 5019 8
2517 4964 2627 5018 Deo
2665 4967 2897 5035 auspice,
2928 4976 3109 5020 castra
3153 4969 3432 5032 movimus,
3475 4970 3532 5023 in

271 5061 578 5119 Armeniam
608 5066 709 5118 iter
735 5063 948 5134 facturi.
986 5063 1079 5119 Vos
1111 5073 1289 5118 autem
1319 5064 1447 5118 bene
1483 5064 1673 5123 valete.
1704 5064 2085 5131 continuusque
2116 5077 2179 5115 ac
2207 5056 2497 5126 indefessas
2537 5057 2803 5108 orationes
2842 5056 2913 5109 ad
2944 5056 3109 5140 Deum
3153 5057 3374 5125 fundite,
3407 5074 3531 5129 qua,

272 5150 402 5203 sicut
428 5160 790 5220 peroptamus,
821 5166 909 5204 vos
932 5166 1095 5221 quam
1125 5152 1357 5220 primum
1393 5152 1615 5205 revisere
1661 5151 1807 5204 nobis
1849 5148 2136 5219 largiatur.
2177 5147 2317 5201 ΙΙιιίο
2349 5144 2584 5198 lieraclii
2646 5144 2896 5212 cpistola:
2958 5140 3218 5199 subditur
3248 5146 3302 5199 in
3337 5146 3534 5200 eodem

277 5232 466 5289 Chron.
491 5237 787 5290 Alexandr.
820 5253 940 5306 pag.
970 5237 1096 5299 ωτι,
1128 5253 1256 5306 pars
1300 5237 1550 5305 epistola!
1582 5239 1770 5308 Syrois
1799 5238 1867 5291 ad
1889 5236 2105 5291 Herae].
2129 5234 2347 5287 Titulus
2362 5241 2447 5285 est.
2472 5249 2485 5285 :
2519 5230 2813 5300 Exemplar
2839 5234 3230 5286 commanitorii
3249 5251 3279 5286 a
3307 5233 3531 5299 Cabata,

278 5323 367 5390 qui
389 5331 437 5375 et
465 5321 657 5395 Sgraes
683 5323 853 5377 dictus
882 5332 978 5384 est,
1003 5323 1406 5377 clementissimo
1436 5342 1555 5395 rege
1584 5325 1896 5388 Persarum,
1922 5324 2065 5378 missi
2097 5321 2166 5374 ad
2196 5318 2506 5373 Heracliam
2543 5320 2837 5389 piissimum
2866 5330 2914 5373 et
2935 5339 2966 5374 a
3001 5320 3112 5374 Deo
3135 5331 3401 5374 servatum
3436 5338 3535 5373 na-

277 5415 444 5465 strum
466 5412 863 5481 imperatorem.
895 5411 933 5464 A
967 5408 1170 5465 Cabata
1202 5409 1596 5475 Sadasadusac,
1627 5412 1874 5467 Ileraclia
1914 5407 2341 5468 clementissimo,
2376 5414 2426 5458 et
2453 5423 2484 5458 a
2522 5407 2628 5459 Deo
2677 5415 2887 5461 servato
2921 5409 3235 5477 imperatori
3267 5406 3534 5460 Romana-

281 5509 417 5558 rum,
445 5497 605 5568 fratri
629 5507 830 5561 nostra,
856 5496 1147 5567 plurimam
1180 5498 1411 5567 gratiam
1439 5498 1794 5567 impertimur.
1824 5496 2239 5552 Clementissimo
2268 5495 2579 5564 imperatori
2617 5493 3001 5555 Romanorum,
3038 5505 3087 5548 et
3134 5494 3292 5565 fratri
3334 5503 3532 5549 nostra.

278 5579 382 5639 Nos
403 5584 500 5640 Dei
519 5586 847 5657 providentia
870 5588 1065 5658 absque
1091 5588 1200 5641 ulla
1222 5588 1404 5642 labore
1429 5587 1625 5659 insigni
1648 5589 1949 5641 diademate
1965 5585 2171 5646 donati,
2196 5593 2410 5651 patrum
2428 5600 2490 5637 ac
2514 5585 2780 5653 majorum
2810 5593 3111 5637 nostrarum
3135 5583 3324 5638 solium
3350 5599 3530 5637 sumus

282 5676 560 5728 consecuti.
586 5674 653 5729 At
680 5691 797 5729 cum
816 5684 926 5729 tam
951 5676 1175 5744 beneﬁce
1206 5677 1271 5730 ab
1296 5681 1407 5747 ipsa
1444 5676 1551 5730 Deo
1576 5694 1669 5731 nos
1700 5676 1940 5747 dignatas
1967 5688 2337 5743 agnoscamus,
2368 5682 2423 5725 ut
2450 5671 2716 5726 illustrem
2738 5672 2870 5725 adeo
2900 5674 3146 5725 thronum
3177 5673 3534 5741 exceperimus

286 5775 345 5812 ac
369 5762 803 5828 dominationem,
834 5765 880 5817 si
900 5764 1025 5834 quid
1046 5771 1177 5818 esset
1205 5764 1344 5835 quod
1360 5768 1580 5818 immani
1606 5766 1812 5835 generis
1842 5762 2064 5818 utilitati
2089 5778 2151 5814 ac
2175 5759 2367 5814 solatia
2384 5760 2718 5822 conduceret,
2754 5768 3015 5830 quantum
3053 5761 3108 5813 in
3151 5760 3295 5814 nobis
3321 5759 3440 5829 fuit,
3485 5769 3536 5814 et

285 5859 434 5914 prout
464 5849 659 5915 decuit,
700 5850 755 5904 id
790 5853 1041 5906 continua
1083 5849 1202 5918 ﬁeri
1252 5851 1542 5906 liberaliter
1578 5852 1906 5924 beneﬁceqae
1929 5849 2326 5923 imperauimus.
2361 5845 2797 5919 Quandoquidem
2821 5847 2983 5917 igitur
3000 5846 3069 5900 ad
3107 5863 3373 5901 summam
3399 5848 3541 5900 hanc

287 5934 590 6009 dignitatem
619 5947 668 5992 et
692 5938 973 6012 imperium
1005 5955 1098 5993 nos
1131 5938 1269 5994 Deus
1293 5939 1480 6010 evexit,
1505 5940 1561 5994 id
1582 5940 1821 6013 protinus
1853 5941 1907 5996 in
1950 5937 2128 5996 animo
2166 5943 2425 5992 statutum
2453 5934 2589 6013 fuit,
2610 5942 2934 6007 utquotquat
2959 5935 3195 5991 homines
3220 5931 3535 5989 detinebans
