4078 6398
519 457 664 523 8227
1048 480 1051 481 ⁷
1438 465 1765 527 ΖΑΕΙΙΑΗῘ
1775 470 1836 527 .E
1877 472 2129 533 PATRU

2182 474 2384 533 iCIlJE
2419 475 2824 535 lllEliOSOL.
3643 475 3747 540 3’22
3756 478 3792 538 8

522 583 612 629 tur
637 574 690 629 in
721 575 959 640 uinculis,
993 574 1407 640 dimitterentur.
1435 576 1540 634 Sed
1571 590 1619 634 et
1647 583 1692 635 si
1720 584 1846 652 quid
1878 594 1994 638 erat
2024 588 2164 657 quod
2188 590 2438 643 humana:
2464 591 2776 645 conditionis
2812 606 2874 643 ac
2908 587 3123 658 hujusce
3146 590 3264 643 ritre
3296 589 3515 645 utilitati
3537 610 3600 647 ac
3636 611 3788 651 com-

521 665 681 716 moJo
707 664 1195 751 [ructumgafferreu
1224 664 1474 735 nobisque
1501 675 1738 721 statuere
1768 669 1966 737 liceret,
1994 675 2046 726 id
2087 674 2210 742 ﬁeri
2256 696 2362 733 non
2403 679 2555 734 modo
2579 681 2941 751 praecepimus,
2973 677 3064 732 sed
3105 685 3155 731 et
3187 679 3479 749 confectum
3514 693 3607 737 est.
3639 683 3784 751 Quin

522 753 681 807 etiam
696 750 839 806 nobis
867 749 1215 806 deliberatum
1237 761 1313 807 est
1342 772 1406 810 ac
1440 759 1807 825 constitutum,
1834 762 1912 814 uti
1932 762 2193 819 vobiscum
2237 749 2600 821 Romanorum
2627 767 2941 837 imperator,
2971 766 3141 835 frater
3183 776 3381 831 noster,
3409 784 3629 840 cumque
3663 749 3784 827 llo-

521 838 1008 929 mana-republica,
1033 842 1340 929 cazterisque
1390 844 1621 914 populis,
1655 845 1880 919 aliisque
1916 849 2113 920 regulis
2137 853 2228 922 qui
2270 854 2410 907 circa
2437 854 2719 923 imperium
2764 860 3001 907 nostrum
3033 854 3268 923 undique
3306 838 3565 922 habitant,
3594 876 3786 929 pacem

519 933 570 976 et
596 926 886 979 amicitiam
912 926 1147 997 deinceps
1170 928 1426 985 colamus.
1453 929 1604 996 Quod
1626 942 1805 988 autem
1835 935 2148 1005 fraternitas
2194 947 2393 1002 vestra,
2448 939 2818 994 Romanorum
2859 940 3150 1010 imperator
3169 981 3184 1006 ,
3215 942 3459 1011 aﬂ'ectam
3505 959 3561 997 se
3582 926 3785 1015 gauaio

515 1011 669 1098 dixit,
699 1011 838 1081 quod
868 1028 962 1065 nos
997 1013 1235 1068 eumdem
1258 1016 1507 1071 thronum
1529 1019 2026 1079 obtinuerimus.....
2056 1025 2288 1093 Czetera,
2330 1026 2511 1096 inquit
2551 1025 2787 1082 Carolus
2819 1026 2905 1082 Du
2930 1024 3135 1098 Cange,
3175 1043 3290 1097 pra:
3318 1011 3600 1085 vetustate
3626 1031 3783 1087 desi-

518 1097 792 1151 deranlur
833 1099 889 1152 in
919 1115 1024 1154 ms.
1058 1101 1273 1157 codice.

585 1186 966 1273 Periititaque
996 1188 1253 1255 Cosroes,
1284 1192 1436 1261 justo
1461 1194 1558 1249 Dei
1588 1194 1822 1265 judicio,
1866 1213 2032 1253 manu
2076 1200 2267 1270 Syrois
2302 1201 2397 1256 lilii
2439 1201 2526 1256 sui
2557 1210 2689 1257 natu
2725 1202 2979 1273 majoris,
3007 1218 3155 1257 anno
3185 1201 3394 1258 Christi
3433 1204 3559 1270 628,
3588 1206 3679 1262 die
3706 1206 3787 1264 28

515 1270 787 1327 Februar.
828 1274 967 1329 Cum
1007 1278 1160 1331 enim
1191 1278 1455 1334 Seleucia:
1486 1280 1542 1335 in
1573 1281 1902 1352 dysenteria:
1936 1288 2188 1340 morbum
2222 1284 2527 1347 incidisset,
2559 1299 2783 1353 operam
2813 1270 2974 1339 dedit
2997 1290 3057 1339 ut
3083 1285 3189 1340 sibi
3226 1286 3788 1344 succederetMedar-

512 1374 601 1413 ses
633 1361 773 1415 alter
812 1361 958 1417 (ilius
992 1379 1148 1429 suus,
1178 1380 1341 1434 quem
1375 1382 1441 1420 ex
1476 1366 1609 1437 Syra
1641 1368 1840 1424 dilecta
1893 1374 2126 1443 conjuge
2153 1380 2498 1439 susceperat.
2548 1370 2707 1437 Quod
2745 1371 2839 1426 ubi
2875 1372 3149 1441 comperit
3186 1372 3410 1444 Syroes,
3451 1389 3577 1428 cum
3628 1380 3785 1445 opti-

512 1446 761 1502 matibus
794 1449 949 1519 regni
984 1451 1118 1520 egit,
1151 1461 1212 1506 ut
1243 1453 1310 1506 de
1341 1454 1546 1507 mundo
1580 1466 1735 1525 pater
1763 1459 2072 1514 tolleretur.
2105 1477 2237 1515 usus
2265 1460 2433 1512 etiam
2473 1458 2539 1511 ad
2588 1457 2693 1512 hoc
2724 1459 3101 1512 Romanorum
3130 1460 3354 1514 auxilio.
3386 1460 3621 1516 Cosroes
3655 1460 3789 1532 qui-

508 1536 639 1587 dem
675 1534 867 1605 fugere
895 1540 1149 1605 tentavit,
1190 1539 1284 1596 sed
1318 1549 1514 1611 captus
1545 1553 1649 1608 est,
1688 1546 1868 1601 valide
1900 1547 2139 1609 vinctus,
2162 1557 2217 1600 et
2247 1546 2447 1599 missus
2486 1545 2539 1598 in
2563 1545 2788 1598 domum
2822 1544 3199 1610 tenebrarum,
3233 1561 3396 1614 quam
3438 1562 3635 1602 recens
3660 1547 3785 1617 ipse

505 1620 575 1674 ad
615 1623 996 1679 recondendus
1026 1627 1292 1695 pecunias
1315 1637 1691 1686 cxstruxerat.
1730 1633 1916 1687 Aiebat
1951 1637 2142 1704 quippe
2179 1631 2390 1703 Syrots,
2414 1632 2594 1700 inquit
2628 1631 2880 1700 Theoph.
2916 1631 3124 1700 pp.27l
3164 1641 3219 1687 et
3245 1632 3371 1698 272,
3391 1642 3448 1688 et
3481 1635 3628 1703 apud
3670 1634 3784 1689 Ba-

511 1721 635 1761 ron.
664 1709 731 1763 ad
773 1726 976 1766 annum
1004 1713 1128 1778 627,
1160 1731 1216 1770 n.
1260 1718 1327 1771 17
1362 1733 1374 1767 :
1409 1716 1663 1771 Comedat
1689 1735 1881 1772 auram
1918 1722 2056 1789 quod
2084 1723 2350 1775 incassum
2368 1719 2600 1789 collegit,
2628 1729 2839 1790 propter
2867 1719 3007 1788 quod
3036 1721 3198 1773 etiam
3226 1719 3419 1775 multos
3446 1722 3587 1792 fame
3615 1738 3781 1775 neca-

509 1793 603 1854 uit,
633 1796 995 1867 mundumque
1025 1799 1235 1854 delevit.
1264 1802 1408 1857 Misit
1437 1804 1656 1874 insuper
1694 1814 1946 1875 satrapas
1989 1808 2057 1860 ad
2104 1823 2223 1862 eum
2252 1810 2483 1879 injuriis
2525 1807 2883 1878 impetendum
2924 1815 2973 1860 et
3026 1808 3461 1878 conspuendum;
3492 1808 3781 1864 abductum

509 1881 670 1966 etiam
698 1880 1101 1949 Mardazanem,
1130 1887 1250 1943 sive
1280 1889 1596 1953 Medarzen,
1630 1907 1780 1959 quem
1810 1910 2064 1947 coronare
2095 1894 2297 1949 uolebat
2337 1895 2509 1963 ﬁlium
2542 1897 2656 1966 ejus
2689 1912 2869 1949 coram
2902 1896 3016 1966 ipso
3052 1895 3261 1961 occidit,
3294 1905 3342 1950 et
3372 1896 3601 1966 reliquos
3633 1897 3780 1965 ﬁlios

504 1965 620 2032 ejus
654 1968 709 2020 in
738 1981 1013 2039 conspectu
1044 1974 1208 2043 ipsius
1237 1991 1263 2028 e
1285 1977 1453 2030 medio
1486 1977 1736 2031 sustulit:
1768 1987 1818 2032 et
1845 1981 2080 2049 permisit
2109 1982 2346 2036 omnibus
2371 1983 2459 2052 qui
2480 1965 2680 2035 inimici
2718 1982 2831 2051 ejus
2852 1965 3039 2045 essent,
3075 1989 3132 2034 ut
3159 1983 3302 2037 omni
3322 1983 3654 2052 injuriarum
3682 2000 3781 2054 ge-

509 2069 636 2107 nere
656 2071 777 2109 eum
812 2059 1095 2127 ofﬁcerent,
1130 2080 1193 2116 ac
1215 2064 1511 2119 verberibus
1541 2076 1848 2120 onerarent.
1874 2068 2110 2138 Denique
2137 2085 2232 2139 per
2252 2071 2485 2139 quinque
2514 2070 2624 2123 dies
2654 2070 2748 2122 hoc
2780 2069 2942 2137 facto,
2964 2069 3126 2138 jussit
3153 2068 3344 2138 Syroes
3370 2070 3541 2139 ipsum
3566 2071 3784 2140 sagittis

507 2141 738 2210 confodi,
771 2160 873 2213 quo
906 2147 960 2199 in
988 2148 1244 2217 supplicio
1266 2151 1425 2204 vitam
1455 2149 1646 2217 ﬁnivit.
1676 2152 1769 2207 Sic
1801 2155 2008 2223 potitus
2039 2171 2208 2225 regno
2235 2156 2456 2226 Syroes,
2490 2171 2598 2209 non
2635 2155 2925 2209 immemor
2954 2155 3107 2225 pacis
3150 2171 3314 2224 quam
3364 2172 3487 2209 cum
3521 2156 3777 2211 lleraclio

511 2227 730 2292 inierat,
760 2231 1041 2289 Romanos
1085 2251 1281 2292 omnes
1312 2239 1562 2307 captivos
1590 2240 1851 2295 libertate
1877 2242 2123 2315 donavit,
2156 2244 2301 2298 inter
2328 2260 2470 2313 quos
2509 2243 2615 2298 fuit
2661 2242 2956 2297 Zacharias
2991 2242 3323 2311 patriarcha,
3350 2242 3778 2311 quatuordecim

510 2316 625 2369 fere
658 2317 818 2375 annis
842 2336 907 2375 ex
944 2337 1055 2391 quo
1087 2323 1140 2377 in
1169 2324 1458 2380 Persidem
1517 2326 1721 2382 ductus
1765 2328 1967 2395 fuerat,
2000 2340 2057 2384 et
2097 2340 2509 2385 sacrosanctum
2537 2330 2720 2384 crucis
2768 2330 2978 2400 lignum
3014 2330 3280 2383 restituit.
3313 2329 3476 2383 Anno
3516 2345 3634 2398 seq.
3676 2330 3778 2399 qui

507 2402 745 2459 llcraclii
800 2407 1051 2464 decimus
1086 2427 1268 2466 nonus
1302 2422 1442 2478 erat,
1484 2414 1691 2470 Christi
1736 2416 1859 2472 629.
1903 2417 1955 2471 Is
1987 2418 2231 2472 recedens
2263 2416 2758 2488 Constantinopoli,
2790 2417 2971 2485 inquit
2994 2416 3386 2485 Theophanes,
3412 2432 3537 2485 pag.
3567 2415 3695 2479 275,
3720 2425 3782 2470 et

505 2493 651 2563 apud
704 2493 903 2551 Baron.
932 2498 999 2551 ad
1040 2515 1245 2554 annum
1279 2502 1401 2565 628,
1428 2519 1487 2557 n.
1520 2504 1570 2557 l.
1609 2502 1733 2573 Ipso
1755 2507 1891 2559 ueris
1926 2507 2078 2561 initio
2119 2506 2468 2577 proﬁciscitur
2502 2504 2950 2575 Hierosolymam,
3001 2504 3232 2573 pretiosa
3267 2519 3331 2556 ac
3368 2503 3574 2571 vivi/ica
3605 2505 3782 2558 crucis

507 2576 654 2649 ligna
683 2593 960 2652 reportans
995 2587 1063 2639 ad
1093 2589 1394 2656 gratiarum
1446 2591 1679 2645 actiones
1709 2593 2021 2649 reddendas.
2056 2576 2291 2665 Cumque
2332 2594 2658 2649 Tiberiadem
2689 2593 2928 2653 adiisset,
2965 2606 3277 2644 accusauere
3320 2588 3472 2644 Chris
3498 2592 3612 2644 iani
3670 2590 3783 2644 He-

503 2666 703 2722 braeum
730 2673 1008 2740 quemdam
1038 2677 1249 2729 nomine
1277 2676 1582 2747 Benjamin,
1615 2682 1770 2750 quasi
1789 2682 1888 2735 sibi
1912 2682 2056 2736 mala
2088 2682 2368 2751 facientem
2399 2697 2417 2735 .'
2453 2691 2568 2734 erat
2599 2681 2736 2733 enim
2777 2678 3063 2733 admodum
3091 2678 3397 2748 opulentus,
3425 2680 3780 2748 quisuscepe-

502 2762 591 2806 rat
619 2756 993 2826 imperatorem
1017 2768 1065 2813 et
1097 2764 1385 2817 exercitum
1409 2765 1543 2834 ejus.
1577 2766 1641 2819 In
1666 2784 1785 2821 eum
1811 2779 2098 2824 commotus
2120 2773 2412 2840 imperator
2441 2771 2516 2824 ait
2540 2787 2558 2823 :
2580 2769 2687 2825 Cur
2710 2768 2961 2823 molestus
2988 2784 3038 2821 es
3065 2766 3385 2822 Christianis
3412 2780 3461 2820 et
3483 2766 3606 2836 ﬁdei
3623 2767 3789 2843 Chri-

502 2843 694 2898 stiana:
719 2862 879 2914 quam
907 2847 1020 2902 colo
1039 2849 1063 2901 Ρ
1082 2853 1432 2921 eamdemque
1458 2853 1789 2908 admonitam
1813 2864 1869 2908 ut
1890 2858 2151 2924 crederet,
2175 2859 2545 2928 redditumque
2569 2856 2951 2922 Christianam,
2987 2856 3041 2910 in
3073 2857 3226 2910 domo
3258 2855 3533 2910 Eustachii
3560 2855 3785 2928 Neapo-

504 2928 684 2996 litani,
725 2933 800 2986 ita
837 2950 977 2987 nunc
998 2934 1252 2991 Samaria
1295 2938 1402 3005 (vel
1427 2939 1612 3007 potius
1640 2939 1867 3010 Sichem)
1909 2943 2123 3009 dicitur,
2158 2945 2419 3012 baptizari
2444 2945 2638 3009 uoluit;
2672 2943 2815 3014 apud
2837 2960 2957 2997 eum
2997 2945 3137 2997 enim
3171 2944 3463 3013 imperator
3491 2953 3564 2997 est
3592 2945 3780 3015 hospi-

501 3029 667 3073 tatus.
694 3020 968 3090 Ingressus
998 3023 1186 3079 deinde
1207 3027 1497 3103 imperator
1554 3027 1997 3099 Hierosolymam,
2022 3033 2263 3086 restituto
2281 3037 2402 3103 jam
2434 3033 2700 3087 Zacharia
2726 3031 2993 3103 pontiﬁce,
3028 3032 3342 3086 veneranda’
3372 3034 3539 3086 crucis
3567 3033 3781 3101 uiviﬁca

501 3104 647 3175 ligna
677 3109 733 3162 in
765 3112 1040 3181 proprium
1073 3109 1247 3166 locum
1277 3097 1527 3183 reposuit,
1553 3097 1916 3187 plurimasque
1950 3118 2054 3173 Deo
2094 3123 2197 3191 egit
2231 3097 2439 3192 gratias
2476 3125 2647 3193 :quin
2697 3097 2747 3175 et
2782 3097 2948 3192 pulsis
2980 3121 3181 3175 Juda'is
3217 3124 3282 3176 ab
3320 3122 3446 3175 urbe
3470 3097 3680 3181 sancta;
3708 3140 3782 3176 ne

499 3196 572 3248 ad
609 3198 821 3250 tertiam
851 3215 1014 3265 usque
1040 3198 1357 3254 milliarium
1380 3203 1426 3254 ei
1463 3206 1965 3274 appropinquarent
1992 3207 2225 3261 districle
2250 3210 2532 3277 prohibuit.
2566 3208 2646 3262 Ad
2671 3223 2791 3261 eam
2824 3207 3174 3262 occasionem
3206 3207 3603 3271 revocandum,
3622 3208 3781 3277 quod

496 3282 699 3354 legitur
738 3285 790 3338 in
824 3285 1099 3340 Breviario
1128 3286 1370 3341 Romano
1428 3289 1516 3343 die
1574 3292 1641 3344 14
1671 3291 1958 3361 Septemb.
1992 3294 2357 3352 Exaltationis
2391 3308 2594 3352 sanctae
2630 3296 2813 3352 crucis
2869 3297 3148 3352 memoriae
3185 3306 3529 3359 consecrata,
3562 3298 3782 3354 scilicet

498 3388 625 3424 cum
662 3371 948 3427 llcraclius
986 3389 1126 3429 auro
1172 3384 1228 3429 et
1254 3377 1485 3444 gemmis
1541 3389 1769 3434 ornatus
1824 3381 2031 3447 lignum
2066 3384 2253 3438 crucis
2292 3392 2623 3454 reportaret,
2655 3385 2834 3454 ipsum
2877 3384 3134 3439 insistere
3171 3390 3425 3438 coactum
3482 3383 3585 3437 sub
3615 3393 3780 3452 porta

498 3473 605 3526 qua
637 3458 703 3512 ad
731 3458 996 3515 Calvarize
1023 3472 1268 3517 montem
1290 3472 1409 3517 erat
1436 3464 1575 3531 iter;
1611 3468 1993 3537 monitumque
2026 3479 2315 3538 prepterea
2344 3487 2371 3524 a
2391 3470 2676 3537 Zacharia,
2707 3478 2768 3524 ut
2787 3486 2854 3525 eo
2880 3470 3081 3525 vestitu
3108 3469 3380 3537 deposito,
3417 3470 3780 3525 humiliorem

498 3557 827 3612 asmmeret,
858 3550 1109 3618 paruisse
1144 3552 1561 3621 imperatorem,
1592 3564 1649 3609 et
1695 3556 1969 3624 reliquum
2000 3556 2101 3609 vim
2156 3557 2294 3611 citra
2335 3557 2499 3611 ullam
2539 3558 2916 3614 dillicultatcm
2971 3555 3299 3611 confecisse.
3357 3556 3557 3611 Suidas
3604 3557 3782 3614 refert

496 3632 548 3687 Μ
576 3634 802 3689 :destum
836 3636 1004 3692 fuisse
1042 3639 1599 3709 llicrosolymitanum
1627 3642 2017 3711 patriarcham,
2050 3645 2271 3712 quando
2298 3644 2586 3701 Hcraclius
2626 3661 2846 3701 crucem
2879 3654 3127 3699 sanctam
3164 3643 3223 3697 in
3254 3643 3551 3713 pristinum
3586 3645 3779 3699 locum

500 3724 773 3792 reposuit,
805 3726 962 3792 quasi
984 3727 1095 3796 jam
1134 3736 1265 3783 tunc
1301 3728 1635 3785 decessisset
1664 3730 1982 3791 Zacharias,
2010 3731 2105 3786 sed
2132 3732 2455 3802 Theophani
2483 3732 2579 3803 qui
2609 3732 2702 3787 illo
2728 3731 3010 3801 antiquior
3041 3730 3179 3797 fuit,
3199 3731 3387 3801 potius
3420 3731 3773 3786 credendum

495 3822 603 3864 est.
631 3812 750 3866 Non
774 3823 953 3867 tamen
971 3813 1066 3868 diu
1097 3816 1403 3885 supervixit
1426 3816 1740 3871 Zacharias.
1780 3817 2073 3886 Nicephori
2106 3817 2396 3891 Catalogus
2433 3820 2484 3874 ei
2523 3819 2715 3890 viginti
2738 3819 2880 3874 duos
2907 3834 3083 3874 annos
3106 3819 3394 3890 regiminis
3425 3818 3644 3883 tribuit,
3674 3821 3778 3889 qui

496 3898 566 3953 ab
597 3914 742 3952 anno
777 3898 881 3953 609
907 3899 974 3954 ad
1004 3901 1097 3957 651
1157 3913 1307 3958 recte
1360 3904 1873 3973 computantur,-ita
1906 3913 1967 3959 ut
1997 3906 2202 3961 obierit
2229 3922 2294 3961 eo
2324 3922 2471 3960 anno
2497 3906 2622 3961 €51.
2655 3905 2826 3960 Addit
2854 3905 3287 3974 Papebrocbius,
3311 3906 3497 3960 Tract.
3535 3905 3777 3975 praelim.

494 3986 562 4039 ad
612 3994 650 4039 t.
678 3985 747 4040 lll
784 3987 965 4042 Actor.
988 3999 1295 4044 sanctorum
1347 3989 1497 4053 Maii,
1532 4005 1588 4058 p.
1614 3990 1781 4052 5l,n.
1826 3992 1949 4055 157,
1974 3993 2081 4047 col.
2106 3994 2161 4056 2,
2191 3994 2356 4048 vitam
2393 3995 2513 4064 ejus
2548 3993 2771 4048 extendi
2820 4007 2983 4063 posse
3015 4008 3192 4063 usque
3226 3991 3297 4047 ad
3326 4008 3532 4048 annum
3565 3992 3684 4055 6'53,
3722 3996 3777 4050 si

496 4088 785 4128 successor
807 4075 928 4145 ejus
950 4075 1230 4134 Modestus
1273 4091 1385 4130 uno
1420 4076 1598 4130 solum
1628 4092 1773 4131 anno
1804 4086 1902 4132 aut
1943 4078 2170 4135 biennio
2212 4096 2322 4135 non
2361 4080 2577 4150 integro
2615 4080 2801 4135 sedem
2840 4080 3105 4135 tennerit.
3136 4080 3342 4135 Verum
3381 4080 3435 4134 hi
3466 4079 3555 4144 22,
3583 4079 3668 4134 vel
3708 4090 3782 4134 ut

493 4159 705 4216 Latina
741 4163 989 4232 quadam
1025 4165 1263 4235 eatalogi
1294 4164 1594 4233 Nieephori
1625 4150 2014 4221 translationes
2052 4166 2279 4232 habent,
2326 4168 2397 4221 24
2431 4166 2711 4221 Zacharia:
2731 4165 3087 4237 episcopatus
3130 4167 3286 4232 anni,
3327 4182 3616 4237 perperam
3644 4181 3780 4221 om-

496 4247 633 4303 nino
652 4248 857 4304 ibidem
884 4262 1216 4308 revocantur
1236 4249 1305 4304 ad
1336 4259 1555 4324 tempus
1586 4251 1734 4322 quod
1752 4253 1874 4324 ejus
1903 4253 2278 4323 captivitatem
2311 4253 2616 4325 praecessit.
2652 4250 2866 4307 Colitur
2886 4251 3183 4309 Zacharias
3208 4253 3267 4309 in
3301 4252 3516 4309 Menaeis
3545 4252 3781 4310 Graeco-

496 4349 619 4389 rum
650 4335 741 4392 die
765 4338 829 4393 21
860 4338 1132 4395 Februar.

501 4517 3723 4542 Mm

739 4662 1372 4757 ZACHARIJE
1477 4664 2631 4759 HIEROSOLYMITANI
2743 4617 3542 4760 PATRIARCHJE

1720 4864 2541 4997 EPISTOLA.

567 5086 911 5165 (Bibliotheca
943 5091 1169 5165 Patrum
1189 5126 1202 5151 ,
1228 5091 1375 5165 _to_m.
1410 5086 1620 5165 Xllup.
1647 5085 1770 5140 984.
1800 5085 2009 5165 Textus
2029 5081 2472 5165 autemCEecus
2498 5081 2829 5165 desumptus
2857 5089 2943 5165 est
2980 5095 3263 5165 exﬁopere
3303 5083 3504 5165 liniue.
3554 5084 3770 5165 Gonnu-

485 5173 614 5215 I'Isu
646 5158 736 5213 cui
772 5158 968 5213 titulus
1003 5175 1017 5210 :
1055 5155 1240 5211 Sancti
1273 5155 1497 5210 Joannis
1520 5151 1954 5227 Chrysostomide
1977 5153 2264 5207 educandis
2285 5151 2460 5207 liberis
2491 5151 2620 5206 liber
2646 5168 2860 5219 aureus,
2881 5161 3017 5220 etc.,
3050 5153 3276 5208 Parisiis
3312 5154 3469 5218 1655,
3490 5155 3564 5209 in.
3600 5154 3654 5211 8.

500 5369 677 5447 Vidua:
725 5383 958 5447 sponsis,
987 5371 1187 5425 civitati
1214 5440 1225 5447 _
1248 5368 1381 5440 regis
1417 5369 1595 5439 Magni
1649 5370 1824 5447 liberis
1853 5370 2071 5447 orbatae,

2187 5369 2267 5439 T47
2319 5368 2674 5447 κηρευσάμτη
2737 5371 2981 5447 relisa
3027 5366 3102 5447 fit
3135 5368 3538 5447 ἀτεκνεδθξίση
3590 5370 3767 5447 πόλει

563 5439 1044 5512 liierosolymitano
1081 5440 1225 5512 gregi
1250 5438 1519 5512 pastorem,
1564 5458 1665 5495 non
1700 5441 1949 5505 habenti;
1984 5446 2074 5497 sed

2251 5442 2357 5493 τοῦ
2399 5438 2713 5512 βασιλέως
2769 5441 2875 5512 tot}
2911 5439 3218 5512 ,ιιεγᾴλουξ
3270 5438 3343 5505 τῇ
3398 5438 3744 5512 derogari???

564 5522 610 5563 et
645 5507 862 5589 reliquis
884 5507 1121 5566 omnibus
1232 5510 1438 5566 Christo
1456 5512 1723 5589 Ecclesiis,
1748 5513 2074 5589 residuis/[ue

2250 5512 2473 5589 ξτοίέςνῃ
2516 5507 2944 5589 Ἰξρρυσᾳλήμο
2977 5510 3075 5561 καὶ
3121 5507 3367 5589 ,πάοςαις
3397 5508 3492 5589 δὲ.
3520 5510 3767 5589 utamur}

564 5583 617 5634 in
649 5578 765 5665 illis
787 5580 915 5665 ﬁliis
940 5583 1214 5665 prphanis,
1243 5591 1425 5651 pastor
1453 5583 1685 5650 humilis,
1717 5582 1878 5648 solus,
1910 5578 2083 5655 capti-

2251 5583 2320 5634 ἐν
2353 5579 3008 5665 ΧριιζτῷἘνςκλησίᾳις,
3036 5578 3140 5657 καὶ
3180 5578 3304 5642 τοὶς
3328 5578 3398 5665 ἐγ
3424 5578 3629 5644 αὐτοῖς
3655 5595 3764 5665 κὶα-

563 5669 678 5717 vus,
721 5648 1014 5707 Zacharias
1060 5648 1327 5707 minimas.
1673 5648 1678 5650 “
1977 5648 1986 5655 ’

2250 5651 2617 5720 ’τίιλειςρθεῖσι
2638 5648 2870 5733 τέκνοις
2887 5648 3190 5733 όρξαιιοῖς,
3217 5648 3444 5733 πςιέιῂν
3463 5650 3762 5714 ταπεινὸς,

2248 5719 2493 5790 ἕρηδιιὸς,
2524 5719 2916 5788 αἰχμάλωτος,
2945 5719 3248 5785 Ζαχαρίας
3268 5719 3613 5784 ἐλάχιστος.

567 5807 755 5865 Crat’a
786 5812 962 5879 vobis,
994 5812 1114 5879 lilii,
1155 5820 1212 5868 et
1234 5810 1548 5882 benignitas
1569 5851 1583 5876 ,
1616 5818 1669 5865 et
1700 5808 2081 5866 misericordia

2252 5811 2426 5880 Χάρις
2457 5811 2606 5880 ὑμῖν,
2643 5808 2810 5862 τέκνα
2859 5809 2954 5861 καὶ
3000 5806 3391 5877 εὐσπλαγχνία,
3442 5808 3537 5861 καὶ
3588 5807 3760 5873 ἔλεος,

502 5913 533 5957 a
564 5901 674 5963 Deo
696 5904 855 5962 Patre
880 5916 1109 5974 nostro,
1162 5904 1465 5959 animatum
1512 5919 1577 5959 ac
1630 5902 1855 5958 humani
1910 5903 2081 5974 ipsius

2184 5902 2333 5975 mpii
2357 5902 2489 5956 Θεοῦ
2511 5902 2723 5976 Πατρὶς
2755 5900 2914 5973 ήμῶν
2963 5896 3283 5972 citat-ﬁxam
3326 5900 3424 5956 uel.
3455 5900 3759 5972 cptiaVOptin
