  <div class='ocr_page' id='page_1' title='image "/cluster/home/n/w/nwhite01/storage/ocr_20150623/86:pt.2/coo.31924054869890/742.png"; bbox 0 0 4078 6388; ppageno 0'>
   <div class='ocr_carea' id='block_1_1' title="bbox 162 472 292 538">
    <p class='ocr_par' dir='ltr' id='par_1_1' title="bbox 162 472 292 538">
     <span class='ocr_line' id='line_1_1' title="bbox 162 472 292 538; baseline 0 -3"><span class='ocrx_word' id='word_1_1' title='bbox 162 472 292 538; x_wconf 72' lang='lat'><strong>3229</strong></span> 
     </span>
    </p>
   </div>
   <div class='ocr_carea' id='block_1_2' title="bbox 1637 469 2023 530">
    <p class='ocr_par' dir='ltr' id='par_1_2' title="bbox 1637 469 2023 530">
     <span class='ocr_line' id='line_1_2' title="bbox 1637 469 2023 530; baseline 0.003 -1"><span class='ocrx_word' id='word_1_2' title='bbox 1637 469 1759 529; x_wconf 84' lang='lat' dir='ltr'><strong>EPI</strong></span> <span class='ocrx_word' id='word_1_3' title='bbox 1766 469 1994 529; x_wconf 75' lang='lat' dir='ltr'><strong>STOLA</strong></span> <span class='ocrx_word' id='word_1_4' title='bbox 2005 514 2023 530; x_wconf 92' lang='lat'><strong>.</strong></span> 
     </span>
    </p>
   </div>
   <div class='ocr_carea' id='block_1_3' title="bbox 3318 438 3461 535">
    <p class='ocr_par' dir='ltr' id='par_1_3' title="bbox 3318 438 3461 535">
     <span class='ocr_line' id='line_1_3' title="bbox 3318 438 3461 535; baseline 0.021 -3"><span class='ocrx_word' id='word_1_5' title='bbox 3318 438 3461 535; x_wconf 56' lang='grc' dir='ltr'><strong>σξιο</strong></span> 
     </span>
    </p>
   </div>
   <div class='ocr_carea' id='block_1_4' title="bbox 171 575 1782 648">
    <p class='ocr_par' dir='ltr' id='par_1_4' title="bbox 171 575 1772 647">
     <span class='ocr_line' id='line_1_4' title="bbox 171 575 1772 647; baseline -0.002 -12"><span class='ocrx_word' id='word_1_6' title='bbox 171 601 277 646; x_wconf 76' lang='grc' dir='ltr'><strong>που,</strong></span> <span class='ocrx_word' id='word_1_7' title='bbox 309 580 465 647; x_wconf 72' lang='grc' dir='ltr'><strong>ἄξιον</strong></span> <span class='ocrx_word' id='word_1_8' title='bbox 498 579 707 645; x_wconf 74' lang='grc' dir='ltr'><strong>ὅντως,</strong></span> <span class='ocrx_word' id='word_1_9' title='bbox 736 579 830 632; x_wconf 82' lang='grc' dir='ltr'><strong>καὶ</strong></span> <span class='ocrx_word' id='word_1_10' title='bbox 859 578 954 632; x_wconf 81' lang='grc' dir='ltr'><strong>νῦν</strong></span> <span class='ocrx_word' id='word_1_11' title='bbox 983 577 1176 635; x_wconf 71' lang='grc' dir='ltr'><strong>εἰπεῖν.</strong></span> <span class='ocrx_word' id='word_1_12' title='bbox 1214 577 1310 631; x_wconf 70' lang='grc' dir='ltr'><strong>καὶ</strong></span> <span class='ocrx_word' id='word_1_13' title='bbox 1333 575 1392 641; x_wconf 75' lang='grc' dir='ltr'>ἐξ</span> <span class='ocrx_word' id='word_1_14' title='bbox 1420 576 1772 647; x_wconf 73' lang='grc' dir='ltr'><strong>εὐχαριστίας</strong></span> 
     </span>
    </p>
   </div>
   <div class='ocr_carea' id='block_1_5' title="bbox 1887 575 3465 648">
    <p class='ocr_par' dir='ltr' id='par_1_5' title="bbox 1887 577 3465 647">
     <span class='ocr_line' id='line_1_5' title="bbox 1887 577 3465 647; baseline 0.001 -16"><span class='ocrx_word' id='word_1_15' title='bbox 1887 578 2093 645; x_wconf 67' lang='lat' dir='ltr'><strong>generis</strong></span> <span class='ocrx_word' id='word_1_16' title='bbox 2120 584 2361 640; x_wconf 85' lang='lat' dir='ltr'><strong>amante,</strong></span> <span class='ocrx_word' id='word_1_17' title='bbox 2399 577 2969 647; x_wconf 80' lang='lat' dir='ltr'><strong>clementissimoqne,</strong></span> <span class='ocrx_word' id='word_1_18' title='bbox 3006 584 3143 631; x_wconf 84' lang='lat' dir='ltr'><strong>utet</strong></span> <span class='ocrx_word' id='word_1_19' title='bbox 3184 595 3331 636; x_wconf 85' lang='lat' dir='ltr'><strong>nunc</strong></span> <span class='ocrx_word' id='word_1_20' title='bbox 3379 580 3465 635; x_wconf 78' lang='lat' dir='ltr'><strong>di-</strong></span> 
     </span>
    </p>
   </div>
   <div class='ocr_carea' id='block_1_6' title="bbox 166 668 1269 747">
    <p class='ocr_par' dir='ltr' id='par_1_6' title="bbox 166 668 1269 747">
     <span class='ocr_line' id='line_1_6' title="bbox 166 668 1269 747; baseline -0.003 -20"><span class='ocrx_word' id='word_1_21' title='bbox 166 678 254 747; x_wconf 74' lang='grc' dir='ltr'><strong>τῆς</strong></span> <span class='ocrx_word' id='word_1_22' title='bbox 292 672 433 743; x_wconf 72' lang='grc' dir='ltr'><strong>πρὸς</strong></span> <span class='ocrx_word' id='word_1_23' title='bbox 466 672 631 743; x_wconf 79' lang='grc' dir='ltr'><strong>ὑμᾶς</strong></span> <span class='ocrx_word' id='word_1_24' title='bbox 657 672 951 741; x_wconf 62' lang='grc' dir='ltr'><strong>ἐπιστολῆς</strong></span> <span class='ocrx_word' id='word_1_25' title='bbox 980 668 1269 740; x_wconf 75' lang='grc' dir='ltr'><strong>ἄρξασθαι.</strong></span> 
     </span>
    </p>
   </div>
   <div class='ocr_carea' id='block_1_7' title="bbox 231 846 1779 923">
    <p class='ocr_par' dir='ltr' id='par_1_7' title="bbox 231 846 1779 923">
     <span class='ocr_line' id='line_1_7' title="bbox 231 846 1779 923; baseline -0.003 -15"><span class='ocrx_word' id='word_1_26' title='bbox 231 853 342 921; x_wconf 75' lang='grc' dir='ltr'><strong>Ετη</strong></span> <span class='ocrx_word' id='word_1_27' title='bbox 366 855 437 907; x_wconf 81' lang='grc' dir='ltr'><strong>τὸ</strong></span> <span class='ocrx_word' id='word_1_28' title='bbox 468 852 679 923; x_wconf 79' lang='grc' dir='ltr'><strong>ὄνομα</strong></span> <span class='ocrx_word' id='word_1_29' title='bbox 700 846 924 920; x_wconf 72' lang='grc' dir='ltr'><strong>Κυρίου</strong></span> <span class='ocrx_word' id='word_1_30' title='bbox 948 849 1383 919; x_wconf 67' lang='grc' dir='ltr'><strong>εὐλογημένον,</strong></span> <span class='ocrx_word' id='word_1_31' title='bbox 1409 849 1499 902; x_wconf 81' lang='grc' dir='ltr'><strong>ὅτι</strong></span> <span class='ocrx_word' id='word_1_32' title='bbox 1523 851 1596 902; x_wconf 83' lang='grc' dir='ltr'><strong>οὐ</strong></span> <span class='ocrx_word' id='word_1_33' title='bbox 1627 849 1779 903; x_wconf 82' lang='grc' dir='ltr'><strong>κατὰ</strong></span> 
     </span>
    </p>
   </div>
   <div class='ocr_carea' id='block_1_8' title="bbox 168 940 1778 1012">
    <p class='ocr_par' dir='ltr' id='par_1_8' title="bbox 168 940 1778 1012">
     <span class='ocr_line' id='line_1_8' title="bbox 168 940 1778 1012; baseline -0.001 -17"><span class='ocrx_word' id='word_1_34' title='bbox 168 949 265 1011; x_wconf 77' lang='grc' dir='ltr'><strong>τὰς</strong></span> <span class='ocrx_word' id='word_1_35' title='bbox 284 944 600 1012; x_wconf 77' lang='grc' dir='ltr'><strong>ἁμαρτίας</strong></span> <span class='ocrx_word' id='word_1_36' title='bbox 625 941 796 1012; x_wconf 71' lang='grc' dir='ltr'><strong>ἡμῶν</strong></span> <span class='ocrx_word' id='word_1_37' title='bbox 819 943 1115 1009; x_wconf 74' lang='grc' dir='ltr'><strong>ἐποίησεν</strong></span> <span class='ocrx_word' id='word_1_38' title='bbox 1138 940 1307 1009; x_wconf 75' lang='grc' dir='ltr'><strong>ἡμῖν.</strong></span> <span class='ocrx_word' id='word_1_39' title='bbox 1334 942 1476 993; x_wconf 81' lang='grc' dir='ltr'><strong>οὐδὲ</strong></span> <span class='ocrx_word' id='word_1_40' title='bbox 1498 941 1647 994; x_wconf 82' lang='grc' dir='ltr'><strong>κατὰ</strong></span> <span class='ocrx_word' id='word_1_41' title='bbox 1671 941 1778 1006; x_wconf 76' lang='grc' dir='ltr'><strong>τὰς</strong></span> 
     </span>
    </p>
   </div>
   <div class='ocr_carea' id='block_1_9' title="bbox 166 1030 1777 1100">
    <p class='ocr_par' dir='ltr' id='par_1_9' title="bbox 166 1030 1777 1100">
     <span class='ocr_line' id='line_1_9' title="bbox 166 1030 1777 1100; baseline -0.003 -12"><span class='ocrx_word' id='word_1_42' title='bbox 166 1035 413 1100; x_wconf 80' lang='grc' dir='ltr'><strong>ἀνομίας</strong></span> <span class='ocrx_word' id='word_1_43' title='bbox 460 1033 651 1100; x_wconf 70' lang='grc' dir='ltr'><strong>ἡμῶν</strong></span> <span class='ocrx_word' id='word_1_44' title='bbox 691 1030 1118 1088; x_wconf 77' lang='grc' dir='ltr'><strong>ἀνταπέδωκεν</strong></span> <span class='ocrx_word' id='word_1_45' title='bbox 1146 1031 1309 1098; x_wconf 76' lang='grc' dir='ltr'><strong>ἡμῖν.</strong></span> <span class='ocrx_word' id='word_1_46' title='bbox 1349 1030 1563 1096; x_wconf 76' lang='grc' dir='ltr'><strong>Ὅμως,</strong></span> <span class='ocrx_word' id='word_1_47' title='bbox 1612 1030 1777 1098; x_wconf 82' lang='grc' dir='ltr'><strong>Οἵμοι</strong></span> 
     </span>
    </p>
   </div>
   <div class='ocr_carea' id='block_1_10' title="bbox 168 1124 1780 1196">
    <p class='ocr_par' dir='ltr' id='par_1_10' title="bbox 168 1124 1780 1196">
     <span class='ocr_line' id='line_1_10' title="bbox 168 1124 1780 1196; baseline -0.002 -15"><span class='ocrx_word' id='word_1_48' title='bbox 168 1128 250 1182; x_wconf 78' lang='grc' dir='ltr'><strong>ἔτι</strong></span> <span class='ocrx_word' id='word_1_49' title='bbox 275 1128 376 1195; x_wconf 77' lang='grc' dir='ltr'><strong>τῆς</strong></span> <span class='ocrx_word' id='word_1_50' title='bbox 406 1127 562 1182; x_wconf 86' lang='grc' dir='ltr'><strong>Σιὼν</strong></span> <span class='ocrx_word' id='word_1_51' title='bbox 590 1126 997 1196; x_wconf 75' lang='grc' dir='ltr'><strong>ἐμακρύνθην,</strong></span> <span class='ocrx_word' id='word_1_52' title='bbox 1026 1124 1123 1178; x_wconf 73' lang='grc' dir='ltr'><strong>καὶ</strong></span> <span class='ocrx_word' id='word_1_53' title='bbox 1156 1124 1593 1190; x_wconf 74' lang='grc' dir='ltr'><strong>κατεσκήνωσα</strong></span> <span class='ocrx_word' id='word_1_54' title='bbox 1629 1125 1780 1192; x_wconf 80' lang='grc' dir='ltr'><strong>μετὰ</strong></span> 
     </span>
    </p>
   </div>
   <div class='ocr_carea' id='block_1_11' title="bbox 167 1214 1773 1286">
    <p class='ocr_par' dir='ltr' id='par_1_11' title="bbox 167 1214 1773 1286">
     <span class='ocr_line' id='line_1_11' title="bbox 167 1214 1773 1286; baseline -0.003 -15"><span class='ocrx_word' id='word_1_55' title='bbox 167 1218 277 1271; x_wconf 78' lang='grc' dir='ltr'><strong>τῶν</strong></span> <span class='ocrx_word' id='word_1_56' title='bbox 303 1217 739 1286; x_wconf 82' lang='grc' dir='ltr'><strong>σκηνωμάτων</strong></span> <span class='ocrx_word' id='word_1_57' title='bbox 768 1216 997 1284; x_wconf 67' lang='grc' dir='ltr'><strong>Κηδάρ·</strong></span> <span class='ocrx_word' id='word_1_58' title='bbox 1042 1216 1118 1279; x_wconf 83' lang='grc' dir='ltr'><strong>ὡς</strong></span> <span class='ocrx_word' id='word_1_59' title='bbox 1165 1214 1331 1268; x_wconf 78' lang='grc' dir='ltr'><strong>Δαὸὶδ</strong></span> <span class='ocrx_word' id='word_1_60' title='bbox 1377 1214 1559 1268; x_wconf 80' lang='grc' dir='ltr'><strong>ποθῶν</strong></span> <span class='ocrx_word' id='word_1_61' title='bbox 1598 1216 1773 1282; x_wconf 66' lang='grc' dir='ltr'><strong>κάγὼ,</strong></span> 
     </span>
    </p>
   </div>
   <div class='ocr_carea' id='block_1_12' title="bbox 166 1306 1777 1377">
    <p class='ocr_par' dir='ltr' id='par_1_12' title="bbox 166 1306 1777 1377">
     <span class='ocr_line' id='line_1_12' title="bbox 166 1306 1777 1377; baseline -0.002 -14"><span class='ocrx_word' id='word_1_62' title='bbox 166 1310 377 1371; x_wconf 70' lang='grc' dir='ltr'><strong>ψάλλων</strong></span> <span class='ocrx_word' id='word_1_63' title='bbox 420 1309 635 1371; x_wconf 83' lang='grc' dir='ltr'><strong>νυκτὸς</strong></span> <span class='ocrx_word' id='word_1_64' title='bbox 674 1308 768 1361; x_wconf 70' lang='grc' dir='ltr'><strong>καὶ</strong></span> <span class='ocrx_word' id='word_1_65' title='bbox 813 1307 1047 1377; x_wconf 80' lang='grc' dir='ltr'><strong>ἡμέρας,</strong></span> <span class='ocrx_word' id='word_1_66' title='bbox 1097 1306 1287 1360; x_wconf 81' lang='grc' dir='ltr'><strong>τοῦτον</strong></span> <span class='ocrx_word' id='word_1_67' title='bbox 1324 1308 1382 1361; x_wconf 81' lang='grc' dir='ltr'><strong>ὲν</strong></span> <span class='ocrx_word' id='word_1_68' title='bbox 1428 1309 1539 1367; x_wconf 80' lang='grc' dir='ltr'><strong>τοῖς</strong></span> <span class='ocrx_word' id='word_1_69' title='bbox 1573 1306 1777 1376; x_wconf 79' lang='grc' dir='ltr'><strong>χείλεσι</strong></span> 
     </span>
    </p>
   </div>
   <div class='ocr_carea' id='block_1_13' title="bbox 172 1402 1772 1475">
    <p class='ocr_par' dir='ltr' id='par_1_13' title="bbox 172 1402 1772 1475">
     <span class='ocr_line' id='line_1_13' title="bbox 172 1402 1772 1475; baseline -0.003 -16"><span class='ocrx_word' id='word_1_70' title='bbox 172 1423 265 1475; x_wconf 77' lang='grc' dir='ltr'><strong>μου</strong></span> <span class='ocrx_word' id='word_1_71' title='bbox 311 1406 408 1459; x_wconf 69' lang='grc' dir='ltr'><strong>τὸν</strong></span> <span class='ocrx_word' id='word_1_72' title='bbox 454 1406 654 1475; x_wconf 82' lang='grc' dir='ltr'><strong>στίχον</strong></span> <span class='ocrx_word' id='word_1_73' title='bbox 699 1404 1035 1474; x_wconf 59' lang='grc' dir='ltr'><strong>περιφέρων</strong></span> <span class='ocrx_word' id='word_1_74' title='bbox 1081 1402 1223 1457; x_wconf 74' lang='grc' dir='ltr'><strong>Ἐὰν</strong></span> <span class='ocrx_word' id='word_1_75' title='bbox 1238 1403 1606 1471; x_wconf 78' lang='grc' dir='ltr'><strong>ἐπι.1ιίθωμαί</strong></span> <span class='ocrx_word' id='word_1_76' title='bbox 1636 1420 1772 1465; x_wconf 88' lang='grc' dir='ltr'><strong>σου,</strong></span> 
     </span>
    </p>
   </div>
   <div class='ocr_carea' id='block_1_14' title="bbox 182 1495 1774 1566">
    <p class='ocr_par' dir='ltr' id='par_1_14' title="bbox 182 1495 1774 1566">
     <span class='ocr_line' id='line_1_14' title="bbox 182 1495 1774 1566; baseline -0.002 -15"><span class='ocrx_word' id='word_1_77' title='bbox 182 1498 613 1565; x_wconf 76' lang='grc' dir='ltr'><strong>Ἰερουσαλὴμ.</strong></span> <span class='ocrx_word' id='word_1_78' title='bbox 650 1496 953 1565; x_wconf 69' lang='grc' dir='ltr'><strong>ἐπιλησθιῖ</strong></span> <span class='ocrx_word' id='word_1_79' title='bbox 985 1497 1022 1565; x_wconf 77' lang='grc' dir='ltr'>ἠ</span> <span class='ocrx_word' id='word_1_80' title='bbox 1055 1495 1224 1560; x_wconf 79' lang='grc' dir='ltr'><strong>δεξιά</strong></span> <span class='ocrx_word' id='word_1_81' title='bbox 1248 1513 1389 1565; x_wconf 80' lang='grc' dir='ltr'><strong>μου,</strong></span> <span class='ocrx_word' id='word_1_82' title='bbox 1417 1495 1449 1566; x_wconf 74' lang='grc' dir='ltr'>ἢ</span> <span class='ocrx_word' id='word_1_83' title='bbox 1481 1496 1574 1548; x_wconf 77' lang='grc' dir='ltr'><strong>τοῦ</strong></span> <span class='ocrx_word' id='word_1_84' title='bbox 1606 1498 1666 1549; x_wconf 76' lang='grc' dir='ltr'><strong>ἐν</strong></span> <span class='ocrx_word' id='word_1_85' title='bbox 1693 1496 1774 1548; x_wconf 84' lang='grc' dir='ltr'><strong>σοὶ</strong></span> 
     </span>
    </p>
   </div>
   <div class='ocr_carea' id='block_1_15' title="bbox 172 1586 659 1657">
    <p class='ocr_par' dir='ltr' id='par_1_15' title="bbox 172 1586 659 1657">
     <span class='ocr_line' id='line_1_15' title="bbox 172 1586 659 1657; baseline 0 -18"><span class='ocrx_word' id='word_1_86' title='bbox 172 1587 456 1657; x_wconf 71' lang='grc' dir='ltr'><strong>ἐλαχίστου</strong></span> <span class='ocrx_word' id='word_1_87' title='bbox 492 1586 659 1641; x_wconf 71' lang='grc' dir='ltr'><strong>λαοῦ.</strong></span> 
     </span>
    </p>
   </div>
   <div class='ocr_carea' id='block_1_16' title="bbox 238 1675 1772 1747">
    <p class='ocr_par' dir='ltr' id='par_1_16' title="bbox 238 1675 1772 1747">
     <span class='ocr_line' id='line_1_16' title="bbox 238 1675 1772 1747; baseline 0.001 -19"><span class='ocrx_word' id='word_1_88' title='bbox 238 1675 491 1732; x_wconf 75' lang='grc' dir='ltr'><strong>Γνωστὸν</strong></span> <span class='ocrx_word' id='word_1_89' title='bbox 542 1678 689 1730; x_wconf 76' lang='grc' dir='ltr'><strong>ἔστω</strong></span> <span class='ocrx_word' id='word_1_90' title='bbox 731 1677 881 1746; x_wconf 74' lang='grc' dir='ltr'><strong>ὑμῖν,</strong></span> <span class='ocrx_word' id='word_1_91' title='bbox 924 1675 1163 1743; x_wconf 71' lang='grc' dir='ltr'><strong>ἀδελφοὶ.</strong></span> <span class='ocrx_word' id='word_1_92' title='bbox 1212 1676 1294 1729; x_wconf 79' lang='grc' dir='ltr'><strong>ὅτι</strong></span> <span class='ocrx_word' id='word_1_93' title='bbox 1340 1676 1431 1729; x_wconf 70' lang='grc' dir='ltr'><strong>καὶ</strong></span> <span class='ocrx_word' id='word_1_94' title='bbox 1467 1678 1630 1747; x_wconf 68' lang='grc' dir='ltr'><strong>ἡμεῖς</strong></span> <span class='ocrx_word' id='word_1_95' title='bbox 1675 1675 1772 1729; x_wconf 73' lang='grc' dir='ltr'><strong>ἐπὶ</strong></span> 
     </span>
    </p>
   </div>
   <div class='ocr_carea' id='block_1_17' title="bbox 176 1765 1771 1838">
    <p class='ocr_par' dir='ltr' id='par_1_17' title="bbox 176 1765 1771 1838">
     <span class='ocr_line' id='line_1_17' title="bbox 176 1765 1771 1838; baseline -0.002 -18"><span class='ocrx_word' id='word_1_96' title='bbox 176 1767 287 1821; x_wconf 80' lang='grc' dir='ltr'><strong>τῶν</strong></span> <span class='ocrx_word' id='word_1_97' title='bbox 333 1769 641 1838; x_wconf 77' lang='grc' dir='ltr'><strong>ποταμῶν</strong></span> <span class='ocrx_word' id='word_1_98' title='bbox 676 1765 1059 1829; x_wconf 67' lang='grc' dir='ltr'><strong>Βαόυλῶνος,</strong></span> <span class='ocrx_word' id='word_1_99' title='bbox 1083 1765 1212 1818; x_wconf 81' lang='grc' dir='ltr'><strong>ἐκεῖ</strong></span> <span class='ocrx_word' id='word_1_100' title='bbox 1253 1767 1639 1832; x_wconf 73' lang='grc' dir='ltr'><strong>ἐκαθίσαμεν,</strong></span> <span class='ocrx_word' id='word_1_101' title='bbox 1674 1765 1771 1818; x_wconf 75' lang='grc' dir='ltr'><strong>καὶ</strong></span> 
     </span>
    </p>
   </div>
   <div class='ocr_carea' id='block_1_18' title="bbox 175 1845 1769 1928">
    <p class='ocr_par' dir='ltr' id='par_1_18' title="bbox 175 1845 1769 1928">
     <span class='ocr_line' id='line_1_18' title="bbox 175 1845 1769 1928; baseline -0.001 -19"><span class='ocrx_word' id='word_1_102' title='bbox 175 1858 595 1928; x_wconf 66' lang='grc' dir='ltr'><strong>ἒιὲαύσαμεν,</strong></span> <span class='ocrx_word' id='word_1_103' title='bbox 611 1859 684 1911; x_wconf 80' lang='grc' dir='ltr'><strong>ἐν</strong></span> <span class='ocrx_word' id='word_1_104' title='bbox 701 1845 792 1922; x_wconf 67' lang='grc' dir='ltr'><strong>τῷ</strong></span> <span class='ocrx_word' id='word_1_105' title='bbox 800 1855 1147 1925; x_wconf 79' lang='grc' dir='ltr'><strong>μνησθῆναι</strong></span> <span class='ocrx_word' id='word_1_106' title='bbox 1164 1852 1322 1923; x_wconf 79' lang='grc' dir='ltr'><strong>ἡμᾶς</strong></span> <span class='ocrx_word' id='word_1_107' title='bbox 1342 1854 1448 1921; x_wconf 75' lang='grc' dir='ltr'><strong>τῆς</strong></span> <span class='ocrx_word' id='word_1_108' title='bbox 1476 1856 1649 1920; x_wconf 82' lang='grc' dir='ltr'><strong>Σιὼν,</strong></span> <span class='ocrx_word' id='word_1_109' title='bbox 1677 1854 1769 1907; x_wconf 82' lang='grc' dir='ltr'><strong>τοῦ</strong></span> 
     </span>
    </p>
   </div>
   <div class='ocr_carea' id='block_1_19' title="bbox 177 1947 1773 2019">
    <p class='ocr_par' dir='ltr' id='par_1_19' title="bbox 177 1947 1773 2019">
     <span class='ocr_line' id='line_1_19' title="bbox 177 1947 1773 2019; baseline 0 -18"><span class='ocrx_word' id='word_1_110' title='bbox 177 1951 446 2016; x_wconf 79' lang='grc' dir='ltr'><strong>Γολγοθὰ,</strong></span> <span class='ocrx_word' id='word_1_111' title='bbox 488 1951 592 2004; x_wconf 79' lang='grc' dir='ltr'><strong>τοῦ</strong></span> <span class='ocrx_word' id='word_1_112' title='bbox 630 1947 897 2014; x_wconf 78' lang='grc' dir='ltr'><strong>ζωοποιοῦ</strong></span> <span class='ocrx_word' id='word_1_113' title='bbox 961 1950 1263 2017; x_wconf 72' lang='grc' dir='ltr'><strong>μνήματος,</strong></span> <span class='ocrx_word' id='word_1_114' title='bbox 1313 1949 1412 2019; x_wconf 82' lang='grc' dir='ltr'><strong>τῆς</strong></span> <span class='ocrx_word' id='word_1_115' title='bbox 1446 1947 1773 2018; x_wconf 71' lang='grc' dir='ltr'><strong>ἀειμνήστου</strong></span> 
     </span>
    </p>
   </div>
   <div class='ocr_carea' id='block_1_20' title="bbox 179 2040 1777 2112">
    <p class='ocr_par' dir='ltr' id='par_1_20' title="bbox 179 2040 1777 2112">
     <span class='ocr_line' id='line_1_20' title="bbox 179 2040 1777 2112; baseline 0.003 -20"><span class='ocrx_word' id='word_1_116' title='bbox 179 2040 443 2112; x_wconf 70' lang='grc' dir='ltr'><strong>Βηθλεέμ.</strong></span> <span class='ocrx_word' id='word_1_117' title='bbox 485 2043 624 2096; x_wconf 83' lang='grc' dir='ltr'><strong>Ἰδοὺ</strong></span> <span class='ocrx_word' id='word_1_118' title='bbox 670 2040 911 2109; x_wconf 76' lang='grc' dir='ltr'><strong>ἀδελφοὶ,</strong></span> <span class='ocrx_word' id='word_1_119' title='bbox 947 2042 1203 2108; x_wconf 80' lang='grc' dir='ltr'><strong>Ἥραμεν</strong></span> <span class='ocrx_word' id='word_1_120' title='bbox 1246 2040 1386 2105; x_wconf 84' lang='grc' dir='ltr'><strong>τοὺς</strong></span> <span class='ocrx_word' id='word_1_121' title='bbox 1431 2043 1777 2111; x_wconf 52' lang='grc' dir='ltr'><strong>ὀφθαλμοὺς</strong></span> 
     </span>
    </p>
   </div>
   <div class='ocr_carea' id='block_1_21' title="bbox 178 2131 1774 2203">
    <p class='ocr_par' dir='ltr' id='par_1_21' title="bbox 178 2131 1774 2203">
     <span class='ocr_line' id='line_1_21' title="bbox 178 2131 1774 2203; baseline -0.002 -13"><span class='ocrx_word' id='word_1_122' title='bbox 178 2132 341 2199; x_wconf 70' lang='grc' dir='ltr'><strong>ἡμῶν</strong></span> <span class='ocrx_word' id='word_1_123' title='bbox 361 2135 460 2198; x_wconf 79' lang='grc' dir='ltr'><strong>εις</strong></span> <span class='ocrx_word' id='word_1_124' title='bbox 486 2134 566 2187; x_wconf 82' lang='grc' dir='ltr'><strong>τὰ</strong></span> <span class='ocrx_word' id='word_1_125' title='bbox 590 2134 697 2201; x_wconf 82' lang='grc' dir='ltr'><strong>ὄρη</strong></span> <span class='ocrx_word' id='word_1_126' title='bbox 721 2131 896 2196; x_wconf 86' lang='grc' dir='ltr'><strong>Σιὼν,</strong></span> <span class='ocrx_word' id='word_1_127' title='bbox 928 2131 1068 2185; x_wconf 86' lang='grc' dir='ltr'><strong>ὅθεν</strong></span> <span class='ocrx_word' id='word_1_128' title='bbox 1095 2132 1219 2201; x_wconf 77' lang='grc' dir='ltr'><strong>ἥξει</strong></span> <span class='ocrx_word' id='word_1_129' title='bbox 1246 2134 1284 2200; x_wconf 75' lang='grc' dir='ltr'>ἡ</span> <span class='ocrx_word' id='word_1_130' title='bbox 1311 2133 1565 2199; x_wconf 79' lang='grc' dir='ltr'><strong>,ϐοήθεια</strong></span> <span class='ocrx_word' id='word_1_131' title='bbox 1587 2134 1774 2203; x_wconf 76' lang='grc' dir='ltr'><strong>ἡμῶν.</strong></span> 
     </span>
    </p>
   </div>
   <div class='ocr_carea' id='block_1_22' title="bbox 176 2217 1777 2290">
    <p class='ocr_par' dir='ltr' id='par_1_22' title="bbox 176 2217 1777 2290">
     <span class='ocr_line' id='line_1_22' title="bbox 176 2217 1777 2290; baseline 0.003 -18"><span class='ocrx_word' id='word_1_132' title='bbox 176 2217 503 2281; x_wconf 80' lang='grc' dir='ltr'><strong>Ἀκούσατε,</strong></span> <span class='ocrx_word' id='word_1_133' title='bbox 523 2220 1036 2290; x_wconf 71' lang='grc' dir='ltr'><strong>οιλελυτρωμένοι</strong></span> <span class='ocrx_word' id='word_1_134' title='bbox 1075 2222 1194 2277; x_wconf 80' lang='grc' dir='ltr'><strong>ὑπὸ</strong></span> <span class='ocrx_word' id='word_1_135' title='bbox 1228 2224 1472 2290; x_wconf 75' lang='grc' dir='ltr'><strong>Κυρίου,</strong></span> <span class='ocrx_word' id='word_1_136' title='bbox 1500 2223 1608 2288; x_wconf 70' lang='grc' dir='ltr'><strong>οὓς</strong></span> <span class='ocrx_word' id='word_1_137' title='bbox 1634 2225 1777 2277; x_wconf 73' lang='grc' dir='ltr'><strong>ἐλυ-</strong></span> 
     </span>
    </p>
   </div>
   <div class='ocr_carea' id='block_1_23' title="bbox 182 2312 1779 2383">
    <p class='ocr_par' dir='ltr' id='par_1_23' title="bbox 182 2312 1779 2383">
     <span class='ocr_line' id='line_1_23' title="bbox 182 2312 1779 2383; baseline 0.003 -20"><span class='ocrx_word' id='word_1_138' title='bbox 182 2312 447 2377; x_wconf 81' lang='grc' dir='ltr'><strong>τρώσατο</strong></span> <span class='ocrx_word' id='word_1_139' title='bbox 477 2315 555 2367; x_wconf 79' lang='grc' dir='ltr'><strong>ἐκ</strong></span> <span class='ocrx_word' id='word_1_140' title='bbox 588 2312 791 2381; x_wconf 78' lang='grc' dir='ltr'><strong>χειρὸς</strong></span> <span class='ocrx_word' id='word_1_141' title='bbox 836 2313 1089 2381; x_wconf 74' lang='grc' dir='ltr'><strong>ἐχθρῶν,</strong></span> <span class='ocrx_word' id='word_1_142' title='bbox 1127 2313 1224 2366; x_wconf 71' lang='grc' dir='ltr'><strong>καὶ</strong></span> <span class='ocrx_word' id='word_1_143' title='bbox 1276 2315 1340 2367; x_wconf 82' lang='grc' dir='ltr'><strong>ὲκ</strong></span> <span class='ocrx_word' id='word_1_144' title='bbox 1386 2315 1493 2368; x_wconf 83' lang='grc' dir='ltr'><strong>τῶν</strong></span> <span class='ocrx_word' id='word_1_145' title='bbox 1545 2316 1779 2383; x_wconf 61' lang='grc' dir='ltr'><strong>θλίψεων</strong></span> 
     </span>
    </p>
   </div>
   <div class='ocr_carea' id='block_1_24' title="bbox 184 2402 1777 2477">
    <p class='ocr_par' dir='ltr' id='par_1_24' title="bbox 184 2402 1777 2477">
     <span class='ocr_line' id='line_1_24' title="bbox 184 2402 1777 2477; baseline 0.004 -22"><span class='ocrx_word' id='word_1_146' title='bbox 184 2402 381 2458; x_wconf 73' lang='grc' dir='ltr'><strong>ἔσωσεν</strong></span> <span class='ocrx_word' id='word_1_147' title='bbox 397 2406 632 2470; x_wconf 77' lang='grc' dir='ltr'><strong>αὐτούς·</strong></span> <span class='ocrx_word' id='word_1_148' title='bbox 661 2407 929 2460; x_wconf 77' lang='grc' dir='ltr'><strong>ἀκούσατε</strong></span> <span class='ocrx_word' id='word_1_149' title='bbox 950 2407 1050 2477; x_wconf 81' lang='grc' dir='ltr'><strong>τῆς</strong></span> <span class='ocrx_word' id='word_1_150' title='bbox 1071 2406 1211 2475; x_wconf 76' lang='grc' dir='ltr'><strong>ἐμῆς</strong></span> <span class='ocrx_word' id='word_1_151' title='bbox 1233 2407 1418 2476; x_wconf 72' lang='grc' dir='ltr'><strong>φωνῆς</strong></span> <span class='ocrx_word' id='word_1_152' title='bbox 1439 2407 1532 2460; x_wconf 79' lang='grc' dir='ltr'><strong>τοῦ</strong></span> <span class='ocrx_word' id='word_1_153' title='bbox 1556 2408 1777 2477; x_wconf 80' lang='grc' dir='ltr'><strong>δεσμίου</strong></span> 
     </span>
    </p>
   </div>
   <div class='ocr_carea' id='block_1_25' title="bbox 186 2496 1781 2569">
    <p class='ocr_par' dir='ltr' id='par_1_25' title="bbox 186 2496 1781 2569">
     <span class='ocr_line' id='line_1_25' title="bbox 186 2496 1781 2569; baseline 0.008 -29"><span class='ocrx_word' id='word_1_154' title='bbox 186 2496 478 2569; x_wconf 73' lang='grc' dir='ltr'><strong>Ζαχαρίου,</strong></span> <span class='ocrx_word' id='word_1_155' title='bbox 513 2500 611 2567; x_wconf 81' lang='grc' dir='ltr'><strong>Μὴ</strong></span> <span class='ocrx_word' id='word_1_156' title='bbox 636 2498 782 2568; x_wconf 78' lang='grc' dir='ltr'><strong>μέγα</strong></span> <span class='ocrx_word' id='word_1_157' title='bbox 804 2499 1132 2569; x_wconf 75' lang='grc' dir='ltr'><strong>φρονήσητε,</strong></span> <span class='ocrx_word' id='word_1_158' title='bbox 1157 2499 1238 2550; x_wconf 89' lang='grc' dir='ltr'><strong>ὅτι</strong></span> <span class='ocrx_word' id='word_1_159' title='bbox 1260 2497 1494 2568; x_wconf 81' lang='grc' dir='ltr'><strong>Χριστὸς</strong></span> <span class='ocrx_word' id='word_1_160' title='bbox 1520 2499 1663 2567; x_wconf 79' lang='grc' dir='ltr'><strong>ὑμᾶς</strong></span> <span class='ocrx_word' id='word_1_161' title='bbox 1683 2499 1781 2567; x_wconf 77' lang='grc' dir='ltr'><strong>τῆς</strong></span> 
     </span>
    </p>
   </div>
   <div class='ocr_carea' id='block_1_26' title="bbox 184 2585 1779 2660">
    <p class='ocr_par' dir='ltr' id='par_1_26' title="bbox 184 2585 1779 2660">
     <span class='ocr_line' id='line_1_26' title="bbox 184 2585 1779 2660; baseline 0.002 -24"><span class='ocrx_word' id='word_1_162' title='bbox 184 2585 426 2652; x_wconf 80' lang='grc' dir='ltr'><strong>δουλείας</strong></span> <span class='ocrx_word' id='word_1_163' title='bbox 474 2589 591 2642; x_wconf 83' lang='grc' dir='ltr'><strong>τῶν</strong></span> <span class='ocrx_word' id='word_1_164' title='bbox 632 2588 845 2660; x_wconf 79' lang='grc' dir='ltr'><strong>ἐχθρῶν</strong></span> <span class='ocrx_word' id='word_1_165' title='bbox 894 2589 1181 2659; x_wconf 69' lang='grc' dir='ltr'><strong>ἐρρύσατο.</strong></span> <span class='ocrx_word' id='word_1_166' title='bbox 1224 2588 1437 2659; x_wconf 82' lang='grc' dir='ltr'><strong>Ὁρᾶτε,</strong></span> <span class='ocrx_word' id='word_1_167' title='bbox 1474 2591 1676 2659; x_wconf 71' lang='grc' dir='ltr'><strong>μήπως</strong></span> <span class='ocrx_word' id='word_1_168' title='bbox 1704 2589 1779 2651; x_wconf 80' lang='grc' dir='ltr'><strong>ὡς</strong></span> 
     </span>
    </p>
   </div>
   <div class='ocr_carea' id='block_1_27' title="bbox 186 2677 1780 2752">
    <p class='ocr_par' dir='ltr' id='par_1_27' title="bbox 186 2677 1780 2752">
     <span class='ocr_line' id='line_1_27' title="bbox 186 2677 1780 2752; baseline 0.005 -25"><span class='ocrx_word' id='word_1_169' title='bbox 186 2677 341 2741; x_wconf 80' lang='grc' dir='ltr'><strong>νόθοι,</strong></span> <span class='ocrx_word' id='word_1_170' title='bbox 374 2682 474 2733; x_wconf 72' lang='grc' dir='ltr'><strong>καὶ</strong></span> <span class='ocrx_word' id='word_1_171' title='bbox 516 2682 617 2750; x_wconf 77' lang='grc' dir='ltr'><strong>οὐχ</strong></span> <span class='ocrx_word' id='word_1_172' title='bbox 658 2680 734 2742; x_wconf 86' lang='grc' dir='ltr'><strong>ὡς</strong></span> <span class='ocrx_word' id='word_1_173' title='bbox 780 2680 886 2732; x_wconf 67' lang='grc' dir='ltr'><strong>υἱοὶ</strong></span> <span class='ocrx_word' id='word_1_174' title='bbox 931 2680 1343 2749; x_wconf 63' lang='grc' dir='ltr'><strong>κατελείφθητε.</strong></span> <span class='ocrx_word' id='word_1_175' title='bbox 1384 2683 1521 2749; x_wconf 73' lang='grc' dir='ltr'><strong>Φησὶ</strong></span> <span class='ocrx_word' id='word_1_176' title='bbox 1549 2682 1677 2752; x_wconf 73' lang='grc' dir='ltr'><strong>γάρ’</strong></span> <span class='ocrx_word' id='word_1_177' title='bbox 1715 2684 1780 2735; x_wconf 81' lang='lat' dir='ltr'><strong>El</strong></span> 
     </span>
    </p>
   </div>
   <div class='ocr_carea' id='block_1_28' title="bbox 190 2769 1777 2842">
    <p class='ocr_par' dir='ltr' id='par_1_28' title="bbox 190 2769 1777 2842">
     <span class='ocr_line' id='line_1_28' title="bbox 190 2769 1777 2842; baseline 0.004 -22"><span class='ocrx_word' id='word_1_178' title='bbox 190 2769 351 2838; x_wconf 72' lang='grc' dir='ltr'><strong>ἐκτὸς</strong></span> <span class='ocrx_word' id='word_1_179' title='bbox 375 2773 660 2838; x_wconf 79' lang='grc' dir='ltr'><strong>παιδείας</strong></span> <span class='ocrx_word' id='word_1_180' title='bbox 688 2773 851 2837; x_wconf 81' lang='grc' dir='ltr'><strong>ἐστὲ,</strong></span> <span class='ocrx_word' id='word_1_181' title='bbox 882 2773 993 2841; x_wconf 71' lang='grc' dir='ltr'><strong>ἦρα</strong></span> <span class='ocrx_word' id='word_1_182' title='bbox 1021 2775 1182 2827; x_wconf 80' lang='grc' dir='ltr'><strong>νόθοι</strong></span> <span class='ocrx_word' id='word_1_183' title='bbox 1212 2773 1307 2825; x_wconf 79' lang='grc' dir='ltr'><strong>καὶ</strong></span> <span class='ocrx_word' id='word_1_184' title='bbox 1338 2776 1449 2842; x_wconf 79' lang='grc' dir='ltr'><strong>οὐχ</strong></span> <span class='ocrx_word' id='word_1_185' title='bbox 1474 2774 1593 2826; x_wconf 75' lang='lat' dir='ltr'><strong>vlo!</strong></span> <span class='ocrx_word' id='word_1_186' title='bbox 1616 2773 1777 2827; x_wconf 78' lang='grc' dir='ltr'><strong>ἐστε.</strong></span> 
     </span>
    </p>
   </div>
   <div class='ocr_carea' id='block_1_29' title="bbox 257 2861 1776 2933">
    <p class='ocr_par' dir='ltr' id='par_1_29' title="bbox 257 2861 1776 2933">
     <span class='ocr_line' id='line_1_29' title="bbox 257 2861 1776 2933; baseline -0.001 -19"><span class='ocrx_word' id='word_1_187' title='bbox 257 2861 527 2924; x_wconf 77' lang='grc' dir='ltr'><strong>Βλέπετε,</strong></span> <span class='ocrx_word' id='word_1_188' title='bbox 586 2863 885 2933; x_wconf 75' lang='grc' dir='ltr'><strong>φοϐηθῆτε,</strong></span> <span class='ocrx_word' id='word_1_189' title='bbox 934 2864 1029 2915; x_wconf 76' lang='grc' dir='ltr'><strong>καὶ</strong></span> <span class='ocrx_word' id='word_1_190' title='bbox 1086 2863 1313 2923; x_wconf 77' lang='grc' dir='ltr'><strong>ἑαυτοὺς</strong></span> <span class='ocrx_word' id='word_1_191' title='bbox 1367 2861 1776 2930; x_wconf 74' lang='grc' dir='ltr'><strong>ἀσφαλίσασθε·</strong></span> 
     </span>
    </p>
   </div>
   <div class='ocr_carea' id='block_1_30' title="bbox 194 2952 1775 3023">
    <p class='ocr_par' dir='ltr' id='par_1_30' title="bbox 194 2952 1775 3023">
     <span class='ocr_line' id='line_1_30' title="bbox 194 2952 1775 3023; baseline -0.001 -17"><span class='ocrx_word' id='word_1_192' title='bbox 194 2954 380 3023; x_wconf 77' lang='grc' dir='ltr'><strong>μήπως</strong></span> <span class='ocrx_word' id='word_1_193' title='bbox 402 2954 646 3009; x_wconf 71' lang='grc' dir='ltr'><strong>ἐνταῦθα</strong></span> <span class='ocrx_word' id='word_1_194' title='bbox 669 2954 746 3017; x_wconf 84' lang='grc' dir='ltr'><strong>ὡς</strong></span> <span class='ocrx_word' id='word_1_195' title='bbox 774 2955 980 3017; x_wconf 78' lang='grc' dir='ltr'><strong>ὲκ;ῖ.·ος</strong></span> <span class='ocrx_word' id='word_1_196' title='bbox 1010 2954 1039 3005; x_wconf 84' lang='grc' dir='ltr'>ὁ</span> <span class='ocrx_word' id='word_1_197' title='bbox 1062 2952 1203 3006; x_wconf 82' lang='grc' dir='ltr'><strong>κατὰ</strong></span> <span class='ocrx_word' id='word_1_198' title='bbox 1223 2952 1474 3022; x_wconf 76' lang='grc' dir='ltr'><strong>Λάζαρον</strong></span> <span class='ocrx_word' id='word_1_199' title='bbox 1501 2952 1775 3017; x_wconf 75' lang='grc' dir='ltr'><strong>πλούσιος,</strong></span> 
     </span>
    </p>
   </div>
   <div class='ocr_carea' id='block_1_31' title="bbox 192 3041 1780 3116">
    <p class='ocr_par' dir='ltr' id='par_1_31' title="bbox 192 3041 1780 3116">
     <span class='ocr_line' id='line_1_31' title="bbox 192 3041 1780 3116; baseline 0.001 -22"><span class='ocrx_word' id='word_1_200' title='bbox 192 3041 249 3094; x_wconf 84' lang='grc' dir='ltr'><strong>ὲν</strong></span> <span class='ocrx_word' id='word_1_201' title='bbox 270 3048 476 3115; x_wconf 50' lang='grc' dir='ltr'><strong>τρυτῇ,</strong></span> <span class='ocrx_word' id='word_1_202' title='bbox 516 3045 611 3098; x_wconf 68' lang='lat' dir='ltr'><strong>xui.</strong></span> <span class='ocrx_word' id='word_1_203' title='bbox 640 3045 825 3099; x_wconf 80' lang='grc' dir='ltr'><strong>ἀνέσει</strong></span> <span class='ocrx_word' id='word_1_204' title='bbox 858 3042 1147 3110; x_wconf 82' lang='grc' dir='ltr'><strong>ζήσαντες.</strong></span> <span class='ocrx_word' id='word_1_205' title='bbox 1179 3045 1272 3097; x_wconf 77' lang='grc' dir='ltr'><strong>καὶ</strong></span> <span class='ocrx_word' id='word_1_206' title='bbox 1315 3044 1480 3114; x_wconf 76' lang='grc' dir='ltr'><strong>μηδὲν</strong></span> <span class='ocrx_word' id='word_1_207' title='bbox 1532 3043 1780 3116; x_wconf 69' lang='grc' dir='ltr'><strong>θ&gt;.ι6ερ&gt;ιν</strong></span> 
     </span>
    </p>
   </div>
   <div class='ocr_carea' id='block_1_32' title="bbox 195 3132 1782 3205">
    <p class='ocr_par' dir='ltr' id='par_1_32' title="bbox 195 3132 1782 3205">
     <span class='ocr_line' id='line_1_32' title="bbox 195 3132 1782 3205; baseline 0.004 -23"><span class='ocrx_word' id='word_1_208' title='bbox 195 3132 612 3203; x_wconf 58' lang='grc' dir='ltr'><strong>ὑπομείναντες,</strong></span> <span class='ocrx_word' id='word_1_209' title='bbox 643 3138 763 3188; x_wconf 80' lang='grc' dir='ltr'><strong>ἐκεῖ</strong></span> <span class='ocrx_word' id='word_1_210' title='bbox 790 3135 890 3195; x_wconf 79' lang='grc' dir='ltr'><strong>τὰς</strong></span> <span class='ocrx_word' id='word_1_211' title='bbox 924 3134 1226 3197; x_wconf 74' lang='grc' dir='ltr'><strong>ἀθανάτους</strong></span> <span class='ocrx_word' id='word_1_212' title='bbox 1250 3134 1521 3205; x_wconf 81' lang='grc' dir='ltr'><strong>τιμωρίας</strong></span> <span class='ocrx_word' id='word_1_213' title='bbox 1575 3135 1782 3190; x_wconf 55' lang='grc' dir='ltr'><strong>διακοπὰς</strong></span> 
     </span>
    </p>
   </div>
   <div class='ocr_carea' id='block_1_33' title="bbox 195 3222 1779 3299">
    <p class='ocr_par' dir='ltr' id='par_1_33' title="bbox 195 3222 1779 3299">
     <span class='ocr_line' id='line_1_33' title="bbox 195 3222 1779 3299; baseline 0.004 -25"><span class='ocrx_word' id='word_1_214' title='bbox 195 3222 341 3291; x_wconf 77' lang='grc' dir='ltr'><strong>ὁητε.</strong></span> <span class='ocrx_word' id='word_1_215' title='bbox 382 3228 608 3299; x_wconf 79' lang='grc' dir='ltr'><strong>Ὁρᾶτε,</strong></span> <span class='ocrx_word' id='word_1_216' title='bbox 654 3228 852 3298; x_wconf 82' lang='grc' dir='ltr'>μήπως</span> <span class='ocrx_word' id='word_1_217' title='bbox 878 3227 1113 3280; x_wconf 82' lang='grc' dir='ltr'><strong>ἐνταῦθα</strong></span> <span class='ocrx_word' id='word_1_218' title='bbox 1148 3227 1225 3295; x_wconf 83' lang='grc' dir='ltr'><strong>τῷ</strong></span> <span class='ocrx_word' id='word_1_219' title='bbox 1255 3226 1382 3298; x_wconf 72' lang='grc' dir='ltr'><strong>οἴνῳ</strong></span> <span class='ocrx_word' id='word_1_220' title='bbox 1414 3227 1508 3281; x_wconf 56' lang='grc' dir='ltr'><strong>καὶ¹</strong></span> <span class='ocrx_word' id='word_1_221' title='bbox 1535 3230 1601 3298; x_wconf 79' lang='grc' dir='ltr'><strong>τῇ</strong></span> <span class='ocrx_word' id='word_1_222' title='bbox 1634 3245 1779 3281; x_wconf 83' lang='grc' dir='ltr'><strong>σπα-</strong></span> 
     </span>
    </p>
   </div>
   <div class='ocr_carea' id='block_1_34' title="bbox 193 3302 1775 3390">
    <p class='ocr_par' dir='ltr' id='par_1_34' title="bbox 193 3302 1775 3390">
     <span class='ocr_line' id='line_1_34' title="bbox 193 3302 1775 3390; baseline 0.004 -24"><span class='ocrx_word' id='word_1_223' title='bbox 193 3314 321 3387; x_wconf 45' lang='lat' dir='ltr'><strong>tibi]</strong></span> <span class='ocrx_word' id='word_1_224' title='bbox 341 3318 655 3388; x_wconf 81' lang='grc' dir='ltr'><strong>χαίροντες,</strong></span> <span class='ocrx_word' id='word_1_225' title='bbox 713 3319 831 3370; x_wconf 71' lang='grc' dir='ltr'><strong>ἐκεῖ</strong></span> <span class='ocrx_word' id='word_1_226' title='bbox 885 3302 1145 3386; x_wconf 75' lang='grc' dir='ltr'><strong>σταγόνος</strong></span> <span class='ocrx_word' id='word_1_227' title='bbox 1178 3318 1371 3383; x_wconf 80' lang='grc' dir='ltr'><strong>ὓδατος</strong></span> <span class='ocrx_word' id='word_1_228' title='bbox 1422 3318 1775 3390; x_wconf 81' lang='grc' dir='ltr'><strong>δεηθήσεσθε.</strong></span> 
     </span>
    </p>
   </div>
   <div class='ocr_carea' id='block_1_35' title="bbox 196 3403 1777 3478">
    <p class='ocr_par' dir='ltr' id='par_1_35' title="bbox 196 3403 1777 3478">
     <span class='ocr_line' id='line_1_35' title="bbox 196 3403 1777 3478; baseline 0.006 -23"><span class='ocrx_word' id='word_1_229' title='bbox 196 3403 436 3475; x_wconf 71' lang='grc' dir='ltr'><strong>Νήψατε,</strong></span> <span class='ocrx_word' id='word_1_230' title='bbox 476 3410 681 3478; x_wconf 80' lang='grc' dir='ltr'><strong>μήπως</strong></span> <span class='ocrx_word' id='word_1_231' title='bbox 698 3408 932 3461; x_wconf 74' lang='grc' dir='ltr'><strong>ἐνταῦθα</strong></span> <span class='ocrx_word' id='word_1_232' title='bbox 966 3410 1063 3477; x_wconf 86' lang='grc' dir='ltr'><strong>τῆς</strong></span> <span class='ocrx_word' id='word_1_233' title='bbox 1080 3409 1324 3472; x_wconf 75' lang='grc' dir='ltr'><strong>δουλείας</strong></span> <span class='ocrx_word' id='word_1_234' title='bbox 1349 3410 1777 3478; x_wconf 81' lang='grc' dir='ltr'><strong>ἀπαλλαγέντες,</strong></span> 
     </span>
    </p>
   </div>
   <div class='ocr_carea' id='block_1_36' title="bbox 196 3493 1780 3570">
    <p class='ocr_par' dir='ltr' id='par_1_36' title="bbox 196 3493 1780 3570">
     <span class='ocr_line' id='line_1_36' title="bbox 196 3493 1780 3570; baseline 0.007 -28"><span class='ocrx_word' id='word_1_235' title='bbox 196 3493 305 3548; x_wconf 78' lang='grc' dir='ltr'><strong>ἐκεῖ</strong></span> <span class='ocrx_word' id='word_1_236' title='bbox 326 3496 426 3567; x_wconf 82' lang='grc' dir='ltr'><strong>τῆς</strong></span> <span class='ocrx_word' id='word_1_237' title='bbox 455 3498 553 3551; x_wconf 80' lang='grc' dir='ltr'><strong>τοῦ</strong></span> <span class='ocrx_word' id='word_1_238' title='bbox 606 3498 744 3551; x_wconf 84' lang='grc' dir='ltr'><strong>Θεοῦ</strong></span> <span class='ocrx_word' id='word_1_239' title='bbox 778 3498 955 3567; x_wconf 70' lang='grc' dir='ltr'><strong>ὅψεως</strong></span> <span class='ocrx_word' id='word_1_240' title='bbox 980 3498 1305 3568; x_wconf 81' lang='grc' dir='ltr'><strong>χωρισθῆτε.</strong></span> <span class='ocrx_word' id='word_1_241' title='bbox 1346 3500 1438 3569; x_wconf 81' lang='grc' dir='ltr'>Μὴ</span> <span class='ocrx_word' id='word_1_242' title='bbox 1468 3500 1610 3570; x_wconf 84' lang='grc' dir='ltr'><strong>μέγα</strong></span> <span class='ocrx_word' id='word_1_243' title='bbox 1646 3518 1780 3570; x_wconf 83' lang='grc' dir='ltr'><strong>φρο-</strong></span> 
     </span>
    </p>
   </div>
   <div class='ocr_carea' id='block_1_37' title="bbox 197 3587 1784 3663">
    <p class='ocr_par' dir='ltr' id='par_1_37' title="bbox 197 3587 1784 3663">
     <span class='ocr_line' id='line_1_37' title="bbox 197 3587 1784 3663; baseline 0.006 -26"><span class='ocrx_word' id='word_1_244' title='bbox 197 3587 349 3655; x_wconf 72' lang='grc' dir='ltr'><strong>νεῖτε,</strong></span> <span class='ocrx_word' id='word_1_245' title='bbox 381 3589 644 3658; x_wconf 78' lang='grc' dir='ltr'><strong>ἀδελφοί·</strong></span> <span class='ocrx_word' id='word_1_246' title='bbox 687 3591 747 3642; x_wconf 83' lang='grc' dir='ltr'><strong>οὐ</strong></span> <span class='ocrx_word' id='word_1_247' title='bbox 786 3590 893 3659; x_wconf 81' lang='grc' dir='ltr'><strong>γὰρ</strong></span> <span class='ocrx_word' id='word_1_248' title='bbox 935 3590 1008 3652; x_wconf 85' lang='grc' dir='ltr'><strong>ὡς</strong></span> <span class='ocrx_word' id='word_1_249' title='bbox 1049 3589 1293 3653; x_wconf 84' lang='grc' dir='ltr'><strong>δικαίους</strong></span> <span class='ocrx_word' id='word_1_250' title='bbox 1324 3589 1471 3660; x_wconf 80' lang='grc' dir='ltr'><strong>ὑμᾶς</strong></span> <span class='ocrx_word' id='word_1_251' title='bbox 1501 3594 1529 3645; x_wconf 85' lang='grc' dir='ltr'><strong><em>ὁ</em></strong></span> <span class='ocrx_word' id='word_1_252' title='bbox 1579 3592 1784 3663; x_wconf 78' lang='grc' dir='ltr'><strong>Κύριος</strong></span> 
     </span>
    </p>
   </div>
   <div class='ocr_carea' id='block_1_38' title="bbox 198 3674 1784 3753">
    <p class='ocr_par' dir='ltr' id='par_1_38' title="bbox 198 3674 1784 3753">
     <span class='ocr_line' id='line_1_38' title="bbox 198 3674 1784 3753; baseline 0.007 -26"><span class='ocrx_word' id='word_1_253' title='bbox 198 3674 560 3751; x_wconf 81' lang='grc' dir='ltr'><strong>ἐλυτρὼσατο,</strong></span> <span class='ocrx_word' id='word_1_254' title='bbox 600 3681 717 3734; x_wconf 82' lang='grc' dir='ltr'><strong>ἀλλ’</strong></span> <span class='ocrx_word' id='word_1_255' title='bbox 756 3682 833 3746; x_wconf 85' lang='grc' dir='ltr'><strong>ὡς</strong></span> <span class='ocrx_word' id='word_1_256' title='bbox 858 3681 1138 3753; x_wconf 70' lang='grc' dir='ltr'><strong>ῥᾳθύμους</strong></span> <span class='ocrx_word' id='word_1_257' title='bbox 1197 3682 1293 3735; x_wconf 66' lang='grc' dir='ltr'><strong>καὶ</strong></span> <span class='ocrx_word' id='word_1_258' title='bbox 1322 3683 1645 3753; x_wconf 79' lang='grc' dir='ltr'><strong>ἀδοκίμους,</strong></span> <span class='ocrx_word' id='word_1_259' title='bbox 1675 3682 1784 3738; x_wconf 71' lang='grc' dir='ltr'><strong>δὼο</strong></span> 
     </span>
    </p>
   </div>
   <div class='ocr_carea' id='block_1_39' title="bbox 202 3770 1784 3846">
    <p class='ocr_par' dir='ltr' id='par_1_39' title="bbox 202 3770 1784 3846">
     <span class='ocr_line' id='line_1_39' title="bbox 202 3770 1784 3846; baseline 0.006 -27"><span class='ocrx_word' id='word_1_260' title='bbox 202 3781 293 3831; x_wconf 85' lang='grc' dir='ltr'><strong>σας</strong></span> <span class='ocrx_word' id='word_1_261' title='bbox 315 3770 445 3841; x_wconf 80' lang='grc' dir='ltr'><strong>ὑμῖν</strong></span> <span class='ocrx_word' id='word_1_262' title='bbox 470 3773 665 3843; x_wconf 72' lang='grc' dir='ltr'><strong>καιρὸν</strong></span> <span class='ocrx_word' id='word_1_263' title='bbox 692 3773 829 3844; x_wconf 79' lang='grc' dir='ltr'><strong>πρὸς</strong></span> <span class='ocrx_word' id='word_1_264' title='bbox 851 3775 1163 3843; x_wconf 69' lang='grc' dir='ltr'><strong>μετάνοιαν,</strong></span> <span class='ocrx_word' id='word_1_265' title='bbox 1197 3773 1335 3846; x_wconf 81' lang='grc' dir='ltr'><strong>πλὴν</strong></span> <span class='ocrx_word' id='word_1_266' title='bbox 1384 3775 1466 3827; x_wconf 81' lang='grc' dir='ltr'><strong>ὅτι</strong></span> <span class='ocrx_word' id='word_1_267' title='bbox 1492 3775 1553 3828; x_wconf 79' lang='grc' dir='ltr'><strong>τὸ</strong></span> <span class='ocrx_word' id='word_1_268' title='bbox 1591 3775 1784 3844; x_wconf 75' lang='grc' dir='ltr'><strong>μέλλον</strong></span> 
     </span>
    </p>
   </div>
   <div class='ocr_carea' id='block_1_40' title="bbox 198 3855 1783 3936">
    <p class='ocr_par' dir='ltr' id='par_1_40' title="bbox 198 3855 1783 3936">
     <span class='ocr_line' id='line_1_40' title="bbox 198 3855 1783 3936; baseline 0.004 -26"><span class='ocrx_word' id='word_1_269' title='bbox 198 3855 417 3928; x_wconf 73' lang='grc' dir='ltr'><strong>ἀδηλονσ</strong></span> <span class='ocrx_word' id='word_1_270' title='bbox 481 3863 743 3924; x_wconf 81' lang='grc' dir='ltr'><strong>πολλάκις</strong></span> <span class='ocrx_word' id='word_1_271' title='bbox 808 3864 915 3936; x_wconf 79' lang='grc' dir='ltr'><strong>γὰρ</strong></span> <span class='ocrx_word' id='word_1_272' title='bbox 999 3866 1241 3935; x_wconf 79' lang='grc' dir='ltr'><strong>σήμερον</strong></span> <span class='ocrx_word' id='word_1_273' title='bbox 1297 3864 1641 3935; x_wconf 77' lang='grc' dir='ltr'><strong>μακροθυμεῖ</strong></span> <span class='ocrx_word' id='word_1_274' title='bbox 1698 3865 1783 3935; x_wconf 74' lang='grc' dir='ltr'><strong>ἐφ’</strong></span> 
     </span>
    </p>
   </div>
   <div class='ocr_carea' id='block_1_41' title="bbox 199 3947 1789 4029">
    <p class='ocr_par' dir='ltr' id='par_1_41' title="bbox 199 3947 1789 4029">
     <span class='ocr_line' id='line_1_41' title="bbox 199 3947 1789 4029; baseline -0.001 -20"><span class='ocrx_word' id='word_1_275' title='bbox 199 3947 333 4016; x_wconf 78' lang='grc' dir='ltr'><strong>ὑμᾶς</strong></span> <span class='ocrx_word' id='word_1_276' title='bbox 352 3970 365 3984; x_wconf 80' lang='lat'><strong><em>°</em></strong></span> <span class='ocrx_word' id='word_1_277' title='bbox 394 3952 592 4025; x_wconf 71' lang='grc' dir='ltr'><strong>αὔριον</strong></span> <span class='ocrx_word' id='word_1_278' title='bbox 628 3954 685 4007; x_wconf 80' lang='grc' dir='ltr'><strong>δὲ</strong></span> <span class='ocrx_word' id='word_1_279' title='bbox 711 3954 1048 4025; x_wconf 85' lang='grc' dir='ltr'><strong>παραδίδωσι</strong></span> <span class='ocrx_word' id='word_1_280' title='bbox 1081 3956 1174 4008; x_wconf 76' lang='grc' dir='ltr'><strong>καὶ</strong></span> <span class='ocrx_word' id='word_1_281' title='bbox 1197 3955 1366 4025; x_wconf 78' lang='grc' dir='ltr'><strong>ὑμᾶς.</strong></span> <span class='ocrx_word' id='word_1_282' title='bbox 1394 3956 1506 4010; x_wconf 78' lang='grc' dir='ltr'><strong>Καὶ</strong></span> <span class='ocrx_word' id='word_1_283' title='bbox 1521 3955 1630 4029; x_wconf 83' lang='grc' dir='ltr'><strong>γὰρ</strong></span> <span class='ocrx_word' id='word_1_284' title='bbox 1649 3973 1789 4025; x_wconf 84' lang='grc' dir='ltr'><strong>συγ-</strong></span> 
     </span>
    </p>
   </div>
   <div class='ocr_carea' id='block_1_42' title="bbox 201 4040 1790 4116">
    <p class='ocr_par' dir='ltr' id='par_1_42' title="bbox 201 4040 1790 4116">
     <span class='ocr_line' id='line_1_42' title="bbox 201 4040 1790 4116; baseline 0.006 -25"><span class='ocrx_word' id='word_1_285' title='bbox 201 4040 418 4115; x_wconf 77' lang='grc' dir='ltr'><strong>γνώμης</strong></span> <span class='ocrx_word' id='word_1_286' title='bbox 457 4045 639 4115; x_wconf 83' lang='grc' dir='ltr'><strong>πάσης</strong></span> <span class='ocrx_word' id='word_1_287' title='bbox 663 4047 814 4100; x_wconf 65' lang='grc' dir='ltr'><strong>ἔστὶν</strong></span> <span class='ocrx_word' id='word_1_288' title='bbox 844 4045 1086 4114; x_wconf 77' lang='grc' dir='ltr'><strong>ἀνάξιον,</strong></span> <span class='ocrx_word' id='word_1_289' title='bbox 1109 4048 1239 4101; x_wconf 84' lang='grc' dir='ltr'><strong>ὅταν</strong></span> <span class='ocrx_word' id='word_1_290' title='bbox 1265 4048 1392 4116; x_wconf 81' lang='grc' dir='ltr'><strong>τοὺς</strong></span> <span class='ocrx_word' id='word_1_291' title='bbox 1407 4044 1675 4116; x_wconf 73' lang='grc' dir='ltr'><strong>ἑταίρους,</strong></span> <span class='ocrx_word' id='word_1_292' title='bbox 1692 4047 1790 4100; x_wconf 70' lang='grc' dir='ltr'><strong>καὶ</strong></span> 
     </span>
    </p>
   </div>
   <div class='ocr_carea' id='block_1_43' title="bbox 202 4112 1789 4207">
    <p class='ocr_par' dir='ltr' id='par_1_43' title="bbox 202 4112 1789 4207">
     <span class='ocr_line' id='line_1_43' title="bbox 202 4112 1789 4207; baseline 0.003 -24"><span class='ocrx_word' id='word_1_293' title='bbox 202 4112 457 4204; x_wconf 74' lang='grc' dir='ltr'><strong>ἀδελφοὺς</strong></span> <span class='ocrx_word' id='word_1_294' title='bbox 507 4112 663 4205; x_wconf 69' lang='grc' dir='ltr'><strong>ὑμιῦν</strong></span> <span class='ocrx_word' id='word_1_295' title='bbox 704 4135 941 4207; x_wconf 82' lang='grc' dir='ltr'><strong>ὁρῶντες</strong></span> <span class='ocrx_word' id='word_1_296' title='bbox 993 4112 1078 4192; x_wconf 3' lang='grc' dir='ltr'><strong>ἐνί</strong></span> <span class='ocrx_word' id='word_1_297' title='bbox 1109 4112 1389 4206; x_wconf 64' lang='grc' dir='ltr'><strong>βασάνοις,</strong></span> <span class='ocrx_word' id='word_1_298' title='bbox 1440 4112 1789 4207; x_wconf 29' lang='grc' dir='ltr'><strong>μὴνὲαυτοὺς</strong></span> 
     </span>
    </p>
   </div>
   <div class='ocr_carea' id='block_1_44' title="bbox 201 4220 1785 4301">
    <p class='ocr_par' dir='ltr' id='par_1_44' title="bbox 201 4220 1785 4301">
     <span class='ocr_line' id='line_1_44' title="bbox 201 4220 1785 4301; baseline -0.001 -22"><span class='ocrx_word' id='word_1_299' title='bbox 201 4220 588 4301; x_wconf 73' lang='grc' dir='ltr'><strong>διορθώσησθε.</strong></span> <span class='ocrx_word' id='word_1_300' title='bbox 610 4228 726 4300; x_wconf 83' lang='grc' dir='ltr'><strong>Οὐχ</strong></span> <span class='ocrx_word' id='word_1_301' title='bbox 760 4229 924 4299; x_wconf 82' lang='grc' dir='ltr'><strong>ὁρᾶτε</strong></span> <span class='ocrx_word' id='word_1_302' title='bbox 963 4228 1081 4292; x_wconf 85' lang='grc' dir='ltr'><strong>πῶς</strong></span> <span class='ocrx_word' id='word_1_303' title='bbox 1110 4228 1206 4281; x_wconf 73' lang='grc' dir='ltr'><strong>ἐπὶ</strong></span> <span class='ocrx_word' id='word_1_304' title='bbox 1238 4227 1346 4282; x_wconf 84' lang='grc' dir='ltr'><strong>τῶν</strong></span> <span class='ocrx_word' id='word_1_305' title='bbox 1389 4227 1785 4299; x_wconf 79' lang='grc' dir='ltr'><strong>δικαστηρίων,</strong></span> 
     </span>
    </p>
   </div>
   <div class='ocr_carea' id='block_1_45' title="bbox 205 4313 1784 4391">
    <p class='ocr_par' dir='ltr' id='par_1_45' title="bbox 205 4313 1784 4391">
     <span class='ocr_line' id='line_1_45' title="bbox 205 4313 1784 4391; baseline 0.004 -25"><span class='ocrx_word' id='word_1_306' title='bbox 205 4313 354 4372; x_wconf 70' lang='grc' dir='ltr'><strong>ἄλλον</strong></span> <span class='ocrx_word' id='word_1_307' title='bbox 385 4320 810 4391; x_wconf 75' lang='grc' dir='ltr'><strong>ὲξεταζομένου,</strong></span> <span class='ocrx_word' id='word_1_308' title='bbox 846 4320 1050 4382; x_wconf 78' lang='grc' dir='ltr'><strong>πάντες</strong></span> <span class='ocrx_word' id='word_1_309' title='bbox 1079 4320 1130 4373; x_wconf 88' lang='grc' dir='ltr'><strong>οἱ</strong></span> <span class='ocrx_word' id='word_1_310' title='bbox 1191 4319 1460 4390; x_wconf 85' lang='grc' dir='ltr'><strong>παρόντες</strong></span> <span class='ocrx_word' id='word_1_311' title='bbox 1497 4319 1592 4373; x_wconf 69' lang='grc' dir='ltr'><strong>καὶ</strong></span> <span class='ocrx_word' id='word_1_312' title='bbox 1621 4317 1784 4391; x_wconf 81' lang='grc' dir='ltr'><strong>ὁρῶν·</strong></span> 
     </span>
    </p>
   </div>
   <div class='ocr_carea' id='block_1_46' title="bbox 203 4409 1789 4483">
    <p class='ocr_par' dir='ltr' id='par_1_46' title="bbox 203 4409 1789 4483">
     <span class='ocr_line' id='line_1_46' title="bbox 203 4409 1789 4483; baseline -0.001 -18"><span class='ocrx_word' id='word_1_313' title='bbox 203 4420 311 4472; x_wconf 80' lang='grc' dir='ltr'><strong>τες,</strong></span> <span class='ocrx_word' id='word_1_314' title='bbox 330 4414 473 4483; x_wconf 80' lang='grc' dir='ltr'><strong>τάχα</strong></span> <span class='ocrx_word' id='word_1_315' title='bbox 499 4412 556 4465; x_wconf 79' lang='grc' dir='ltr'><strong>δὲ</strong></span> <span class='ocrx_word' id='word_1_316' title='bbox 587 4412 682 4465; x_wconf 75' lang='grc' dir='ltr'><strong>καὶ</strong></span> <span class='ocrx_word' id='word_1_317' title='bbox 701 4413 751 4465; x_wconf 76' lang='grc' dir='ltr'><strong>οἱ</strong></span> <span class='ocrx_word' id='word_1_318' title='bbox 785 4412 1097 4478; x_wconf 79' lang='grc' dir='ltr'><strong>ἀκούοντες,</strong></span> <span class='ocrx_word' id='word_1_319' title='bbox 1125 4411 1408 4481; x_wconf 78' lang='grc' dir='ltr'><strong>φρίττουσι</strong></span> <span class='ocrx_word' id='word_1_320' title='bbox 1435 4409 1532 4463; x_wconf 79' lang='grc' dir='ltr'><strong>καὶ</strong></span> <span class='ocrx_word' id='word_1_321' title='bbox 1556 4409 1789 4478; x_wconf 78' lang='grc' dir='ltr'><strong>φοϐοῦν-</strong></span> 
     </span>
    </p>
   </div>
   <div class='ocr_carea' id='block_1_47' title="bbox 202 4503 1791 4574">
    <p class='ocr_par' dir='ltr' id='par_1_47' title="bbox 202 4503 1791 4574">
     <span class='ocr_line' id='line_1_47' title="bbox 202 4503 1791 4574; baseline -0.001 -15"><span class='ocrx_word' id='word_1_322' title='bbox 202 4511 303 4563; x_wconf 75' lang='grc' dir='ltr'><strong>ται,</strong></span> <span class='ocrx_word' id='word_1_323' title='bbox 335 4505 434 4559; x_wconf 75' lang='grc' dir='ltr'><strong>καὶ</strong></span> <span class='ocrx_word' id='word_1_324' title='bbox 460 4504 571 4558; x_wconf 79' lang='grc' dir='ltr'><strong>τῶν</strong></span> <span class='ocrx_word' id='word_1_325' title='bbox 621 4504 810 4559; x_wconf 84' lang='grc' dir='ltr'><strong>κακῶν</strong></span> <span class='ocrx_word' id='word_1_326' title='bbox 847 4504 1145 4573; x_wconf 83' lang='grc' dir='ltr'><strong>ἀπέχονται</strong></span> <span class='ocrx_word' id='word_1_327' title='bbox 1177 4521 1192 4571; x_wconf 91' lang='grc'>;</span> <span class='ocrx_word' id='word_1_328' title='bbox 1221 4503 1313 4574; x_wconf 78' lang='grc' dir='ltr'><strong>Μὴ</strong></span> <span class='ocrx_word' id='word_1_329' title='bbox 1363 4503 1636 4568; x_wconf 71' lang='grc' dir='ltr'><strong>ξενίζεσθε</strong></span> <span class='ocrx_word' id='word_1_330' title='bbox 1676 4505 1791 4557; x_wconf 80' lang='grc' dir='ltr'><strong>ὅτι·</strong></span> 
     </span>
    </p>
   </div>
   <div class='ocr_carea' id='block_1_48' title="bbox 1883 667 3468 741">
    <p class='ocr_par' dir='ltr' id='par_1_48' title="bbox 1883 667 3468 741">
     <span class='ocr_line' id='line_1_48' title="bbox 1883 667 3468 741; baseline 0.003 -19"><span class='ocrx_word' id='word_1_331' title='bbox 1883 683 2093 730; x_wconf 81' lang='lat' dir='ltr'><strong>camus,</strong></span> <span class='ocrx_word' id='word_1_332' title='bbox 2130 684 2227 738; x_wconf 85' lang='lat' dir='ltr'><strong>par</strong></span> <span class='ocrx_word' id='word_1_333' title='bbox 2257 683 2452 722; x_wconf 80' lang='lat' dir='ltr'><strong>revera</strong></span> <span class='ocrx_word' id='word_1_334' title='bbox 2492 667 2681 730; x_wconf 86' lang='lat' dir='ltr'><strong>etiam,</strong></span> <span class='ocrx_word' id='word_1_335' title='bbox 2718 676 2780 721; x_wconf 93' lang='lat' dir='ltr'><strong>ut</strong></span> <span class='ocrx_word' id='word_1_336' title='bbox 2820 676 3061 721; x_wconf 82' lang='lat' dir='ltr'><strong>nostram</strong></span> <span class='ocrx_word' id='word_1_337' title='bbox 3105 668 3172 722; x_wconf 88' lang='lat' dir='ltr'><strong>ad</strong></span> <span class='ocrx_word' id='word_1_338' title='bbox 3209 685 3307 724; x_wconf 88' lang='lat' dir='ltr'><strong>vos</strong></span> <span class='ocrx_word' id='word_1_339' title='bbox 3352 675 3468 741; x_wconf 87' lang='lat' dir='ltr'><strong>epi-</strong></span> 
     </span>
    </p>
   </div>
   <div class='ocr_carea' id='block_1_49' title="bbox 1882 756 3057 831">
    <p class='ocr_par' dir='ltr' id='par_1_49' title="bbox 1882 756 3057 831">
     <span class='ocr_line' id='line_1_49' title="bbox 1882 756 3057 831; baseline 0 -16"><span class='ocrx_word' id='word_1_340' title='bbox 1882 756 2078 815; x_wconf 82' lang='lat' dir='ltr'><strong>stolam</strong></span> <span class='ocrx_word' id='word_1_341' title='bbox 2111 777 2140 814; x_wconf 89' lang='lat' dir='ltr'><strong>a</strong></span> <span class='ocrx_word' id='word_1_342' title='bbox 2172 761 2473 831; x_wconf 79' lang='lat' dir='ltr'><strong>gratiarum</strong></span> <span class='ocrx_word' id='word_1_343' title='bbox 2498 761 2716 814; x_wconf 81' lang='lat' dir='ltr'><strong>actione</strong></span> <span class='ocrx_word' id='word_1_344' title='bbox 2752 760 3057 815; x_wconf 82' lang='lat' dir='ltr'><strong>ordiamur.</strong></span> 
     </span>
    </p>
   </div>
   <div class='ocr_carea' id='block_1_50' title="bbox 1950 851 3467 919">
    <p class='ocr_par' dir='ltr' id='par_1_50' title="bbox 1950 851 3467 919">
     <span class='ocr_line' id='line_1_50' title="bbox 1950 851 3467 919; baseline 0.001 -14"><span class='ocrx_word' id='word_1_345' title='bbox 1950 851 2031 905; x_wconf 88' lang='lat' dir='ltr'><strong>Sit</strong></span> <span class='ocrx_word' id='word_1_346' title='bbox 2054 868 2240 905; x_wconf 82' lang='lat' dir='ltr'><strong>nomen</strong></span> <span class='ocrx_word' id='word_1_347' title='bbox 2273 851 2485 905; x_wconf 89' lang='lat' dir='ltr'><strong>Domini</strong></span> <span class='ocrx_word' id='word_1_348' title='bbox 2505 852 2831 905; x_wconf 75' lang='lat' dir='ltr'><strong>benedictum</strong></span> <span class='ocrx_word' id='word_1_349' title='bbox 2855 851 3020 919; x_wconf 81' lang='lat' dir='ltr'><strong>&#39;,quia</strong></span> <span class='ocrx_word' id='word_1_350' title='bbox 3046 868 3149 905; x_wconf 91' lang='lat' dir='ltr'><strong>non</strong></span> <span class='ocrx_word' id='word_1_351' title='bbox 3179 854 3467 908; x_wconf 79' lang='lat' dir='ltr'><strong>secundum</strong></span> 
     </span>
    </p>
   </div>
   <div class='ocr_carea' id='block_1_51' title="bbox 1880 943 3469 1013">
    <p class='ocr_par' dir='ltr' id='par_1_51' title="bbox 1880 943 3469 1013">
     <span class='ocr_line' id='line_1_51' title="bbox 1880 943 3469 1013; baseline 0 -17"><span class='ocrx_word' id='word_1_352' title='bbox 1880 952 2094 1013; x_wconf 79' lang='lat' dir='ltr'><strong>peccata</strong></span> <span class='ocrx_word' id='word_1_353' title='bbox 2134 953 2315 996; x_wconf 85' lang='lat' dir='ltr'><strong>nostra</strong></span> <span class='ocrx_word' id='word_1_354' title='bbox 2344 944 2465 1013; x_wconf 78' lang='lat' dir='ltr'><strong>fecit</strong></span> <span class='ocrx_word' id='word_1_355' title='bbox 2496 943 2661 1005; x_wconf 88' lang='lat' dir='ltr'><strong>nobis,</strong></span> <span class='ocrx_word' id='word_1_356' title='bbox 2700 959 2866 1013; x_wconf 79' lang='lat' dir='ltr'><strong>neque</strong></span> <span class='ocrx_word' id='word_1_357' title='bbox 2903 943 3187 996; x_wconf 86' lang='lat' dir='ltr'><strong>secundum</strong></span> <span class='ocrx_word' id='word_1_358' title='bbox 3222 944 3469 1013; x_wconf 82' lang='lat' dir='ltr'><strong>iniquita-</strong></span> 
     </span>
    </p>
   </div>
   <div class='ocr_carea' id='block_1_52' title="bbox 1881 1034 3465 1104">
    <p class='ocr_par' dir='ltr' id='par_1_52' title="bbox 1881 1034 3465 1104">
     <span class='ocr_line' id='line_1_52' title="bbox 1881 1034 3465 1104; baseline -0.001 -15"><span class='ocrx_word' id='word_1_359' title='bbox 1881 1046 1955 1089; x_wconf 84' lang='lat' dir='ltr'><strong>tes</strong></span> <span class='ocrx_word' id='word_1_360' title='bbox 1996 1046 2203 1089; x_wconf 86' lang='lat' dir='ltr'><strong>nostras</strong></span> <span class='ocrx_word' id='word_1_361' title='bbox 2237 1035 2535 1088; x_wconf 73' lang='lat' dir='ltr'><strong>retribuit’.</strong></span> <span class='ocrx_word' id='word_1_362' title='bbox 2577 1035 2967 1089; x_wconf 85' lang='lat' dir='ltr'><strong>Verumtamen</strong></span> <span class='ocrx_word' id='word_1_363' title='bbox 3014 1051 3033 1087; x_wconf 81' lang='lat'><strong>.&#39;</strong></span> <span class='ocrx_word' id='word_1_364' title='bbox 3073 1034 3185 1088; x_wconf 81' lang='lat' dir='ltr'><strong>Heu</strong></span> <span class='ocrx_word' id='word_1_365' title='bbox 3217 1036 3465 1104; x_wconf 66' lang='lat' dir='ltr'><strong>me,qr.&#39;ia</strong></span> 
     </span>
    </p>
   </div>
   <div class='ocr_carea' id='block_1_53' title="bbox 1881 1124 3466 1198">
    <p class='ocr_par' dir='ltr' id='par_1_53' title="bbox 1881 1124 3466 1198">
     <span class='ocr_line' id='line_1_53' title="bbox 1881 1124 3466 1198; baseline -0.004 -16"><span class='ocrx_word' id='word_1_366' title='bbox 1881 1128 2031 1197; x_wconf 86' lang='lat' dir='ltr'><strong>longe</strong></span> <span class='ocrx_word' id='word_1_367' title='bbox 2055 1129 2225 1198; x_wconf 79' lang='lat' dir='ltr'><strong>factus</strong></span> <span class='ocrx_word' id='word_1_368' title='bbox 2267 1141 2296 1179; x_wconf 90' lang='lat' dir='ltr'><strong>a</strong></span> <span class='ocrx_word' id='word_1_369' title='bbox 2338 1125 2527 1187; x_wconf 87' lang='lat' dir='ltr'><strong>Sione,</strong></span> <span class='ocrx_word' id='word_1_370' title='bbox 2555 1126 2789 1179; x_wconf 74' lang='lat' dir='ltr'><strong>habitari</strong></span> <span class='ocrx_word' id='word_1_371' title='bbox 2834 1142 2949 1178; x_wconf 84' lang='lat' dir='ltr'><strong>cum</strong></span> <span class='ocrx_word' id='word_1_372' title='bbox 2982 1124 3337 1178; x_wconf 77' lang='lat' dir='ltr'><strong>tabernaculis</strong></span> <span class='ocrx_word' id='word_1_373' title='bbox 3366 1124 3466 1179; x_wconf 60' lang='lat' dir='ltr'><strong>Cc-</strong></span> 
     </span>
    </p>
   </div>
   <div class='ocr_carea' id='block_1_54' title="bbox 1878 1217 3467 1286">
    <p class='ocr_par' dir='ltr' id='par_1_54' title="bbox 1878 1217 3467 1286">
     <span class='ocr_line' id='line_1_54' title="bbox 1878 1217 3467 1286; baseline -0.001 -13"><span class='ocrx_word' id='word_1_374' title='bbox 1878 1220 2045 1284; x_wconf 77' lang='lat' dir='ltr'><strong>dar‘;</strong></span> <span class='ocrx_word' id='word_1_375' title='bbox 2083 1218 2364 1273; x_wconf 84' lang='lat' dir='ltr'><strong>desiderio</strong></span> <span class='ocrx_word' id='word_1_376' title='bbox 2419 1225 2477 1272; x_wconf 86' lang='lat' dir='ltr'><strong>et</strong></span> <span class='ocrx_word' id='word_1_377' title='bbox 2524 1218 2662 1286; x_wconf 87' lang='lat' dir='ltr'><strong>ipse,</strong></span> <span class='ocrx_word' id='word_1_378' title='bbox 2697 1217 2773 1270; x_wconf 90' lang='lat' dir='ltr'><strong>nti</strong></span> <span class='ocrx_word' id='word_1_379' title='bbox 2806 1217 2974 1270; x_wconf 79' lang='lat' dir='ltr'><strong>David</strong></span> <span class='ocrx_word' id='word_1_380' title='bbox 2998 1258 3010 1280; x_wconf 92' lang='lat'><strong>,</strong></span> <span class='ocrx_word' id='word_1_381' title='bbox 3045 1217 3137 1271; x_wconf 89' lang='lat' dir='ltr'><strong>diu</strong></span> <span class='ocrx_word' id='word_1_382' title='bbox 3190 1227 3467 1286; x_wconf 85' lang='lat' dir='ltr'><strong>noctuque</strong></span> 
     </span>
    </p>
   </div>
   <div class='ocr_carea' id='block_1_55' title="bbox 1879 1308 3464 1381">
    <p class='ocr_par' dir='ltr' id='par_1_55' title="bbox 1879 1308 3464 1381">
     <span class='ocr_line' id='line_1_55' title="bbox 1879 1308 3464 1381; baseline -0.001 -16"><span class='ocrx_word' id='word_1_383' title='bbox 1879 1310 2139 1381; x_wconf 82' lang='lat' dir='ltr'><strong>psallens,</strong></span> <span class='ocrx_word' id='word_1_384' title='bbox 2191 1318 2357 1377; x_wconf 78' lang='lat' dir='ltr'><strong>atque</strong></span> <span class='ocrx_word' id='word_1_385' title='bbox 2386 1323 2610 1362; x_wconf 87' lang='lat' dir='ltr'><strong>versum</strong></span> <span class='ocrx_word' id='word_1_386' title='bbox 2660 1308 2809 1362; x_wconf 88' lang='lat' dir='ltr'><strong>hunc</strong></span> <span class='ocrx_word' id='word_1_387' title='bbox 2852 1308 3014 1362; x_wconf 80' lang='lat' dir='ltr'><strong>labiis</strong></span> <span class='ocrx_word' id='word_1_388' title='bbox 3041 1309 3464 1374; x_wconf 81' lang='lat' dir='ltr'><strong>circumferens,</strong></span> 
     </span>
    </p>
   </div>
   <div class='ocr_carea' id='block_1_56' title="bbox 1878 1398 3470 1471">
    <p class='ocr_par' dir='ltr' id='par_1_56' title="bbox 1878 1398 3470 1471">
     <span class='ocr_line' id='line_1_56' title="bbox 1878 1398 3470 1471; baseline -0.001 -15"><span class='ocrx_word' id='word_1_389' title='bbox 1878 1417 1944 1456; x_wconf 84' lang='lat' dir='ltr'><strong>ac</strong></span> <span class='ocrx_word' id='word_1_390' title='bbox 1974 1416 2072 1455; x_wconf 89' lang='lat' dir='ltr'><strong>ore</strong></span> <span class='ocrx_word' id='word_1_391' title='bbox 2109 1414 2345 1455; x_wconf 84' lang='lat' dir='ltr'><strong>versans</strong></span> <span class='ocrx_word' id='word_1_392' title='bbox 2384 1417 2396 1452; x_wconf 93' lang='lat'>:</span> <span class='ocrx_word' id='word_1_393' title='bbox 2428 1398 2485 1453; x_wconf 88' lang='lat' dir='ltr'><strong>Si</strong></span> <span class='ocrx_word' id='word_1_394' title='bbox 2512 1400 2701 1453; x_wconf 84' lang='lat' dir='ltr'><strong>oblitus</strong></span> <span class='ocrx_word' id='word_1_395' title='bbox 2725 1399 2870 1468; x_wconf 78' lang='lat' dir='ltr'><strong>[uero</strong></span> <span class='ocrx_word' id='word_1_396' title='bbox 2901 1401 2998 1463; x_wconf 81' lang='lat' dir='ltr'><strong>tui,</strong></span> <span class='ocrx_word' id='word_1_397' title='bbox 3039 1400 3331 1454; x_wconf 80' lang='lat' dir='ltr'><strong>Jerusalem</strong></span> <span class='ocrx_word' id='word_1_398' title='bbox 3352 1405 3470 1471; x_wconf 81' lang='lat' dir='ltr'><strong>(aut</strong></span> 
     </span>
    </p>
   </div>
   <div class='ocr_carea' id='block_1_57' title="bbox 1878 1491 3468 1564">
    <p class='ocr_par' dir='ltr' id='par_1_57' title="bbox 1878 1491 3468 1564">
     <span class='ocr_line' id='line_1_57' title="bbox 1878 1491 3468 1564; baseline -0.001 -17"><span class='ocrx_word' id='word_1_399' title='bbox 1878 1491 2132 1564; x_wconf 76' lang='lat' dir='ltr'><strong>pauxilla:</strong></span> <span class='ocrx_word' id='word_1_400' title='bbox 2155 1492 2333 1563; x_wconf 83' lang='lat' dir='ltr'><strong>plebis</strong></span> <span class='ocrx_word' id='word_1_401' title='bbox 2353 1507 2475 1562; x_wconf 80' lang='lat' dir='ltr'><strong>qua:</strong></span> <span class='ocrx_word' id='word_1_402' title='bbox 2507 1491 2560 1545; x_wconf 91' lang='lat' dir='ltr'><strong>in</strong></span> <span class='ocrx_word' id='word_1_403' title='bbox 2580 1501 2631 1546; x_wconf 89' lang='lat' dir='ltr'><strong>te</strong></span> <span class='ocrx_word' id='word_1_404' title='bbox 2656 1492 3047 1564; x_wconf 83' lang='lat' dir='ltr'><strong>est),oblivioni</strong></span> <span class='ocrx_word' id='word_1_405' title='bbox 3077 1492 3229 1546; x_wconf 89' lang='lat' dir='ltr'><strong>detur</strong></span> <span class='ocrx_word' id='word_1_406' title='bbox 3252 1494 3468 1546; x_wconf 75' lang='lat' dir='ltr'><strong>dextera</strong></span> 
     </span>
    </p>
   </div>
   <div class='ocr_carea' id='block_1_58' title="bbox 1878 1587 2061 1640">
    <p class='ocr_par' dir='ltr' id='par_1_58' title="bbox 1878 1587 2061 1640">
     <span class='ocr_line' id='line_1_58' title="bbox 1878 1587 2061 1640; baseline -0.005 0"><span class='ocrx_word' id='word_1_407' title='bbox 1878 1603 1996 1640; x_wconf 85' lang='lat' dir='ltr'><strong>mea</strong></span> <span class='ocrx_word' id='word_1_408' title='bbox 2019 1587 2061 1639; x_wconf 66' lang='grc'><strong>⁸.</strong></span> 
     </span>
    </p>
   </div>
   <div class='ocr_carea' id='block_1_59' title="bbox 1948 1674 3476 1748">
    <p class='ocr_par' dir='ltr' id='par_1_59' title="bbox 1948 1674 3476 1748">
     <span class='ocr_line' id='line_1_59' title="bbox 1948 1674 3476 1748; baseline -0.001 -18"><span class='ocrx_word' id='word_1_409' title='bbox 1948 1677 2147 1730; x_wconf 83' lang='grc' dir='ltr'><strong>Νυιιιιη</strong></span> <span class='ocrx_word' id='word_1_410' title='bbox 2178 1676 2249 1730; x_wconf 91' lang='lat' dir='ltr'><strong>sit</strong></span> <span class='ocrx_word' id='word_1_411' title='bbox 2284 1675 2441 1729; x_wconf 82' lang='lat' dir='ltr'><strong>vobis</strong></span> <span class='ocrx_word' id='word_1_412' title='bbox 2466 1716 2480 1739; x_wconf 95' lang='lat'><strong>,</strong></span> <span class='ocrx_word' id='word_1_413' title='bbox 2508 1674 2729 1739; x_wconf 76' lang='lat' dir='ltr'><strong>fratres,</strong></span> <span class='ocrx_word' id='word_1_414' title='bbox 2771 1674 2919 1743; x_wconf 85' lang='lat' dir='ltr'><strong>quod</strong></span> <span class='ocrx_word' id='word_1_415' title='bbox 2960 1682 3017 1727; x_wconf 83' lang='lat' dir='ltr'><strong>et</strong></span> <span class='ocrx_word' id='word_1_416' title='bbox 3046 1691 3148 1730; x_wconf 86' lang='lat' dir='ltr'><strong>nos</strong></span> <span class='ocrx_word' id='word_1_417' title='bbox 3190 1692 3347 1746; x_wconf 80' lang='lat' dir='ltr'><strong>super</strong></span> <span class='ocrx_word' id='word_1_418' title='bbox 3375 1677 3476 1748; x_wconf 81' lang='lat' dir='ltr'><strong>[lu-</strong></span> 
     </span>
    </p>
   </div>
   <div class='ocr_carea' id='block_1_60' title="bbox 1877 1766 3474 1837">
    <p class='ocr_par' dir='ltr' id='par_1_60' title="bbox 1877 1766 3474 1837">
     <span class='ocr_line' id='line_1_60' title="bbox 1877 1766 3474 1837; baseline -0.001 -16"><span class='ocrx_word' id='word_1_419' title='bbox 1877 1770 2022 1821; x_wconf 85' lang='lat' dir='ltr'><strong>mina</strong></span> <span class='ocrx_word' id='word_1_420' title='bbox 2046 1767 2327 1837; x_wconf 77' lang='lat' dir='ltr'><strong>Babylonis</strong></span> <span class='ocrx_word' id='word_1_421' title='bbox 2355 1766 2467 1819; x_wconf 88' lang='lat' dir='ltr'><strong>illic</strong></span> <span class='ocrx_word' id='word_1_422' title='bbox 2495 1766 2745 1828; x_wconf 80' lang='lat' dir='ltr'><strong>sedimus,</strong></span> <span class='ocrx_word' id='word_1_423' title='bbox 2776 1775 2824 1818; x_wconf 87' lang='lat' dir='ltr'><strong>et</strong></span> <span class='ocrx_word' id='word_1_424' title='bbox 2848 1767 3108 1835; x_wconf 77' lang='lat' dir='ltr'><strong>fleuimus,</strong></span> <span class='ocrx_word' id='word_1_425' title='bbox 3141 1767 3269 1821; x_wconf 86' lang='lat' dir='ltr'><strong>dum</strong></span> <span class='ocrx_word' id='word_1_426' title='bbox 3297 1783 3474 1821; x_wconf 84' lang='lat' dir='ltr'><strong>recor—</strong></span> 
     </span>
    </p>
   </div>
   <div class='ocr_carea' id='block_1_61' title="bbox 1879 1856 3465 1928">
    <p class='ocr_par' dir='ltr' id='par_1_61' title="bbox 1879 1856 3465 1928">
     <span class='ocr_line' id='line_1_61' title="bbox 1879 1856 3465 1928; baseline 0.001 -16"><span class='ocrx_word' id='word_1_427' title='bbox 1879 1862 2132 1913; x_wconf 83' lang='lat' dir='ltr'><strong>daremur</strong></span> <span class='ocrx_word' id='word_1_428' title='bbox 2178 1858 2423 1922; x_wconf 84' lang='lat' dir='ltr'><strong>Sionis&#39;,</strong></span> <span class='ocrx_word' id='word_1_429' title='bbox 2447 1856 2735 1927; x_wconf 84' lang='lat' dir='ltr'><strong>Golgotha,</strong></span> <span class='ocrx_word' id='word_1_430' title='bbox 2769 1856 2970 1912; x_wconf 80' lang='lat' dir='ltr'><strong>vivifici</strong></span> <span class='ocrx_word' id='word_1_431' title='bbox 3012 1858 3290 1928; x_wconf 89' lang='lat' dir='ltr'><strong>sepulcri,</strong></span> <span class='ocrx_word' id='word_1_432' title='bbox 3328 1858 3465 1913; x_wconf 85' lang='lat' dir='ltr'><strong>nulli</strong></span> 
     </span>
    </p>
   </div>
   <div class='ocr_carea' id='block_1_62' title="bbox 1882 1947 3470 2021">
    <p class='ocr_par' dir='ltr' id='par_1_62' title="bbox 1882 1947 3470 2021">
     <span class='ocr_line' id='line_1_62' title="bbox 1882 1947 3470 2021; baseline -0.003 -15"><span class='ocrx_word' id='word_1_433' title='bbox 1882 1967 2121 2021; x_wconf 79' lang='lat' dir='ltr'><strong>unquam</strong></span> <span class='ocrx_word' id='word_1_434' title='bbox 2158 1950 2424 2004; x_wconf 83' lang='lat' dir='ltr'><strong>oblivioni</strong></span> <span class='ocrx_word' id='word_1_435' title='bbox 2455 1949 2730 2003; x_wconf 82' lang='lat' dir='ltr'><strong>tradenda:</strong></span> <span class='ocrx_word' id='word_1_436' title='bbox 2755 1947 3061 2002; x_wconf 72' lang='lat' dir='ltr'><strong>Bethleem.</strong></span> <span class='ocrx_word' id='word_1_437' title='bbox 3096 1950 3177 2002; x_wconf 91' lang='lat' dir='ltr'><strong>En</strong></span> <span class='ocrx_word' id='word_1_438' title='bbox 3221 1949 3421 2004; x_wconf 85' lang='lat' dir='ltr'><strong>fratres</strong></span> <span class='ocrx_word' id='word_1_439' title='bbox 3454 1964 3470 2001; x_wconf 90' lang='lat'><strong>:</strong></span> 
     </span>
    </p>
   </div>
   <div class='ocr_carea' id='block_1_63' title="bbox 1881 2038 3473 2105">
    <p class='ocr_par' dir='ltr' id='par_1_63' title="bbox 1881 2038 3473 2105">
     <span class='ocr_line' id='line_1_63' title="bbox 1881 2038 3473 2105; baseline -0.001 -8"><span class='ocrx_word' id='word_1_440' title='bbox 1881 2044 2190 2097; x_wconf 78' lang='lat' dir='ltr'><strong>Levavimus</strong></span> <span class='ocrx_word' id='word_1_441' title='bbox 2219 2040 2395 2094; x_wconf 87' lang='lat' dir='ltr'><strong>oculos</strong></span> <span class='ocrx_word' id='word_1_442' title='bbox 2430 2048 2635 2093; x_wconf 86' lang='lat' dir='ltr'><strong>nostros</strong></span> <span class='ocrx_word' id='word_1_443' title='bbox 2672 2041 2726 2093; x_wconf 90' lang='lat' dir='ltr'><strong>in</strong></span> <span class='ocrx_word' id='word_1_444' title='bbox 2759 2038 3211 2105; x_wconf 82' lang='lat' dir='ltr'><strong>Sionis.montes,</strong></span> <span class='ocrx_word' id='word_1_445' title='bbox 3233 2040 3372 2094; x_wconf 92' lang='lat' dir='ltr'><strong>unde</strong></span> <span class='ocrx_word' id='word_1_446' title='bbox 3387 2056 3473 2095; x_wconf 58' lang='lat' dir='ltr'><strong>ve-</strong></span> 
     </span>
    </p>
   </div>
   <div class='ocr_carea' id='block_1_64' title="bbox 1883 2130 3474 2201">
    <p class='ocr_par' dir='ltr' id='par_1_64' title="bbox 1883 2130 3474 2201">
     <span class='ocr_line' id='line_1_64' title="bbox 1883 2130 3474 2201; baseline -0.003 -12"><span class='ocrx_word' id='word_1_447' title='bbox 1883 2137 1987 2189; x_wconf 83' lang='lat' dir='ltr'><strong>niet</strong></span> <span class='ocrx_word' id='word_1_448' title='bbox 2013 2133 2271 2189; x_wconf 73' lang='lat' dir='ltr'><strong>auxilium</strong></span> <span class='ocrx_word' id='word_1_449' title='bbox 2299 2130 2716 2195; x_wconf 77' lang='lat' dir='ltr'><strong>nobis&#39;.Audite,</strong></span> <span class='ocrx_word' id='word_1_450' title='bbox 2744 2131 3000 2200; x_wconf 84' lang='lat' dir='ltr'><strong>redempti</strong></span> <span class='ocrx_word' id='word_1_451' title='bbox 3020 2148 3049 2183; x_wconf 84' lang='grc' dir='ltr'><strong>ιι</strong></span> <span class='ocrx_word' id='word_1_452' title='bbox 3074 2130 3316 2197; x_wconf 89' lang='lat' dir='ltr'><strong>Domino,</strong></span> <span class='ocrx_word' id='word_1_453' title='bbox 3345 2146 3474 2201; x_wconf 86' lang='lat' dir='ltr'><strong>quos</strong></span> 
     </span>
    </p>
   </div>
   <div class='ocr_carea' id='block_1_65' title="bbox 1883 2221 3477 2284">
    <p class='ocr_par' dir='ltr' id='par_1_65' title="bbox 1883 2221 3477 2284">
     <span class='ocr_line' id='line_1_65' title="bbox 1883 2221 3477 2284; baseline 0 -6"><span class='ocrx_word' id='word_1_454' title='bbox 1883 2226 2100 2279; x_wconf 79' lang='lat' dir='ltr'><strong>redemit</strong></span> <span class='ocrx_word' id='word_1_455' title='bbox 2127 2225 2190 2276; x_wconf 89' lang='lat' dir='ltr'><strong>de</strong></span> <span class='ocrx_word' id='word_1_456' title='bbox 2211 2240 2373 2276; x_wconf 86' lang='lat' dir='ltr'><strong>manu</strong></span> <span class='ocrx_word' id='word_1_457' title='bbox 2402 2223 2739 2275; x_wconf 83' lang='lat' dir='ltr'><strong>inimicorum</strong></span> <span class='ocrx_word' id='word_1_458' title='bbox 2764 2221 2807 2284; x_wconf 87' lang='grc'><strong>⁷,</strong></span> <span class='ocrx_word' id='word_1_459' title='bbox 2836 2230 2894 2276; x_wconf 89' lang='lat' dir='ltr'><strong>et</strong></span> <span class='ocrx_word' id='word_1_460' title='bbox 2923 2237 2988 2275; x_wconf 80' lang='lat' dir='ltr'><strong>ex</strong></span> <span class='ocrx_word' id='word_1_461' title='bbox 3021 2222 3477 2281; x_wconf 85' lang='lat' dir='ltr'><strong>tribulationibus</strong></span> 
     </span>
    </p>
   </div>
   <div class='ocr_carea' id='block_1_66' title="bbox 1882 2311 3469 2373">
    <p class='ocr_par' dir='ltr' id='par_1_66' title="bbox 1882 2311 3469 2373">
     <span class='ocr_line' id='line_1_66' title="bbox 1882 2311 3469 2373; baseline -0.001 -4"><span class='ocrx_word' id='word_1_462' title='bbox 1882 2316 2113 2369; x_wconf 82' lang='lat' dir='ltr'><strong>salvavit</strong></span> <span class='ocrx_word' id='word_1_463' title='bbox 2147 2328 2261 2367; x_wconf 89' lang='lat' dir='ltr'><strong>eos.</strong></span> <span class='ocrx_word' id='word_1_464' title='bbox 2291 2311 2491 2365; x_wconf 80' lang='lat' dir='ltr'><strong>Audite</strong></span> <span class='ocrx_word' id='word_1_465' title='bbox 2551 2325 2744 2365; x_wconf 86' lang='lat' dir='ltr'><strong>vocem</strong></span> <span class='ocrx_word' id='word_1_466' title='bbox 2791 2326 2991 2373; x_wconf 87' lang='lat' dir='ltr'><strong>meam,</strong></span> <span class='ocrx_word' id='word_1_467' title='bbox 3040 2312 3214 2365; x_wconf 86' lang='lat' dir='ltr'><strong>vineti</strong></span> <span class='ocrx_word' id='word_1_468' title='bbox 3267 2311 3469 2368; x_wconf 82' lang='lat' dir='ltr'><strong>Zacha-</strong></span> 
     </span>
    </p>
   </div>
   <div class='ocr_carea' id='block_1_67' title="bbox 1882 2401 3470 2471">
    <p class='ocr_par' dir='ltr' id='par_1_67' title="bbox 1882 2401 3470 2471">
     <span class='ocr_line' id='line_1_67' title="bbox 1882 2401 3470 2471; baseline -0.004 -10"><span class='ocrx_word' id='word_1_469' title='bbox 1882 2409 1995 2461; x_wconf 68' lang='lat' dir='ltr'><strong>riae.</strong></span> <span class='ocrx_word' id='word_1_470' title='bbox 2024 2405 2204 2460; x_wconf 79' lang='lat' dir='ltr'><strong>Nolite</strong></span> <span class='ocrx_word' id='word_1_471' title='bbox 2238 2406 2453 2458; x_wconf 85' lang='lat' dir='ltr'><strong>animos</strong></span> <span class='ocrx_word' id='word_1_472' title='bbox 2500 2402 2714 2465; x_wconf 86' lang='lat' dir='ltr'><strong>tollere,</strong></span> <span class='ocrx_word' id='word_1_473' title='bbox 2755 2402 2900 2471; x_wconf 87' lang='lat' dir='ltr'><strong>quod</strong></span> <span class='ocrx_word' id='word_1_474' title='bbox 2934 2418 3027 2456; x_wconf 90' lang='lat' dir='ltr'><strong>vos</strong></span> <span class='ocrx_word' id='word_1_475' title='bbox 3048 2401 3303 2456; x_wconf 90' lang='lat' dir='ltr'><strong>Christus</strong></span> <span class='ocrx_word' id='word_1_476' title='bbox 3333 2401 3470 2455; x_wconf 86' lang='lat' dir='ltr'><strong>libe-</strong></span> 
     </span>
    </p>
   </div>
   <div class='ocr_carea' id='block_1_68' title="bbox 1882 2491 3469 2554">
    <p class='ocr_par' dir='ltr' id='par_1_68' title="bbox 1882 2491 3469 2554">
     <span class='ocr_line' id='line_1_68' title="bbox 1882 2491 3469 2554; baseline -0.006 0"><span class='ocrx_word' id='word_1_477' title='bbox 1882 2499 2087 2554; x_wconf 85' lang='lat' dir='ltr'><strong>ravcrit</strong></span> <span class='ocrx_word' id='word_1_478' title='bbox 2115 2497 2185 2551; x_wconf 90' lang='lat' dir='ltr'><strong>ab</strong></span> <span class='ocrx_word' id='word_1_479' title='bbox 2213 2495 2455 2550; x_wconf 89' lang='lat' dir='ltr'><strong>hostium</strong></span> <span class='ocrx_word' id='word_1_480' title='bbox 2497 2494 2784 2550; x_wconf 84' lang='lat' dir='ltr'><strong>servitute.</strong></span> <span class='ocrx_word' id='word_1_481' title='bbox 2825 2492 3016 2548; x_wconf 84' lang='lat' dir='ltr'><strong>Videte</strong></span> <span class='ocrx_word' id='word_1_482' title='bbox 3052 2507 3122 2545; x_wconf 91' lang='lat' dir='ltr'><strong>ne</strong></span> <span class='ocrx_word' id='word_1_483' title='bbox 3173 2491 3312 2545; x_wconf 88' lang='lat' dir='ltr'><strong>forte</strong></span> <span class='ocrx_word' id='word_1_484' title='bbox 3349 2501 3469 2546; x_wconf 88' lang='lat' dir='ltr'><strong>tan—</strong></span> 
     </span>
    </p>
   </div>
   <div class='ocr_carea' id='block_1_69' title="bbox 1881 2582 3474 2659">
    <p class='ocr_par' dir='ltr' id='par_1_69' title="bbox 1881 2582 3474 2659">
     <span class='ocr_line' id='line_1_69' title="bbox 1881 2582 3474 2659; baseline -0.006 -16"><span class='ocrx_word' id='word_1_485' title='bbox 1881 2604 2047 2659; x_wconf 85' lang='lat' dir='ltr'><strong>quam</strong></span> <span class='ocrx_word' id='word_1_486' title='bbox 2102 2586 2300 2657; x_wconf 90' lang='lat' dir='ltr'><strong>spurii,</strong></span> <span class='ocrx_word' id='word_1_487' title='bbox 2332 2596 2442 2639; x_wconf 88' lang='lat' dir='ltr'><strong>non</strong></span> <span class='ocrx_word' id='word_1_488' title='bbox 2492 2594 2753 2654; x_wconf 86' lang='lat' dir='ltr'><strong>tanquam</strong></span> <span class='ocrx_word' id='word_1_489' title='bbox 2809 2582 2908 2636; x_wconf 81' lang='lat' dir='ltr'><strong>filii</strong></span> <span class='ocrx_word' id='word_1_490' title='bbox 2960 2582 3138 2636; x_wconf 88' lang='lat' dir='ltr'><strong>relicti</strong></span> <span class='ocrx_word' id='word_1_491' title='bbox 3193 2582 3332 2635; x_wconf 82' lang='lat' dir='ltr'><strong>sitis.</strong></span> <span class='ocrx_word' id='word_1_492' title='bbox 3380 2583 3474 2635; x_wconf 85' lang='lat' dir='ltr'><strong>Ait</strong></span> 
     </span>
    </p>
   </div>
   <div class='ocr_carea' id='block_1_70' title="bbox 1881 2674 3473 2746">
    <p class='ocr_par' dir='ltr' id='par_1_70' title="bbox 1881 2674 3473 2746">
     <span class='ocr_line' id='line_1_70' title="bbox 1881 2674 3473 2746; baseline -0.006 -11"><span class='ocrx_word' id='word_1_493' title='bbox 1881 2682 2029 2736; x_wconf 85' lang='lat' dir='ltr'><strong>enim</strong></span> <span class='ocrx_word' id='word_1_494' title='bbox 2071 2699 2083 2734; x_wconf 88' lang='lat'>:</span> <span class='ocrx_word' id='word_1_495' title='bbox 2116 2679 2173 2734; x_wconf 86' lang='lat' dir='ltr'><strong>Si</strong></span> <span class='ocrx_word' id='word_1_496' title='bbox 2203 2688 2352 2733; x_wconf 73' lang='lat' dir='ltr'><strong>extra</strong></span> <span class='ocrx_word' id='word_1_497' title='bbox 2383 2678 2723 2746; x_wconf 87' lang='lat' dir='ltr'><strong>disciplinam</strong></span> <span class='ocrx_word' id='word_1_498' title='bbox 2762 2677 2905 2739; x_wconf 84' lang='lat' dir='ltr'><strong>estis,</strong></span> <span class='ocrx_word' id='word_1_499' title='bbox 2951 2690 3072 2745; x_wconf 85' lang='lat' dir='ltr'><strong>ergo</strong></span> <span class='ocrx_word' id='word_1_500' title='bbox 3118 2674 3370 2739; x_wconf 84' lang='lat' dir='ltr'><strong>adulteri,</strong></span> <span class='ocrx_word' id='word_1_501' title='bbox 3421 2681 3473 2728; x_wconf 82' lang='lat' dir='ltr'><strong>et</strong></span> 
     </span>
    </p>
   </div>
   <div class='ocr_carea' id='block_1_71' title="bbox 1883 2768 2339 2838">
    <p class='ocr_par' dir='ltr' id='par_1_71' title="bbox 1883 2768 2339 2838">
     <span class='ocr_line' id='line_1_71' title="bbox 1883 2768 2339 2838; baseline -0.004 -13"><span class='ocrx_word' id='word_1_502' title='bbox 1883 2788 1985 2825; x_wconf 87' lang='lat' dir='ltr'><strong>non</strong></span> <span class='ocrx_word' id='word_1_503' title='bbox 2016 2770 2118 2838; x_wconf 80' lang='lat' dir='ltr'><strong>ﬁlii</strong></span> <span class='ocrx_word' id='word_1_504' title='bbox 2152 2772 2274 2824; x_wconf 87' lang='lat' dir='ltr'><strong>estis</strong></span> <span class='ocrx_word' id='word_1_505' title='bbox 2295 2768 2339 2823; x_wconf 79' lang='grc'><strong>⁸.</strong></span> 
     </span>
    </p>
   </div>
   <div class='ocr_carea' id='block_1_72' title="bbox 1958 2856 3469 2930">
    <p class='ocr_par' dir='ltr' id='par_1_72' title="bbox 1958 2856 3469 2930">
     <span class='ocr_line' id='line_1_72' title="bbox 1958 2856 3469 2930; baseline -0.005 -13"><span class='ocrx_word' id='word_1_506' title='bbox 1958 2864 2173 2927; x_wconf 76' lang='lat' dir='ltr'><strong>Videte,</strong></span> <span class='ocrx_word' id='word_1_507' title='bbox 2212 2862 2424 2925; x_wconf 88' lang='lat' dir='ltr'><strong>timete,</strong></span> <span class='ocrx_word' id='word_1_508' title='bbox 2457 2860 2617 2915; x_wconf 86' lang='lat' dir='ltr'><strong>vobis</strong></span> <span class='ocrx_word' id='word_1_509' title='bbox 2648 2859 2752 2930; x_wconf 84' lang='lat' dir='ltr'><strong>ipsi</strong></span> <span class='ocrx_word' id='word_1_510' title='bbox 2800 2867 3013 2924; x_wconf 86' lang='lat' dir='ltr'><strong>cavete,</strong></span> <span class='ocrx_word' id='word_1_511' title='bbox 3077 2874 3147 2913; x_wconf 88' lang='lat' dir='ltr'><strong>ne</strong></span> <span class='ocrx_word' id='word_1_512' title='bbox 3186 2857 3324 2911; x_wconf 87' lang='lat' dir='ltr'><strong>forte</strong></span> <span class='ocrx_word' id='word_1_513' title='bbox 3355 2856 3469 2921; x_wconf 91' lang='lat' dir='ltr'><strong>hic,</strong></span> 
     </span>
    </p>
   </div>
   <div class='ocr_carea' id='block_1_73' title="bbox 1880 2948 3475 3019">
    <p class='ocr_par' dir='ltr' id='par_1_73' title="bbox 1880 2948 3475 3019">
     <span class='ocr_line' id='line_1_73' title="bbox 1880 2948 3475 3019; baseline -0.006 -7"><span class='ocrx_word' id='word_1_514' title='bbox 1880 2957 2034 3012; x_wconf 89' lang='lat' dir='ltr'><strong>velut</strong></span> <span class='ocrx_word' id='word_1_515' title='bbox 2069 2957 2161 3011; x_wconf 92' lang='lat' dir='ltr'><strong>ille</strong></span> <span class='ocrx_word' id='word_1_516' title='bbox 2194 2954 2386 3010; x_wconf 86' lang='lat' dir='ltr'><strong>Lazari</strong></span> <span class='ocrx_word' id='word_1_517' title='bbox 2418 2953 2576 3009; x_wconf 86' lang='lat' dir='ltr'><strong>dives</strong></span> <span class='ocrx_word' id='word_1_518' title='bbox 2603 2954 2647 3019; x_wconf 84' lang='lat'><strong>&#39;,</strong></span> <span class='ocrx_word' id='word_1_519' title='bbox 2682 2952 2737 3007; x_wconf 91' lang='lat' dir='ltr'><strong>in</strong></span> <span class='ocrx_word' id='word_1_520' title='bbox 2771 2951 2988 3007; x_wconf 86' lang='lat' dir='ltr'><strong>deliciis</strong></span> <span class='ocrx_word' id='word_1_521' title='bbox 3021 2966 3085 3005; x_wconf 88' lang='lat' dir='ltr'><strong>ac</strong></span> <span class='ocrx_word' id='word_1_522' title='bbox 3142 2948 3475 3004; x_wconf 81' lang='lat' dir='ltr'><strong>remissione</strong></span> 
     </span>
    </p>
   </div>
   <div class='ocr_carea' id='block_1_74' title="bbox 1881 3040 3472 3117">
    <p class='ocr_par' dir='ltr' id='par_1_74' title="bbox 1881 3040 3472 3117">
     <span class='ocr_line' id='line_1_74' title="bbox 1881 3040 3472 3117; baseline -0.006 -14"><span class='ocrx_word' id='word_1_523' title='bbox 1881 3049 2052 3104; x_wconf 88' lang='lat' dir='ltr'><strong>vitam</strong></span> <span class='ocrx_word' id='word_1_524' title='bbox 2085 3044 2335 3117; x_wconf 75' lang='lat' dir='ltr'><strong>agentes,</strong></span> <span class='ocrx_word' id='word_1_525' title='bbox 2400 3062 2463 3099; x_wconf 91' lang='lat' dir='ltr'><strong>ac</strong></span> <span class='ocrx_word' id='word_1_526' title='bbox 2496 3060 2621 3099; x_wconf 87' lang='lat' dir='ltr'><strong>cum</strong></span> <span class='ocrx_word' id='word_1_527' title='bbox 2659 3044 2798 3098; x_wconf 85' lang='lat' dir='ltr'><strong>nihil</strong></span> <span class='ocrx_word' id='word_1_528' title='bbox 2856 3043 3154 3097; x_wconf 88' lang='lat' dir='ltr'><strong>molestum</strong></span> <span class='ocrx_word' id='word_1_529' title='bbox 3208 3040 3472 3113; x_wconf 82' lang='lat' dir='ltr'><strong>tuleritis,</strong></span> 
     </span>
    </p>
   </div>
   <div class='ocr_carea' id='block_1_75' title="bbox 1883 3131 3471 3209">
    <p class='ocr_par' dir='ltr' id='par_1_75' title="bbox 1883 3131 3471 3209">
     <span class='ocr_line' id='line_1_75' title="bbox 1883 3131 3471 3209; baseline -0.005 -12"><span class='ocrx_word' id='word_1_530' title='bbox 1883 3154 2088 3197; x_wconf 65' lang='lat' dir='ltr'><strong>mterna</strong></span> <span class='ocrx_word' id='word_1_531' title='bbox 2119 3140 2231 3194; x_wconf 91' lang='lat' dir='ltr'><strong>illic</strong></span> <span class='ocrx_word' id='word_1_532' title='bbox 2254 3138 2524 3209; x_wconf 83' lang='lat' dir='ltr'><strong>supplicia</strong></span> <span class='ocrx_word' id='word_1_533' title='bbox 2555 3136 2855 3207; x_wconf 86' lang='lat' dir='ltr'><strong>recipiatis.</strong></span> <span class='ocrx_word' id='word_1_534' title='bbox 2881 3135 3097 3198; x_wconf 72' lang='lat' dir='ltr'><strong>Videte,</strong></span> <span class='ocrx_word' id='word_1_535' title='bbox 3130 3149 3199 3187; x_wconf 89' lang='lat' dir='ltr'><strong>ne</strong></span> <span class='ocrx_word' id='word_1_536' title='bbox 3220 3133 3361 3186; x_wconf 86' lang='lat' dir='ltr'><strong>forte</strong></span> <span class='ocrx_word' id='word_1_537' title='bbox 3381 3131 3471 3189; x_wconf 91' lang='lat' dir='ltr'><strong>hic</strong></span> 
     </span>
    </p>
   </div>
   <div class='ocr_carea' id='block_1_76' title="bbox 1885 3227 3474 3300">
    <p class='ocr_par' dir='ltr' id='par_1_76' title="bbox 1885 3227 3474 3300">
     <span class='ocr_line' id='line_1_76' title="bbox 1885 3227 3474 3300; baseline -0.006 -12"><span class='ocrx_word' id='word_1_538' title='bbox 1885 3234 2016 3288; x_wconf 87' lang='lat' dir='ltr'><strong>vino</strong></span> <span class='ocrx_word' id='word_1_539' title='bbox 2068 3233 2344 3300; x_wconf 84' lang='lat' dir='ltr'><strong>lantisque</strong></span> <span class='ocrx_word' id='word_1_540' title='bbox 2376 3230 2616 3299; x_wconf 87' lang='lat' dir='ltr'><strong>dapibus</strong></span> <span class='ocrx_word' id='word_1_541' title='bbox 2666 3229 3033 3289; x_wconf 76' lang='lat' dir='ltr'><strong>luxuriantes,</strong></span> <span class='ocrx_word' id='word_1_542' title='bbox 3100 3227 3213 3281; x_wconf 88' lang='lat' dir='ltr'><strong>illic</strong></span> <span class='ocrx_word' id='word_1_543' title='bbox 3265 3234 3474 3297; x_wconf 75' lang='lat' dir='ltr'><strong>guttam</strong></span> 
     </span>
    </p>
   </div>
   <div class='ocr_carea' id='block_1_77' title="bbox 1883 3318 3477 3397">
    <p class='ocr_par' dir='ltr' id='par_1_77' title="bbox 1883 3318 3477 3397">
     <span class='ocr_line' id='line_1_77' title="bbox 1883 3318 3477 3397; baseline -0.005 -16"><span class='ocrx_word' id='word_1_544' title='bbox 1883 3341 2040 3397; x_wconf 68' lang='lat' dir='ltr'><strong>aquae</strong></span> <span class='ocrx_word' id='word_1_545' title='bbox 2069 3322 2419 3379; x_wconf 87' lang='lat' dir='ltr'><strong>desideretis.</strong></span> <span class='ocrx_word' id='word_1_546' title='bbox 2489 3321 2794 3392; x_wconf 80' lang='lat' dir='ltr'><strong>Diligenter</strong></span> <span class='ocrx_word' id='word_1_547' title='bbox 2860 3320 3151 3384; x_wconf 73' lang='lat' dir='ltr'><strong>attendite,</strong></span> <span class='ocrx_word' id='word_1_548' title='bbox 3184 3318 3477 3389; x_wconf 86' lang='lat' dir='ltr'><strong>nequando</strong></span> 
     </span>
    </p>
   </div>
   <div class='ocr_carea' id='block_1_78' title="bbox 1887 3412 3480 3479">
    <p class='ocr_par' dir='ltr' id='par_1_78' title="bbox 1887 3412 3480 3479">
     <span class='ocr_line' id='line_1_78' title="bbox 1887 3412 3480 3479; baseline -0.006 -5"><span class='ocrx_word' id='word_1_549' title='bbox 1887 3420 1978 3474; x_wconf 91' lang='lat' dir='ltr'><strong>hic</strong></span> <span class='ocrx_word' id='word_1_550' title='bbox 2009 3416 2278 3473; x_wconf 88' lang='lat' dir='ltr'><strong>servitute</strong></span> <span class='ocrx_word' id='word_1_551' title='bbox 2310 3415 2554 3479; x_wconf 87' lang='lat' dir='ltr'><strong>liberati,</strong></span> <span class='ocrx_word' id='word_1_552' title='bbox 2607 3414 2720 3468; x_wconf 88' lang='lat' dir='ltr'><strong>illic</strong></span> <span class='ocrx_word' id='word_1_553' title='bbox 2765 3429 2795 3467; x_wconf 90' lang='lat' dir='ltr'><strong>a</strong></span> <span class='ocrx_word' id='word_1_554' title='bbox 2832 3413 2927 3467; x_wconf 78' lang='lat' dir='ltr'><strong>Dei</strong></span> <span class='ocrx_word' id='word_1_555' title='bbox 2977 3412 3186 3467; x_wconf 85' lang='lat' dir='ltr'><strong>visione</strong></span> <span class='ocrx_word' id='word_1_556' title='bbox 3229 3422 3480 3465; x_wconf 79' lang='lat' dir='ltr'><strong>extorres</strong></span> 
     </span>
    </p>
   </div>
   <div class='ocr_carea' id='block_1_79' title="bbox 1886 3501 3477 3574">
    <p class='ocr_par' dir='ltr' id='par_1_79' title="bbox 1886 3501 3477 3574">
     <span class='ocr_line' id='line_1_79' title="bbox 1886 3501 3477 3574; baseline -0.007 -8"><span class='ocrx_word' id='word_1_557' title='bbox 1886 3512 2029 3568; x_wconf 82' lang='lat' dir='ltr'><strong>sitis.</strong></span> <span class='ocrx_word' id='word_1_558' title='bbox 2053 3510 2256 3573; x_wconf 86' lang='lat' dir='ltr'><strong>Nolite,</strong></span> <span class='ocrx_word' id='word_1_559' title='bbox 2281 3507 2503 3571; x_wconf 83' lang='lat' dir='ltr'><strong>fratres,</strong></span> <span class='ocrx_word' id='word_1_560' title='bbox 2559 3506 2729 3559; x_wconf 87' lang='lat' dir='ltr'><strong>altum</strong></span> <span class='ocrx_word' id='word_1_561' title='bbox 2768 3516 2999 3574; x_wconf 87' lang='lat' dir='ltr'><strong>sapere;</strong></span> <span class='ocrx_word' id='word_1_562' title='bbox 3065 3519 3175 3558; x_wconf 92' lang='lat' dir='ltr'><strong>non</strong></span> <span class='ocrx_word' id='word_1_563' title='bbox 3212 3501 3358 3557; x_wconf 83' lang='lat' dir='ltr'><strong>enim</strong></span> <span class='ocrx_word' id='word_1_564' title='bbox 3378 3516 3477 3556; x_wconf 81' lang='lat' dir='ltr'><strong>vos</strong></span> 
     </span>
    </p>
   </div>
   <div class='ocr_carea' id='block_1_80' title="bbox 1885 3594 3480 3669">
    <p class='ocr_par' dir='ltr' id='par_1_80' title="bbox 1885 3594 3480 3669">
     <span class='ocr_line' id='line_1_80' title="bbox 1885 3594 3480 3669; baseline -0.006 -12"><span class='ocrx_word' id='word_1_565' title='bbox 1885 3602 2155 3658; x_wconf 89' lang='lat' dir='ltr'><strong>Dominus</strong></span> <span class='ocrx_word' id='word_1_566' title='bbox 2192 3611 2449 3667; x_wconf 88' lang='lat' dir='ltr'><strong>tanquam</strong></span> <span class='ocrx_word' id='word_1_567' title='bbox 2461 3599 2643 3669; x_wconf 85' lang='lat' dir='ltr'><strong>justos</strong></span> <span class='ocrx_word' id='word_1_568' title='bbox 2664 3595 2942 3659; x_wconf 83' lang='lat' dir='ltr'><strong>liberavit,</strong></span> <span class='ocrx_word' id='word_1_569' title='bbox 2973 3594 3069 3649; x_wconf 88' lang='lat' dir='ltr'><strong>sed</strong></span> <span class='ocrx_word' id='word_1_570' title='bbox 3098 3594 3249 3648; x_wconf 86' lang='lat' dir='ltr'><strong>velut</strong></span> <span class='ocrx_word' id='word_1_571' title='bbox 3281 3607 3480 3662; x_wconf 78' lang='lat' dir='ltr'><strong>segnes</strong></span> 
     </span>
    </p>
   </div>
   <div class='ocr_carea' id='block_1_81' title="bbox 1884 3685 3475 3765">
    <p class='ocr_par' dir='ltr' id='par_1_81' title="bbox 1884 3685 3475 3765">
     <span class='ocr_line' id='line_1_81' title="bbox 1884 3685 3475 3765; baseline -0.009 -15"><span class='ocrx_word' id='word_1_572' title='bbox 1884 3709 1949 3750; x_wconf 88' lang='lat' dir='ltr'><strong>ac</strong></span> <span class='ocrx_word' id='word_1_573' title='bbox 1982 3692 2271 3765; x_wconf 79' lang='lat' dir='ltr'><strong>reprobus,</strong></span> <span class='ocrx_word' id='word_1_574' title='bbox 2308 3689 2625 3745; x_wconf 88' lang='lat' dir='ltr'><strong>concedens</strong></span> <span class='ocrx_word' id='word_1_575' title='bbox 2688 3695 2909 3755; x_wconf 87' lang='lat' dir='ltr'><strong>tempus</strong></span> <span class='ocrx_word' id='word_1_576' title='bbox 2967 3694 3029 3740; x_wconf 92' lang='lat' dir='ltr'><strong>ut</strong></span> <span class='ocrx_word' id='word_1_577' title='bbox 3087 3685 3475 3755; x_wconf 67' lang='lat' dir='ltr'><strong>paenitentiam</strong></span> 
     </span>
    </p>
   </div>
   <div class='ocr_carea' id='block_1_82' title="bbox 1886 3774 3477 3857">
    <p class='ocr_par' dir='ltr' id='par_1_82' title="bbox 1886 3774 3477 3857">
     <span class='ocr_line' id='line_1_82' title="bbox 1886 3774 3477 3857; baseline -0.009 -17"><span class='ocrx_word' id='word_1_578' title='bbox 1886 3785 2079 3857; x_wconf 80' lang='lat' dir='ltr'><strong>agatis.</strong></span> <span class='ocrx_word' id='word_1_579' title='bbox 2108 3784 2313 3839; x_wconf 78' lang='lat' dir='ltr'><strong>Verum</strong></span> <span class='ocrx_word' id='word_1_580' title='bbox 2347 3781 2476 3851; x_wconf 87' lang='lat' dir='ltr'><strong>quia</strong></span> <span class='ocrx_word' id='word_1_581' title='bbox 2509 3779 2720 3834; x_wconf 87' lang='lat' dir='ltr'><strong>incerta</strong></span> <span class='ocrx_word' id='word_1_582' title='bbox 2775 3777 2950 3832; x_wconf 91' lang='lat' dir='ltr'><strong>futuri</strong></span> <span class='ocrx_word' id='word_1_583' title='bbox 2988 3777 3106 3831; x_wconf 90' lang='lat' dir='ltr'><strong>alea</strong></span> <span class='ocrx_word' id='word_1_584' title='bbox 3155 3783 3259 3840; x_wconf 88' lang='lat' dir='ltr'><strong>est,</strong></span> <span class='ocrx_word' id='word_1_585' title='bbox 3288 3774 3477 3828; x_wconf 50' lang='lat' dir='ltr'><strong>‘hodie</strong></span> 
     </span>
    </p>
   </div>
   <div class='ocr_carea' id='block_1_83' title="bbox 1886 3864 3474 3943">
    <p class='ocr_par' dir='ltr' id='par_1_83' title="bbox 1886 3864 3474 3943">
     <span class='ocr_line' id='line_1_83' title="bbox 1886 3864 3474 3943; baseline -0.008 -12"><span class='ocrx_word' id='word_1_586' title='bbox 1886 3891 2012 3932; x_wconf 89' lang='lat' dir='ltr'><strong>cum</strong></span> <span class='ocrx_word' id='word_1_587' title='bbox 2040 3876 2094 3929; x_wconf 88' lang='lat' dir='ltr'><strong>in</strong></span> <span class='ocrx_word' id='word_1_588' title='bbox 2109 3889 2207 3929; x_wconf 86' lang='lat' dir='ltr'><strong>vos</strong></span> <span class='ocrx_word' id='word_1_589' title='bbox 2230 3872 2507 3943; x_wconf 87' lang='lat' dir='ltr'><strong>patienter</strong></span> <span class='ocrx_word' id='word_1_590' title='bbox 2529 3879 2672 3941; x_wconf 81' lang='lat' dir='ltr'><strong>agat,</strong></span> <span class='ocrx_word' id='word_1_591' title='bbox 2704 3884 2805 3924; x_wconf 91' lang='lat' dir='ltr'><strong>vos</strong></span> <span class='ocrx_word' id='word_1_592' title='bbox 2832 3882 3055 3938; x_wconf 88' lang='lat' dir='ltr'><strong>quoque</strong></span> <span class='ocrx_word' id='word_1_593' title='bbox 3081 3867 3137 3921; x_wconf 90' lang='lat' dir='ltr'><strong>in</strong></span> <span class='ocrx_word' id='word_1_594' title='bbox 3168 3864 3474 3921; x_wconf 86' lang='lat' dir='ltr'><strong>crastinum</strong></span> 
     </span>
    </p>
   </div>
   <div class='ocr_carea' id='block_1_84' title="bbox 1888 3952 3475 4028">
    <p class='ocr_par' dir='ltr' id='par_1_84' title="bbox 1888 3952 3475 4028">
     <span class='ocr_line' id='line_1_84' title="bbox 1888 3952 3475 4028; baseline -0.008 -9"><span class='ocrx_word' id='word_1_595' title='bbox 1888 3963 2076 4019; x_wconf 84' lang='lat' dir='ltr'><strong>tradit.</strong></span> <span class='ocrx_word' id='word_1_596' title='bbox 2113 3961 2331 4016; x_wconf 90' lang='lat' dir='ltr'><strong>Etenim</strong></span> <span class='ocrx_word' id='word_1_597' title='bbox 2366 3958 2515 4012; x_wconf 87' lang='lat' dir='ltr'><strong>nulla</strong></span> <span class='ocrx_word' id='word_1_598' title='bbox 2552 3972 2783 4028; x_wconf 83' lang='lat' dir='ltr'><strong>prorsus</strong></span> <span class='ocrx_word' id='word_1_599' title='bbox 2800 3955 2961 4011; x_wconf 88' lang='lat' dir='ltr'><strong>venia</strong></span> <span class='ocrx_word' id='word_1_600' title='bbox 2992 3954 3144 4025; x_wconf 77' lang='lat' dir='ltr'><strong>digni</strong></span> <span class='ocrx_word' id='word_1_601' title='bbox 3168 3952 3338 4020; x_wconf 78' lang='lat' dir='ltr'><strong>estis;</strong></span> <span class='ocrx_word' id='word_1_602' title='bbox 3378 3952 3475 4022; x_wconf 91' lang='lat' dir='ltr'><strong>qui</strong></span> 
     </span>
    </p>
   </div>
   <div class='ocr_carea' id='block_1_85' title="bbox 1888 4043 3474 4117">
    <p class='ocr_par' dir='ltr' id='par_1_85' title="bbox 1888 4043 3474 4117">
     <span class='ocr_line' id='line_1_85' title="bbox 1888 4043 3474 4117; baseline -0.007 -8"><span class='ocrx_word' id='word_1_603' title='bbox 1888 4054 2131 4117; x_wconf 82' lang='lat' dir='ltr'><strong>scilicet,</strong></span> <span class='ocrx_word' id='word_1_604' title='bbox 2166 4067 2293 4107; x_wconf 90' lang='lat' dir='ltr'><strong>cum</strong></span> <span class='ocrx_word' id='word_1_605' title='bbox 2331 4051 2535 4105; x_wconf 85' lang='lat' dir='ltr'><strong>fratres</strong></span> <span class='ocrx_word' id='word_1_606' title='bbox 2563 4057 2779 4103; x_wconf 89' lang='lat' dir='ltr'><strong>vestros</strong></span> <span class='ocrx_word' id='word_1_607' title='bbox 2812 4048 2870 4101; x_wconf 92' lang='lat' dir='ltr'><strong>in</strong></span> <span class='ocrx_word' id='word_1_608' title='bbox 2903 4045 3199 4101; x_wconf 88' lang='lat' dir='ltr'><strong>tormentis</strong></span> <span class='ocrx_word' id='word_1_609' title='bbox 3215 4043 3474 4109; x_wconf 86' lang='lat' dir='ltr'><strong>videatis,</strong></span> 
     </span>
    </p>
   </div>
   <div class='ocr_carea' id='block_1_86' title="bbox 1887 4136 3481 4214">
    <p class='ocr_par' dir='ltr' id='par_1_86' title="bbox 1887 4136 3481 4214">
     <span class='ocr_line' id='line_1_86' title="bbox 1887 4136 3481 4214; baseline -0.008 -11"><span class='ocrx_word' id='word_1_610' title='bbox 1887 4145 2174 4203; x_wconf 88' lang='lat' dir='ltr'><strong>emendari</strong></span> <span class='ocrx_word' id='word_1_611' title='bbox 2207 4144 2312 4214; x_wconf 89' lang='lat' dir='ltr'><strong>ipsi</strong></span> <span class='ocrx_word' id='word_1_612' title='bbox 2348 4142 2578 4197; x_wconf 87' lang='lat' dir='ltr'><strong>minime</strong></span> <span class='ocrx_word' id='word_1_613' title='bbox 2603 4139 2901 4196; x_wconf 89' lang='lat' dir='ltr'><strong>studeatis.</strong></span> <span class='ocrx_word' id='word_1_614' title='bbox 2950 4138 3147 4194; x_wconf 84' lang='lat' dir='ltr'><strong>Nonne</strong></span> <span class='ocrx_word' id='word_1_615' title='bbox 3193 4136 3394 4192; x_wconf 83' lang='lat' dir='ltr'><strong>videtis</strong></span> <span class='ocrx_word' id='word_1_616' title='bbox 3417 4144 3481 4191; x_wconf 89' lang='lat' dir='ltr'><strong>ut</strong></span> 
     </span>
    </p>
   </div>
   <div class='ocr_carea' id='block_1_87' title="bbox 1890 4230 3475 4306">
    <p class='ocr_par' dir='ltr' id='par_1_87' title="bbox 1890 4230 3475 4306">
     <span class='ocr_line' id='line_1_87' title="bbox 1890 4230 3475 4306; baseline -0.009 -8"><span class='ocrx_word' id='word_1_617' title='bbox 1890 4242 1947 4297; x_wconf 91' lang='lat' dir='ltr'><strong>in</strong></span> <span class='ocrx_word' id='word_1_618' title='bbox 1983 4238 2381 4302; x_wconf 87' lang='lat' dir='ltr'><strong>tribunalibus,</strong></span> <span class='ocrx_word' id='word_1_619' title='bbox 2422 4242 2706 4306; x_wconf 68' lang='lat' dir='ltr'><strong>quaerente</strong></span> <span class='ocrx_word' id='word_1_620' title='bbox 2766 4242 3002 4304; x_wconf 66' lang='lat' dir='ltr'><strong>praetore</strong></span> <span class='ocrx_word' id='word_1_621' title='bbox 3032 4230 3201 4285; x_wconf 90' lang='lat' dir='ltr'><strong>unius</strong></span> <span class='ocrx_word' id='word_1_622' title='bbox 3231 4244 3475 4295; x_wconf 88' lang='lat' dir='ltr'><strong>causam,</strong></span> 
     </span>
    </p>
   </div>
   <div class='ocr_carea' id='block_1_88' title="bbox 1891 4322 3481 4406">
    <p class='ocr_par' dir='ltr' id='par_1_88' title="bbox 1891 4322 3481 4406">
     <span class='ocr_line' id='line_1_88' title="bbox 1891 4322 3481 4406; baseline -0.008 -17"><span class='ocrx_word' id='word_1_623' title='bbox 1891 4335 1987 4406; x_wconf 89' lang='lat' dir='ltr'><strong>qui</strong></span> <span class='ocrx_word' id='word_1_624' title='bbox 2012 4340 2196 4389; x_wconf 87' lang='lat' dir='ltr'><strong>astant</strong></span> <span class='ocrx_word' id='word_1_625' title='bbox 2224 4344 2442 4394; x_wconf 86' lang='lat' dir='ltr'><strong>omnes,</strong></span> <span class='ocrx_word' id='word_1_626' title='bbox 2466 4342 2531 4383; x_wconf 90' lang='lat' dir='ltr'><strong>ac</strong></span> <span class='ocrx_word' id='word_1_627' title='bbox 2561 4326 2656 4398; x_wconf 90' lang='lat' dir='ltr'><strong>qui</strong></span> <span class='ocrx_word' id='word_1_628' title='bbox 2700 4325 2916 4391; x_wconf 88' lang='lat' dir='ltr'><strong>vident,</strong></span> <span class='ocrx_word' id='word_1_629' title='bbox 2972 4324 3105 4394; x_wconf 91' lang='lat' dir='ltr'><strong>quin</strong></span> <span class='ocrx_word' id='word_1_630' title='bbox 3136 4332 3193 4379; x_wconf 89' lang='lat' dir='ltr'><strong>et</strong></span> <span class='ocrx_word' id='word_1_631' title='bbox 3217 4322 3359 4377; x_wconf 92' lang='lat' dir='ltr'><strong>forte</strong></span> <span class='ocrx_word' id='word_1_632' title='bbox 3380 4336 3481 4377; x_wconf 82' lang='lat' dir='ltr'><strong>au—</strong></span> 
     </span>
    </p>
   </div>
   <div class='ocr_carea' id='block_1_89' title="bbox 1892 4415 3481 4491">
    <p class='ocr_par' dir='ltr' id='par_1_89' title="bbox 1892 4415 3481 4491">
     <span class='ocr_line' id='line_1_89' title="bbox 1892 4415 3481 4491; baseline -0.009 -9"><span class='ocrx_word' id='word_1_633' title='bbox 1892 4428 2133 4491; x_wconf 89' lang='lat' dir='ltr'><strong>dientes,</strong></span> <span class='ocrx_word' id='word_1_634' title='bbox 2155 4426 2407 4487; x_wconf 87' lang='lat' dir='ltr'><strong>timeant,</strong></span> <span class='ocrx_word' id='word_1_635' title='bbox 2441 4438 2505 4477; x_wconf 89' lang='lat' dir='ltr'><strong>ac</strong></span> <span class='ocrx_word' id='word_1_636' title='bbox 2540 4419 3003 4482; x_wconf 81' lang='lat' dir='ltr'><strong>contremiscam,</strong></span> <span class='ocrx_word' id='word_1_637' title='bbox 3055 4424 3224 4487; x_wconf 88' lang='lat' dir='ltr'><strong>atque</strong></span> <span class='ocrx_word' id='word_1_638' title='bbox 3248 4431 3276 4470; x_wconf 91' lang='lat' dir='ltr'><strong>a</strong></span> <span class='ocrx_word' id='word_1_639' title='bbox 3319 4415 3481 4469; x_wconf 88' lang='lat' dir='ltr'><strong>malis</strong></span> 
     </span>
    </p>
   </div>
   <div class='ocr_carea' id='block_1_90' title="bbox 1892 4509 3482 4582">
    <p class='ocr_par' dir='ltr' id='par_1_90' title="bbox 1892 4509 3482 4582">
     <span class='ocr_line' id='line_1_90' title="bbox 1892 4509 3482 4582; baseline -0.009 -7"><span class='ocrx_word' id='word_1_640' title='bbox 1892 4516 2248 4574; x_wconf 87' lang='lat' dir='ltr'><strong>abstineant?</strong></span> <span class='ocrx_word' id='word_1_641' title='bbox 2269 4515 2350 4569; x_wconf 83' lang='lat' dir='ltr'><strong>Ne</strong></span> <span class='ocrx_word' id='word_1_642' title='bbox 2380 4514 2583 4568; x_wconf 89' lang='lat' dir='ltr'><strong>mirum</strong></span> <span class='ocrx_word' id='word_1_643' title='bbox 2613 4512 2892 4578; x_wconf 85' lang='lat' dir='ltr'><strong>videatur,</strong></span> <span class='ocrx_word' id='word_1_644' title='bbox 2929 4509 3077 4582; x_wconf 91' lang='lat' dir='ltr'><strong>quod</strong></span> <span class='ocrx_word' id='word_1_645' title='bbox 3102 4524 3132 4564; x_wconf 89' lang='lat' dir='ltr'><strong>e</strong></span> <span class='ocrx_word' id='word_1_646' title='bbox 3164 4516 3482 4563; x_wconf 86' lang='lat' dir='ltr'><strong>sanctorum</strong></span> 
     </span>
    </p>
   </div>
   <div class='ocr_carea' id='block_1_91' title="bbox 205 4589 1782 4677">
    <p class='ocr_par' dir='ltr' id='par_1_91' title="bbox 205 4589 1782 4667">
     <span class='ocr_line' id='line_1_91' title="bbox 205 4589 1782 4667; baseline 0.001 -21"><span class='ocrx_word' id='word_1_647' title='bbox 205 4589 302 4659; x_wconf 79' lang='grc' dir='ltr'><strong>πέρ</strong></span> <span class='ocrx_word' id='word_1_648' title='bbox 320 4609 464 4659; x_wconf 86' lang='grc' dir='ltr'><strong>τινες</strong></span> <span class='ocrx_word' id='word_1_649' title='bbox 503 4596 641 4650; x_wconf 80' lang='grc' dir='ltr'><strong>ὅσιοι</strong></span> <span class='ocrx_word' id='word_1_650' title='bbox 693 4595 1232 4667; x_wconf 76' lang='grc' dir='ltr'><strong>ᾐχμαλωτίσθησαν·</strong></span> <span class='ocrx_word' id='word_1_651' title='bbox 1283 4594 1430 4658; x_wconf 82' lang='grc' dir='ltr'><strong>τινὲς</strong></span> <span class='ocrx_word' id='word_1_652' title='bbox 1481 4593 1540 4647; x_wconf 78' lang='grc' dir='ltr'><strong>δὲ</strong></span> <span class='ocrx_word' id='word_1_653' title='bbox 1597 4594 1782 4665; x_wconf 77' lang='grc' dir='ltr'><strong>ἄνομοι</strong></span> 
     </span>
    </p>
   </div>
   <div class='ocr_carea' id='block_1_92' title="bbox 1887 4589 3483 4677">
    <p class='ocr_par' dir='ltr' id='par_1_92' title="bbox 1895 4600 3483 4677">
     <span class='ocr_line' id='line_1_92' title="bbox 1895 4600 3483 4677; baseline -0.008 -12"><span class='ocrx_word' id='word_1_654' title='bbox 1895 4624 2133 4665; x_wconf 87' lang='lat' dir='ltr'><strong>numero</strong></span> <span class='ocrx_word' id='word_1_655' title='bbox 2157 4606 2383 4677; x_wconf 86' lang='lat' dir='ltr'><strong>quidam</strong></span> <span class='ocrx_word' id='word_1_656' title='bbox 2410 4605 2616 4677; x_wconf 88' lang='lat' dir='ltr'><strong>captivi</strong></span> <span class='ocrx_word' id='word_1_657' title='bbox 2650 4607 2757 4660; x_wconf 87' lang='lat' dir='ltr'><strong>acti</strong></span> <span class='ocrx_word' id='word_1_658' title='bbox 2783 4614 2934 4668; x_wconf 88' lang='lat' dir='ltr'><strong>sunt,</strong></span> <span class='ocrx_word' id='word_1_659' title='bbox 2986 4610 3150 4672; x_wconf 86' lang='lat' dir='ltr'><strong>atque</strong></span> <span class='ocrx_word' id='word_1_660' title='bbox 3178 4617 3245 4656; x_wconf 83' lang='lat' dir='ltr'><strong>ex</strong></span> <span class='ocrx_word' id='word_1_661' title='bbox 3273 4600 3483 4669; x_wconf 85' lang='lat' dir='ltr'><strong>impro-</strong></span> 
     </span>
    </p>
   </div>
   <div class='ocr_carea' id='block_1_93' title="bbox 206 4678 1783 4758">
    <p class='ocr_par' dir='ltr' id='par_1_93' title="bbox 206 4678 1783 4758">
     <span class='ocr_line' id='line_1_93' title="bbox 206 4678 1783 4758; baseline 0.007 -29"><span class='ocrx_word' id='word_1_662' title='bbox 206 4678 601 4758; x_wconf 73' lang='grc' dir='ltr'><strong>ἐλυτρώθησαν.</strong></span> <span class='ocrx_word' id='word_1_663' title='bbox 665 4685 1014 4757; x_wconf 72' lang='grc' dir='ltr'><strong>Ἀκούσωμεν</strong></span> <span class='ocrx_word' id='word_1_664' title='bbox 1068 4686 1161 4739; x_wconf 80' lang='grc' dir='ltr'><strong>τοῦ</strong></span> <span class='ocrx_word' id='word_1_665' title='bbox 1217 4686 1427 4754; x_wconf 82' lang='grc' dir='ltr'><strong>Κυρίου</strong></span> <span class='ocrx_word' id='word_1_666' title='bbox 1499 4686 1783 4755; x_wconf 82' lang='grc' dir='ltr'><strong>λέγοντος·</strong></span> 
     </span>
    </p>
   </div>
   <div class='ocr_carea' id='block_1_94' title="bbox 206 4772 1789 4849">
    <p class='ocr_par' dir='ltr' id='par_1_94' title="bbox 206 4772 1789 4849">
     <span class='ocr_line' id='line_1_94' title="bbox 206 4772 1789 4849; baseline 0.004 -23"><span class='ocrx_word' id='word_1_667' title='bbox 206 4772 296 4841; x_wconf 70' lang='grc' dir='ltr'><strong>Μὴ</strong></span> <span class='ocrx_word' id='word_1_668' title='bbox 318 4778 427 4848; x_wconf 78' lang='grc' dir='ltr'><strong>γὰρ</strong></span> <span class='ocrx_word' id='word_1_669' title='bbox 450 4773 537 4833; x_wconf 86' lang='grc' dir='ltr'><strong>ὧν</strong></span> <span class='ocrx_word' id='word_1_670' title='bbox 563 4779 631 4834; x_wconf 80' lang='grc' dir='ltr'><strong>τὸ</strong></span> <span class='ocrx_word' id='word_1_671' title='bbox 658 4774 799 4849; x_wconf 77' lang='grc' dir='ltr'><strong>αἷμα</strong></span> <span class='ocrx_word' id='word_1_672' title='bbox 817 4777 1062 4848; x_wconf 79' lang='grc' dir='ltr'><strong>ἐξέχεεν</strong></span> <span class='ocrx_word' id='word_1_673' title='bbox 1084 4777 1344 4844; x_wconf 76' lang='grc' dir='ltr'><strong>Πιλᾶτος</strong></span> <span class='ocrx_word' id='word_1_674' title='bbox 1363 4777 1516 4848; x_wconf 81' lang='grc' dir='ltr'><strong>μετὰ</strong></span> <span class='ocrx_word' id='word_1_675' title='bbox 1543 4778 1665 4832; x_wconf 83' lang='grc' dir='ltr'><strong>τῶν</strong></span> <span class='ocrx_word' id='word_1_676' title='bbox 1684 4784 1789 4835; x_wconf 80' lang='grc' dir='ltr'><strong>θυ-</strong></span> 
     </span>
    </p>
   </div>
   <div class='ocr_carea' id='block_1_95' title="bbox 207 4865 1790 4941">
    <p class='ocr_par' dir='ltr' id='par_1_95' title="bbox 207 4865 1790 4941">
     <span class='ocr_line' id='line_1_95' title="bbox 207 4865 1790 4941; baseline 0.006 -23"><span class='ocrx_word' id='word_1_677' title='bbox 207 4865 349 4924; x_wconf 83' lang='grc' dir='ltr'><strong>σιῶν</strong></span> <span class='ocrx_word' id='word_1_678' title='bbox 371 4872 845 4941; x_wconf 76' lang='grc' dir='ltr'><strong>ἁμαρτωλότεροι</strong></span> <span class='ocrx_word' id='word_1_679' title='bbox 871 4871 1119 4925; x_wconf 76' lang='grc' dir='ltr'><strong>πάντων</strong></span> <span class='ocrx_word' id='word_1_680' title='bbox 1138 4872 1512 4941; x_wconf 78' lang='grc' dir='ltr'><strong>ἐτύγχανον;</strong></span> <span class='ocrx_word' id='word_1_681' title='bbox 1537 4873 1610 4926; x_wconf 86' lang='grc' dir='ltr'><strong>οὺ</strong></span> <span class='ocrx_word' id='word_1_682' title='bbox 1632 4873 1790 4941; x_wconf 78' lang='grc' dir='ltr'><strong>λέγω</strong></span> 
     </span>
    </p>
   </div>
   <div class='ocr_carea' id='block_1_96' title="bbox 208 4954 1790 5035">
    <p class='ocr_par' dir='ltr' id='par_1_96' title="bbox 208 4954 1790 5035">
     <span class='ocr_line' id='line_1_96' title="bbox 208 4954 1790 5035; baseline 0.003 -24"><span class='ocrx_word' id='word_1_683' title='bbox 208 4954 360 5027; x_wconf 74' lang='grc' dir='ltr'><strong>ὑμῖν,</strong></span> <span class='ocrx_word' id='word_1_684' title='bbox 410 4961 501 5016; x_wconf 81' lang='grc' dir='ltr'><strong>ὅτι</strong></span> <span class='ocrx_word' id='word_1_685' title='bbox 545 4962 655 5018; x_wconf 80' lang='grc' dir='ltr'><strong>ἐὰν</strong></span> <span class='ocrx_word' id='word_1_686' title='bbox 698 4963 859 5035; x_wconf 69' lang='grc' dir='ltr'><strong>[ἀλλ’</strong></span> <span class='ocrx_word' id='word_1_687' title='bbox 910 4961 1039 5034; x_wconf 81' lang='grc' dir='ltr'><strong>ἐὰν]</strong></span> <span class='ocrx_word' id='word_1_688' title='bbox 1082 4962 1170 5032; x_wconf 81' lang='grc' dir='ltr'><strong>μὴ</strong></span> <span class='ocrx_word' id='word_1_689' title='bbox 1209 4962 1656 5032; x_wconf 79' lang='grc' dir='ltr'><strong>μετανοήσητε,</strong></span> <span class='ocrx_word' id='word_1_690' title='bbox 1689 4963 1790 5018; x_wconf 77' lang='grc' dir='ltr'><strong>καὶ</strong></span> 
     </span>
    </p>
   </div>
   <div class='ocr_carea' id='block_1_97' title="bbox 207 5045 1792 5121">
    <p class='ocr_par' dir='ltr' id='par_1_97' title="bbox 207 5045 1792 5121">
     <span class='ocr_line' id='line_1_97' title="bbox 207 5045 1792 5121; baseline 0.001 -13"><span class='ocrx_word' id='word_1_691' title='bbox 207 5045 367 5119; x_wconf 66' lang='grc' dir='ltr'><strong>ὑμεῖς</strong></span> <span class='ocrx_word' id='word_1_692' title='bbox 391 5053 676 5121; x_wconf 81' lang='grc' dir='ltr'><strong>ὡσαύτως</strong></span> <span class='ocrx_word' id='word_1_693' title='bbox 718 5054 1064 5110; x_wconf 75' lang='grc' dir='ltr'><strong>ἀπολεῖσθε.</strong></span> <span class='ocrx_word' id='word_1_694' title='bbox 1089 5056 1200 5110; x_wconf 72' lang='grc' dir='ltr'><strong>Καὶ</strong></span> <span class='ocrx_word' id='word_1_695' title='bbox 1227 5056 1405 5121; x_wconf 83' lang='grc' dir='ltr'><strong>πάλιν,</strong></span> <span class='ocrx_word' id='word_1_696' title='bbox 1432 5061 1496 5111; x_wconf 83' lang='grc' dir='ltr'><strong>οι</strong></span> <span class='ocrx_word' id='word_1_697' title='bbox 1518 5057 1666 5111; x_wconf 82' lang='grc' dir='ltr'><strong>δέκα</strong></span> <span class='ocrx_word' id='word_1_698' title='bbox 1690 5056 1792 5111; x_wconf 75' lang='grc' dir='ltr'><strong>καὶ</strong></span> 
     </span>
    </p>
   </div>
   <div class='ocr_carea' id='block_1_98' title="bbox 212 5136 1798 5221">
    <p class='ocr_par' dir='ltr' id='par_1_98' title="bbox 212 5136 1798 5221">
     <span class='ocr_line' id='line_1_98' title="bbox 212 5136 1798 5221; baseline 0.007 -27"><span class='ocrx_word' id='word_1_699' title='bbox 212 5136 351 5195; x_wconf 75' lang='grc' dir='ltr'><strong>ὀκτὼ</strong></span> <span class='ocrx_word' id='word_1_700' title='bbox 375 5145 466 5214; x_wconf 68' lang='grc' dir='ltr'><strong>ἐφ’</strong></span> <span class='ocrx_word' id='word_1_701' title='bbox 493 5141 583 5212; x_wconf 86' lang='grc' dir='ltr'><strong>οἷς</strong></span> <span class='ocrx_word' id='word_1_702' title='bbox 603 5147 828 5201; x_wconf 74' lang='grc' dir='ltr'><strong>ἔπεσεν</strong></span> <span class='ocrx_word' id='word_1_703' title='bbox 853 5150 885 5201; x_wconf 86' lang='grc' dir='ltr'><strong><em>ό</em></strong></span> <span class='ocrx_word' id='word_1_704' title='bbox 915 5149 1144 5218; x_wconf 76' lang='grc' dir='ltr'><strong>πύργος</strong></span> <span class='ocrx_word' id='word_1_705' title='bbox 1165 5150 1272 5204; x_wconf 86' lang='grc' dir='ltr'><strong>τοῦ</strong></span> <span class='ocrx_word' id='word_1_706' title='bbox 1312 5149 1577 5220; x_wconf 75' lang='grc' dir='ltr'><strong>Σιλωὴμ,</strong></span> <span class='ocrx_word' id='word_1_707' title='bbox 1606 5151 1798 5221; x_wconf 70' lang='grc' dir='ltr'><strong>ἁμαρο</strong></span> 
     </span>
    </p>
   </div>
   <div class='ocr_carea' id='block_1_99' title="bbox 212 5234 1801 5308">
    <p class='ocr_par' dir='ltr' id='par_1_99' title="bbox 212 5234 1801 5308">
     <span class='ocr_line' id='line_1_99' title="bbox 212 5234 1801 5308; baseline 0.009 -26"><span class='ocrx_word' id='word_1_708' title='bbox 212 5236 513 5304; x_wconf 65' lang='grc' dir='ltr'><strong>τωλότεροι</strong></span> <span class='ocrx_word' id='word_1_709' title='bbox 547 5234 710 5308; x_wconf 75' lang='grc' dir='ltr'><strong>ἦσαν</strong></span> <span class='ocrx_word' id='word_1_710' title='bbox 733 5241 897 5303; x_wconf 80' lang='grc' dir='ltr'><strong>παρὰ</strong></span> <span class='ocrx_word' id='word_1_711' title='bbox 916 5239 1149 5308; x_wconf 76' lang='grc' dir='ltr'><strong>πάντας</strong></span> <span class='ocrx_word' id='word_1_712' title='bbox 1178 5241 1320 5308; x_wconf 84' lang='grc' dir='ltr'><strong>τοὺς</strong></span> <span class='ocrx_word' id='word_1_713' title='bbox 1348 5245 1669 5308; x_wconf 81' lang='grc' dir='ltr'><strong>οἰκοῦντας</strong></span> <span class='ocrx_word' id='word_1_714' title='bbox 1705 5243 1801 5298; x_wconf 81' lang='grc' dir='ltr'><strong>Ἰε-</strong></span> 
     </span>
    </p>
   </div>
   <div class='ocr_carea' id='block_1_100' title="bbox 207 5328 1800 5410">
    <p class='ocr_par' dir='ltr' id='par_1_100' title="bbox 207 5328 1800 5410">
     <span class='ocr_line' id='line_1_100' title="bbox 207 5328 1800 5410; baseline 0.004 -26"><span class='ocrx_word' id='word_1_715' title='bbox 207 5328 554 5398; x_wconf 77' lang='grc' dir='ltr'><strong>Ρουσαλήμ;</strong></span> <span class='ocrx_word' id='word_1_716' title='bbox 601 5330 738 5399; x_wconf 77' lang='grc' dir='ltr'><strong>οὐχὶ</strong></span> <span class='ocrx_word' id='word_1_717' title='bbox 798 5331 957 5403; x_wconf 74' lang='grc' dir='ltr'><strong>λέγω</strong></span> <span class='ocrx_word' id='word_1_718' title='bbox 1000 5332 1163 5402; x_wconf 82' lang='grc' dir='ltr'><strong>ὑμῖν,</strong></span> <span class='ocrx_word' id='word_1_719' title='bbox 1196 5333 1286 5387; x_wconf 87' lang='grc' dir='ltr'><strong>ὅτι</strong></span> <span class='ocrx_word' id='word_1_720' title='bbox 1334 5336 1446 5390; x_wconf 78' lang='grc' dir='ltr'><strong>ἐὰν</strong></span> <span class='ocrx_word' id='word_1_721' title='bbox 1476 5334 1637 5408; x_wconf 66' lang='grc' dir='ltr'><strong>[ἀλλ’</strong></span> <span class='ocrx_word' id='word_1_722' title='bbox 1668 5335 1800 5410; x_wconf 80' lang='grc' dir='ltr'><strong>ἐὰν]</strong></span> 
     </span>
    </p>
   </div>
   <div class='ocr_carea' id='block_1_101' title="bbox 208 5410 1796 5493">
    <p class='ocr_par' dir='ltr' id='par_1_101' title="bbox 208 5410 1796 5493">
     <span class='ocr_line' id='line_1_101' title="bbox 208 5410 1796 5493; baseline 0.002 -18"><span class='ocrx_word' id='word_1_723' title='bbox 208 5410 285 5480; x_wconf 77' lang='grc' dir='ltr'><strong>μὴ</strong></span> <span class='ocrx_word' id='word_1_724' title='bbox 304 5419 739 5489; x_wconf 82' lang='grc' dir='ltr'><strong>μετανοήσητε,</strong></span> <span class='ocrx_word' id='word_1_725' title='bbox 763 5423 863 5476; x_wconf 73' lang='grc' dir='ltr'><strong>καὶ</strong></span> <span class='ocrx_word' id='word_1_726' title='bbox 906 5423 1077 5493; x_wconf 78' lang='grc' dir='ltr'><strong>ὑμεῖς</strong></span> <span class='ocrx_word' id='word_1_727' title='bbox 1119 5425 1403 5493; x_wconf 79' lang='grc' dir='ltr'><strong>ὡσαύτως</strong></span> <span class='ocrx_word' id='word_1_728' title='bbox 1446 5426 1796 5481; x_wconf 76' lang='grc' dir='ltr'><strong>ἀπολεῖσθε.</strong></span> 
     </span>
    </p>
   </div>
   <div class='ocr_carea' id='block_1_102' title="bbox 286 5507 1798 5591">
    <p class='ocr_par' dir='ltr' id='par_1_102' title="bbox 286 5507 1798 5591">
     <span class='ocr_line' id='line_1_102' title="bbox 286 5507 1798 5591; baseline 0.006 -27"><span class='ocrx_word' id='word_1_729' title='bbox 286 5507 597 5575; x_wconf 78' lang='grc' dir='ltr'><strong>Ἀκούσατε,</strong></span> <span class='ocrx_word' id='word_1_730' title='bbox 623 5515 719 5568; x_wconf 79' lang='grc' dir='ltr'><strong>καὶ</strong></span> <span class='ocrx_word' id='word_1_731' title='bbox 746 5515 1044 5587; x_wconf 80' lang='grc' dir='ltr'><strong>φοϐήθητε,</strong></span> <span class='ocrx_word' id='word_1_732' title='bbox 1075 5520 1173 5572; x_wconf 77' lang='grc' dir='ltr'><strong>καὶ</strong></span> <span class='ocrx_word' id='word_1_733' title='bbox 1201 5520 1278 5591; x_wconf 82' lang='grc' dir='ltr'><strong>μὴ</strong></span> <span class='ocrx_word' id='word_1_734' title='bbox 1335 5520 1493 5591; x_wconf 84' lang='grc' dir='ltr'><strong>ἡμῶν</strong></span> <span class='ocrx_word' id='word_1_735' title='bbox 1552 5520 1662 5574; x_wconf 79' lang='grc' dir='ltr'><strong>τῶν</strong></span> <span class='ocrx_word' id='word_1_736' title='bbox 1709 5520 1798 5573; x_wconf 78' lang='grc' dir='ltr'><strong>δε-</strong></span> 
     </span>
    </p>
   </div>
   <div class='ocr_carea' id='block_1_103' title="bbox 214 5598 1795 5683">
    <p class='ocr_par' dir='ltr' id='par_1_103' title="bbox 214 5598 1795 5683">
     <span class='ocr_line' id='line_1_103' title="bbox 214 5598 1795 5683; baseline 0.006 -30"><span class='ocrx_word' id='word_1_737' title='bbox 214 5598 375 5663; x_wconf 65' lang='grc' dir='ltr'><strong>εμίων</strong></span> <span class='ocrx_word' id='word_1_738' title='bbox 404 5603 867 5677; x_wconf 68' lang='grc' dir='ltr'><strong>δπιλάθησθε.Ἒν</strong></span> <span class='ocrx_word' id='word_1_739' title='bbox 885 5606 1046 5678; x_wconf 70' lang='grc' dir='ltr'><strong>σῶμα</strong></span> <span class='ocrx_word' id='word_1_740' title='bbox 1073 5612 1241 5680; x_wconf 77' lang='grc' dir='ltr'><strong>ἐσμεν</strong></span> <span class='ocrx_word' id='word_1_741' title='bbox 1269 5612 1568 5683; x_wconf 78' lang='grc' dir='ltr'><strong>ἀμφότεροι</strong></span> <span class='ocrx_word' id='word_1_742' title='bbox 1591 5629 1603 5642; x_wconf 90' lang='grc'><strong>·</strong></span> <span class='ocrx_word' id='word_1_743' title='bbox 1626 5612 1795 5665; x_wconf 76' lang='grc' dir='ltr'>ἁκού-</span> 
     </span>
    </p>
   </div>
   <div class='ocr_carea' id='block_1_104' title="bbox 219 5691 1791 5773">
    <p class='ocr_par' dir='ltr' id='par_1_104' title="bbox 219 5691 1791 5773">
     <span class='ocr_line' id='line_1_104' title="bbox 219 5691 1791 5773; baseline 0.007 -26"><span class='ocrx_word' id='word_1_744' title='bbox 219 5698 382 5758; x_wconf 79' lang='grc' dir='ltr'><strong>σωμεν</strong></span> <span class='ocrx_word' id='word_1_745' title='bbox 414 5694 508 5749; x_wconf 84' lang='grc' dir='ltr'><strong>τοῦ</strong></span> <span class='ocrx_word' id='word_1_746' title='bbox 545 5696 870 5752; x_wconf 80' lang='grc' dir='ltr'><strong>Ἀποστόλου</strong></span> <span class='ocrx_word' id='word_1_747' title='bbox 898 5700 1146 5769; x_wconf 69' lang='grc' dir='ltr'><strong>λέγοντος</strong></span> <span class='ocrx_word' id='word_1_748' title='bbox 1169 5719 1185 5735; x_wconf 73' lang='grc' dir='ltr'><strong>ο</strong></span> <span class='ocrx_word' id='word_1_749' title='bbox 1205 5700 1347 5758; x_wconf 83' lang='grc' dir='ltr'><strong>Ἐὰν</strong></span> <span class='ocrx_word' id='word_1_750' title='bbox 1376 5703 1446 5758; x_wconf 78' lang='grc' dir='ltr'><strong>ἐν</strong></span> <span class='ocrx_word' id='word_1_751' title='bbox 1464 5691 1653 5773; x_wconf 76' lang='grc' dir='ltr'><strong>μέλος</strong></span> <span class='ocrx_word' id='word_1_752' title='bbox 1675 5703 1791 5758; x_wconf 82' lang='grc' dir='ltr'><strong>πά-</strong></span> 
     </span>
    </p>
   </div>
   <div class='ocr_carea' id='block_1_105' title="bbox 282 5804 713 5872">
    <p class='ocr_par' dir='ltr' id='par_1_105' title="bbox 282 5804 713 5872">
     <span class='ocr_line' id='line_1_105' title="bbox 282 5804 713 5872; baseline 0.002 -8"><span class='ocrx_word' id='word_1_753' title='bbox 282 5804 297 5837; x_wconf 85' lang='grc'>¹</span> <span class='ocrx_word' id='word_1_754' title='bbox 333 5807 474 5865; x_wconf 75' lang='lat' dir='ltr'><strong>Psal.</strong></span> <span class='ocrx_word' id='word_1_755' title='bbox 504 5825 633 5872; x_wconf 78' lang='lat' dir='ltr'><strong>cxu,</strong></span> <span class='ocrx_word' id='word_1_756' title='bbox 657 5812 713 5867; x_wconf 73' lang='lat'><strong>2.</strong></span> 
     </span>
    </p>
   </div>
   <div class='ocr_carea' id='block_1_106' title="bbox 807 5813 2727 5883">
    <p class='ocr_par' dir='ltr' id='par_1_106' title="bbox 807 5813 2727 5883">
     <span class='ocr_line' id='line_1_106' title="bbox 807 5813 2727 5883; baseline 0.001 -13"><span class='ocrx_word' id='word_1_757' title='bbox 807 5814 827 5844; x_wconf 82' lang='grc'>¹</span> <span class='ocrx_word' id='word_1_758' title='bbox 851 5813 991 5873; x_wconf 82' lang='lat' dir='ltr'><strong>Psal.</strong></span> <span class='ocrx_word' id='word_1_759' title='bbox 1022 5830 1115 5881; x_wconf 85' lang='lat' dir='ltr'><strong>CII,</strong></span> <span class='ocrx_word' id='word_1_760' title='bbox 1137 5816 1227 5872; x_wconf 80' lang='grc'><strong>10.</strong></span> <span class='ocrx_word' id='word_1_761' title='bbox 1302 5817 1325 5848; x_wconf 89' lang='grc'>³</span> <span class='ocrx_word' id='word_1_762' title='bbox 1363 5817 1507 5873; x_wconf 86' lang='lat' dir='ltr'><strong>Psal.</strong></span> <span class='ocrx_word' id='word_1_763' title='bbox 1538 5834 1682 5883; x_wconf 72' lang='grc' dir='ltr'><strong>οκιι,</strong></span> <span class='ocrx_word' id='word_1_764' title='bbox 1714 5818 1767 5873; x_wconf 79' lang='lat'><strong>5.</strong></span> <span class='ocrx_word' id='word_1_765' title='bbox 1847 5817 1868 5849; x_wconf 71' lang='grc'>⁸</span> <span class='ocrx_word' id='word_1_766' title='bbox 1901 5819 2045 5875; x_wconf 84' lang='lat' dir='ltr'><strong>Psal.</strong></span> <span class='ocrx_word' id='word_1_767' title='bbox 2082 5834 2299 5882; x_wconf 74' lang='lat' dir='ltr'><strong>cxxxvt,</strong></span> <span class='ocrx_word' id='word_1_768' title='bbox 2334 5817 2387 5871; x_wconf 70' lang='lat'><strong>5.</strong></span> <span class='ocrx_word' id='word_1_769' title='bbox 2463 5820 2484 5852; x_wconf 82' lang='grc'>³</span> <span class='ocrx_word' id='word_1_770' title='bbox 2515 5818 2648 5873; x_wconf 89' lang='lat' dir='ltr'><strong>ibid.</strong></span> <span class='ocrx_word' id='word_1_771' title='bbox 2678 5818 2727 5872; x_wconf 82' lang='lat' dir='ltr'><strong>l.</strong></span> 
     </span>
    </p>
   </div>
   <div class='ocr_carea' id='block_1_107' title="bbox 1888 4690 3482 4769">
    <p class='ocr_par' dir='ltr' id='par_1_107' title="bbox 1888 4690 3482 4769">
     <span class='ocr_line' id='line_1_107' title="bbox 1888 4690 3482 4769; baseline -0.007 -15"><span class='ocrx_word' id='word_1_772' title='bbox 1888 4700 1974 4755; x_wconf 89' lang='lat' dir='ltr'><strong>bis</strong></span> <span class='ocrx_word' id='word_1_773' title='bbox 1992 4699 2218 4769; x_wconf 88' lang='lat' dir='ltr'><strong>quidam</strong></span> <span class='ocrx_word' id='word_1_774' title='bbox 2269 4698 2566 4768; x_wconf 90' lang='lat' dir='ltr'><strong>redempti.</strong></span> <span class='ocrx_word' id='word_1_775' title='bbox 2613 4694 2924 4751; x_wconf 89' lang='lat' dir='ltr'><strong>Audiamus</strong></span> <span class='ocrx_word' id='word_1_776' title='bbox 2956 4693 3254 4747; x_wconf 87' lang='lat' dir='ltr'><strong>Dominum</strong></span> <span class='ocrx_word' id='word_1_777' title='bbox 3289 4690 3482 4745; x_wconf 90' lang='lat' dir='ltr'><strong>dicen-</strong></span> 
     </span>
    </p>
   </div>
   <div class='ocr_carea' id='block_1_108' title="bbox 1892 4781 3480 4861">
    <p class='ocr_par' dir='ltr' id='par_1_108' title="bbox 1892 4781 3480 4861">
     <span class='ocr_line' id='line_1_108' title="bbox 1892 4781 3480 4861; baseline -0.007 -15"><span class='ocrx_word' id='word_1_778' title='bbox 1892 4800 2042 4847; x_wconf 87' lang='lat' dir='ltr'><strong>tem:</strong></span> <span class='ocrx_word' id='word_1_779' title='bbox 2076 4790 2290 4845; x_wconf 82' lang='lat' dir='ltr'><strong>Putatis</strong></span> <span class='ocrx_word' id='word_1_780' title='bbox 2334 4790 2476 4861; x_wconf 85' lang='lat' dir='ltr'><strong>quod</strong></span> <span class='ocrx_word' id='word_1_781' title='bbox 2503 4791 2605 4851; x_wconf 76' lang='lat' dir='ltr'><strong>Itis,</strong></span> <span class='ocrx_word' id='word_1_782' title='bbox 2642 4804 2867 4857; x_wconf 86' lang='lat' dir='ltr'><strong>quorum</strong></span> <span class='ocrx_word' id='word_1_783' title='bbox 2906 4786 3221 4854; x_wconf 83' lang='lat' dir='ltr'><strong>sanguinem</strong></span> <span class='ocrx_word' id='word_1_784' title='bbox 3269 4781 3480 4836; x_wconf 85' lang='lat' dir='ltr'><strong>Pilatus</strong></span> 
     </span>
    </p>
   </div>
   <div class='ocr_carea' id='block_1_109' title="bbox 1892 4872 3482 4950">
    <p class='ocr_par' dir='ltr' id='par_1_109' title="bbox 1892 4872 3482 4950">
     <span class='ocr_line' id='line_1_109' title="bbox 1892 4872 3482 4950; baseline -0.009 -11"><span class='ocrx_word' id='word_1_785' title='bbox 1892 4882 2107 4939; x_wconf 83' lang='lat' dir='ltr'><strong>miscuit</strong></span> <span class='ocrx_word' id='word_1_786' title='bbox 2130 4900 2251 4937; x_wconf 90' lang='lat' dir='ltr'><strong>cum</strong></span> <span class='ocrx_word' id='word_1_787' title='bbox 2282 4880 2585 4950; x_wconf 78' lang='lat' dir='ltr'><strong>sacriﬁciis,</strong></span> <span class='ocrx_word' id='word_1_788' title='bbox 2618 4894 2731 4949; x_wconf 81' lang='lat' dir='ltr'><strong>prce</strong></span> <span class='ocrx_word' id='word_1_789' title='bbox 2768 4876 3005 4930; x_wconf 86' lang='lat' dir='ltr'><strong>omnibus</strong></span> <span class='ocrx_word' id='word_1_790' title='bbox 3042 4882 3337 4945; x_wconf 87' lang='lat' dir='ltr'><strong>peccatores</strong></span> <span class='ocrx_word' id='word_1_791' title='bbox 3370 4872 3482 4942; x_wconf 79' lang='lat' dir='ltr'><strong>fue-</strong></span> 
     </span>
    </p>
   </div>
   <div class='ocr_carea' id='block_1_110' title="bbox 1892 4962 3479 5034">
    <p class='ocr_par' dir='ltr' id='par_1_110' title="bbox 1892 4962 3479 5034">
     <span class='ocr_line' id='line_1_110' title="bbox 1892 4962 3479 5034; baseline -0.009 -7"><span class='ocrx_word' id='word_1_792' title='bbox 1892 4981 2014 5027; x_wconf 88' lang='lat' dir='ltr'><strong>runt</strong></span> <span class='ocrx_word' id='word_1_793' title='bbox 2042 4973 2067 5026; x_wconf 82' lang='lat'><strong><em>?</em></strong></span> <span class='ocrx_word' id='word_1_794' title='bbox 2125 4971 2263 5034; x_wconf 89' lang='lat' dir='ltr'><strong>Non,</strong></span> <span class='ocrx_word' id='word_1_795' title='bbox 2291 4970 2406 5023; x_wconf 88' lang='lat' dir='ltr'><strong>dico</strong></span> <span class='ocrx_word' id='word_1_796' title='bbox 2429 4968 2571 5022; x_wconf 80' lang='lat' dir='ltr'><strong>vobis</strong></span> <span class='ocrx_word' id='word_1_797' title='bbox 2600 4982 2617 5019; x_wconf 91' lang='lat'><strong><em>:</em></strong></span> <span class='ocrx_word' id='word_1_798' title='bbox 2648 4965 2740 5019; x_wconf 88' lang='lat' dir='ltr'><strong>sed</strong></span> <span class='ocrx_word' id='word_1_799' title='bbox 2763 4966 2809 5018; x_wconf 85' lang='lat' dir='ltr'><strong>si</strong></span> <span class='ocrx_word' id='word_1_800' title='bbox 2835 4964 3203 5034; x_wconf 75' lang='lat' dir='ltr'><strong>pwnitentiam</strong></span> <span class='ocrx_word' id='word_1_801' title='bbox 3241 4977 3346 5015; x_wconf 87' lang='lat' dir='ltr'><strong>non</strong></span> <span class='ocrx_word' id='word_1_802' title='bbox 3375 4962 3479 5014; x_wconf 78' lang='lat' dir='ltr'><strong>Ita-</strong></span> 
     </span>
    </p>
   </div>
   <div class='ocr_carea' id='block_1_111' title="bbox 1894 5053 3475 5129">
    <p class='ocr_par' dir='ltr' id='par_1_111' title="bbox 1894 5053 3475 5129">
     <span class='ocr_line' id='line_1_111' title="bbox 1894 5053 3475 5129; baseline -0.008 -10"><span class='ocrx_word' id='word_1_803' title='bbox 1894 5064 2132 5127; x_wconf 87' lang='lat' dir='ltr'><strong>bueritis,</strong></span> <span class='ocrx_word' id='word_1_804' title='bbox 2155 5062 2400 5117; x_wconf 85' lang='lat' dir='ltr'><strong>similiter</strong></span> <span class='ocrx_word' id='word_1_805' title='bbox 2448 5069 2495 5113; x_wconf 88' lang='lat' dir='ltr'><strong>et</strong></span> <span class='ocrx_word' id='word_1_806' title='bbox 2551 5058 2652 5129; x_wconf 88' lang='lat' dir='ltr'><strong>ipsi</strong></span> <span class='ocrx_word' id='word_1_807' title='bbox 2711 5056 2944 5128; x_wconf 77' lang='lat' dir='ltr'><strong>peribitis</strong></span> <span class='ocrx_word' id='word_1_808' title='bbox 2982 5055 3048 5107; x_wconf 78' lang='lat'><strong>’°.</strong></span> <span class='ocrx_word' id='word_1_809' title='bbox 3123 5054 3191 5108; x_wconf 86' lang='lat' dir='ltr'><strong>Et</strong></span> <span class='ocrx_word' id='word_1_810' title='bbox 3227 5053 3475 5107; x_wconf 89' lang='lat' dir='ltr'><strong>iterum:</strong></span> 
     </span>
    </p>
   </div>
   <div class='ocr_carea' id='block_1_112' title="bbox 1894 5144 3477 5221">
    <p class='ocr_par' dir='ltr' id='par_1_112' title="bbox 1894 5144 3477 5221">
     <span class='ocr_line' id='line_1_112' title="bbox 1894 5144 3477 5221; baseline -0.008 -11"><span class='ocrx_word' id='word_1_811' title='bbox 1894 5155 1987 5211; x_wconf 86' lang='lat' dir='ltr'><strong>Illi</strong></span> <span class='ocrx_word' id='word_1_812' title='bbox 2002 5156 2176 5209; x_wconf 82' lang='lat' dir='ltr'><strong>decem</strong></span> <span class='ocrx_word' id='word_1_813' title='bbox 2207 5162 2255 5208; x_wconf 89' lang='lat' dir='ltr'><strong>et</strong></span> <span class='ocrx_word' id='word_1_814' title='bbox 2279 5161 2412 5217; x_wconf 87' lang='lat' dir='ltr'><strong>octo,</strong></span> <span class='ocrx_word' id='word_1_815' title='bbox 2445 5169 2609 5221; x_wconf 85' lang='lat' dir='ltr'><strong>supra</strong></span> <span class='ocrx_word' id='word_1_816' title='bbox 2640 5167 2768 5220; x_wconf 85' lang='lat' dir='ltr'><strong>quos</strong></span> <span class='ocrx_word' id='word_1_817' title='bbox 2802 5148 2984 5202; x_wconf 83' lang='lat' dir='ltr'><strong>cecidit</strong></span> <span class='ocrx_word' id='word_1_818' title='bbox 3016 5147 3177 5201; x_wconf 84' lang='lat' dir='ltr'><strong>turris</strong></span> <span class='ocrx_word' id='word_1_819' title='bbox 3208 5148 3263 5200; x_wconf 91' lang='lat' dir='ltr'><strong>in</strong></span> <span class='ocrx_word' id='word_1_820' title='bbox 3316 5144 3477 5212; x_wconf 89' lang='lat' dir='ltr'><strong>Siloe,</strong></span> 
     </span>
    </p>
   </div>
   <div class='ocr_carea' id='block_1_113' title="bbox 1896 5239 3483 5320">
    <p class='ocr_par' dir='ltr' id='par_1_113' title="bbox 1896 5239 3483 5320">
     <span class='ocr_line' id='line_1_113' title="bbox 1896 5239 3483 5320; baseline -0.008 -17"><span class='ocrx_word' id='word_1_821' title='bbox 1896 5250 2094 5320; x_wconf 85' lang='lat' dir='ltr'><strong>putatis</strong></span> <span class='ocrx_word' id='word_1_822' title='bbox 2133 5246 2273 5319; x_wconf 85' lang='lat' dir='ltr'><strong>quod</strong></span> <span class='ocrx_word' id='word_1_823' title='bbox 2296 5255 2594 5315; x_wconf 82' lang='lat' dir='ltr'><strong>peccatores</strong></span> <span class='ocrx_word' id='word_1_824' title='bbox 2630 5245 2826 5313; x_wconf 77' lang='lat' dir='ltr'><strong>fuerint</strong></span> <span class='ocrx_word' id='word_1_825' title='bbox 2853 5239 3483 5320; x_wconf 76' lang='lat' dir='ltr'><strong>prwomnibushabitan-</strong></span> 
     </span>
    </p>
   </div>
   <div class='ocr_carea' id='block_1_114' title="bbox 1898 5314 3483 5402">
    <p class='ocr_par' dir='ltr' id='par_1_114' title="bbox 1898 5330 3483 5402">
     <span class='ocr_line' id='line_1_114' title="bbox 1898 5330 3483 5402; baseline -0.008 -6"><span class='ocrx_word' id='word_1_826' title='bbox 1898 5342 2033 5396; x_wconf 89' lang='lat' dir='ltr'><strong>tibus</strong></span> <span class='ocrx_word' id='word_1_827' title='bbox 2063 5343 2117 5394; x_wconf 89' lang='lat' dir='ltr'><strong>in</strong></span> <span class='ocrx_word' id='word_1_828' title='bbox 2147 5337 2446 5394; x_wconf 61' lang='lat' dir='ltr'><strong>Jerusalem</strong></span> <span class='ocrx_word' id='word_1_829' title='bbox 2468 5338 2493 5390; x_wconf 85' lang='lat'><strong><em>?</em></strong></span> <span class='ocrx_word' id='word_1_830' title='bbox 2523 5335 2641 5391; x_wconf 83' lang='lat' dir='ltr'><strong>Non</strong></span> <span class='ocrx_word' id='word_1_831' title='bbox 2673 5338 2789 5390; x_wconf 88' lang='lat' dir='ltr'><strong>dico</strong></span> <span class='ocrx_word' id='word_1_832' title='bbox 2822 5337 2914 5389; x_wconf 85' lang='lat' dir='ltr'><strong>vob</strong></span> <span class='ocrx_word' id='word_1_833' title='bbox 2928 5337 3007 5398; x_wconf 86' lang='lat' dir='ltr'><strong>is;</strong></span> <span class='ocrx_word' id='word_1_834' title='bbox 3056 5333 3146 5387; x_wconf 88' lang='lat' dir='ltr'><strong>scd</strong></span> <span class='ocrx_word' id='word_1_835' title='bbox 3187 5333 3287 5386; x_wconf 87' lang='lat' dir='ltr'><strong>nisi</strong></span> <span class='ocrx_word' id='word_1_836' title='bbox 3315 5330 3483 5402; x_wconf 77' lang='lat' dir='ltr'><strong>pomi-</strong></span> 
     </span>
    </p>
   </div>
   <div class='ocr_carea' id='block_1_115' title="bbox 1900 5423 3207 5499">
    <p class='ocr_par' dir='ltr' id='par_1_115' title="bbox 1900 5423 3207 5499">
     <span class='ocr_line' id='line_1_115' title="bbox 1900 5423 3207 5499; baseline -0.004 -17"><span class='ocrx_word' id='word_1_837' title='bbox 1900 5430 2121 5483; x_wconf 81' lang='lat' dir='ltr'><strong>tentiam</strong></span> <span class='ocrx_word' id='word_1_838' title='bbox 2150 5428 2380 5499; x_wconf 82' lang='lat' dir='ltr'><strong>egeritis,</strong></span> <span class='ocrx_word' id='word_1_839' title='bbox 2409 5425 2629 5496; x_wconf 86' lang='lat' dir='ltr'><strong>perinde</strong></span> <span class='ocrx_word' id='word_1_840' title='bbox 2652 5436 2699 5480; x_wconf 90' lang='lat' dir='ltr'><strong>et</strong></span> <span class='ocrx_word' id='word_1_841' title='bbox 2730 5425 2831 5493; x_wconf 87' lang='lat' dir='ltr'><strong>ipsi</strong></span> <span class='ocrx_word' id='word_1_842' title='bbox 2876 5424 3109 5493; x_wconf 83' lang='lat' dir='ltr'><strong>peribitis</strong></span> <span class='ocrx_word' id='word_1_843' title='bbox 3140 5423 3207 5477; x_wconf 85' lang='grc'><strong>¹¹.</strong></span> 
     </span>
    </p>
   </div>
   <div class='ocr_carea' id='block_1_116' title="bbox 1968 5511 3565 5585">
    <p class='ocr_par' dir='ltr' id='par_1_116' title="bbox 1968 5511 3565 5585">
     <span class='ocr_line' id='line_1_116' title="bbox 1968 5511 3565 5585; baseline -0.008 -9"><span class='ocrx_word' id='word_1_844' title='bbox 1968 5520 2269 5584; x_wconf 79' lang='lat' dir='ltr'><strong>Auditc,et</strong></span> <span class='ocrx_word' id='word_1_845' title='bbox 2290 5519 2505 5585; x_wconf 88' lang='lat' dir='ltr'><strong>timete,</strong></span> <span class='ocrx_word' id='word_1_846' title='bbox 2561 5534 2665 5574; x_wconf 90' lang='lat' dir='ltr'><strong>nec</strong></span> <span class='ocrx_word' id='word_1_847' title='bbox 2692 5533 2795 5573; x_wconf 89' lang='lat' dir='ltr'><strong>nos</strong></span> <span class='ocrx_word' id='word_1_848' title='bbox 2824 5518 3041 5572; x_wconf 83' lang='lat' dir='ltr'><strong>vinctos</strong></span> <span class='ocrx_word' id='word_1_849' title='bbox 3064 5511 3330 5569; x_wconf 88' lang='lat' dir='ltr'><strong>oblivioni</strong></span> <span class='ocrx_word' id='word_1_850' title='bbox 3365 5519 3480 5565; x_wconf 83' lang='lat' dir='ltr'><strong>tra-</strong></span> <span class='ocrx_word' id='word_1_851' title='bbox 3540 5512 3565 5534; x_wconf 85' lang='lat'><strong><em>&#39;</em></strong></span> 
     </span>
    </p>
   </div>
   <div class='ocr_carea' id='block_1_117' title="bbox 1892 5603 3479 5681">
    <p class='ocr_par' dir='ltr' id='par_1_117' title="bbox 1892 5603 3479 5681">
     <span class='ocr_line' id='line_1_117' title="bbox 1892 5603 3479 5681; baseline -0.006 -14"><span class='ocrx_word' id='word_1_852' title='bbox 1892 5612 2027 5668; x_wconf 87' lang='lat' dir='ltr'><strong>dite.</strong></span> <span class='ocrx_word' id='word_1_853' title='bbox 2062 5612 2241 5670; x_wconf 90' lang='lat' dir='ltr'><strong>Unum</strong></span> <span class='ocrx_word' id='word_1_854' title='bbox 2274 5612 2497 5681; x_wconf 91' lang='lat' dir='ltr'><strong>utrique</strong></span> <span class='ocrx_word' id='word_1_855' title='bbox 2530 5626 2734 5681; x_wconf 88' lang='lat' dir='ltr'><strong>corpus</strong></span> <span class='ocrx_word' id='word_1_856' title='bbox 2763 5625 2974 5665; x_wconf 88' lang='lat' dir='ltr'><strong>sumus.</strong></span> <span class='ocrx_word' id='word_1_857' title='bbox 3001 5608 3304 5663; x_wconf 80' lang='lat' dir='ltr'><strong>Audiamus</strong></span> <span class='ocrx_word' id='word_1_858' title='bbox 3331 5603 3479 5674; x_wconf 83' lang='lat' dir='ltr'><strong>Apo-</strong></span> 
     </span>
    </p>
   </div>
   <div class='ocr_carea' id='block_1_118' title="bbox 1892 5701 3480 5777">
    <p class='ocr_par' dir='ltr' id='par_1_118' title="bbox 1892 5701 3480 5777">
     <span class='ocr_line' id='line_1_118' title="bbox 1892 5701 3480 5777; baseline -0.006 -17"><span class='ocrx_word' id='word_1_859' title='bbox 1892 5707 2097 5761; x_wconf 88' lang='lat' dir='ltr'><strong>stolum</strong></span> <span class='ocrx_word' id='word_1_860' title='bbox 2130 5704 2406 5761; x_wconf 88' lang='lat' dir='ltr'><strong>dicentem</strong></span> <span class='ocrx_word' id='word_1_861' title='bbox 2448 5722 2461 5759; x_wconf 89' lang='lat'><strong>:</strong></span> <span class='ocrx_word' id='word_1_862' title='bbox 2506 5704 2561 5761; x_wconf 90' lang='lat' dir='ltr'><strong>Si</strong></span> <span class='ocrx_word' id='word_1_863' title='bbox 2590 5706 2797 5777; x_wconf 86' lang='lat' dir='ltr'><strong>patitur</strong></span> <span class='ocrx_word' id='word_1_864' title='bbox 2825 5719 2991 5758; x_wconf 88' lang='lat' dir='ltr'><strong>unum</strong></span> <span class='ocrx_word' id='word_1_865' title='bbox 3022 5701 3336 5765; x_wconf 86' lang='lat' dir='ltr'><strong>membrum,</strong></span> <span class='ocrx_word' id='word_1_866' title='bbox 3366 5711 3480 5751; x_wconf 31' lang='lat' dir='ltr'><strong>oms</strong></span> 
     </span>
    </p>
   </div>
   <div class='ocr_carea' id='block_1_119' title="bbox 2806 5815 3480 5883">
    <p class='ocr_par' dir='ltr' id='par_1_119' title="bbox 2806 5815 3480 5883">
     <span class='ocr_line' id='line_1_119' title="bbox 2806 5815 3480 5883; baseline -0.003 -11"><span class='ocrx_word' id='word_1_867' title='bbox 2806 5818 2826 5849; x_wconf 75' lang='grc'>⁸</span> <span class='ocrx_word' id='word_1_868' title='bbox 2856 5817 2998 5872; x_wconf 85' lang='lat' dir='ltr'><strong>Psal.</strong></span> <span class='ocrx_word' id='word_1_869' title='bbox 3030 5831 3152 5883; x_wconf 76' lang='lat' dir='ltr'><strong>cxx,</strong></span> <span class='ocrx_word' id='word_1_870' title='bbox 3192 5817 3239 5871; x_wconf 83' lang='grc'><strong>1.</strong></span> <span class='ocrx_word' id='word_1_871' title='bbox 3287 5816 3307 5846; x_wconf 83' lang='grc'><strong>⁷</strong></span> <span class='ocrx_word' id='word_1_872' title='bbox 3330 5815 3480 5873; x_wconf 81' lang='lat' dir='ltr'><strong>Psal.</strong></span> 
     </span>
    </p>
   </div>
   <div class='ocr_carea' id='block_1_120' title="bbox 221 5879 1782 5968">
    <p class='ocr_par' dir='ltr' id='par_1_120' title="bbox 221 5879 1782 5968">
     <span class='ocr_line' id='line_1_120' title="bbox 221 5879 1782 5968; baseline 0.01 -38"><span class='ocrx_word' id='word_1_873' title='bbox 221 5883 313 5945; x_wconf 80' lang='lat' dir='ltr'><strong>cn,</strong></span> <span class='ocrx_word' id='word_1_874' title='bbox 347 5879 401 5935; x_wconf 74' lang='grc'><strong>2.</strong></span> <span class='ocrx_word' id='word_1_875' title='bbox 525 5880 695 5937; x_wconf 76' lang='lat' dir='ltr'><strong>Hebr.</strong></span> <span class='ocrx_word' id='word_1_876' title='bbox 721 5900 819 5944; x_wconf 73' lang='lat' dir='ltr'><strong>xu.</strong></span> <span class='ocrx_word' id='word_1_877' title='bbox 850 5888 905 5941; x_wconf 81' lang='lat'><strong>8.</strong></span> <span class='ocrx_word' id='word_1_878' title='bbox 983 5886 1003 5918; x_wconf 80' lang='grc'><strong>⁹</strong></span> <span class='ocrx_word' id='word_1_879' title='bbox 1034 5879 1173 5942; x_wconf 89' lang='lat' dir='ltr'><strong>Luc.</strong></span> <span class='ocrx_word' id='word_1_880' title='bbox 1211 5904 1323 5957; x_wconf 73' lang='lat' dir='ltr'><strong>xvi,</strong></span> <span class='ocrx_word' id='word_1_881' title='bbox 1354 5888 1440 5943; x_wconf 77' lang='grc'><strong>19.</strong></span> <span class='ocrx_word' id='word_1_882' title='bbox 1520 5889 1561 5920; x_wconf 81' lang='grc'><strong>¹⁰</strong></span> <span class='ocrx_word' id='word_1_883' title='bbox 1590 5879 1727 5948; x_wconf 71' lang='lat' dir='ltr'><strong>Luc.</strong></span> <span class='ocrx_word' id='word_1_884' title='bbox 1759 5907 1782 5945; x_wconf 76' lang='grc' dir='ltr'><strong>ιι</strong></span> 
     </span>
    </p>
   </div>
   <div class='ocr_carea' id='block_1_121' title="bbox 1887 5879 2407 5968">
    <p class='ocr_par' dir='ltr' id='par_1_121' title="bbox 1905 5879 2407 5962">
     <span class='ocr_line' id='line_1_121' title="bbox 1905 5879 2407 5962; baseline 0 -18"><span class='ocrx_word' id='word_1_885' title='bbox 1905 5891 1963 5944; x_wconf 74' lang='grc' dir='ltr'><strong>ε.</strong></span> <span class='ocrx_word' id='word_1_886' title='bbox 2040 5891 2080 5922; x_wconf 73' lang='grc' dir='ltr'><strong>ἰ</strong></span> <span class='ocrx_word' id='word_1_887' title='bbox 2117 5889 2254 5946; x_wconf 88' lang='lat' dir='ltr'><strong>ibid.</strong></span> <span class='ocrx_word' id='word_1_888' title='bbox 2289 5879 2407 5962; x_wconf 59' lang='grc' dir='ltr'><strong>ιβ.</strong></span> 
     </span>
    </p>
   </div>
  </div>
