4078 6394
564 435 702 503 3‘231

1486 451 1813 515 ZACHARI
1830 456 1887 515 (Ε
1926 455 2432 518 ΡΑΤΒΙΑΒΟΗ.Ε
2474 455 2875 522 IIlEROSOL.

3699 446 3853 513 3232

567 548 658 600 uia
700 553 1091 621 compatiuntur
1127 556 1190 610 ".
1244 556 1535 616 Etiterum
1574 581 1589 620 :
1635 564 1766 632 Quis
1808 569 2139 638 inﬁrmatur,

2266 588 2367 639 rzn
2397 569 2748 639 συμπάσκει
2786 568 2982 621 πάντα
2997 568 3068 622 τὰ
3084 567 3387 636 μέληδίαι
3410 565 3573 621 πάλιν
3622 567 3855 633 Τίςὰσ-

565 651 618 695 et
647 660 739 713 ego
774 662 875 698 non
907 646 1147 713 inﬁrmor
1186 650 1270 703 ιιι
1323 652 1394 707 Et
1427 655 1607 720 vobis,
1630 658 1853 726 fratres,
1891 673 2138 719 nostram

567 733 917 789 aﬂliCtionem
950 738 1182 793 noscite.
1213 741 1433 798 Etenim
1470 748 1718 817 ejusdem
1748 763 1959 808 natura:
1986 756 2142 810 estis.

566 821 748 877 Nolite
784 841 884 879 nos
912 828 1193 894 oblivisci,
1227 831 1446 895 fratres,
1495 853 1564 891 ne
1612 851 1669 894 ct
1734 858 1837 898 nos
1877 845 2144 912 dicamus,

566 911 869 968 Ertraneus
913 918 1084 985 factus
1118 937 1237 975 sum
1267 925 1525 992 fratribus
1553 930 1700 993 meis,
1758 940 1807 984 et
1838 936 2148 1004 peregrinus

564 1001 692 1068 ﬁliis
725 1004 900 1061 Sintiis
944 1009 1007 1063 “.

639 1094 930 1153 Eﬂicimini
968 1102 1176 1167 animo,
1225 1107 1312 1160 his
1341 1109 1433 1176 qui
1476 1111 1643 1166 vincti
1690 1121 1841 1178 sunt,
1891 1125 2149 1186 tanquam

566 1184 867 1248 convincti,
898 1187 984 1241 his
1022 1192 1116 1259 qui
1151 1192 1279 1248 ﬁliis
1307 1197 1511 1262 orbati,
1552 1209 1812 1269 tanquam
1863 1184 2148 1274 lugentes;

567 1271 657 1327 bis
688 1276 782 1343 qui
841 1278 1126 1346 vapulant,
1191 1292 1449 1355 tanquam
1478 1291 1876 1360 condolcutes;
1928 1271 2020 1351 bis
2056 1298 2151 1366 qui

567 1363 857 1432 patiuntur
882 1372 1347 1438 persecutionem,
1384 1386 1644 1448 tanquam
1679 1382 1818 1453 fuga:
1838 1385 1973 1440 socii
2002 1390 2150 1444 exsi-

569 1461 780 1510 stentcs
818 1474 831 1509 :
868 1474 980 1514 uno
1010 1463 1203 1529 verbo,
1230 1468 1463 1536 captivis
1495 1481 1553 1523 ut
1592 1475 1928 1543 concaptivi.
1959 1477 2155 1534 Videte

569 1558 642 1598 ne
676 1545 951 1607 fugientes
974 1552 1213 1616 labores,
1268 1573 1502 1615 coronas
1523 1563 1811 1619 amittatis.
1846 1568 1966 1621 Non
2003 1572 2154 1625 enim

575 1650 668 1694 res
685 1651 888 1697 nostrm
908 1645 1178 1715 ejusmodi
1196 1658 1348 1713 sunt,
1367 1660 1426 1704 ut
1451 1652 1719 1710 hactenus
1735 1658 1913 1711 solum
1935 1661 2154 1727 durent,

572 1731 793 1797 quando
842 1749 1083 1802 praesens
1143 1742 1500 1808 praetervolat
1561 1747 1843 1803 sznculum.
1900 1750 2155 1807 Nondum

573 1828 792 1895 tempus
821 1827 1088 1889 mercedis
1110 1831 1283 1887 venit.
1309 1832 1503 1890 Veniet
1522 1844 1758 1907 tempus,
1789 1848 1844 1894 et
1872 1858 2021 1898 nunc
2049 1853 2153 1910 est,

2253 660 2431 723 θενεῖ,
2460 660 2560 712 καὶ
2597 660 2709 713 οὐκ
2732 657 2965 713 ἀσθενὼ
2992 674 3010 720 ,'
3037 656 3128 722 Ἐξ
3171 658 3382 713 ἑαυτῶν
3423 657 3521 722 τὴν
3562 657 3852 729 ἡμετέραν

2255 750 2455 819 θλίψιν,
2485 750 2725 818 ἀδελφοὶ,
2762 749 3049 801 ἐπίστασθε
3075 766 3088 779 ·
3123 750 3220 819 τῆς
3262 749 3371 820 γὰρ
3421 749 3587 815 αὐτῆς
3624 747 3851 817 φύσεως

2254 842 2571 910 τυγχάνετε.
2598 842 2688 909 Μὴ
2716 840 3042 910 ἐπιλάθησθε
3061 843 3093 911 ἡ
3103 838 3243 909 μῶν,
3266 839 3501 907 ἀδελφοὶ,
3534 838 3622 938 ἵνα
3648 838 3722 908 μὴ
3747 837 3854 938 καὶ

2255 938 2412 1003 ἡμεῖς
2455 932 3344 1003 εἴπωμεν·Ἀπηλλοτριωιιένος
3392 929 3689 1001 ἐγενήθην
3716 929 3855 995 τοῖς

2257 1026 2544 1094 ἀδελφοῖς
2574 1044 2708 1093 μου,
2738 1026 2837 1079 καὶ
2868 1025 3043 1091 ξένος
3073 1024 3196 1090 τοῖς
3222 1025 3376 1091 υίοῖς
3402 1022 3512 1091 τῆς
3550 1021 3727 1077 Σιών.

2332 1117 2549 1170 Γίνεσθε
2578 1120 2643 1187 τῇ
2680 1116 2875 1187 καρδίᾳ
2905 1119 3013 1178 τοῖς
3047 1115 3373 1184 δεδεμένοις,
3408 1114 3484 1176 ὼς
3528 1111 3855 1181 συνδεδεμέ·

2260 1228 2338 1263 νοι
2359 1226 2372 1239 ο
2408 1211 2520 1270 τοῖς
2548 1209 2980 1276 ἁτεκνουμένοις,
3020 1207 3093 1270 ὡς
3123 1205 3480 1276 θρηνοῦντες’
3506 1205 3617 1266 τοῖς
3646 1217 3853 1273 μαστι-

2260 1302 2455 1371 ζομένο
2481 1318 2527 1363 ς,
2580 1300 2655 1363 ὡς
2699 1298 3123 1366 συναλγοῦντες*
3171 1300 3283 1360 τοῖς
3343 1294 3721 1363 διωκομένοις,
3770 1292 3856 1355 ὡς

2263 1392 2670 1461 συμφεύγοντες
2689 1409 2703 1423 ο
2736 1391 2831 1444 καὶ
2862 1388 3050 1451 ἁπλῶς
3108 1390 3283 1441 εἰπεῖν
3312 1390 3421 1448 τοῖς
3476 1382 3854 1455 αἰχμαλώτοις

2259 1483 2336 1545 ὡς
2356 1481 2807 1551 συναιχμάλωτοι.
2850 1480 3084 1533 Βλέπετε
3144 1478 3219 1549 μὴ
3272 1477 3562 1546 φεύγοντες
3588 1477 3714 1538 τοὺς
3747 1474 3855 1528 πύ-

2263 1588 2407 1635 νους,
2440 1570 2746 1639 ἁποτύχητε
2771 1570 2881 1622 τῶν
2909 1568 3206 1636 στεφάνων.
3248 1567 3321 1620 Οὐ
3352 1566 3462 1636 γὰρ
3488 1566 3593 1628 ἓως
3619 1564 3729 1617 τῶν
3764 1565 3854 1616 ὲν·

2263 1660 2435 1714 ταῦοα
2468 1663 2754 1729 στήσονται
2778 1660 2845 1712 τὰ
2868 1659 3132 1728 ἡμέτερα.
3158 1656 3324 1710 Οὔπω
3351 1659 3383 1726 ἠ
3416 1656 3532 1725 ὥρα
3568 1656 3665 1724 τῆς
3686 1654 3855 1724 μισθ-

2263 1750 2554 1812 αποδοσίας
2602 1750 2858 1817 ἔνθασεν.
2920 1748 3228 1802 Ἐλεύσεται
3256 1747 3395 1817 ὥρα,
3429 1748 3525 1801 καὶ
3550 1746 3644 1800 νῦν
3671 1748 3852 1810 ἐστιν,

2264 1842 2352 1894 ὅτε
2386 1844 2510 1895 οίὲν
2540 1841 2719 1896 ἀνέσει
2753 1841 3037 1909 ζήσαντες,
3072 1842 3168 1893 σὺν
3196 1839 3273 1908 τῷ
3305 1839 3545 1908 πλουσίῳ
3578 1854 3858 1908 κατακριο

573 1926 698 1966 cum
736 1915 791 1969 bi
826 1919 922 1986 qui
960 1920 1014 1974 in
1073 1922 1290 1979 deliciis
1329 1928 1593 1993 vixerint,
1634 1947 1758 1986 cum
1807 1933 1980 1991 divite
2003 1936 2159 1991 dam-

2266 1933 2555 2000 θήσονται·
2616 1935 2662 1985 οἱ
2693 1932 2748 1985 δὲ
2799 1930 2898 1994 τὰς
2949 1930 3157 2000 θλίψεις
3190 1930 3605 1999 ὑπομείναντες,
3639 1930 3741 1982 σὺν
3771 1927 3856 2000 τῷ

573 2014 779 2059 nentur
821 2025 834 2060 :
876 2024 941 2063 ac
963 2012 1054 2081 qui
1074 2016 1463 2089 _sustinucrint
1514 2023 1677 2086 mala,
1743 2025 1944 2081 choros
1994 2038 2161 2097 agent

575 2107 700 2147 cum
736 2095 965 2164 Lazaro,
992 2118 1133 2171 quos
1164 2104 1426 2161 nimirum
1466 2112 1753 2178 poeniteat,
1798 2130 1861 2168 ac
1896 2117 1988 2184 qui
2016 2133 2161 2186 zegre

574 2180 754 2240 ferant
822 2204 932 2243 non
986 2194 1254 2250 meruisse
1310 2197 1447 2253 alias
1494 2216 1716 2271 quoque
1772 2180 1975 2261 Christi
2027 2180 2160 2279 ergo

574 2291 850 2333 aerumnas
902 2297 960 2337 se
1000 2283 1167 2351 ferre,
1202 2297 1262 2341 ut
1306 2292 1546 2360 majores
1580 2293 1821 2351 honores
1844 2313 1909 2352 ac
1938 2302 2160 2368 penuria

575 2371 1223 2437 conscquimererentur.
1263 2376 1478 2445 Videte,
1512 2384 1871 2456 animumque
1893 2391 2160 2446 attendite

575 2455 781 2513 dicenti
840 2478 852 2513 :
900 2463 1261 2523 Transit-imus
1323 2488 1419 2542 per
1490 2474 1663 2543 ignem
1721 2486 1772 2531 et
1831 2496 2049 2549 aquam,
2110 2489 2161 2535 et

577 2549 807 2606 eduxisti
827 2571 919 2607 nos
951 2558 1005 2609 in
1029 2559 1370 2630 refrigerium
1400 2567 1465 2619 “’.
1494 2565 1561 2619 Et
1589 2567 1788 2621 iterum
1815 2587 1828 2623 :
1859 2571 2040 2626 Mullw
2064 2575 2161 2627 tri-

577 2635 873 2697 bulatioues
902 2646 1175 2714 justorum
1213 2653 1276 2704 ιθ.
1305 2651 1443 2717 Quia
1465 2666 1724 2725 tanquam
1755 2656 1946 2714 durum
1970 2664 2024 2715 iu
2052 2664 2162 2732 [or-

580 2748 710 2787 nace
739 2738 979 2805 probavit
996 2757 1100 2808 eos,
1138 2752 1184 2796 et
1217 2748 1370 2815 quasi
1400 2746 1693 2804 Izolorausti
1736 2753 1966 2809 hostium
2014 2774 2161 2812 acce-

578 2825 655 2894 pit
680 2843 764 2881 eos
798 2831 862 2883 ¹⁷.

653 2910 857 2978 Nolite,
896 2915 1015 2984 lilii,
1053 2922 1304 2993 gloriari,
1337 2927 1508 2984 nolite
1529 2930 1775 2999 gloriari,
1812 2936 2007 3006 quoda
2036 2938 2160 2995 vitae

579 2998 745 3071 hujus
771 3007 1170 3068 :utllictionibus
1199 3018 1321 3072 sitis
1355 2998 1614 3088 liberati;
1663 2998 1798 3093 quin
1830 2998 2038 3096 'potius
2069 3045 2160 3101 ge-

580 3093 735 3159 niite,
762 3113 825 3152 ac
850 3100 1074 3156 solliciti
1103 3115 1308 3170 estote,
1330 3110 1462 3179 quid
1491 3112 1544 3165 in
1561 3112 1696 3168 hora
1729 3118 1910 3172 exitus
1931 3121 2158 3178 Domino

581 3189 997 3257 respondeatis;
1032 3212 1172 3265 quos
1203 3199 1441 3259 labores.
1467 3220 1604 3273 quas
1626 3207 1677 3260 ei
1710 3209 1947 3267 virtutes
1972 3222 2160 3268 osten~

579 3278 695 3330 suri
732 3279 852 3334 sitis
910 3283 1154 3354 Quisque
1186 3298 1428 3345 vestrum
1477 3308 1506 3346 a
1550 3295 1831 3362 prioribus
1874 3301 1984 3370 jam
2044 3303 2158 3359 suis
2189 3274 2233 3331 ο

582 3371 899 3428 actionibus
932 3380 1176 3431 recedat.
1210 3377 1404 3436 Videte
1438 3400 1509 3439 ne
1546 3386 1770 3444 licentia
1805 3408 1871 3445 ex
1896 3393 2163 3451 antistitis

581 3462 856 3520 amotimie
907 3477 1165 3535 arrepta,
1211 3468 1494 3528 deteriora
1546 3477 1745 3532 iterum
1811 3483 2161 3549 perpetretis.

584 3546 906 3627 Remedium
940 3559 1103 3614 nobis
1141 3562 1408 3621 Dominus
1435 3568 1501 3622 ad
1537 3571 1835 3638 parandam
1871 3572 2161 3627 sanitatem

581 3642 823 3700 donavit
851 3648 991 3703 Num
1012 3652 1210 3710 videtis
1232 3668 1491 3727 quantos.
1517 3670 1819 3730 prmsentes
1849 3663 2012 3717 minae
2038 3679 2165 3719 san-

583 3736 767 3805 guinis
804 3738 1007 3809 injuste
1039 3743 1145 3799 l'usi
1185 3749 1335 3804 rivos
1362 3751 1754 3807 cohibuerint?
1798 3766 2035 3823 quantos
2066 3773 2165 3826 pu-

582 3825 762 3882 blicos
825 3835 1094 3891 tumultus
1139 3840 1501 3913 sedaverint?
1564 3852 1805 3912 quantos
1860 3847 2166 3905 diabolicos

583 3932 805 3974 amores
837 3927 1254 3987 exstinxerint?
1297 3943 1503 4002 quanta
1536 3943 1721 3988 vetera
1747 3937 1876 3991 odio
1899 3938 2166 3995 dissolve-

582 4009 734 4062 rint?
784 4012 918 4067 Nam
957 4020 1051 4087 qui
1111 4023 1315 4092 captivi
1372 4034 1563 4093 agunt,
1630 4028 1716 4082 vel
1755 4028 1936 4094 inviti,
1996 4048 2159 4101 quam

584 4103 743 4173 plura
771 4122 991 4177 peccata
1017 4126 1253 4183 ponunt.
1317 4116 1532 4172 Idcirco
1563 4136 1661 4175 vos
1687 4127 1779 4191 qui
1829 4124 1938 4179 vita
1966 4126 2163 4184 leniori

584 4197 793 4263 vivitis,
822 4202 982 4274 longe
1015 4202 1252 4275 amplius
1273 4208 1445 4263 sobrii
1477 4220 1677 4276 estote,
1707 4215 1952 4286 vigilate,
1985 4217 2163 4274 facere.

583 4292 724 4344 mala
762 4293 1021 4359 desinite,
1058 4297 1307 4351 divinum
1347 4300 1590 4356 favorem
1646 4306 1870 4362 ambite.
1926 4308 2163 4365 Memen-

584 4390 698 4436 tote
727 4384 866 4453 ejus,
914 4389 1008 4455 qui
1045 4389 1122 4441 ait
1159 4404 1171 4441 :
1208 4388 1369 4445 Orate
1437 4410 1533 4464 pro
1584 4397 1826 4461 invicem,
1880 4408 1937 4452 ut
1988 4401 2163 4457 salve-

585 4474 716 4528 mim’
752 4477 813 4531 “'.
852 4478 1237 4544 Memineritis,
1268 4498 1374 4550 qua
1396 4485 1610 4540 ratione
1642 4504 1743 4555 pro
1760 4490 1923 4544 Petro
1945 4493 2163 4550 assidua

584 4563 652 4616 ad
690 4565 860 4620 Deum
904 4569 1084 4622 oratio
1147 4569 1306 4624 fieret
1356 4571 1429 4625 ab
1472 4574 1716 4630 Ecclesia
1773 4578 1835 4632 “.
1879 4579 2160 4651 Siquidem

582 4656 732 4709 enim
770 4672 871 4726 pro
915 4657 1009 4712 illo
1049 4660 1142 4728 qui
1172 4660 1430 4731 princeps
1447 4673 1587 4729 erat,
1620 4668 1711 4735 qui
1758 4669 1961 4741 ligandi
1998 4684 2164 4745 atque

588 4746 839 4801 solvendi
876 4756 1206 4816 potestatem
1233 4749 1493 4816 habebat,
1531 4755 1610 4810 sic
1643 4759 1816 4813 oratio
1846 4761 2028 4825 ﬁebat.
2066 4781 2165 4834 po-

588 4836 717 4890 tiori
758 4838 921 4907 longe
952 4839 1165 4893 ratione
1190 4855 1288 4908 pro
1320 4842 1481 4898 nobis
1515 4846 1734 4903 assidue
1768 4853 2040 4909 orandum
2072 4856 2166 4923 sit,

587 4925 767 4982 donec
791 4927 1056 4982 Dominus
1079 4928 1366 4998 placabilis
1399 4933 1510 4990 iiut.
1546 4937 1679 4993 Nam
1705 4941 1750 4996 si
1776 4946 1949 4999 nostri
1978 4946 2172 5002 imme-

588 5031 772 5070 mores
800 5016 1036 5081 fueritis,
1054 5020 1175 5089 ejus
1203 5037 1421 5094 quoque
1446 5042 1635 5096 poenas
1659 5031 1839 5087 daturi
1875 5037 2031 5092 estis.

662 5108 856 5162 Videte
884 5109 937 5162 in
971 5112 1173 5179 quibus
1198 5131 1295 5170 vos
1320 5117 1508 5180 hodie.
1534 5137 1600 5176 ac
1629 5124 1831 5193 quibus
1853 5125 2056 5184 fratres
2076 5146 2172 5185 ve-

592 5196 693 5251 stri
721 5209 1034 5255 versentur.
1092 5203 1301 5273 Videte,
1380 5209 1656 5281 inspicite.
1709 5220 2168 5290 compungimini.

592 5287 792 5342 Vos-in
847 5293 1131 5361 oratoriis,
1164 5313 1265 5352 nos
1300 5300 1353 5354 in
1385 5318 1644 5370 carcere;
1679 5323 1780 5362 vos
1827 5310 1882 5364 in
1931 5311 2167 5378 deliciis,

594 5394 698 5433 nos
724 5379 779 5433 in
816 5385 1097 5451 metallis;
1156 5404 1251 5443 vos
1283 5392 1337 5446 in
1381 5394 1750 5463 jucunditate,
1785 5400 1841 5454 hi
1892 5403 1943 5457 in
1983 5403 2162 5470 luctu;

524 5524 529 5529 _
592 5480 695 5519 vos
728 5468 781 5522 in
809 5469 1038 5539 balneis,
1064 5476 1228 5547 hique
1260 5480 1316 5534 in
1341 5482 1609 5549 desertis;
1644 5503 1741 5540 vos
1764 5487 1818 5542 iu
1848 5492 2163 5546 exsultatio-

594 5572 683 5619 ne,
707 5569 870 5629 atque
895 5562 950 5616 hi
978 5564 1030 5619 in
1050 5571 1574 5629 necessitate.Vobis
1590 5576 1864 5634 desudant
1885 5597 2170 5638 servorum

599 5650 884 5722 obsequia,
920 5656 976 5712 hi
1010 5671 1291 5729 praestant.
1327 5664 1406 5719 Ne
1435 5681 1565 5738 ergo
1597 5684 1834 5737 quorum
1865 5687 1923 5728 se
1969 5690 2059 5729 res
2095 5676 2170 5730 ita

671 5773 768 5846 “Al
806 5775 934 5834 Cor.
960 5796 1058 5843 xu,
1097 5781 1189 5837 26.
1268 5784 1312 5815 ¹³
1344 5783 1384 5838 ΙΙ
1424 5783 1531 5840 ϐίη·
1587 5803 1662 5846 κ’·
1694 5788 1783 5844 99-

597 5856 679 5911 ιιι,
712 5844 765 5900 6.
842 5846 885 5879 η
910 5850 1025 5905 Jac.
1060 5869 1112 5918 v,
1149 5853 1229 5909 16.
1309 5855 1351 5886 ¹⁹
1379 5855 1500 5910 Act.
1535 5873 1629 5927 xu,
1653 5844 1713 5915 75.

1863 5793 1905 5825 "
1939 5794 2080 5850 Psal.
2114 5813 2299 5853 txvm.
2333 5798 2387 5853 9.

2260 2022 2501 2092 Δαζάρῳ
2531 2021 2881 2091 χορεύσουσιν
2900 2063 2915 2083 ,
2952 2021 3418 2092 μεταμελοὺμενοι
3450 2021 3543 2073 καὶ
3569 2019 3855 2089 λέγοντες,

2261 2112 2342 2163 ὅτι
2373 2112 2485 2164 Οὑκ
2517 2111 2829 2181 ἠξιώθημεν
2867 2113 2960 2164 καὶ
2989 2111 3153 2174 ἄλλας
3180 2111 3388 2177 θλίψεις
3420 2110 3708 2179 ὑπομεῖναι
3765 2110 3858 2164 διὰ

2262 2204 2519 2273 Χριστὸν.
2573 2203 2658 2257 ἵνα
2713 2204 2973 2272 μειζόνων
3026 2203 3202 2273 τιμῶν
3236 2202 3569 2271 ἠξιώθημεν.
3628 2201 3853 2272 Ὁρᾶτε,

2262 2294 2357 2347 καὶ
2387 2293 2678 2362 προσέχετε
2704 2292 2782 2364 τῷ
2806 2293 3034 2361 λέγοντι.
3060 2295 3388 2360 Διὴλθομεν
3408 2292 3505 2345 διὰ
3533 2294 3725 2360 πυρὸς
3753 2292 3856 2346 καὶ

2260 2385 2505 2450 ὕδατος,
2542 2385 2640 2439 καὶ
2688 2384 2981 2454 ἐξήγαγες
3029 2383 3188 2454 ἡμᾶς
3223 2388 3311 2451 είς
3357 2383 3709 2453 ἀναψυχήν.
3746 2385 3857 2438 Καὶ

2262 2479 2442 2531 πάλιν·
2502 2477 2731 2532 Πολλαὶ
2783 2481 2843 2530 al
2889 2479 3126 2547 θλίψεις
3169 2476 3290 2531 τῶν
3330 2475 3593 2530 δικαιωνο
3636 2476 3729 2529 ὅτι
3773 2476 3855 2541 ὠς

2258 2568 2495 2636 χρυσὸν
2524 2567 2594 2620 ἐν
2630 2567 3008 2636 χωνευτηρίῳ
3075 2566 3436 2635 ἐδοκίμασεν
3466 2567 3709 2633 αὐτοὺς,
3753 2567 3856 2621 καὶ

2257 2662 2337 2726 ὡς
2367 2663 2758 2730 ὀλοκαύτωμα
2788 2661 3006 2727 θυσίας
3039 2660 3445 2730 προσεδέξατο
3483 2662 3728 2727 αὐτούς.

2331 2936 2421 3006 Μὴ
2452 2935 2751 3006 καυχᾶσθε,
2782 2935 2969 2999 τέκνα,
3003 2936 3078 3006 μὴ
3110 2936 3409 3008 καυχᾶσθε,
3440 2937 3643 2991 ὅτιτῶν
3661 2938 3855 2994 ἐνθάδε

2261 3029 2488 3099 θλίψεων
2523 3029 2853 3099 ερῤύσθητε·
2887 3029 3086 3099 μᾶλλον
3119 3029 3175 3082 δὲ
3211 3030 3505 3095 στενάξατε
3553 3031 3648 3083 καὶ
3679 3047 3858 3101 φρον-

2258 3121 2441 3173 sint:
2472 3119 2679 3171 ὲιυτών
2711 3160 2725 3179 ,
2771 3119 2825 3172 τί
2850 3121 2909 3172 ἐν
2944 3118 3121 3189 καιρῷ
3154 3120 3333 3186 ἐξόδου
3379 3120 3605 3190 μέλλετε
3636 3122 3713 3190 τῷ
3753 3126 3861 3175 Δία

2266 3211 2438 3281 σπότῃ
2469 3209 2937 3279 ἀπολογήσασθαι·
2970 3210 3156 3274 ποίους
3182 3212 3483 3281 καμάτους,
3536 3211 3693 3274 ποίας
3730 3213 3861 3283 ἁρε-

2268 3302 2365 3362 τας
2408 3299 2556 3370 αίτῷ
2588 3300 2807 3364 δείξετε.
2851 3301 3168 3371 Ἀποστήτω
3219 3299 3404 3354 λοιπον
3434 3300 3661 3365 ἕκαστος
3693 3302 3863 3373 ὑμῶν

2270 3392 2336 3444 ἐκ
2360 3391 2467 3443 τῶν
2497 3392 2776 3461 προτέρων
2797 3391 2961 3445 αὑτοῦ
2992 3390 3261 3462 πράξεων.
3308 3392 3543 3446 Βλέπετε
3571 3392 3643 3464 μὴ
3664 3393 3859 3457 ἁδείας

2269 3485 2362 3537 καὶ
2386 3483 2649 3554 ἀναρχίας
2680 3482 3024 3553 δραξάμενοι,
3058 3485 3124 3537 τὰ
3155 3485 3322 3556 χείρω
3351 3483 3515 3539 πάλιν
3546 3486 3859 3556 διαπράξη-

2272 3575 2384 3628 σθε.
2427 3575 2686 3644 ’ἰατρείαν
2720 3574 2850 3645 ἡμῖν
2879 3577 2908 3628 ὁ
2933 3575 3136 3647 Κύριος
3175 3575 3312 3646 πρὸς
3357 3576 3657 3646 θεραπείαν
3715 3579 3856 3633 ὲδωο

2274 3670 2493 3738 ρὴσατο.
2528 3667 2641 3736 Οὑχ
2670 3668 2830 3737 ὁρᾶτε
2866 3668 3036 3731 πόσας
3069 3659 3376 3740 ήπαροῢσα
3422 3668 3617 3740 ἀπειλὴ
3648 3670 3856 3736 αἱματ-

2270 3759 2528 3830 εκχυσίας
2581 3758 2852 3826 ἕπαυσενς
2916 3760 3089 3824 πόσας
3146 3760 3468 3822 ὁδοστασίας
3528 3762 3853 3831 ήμέρωσεν;

2272 3850 2467 3912 πόσους
2496 3849 2703 3918 ἔρωτας
2746 3849 3084 3915 διαδολικοὺς
3145 3849 3399 3915 ἔσϐεσεν;
3438 3849 3609 3910 πόσας
3660 3866 3859 3918 μνησι-

2272 3942 2467 4003 κακίας
2495 3941 2766 4006 διέλυσεν;
2811 3943 2874 3995 0i
2908 3942 3018 4012 γὰρ
3060 3942 3118 3993 ὲν
3147 3940 3494 4013 αἰχμαλωσίᾳ
3556 3940 3856 4007 διάγοντες,

2271 4034 2461 4102 καὶμὴ
2492 4032 2753 4095 θέλοντες,
2794 4033 3003 4086 πολλῶν
3026 4035 3312 4107 ἁμαρτιῶν
3356 4034 3722 4089 ἀποκτῶνται.
3769 4034 3858 4088 Διὸ

2272 4125 2431 4191 ὑμεῖς
2485 4126 2533 4176 οἱ
2587 4129 2644 4178 ἐν
2672 4126 2851 4180 ἀνέσει
2889 4126 3066 4196 πολλῷ
3102 4127 3285 4181 πλεῖον
3315 4129 3542 4199 νήψατε,
3574 4134 3857 4201 γρηγορή-

2274 4236 2424 4282 σατε,
2454 4217 2563 4271 τῶν
2601 4219 2789 4271 κακῶν
2838 4217 3140 4281 παύσασθε,
3173 4221 3488 4293 παρρησίαν
3529 4225 3665 4292 πρὸς
3717 4226 3853 4280 Θεὸν

2271 4307 2566 4377 κτήσασθε,
2587 4324 2690 4376 μνη
2700 4308 2994 4376 μονεύσατε
3013 4310 3106 4361 τοῦ
3129 4311 3392 4377 εἰπόντος,
3412 4313 3690 4378 Εῠξασΰε
3704 4315 3857 4382 ὑπὲρ

2271 4398 2580 4465 ἀλλήλων,
2613 4400 2772 4465 ὅπως
2795 4397 3016 4467 ἰαθῆτε.
3049 4401 3340 4472 Μνήσθητε
3376 4403 3460 4455 ὃτι
3493 4404 3627 4475 εὐχὴ
3653 4400 3721 4476 ἦν
3763 4410 3856 4460 ἐκ·

2270 4493 2429 4562 τενὴς
2454 4492 2844 4562 ἐπιτελουμένη
2881 4492 3022 4563 ὑπὲρ
3053 4492 3262 4564 Πέτρου
3296 4495 3392 4548 τοῦ
3426 4496 3728 4551 ἀποστόλου
3756 4500 3855 4552 ὑπὸ

2271 4587 2369 4654 τῆς
2402 4586 2743 4655 Ἐκκλησίας.
2777 4587 2839 4639 El
2866 4580 2959 4639 οὖν
2988 4587 3129 4658 ὑπὲρ
3161 4589 3369 4642 ἐκείνου
3399 4588 3493 4642 τοῦ
3536 4592 3851 4660 κορυφαίου,

2270 4678 2365 4730 τοῦ
2390 4679 2639 4745 ἐξουσίαν
2670 4678 2882 4748 ἔχοντος
2915 4678 3076 4748 δῆσαι
3128 4681 3222 4732 καὶ
3273 4679 3454 4743 λῦσαι,
3481 4683 3613 4752 εὐχὴ
3665 4685 3854 4735 ἐπετε-

2273 4767 2438 4827 λεῖτο,
2494 4768 2649 4834 πόσῳ
2682 4784 2745 4834 γε
2801 4767 3000 4837 μᾶλλον
3031 4767 3171 4836 ὑπὲρ
3219 4767 3378 4838 ἡμῶν
3427 4770 3855 4840 προσευχόμενοι

2279 4857 2543 4928 μηδέποτε
2571 4857 2871 4928 παύσησθε,
2902 4857 3008 4918 ἓως
3038 4851 3099 4910 οὗ
3151 4859 3243 4911 τὸν
3287 4859 3492 4930 Κύριον
3520 4860 3855 4929 καταλλὰξη-

2278 4949 2402 5014 σ9ε;
2432 4949 2527 5001 ἐὰν
2552 4950 2660 5018 γὰρ
2693 4948 2851 5020 ἡμῶν
2877 4951 3325 5023 ἀμνημονήσητε,
3355 4952 3575 5022 μέλλετε
3603 4954 3694 5007 καὶ
3720 4952 3853 5021 ὑπὲρ

2276 5038 2469 5092 τούτου
2493 5038 2646 5101 δίκας
2668 5038 3113 5108 εἰσπράττεσθαι.

2342 5130 2660 5198 Σκοπήσατε
2704 5131 2762 5183 ἐν
2795 5129 2971 5194 ποίοις
3026 5130 3183 5200 ὑμεῖς
3229 5133 3355 5184 ἐστε
3386 5133 3644 5204 σήμερον,
3681 5135 3772 5186 καὶ
3804 5133 3851 5185 oi

2271 5212 2492 5288 ἀδελφοὶ
2508 5223 2539 5290 ἡ
2550 5221 2664 5291 μῶν
2702 5220 2754 5293 [ὑ
2763 5219 2901 5293 μῶν]
2919 5222 2976 5274 ὲν
2994 5221 3184 5283 ποίοις.
3204 5222 3569 5293 Ἐμὸλέψατε,
3586 5224 3679 5277 καὶ
3698 5224 3850 5286 ἴδετε,

2267 5311 2365 5366 καὶ
2388 5311 2755 5382 κατανύγητε.
2800 5310 2988 5381 Ὑμεῖς
3019 5312 3077 5366 ἐν
3102 5313 3434 5382 εὐκτηρίοις,
3487 5316 3648 5385 ἡμεῖς
3702 5314 3756 5367 δὲ
3796 5314 3850 5365 ἐν

2264 5403 2684 5474 δεσμωτηρίοις.
2725 5402 2914 5470 Ὑμεῖς
2942 5404 3001 5456 ἐν
3042 5404 3314 5478 «natatu.
3347 5408 3442 5458 καὶ
3487 5408 3646 5476 ἡμεῖς
3675 5407 3732 5458 ὲν
3762 5420 3851 5474 με·

2275 5495 2509 5559 τάλλοις.
2557 5495 2745 5565 Ὑμεῖς
2771 5499 2827 5549 ὲν
2851 5497 3053 5563 ἀνέσει,
3086 5492 3231 5552 οὗτοι
3251 5499 3307 5551 δὲ
3326 5499 3385 5553 ἐν
3418 5499 3628 5552 πένθει.
3673 5499 3847 5567 Ὑμεῖς

2277 5589 2334 5639 ἐν
2357 5586 2677 5657 βαλανείοις,
2706 5589 2802 5641 καὶ
2826 5581 2951 5642 οὒτο
3027 5591 3085 5642 ὲν
3112 5592 3233 5650 ταῖς
3270 5592 3518 5662 ἐρήμοις.
3564 5591 3748 5660 Ὑμεῖς
3792 5588 3847 5639 ἐν

2277 5679 2619 5744 ἀγαλλιάσει,
2651 5681 2806 5733 αὐτοὶ
2838 5679 2894 5733 δὲ
2926 5681 2982 5732 ἐν
3015 5683 3080 5751 τῇ
3122 5681 3357 5753 ἀνάγκῃ.
3390 5684 3582 5754 Ὑμεῖς
3619 5678 3845 5737 δουλεύε-

2467 5799 2507 5832 ”
2545 5798 2688 5855 Psal.
2728 5814 2851 5866 va,
2885 5799 2973 5855 12.
3056 5803 3096 5833 ¹⁶
3120 5800 3570 5859 Psal.xxmu.20.
3648 5801 3687 5833 "
3716 5796 3836 5872 δερ.
