4078 6452
239 386 400 459 33.33

235 507 364 572 σθε,
401 504 596 560 αὐτοὶ
622 504 698 561 εδ
716 503 1156 578 δουλεύουσι.Μὴ
1184 505 1362 560 τοίνυν
1391 505 1721 577 διακείμενοι
1743 504 1917 570 οὕτως

232 597 646 668 ἁμελήστιτε.
702 599 999 654 Ἀκούσατε
1049 599 1142 653 τοῦ
1173 599 1380 668 Κυρίου
1431 597 1700 668 λέγοντος·
1749 596 1916 663 Ἐνῷ

232 688 456 758 μέτρῳ
477 690 816 759 μετρεῖτε,
842 690 1414 760 ἀντιμετρηθήσεται
1441 689 1602 760 ὑμῖν.
1625 691 1732 743 Καὶ
1753 689 1914 744 πάλιν

238 779 570 851 μνήσθητε
606 782 702 846 ὡς
733 783 978 850 ἐλάλησα
1011 782 1140 852 ὑμῖν
1185 781 1267 835 ἔτι
1292 779 1368 834 ὢν
1395 781 1515 852 μεθ’
1546 781 1702 851 ὑμῶν
1731 781 1787 834 ἐν
1811 779 1914 834 Γα-

233 871 470 943 λιλαίᾳ,
535 872 768 942 λέγων,
821 875 904 926 ὅτι
935 875 1164 939 Ὄντως,
1197 873 1382 939 τέκνα,
1417 872 1618 944 πολλὴν
1663 872 1774 943 ὁρῶ
1815 873 1913 941 τὴν

239 965 554 1033 ὀμέλειαν
613 967 710 1028 είς
739 965 916 1034 ὑμᾶς’
973 962 1174 1034 πολλὴν
1229 963 1330 1032 τὴν
1361 961 1670 1034 ρᾳθυμίαν·
1710 961 1912 1031 πολλὴν

235 1057 343 1126 τὴν
361 1058 637 1112 ἀδικίαν
666 1047 908 1128 ·”πολλὴν
930 1057 1028 1128 τὴν
1054 1055 1362 1122 ἀγνωσίαν·
1399 1054 1599 1124 πολλὴν
1632 1053 1732 1122 τὴν
1781 1069 1912 1122 μισ-

240 1151 554 1220 αδελφίαν
601 1168 621 1182 ⁸
688 1149 890 1221 πολλὴν
949 1151 1050 1220 τὴν
1099 1150 1209 1203 τῶν
1242 1147 1618 1202 ἁποστολικῶν
1673 1145 1912 1199 mem

241 1244 604 1298 κατάλυσιν
653 1245 748 1299 καὶ
769 1242 1203 1314 καταφρόνησιν,
1227 1242 1322 1295 καὶ
1355 1241 1456 1295 οὐκ
1482 1236 1599 1294 οἶδα
1645 1243 1796 1292 ποῖον
1822 1239 1909 1292 τέ-

242 1332 344 1396 λος
378 1333 608 1399 ἕξουσι
646 1333 718 1387 τὰ
746 1334 868 1388 καθ’
911 1335 1090 1404 ἡμᾶς’
1123 1333 1218 1386 καὶ
1254 1334 1390 1402 πρὸς
1415 1330 1588 1384 ταῦτα
1619 1329 1911 1399 ἀντιφθεγ-

242 1425 506 1496 γόμενοι
544 1425 808 1494 ἐλέγετε,
837 1427 917 1480 ὅτι
947 1424 1334 1496 Φιλάνθρωπός
1364 1425 1508 1478 ἐστιν
1541 1425 1569 1477 ὁ
1621 1421 1775 1490 Θεὸς,
1817 1425 1911 1476 καὶ.

244 1519 358 1570 οὐκ
407 1517 690 1571 ἔπλασεν
727 1518 879 1588 ἡμᾶς
953 1517 1040 1572 ἵνα
1082 1517 1328 1588 ἀπολέσῃ
1373 1517 1540 1586 ἡμᾶς,
1573 1515 1707 1570 ἀλλά
1738 1517 1910 1585 δῶρον

249 1609 443 1662 σώσει
484 1610 692 1680 ἡμᾶς.
733 1608 933 1678 Κάμοῦ
959 1607 1230 1676 λέγοντος,
1266 1608 1348 1661 ὅτι
1382 1607 1517 1660 Θεοῦ
1546 1605 1703 1675 λόγος
1763 1608 1910 1660 ἐστὶν

248 1699 342 1754 διὰ
375 1699 490 1753 τοῦ
529 1702 741 1764 Δαδὶδ,
775 1703 858 1756 ὅτι
900 1702 1106 1764 πάντας
1161 1703 1288 1764 τοὺς
1339 1699 1696 1772 ἁμαρτωλοὺς
1738 1699 1910 1764 ἐξολο-

251 1788 536 1859 θρεύσει,
566 1789 744 1855 αὐτὸς
768 1789 1040 1844 ἀποδώσει
1060 1790 1279 1860 ἑκάστῳ
1305 1790 1448 1843 κατά
1468 1795 1534 1842 τὰ
1557 1787 1696 1860 ἔργα
1715 1787 1904 1849 αὑτοῦ,

1790 392 2152 458 EPISTULA
2164 443 2178 458 .

3460 395 3604 465 £234

1945 513 1992 570 Α
2029 508 2292 572 habeant,
2341 505 2650 578 negligatis.
2681 503 2885 561 Audite
2921 502 3218 560 Dominum
3273 505 3592 569 dicentem:

2018 597 2085 652 In
2118 613 2223 668 qua
2259 613 2510 650 mensura
2543 597 2708 651 mensi
2739 596 2965 668 fueritis,
3023 598 3332 652 remetictur
3361 598 3497 654 vobis
3531 603 3603 656 ".

2019 690 2266 760 itemque
2291 699 2625 748 mementote
2657 706 2766 760 qua
2797 691 3009 746 ratione
3054 691 3278 746 loculus
3313 693 3416 748 sim
3447 693 3622 756 vobis,

2017 797 2144 836 cum
2171 781 2352 837 adhuc
2386 782 2675 837 vobiscum
2703 798 2879 838 essem
2919 782 2973 836 in
3001 781 3246 845 Galilaea,
3270 783 3344 836 ita
3369 785 3560 840 dicens
3589 802 3602 838 :

2019 871 2341 936 Plane,lilii,
2372 872 2652 944 ingentem
2679 873 2734 926 in
2757 871 2914 926 vobis
2945 872 3106 926 video
3145 873 3438 933 incuriam.
3465 875 3608 928 mul-

2020 972 2128 1018 tam
2151 965 2466 1034 segnitiem,
2499 965 2842 1034 injustitiam.
2876 965 3264 1036 ignorantiam,
3297 964 3603 1020 fraternum

2016 1053 2232 1119 odium,
2285 1055 2714 1124 apostolicorum
2769 1069 3043 1109 canonum
3113 1056 3602 1125 transgressionem

2017 1156 2182 1216 atque
2219 1156 2619 1215 contemptum,
2676 1161 2781 1200 nec
2814 1145 2930 1199 SCiO
2980 1161 3219 1214 quonam
3263 1162 3350 1200 res
3401 1156 3603 1200 IIOSU‘IB

2017 1254 2266 1294 evasurm
2295 1239 2424 1292 sint.
2458 1236 2536 1293 Ad
2576 1255 2698 1308 qua:
2717 1255 2814 1292 vos
2839 1241 2920 1293 sic
2953 1254 3020 1292 ex
3051 1239 3282 1293 adverso
3303 1239 3602 1310 responde-

2015 1329 2160 1385 batis
2187 1347 2200 1382 :
2233 1329 2421 1384 Bonus
2454 1339 2539 1384 est
2568 1330 2734 1394 Deus,
2788 1347 2890 1384 nec
2930 1345 3032 1384 nos
3059 1329 3270 1384 creavit
3311 1340 3371 1384 ut
3401 1329 3600 1398 perde-

2015 1429 2116 1484 ret,
2145 1419 2240 1475 sed
2277 1421 2526 1491 utgratis
2558 1422 2788 1474 salutem
2819 1420 3062 1474 aﬂ‘erret.
3101 1420 3292 1490 illeque
3339 1421 3557 1475 dicente
3581 1462 3596 1484 ,

2013 1511 2235 1566 Davidis
2276 1529 2373 1567 ore
2397 1513 2644 1566 locutum
2681 1513 2878 1578 Deum,
2933 1512 3072 1576 fore,
3103 1521 3162 1565 ut
3188 1529 3378 1566 omnes
3407 1528 3602 1582 pecea-

2012 1613 2162 1658 tores
2183 1605 2470 1676 disperdat
2503 1606 2571 1668 ²¹,
2595 1621 2659 1660 ac
2691 1603 2889 1660 reddat
2915 1604 3214 1674 unicuique
3241 1605 3392 1673 juxta
3432 1618 3602 1673 opera

2009 1699 2190 1761 sua”,
2219 1697 2420 1751 iterum
2453 1698 2800 1752 cxcusabatis
2824 1697 3212 1752 excusationes
3254 1697 3308 1750 in
3352 1705 3600 1766 peccato,

2012 1789 2190 1845 donec
2222 1791 2376 1844 venit
2409 1793 2493 1845 ira
2539 1791 2750 1845 Domini
2786 1800 2825 1846 ιι
2845 1807 3014 1862 mque
3045 1790 3190 1844 velut
3211 1805 3242 1844 e
3275 1805 3498 1854 somno,
3523 1789 3602 1844 sic

255 1881 438 1935 ¹πάλιν
487 1879 954 1954 προεφασίζεσθε
981 1881 1284 1950 προφάσεις
1314 1881 1373 1932 ὲν
1431 1879 1752 1950 ἁμαρτίαις,
1801 1877 1906 1942 ἕως

2012 1883 2234 1938 excitati
2270 1899 2484 1944 sumus.
2513 1895 2580 1934 ac
2616 1899 2715 1938 nos
2747 1883 2994 1937 animum
3027 1880 3284 1951 decipere
3305 1881 3475 1936 stulta
3502 1898 3602 1936 nr-

253 1967 320 2027 οὗ
337 1969 531 2044 ἦλθεν
553 1974 598 2044 ἡ
631 1971 774 2047 ὀργὴ
793 1971 889 2027 τοῦ
917 1970 1123 2042 Κυρίου
1141 1988 1154 2001 ·
1177 1971 1272 2024 καὶ
1295 1969 1414 2023 τότε
1429 1969 1616 2040 ὥσπερ
1663 1967 1722 2034 ἐξ
1739 1967 1908 2021 ὕπνου

257 2065 452 2129 οὕτως
491 2065 904 2136 διανέστημεν,
933 2063 1028 2116 καὶ
1051 2063 1298 2132 ἔγνωμεν
1325 2062 1406 2115 ὃτι
1463 2058 1688 2120 ἑαυτοὺς
1717 2061 1911 2131 ὲςρεν-

259 2159 652 2232 ἀστατοῦμεν,
681 2157 874 2232 μωρὰς
919 2157 1140 2222 ἐλπίδας
1187 2159 1398 2221 ἑαυτοῖς
1457 2156 1908 2226 ύποσπείραντες.

263 2251 498 2315 Πάντες
523 2249 965 2322 ἐπαιδεύθημεν,
989 2250 1051 2302 οὐ
1074 2250 1278 2312 πάντες
1299 2248 1354 2302 δὲ
1371 2247 1571 2318 ὁμοίως
1589 2247 1907 2315 θλιϐόμεθα.

275 2343 464 2396 Ἀλλὰ
495 2342 720 2405 πάντες
755 2337 1180 2409 ἀγωνισώμεθα.
1203 2340 1514 2412 Περιάρατε
1561 2339 1664 2410 τὴν
1699 2341 1870 2409 μέθην
1893 2355 1908 2372 ο

269 2431 602 2486 παύσασθε
640 2431 752 2484 τῶν
786 2431 1090 2502 πορνειῷν,
1123 2427 1404 2483 παύσασθε
1452 2429 1562 2482 τῶν
1607 2427 1906 2498 λοιδοριῶν,

270 2522 598 2576 παύσασθε
633 2520 728 2575 τοῦ
759 2519 1130 2592 θησαυρίζειν,
1174 2519 1408 2592 ὁρῶντες
1443 2520 1540 2574 νῦν
1589 2521 1795 2591 αἵματα
1821 2538 1910 2572 πι-

276 2613 731 2684 πρασκόμεναοτ
765 2611 1048 2666 παύσασθε
1107 2614 1204 2682 τῆς
1250 2609 1544 2683 ῥᾳθυμίας,
1609 2609 1908 2680 “oldest:

217 2726 228 2736 ι
277 2705 404 2764 ταῖς
427 2702 794 2773 ἐκκλησίαις,
827 2701 1122 2774 σχολάσατε
1147 2703 1382 2772 δεήσεσι.
1405 2702 1640 2772 Θλίψατε
1677 2703 1907 2766 ἑαυτοὺς

286 2797 526 2865 μικρὸν,
553 2795 650 2849 διὰ
677 2799 803 2859 τοὺς
823 2794 1174 2866 θλιϐομένους
1201 2795 1389 2850 πολλά.
1424 2795 1632 2858 Πάντες
1675 2795 1906 2866 συνδρά-

282 2903 427 2955 μετε
463 2890 556 2951 εἰς
617 2887 715 2959 τὴν
763 2887 870 2942 τῶν
931 2887 1174 2958 ἀδελφῶν
1203 2885 1355 2956 ὑμῶν
1402 2887 1680 2957 πρὸνοιαν.
1718 2890 1778 2939 υἱ
1807 2889 1908 2957 μὲν

287 2976 553 3046 ἔχοντες,
590 2978 678 3032 διά
709 2978 818 3032 τῶν
854 2979 1176 3050 χρημάτων.
1219 2978 1294 3031 Οὐ
1332 2977 1471 3049 φοϐῇ
1511 2978 1603 3030 τὸν
1634 2978 1787 3042 Θεὸν,
1815 2978 1908 3031 ἀν-

287 3066 490 3136 θρωπε
517 3085 534 3134 ;
564 3069 691 3122 οὐδὲ
719 3053 855 3123 αὐτὸ
885 3070 944 3123 τὸ
995 3070 1235 3134 συνειδός
1270 3085 1364 3124 σου
1429 3069 1678 3141 μαστίζει
1713 3087 1792 3134 σε,
1827 3072 1908 3124 ὅτι

285 3161 427 3232 ὁρᾷς
454 3160 558 3213 τὸν
585 3159 822 3234 Χριστὸν
852 3162 957 3215 ὑπὸ
986 3163 1204 3234 ἀνόμων
1233 3162 1531 3234 συρόμενον
1577 3163 1673 3216 καὶ
1705 3163 1908 3230 σφαζό-

297 3269 501 3322 μενον,
541 3255 640 3308 καὶ
672 3255 736 3308 σὺ
767 3253 838 3307 τά
869 3255 1130 3326 χρήματα
1159 3255 1600 3325 κατακρύπτεις;
1631 3255 1724 3308 καὶ
1749 3255 1907 3308 δυνά-

297 3359 468 3412 μενος
510 3346 693 3400 σῶσαι
718 3344 920 3417 ψυχὴν,
946 3341 1011 3418 ἦς
1040 3346 1160 3409 ὅλος
1190 3346 1218 3398 ὁ
1259 3347 1464 3418 κόσμος
1511 3347 1610 3401 οὐκ
1631 3345 1904 3413 ἀντάξιος,

292 3434 358 3487 οὐ
395 3435 628 3504 σώζεις,
656 3437 792 3490 αλλὰ
834 3439 958 3510 γίνῃ
1009 3438 1455 3509 ἀνθρωποκτόνος
1479 3456 1496 3507 ;
1521 3440 1652 3493 ὅταν
1683 3440 1790 3510 γάρ
1822 3457 1908 3504 τις

295 3523 621 3600 δυνάμενος
645 3528 820 3582 σῶσαι
857 3529 948 3584 τὸν
984 3529 1234 3598 ἀδελφὸν,
1275 3531 1352 3600 μὴ
1381 3529 1545 3582 σώσει
1589 3532 1905 3602 προθύμως,

297 3618 366 3672 ἐκ
393 3621 499 3690 τῆς
531 3621 714 3696 χειρὸς
737 3619 902 3674 αὐτοῦ
934 3619 1120 3674 λοιπὸν
1144 3619 1204 3673 τὸ
1243 3615 1382 3692 αἷμα
1413 3619 1579 3674 αὑτοῦ
1611 3623 1906 3694 ἀπαιτήσει

298 3710 538 3785 Κύριος.
563 3713 638 3766 Οὐ
672 3713 834 3783 μόνον
872 3709 936 3780 δὴ
951 3712 1038 3765 διὰ
1070 3710 1371 3783 χρημάτων
1413 3711 1496 3764 δεῖ
1522 3712 1770 3780 γίνεσθαι
1802 3715 1902 3783 τὴν

303 3805 666 3874 συμπάθειαν
689 3822 702 3834 ’
726 3805 788 3858 ού
821 3803 932 3874 γὰρ
962 3807 1180 3858 πάντων
1216 3805 1242 3856 ὁ
1281 3803 1530 3864 πλοῦτος.
1559 3807 1651 3858 Διὸ
1671 3803 1906 3868 ἕκαστος

297 3895 370 3949 δι’
391 3893 457 3952 οὗ
485 3898 712 3952 δύναται
769 3899 974 3970 τρόπου
1007 3897 1474 3971 συγκακοπαθήσῃ
1501 3913 1514 3929 ·
1551 3897 1641 3952 διὰ
1666 3914 1905 3968 προσευ-

304 3988 436 4060 χῆς,
453 3991 550 4046 διὰ
579 3991 858 4062 νηστείας,
888 3991 978 4046 διὰ
1019 3991 1343 4062 χαμευνίας,
1365 3991 1455 4046 διὰ
1483 3989 1758 4062 δακρύων,
1816 3989 1906 4064 διᾲ

302 4080 681 4148 διδασκαλίας.

391 4176 484 4230 Ἐν
523 4175 746 4239 πολλαῖς
775 4173 886 4244 γὰρ
915 4175 1206 4244 ἀνάγκαις,
1249 4171 1494 4242 ἀδελφοὶ,
1546 4171 1787 4244 σήμερον
1837 4173 1906 4227 τά

304 4265 582 4339 ἡμέτερα.
623 4265 967 4336 Ἐμὸλέψατε
1023 4265 1142 4330 πῶς
1183 4267 1334 4319 πᾶσα
1365 4263 1576 4334 ἡλικία,
1633 4265 1729 4318 καὶ
1755 4265 1907 4318 πᾶσα

308 4354 438 4421 ἀξία
452 4357 799 4428 μαστίζεται.
825 4357 916 4410 Διὸ
942 4357 1035 4410 καὶ
1066 4357 1270 4418 πάντες
1291 4355 1652 4426 αίχμάλωτοι,
1683 4357 1901 4410 πάντων

308 4443 467 4512 ὑμῶν
482 4441 558 4500 ὧν
573 4449 602 4500 ὁ
619 4444 822 4518 Κύριος
839 4444 1210 4518 ἐλυτρὼσατο,
1227 4445 1482 4516 δεόμεθα,
1501 4447 1902 4517 οίκτειρήσατε.

323 4538 540 4611 Ἱερᾶς,
575 4541 975 4612 συμπαθήσατε
1025 4541 1271 4605 πολιοῖςο
1307 4539 1747 4614 σπλαγχνίσθητε
1807 4559 1904 4612 νη-

313 4636 482 4702 πίοις,
501 4639 765 4711 ἐλεήσατε
797 4638 998 4709 χήρας,
1032 4639 1126 4691 καὶ
1151 4639 1312 4708 χεῖρα
1330 4635 1578 4708 ὀρέξατεο
1612 4635 1811 4696 πάντες
1842 4634 1900 4688 δὲ

315 4731 656 4784 σπουδάσατε
682 4729 778 4784 τοῦ
803 4730 942 4782 κατὰ
970 4727 1198 4799 δύναμιν
1227 4726 1746 4798 ἀντιλαμϐάνεσθαι.
1776 4725 1900 4779 Ἀσ-

314 4821 578 4886 πάξονταί
611 4838 695 4884 σε,
727 4819 886 4886 Σιὼν,
935 4823 1118 4874 πάντα
1165 4819 1234 4874 τὰ
1273 4821 1439 4873 τέκνα
1481 4837 1598 4880 σου.
1649 4819 1896 4888 λέγοντα,

315 4906 700 4966 Ἀσπάσασθε
719 4910 788 4976 ἐξ
807 4909 974 4980 ἡμῶν
988 4911 1131 4977 τοὺς
1141 4911 1350 4982 ἁγίους
1366 4911 1610 4976 τόπους,
1622 4909 1897 4980 ἀδελφοί.

329 4999 688 5068 Ἀσπάζονται
728 5003 874 5072 ὑμᾶς
935 5003 1172 5066 ἅπαντες
1203 5005 1252 5056 ot
1295 5003 1421 5073 ἐμοὶ
1467 5001 1744 5056 σύνδουλοι
1801 5003 1898 5056 καὶ

320 5093 768 5162 συναιχμάλωτοι.
811 5092 876 5146 Ἦ
927 5093 1108 5165 χάρις,
1141 5094 1240 5146 καὶ⁹
1296 5095 1331 5165 ἡ
1366 5093 1691 5165 ἀνάκλησις,
1740 5093 1836 5147 καὶ
1861 5094 1897 5163 ἡ

318 5177 628 5250 ἀνάστασις,
650 5182 739 5236 διὰ
757 5183 856 5253 τῆς
877 5185 1039 5252 ἁγίας
1067 5183 1418 5248 ἀναστάσεως
1449 5183 1572 5256 μεθ’
1602 5183 1778 5256 ἡμῶν,
1799 5185 1898 5238 καὶ

325 5273 438 5342 μεθ’
455 5275 482 5328 ῡ
492 5275 630 5346 μῶν.
679 5274 874 5346 Ἀμήν.

397 5450 440 5484 ’⁸
467 5451 660 5509 Matth.
685 5471 784 5524 vn,
812 5455 870 5510 ἢ.
947 5456 990 5488 ⁸⁸
1015 5453 1162 5512 Psal.
1187 5469 1364 5521 cxuv,
1407 5451 1500 5507 9.0.
1575 5452 1621 5484 ²¹
1661 5453 1819 5508 Dom.
1855 5467 1914 5507 ιι.

2011 1974 2098 2029 bis
2126 1974 2298 2029 ascita
2343 1975 2778 2044 exspectatione,
2829 1973 3206 2044 cognovimus.
3249 1971 3454 2028 Omnes
3508 1987 3604 2026 ca—

2012 2065 2198 2136 stigati
2229 2082 2443 2128 smnus,
2477 2077 2532 2120 at
2558 2083 2664 2120 non
2690 2081 2884 2120 omnes
2917 2065 3145 2134 perinde
3171 2063 3602 2136 aﬂligimurJ’e—

2013 2173 2136 2211 rum
2159 2174 2353 2213 omnes
2375 2161 2676 2212 enitamur.
2701 2156 2927 2213 Auferte
2950 2156 3278 2211 ebrietatem
3316 2174 3330 2210 :
3362 2156 3601 2212 desinite

2013 2249 2305 2316 fornicari,
2359 2249 2600 2305 desinite
2649 2251 2862 2321 jactare
2885 2247 3170 2314 convicia;
3217 2247 3456 2303 desinite
3481 2248 3603 2304 thc-

2011 2357 2208 2395 sauros
2224 2341 2530 2405 cumulare,
2564 2355 2690 2394 cunt
2722 2356 2869 2395 nunc
2891 2339 3124 2394 videatis
3151 2337 3348 2394 licitari
3376 2339 3602 2410 sangui-

2011 2448 2158 2487 nem.
2189 2432 2485 2502 Segnitiem
2517 2432 2792 2496 excutitc;
2825 2430 3076 2486 ecclesiis
3114 2438 3321 2494 vacate,
3345 2431 3602 2500 precibus

2013 2539 2242 2594 operam
2268 2523 2480 2594 ponite.
2509 2523 2784 2577 Modicum
2809 2521 2940 2591 quid
2971 2521 3286 2576 aﬂlietionis
3313 2521 3598 2588 assumite,

2009 2633 2204 2673 eorum
2237 2618 2415 2687 gratia
2447 2631 2684 2686 quorum
2719 2617 2912 2685 ingens
2951 2613 3176 2668 afflictio
3201 2621 3305 2668 est.
3366 2613 3602 2668 Paribus

2009 2720 2205 2760 omnes
2225 2705 2424 2760 studiis
2457 2715 2514 2759 ut
2549 2705 2815 2760 fratribus
2868 2703 3249 2774 prospiciatis,
3299 2703 3598 2760 accurrite.

2011 2794 2113 2861 Qui
2138 2783 2347 2850 habent
2371 2795 2658 2865 pecunias,
2685 2794 2995 2850 conferant.
3037 2792 3082 2849 Ο
3101 2793 3286 2858 homo,
3304 2810 3410 2848 non
3439 2793 3601 2848 times

2009 2890 2223 2945 Deum?
2250 2890 2362 2946 Nec
2413 2889 2529 2960 ipsa
2565 2889 2906 2948 conscientia
2959 2889 3210 2958 vapulas,
3246 2887 3394 2958 quod
3438 2885 3602 2944 Chri-

2011 2991 2158 3037 stum
2188 2981 2382 3036 videas
2409 2981 2476 3035 ab
2503 2980 2772 3050 improbis
2799 2977 2963 3046 trahi,
3014 2994 3078 3034 ac
3119 2979 3383 3050 jugulari,
3427 2987 3600 3050 tuque

2010 3073 2305 3144 pecuniam
2335 3071 2620 3128 occultes?
2663 3087 2728 3126 ac
2757 3087 2882 3126 cum
2918 3071 3096 3140 possis
3122 3072 3358 3127 animam
3391 3073 3596 3128 salvam

1937 3201 1981 3258 ο
2015 3163 2218 3227 facere,
2247 3164 2408 3234 cujus
2435 3179 2538 3219 nec
2572 3162 2814 3218 mundus
2848 3163 3144 3218 universus
3172 3165 3410 3233 pretium
3452 3179 3599 3221 exae-

2014 3264 2166 3324 quet,
2196 3253 2249 3308 id
2295 3255 2519 3309 minime
2539 3266 2788 3325 praestes,
2822 3254 2919 3309 sed
2948 3255 3224 3310 homicida
3258 3255 3396 3310 ﬁas?
3455 3256 3594 3312 Cum

2011 3346 2156 3400 enim
2203 3346 2328 3416 quis
2395 3347 2628 3401 salutem
2703 3345 2859 3401 fratri
2909 3356 3167 3416 praestare
3249 3357 3450 3419 potest,
3493 3365 3600 3405 nec

2010 3449 2267 3509 prompto
2291 3439 2476 3493 animo
2505 3448 2747 3509 prazstat,
2783 3439 2932 3492 illius
2952 3438 3063 3508 jam
3085 3438 3348 3494 Dominus
3375 3441 3600 3510 sangui-

2015 3549 2138 3587 nem
2165 3532 2232 3587 de
2259 3533 2380 3603 ejus
2403 3548 2567 3586 manu
2599 3532 2868 3602 requiret.
2926 3529 3042 3584 Nec
3070 3546 3202 3585 vero
3225 3533 3478 3600 pecuniis
3508 3549 3598 3586 so—

2007 3625 2122 3680 lum
2144 3626 2448 3695 praestanda
2476 3625 2860 3680 misericordia
2884 3643 2898 3678 :
2919 3639 3044 3678 cum
3064 3640 3165 3678 nec
3183 3625 3442 3680 omnibus
3461 3641 3599 3700 opes

2007 3724 2323 3786 suppetant.
2365 3715 2731 3784 Quamobrem
2785 3715 3168 3784 unusquisque
3226 3716 3428 3784 quibus
3466 3718 3597 3774 licet

2010 3807 2188 3861 modis
2241 3807 2518 3862 miseriam
2555 3807 2782 3871 relevct,
2843 3805 3124 3876 precibus,
3177 3807 3407 3878 jejunio,
3466 3808 3595 3864 lecti

2007 3895 2233 3962 duritie,
2265 3897 2542 3968 luerymis,
2575 3897 2851 3952 doctrina.

2078 4181 2297 4238 Etenim
2331 4181 2386 4236 in
2414 4181 2628 4260 magnis
2655 4179 2932 4252 angustiis
2957 4179 3144 4244 hodie,
3185 4179 3404 4244 fratres,
3453 4177 3595 4234 exsi-

2007 4282 2162 4330 stunt
2195 4288 2284 4328 res
2311 4285 2538 4328 nosme.
2561 4271 2927 4328 Considerate
2939 4271 3218 4342 quomodo
3235 4271 3418 4325 omnis
3435 4279 3591 4336 aetas,

2007 4364 2298 4436 omnisque
2321 4365 2461 4421 ordo
2485 4381 2552 4421 ac
2583 4365 2826 4436 dignitas
2856 4365 3092 4420 verbera
3111 4363 3368 4434 patiatur.
3392 4347 3596 4429 Quam-

2007 4458 2198 4514 obrem
2227 4457 2397 4514 etiam
2425 4472 2526 4512 vos
2547 4471 2741 4512 omnes
2769 4495 2786 4522 ,
2829 4455 2976 4526 quod
3017 4456 3164 4510 Deus
3195 4453 3432 4509 redemit
3461 4493 3476 4520 ,
3504 4469 3596 4509 ta-

1937 4546 1982 4601 D
2012 4550 2148 4621 ptivi
2187 4565 2382 4606 omnes
2405 4564 2686 4622 rogamus,
2713 4558 2776 4604 ut
2807 4547 3206 4605 misereamini.
3239 4545 3592 4610 Sacerdotes,

2004 4642 2160 4698 canis
2181 4657 2438 4712 aspersos
2469 4657 2652 4707 senes,
2679 4657 2906 4713 pueros,
2970 4640 3229 4704 infantes,
3261 4637 3462 4693 viduas
3491 4637 3595 4692 mi-

2007 4733 2285 4790 seratione
2303 4735 2734 4806 prosequimini,
2770 4749 2837 4790 ac
2867 4748 3092 4788 manum
3123 4729 3409 4802 porrigite.
3434 4729 3594 4783 Salu—

2009 4829 2126 4876 lant
2153 4831 2230 4884 te,
2277 4823 2435 4886 Sion,
2481 4838 2677 4878 omnes
2708 4823 2804 4876 ﬁlii
2839 4822 2942 4883 tui,
2985 4822 3232 4876 dicentes
3279 4835 3294 4872 :
3343 4814 3593 4872 Salutate

2009 4929 2073 4968 ex
2107 4923 2288 4970 nostra
2309 4915 2520 4970 nomine
2540 4914 2654 4968 loca
2675 4924 2888 4978 sancta,
2917 4912 3134 4983 fratres.
3182 4909 3434 4966 Salutant
3490 4923 3592 4964 vos

2007 5020 2204 5062 omnes
2228 5007 2484 5062 conservi
2524 5005 2736 5069 mei,ac
2755 5003 3087 5073 concaptivi.
3125 4999 3334 5068 Gratia,
3363 5009 3422 5056 et
3453 5014 3590 5056 con-

2010 5086 2234 5152 solatio,
2255 5099 2321 5140 ac
2350 5085 2704 5151 resurrectio,
2729 5101 2824 5157 per
2843 5091 3092 5142 sanctam
3127 5086 3591 5144 resurrectionem

2011 5181 2317 5247 nobiscum,
2348 5195 2414 5237 ac
2440 5179 2746 5238 vobiscum.
2772 5179 2972 5237 Amen.

1941 5449 1995 5506 ϐ.
