4078 6390
483 329 619 392 3235

1954 321 2267 384 INCERTI

507 526 3721 562 MM”—

1896 705 2376 862 lNGEli'l‘l

828 1000 979 1089 DE
1075 994 1566 1088 PERSICA
1650 991 2451 1084 CAPTIVITATE
2537 986 3261 1079 OPUSCULUM
3335 968 3465 1075 (Ῑ).

557 1329 685 1388 llzec
706 1329 774 1384 ad
808 1343 905 1385 eos
929 1329 1034 1398 qni
1060 1324 1459 1396 Hierosolymis
1479 1323 1827 1385 habitabant,
1859 1337 1952 1375 seu
1981 1337 2078 1391 po—

2255 1313 2440 1370 Ταῦτα
2489 1316 2627 1387 προς
2678 1316 2803 1381 τοὺς
2848 1318 2907 1371 ἐν
2937 1315 3300 1388 Ἰερουσαλὴμ
3353 1316 3774 1386 κατοικοῦντας,

487 1424 601 1477 tius
643 1423 757 1476 illic
796 1418 1006 1475 residui
1040 1424 1220 1479 erant,
1282 1413 1460 1467 bonus
1491 1413 1685 1467 Pastor
1718 1411 2069 1483 significavit.

486 1514 624 1569 Tum
658 1513 805 1567 enim
839 1512 909 1565 iis
938 1525 1076 1580 quos
1111 1522 1298 1562 secum
1335 1506 1594 1568 habebat,
1638 1513 1750 1558 tum
1787 1504 1880 1574 qui
1913 1505 2072 1573 longe

487 1607 652 1676 positi
676 1614 856 1667 erant,
897 1601 1136 1656 habebat
1179 1615 1409 1664 curam,
1486 1607 1653 1668 atque
1702 1597 1788 1651 his
1836 1596 2073 1651 maxime

486 1700 581 1769 qui
610 1700 662 1753 in
696 1698 863 1753 Sione
897 1694 1197 1767 degebant.
1249 1692 1369 1747 Non
1391 1692 1541 1747 enim
1574 1691 1797 1746 nescius
1829 1699 1947 1745 eral
1990 1690 2074 1743 vir

483 1793 682 1847 beatus
705 1800 945 1861 quantus
993 1787 1154 1842 dolor
1194 1800 1387 1840 eorum
1434 1784 1669 1855 augebat
1709 1783 1897 1838 corda.
1936 1783 2074 1838 Fere

488 1899 727 1953 namque
764 1882 897 1951 ipsis
948 1878 1171 1950 gravius
1213 1877 1474 1932 dolebant
1499 1876 1593 1945 q’ui
1637 1876 1838 1946 captivi
1890 1874 2071 1929 abacti

482 1974 724 2038 fuerant,
755 1987 879 2027 cum
916 1970 1135 2026 scilicet
1165 1969 1439 2025 salutares
1476 1968 1623 2022 {edes
1654 1969 1771 2022 solo
1799 1977 1960 2021 tenus
1989 1967 2074 2020 tli-

489 2076 646 2122 rutas
669 2066 844 2121 oculis
879 2066 1213 2135 aspicerent,
1245 2078 1310 2118 ac
1340 2078 1397 2117 se
1413 2077 1600 2126 cruce,
1639 2069 1882 2133 pastore,
1908 2076 2072 2130 grege

488 2159 674 2223 simul,
707 2173 771 2211 ac
792 2172 904 2211 uno
944 2157 1098 2211 velut
1131 2165 1411 2210 momento
1452 2154 1750 2209 destitutos
1797 2153 2072 2207 viderent.

483 2248 674 2318 Neque
705 2248 757 2302 id
784 2248 982 2314 modo;
1039 2248 1135 2303 sed
1170 2255 1227 2302 et
1274 2246 1572 2301 multitudo
1630 2244 1960 2299 cadaverum
2016 2244 2070 2297 in

484 2339 733 2405 civitate,
767 2355 831 2394 ac
861 2354 1027 2409 quem
1063 2338 1152 2392 illa
1182 2337 1517 2393 exhalabant
1563 2335 1796 2391 fetorem
1849 2349 1958 2387 non
1996 2334 2074 2387 lc-

485 2428 631 2480 viter
651 2426 1049 2490 excruciabat;
1084 2441 1276 2480 eorum
1303 2429 1582 2495 praecipue
1613 2439 1735 2494 qua:
1782 2437 1944 2476 nosse
1976 2438 2073 2490 po-

487 2527 736 2572 tuerunt.
766 2518 973 2573 Horum
1006 2533 1129 2587 qua:
1152 2517 1393 2571 diximus
1419 2526 1503 2571 est
1534 2516 1831 2586 praeclarus
1883 2514 2073 2585 junior

484 2620 674 2665 noster
695 2610 1050 2673 Nicodemus,
1072 2609 1333 2678 illiusque
1360 2608 1476 2662 fere
1498 2608 1818 2678 Magdaleua
1844 2606 2067 2675 conjux,

2182 1406 2384 1476 μᾶλλον
2406 1406 2460 1459 δὲ
2484 1404 2967 1476 καταλειφθέντας,
2997 1407 3026 1460 ὁ
3046 1408 3207 1474 καλὸς
3237 1410 3447 1479 ιιοιμὴν
3466 1410 3768 1481 ἐσήμανεν.

2180 1497 2421 1566 Ἔμελεν
2447 1498 2554 1568 γὰρ
2579 1497 2727 1568 αὐτῷ
2758 1499 2853 1552 καὶ
2894 1501 3021 1571 περὶ
3055 1499 3164 1555 τῶν
3198 1502 3294 1554 σὺν
3342 1500 3511 1571 αὐτῷ,
3538 1502 3631 1553 καὶ
3657 1500 3772 1553 τῶν

2175 1587 2283 1639 ἀπὸ
2313 1586 2561 1657 μήκοθεν
2590 1586 2759 1640 ὄντων
2780 1606 2793 1620 ·
2845 1589 2939 1641 καὶ
2996 1589 3233 1657 μάλιστα
3283 1589 3392 1641 τῶν
3423 1591 3481 1641 ὲν
3503 1592 3570 1660 τῇ
3604 1588 3771 1642 Σιών.
3867 1660 3871 1664 ι

2176 1678 2476 1745 Ἑγίνωσκε
2502 1679 2610 1747 γὰρ
2634 1681 2661 1731 ὁ
2698 1678 3009 1750 μακαρίτης
3036 1681 3133 1747 τὴν
3163 1680 3329 1733 οὖσαν
3346 1680 3539 1751 ὀδύνην
3567 1684 3625 1734 ὲν
3645 1681 3775 1741 ταῖς

2177 1769 2431 1841 καρδίαις
2460 1770 2664 1823 αὐτῶν.
2695 1768 2819 1820 Τῶν
2870 1771 3416 1840 αἰχμαλωτισθέντων
3446 1771 3553 1843 γὰρ
3580 1771 3776 1841 σχεδον

2177 1861 2575 1932 χαλεπωτέρως
2639 1863 2994 1933 ἐδαμάζοντσ,
3059 1862 3164 1931 πρὸ
3193 1861 3485 1932 ὀφθαλμῶν
3532 1862 3777 1932 ὁρῶντες

2174 1953 2301 2014 τοὺς
2332 1953 2633 2022 σωτηρίους
2651 1952 2833 2016 οἴκους
2863 1954 2955 2006 ἐπὶ
2986 1952 3079 2006 τοῦ
3116 1953 3346 2021 ὲδάςους
3372 1954 3716 2025 ἐρριμμένου
3742 1973 3777 2018 ·,

2179 2045 2271 2096 καὶ
2300 2045 2391 2096 τὸν
2416 2044 2669 2115 σταυρὸν,
2705 2047 2800 2097 καὶ
2828 2046 2920 2098 τὸν
2954 2046 3207 2116 ποιμένα,
3266 2046 3361 2098 καὶ
3393 2045 3489 2116 τὴν
3530 2045 3780 2115 ποίμνην

2177 2134 2266 2203 ὑφ’
2307 2134 2365 2187 ἓν
2412 2136 2611 2198 αὐτοὺς
2645 2135 3068 2199 καταλιπόντας.
3104 2137 3178 2188 Οὐ
3211 2138 3370 2207 μόνον
3397 2136 3474 2199 δὲ,
3506 2133 3640 2188 ἀλλὰ
3673 2136 3778 2188 καὶ

2174 2227 2234 2279 τὸ
2255 2225 2459 2295 πλῆθος
2480 2225 2589 2277 τῶν
2626 2228 2682 2278 ὲν
2704 2229 2769 2295 τῇ
2809 2226 2964 2279 πόλει
3024 2227 3422 2296 σκηνωμάτων,
3458 2225 3610 2295 καὶὴ
3644 2224 3780 2277 τοῦ·

2176 2336 2283 2370 των
2299 2314 2554 2380 δυσωδία,
2593 2317 2653 2368 οὐ
2695 2316 2935 2385 μετρίως
2965 2316 3165 2378 αὐτοὺς
3196 2313 3510 2379 ἐϐασάνιζε,
3538 2315 3635 2367 καὶ
3660 2314 3777 2383 μά.

2174 2409 2333 2461 λιστα
2362 2400 2549 2475 ὧνπερ
2584 2406 2873 2477 γνωρίζειν
2904 2406 3184 2476 ἠδύναντο.
3222 2408 3507 2478 Μαρτυρεί
3548 2408 3659 2467 τοῖς
3687 2405 3779 2456 5!-

2179 2498 2435 2569 ρημένοις
2474 2492 2627 2561 οὗτος
2662 2498 2689 2548 ὁ
2726 2497 2891 2559 καλὸς
2924 2498 3218 2568 νέοςὴμῶν
3253 2498 3581 2567 Νικόδημος,
3611 2498 3708 2550 καὶ
3745 2500 3777 2567 ἠ

2175 2589 2366 2641 τούτου
2423 2588 2608 2659 σχεδὸν
2672 2588 3009 2659 Μαγδαληνὴ
3072 2588 3325 2654 σύζυγος,
3385 2588 3417 2658 ἡ
3469 2586 3610 2657 καλὴ
3675 2588 3780 2639 καὶ

484 2701 763 2772 egregium
825 2716 922 2770 par
968 2715 1030 2753 ac
1054 2699 1360 2755 studiosum
1391 2717 1403 2752 :
1453 2698 1545 2768 qui
1574 2698 1835 2753 nimirum
1862 2697 2075 2753 facinus

2183 2679 2442 2734 σπουδαία
2469 2680 2730 2752 ξυνωρίς·
2768 2680 2815 2733 oi
2848 2679 2996 2742 ἄξιον
3015 2678 3181 2741 ὅντως
3240 2679 3461 2747 μνήμης
3491 2677 3587 2729 καὶ
3642 2693 3784 2744 συγ-

488 2792 755 2845 mcmoria
792 2806 855 2845 ac
898 2792 1212 2847 litterarum
1248 2789 1625 2844 monumentis
1657 2788 1881 2859 dignum
1911 2790 2072 2858 plane

487 2881 804 2935 ediderunt.
842 2880 953 2934 llos
1005 2880 1100 2949 qui
1152 2880 1327 2933 velint
1370 2879 1742 2950 interrogent,
1816 2894 1880 2932 ac
1926 2879 2072 2933 clare

485 2980 636 3041 gesta
673 2984 787 3026 tum
808 2969 1204 3042 Hierosolymis
1228 2969 1466 3024 discent.

558 3062 621 3116 lli
654 3062 825 3125 enim,
874 3062 928 3115 hi
967 3052 1191 3117 virtutis
1214 3063 1459 3116 cultores
1508 3078 1570 3116 ac
1598 3061 1717 3127 Dei,
1767 3062 1861 3115 ubi
1891 3064 2077 3117 hostes

484 3150 771 3215 exiissent,
802 3149 968 3219 inque
1015 3149 1295 3203 Persidem
1326 3149 1616 3211 abiisscnt,
1662 3159 1831 3203 totam
1863 3150 2075 3204 circum

488 3241 681 3295 urbem
736 3255 801 3295 ac
832 3240 988 3294 vicos
1038 3240 1361 3305 lustrantes,
1431 3239 1623 3309 sicque
1675 3240 1904 3295 fratrum
1938 3241 2075 3295 reli-

485 3332 647 3401 quias
680 3333 863 3402 jacere
898 3331 1324 3399 conspicientes,
1378 3332 1689 3385 mercedem
1736 3331 1840 3385 sibi
1881 3338 2079 3400 parant

486 3433 692 3479 aeterna
722 3440 780 3479 re
806 3422 922 3491 ipsa
987 3421 1260 3475 memoria
1320 3422 1752 3476 consecrandam
1784 3439 1797 3474 :
1837 3422 2078 3491 projecta

489 3515 639 3569 enim
671 3515 911 3583 sparsim
942 3513 1148 3583 ubique
1171 3513 1438 3568 cadavera
1462 3514 1625 3568 simul
1652 3520 1995 3573 acervantes,
2022 3509 2076 3562 in

492 3620 660 3675 specu
679 3605 985 3674 deponunt,
1023 3619 1147 3674 quae
1188 3612 1273 3659 est
1296 3613 1424 3659 ante
1457 3613 1669 3673 portam
1703 3602 1772 3658 ad
1799 3601 2080 3670 sexaginta

489 3695 733 3767 quinque
758 3695 947 3751 millia.

563 3788 619 3842 Si
651 3788 775 3858 quis
801 3788 970 3859 igitur
995 3802 1061 3842 ex
1087 3788 1157 3844 iis
1180 3788 1275 3857 qui
1308 3798 1461 3843 certo
1497 3788 1695 3852 sciant,
1733 3802 1897 3841 nosse
1927 3784 2079 3846 velit,

492 3893 560 3932 ex
606 3878 714 3933 illis
743 3877 997 3946 exquirat
1027 3893 1041 3931 :
1071 3878 1363 3946 palamque
1406 3876 1710 3940 docebunt,
1759 3888 1824 3928 ac
1871 3873 2079 3937 dicent,

491 3982 616 4037 qua:
654 3983 755 4021 nos
791 3982 1013 4037 quoque
1057 3967 1397 4036 aspeximus.
1445 3965 1564 4031 Qua
1642 3978 1838 4032 nempe
1907 3962 2082 4016 forma

492 4066 658 4127 atque
686 4056 879 4112 habitu
904 4065 1222 4127 prostarent
1261 4057 1409 4112 beati
1461 4056 1581 4110 solo
1614 4054 1797 4120 strati,
1851 4054 1944 4123 qui
1976 4054 2081 4108 sub

492 4148 549 4203 id
574 4155 796 4218 tempus,
817 4148 1217 4219 Hierosolymis
1252 4153 1575 4201 meruerunt
1622 4144 1823 4199 occidi.
1873 4143 2026 4198 Alter
2051 4160 2084 4198 a

492 4240 674 4311 capite
706 4239 771 4293 ad
798 4254 895 4294 cor
934 4253 1109 4309 usque
1139 4238 1324 4309 gladio
1350 4238 1552 4291 vulnus
1579 4242 1909 4304 acceperat;
1943 4235 2083 4288 alter

495 4332 566 4387 ab
591 4332 839 4386 humeris
873 4331 941 4386 ad
971 4346 1149 4399 usque
1170 4337 1443 4383 ventrem.
1503 4326 1660 4381 Alius
1686 4326 1954 4396 quinque,
1986 4322 2085 4377 de-

494 4436 686 4476 oemve
714 4421 860 4474 ictus
883 4418 940 4472 in
975 4417 1255 4472 intestinis
1286 4417 1528 4472 habebat
1560 4434 1575 4469 :
1610 4417 1754 4469 alius
1809 4415 2084 4469 dissectus
2112 4450 2129 4457 κ

495 4505 936 4578 ωοᾱίυεῖὶηιιυο
967 4508 1080 4561 duo
1101 4507 1316 4561 divisus
1346 4516 1487 4561 erat.
1542 4507 1672 4569 Alii,
1710 4513 1902 4559 ventre
1948 4518 2082 4558 ense

494 4604 746 4674 perfosso
790 4598 1052 4655 intestina
1085 4598 1274 4651 omnia
1299 4598 1477 4652 causa
1511 4605 1672 4650 erant
1704 4613 1718 4650 ι
1752 4596 1920 4649 alium
1960 4595 2082 4649 ovis

496 4693 674 4748 instar
701 4692 755 4746 in
790 4687 1026 4746 macello
1081 4685 1191 4739 diri
1241 4685 1531 4740 carnifices
1587 4687 1643 4739 in
1698 4685 1874 4740 frusta
1923 4687 2081 4756 plura

499 4784 880 4840 conciderant.

566 4874 711 4940 Quid
761 4889 896 4929 vero
938 4868 1344 4928 miserabiliora
1388 4868 1537 4923 alia?
1603 4868 1713 4923 Alii
1775 4868 1829 4921 in
1883 4866 2082 4938 plateis

498 4964 815 5035 spectaculo
841 4962 1168 5032 prostabaut
1190 5002 1205 5025 ,
1238 4960 1331 5014 alii
1355 4960 1411 5013 in
1431 4959 1687 5013 oratoriis
1698 4958 2078 5024 necabantur;

501 5054 595 5109 alii
618 5068 742 5107 cum
776 5053 833 5105 in
872 5050 1072 5105 Sancta
1104 5060 1422 5105 sanctorum
1448 5049 1570 5120 opis
1600 5065 1767 5105 causa
1817 5047 2080 5118 confuge-

503 5149 668 5195 rent:
703 5139 845 5193 alius
882 5138 1233 5192 Dominicum
1266 5153 1505 5208 corpus;
1569 5139 1711 5193 alius
1759 5136 1968 5192 Christi
1996 5146 2080 5193 te-

504 5243 645 5284 nens
671 5242 914 5282 erucem.
944 5226 1096 5281 Alter
1119 5228 1172 5282 in
1203 5228 1465 5298 piscinam
1489 5228 1770 5298 ingressus
1789 5228 2080 5299 jugulaba-

2177 2776 2398 2844 γραεέῆς
2446 2773 2816 2842 ἐργασάμενοι
2865 2770 3217 2841 κατόρθωμα.
3256 2771 3525 2833 Ἐκείνους
3561 2770 3608 2822 οἱ
3644 2769 3783 2839 βου-

2175 2866 2393 2936 λόμενοι
2425 2868 2808 2936 ἐρωτάτωταν,
2836 2865 2933 2918 καὶ
2961 2863 3149 2934 σαφῶς
3213 2864 3580 2934 μανθάνουσιν
3622 2858 3699 2914 τί⁸
3715 2862 3783 2914 τὸ

2177 2958 2235 3009 ἐν
2280 2958 2345 3008 ’1ε
2356 2957 2640 3026 ρουσαλὴμ
2676 2954 2989 3024 γενόμενον.

2251 3040 2411 3096 Οὗτοι
2457 3046 2587 3115 γὰρ,
2648 3040 2816 3107 οὗτοι,
2874 3043 3152 3097 σπουδαῖοι
3202 3044 3297 3097 καὶ
3332 3042 3588 3112 φιλόθεοι,
3632 3044 3783 3114 μετὰ

2176 3140 2277 3207 τ’,ν
2307 3135 2414 3188 τῶν
2442 3134 2653 3206 ἐχθρῶν
2683 3136 2879 3199 ἔξοδον,
2912 3136 3006 3189 καὶ
3038 3137 3128 3188 ἐπὶ
3166 3135 3403 3204 Περσίδα
3420 3135 3646 3189 κάεοῖον
3675 3151 3783 3189 πι-

2184 3229 2513 3300 ριερχῦμενοι
2583 3226 2680 3295 τὴν
2735 3227 2888 3279 πόλιν
2916 3226 3151 3292 ἃπασαν,
3211 3228 3305 3280 καὶ
3337 3229 3436 3280 τὰς
3476 3228 3781 3292 πολιτείας,

2180 3320 2276 3373 καὶ
2306 3318 2540 3389 ὁρῶντες
2574 3317 2745 3381 οὕτως
2770 3319 2997 3389 κείμενα
3024 3319 3091 3372 τά
3121 3319 3230 3371 τῶν
3248 3318 3492 3387 ἀδελφῶν
3518 3319 3780 3389 λείψανα,

2181 3407 2595 3477 περιποιοῦνται
2624 3408 2839 3470 ἑαυτοῖς
2875 3408 3087 3479 μισθὸν,
3120 3407 3289 3471 ὅντως
3318 3411 3396 3471 είς
3423 3409 3593 3462 αἰῶνα
3631 3427 3783 3479 μνη·

2185 3498 2568 3567 μαντευόμενον.
2611 3499 2722 3550 Καὶ
2744 3497 3170 3562 ὲπισυνάξαντες
3200 3499 3258 3550 ὲν
3308 3504 3387 3569 τῷ
3451 3501 3592 3551 κατὰ
3626 3500 3780 3572 μέρη

2185 3586 2603 3657 κατερῥιμμένα
2637 3588 2997 3659 σκηνώματα,
3032 3590 3383 3643 ἀποτίθενται
3428 3593 3485 3643 ἐν
3518 3592 3783 3662 σπηὶαίῳ

2184 3678 2289 3749 πρὸ
2322 3679 2422 3747 τῆς
2449 3678 2681 3741 πόλεως,
2709 3681 2836 3749 ἄχρι
2867 3680 3117 3750 χιλιάδων
3151 3682 3412 3752 ἑξήκοντα
3444 3681 3623 3738 πέντε.

2256 3769 2323 3822 Et
2339 3786 2421 3831 τις
2438 3770 2619 3823 τοίνυν
2654 3770 2897 3840 βούλοιτο
2926 3771 3077 3842 παρὰ
3107 3772 3215 3824 τῶν
3231 3770 3291 3825 εὖ
3315 3773 3534 3825 εἰδότων
3554 3773 3780 3843 μαθεῖν,

2185 3861 2382 3924 αὐτοὺς
2413 3860 2752 3927 ἐξεταζέτω·
2814 3865 3054 3917 κάκεῖνοι
3114 3864 3300 3933 σαφῶς
3331 3864 3618 3930 διδάξουσι,
3677 3869 3783 3920 καὶ

2189 3952 2423 4023 ἐροῦσιν,
2462 3953 2608 4024 άπερ
2642 3954 2736 4006 καὶ
2768 3957 2928 4025 ἡμεῖς
2955 3956 3302 4026 ἑωράκαμεν.
3325 3957 3503 4020 Ποίοις
3530 3957 3781 4027 σχήμασι

2190 4044 2281 4094 καὶ
2305 4044 2461 4112 ῆθεσι
2491 4044 2811 4115 προέκειντο
2844 4047 2938 4099 ἐπὶ
2992 4045 3086 4099 τοῦ
3128 4047 3362 4115 ἐδάφους
3411 4049 3462 4100 oi
3510 4051 3781 4118 μακάριοι

2185 4134 2243 4185 ὲν
2286 4134 2639 4206 Ἰερουσαλὴμ
2691 4138 3111 4207 κατασφαγῆναι
3163 4138 3523 4202 ἀξιωθέντες·
3570 4142 3597 4193 ὁ
3670 4140 3781 4209 μὲν

2185 4224 2293 4279 ἀπὸ
2320 4225 2562 4297 κεφαλῆς
2611 4226 2717 4289 ἕως
2770 4228 2999 4298 καρδίας
3032 4229 3133 4298 τὴν
3161 4229 3377 4300 πληγὴν
3408 4229 3618 4283 λαϐών·
3652 4235 3681 4285 ὁ
3715 4232 3780 4285 δὲ

2184 4316 2291 4368 ἀπὸ
2305 4314 2471 4386 ὤμων
2496 4316 2601 4381 ἕως
2619 4317 2827 4381 κοιλίας
2857 4335 2872 4349 ·
2898 4319 3075 4384 ἄλλος,
3102 4320 3310 4391 πέντεῆ
3339 4320 3472 4373 δέκα
3499 4323 3782 4393 ῥομφαίας

2184 4408 2243 4459 ἐν
2272 4411 2381 4470 τοῖς
2411 4408 2664 4476 ὲγκάτοις
2697 4406 2875 4479 εἶχεν·
2940 4411 3127 4483 ἕτερος
3163 4414 3301 4466 κατὰ
3361 4413 3533 4485 μέσης
3566 4431 3780 4483 κεκομο

2190 4498 2370 4567 μένος,
2404 4497 2499 4549 καὶ
2534 4499 2612 4559 εἰς
2643 4498 2737 4550 δύο
2772 4498 3103 4570 διῃρημένος
3129 4517 3142 4531 ·
3178 4501 3337 4565 ἄλλος
3377 4502 3540 4553 πάλιν
3589 4505 3646 4553 ὲν
3706 4505 3777 4572 τῇ

2186 4589 2431 4661 μαχαίρᾳ
2452 4590 2553 4660 τὴν
2579 4590 2789 4643 κοιλίαν
2821 4596 3242 4662 κεκεντημένος,
3274 4595 3368 4647 καὶ
3404 4593 3579 4647 πάντα
3606 4594 3777 4647 αὐτοῦ

2182 4679 2251 4731 τά
2281 4681 2431 4743 ἐντὸς
2463 4680 2835 4750 προχυθέντα·
2866 4681 3053 4753 ἕτερος
3079 4683 3236 4754 δίκην
3285 4684 3560 4756 προϐάτου
3594 4687 3651 4738 ὲν
3676 4702 3782 4755 μαο

2184 4771 2359 4840 κέλλῳ
2384 4772 2464 4833 είς
2504 4771 2675 4825 πολλὰ
2698 4773 2837 4843 μέλη
2875 4775 3177 4847 κατεκόπη.

2251 4862 2316 4914 Τί
2331 4862 2471 4916 δὲτὰ
2494 4862 2630 4916 ἄλλα
2653 4862 2990 4935 ἐλεεινότερα
3016 4881 3032 4932 ;
3054 4867 3121 4918 Οἱ
3148 4867 3247 4937 μὲν
3268 4868 3328 4921 ἐν
3345 4870 3466 4931 ταῖς
3494 4867 3776 4931 πλατείαις

2183 4954 2502 5022 προέκειντο
2530 4953 2710 5024 θέαμα
2732 4971 2747 4986 ·
2766 4954 2917 5008 ἄλλοι
2947 4958 3005 5010 ὲν
3041 4960 3154 5021 τοῖς
3185 4959 3499 5030 εὐκτηρίοις
3522 4974 3536 4989 ·
3592 4960 3773 5031 ἕτεροι

2181 5043 2263 5106 είς
2285 5047 2352 5096 τὰ
2374 5044 2537 5111 Ἅγια
2566 5044 2676 5098 τῶν
2705 5046 2877 5113 ἁγίων
2902 5049 3341 5119 καταφεύγοντες
3359 5054 3439 5116 είς
3479 5050 3734 5123 βοήθειαν
3755 5069 3770 5083 ·

2182 5136 2277 5187 καὶ
2306 5136 2334 5187 ὁ
2358 5135 2480 5204 μὲν,
2516 5136 2577 5188 τὸ
2604 5137 2763 5207 σῶμα
2790 5138 2849 5191 τὸ
2875 5140 3203 5193 Δεσποτικόν
3225 5158 3239 5172 ·
3268 5143 3294 5195 ὁ
3322 5142 3400 5204 δὲ,
3430 5144 3520 5195 τὸν
3544 5145 3775 5214 σταυρὸν

2182 5225 2274 5277 τοῦ
2300 5226 2534 5295 Χριστοῦ
2566 5228 2811 5298 κατέχων
2830 5246 2845 5260 ·
2866 5231 3062 5302 ἔτερος
3084 5233 3141 5284 ὲν
3160 5236 3223 5303 τῇ
3253 5232 3609 5306 κολυμϐήθρᾳ
3641 5251 3776 5294 κατ·

503 5328 617 5384 tur,
656 5318 795 5372 alter
817 5317 1014 5372 subtus
1037 5319 1207 5375 altare
1235 5320 1458 5376 latitans
1504 5339 1518 5375 :
1556 5319 1872 5389 fiebantque
1914 5319 2078 5373 victi-

2183 5319 2473 5387 ερχὸμενος
2492 5335 2507 5350 ·
2539 5322 2635 5373 καὶ
2663 5320 2819 5385 ἄλλος
2845 5323 2950 5375 ὑπὸ
2986 5324 3374 5396 θυσιαστήριον
3439 5328 3775 5397 κρυϐνίεμενος

503 5423 616 5471 ma,
643 5406 834 5462 eadem
861 5408 1081 5476 quidem
1124 5409 1220 5464 Dei
1263 5410 1657 5465 comminantis
1681 5409 1950 5473 vindicta,
1981 5408 2077 5476 qui

506 5506 691 5554 tamen
730 5496 1006 5553 diversum
1025 5500 1291 5571 judicium
1352 5516 1417 5556 ac
1446 5501 1794 5573 mysterium,
1830 5498 1912 5553 uti
1939 5499 2082 5553 dixi-

583 5631 656 5707 (l)
701 5630 848 5707 Istud
876 5635 1178 5707 apusculum
1226 5644 1359 5691 totos
1400 5636 1667 5691 Antistitis
1709 5634 2088 5707 Hierosolymi-

509 5702 625 5755 tani
660 5704 870 5772 ερξιὶιιιι
908 5702 1021 5777 pne
1052 5724 1106 5762 se
1136 5709 1280 5779 fert:
1309 5710 1534 5780 fortasse
1560 5708 1670 5777 ipse
1713 5714 1787 5759 est
1821 5702 2085 5760 Modéstua

2186 5410 2570 5477 ἐσφαγιάζετο.
2627 5415 2738 5467 Καὶ
2767 5414 2928 5467 θυσία
2972 5417 3231 5485 ἐγίνοντο,
3272 5420 3401 5488 μίαν
3441 5420 3538 5489 μὲν
3578 5421 3815 5489 ἔχουσι,

2187 5501 2287 5571 τὴν
2312 5500 2564 5573 ἀπειλὴν,
2596 5505 2854 5577 διάφορον
2887 5507 2945 5560 δὲ
2993 5506 3055 5560 τὸ
3103 5511 3281 5580 κρῖμα
3320 5510 3414 5563 καὶ
3475 5509 3537 5562 τὸ
3571 5511 3776 5578 μυστή·

2194 5640 2406 5762 πἐαῖίέ
2436 5640 2609 5767 feriatam
2636 5646 2998 5716 captivitatem
3026 5648 3095 5702 ad
3117 5649 3229 5719 ejus
3257 5650 3395 5705 sedis
3416 5646 3773 5721 gube'nacula
