4078 6394
494 306 633 372 3239

1984 303 2299 370 INCERTI

3621 303 3769 370 3240

494 432 670 490 roque
695 417 1080 482 versabantur,
1134 416 1188 470 in
1214 415 1452 472 desertis
1495 415 1657 472 sedes
1717 416 1862 471 nacti
1907 425 2078 481 sunt;

2186 413 2519 484 κατέλαχον·
2554 412 2648 468 καὶ
2677 415 2725 468 ot
2746 412 2939 486 πρώην
2990 413 3091 480 τὰς
3120 414 3360 486 ἐρήμους
3376 412 3671 479 οἰκοῦντες,
3706 415 3772 470 ἐν

496 520 561 560 ac
594 506 689 575 qui
722 520 901 575 nuper
925 505 1139 558 deserta
1166 503 1501 568 incolebant,
1547 504 1621 580 _in
1644 503 1815 560 urbes
1841 502 2077 558 commi-

498 602 815 662 graverunt.
844 591 1025 645 Sancti
1071 590 1321 660 quidant,
1379 591 1473 661 qui
1539 600 1689 645 caste
1725 591 1895 645 vitam
1948 606 2079 660 ege-

500 690 644 747 rant,
692 683 752 737 in
782 680 1033 735 crudeles
1086 681 1251 735 heros
1303 680 1658 749 inciderunt;
1717 682 2078 749 nonnulliquc

498 783 812 843 peCcatores
845 788 910 827 ac
967 773 1191 828 obsceni
1244 773 1627 829 remissionem
1674 775 1906 846 vitaeque
1941 773 2078 827 deli-

497 867 609 919 cias
640 865 1024 920 obtinuerunt.

566 956 908 1010 Erubescant
943 958 1251 1014 Samaritae.
1277 961 1355 1014 En
1378 962 1650 1032 judicium
1685 978 1810 1017 cum
1837 961 2076 1017 necdum

488 1047 755 1117 judicium
793 1049 885 1102 sit.
908 1049 985 1102 En
1009 1059 1138 1103 ante
1170 1055 1634 1108 resurrectionem
1689 1055 1841 1108 illius
1875 1055 2078 1124 proba-

497 1138 592 1191 tio.
620 1139 817 1205 Quaeso
849 1151 921 1203 te,
943 1142 1307 1209 quamobrem
1332 1146 1543 1214 negasti
1572 1147 2079 1202 resurrectionem?

492 1228 672 1294 Quare
703 1231 780 1284 ilii
813 1231 976 1285 fidem
1010 1233 1290 1289 detrahis?
1338 1236 1597 1305 Nunquid
1631 1254 1741 1292 non
1776 1239 1962 1308 justus
1989 1240 2080 1308 ju-

492 1318 596 1371 dex
620 1316 919 1373 Christus?
945 1320 1043 1374 Est
1068 1322 1254 1389 plane.
1297 1323 1436 1377 Num
1471 1326 1901 1395 injustitiaapud
1926 1343 2076 1390 eum,

492 1424 557 1463 ac
588 1395 951 1477 personarum
984 1413 1273 1482 acceptio?
1324 1415 1781 1487 Haudquaquam.
1815 1418 2077 1485 Quasnam

493 1512 644 1558 vero,
688 1512 820 1566 rogo
850 1507 925 1559 te,
947 1499 1143 1570 judicii
1177 1505 1427 1570 aequitas,
1455 1513 1516 1557 ut
1547 1505 1762 1573 ego-qui
1803 1514 1971 1559 totam
1997 1505 2080 1559 vi-

494 1593 606 1638 tam
636 1585 872 1653 jnstitia,
905 1587 1024 1640 sine
1059 1587 1315 1653 crimine,
1369 1590 1642 1645 munditia
1667 1596 1910 1660 egerim;
1965 1608 2077 1647 non

492 1671 814 1738 occiderint,
845 1688 954 1726 non
987 1673 1089 1727 sim
1133 1674 1372 1738 furatus,
1418 1694 1527 1732 nou
1555 1680 1945 1750 pcjeraverim,
1976 1681 2073 1736 sed

2191 508 2315 569 ταῖς
2371 506 2592 561 πόλεσιν
2644 507 2907 577 ἔφθασαν.
2944 509 3101 562 Ὅσοι
3145 507 3289 570 τινὲς
3316 506 3480 575 ἁγνὸν
3503 504 3617 574 βίον
3651 506 3772 561 δια-

2185 598 2514 667 πράξαντες,
2530 601 2611 662 εἰς
2625 599 2808 670 ὠμοὺς
2827 600 3091 663 δεσπότας
3111 601 3458 671 περιέπεσον,
3479 606 3573 653 καὶ
3586 600 3793 671 άμαρε

2183 690 2346 744 τιυλοί
2372 707 2519 756 τινες
2562 692 2659 746 καὶ
2679 692 3000 763 ἀκάθαρτοι,
3036 695 3094 746 ὲν
3116 692 3302 747 ἀνέσει
3332 692 3654 762 κατέλαχον.

2256 943 2710 1015 Αίσχυνέσθωσαν
2740 944 3096 1017 Σαμαρειτῶν
3130 944 3336 1009 παῖδες.
3380 944 3511 1001 Ἰδοὺ
3540 944 3773 1018 πρὸτῆς

2184 1037 2421 1105 κρίσεως
2447 1039 2645 1108 κρίσις.
2686 1039 2815 1092 Ἰδοὺ
2852 1040 2959 1109 πρὸ
2982 1040 3089 1109 τῆς
3116 1040 3467 1104 ἀναστάσεως
3495 1044 3529 1111 ἡ
3560 1040 3771 1112 ταύτης

2186 1130 2478 1197 ἀπόδειξις.
2501 1131 2633 1184 Εἱπέ
2656 1149 2746 1201 μοι
2776 1133 2864 1197 σὺ,
2892 1132 2980 1184 διὰ
2997 1132 3048 1185 τί
3074 1133 3172 1203 τὴν
3187 1135 3485 1187 ἀνάστασιν
3510 1134 3648 1203 ἠρνή
3661 1150 3767 1195 τως

2184 1221 2274 1275 διὰ
2324 1224 2376 1275 τί
2404 1222 2574 1294 ταύτῃ
2619 1225 2902 1294 άπιστεῖς;
2938 1224 3052 1277 Οὐκ
3116 1225 3266 1278 ἐστιν
3316 1224 3693 1294 δικαιοκρίτης
3736 1224 3771 1275 ὁ

2184 1312 2416 1383 Χριστός
2444 1330 2458 1379 ;
2488 1315 2617 1379 Ναὶ,
2645 1314 2800 1385 φησί.
2834 1316 2926 1384 Μὴ
2959 1316 3161 1381 ἀδικία,
3192 1318 3283 1370 καὶ
3337 1314 3772 1387 προσωπολημα.

2185 1401 2314 1473 παρ’
2334 1403 2516 1472 aditi);
2546 1404 2834 1476 Οὐδαμῶς,
2850 1408 3003 1476 φησί.
3026 1408 3134 1460 Καὶ
3152 1409 3280 1461 ποία
3305 1407 3490 1461 λοιπὸν
3512 1408 3630 1460 eius
3653 1424 3767 1477 μοι,

2184 1495 2572 1568 δικαιοκρισία,
2602 1500 2687 1552 ἵνα
2719 1499 2831 1570 ἐγὼ
2862 1502 3039 1556 πάντα
3072 1503 3165 1558 τὸν
3194 1503 3384 1572 χρόνον
3408 1521 3508 1572 μου
3535 1502 3766 1567 δίκα;ον,

2187 1589 2280 1642 καὶ
2324 1590 2631 1660 ἄμεμπτον,
2681 1593 2773 1645 καὶ
2820 1594 3061 1662 καθαρὸν
3107 1595 3307 1661 δείξας·
3360 1595 3435 1664 μὴ
3479 1595 3770 1663 φονεύσας,

2187 1683 2263 1751 μὴ
2288 1682 2511 1751 κλέψας,
2541 1683 2617 1754 μὴ
2650 1686 3009 1758 ἐπιορκήσας,
3053 1685 3189 1739 ἀλλα
3219 1687 3317 1749 τὰς
3348 1686 3566 1747 ἐντολάς
3600 1684 3773 1739 αὐτοῦ

492 1767 613 1835 (jus
640 1765 976 1820 servaverim
1001 1767 1278 1832 mandata,
1313 1768 1368 1822 in
1396 1771 1759 1826 necessitates
1811 1772 2077 1837 incidam,

2186 1777 2446 1845 φυλάξας,
2485 1780 2542 1831 ἐν
2589 1780 2857 1848 ἀνάγκαις
2891 1783 3193 1851 περιπέσω,
3232 1781 3327 1834 καὶ
3360 1783 3419 1833 ὲν
3457 1780 3682 1844 ταύταις
3710 1780 3774 1834 τὸ

494 1853 660 1923 inque
693 1853 800 1907 illis
829 1854 1048 1908 vivendi
1091 1854 1287 1909 faciam
1335 1856 1533 1923 finem;
1594 1858 1809 1930 virique
1860 1860 2075 1930 sangui-

492 1957 649 2007 num,
681 1944 1069 2009 forniratores,
1100 1945 1360 2011 adulteri,
1389 1949 1567 2019 impii,
1624 1951 1796 2005 Deum
1823 1952 2081 2006 nescien-

494 2046 599 2097 tes,
642 2045 736 2090 aut
762 2036 909 2092 forte
950 2040 1115 2094 etiam
1163 2040 1435 2096 idolorqu
1491 2044 1755 2109 cultores,
1821 2047 1876 2100 in
1929 2046 2081 2100 omni

494 2124 758 2179 felicitate
788 2132 1032 2195 agentes,
1069 2143 1139 2182 ne
1171 2127 1457 2183 minimam
1500 2146 1618 2185 aevo
1670 2132 1777 2187 hoc
1827 2132 2082 2189 afflictio-

492 2230 618 2268 nem
639 2216 948 2287 sustineant
967 2218 989 2270 ?
1011 2218 1197 2273 Hocue
1216 2220 1467 2289 justum?
1494 2222 1874 2293 Nequaquam.
1894 2225 2082 2281 Hocne

492 2320 520 2354 τι
563 2319 918 2373 personarum
975 2309 1295 2377 acceptione
1337 2312 1530 2367 vacat?
1568 2313 1787 2369 Minime
1816 2316 2080 2385 gentium,

494 2398 602 2452 nisi
629 2409 714 2455 cst
746 2409 960 2471 tempus
986 2404 1290 2471 quoddam,
1328 2420 1394 2460 ac
1420 2406 1683 2460 szeculum
1703 2406 1875 2468 aliud,
1899 2408 1954 2461 in
1973 2423 2084 2478 quo

499 2492 733 2560 recipiet
756 2494 1135 2565 unusquisque
1169 2512 1269 2566 pro
1288 2511 1355 2552 eo
1385 2513 1450 2552 ac
1479 2498 1670 2568 gessit.
1708 2499 2084 2565 Quamobrem

492 2582 803 2635 necessaria
841 2585 1200 2652 resurrectio,
1233 2600 1301 2640 ne
1324 2586 1471 2642 Deus
1494 2587 1723 2658 iniquus
1744 2588 1915 2661 judex
1938 2589 2081 2660 apud

489 2668 708 2739 aliquos
746 2669 1117 2728 existimetur.

561 2783 830 2853 Equidem
851 2786 1132 2844 hominem
1156 2804 1245 2844 me
1271 2788 1450 2845 fateor
1478 2799 1853 2861 peccatorem,
1880 2793 2082 2849 animal

491 2875 781 2938 mutabile,
816 2893 880 2932 ac
910 2879 1070 2935 fluxae
1100 2890 1360 2947 naturae;
1414 2882 1694 2952 credoque
1719 2885 2090 2940 resurrectio-

488 2977 639 3029 nem,
678 2980 742 3019 ac
769 2965 1123 3025 Conditorem
1154 2969 1350 3024 adoro.
1410 2970 1528 3025 Jam
1562 2989 1694 3027 vero
1732 2973 1995 3044 deinceps
2013 2974 2085 3029 ad

489 3054 804 3122 sepulcrum
824 3058 984 3123 vado,
1034 3060 1264 3129 scioque
1297 3057 1414 3115 fore
1446 3069 1507 3116 ut
1555 3078 1666 3116 non
1697 3080 1989 3136 exsurgam
2015 3080 2102 3129 ex,

486 3158 613 3198 meo
636 3145 839 3202 lectulo
874 3165 886 3200 :
928 3150 1215 3206 tristitiam
1250 3160 1441 3208 autem
1473 3167 1538 3207 ac
1563 3153 1807 3209 laborem
1837 3157 2083 3226 captivo-

2190 3164 2294 3216 μου
2323 3147 2422 3218 τῆς
2456 3118 2653 3220 κλίνης.
2699 3118 2817 3203 οῖδα
2852 3118 2934 3205 ὅτι
2965 3153 3064 3206 οὐκ
3096 3118 3486 3226 ¹ῐεγερθήσόμαι
3508 3173 3521 3186 ·
3547 3118 3646 3228 τὴν

489 3249 614 3289 rum
641 3276 656 3295 .
687 3238 1074 3306 ecclesiarum,
1106 3242 1479 3307 sacerdotum,
1515 3244 1732 3300 itineris
1752 3247 1963 3301 socium
1986 3247 2085 3300 ha-

490 3326 615 3379 heu.
642 3326 756 3381 Heu
782 3327 981 3385 liuent!
1019 3347 1129 3401 quo
1160 3342 1305 3387 statu
1355 3333 1523 3389 miser
1540 3350 1642 3406 ego
1671 3351 1761 3392 res
1798 3337 2081 3405 relinquo!

487 3414 693 3469 Vadam
724 3419 791 3473 ad
832 3419 1125 3477 Dominum
1154 3422 1401 3477 :idcireo
1436 3439 1547 3478 non
1582 3426 1740 3480 reuui
1768 3426 1950 3479 facere
1983 3440 2083 3480 ve-

486 3516 655 3562 stram
678 3511 1005 3581 jussiouem.
1035 3513 1174 3580 Quia
1219 3522 1401 3570 tamen
1434 3524 1823 3571 testamentum
1850 3518 1902 3570 in
1934 3531 2085 3569 mor-

490 3600 600 3654 tuis
622 3611 798 3657 ratum
822 3613 943 3670 cst;
979 3615 1275 3677 argentum
1319 3616 1378 3662 et
1424 3624 1622 3663 aurum
1646 3626 1757 3663 non
1785 3619 1871 3664 cst
1900 3608 2040 3662 mihi
2066 3625 2081 3674 ;

489 3694 587 3747 sed
624 3696 770 3764 quod
796 3698 1112 3755 immeritus
1130 3716 1232 3770 ego
1257 3702 1446 3772 accepi
1480 3717 1510 3756 a
1540 3702 1796 3766 Domino,
1848 3702 1955 3757 hoc
1987 3717 2085 3756 vo-

489 3786 575 3839 bis
601 3788 921 3855 relicturus,
971 3790 1040 3845 ad
1064 3808 1259 3848 omnes
1285 3810 1386 3848 vos
1404 3794 1598 3863 paucis
1628 3809 1775 3848 nunc
1791 3792 2080 3848 disseram.

490 3878 789 3936 Enimvero
822 3881 930 3938 hoc
991 3900 1150 3953 rogo,
1205 3901 1276 3940 ne
1331 3885 1595 3940 humilem
1628 3884 1980 3949 aversemini,
2021 3899 2087 3939 ac

492 3980 886 4048 conlaudatis;
938 3983 1033 4038 sed
1095 3984 1283 4054 potius
1340 3983 1583 4037 libentes
1630 3983 1903 4039 habeatis.
1971 3984 2087 4039 Nec

488 4067 637 4122 enim
678 4070 843 4125 ullam
898 4072 1135 4142 amplius
1194 4070 1354 4125 vobis
1410 4072 1718 4127 molestiam
1795 4072 2080 4129 facessam.

490 4149 616 4212 i‘izec
639 4158 784 4212 enim
817 4175 1076 4229 suprema
1098 4158 1167 4214 ad
1202 4173 1299 4213 vos
1340 4173 1461 4213 mea
1486 4159 1804 4215 adhortatio
1830 4168 1914 4214 cst
1939 4176 1952 4213 :
1978 4160 2085 4215 hoc

491 4252 880 4302 testamentum
907 4249 974 4302 ad
1018 4249 1219 4302 fratres
1247 4263 1418 4303 mcos.
1455 4247 1555 4304 llic
1581 4249 1705 4304 linis
1735 4264 1870 4303 mea:
1893 4249 2084 4320 dispu-

492 4338 735 4405 tationis,
773 4355 838 4395 ac
867 4339 1209 4409 principium
1248 4354 1386 4394 meae
1413 4341 1481 4395 ad
1522 4357 1619 4397 vos
1640 4340 2078 4397 contestationis.

490 4427 717 4493 Verum,
741 4447 928 4501 quaeso
945 4471 960 4497 ,
992 4445 1125 4501 rogo
1150 4445 1220 4485 ne
1257 4442 1514 4501 tanquam
1537 4448 1568 4487 e
1599 4434 1877 4503 magistro,
1903 4432 1998 4487 sed
2020 4441 2082 4488 ut
2105 4464 2161 4524 Β

490 4534 554 4573 cx
584 4520 752 4576 fratre
774 4520 1061 4591 accipiatis
1088 4537 1103 4573 :
1149 4537 1259 4575 non
1294 4531 1553 4590 tanquam
1580 4523 1762 4592 justus
1801 4523 2078 4594 loquatur,

490 4611 589 4666 sed
615 4614 768 4667 velut
802 4620 1089 4682 peccator,
1114 4611 1211 4679 qui
1247 4611 1301 4665 in
1342 4611 1755 4681 iniquitatibus,
1787 4613 2087 4682 impietati-

494 4702 996 4774 bus,negligentiis
1020 4701 1280 4764 vixerim,
1340 4703 1528 4757 tristes
1570 4719 1704 4758 mea:
1758 4705 1885 4760 vitae
1935 4705 2080 4762 dies.

493 4789 734 4855 Etenim,
770 4806 880 4843 non
907 4790 974 4842 ad
1000 4803 1194 4857 opera,
1223 4787 1319 4843 sed
1345 4788 1411 4843 ad
1435 4804 1769 4857 sermonem,
1803 4793 2088 4864 verbaque

495 4890 778 4959 respicite.
803 4888 1007 4943 Audite
1033 4887 1350 4955 Dominum,
1408 4904 1472 4945 ac
1502 4891 1822 4960 loquentem
1858 4909 2079 4950 revere-

499 4990 661 5053 tnini,
694 4989 826 5044 dum
860 4989 939 5041 ait
991 5005 1005 5041 :
1059 4991 1253 5044 Omnia
1283 5006 1608 5063 quacunque
1652 4992 1881 5048 dixerint
1939 4994 2080 5051 vobis

494 5074 698 5135 Scriba:
750 5086 800 5130 et
850 5076 1110 5133 Pharisaei
1160 5090 1217 5132 ut
1261 5080 1494 5151 faciatis,
1544 5082 1753 5152 facite:
1789 5086 2078 5140 secundum

498 5178 659 5234 Opera
683 5178 806 5216 vero
847 5179 1029 5218 eorum
1064 5165 1226 5222 nolite
1262 5168 1440 5237 facere
1463 5169 1530 5224 “.

576 5417 715 5473 Ecce
748 5434 895 5477 nunc
919 5434 1046 5482 ante
1072 5443 1170 5485 vos
1195 5431 1405 5489 vadens
1446 5431 1511 5488 ad
1559 5449 1658 5489 vos
1687 5442 2077 5490 testamentum

503 5525 637 5567 sum
677 5515 1035 5575 conditurus:
1078 5537 1177 5579 vos
1221 5535 1405 5582 autem
1454 5536 1714 5598 tanquam
1769 5520 1961 5585 Μοίρι
2014 5543 2081 5585 ac

570 5696 617 5728 ⁸³
636 5697 822 5755 Matth.
851 5720 1001 5770 mu,
1034 5710 1086 5764 3.

2184 1869 2361 1937 πέρας
2375 1868 2471 1922 τοῦ
2497 1870 2611 1940 βίου
2640 1873 2849 1941 ποιήσω
2870 1888 2884 1902 ·
2919 1874 3013 1925 καὶ
3043 1873 3234 1945 ἄνδρες
3263 1873 3537 1942 αἱμάτων,
3554 1872 3771 1941 πόρνοι,

2186 1962 2391 2031 μοιχοὶ,
2425 1963 2662 2027 ἀσεϐεῖς,
2689 1963 2861 2027 ἄθεοι,
2913 1965 2947 2034 ἢ
2995 1968 3134 2035 τάχα
3169 1966 3263 2018 καὶ
3284 1964 3665 2035 εἰδωλολάτραι
3709 1967 3774 2017 ἐν

2184 2054 2366 2107 ἀνέσει
2400 2057 2568 2129 πάσῃ,
2602 2056 2869 2127 μηδεμίαν
2897 2056 3075 2127 θλίψιν
3105 2056 3336 2110 ἐνταῦθα
3373 2058 3766 2125 ὑπομένοντεςς

2184 2146 2355 2199 Τοῦτο
2391 2147 2627 2216 δίκαιον;
2684 2148 2956 2217 οὐδαμῶς.
2996 2145 3168 2202 Τοῦτο
3226 2148 3767 2220 ἀπροσωπόληπτονς

2184 2236 2292 2290 οὐδ’
2328 2237 2485 2300 ὅλως,
2514 2239 2609 2292 ἐὰν
2641 2240 2717 2309 μὴ
2751 2238 2865 2293 ἔστι
2901 2242 3092 2313 καιρός
3122 2259 3205 2303 τις
3252 2242 3345 2294 καὶ
3390 2241 3525 2294 αἰὼν
3557 2242 3768 2311 ἔτερος,

2185 2328 2243 2380 ὲν
2275 2320 2320 2396 ᾧ
2352 2328 2690 2399 ἀπολήψεται
2730 2330 2963 2395 ἕκαστος
3015 2332 3157 2384 κατὰ
3186 2331 3286 2400 τὴν
3336 2330 3535 2403 πρᾶξνν
3575 2329 3765 2384 αὑτοῦ.

2185 2420 2285 2473 Διὰ
2302 2420 2462 2475 τοῦτο
2492 2423 2765 2491 ἀναγκαία
2785 2425 2819 2494 ή
2850 2424 3165 2488 ἀνάστασις,
3201 2424 3287 2477 ἴνα
3320 2424 3396 2494 μὴ
3425 2427 3453 2479 ὁ
3481 2424 3613 2487 Θεδ..
3648 2423 3772 2477 ast-

2186 2530 2281 2579 κος
2303 2517 2496 2587 κριτὴς
2512 2519 2665 2589 παρά
2688 2535 2849 2572 τινων
2874 2519 3339 2591 ὑπονοηθήσηται.

2271 2776 2415 2846 Ἐγὼ
2440 2778 2539 2849 μὲν
2555 2772 2613 2834 οὗ
2621 2798 2668 2846 ν,
2690 2777 2787 2835 ἄνθ
2795 2799 2977 2853 ρωπος
2992 2775 3133 2837 εἶναι
3154 2784 3401 2855 ὁμολογῶ
3419 2784 3768 2858 ἁμαρτωλὸς,

2188 2866 2329 2934 ζῶον
2372 2872 2630 2944 τρεπτδν,
2670 2876 2768 2928 καὶ
2803 2877 3040 2948 ῥευστῆς
3089 2876 3325 2945 φύσεως,
3378 2881 3472 2932 καὶ
3528 2881 3776 2935 πιστεύω

2186 2964 2252 3032 τῇ
2308 2963 2624 3030 ἀναστάσει,
2678 2966 2774 3020 καὶ
2805 2969 3094 3039 προσκυνῶ
3129 2969 3219 3021 τὸν
3266 2972 3593 3041 Ποιήσαντα.
3628 2975 3772 3045 Ἤδη

2187 3054 2244 3109 δὲ
2284 3055 2471 3111 λοιπὸν
2523 3060 2658 3129 πρὸς
2692 3058 2754 3112 τὸ
2784 3060 2977 3131 μνῆμα
3021 3062 3381 3133 πορεύσομαι,
3426 3067 3520 3118 καὶ
3555 3066 3770 3136 ταύτης

2188 3254 2299 3306 πην
2327 3236 2385 3290 δὲ
2413 3237 2508 3290 καὶ
2547 3238 2639 3291 τὸν
2678 3240 2839 3293 πόνον
2865 3242 2973 3295 τῶν
3022 3242 3407 3314 αἰχμαλώτων,
3438 3245 3547 3299 τῶν
3575 3248 3778 3316 ἐκκλη-

2189 3328 2345 3393 σιῶν,
2380 3329 2488 3383 τῶν
2542 3330 2752 3401 ἱερέων,
2803 3334 3191 3404 συνοδοιπόρον
3229 3338 3622 3407 κέκτημαιοὪ
3674 3340 3775 3392 τοῦ

2187 3416 2395 3481 τέλους,
2450 3420 2509 3471 ὲν
2558 3421 2732 3485 ποίοις
2780 3424 3181 3494 καταλιμπάνω
3210 3426 3278 3479 τά
3326 3428 3633 3497 πράγματα
3663 3429 3778 3496 ἐγὼ

2188 3506 2395 3572 ἄθλιος.
2424 3510 2567 3579 Πρὸς
2599 3513 2689 3565 τὸν
2716 3514 2996 3586 Δεσπότην
3024 3516 3387 3589 πορεύσομαι.
3419 3520 3511 3572 Διὸ
3551 3521 3647 3574 καὶ
3674 3522 3778 3592 τὴν

2188 3600 2726 3674 ὑμετέρανκέλευσιν
2761 3609 2984 3678 ποιῆσαι
3015 3612 3115 3662 οὐκ
3136 3609 3382 3681 ὤκνησα.
3415 3613 3606 3685 Ὅμως
3632 3616 3780 3668 ἐπεί.

2188 3711 2294 3765 περ
2315 3694 2546 3767 διαθήκη
2579 3699 2670 3750 ἐπὶ
2702 3702 2916 3770 νεκροῖς
2946 3699 3143 3769 βεϐαία
3163 3718 3176 3730 ·
3208 3702 3495 3775 ἀργύριον,
3527 3706 3619 3757 καὶ
3639 3723 3776 3776 χρυ-

2191 3790 2304 3843 σίον
2336 3791 2435 3861 οὐχ
2469 3790 2706 3863 ὑπάρχει
2732 3808 2857 3862 μοι·
2891 3793 3006 3846 ἀλλ’
3030 3793 3059 3845 ὃ
3089 3796 3243 3865 παρὰ
3272 3797 3479 3867 Κυρίου
3508 3799 3537 3850 ό
3557 3796 3776 3862 ἀνάξιος

2188 3882 2403 3950 εἴληφα,
2439 3881 2601 3935 τοῦτο
2626 3883 2754 3953 ὑμῖν
2784 3883 3208 3955 καταλείψομαι,
3235 3888 3329 3940 καὶ
3367 3886 3503 3957 πρὸς
3524 3886 3777 3951 ἅπαντας

2188 3974 2331 4042 ὑμᾶς
2353 3974 2472 4026 νυνὶ
2495 3974 2669 4045 μικρὰ
2701 3973 3035 4045 διαλέξομαι.
3056 3976 3218 4034 Ἀλλὰ
3234 3976 3381 4033 τοῦτο
3402 3978 3660 4042 δυσωπῶ,
3693 3986 3773 4050 μη

2187 4065 2691 4135 άποστραφήσωμαι
2711 4065 2839 4136 παρ’
2864 4064 3015 4135 ὑμῶν
3027 4069 3509 4138 τεταπεινωμένος,
3533 4072 3630 4124 καὶ
3645 4090 3778 4127 κατ-

2184 4155 2535 4228 ῃσχυμμένος
2561 4192 2576 4217 ,
2619 4154 2754 4208 ἀλλὰ
2790 4153 2991 4223 μᾶλλον
3024 4156 3412 4227 προσδεχθείην
3435 4173 3449 4188 ·
3485 4158 3607 4211 οὐδὲ
3666 4161 3777 4232 γάρ

2185 4246 2378 4316 ἑτέραν
2407 4245 2535 4314 ὑμῖν
2560 4244 2654 4298 τοῦ
2685 4243 2876 4297 λοιποῦ
2902 4244 3125 4316 ὄχλησιν
3143 4248 3463 4317 ποιήσομαι.
3490 4248 3642 4319 Αὕτη
3663 4251 3776 4321 γάρ

2185 4338 2336 4392 ἐστιν
2371 4339 2575 4409 ἐσχάτη
2619 4356 2721 4410 μου
2756 4340 2893 4412 πρὸς
2936 4339 3082 4408 ὑμᾶς
3137 4339 3483 4411 παράκλησις
3507 4354 3522 4371 ⁹
3552 4339 3695 4410 αὕτη
3741 4346 3776 4413 ἡ

2187 4430 2321 4500 πρὸς
2356 4432 2483 4494 τοὺς
2519 4429 2785 4499 ἀδελφούς
2845 4447 2949 4501 μου
2986 4429 3246 4501 διαθήκη.
3298 4430 3472 4484 Τοῦτο
3518 4431 3580 4485 τὸ
3624 4432 3780 4495 τέλος

2188 4521 2286 4590 τῆς
2306 4520 2445 4591 ἐμῆς
2482 4519 2793 4585 διαλέξεως,
2829 4521 2923 4574 καὶ
2954 4520 3097 4591 ἀρχὴ
3133 4522 3234 4590 τῆς
3262 4521 3397 4592 πρὸς
3423 4522 3569 4590 ὑμᾶς
3595 4538 3781 4593 παρα-

2187 4609 2456 4682 κλήσεως.
2481 4610 2624 4663 ’Λλλ’
2655 4609 2931 4681 αἰτοῦμαι,
2961 4610 3057 4662 καὶ
3084 4608 3299 4678 δέομαι,
3344 4610 3421 4680 μὴ
3450 4610 3526 4673 ὼς
3578 4613 3646 4664 ἐκ
3696 4611 3781 4664 δι·

2185 4703 2479 4767 δασκάλου,
2526 4702 2640 4756 ἀλλ’
2687 4703 2763 4765 ὡς
2807 4701 2869 4767 ἐξ
2908 4701 3137 4771 ἀδελφοῦ
3170 4701 3427 4767 δέξασθαι
3450 4718 3467 4734 ο
3505 4707 3581 4773 μὴ
3611 4703 3689 4768 ὡς
3715 4707 3782 4758 ὲκ

2186 4795 2422 4858 δικαίου,
2451 4794 2567 4848 ἀλλ’
2598 4794 2675 4858 ὡς
2695 4794 2760 4859 ’ἐξ
2793 4793 3147 4864 ἁμαρτωλοῦ,
3179 4795 3276 4847 καὶ
3305 4795 3363 4848 ἐν
3389 4796 3783 4865 ἀνομίαι;,καὶ

2188 4888 2488 4952 ἀσεϐείαις,
2527 4887 2623 4941 καὶ
2655 4887 2990 4958 άμερίμναις
3040 4885 3332 4958 ζήσαντας,
3358 4886 3457 4950 τὰς
3506 4887 3782 4960 ὀῦυνηρὰς

2188 4980 2403 5052 ἡμέρας
2423 4979 2518 5032 τοῦ
2556 4979 2672 5048 βίου
2709 4995 2832 5049 μου.
2873 4978 3038 5032 Ἀλλὰ
3069 4980 3144 5049 μὴ
3178 4978 3314 5049 πρὸς
3347 4978 3414 5032 τά
3445 4977 3604 5049 ἔργα,
3641 4979 3783 5034 ἀλλά

2187 5072 2325 5143 πρὸς
2349 5072 2476 5135 τοὺς
2504 5069 2695 5139 λόγους
2725 5069 3035 5140 ἑμὸλέψατε
3065 5085 3078 5098 ·
3113 5068 3386 5124 ἀκούσατε
3420 5071 3514 5124 τοῦ
3548 5070 3780 5143 Κυρίου,

2187 5165 2280 5218 καὶ
2306 5162 2689 5235 δυσωπήθητε,
2721 5164 2994 5233 λέγοντος·
3021 5164 3230 5219 Πάντα
3261 5163 3382 5219 ὅσα
3409 5164 3488 5219 ἂν
3514 5165 3786 5235 ,λέγωσιν

2186 5251 2330 5321 ὑμῖν
2359 5256 2413 5308 οι
2438 5253 2829 5324 Γραμματεῖς,
2857 5257 2955 5309 καὶ
2987 5258 3043 5311 οι
3068 5256 3377 5325 Φαρισαῖοι
3405 5258 3621 5324 ποιεῖν,
3650 5275 3785 5316 ποι-

2187 5342 2326 5397 εῖτε’
2363 5347 2515 5398 κατὰ
2544 5342 2613 5397 δὲ
2643 5348 2716 5397 τὰ
2735 5346 2879 5413 ἔργα
2908 5344 3109 5399 αὐτῶν
3130 5346 3219 5416 μὴ
3249 5347 3493 5401 ποιεῖτε.

2271 5433 2402 5489 Ἰδοὺ
2429 5436 2524 5489 νῦν
2555 5436 3034 5509 προπορευόμενος
3061 5438 3214 5509 ὑμῶν
3243 5441 3377 5509 πρὸς
3402 5440 3548 5510 ὑμᾶς
3582 5440 3784 5513 διαθὴο

2191 5544 2386 5600 σομαιο
2421 5528 2579 5600 ὑμεῖς
2602 5529 2660 5583 δι
2678 5529 2753 5594 ὡς
2779 5530 2963 5586 πιστοὶ
2983 5533 3080 5587 καὶ
3105 5533 3451 5605 εὐγνώμονες
3485 5533 3563 5606 μὴ
3600 5551 3789 5606 παρεν-
