4078 6418
398 437 528 503 3241

1526 436 1623 495 DE
1657 434 1973 495 PERSICA
2013 434 2529 496 CAPTIVITATE.

3519 436 3662 500 32i2

391 551 643 623 γρὰψητε
670 548 736 602 τὰ
766 547 1055 615 λεγόμενα,
1105 543 1357 613 δεΰμεθα,
1389 544 1484 595 καὶ
1516 542 1967 612 παρακαλοῦμεν.

2088 546 2258 614 probi,
2282 546 2475 609 nolito,
2503 560 2838 616 quaesumus,
2866 562 2930 601 ac
2954 548 3410 612 obsecramus,ea
3428 564 3548 619 qua:
3576 550 3661 606 di-

389 637 759 707 Καθάψασθαι
779 637 888 707 γὰρ
912 635 1096 688 λοιπὸν
1121 634 1229 686 τῶν
1263 632 1383 685 καθ’
1410 634 1557 701 ἡμᾶς
1588 632 1979 703 ῥᾳθυμοτέρων

393 731 716 802 βουλόμεθα.
738 730 1006 799 Πρότερον
1029 728 1085 781 δὲ
1103 728 1231 796 περὶ
1256 727 1437 779 αὐτῶν
1462 724 1852 795 φθεγγώμεθα,
1885 726 1981 777 καὶ

390 822 683 894 ἀρχόμενοι
712 821 979 890 λέγωμεν.

463 998 767 1067 Εὖλογητὸς
800 994 872 1058 εἴ,
910 998 937 1049 6
966 996 1120 1057 Θεὸς,
1156 994 1184 1045 6
1221 997 1284 1047 ὲκ
1331 994 1423 1046 τοῦ
1473 994 1546 1062 μὴ
1598 995 1750 1055 δντος
1783 996 1864 1057 εἰς
1920 992 1981 1044 τὸ

389 1088 530 1145 εἶναι
561 1087 899 1160 παραγαγὼν
919 1089 1068 1157 ἡμᾶς
1088 1104 1102 1118 ·
1133 1088 1161 1139 ὁ
1184 1088 1246 1139 ὲκ
1266 1085 1371 1153 γῆς
1413 1083 1739 1147 διαπλάσας,
1772 1086 1867 1135 καὶ
1896 1085 1981 1145 είς

391 1185 496 1254 γῆν
542 1181 923 1249 ἀποστρέφων,
977 1183 1071 1233 καὶ
1124 1180 1187 1231 ἐκ
1218 1178 1425 1246 ταύτης
1453 1175 1617 1229 πάλιν
1660 1173 1981 1245 παραδόξως

390 1275 624 1345 ἐγείρων
676 1272 789 1344 Πρὸ
820 1272 1037 1324 πάντων
1084 1268 1319 1322 δυσωπῶ
1353 1274 1533 1323 πᾶσαν
1571 1266 1772 1335 ψυχὴν,
1809 1264 1978 1318 ἀκού-

390 1382 560 1417 ουσαν
583 1366 712 1434 περὶ
741 1363 841 1431 τῆς
899 1360 1176 1431 ἡμετέρας
1206 1357 1584 1420 ἁποϐιὼσεως.
1638 1360 1717 1420 εἰς
1756 1356 1979 1426 συμπά-

384 1456 547 1509 θειαν
578 1454 888 1525 κινηθῆναι,
915 1452 1009 1506 καὶ
1039 1452 1132 1503 τὸν
1158 1450 1293 1502 Θεὸν
1323 1434 1618 1511 αίτεῖσθαι,
1649 1449 1796 1509 ὅπως
1828 1446 1980 1500 ἀθλί-

395 1566 565 1611 πτως,
611 1546 934 1607 ἀκινδύνως,
982 1543 1395 1612 ἀνεμποδίστως
1427 1541 1719 1611 παρελθεῖν
1758 1557 1826 1608 με
1877 1540 1980 1602 τὰς

394 1642 570 1712 ἀρχὰς
615 1641 708 1691 καὶ
742 1640 841 1700 τὰς
889 1636 1170 1700 ἐξουσίας·
1204 1636 1301 1686 καὶ
1353 1636 1479 1696 τοὺς
1529 1633 1763 1702 πικροὺς
1807 1628 1978 1681 τελώ-

394 1753 513 1799 νας,
536 1734 632 1786 καὶ
655 1732 1108 1801 κοσμοκράτορας
1153 1727 1248 1781 τοῦ
1284 1729 1446 1796 ἀέρος
1472 1724 1687 1787 τούτου,
1717 1724 1808 1777 καὶ
1835 1722 1975 1792 φθά-

398 1843 487 1877 σαι
530 1842 594 1893 με
624 1823 717 1875 τὸν
764 1822 905 1891 ἀέρα
935 1821 1034 1888 τῆς
1062 1817 1399 1889 ἐλευθερίας,
1449 1817 1542 1869 καὶ
1571 1815 1791 1886 Χριστῷ
1841 1813 1980 1883 μετὰ

2085 639 2256 691 cenda
2291 624 2440 703 sunt,
2472 639 2625 691 irrita
2668 638 2871 693 habere
2920 648 2977 693 et
3026 656 3309 710 spernere.
3357 641 3489 697 Sum
3511 645 3660 699 enim

2078 730 2191 799 jam
2233 745 2329 783 eos
2376 729 2840 798 reprehensurus,
2899 732 2991 800 qui
3045 733 3099 786 in
3162 734 3325 789 nobis
3380 736 3664 806 segniores

2084 832 2231 875 sunt.
2253 820 2412 875 Prius
2438 837 2567 875 vero
2596 820 2664 875 de
2684 821 2772 876 his
2794 822 3102 891 loquamur,
3130 839 3197 878 ac
3225 840 3537 880 sermonem
3569 842 3664 879 or-

2087 911 2328 964 diamur.

2153 999 2481 1054 Benedictus
2507 1015 2589 1066 es,
2622 1000 2788 1063 Deus,
2821 1001 2915 1069 qui
2939 1016 3037 1056 nos
3061 1018 3129 1056 ex
3168 1002 3342 1057 nihilo
3375 1006 3433 1057 in
3477 1020 3665 1059 rerum

2084 1098 2338 1144 naturam
2378 1091 2686 1160 produxisti
2721 1108 2733 1143 :
2783 1091 2879 1161 qui
2928 1107 2959 1145 e
3003 1098 3153 1145 terra
3187 1091 3453 1157 formasti,
3498 1093 3666 1163 inque

2086 1192 2290 1235 terram
2328 1181 2568 1245 reducis,
2592 1197 2658 1236 ac
2685 1197 2877 1237 rursus
2900 1198 2966 1236 ex
2994 1197 3059 1237 ea
3081 1182 3411 1237 mirabiliter
3431 1183 3660 1237 excitas.

2085 1268 2144 1322 in
2194 1267 2389 1337 primis
2433 1283 2588 1338 rogo,
2637 1268 2890 1339 quisquis
2928 1284 3110 1324 meum
3151 1269 3221 1324 ab
3266 1269 3525 1324 humanis
3568 1285 3663 1324 ex-

2083 1376 2298 1416 cessum
2352 1371 2698 1432 mortemque
2750 1362 3008 1428 audierit,
3043 1373 3103 1418 ut
3134 1365 3513 1419 misericordia
3547 1380 3665 1420 mo-

2085 1462 2301 1517 veatur,
2332 1453 2707 1525 precibusque
2735 1454 2804 1508 ad
2834 1455 3006 1509 Deum
3035 1465 3180 1527 agat,
3222 1466 3303 1520 ut,
3337 1457 3489 1510 omni
3542 1473 3665 1511 mn-

2082 1545 2258 1607 lestia.
2309 1545 2580 1615 periculo,
2655 1547 3051 1616 impedimento
3108 1549 3342 1610 solutus,
3393 1558 3665 1604 transeam

2079 1637 2427 1705 principatus
2458 1652 2523 1691 ac
2557 1646 2893 1706 potestates;
2943 1639 3286 1709 acerbosque
3317 1640 3663 1709 publicanos,

2081 1743 2145 1782 ac
2167 1728 2354 1782 mundi
2389 1736 2634 1783 rectores
2671 1728 2815 1781 aeris
2844 1728 3029 1798 hujus,
3072 1728 3427 1798 liberumque
3467 1738 3664 1784 nactus

2081 1816 2530 1881 aerem,Christo
2566 1832 2691 1871 cum
2721 1817 2917 1871 fiducia
2949 1817 3133 1881 sistar,
3176 1834 3240 1873 ac
3262 1819 3435 1888 partis
3470 1834 3666 1873 eorum

395 1917 713 1989 παρρησίας
747 1912 1190 1984 παρασταθῆναι,
1221 1912 1316 1963 καὶ
1351 1910 1450 1978 τῆς
1501 1908 1609 1961 τῶν
1658 1907 1981 1976 σωζομένων

2088 1910 2180 1979 qui
2209 1910 2387 1964 salute
2412 1909 2654 1963 donandi
2681 1916 2809 1962 sunt
2830 1908 2970 1963 efﬁci
3001 1924 3236 1964 merear.

399 2009 616 2081 μερίδος
638 2004 959 2075 ἀξιωθῆναι.

468 2098 717 2165 Ἔπειτα,
754 2100 904 2152 πᾶσα
940 2096 1145 2165 σπουδὴ
1181 2096 1276 2149 καὶ
1332 2096 1481 2149 πᾶσα
1513 2096 1732 2177 πάντων
1764 2096 1984 2163 φροντὶς

396 2194 620 2262 γένηται
651 2194 746 2245 καὶ
781 2190 1066 2256 πόνος,ἱ’να
1088 2188 1261 2241 αἰτοῦ
1302 2188 1438 2241 Θεοῦ
1458 2187 1780 2255 Ἐκκλησίαι
1806 2186 1986 2253 φυλα-

396 2287 600 2359 χθῶσιν
642 2285 906 2349 ἄσειστοι,
938 2282 1038 2352 τὴν
1065 2281 1233 2352 ὀρθὴν
1260 2281 1445 2333 πίστιν
1466 2278 1818 2350 ⁴,ἀμολιὶντως
1854 2295 1985 2331 κατ-

398 2381 642 2450 έχουσαι,
668 2378 761 2431 καὶ
785 2377 912 2437 τοὺς
936 2372 1149 2428 ἑαυτῶν
1180 2372 1443 2442 ποιμένας
1465 2372 1762 2441 θεόφρονας
1785 2386 1985 2438 κεκτη-

403 2473 580 2543 μέναι.
616 2471 793 2522 Ὅπου
821 2467 927 2537 γὰρ
952 2468 980 2519 6
1015 2467 1222 2537 ποιμὴν
1267 2463 1497 2532 ἀγαθὸς.
1537 2464 1658 2515 ἐκεῖ
1682 2461 1831 2531 καὶὴ
1868 2460 1987 2512 ποί·-

403 2580 507 2635 μνη
535 2563 849 2630 ἀγάλλεται.
874 2560 1050 2612 Ὅπου
1076 2557 1281 2628 ποιμὴν
1297 2557 1459 2618 ὅσιος,
1483 2555 1601 2607 ἐκεῖ
1630 2552 1893 2623 σκιρτῶσι
1918 2551 1985 2604 τά

400 2657 669 2725 πρόδατα.
706 2655 881 2707 Ὅπου
920 2651 1125 2722 ποιμὴν
1182 2650 1469 2721 ἔμπειρος,
1503 2648 1622 2699 ἐκεῖ
1678 2644 1832 2698 λύκοι
1885 2643 1985 2697 οὐκ

402 2749 700 2819 ἰσχύουσιν.
717 2747 892 2799 Ὅπου
922 2745 1177 2797 εὐσέϐεια
1203 2744 1376 2805 ἀνθεῖ,
1409 2743 1527 2793 ἐκεῖ
1549 2743 1576 2793 ὁ
1592 2739 1719 2803 λαὸς
1742 2737 1982 2791 εὐπλοεῖ.

402 2843 512 2897 Καὶ
555 2842 660 2911 γὰρ
712 2838 1013 2909 οὐδαμόθεν
1065 2834 1333 2908 ἑτέρωθεν
1364 2830 1823 2899 κλυδωνιζόμεθα,
1868 2828 1983 2881 ἀλλ’

400 2935 481 2988 ὅτι
509 2936 556 2987 οἱ
582 2933 679 3003 μὲν
704 2931 889 2985 πολλοὶ
912 2930 1023 2982 τῶν
1052 2929 1338 2991 ποιμένων
1395 2925 1491 2979 καὶ
1520 2922 1870 2994 κυϐερνητῶν
1909 2921 1988 2986 ἐξ·

403 3026 588 3081 ἑλιπον
602 3041 616 3054 ο
653 3024 745 3077 xal
762 3023 915 3077 αὐτοὶ
932 3022 986 3075 δὲ
999 3023 1049 3075 οἱ
1073 3019 1547 3087 καταλειφθέντες,
1574 3018 1634 3070 οὐ
1665 3016 1864 3086 πολλὴν
1886 3016 1985 3084 τὴν

402 3113 655 3185 φροντίδα
702 3110 1045 3181 κατέχουσιν,
1076 3110 1137 3162 οὐ
1178 3107 1379 3178 πολλὴν
1403 3109 1501 3178 τὴν
1531 3105 1767 3174 σπουδήν
1788 3120 1802 3134 ·
1851 3103 1987 3158 ἀλλὰ

2159 2104 2319 2168 Tum,
2351 2105 2532 2159 omnis
2560 2103 2864 2173 diligentia,
2909 2102 3202 2172 omnisque
3225 2100 3469 2155 omnium
3511 2116 3666 2161 cura.

2088 2214 2151 2252 ac
2174 2198 2333 2252 labor
2382 2197 2731 2259 adhibeatur,
2781 2205 2841 2250 ut
2878 2195 2974 2249 Dei
3024 2195 3287 2250 Ecclesiae
3327 2195 3672 2249 inconcussae

2088 2291 2492 2347 custodiantur.
2536 2300 2741 2345 rectam
2797 2291 2958 2346 fidem
3015 2291 3304 2360 impollntc
3342 2287 3669 2349 retinentes,

2088 2395 2151 2434 ac
2204 2380 2492 2450 religiosos
2537 2388 2786 2448 pastores
2841 2394 2970 2432 suos
3020 2378 3307 2432 habentes.
3362 2374 3466 2430 Ubi
3522 2372 3671 2426 enim

2088 2471 2271 2525 bonus
2299 2481 2508 2541 pastor.
2544 2471 2657 2525 illic
2680 2484 2903 2540 quoque
2928 2468 3170 2524 exsultat
3215 2481 3365 2536 grex.
3397 2463 3503 2520 Ubi
3539 2478 3668 2517 san-

2089 2574 2211 2618 ctus
2237 2572 2443 2633 pastor,
2494 2561 2606 2616 illic
2632 2562 2880 2632 gestiunt
2905 2574 3055 2613 oves.
3090 2557 3194 2613 Ubi
3218 2557 3430 2627 peritus
3461 2563 3667 2625 pastor.

2086 2652 2202 2710 illic
2267 2655 2414 2725 lupis
2492 2655 2639 2707 vires
2727 2651 3014 2706 deficiunt.
3084 2650 3190 2705 Ubi
3225 2649 3400 2719 pietas
3470 2646 3666 2703 floret.

2090 2747 2200 2803 illic
2247 2763 2334 2802 res
2385 2746 2532 2817 plebi
2586 2759 2848 2815 prospere
2895 2742 3120 2798 cedunt.
3174 2742 3286 2796 Nec
3325 2741 3473 2793 enim
3519 2738 3668 2791 aliud

2087 2840 2390 2910 quidquam
2439 2839 2493 2893 in
2539 2853 2703 2893 causa
2742 2845 2848 2901 est,
2881 2845 2942 2891 ut
2998 2837 3079 2891 sic
3121 2834 3458 2889 ﬂuctuemus
3506 2840 3671 2900 atque

2082 2935 2377 3002 jactemur,
2405 2948 2567 3002 quam
2596 2931 2727 3000 quia
2754 2945 2948 3000 magna
3000 2936 3284 2998 pastorum
3319 2940 3447 2995 pars
3477 2940 3540 2978 ac
3570 2918 3671 2993 gul-

2088 3025 2444 3080 bernatorum
2513 3022 2875 3079 defecerunt:
2933 3020 3147 3090 ipsique
3207 3016 3345 3072 adeo
3404 3016 3672 3069 hactenus

2092 3117 2300 3173 residui
2325 3132 2440 3170 non
2475 3115 2633 3170 valde
2662 3123 2879 3178 curant,
2920 3121 3016 3167 aut
3061 3109 3400 3181 diligentiam
3442 3106 3670 3161 multam
3756 3171 3759 3175 _

403 3207 648 3275 φίλαυτοι
675 3204 982 3273 γεγονότες,
1023 3204 1123 3255 οὐκ
1168 3201 1413 3272 εὐχερῶς
1456 3197 1846 3270 προαιροῦνται
1888 3198 1983 3266 τὴν

2092 3211 2392 3276 adhibent;
2423 3208 2539 3273 sed,
2572 3207 2698 3262 facti
2727 3206 2812 3261 sui
2846 3219 3131 3276 perperam
3156 3210 3453 3261 amatores,
3476 3196 3674 3250 nolunt.

401 3299 576 3368 ψυχὴν
599 3298 738 3367 ὑπὲρ
759 3295 868 3349 τῶν
890 3295 1182 3365 προϐάτων
1209 3293 1457 3347 τίθεσθαι
1476 3308 1492 3323 ·
1517 3292 1712 3354 ἄλλους
1730 3287 1987 3359 φωτίζειν

404 3387 827 3458 ἐπιχειροῦντες,
881 3387 1038 3442 αὐτοὶ
1090 3386 1389 3454 ἀφῶτιστοι
1441 3383 1841 3452 τυγχάνοντες·
1896 3382 1991 3433 καὶ

406 3481 545 3551 ὑπὲρ
573 3480 746 3534 ἄλλων
769 3479 903 3532 Θεὸν
956 3475 1312 3539 ἱκετεύοντες,
1341 3475 1796 3545 ἀπαρρησίαστον
1830 3472 1984 3527 ἔνδον

402 3572 465 3625 τὸ
493 3571 731 3633 συνειδὸς
764 3569 1141 3639 περιέχουσιν*
1186 3567 1262 3630 ὡς
1292 3569 1372 3631 είς
1402 3567 1600 3630 αὐτοὺς
1644 3565 1983 3636 πληροῦσθαι

402 3662 465 3716 τὸ
510 3663 617 3715 ὑπὸ
651 3662 746 3715 τοῦ
781 3661 990 3731 Κυρίου
1032 3658 1344 3731 εἰρημένον,
1373 3656 1579 3725 Ἰατρὲ,
1613 3655 1991 3724 θεράπευσον

405 3751 685 3804 σεαυτόν.
710 3750 839 3813 Καὶ,
872 3751 1134 3803 Ἔκϐαλε
1160 3745 1398 3815 πρῶτον
1419 3747 1536 3812 τὴν
1556 3745 1743 3799 δοκὸν
1769 3746 1990 3814 ὀφθαλο

401 3842 522 3911 μοῦ
549 3857 687 3907 σου,
719 3841 826 3897 870’
857 3842 1047 3907 οὕτως
1069 3839 1388 3910 ἐμϐλέπεις
1415 3840 1502 3906 εις
1534 3838 1601 3892 τὸ
1630 3837 1859 3906 κάρφος
1882 3835 1990 3889 τοῦ

404 3934 673 4004 ἀδελφοῦ
706 3951 845 3989 σου.

486 4025 902 4080 ’Λκουσάτωσαν
922 4026 970 4078 οἱ
1003 4026 1190 4096 ἱερεῖς,
1208 4026 1257 4079 οἱ
1285 4023 1376 4078 τὸν
1395 4025 1522 4078 λαὸν
1542 4024 1788 4093 ἀγιάζειν
1801 4021 1989 4091 λέγον-

404 4135 494 4182 τες
514 4136 528 4148 ·
555 4120 605 4172 οι
625 4121 688 4189 τῇ
719 4121 920 4188 φρικτῇ
944 4119 1037 4170 καὶ
1060 4118 1269 4189 φοϐερᾷ
1295 4117 1542 4190 τραπέζῃ
1563 4117 1983 4185 παριστάμενον

404 4214 453 4264 oi
512 4211 619 4263 τῶν
668 4210 920 4279 Σεραφὶμ
965 4208 1276 4278 μειζότερον
1322 4207 1543 4277 ἀξίωμα
1594 4205 1986 4277 περικείμενοι.

419 4304 653 4365 Ἐκεῖνος
685 4302 786 4355 οὒκ
814 4301 1112 4371 ἐτόλμησεν
1138 4303 1203 4370 τῇ
1233 4300 1378 4368 χειρὶ
1412 4298 1506 4351 τοῦ
1528 4299 1799 4368 ἄνθρακος
1849 4297 1990 4365 ἅψα-

407 4382 553 4458 σθὲιι,
571 4392 685 4447 ἀλλ’
707 4395 765 4447 ὲν
785 4394 852 4463 τῇ
881 4390 1057 4444 λαὸίδι
1078 4391 1251 4458 τούτῳ
1276 4388 1676 4460 προσέψαυσεν·
1698 4389 1763 4441 σὺ
1789 4386 1854 4440 δὲ
1871 4388 1991 4448 ταῖς

407 4486 592 4554 χερσίν
613 4501 704 4538 σου
727 4486 847 4546 ταῖς
874 4480 1127 4552 πηλίναις
1150 4479 1219 4532 τὰ
1246 4482 1359 4540 τοῖς
1380 4479 1631 4550 Σεραφὶμ
1653 4478 1859 4531 ἀθέατα
1876 4478 1992 4529 δια-

2091 3305 2251 3359 facile
2285 3318 2387 3374 pro
2420 3301 2617 3361 ovibus
2643 3299 2882 3353 animam
2906 3311 3147 3368 ponere:
3190 3293 3325 3347 alios
3358 3290 3673 3345 illuminare

2093 3400 2367 3461 nituntur,
2428 3410 2552 3450 cum
2599 3393 2703 3463 ipsi
2758 3393 2881 3446 luce
2959 3395 3215 3444 careant:
3276 3384 3553 3454 supplices
3605 3380 3674 3434 ad

2093 3493 2265 3546 Deum
2304 3503 2499 3559 preces
2530 3502 2629 3556 pro
2658 3484 2782 3539 aliis
2829 3481 3095 3545 oderunt,
3135 3479 3229 3549 qui
3271 3475 3671 3532 conscientiam

2093 3584 2244 3638 nulla
2288 3581 2584 3652 pollentem
2616 3576 2835 3638 fiducia,
2861 3574 3032 3629 nullis
3060 3573 3255 3626 fultam
3282 3568 3498 3623 meritis
3527 3566 3676 3618 intus

2093 3673 2523 3731 circumferant:
2564 3676 2624 3723 ut
2655 3668 2710 3721 in
2735 3668 2842 3722 illis
2869 3666 3187 3734 impleatur,
3210 3661 3356 3730 quod
3382 3676 3410 3712 a
3446 3658 3678 3711 Domino

2093 3764 2303 3819 dictum
2335 3770 2441 3827 est,
2475 3758 2694 3821 Medice,
2717 3773 2847 3811 cura
2873 3763 2921 3808 te
2947 3756 3119 3825 ipsum
3146 3750 3211 3804 “.
3242 3751 3307 3803 Et
3331 3766 3344 3802 :
3391 3748 3536 3817 Ejice
3558 3748 3674 3815 pri-

2094 3875 2239 3911 mum
2273 3856 2473 3910 trabem
2503 3854 2567 3907 de
2602 3851 2752 3906 oculo
2784 3860 2893 3915 tuo,
2946 3856 3160 3917 tumque
3190 3844 3380 3899 videbis
3417 3843 3673 3912 festucam

2094 3949 2278 4019 fratris
2307 3949 2384 4001 tui
2418 3945 2484 3998 ".
2880 3934 2883 3939 ’
3066 4012 3071 4017 ἡ

2162 4042 2384 4103 Audite,
2418 4036 2751 4094 sacerdotes.
2778 4034 2872 4104 qui
2901 4028 3247 4087 sanctificare
3279 4026 3498 4097 plebem
3543 4038 3674 4093 pro-

2093 4132 2366 4188 fitemini:
2401 4130 2493 4201 qui
2535 4125 2835 4182 tremendae
2868 4138 2932 4178 ac
2959 4120 3297 4177 formidabili
3344 4130 3548 4170 incuss:
3583 4128 3674 4167 as-

2092 4223 2321 4288 sistitis;
2385 4221 2479 4291 qui
2528 4233 2639 4288 pra:
2689 4214 2980 4285 Seraphim
3022 4213 3288 4282 majorem
3348 4205 3674 4277 dignitatern

2092 4314 2374 4371 consecuti
2398 4313 2552 4368 estis.
2578 4310 2676 4365 Ille
2705 4323 2818 4363 non
2843 4321 3012 4361 ausus
3041 4314 3125 4359 est
3169 4302 3465 4357 carbonem
3501 4312 3671 4351 manu

2093 4407 2432 4477 contingere,
2461 4402 2558 4458 sed
2597 4417 2723 4455 cum
2773 4398 2985 4469 forcipe
3033 4393 3368 4451 strinxit“:
3430 4400 3488 4445 tu
3542 4404 3676 4443 vero

2093 4500 2259 4555 luteis
2289 4499 2399 4552 tuis
2450 4494 2708 4550 manibus
2744 4493 3028 4563 inaspecta
3068 4487 3360 4557 Seraphim
3416 4480 3676 4555 mysteria

404 4575 513 4638 δεῖς
537 4573 746 4648 [διδοῖς]
767 4575 1061 4645 μυστήρια.
1076 4572 1212 4625 Ῑιοία
1231 4588 1325 4624 σου
1345 4571 1452 4641 ἄρα
1470 4570 1504 4639 ἠ
1523 4567 1672 4632 δεξιά
1692 4568 1873 4637 ἐκείνη
1897 4566 1983 4619 ὑπ-

2094 4590 2406 4647 distribuis.
2446 4588 2705 4655 Quaenam
2728 4600 2859 4655 ergo
2899 4593 2992 4638 tua
3030 4582 3121 4637 illa
3165 4580 3389 4634 dextera
3430 4591 3549 4631 esse
3580 4572 3677 4628 de-

407 4669 594 4740 ἀρχειν
618 4667 849 4737 ὢφειλεί
879 4667 1059 4734 Πόσην
1090 4662 1437 4732 καθαρότητα
1471 4663 1530 4713 ὲν
1558 4661 1727 4730 ἑαυτῇ
1764 4659 1987 4728 περιξε-

405 4760 656 4827 6λῆσθαι,
686 4759 782 4813 τοῦ
801 4757 1031 4828 οὐρανοῦ
1058 4755 1414 4827 ὑψηλοτέραν,
1445 4753 1553 4807 τῶν
1569 4750 1819 4820 ἀγγέλων
1845 4751 1983 4819 λαμ-

405 4852 698 4923 προτέραν,
719 4851 828 4905 τῶν
846 4848 1127 4920 Χερουϐὶμ
1149 4847 1453 4915 ἁγιωτέραν
1466 4840 1709 4909 εἷθε,κάν
1725 4843 1824 4911 τῆς
1842 4843 1984 4893 ἀκα-

404 4940 1070 5014 θαρσίαςάπηλλαγμένην
1086 4942 1098 4993 ι
1116 4940 1188 4990 Οὐ
1211 4934 1659 5008 φρίττομεν,εῐπέ
1681 4950 1790 5004 μοι,
1809 4932 1988 4984 τοιαύ-

403 5050 501 5103 της
517 5034 672 5104 δὸξης
689 5036 745 5086 ὲν
762 5035 880 5093 ταῖς
898 5031 1084 5102 χερσὶν
1100 5027 1488 5098 ἐφαπτόμενοι,
1506 5027 1595 5078 καὶ
1615 5022 1853 5075 τοιοῦτον
1873 5020 1984 5088 πῦρ

406 5127 725 5196 κατέχοντες
761 5122 1146 5194 ἀπερχόμεθα;
1180 5121 1504 5189 Κλέπτομεν
1524 5121 1582 5171 ὲν
1612 5118 1732 5178 ταῖς
1771 5114 1980 5185 χερσὶν,

408 5219 717 5289 κρατοῦμεν
758 5215 1119 5285 ἀκαθαρσίας,
1180 5210 1522 5282 ῂλαφῶμεν
1568 5208 1638 5260 τὰ
1684 5205 1759 5275 μὴ
1808 5218 1981 5275 προσ-

408 5309 629 5378 ήκοντα,
663 5307 982 5380 ἀρτιάζομεν
1008 5309 1065 5358 ὲν
1085 5305 1276 5366 αὐταῖς
1306 5303 1374 5354 τὰ
1396 5301 1651 5370 ἀλλότρια
1670 5316 1685 5330 ⁸
1702 5300 1979 5366 τύπτομεν

403 5399 458 5451 ἐν
487 5398 785 5462 αὐταῖςτιὸν
820 5398 1072 5467 ἀδελφὸν,
1122 5395 1424 5464 μολύνομεν
1457 5394 1551 5444 καὶ
1580 5389 1882 5458 πισσοῦμεν
1914 5387 1979 5440 δι’

406 5491 585 5543 αὐτῶν
629 5494 722 5545 καὶ
743 5493 841 5562 τὴν
858 5474 1060 5560 ψυχὴν,
1093 5490 1272 5541 καὶτὸ
1305 5484 1555 5553 πνεῦμα*
1589 5483 1684 5535 καὶ
1724 5480 1983 5550 ἐχόμεθα,

406 5583 501 5634 καὶ
526 5586 591 5651 τῇ
627 5587 827 5653 φρικτῇ
877 5581 1126 5652 τραπέζῃ
1179 5579 1275 5632 καὶ
1310 5577 1516 5646 φοόερᾷ
1574 5574 1983 5643 παριστὰμεθα,

407 5678 501 5728 καὶ
528 5683 597 5727 τα
624 5676 761 5744 μέλη
789 5673 881 5727 τοῦ
914 5673 1152 5744 Χριστοῦ
1178 5668 1585 5741 διαμερίζομεν.

478 5874 523 5906 ’⁵
554 5873 688 5929 Luc.
718 5891 792 5936 tv,
815 5874 906 5928 25.
1018 5875 1062 5904 ⁸⁸⁸
1100 5873 1236 5928 Luc.
1266 5889 1340 5933 vr,
1374 5871 1465 5923 42.
1576 5865 1751 5920 ³⁸1εο.
1779 5877 1851 5929 v1,
1886 5862 1939 5916 6.

642 5971 917 6029 PATBOL.
952 5969 1070 6029 Gn.
1108 5965 1451 6026 LXXXVI.

2095 4683 2281 4739 heret!
2306 4681 2481 4748 Quam
2513 4686 2797 4750 oporteret
2828 4675 3091 4746 praeferre
3136 4670 3487 4731 munditiam,
3533 4666 3674 4721 caelo

2092 4770 2498 4832 sublimiorem,
2570 4763 3003 4836 splendidiorem
3071 4757 3302 4829 angelis,
3368 4753 3673 4809 Cherubin]

2094 4860 2465 4917 sanctiorem!
2493 4867 2661 4926 atque
2691 4856 2903 4909 utinam
2939 4853 3027 4906 vel
3083 4846 3446 4905 immunditiae
3481 4859 3676 4913 peccao

2094 4957 2246 5024 tique
2277 4950 2609 5007 immunem!
2639 4947 2758 5002 Non
2787 4946 3100 5003 horremus,
3131 4939 3349 5002 amabo,
3387 4936 3481 5006 qui
3508 4935 3678 4990 clari-

2094 5057 2259 5102 tatem
2308 5041 2582 5115 ejusmodi
2630 5038 2887 5093 manibus
2931 5040 3364 5093 contrectantes,
3410 5045 3475 5083 ac
3512 5028 3674 5081 talem

2092 5148 2346 5193 tenentes
2393 5136 2599 5204 ignem,
2640 5128 3029 5185 discedamus?
3074 5127 3344 5181 Furamur
3394 5120 3671 5180 manibus,

2090 5223 2500 5283 immunditiam
2554 5231 2827 5281 tenemus,
2889 5233 3011 5289 qua-
3070 5215 3225 5269 nefas
3286 5218 3670 5271 attrectamus,

2088 5319 2264 5374 aliena
2290 5317 2553 5386 rapimus,
2579 5300 2774 5367 fratres
2804 5311 3104 5373 caedimus;
3139 5307 3333 5360 harum
3355 5317 3524 5371 opera
3550 5300 3677 5354 ani~

2090 5427 2239 5466 mum
2299 5408 2668 5477 spiritumque
2700 5403 3020 5474 polluimus,
3055 5400 3318 5467 velutquc
3352 5396 3473 5465 pice
3511 5392 3676 5446 obni-

2088 5518 2348 5567 gramus;
2404 5516 2467 5554 ac
2496 5497 2793 5552 tremendze
2816 5492 3263 5560 formidabilique
3292 5501 3494 5542 mensa!
3530 5499 3672 5538 θεει-

2085 5548 2304 5656 :timus,
2337 5599 2500 5659 atque
2527 5586 2732 5644 Christi
2760 5583 3008 5640 membra
3028 5581 3357 5637 dividimus.

3143 5939 3250 6001 102
