4078 6392
409 404 552 470 3³243

1683 398 1993 460 INCERTI
2037 398 2413 463 AUCTORIS

3516 400 3664 466 32“

480 518 623 586 Quid
647 516 792 571 enim
813 518 835 570 ?
855 517 914 571 lu
940 517 1165 571 macello
1188 524 1355 579 astas,
1400 513 1567 567 homo
1589 511 1613 565 ?
1654 512 1763 568 Eos
1795 511 1980 568 saltem

2160 512 2226 565 Τί
2254 514 2391 584 γάρ;
2427 513 2515 567 Ἐν
2546 512 2799 586 μακέλλῳ
2863 513 3212 586 παρίστασαι,
3241 515 3491 587 ἄνθρωπε
3516 535 3529 582 ;
3560 519 3667 572 Μί-

411 608 630 662 imitare
658 608 752 677 qui
796 607 959 676 regite
1008 619 1210 659 mensa:
1262 604 1575 669 assistunt;
1631 602 1981 671 corruptibili

410 699 512 764 iHi,
538 713 600 754 ac
629 698 881 753 sensibus
936 697 1218 765 expositae.
1261 695 1402 751 Num
1430 694 1578 750 enim
1618 708 1842 762 prorsus
1897 692 1987 747 hic

412 801 687 845 terrenum
718 788 849 859 quid
882 789 1061 859 agitur
1086 779 1267 844 ?Num
1314 800 1542 857 prorsus
1587 784 1841 840 sublimis
1871 783 1987 839 eili-

408 882 588 936 ceris?
613 879 845 934 Omnino
872 879 927 932 in
953 888 1119 944 terra,
1135 893 1245 932 non
1268 878 1321 932 in
1344 890 1470 932 aere
1496 875 1799 931 consistis?
1822 878 1984 944 quin-

407 973 519 1027 imo
544 973 596 1026 in
624 972 785 1033 caelo,
818 985 919 1026 nec
954 970 1008 1024 id
1044 970 1229 1036 modo,
1275 970 1370 1025 sed
1413 980 1674 1040 tanquam
1699 967 1985 1022 Dominieo

405 1064 527 1133 ipso
573 1051 774 1116 throno
823 1062 1109 1127 assistens,
1129 1058 1293 1135 sic'te
1340 1062 1571 1116 horrore
1616 1075 1680 1115 ac
1740 1068 1981 1114 tremore

402 1152 541 1207 allici
570 1151 882 1220 Oportebat;
910 1151 980 1207 Et
1003 1151 1136 1220 quid
1176 1152 1325 1215 dico,
1359 1160 1620 1220 tanquam
1649 1151 1849 1204 throno
1872 1149 1982 1202 Do-

403 1244 649 1298 minico?
673 1242 798 1298 Scio
828 1243 1017 1313 plures
1042 1242 1295 1298 mordere
1325 1259 1447 1312 qu:e
1473 1242 1729 1305 dicimus,
1762 1240 1857 1295 sed
1875 1239 1982 1294 dici

401 1345 466 1384 ea
500 1344 726 1385 necesse
760 1340 844 1384 est
874 1331 944 1385 ob
968 1345 1032 1384 ea
1055 1345 1176 1400 quae
1208 1340 1499 1400 geruntur.
1527 1330 1622 1384 Est
1648 1329 1796 1383 enim
1835 1343 1984 1383 nunc

400 1423 569 1476 animi
596 1437 975 1487 cotnmonere,
1001 1424 1178 1493 deque
1217 1424 1401 1477 divina
1441 1424 1545 1477 hac
1596 1439 1659 1478 ac
1695 1424 1982 1478 incruenta

402 1516 582 1570 hostia
610 1516 999 1580 disserentem,
1023 1516 1312 1570 horrorem
1344 1516 1609 1569 incutere.
1643 1516 1802 1570 Forte
1833 1516 1980 1570 enim

401 1606 730 1674 quibusdam
756 1620 786 1658 e
816 1621 873 1659 re
907 1614 1055 1659 esset
1092 1605 1160 1659 ab
1205 1620 1269 1659 ea
1323 1606 1512 1674 procul
1559 1606 1843 1660 absistere.
1893 1604 1979 1659 Si-

402 1696 623 1766 quidem
651 1696 800 1749 enim
833 1696 899 1761 is,
927 1696 1020 1763 qui
1053 1695 1272 1766 indigne
1298 1695 1667 1750 manducatet
1701 1696 1841 1750 bibit
1873 1696 1979 1750 Do-

401 1790 663 1845 minieum
694 1806 914 1860 corpus,
942 1789 1214 1860 judicium
1244 1789 1351 1844 sibi
1405 1790 1697 1844 manducat
1724 1798 1779 1844 et
1801 1791 1976 1857 bibit;

400 1883 533 1953 quid
559 1885 670 1955 jam
707 1883 794 1937 ille
826 1884 920 1952 qui
950 1883 1173 1954 indigne
1202 1897 1329 1936 cum
1360 1882 1659 1949 ministrat,
1712 1892 1825 1937 tum
1880 1898 1977 1938 su-

400 1974 534 2028 mit?
567 1974 685 2028 Nun
730 1973 919 2043 pudet,
954 1973 1047 2042 qui
1104 1972 1349 2027 exterius
1387 1980 1567 2027 vestes
1612 1987 1978 2037 assumamus,

400 2079 593 2118 manus
620 2063 891 2128 lavemus,
920 2061 1121 2116 calceis
1173 2075 1438 2115 ornemus
1465 2059 1655 2129 pedes,
1710 2058 1871 2113 faciei
1917 2073 1982 2113 ac

401 2156 567 2225 capiti
628 2155 883 2209 decorem
964 2154 1318 2217 asciseamus,
1390 2152 1598 2207 mundo
1670 2151 1980 2221 fulgeamus

401 2249 628 2312 amictu,
662 2244 922 2312 intusque
950 2242 1156 2297 diaboli
1187 2242 1316 2298 vitia
1347 2240 1519 2295 induti
1553 2240 1746 2305 simus,
1776 2249 1975 2295 totum-

399 2354 509 2407 que
538 2336 996 2393 contenebratum
1025 2334 1291 2398 animum,
1332 2347 1397 2387 ac
1432 2341 1637 2386 vestem
1682 2333 1802 2402 ejus
1847 2345 1980 2386 con-

401 2437 716 2498 spurcatam
747 2427 1087 2491 habeamus;
1119 2425 1211 2494 qui
1248 2424 1511 2478 nimirum
1536 2423 1646 2494 jam
1673 2422 1727 2476 in
1749 2437 1979 2492 corpore

401 2534 466 2573 ac
504 2517 765 2573 exteriori
794 2531 1015 2587 pompa,
1038 2530 1151 2570 non
1175 2514 1230 2568 in
1258 2514 1456 2584 spiritu
1491 2527 1555 2568 ac
1587 2514 1821 2568 veritate
1869 2513 1979 2566 Do-

401 2608 553 2662 mino
575 2606 927 2683 serviamus

478 2700 719 2755 Vultiset
736 2699 895 2753 aliam
924 2706 1240 2752 nostrorum
1252 2694 1598 2750 sacerdotum
1614 2693 1982 2749 miserabilia.

407 2805 524 2845 rem
558 2788 922 2843 calamitatem
973 2800 1269 2854 casumque
1299 2798 1684 2854 exsequamur,
1716 2783 1873 2853 cujus
1895 2782 1981 2835 vel

402 2879 520 2948 ipsa
549 2877 760 2933 auditio
791 2883 1000 2931 metum
1044 2890 1110 2929 ac
1148 2883 1413 2929 terrorem
1439 2873 1601 2927 facit?
1625 2872 1863 2925 Audiant
1886 2871 1981 2940 qui

399 2971 673 3033 laborant,
704 2984 765 3023 ac
792 2967 1178 3023 emendentur.
1215 2965 1441 3020 Przestat
1468 2965 1615 3019 enim
1648 2980 1676 3017 a
1706 2980 1762 3018 re
1798 2963 1981 3017 divina

400 3063 690 3125 absistere,
729 3074 917 3130 quam,
955 3073 1079 3112 cum
1104 3056 1182 3111 illi
1229 3056 1472 3121 intersis,
1499 3056 1688 3109 oculos
1721 3055 1773 3108 in
1817 3053 1983 3109 facies

401 3155 634 3209 decoras
696 3153 1075 3219 formososqne
1130 3149 1316 3202 vultus
1352 3147 1534 3217 vagos'
1559 3148 1786 3218 jactare.
1837 3145 1984 3201 Con-
2008 3187 2049 3242 Ο

401 3246 680 3306 tremisce,
722 3244 928 3304 homo;
958 3242 1011 3295 in
1038 3250 1195 3295 terra:
1232 3238 1610 3309 penetralibus
1644 3237 1866 3299 abdere,
1911 3253 1979 3292 ne

402 3338 545 3408 ignis
599 3335 945 3390 descendens
1005 3338 1296 3387 consumat
1361 3338 1435 3383 te.
1490 3328 1771 3398 Siquidem
1831 3328 1980 3383 enim

399 3431 575 3487 Moses
618 3443 740 3482 cum
790 3426 855 3479 ad
898 3434 1182 3479 terrenum
1232 3422 1432 3476 rubum
1491 3421 1652 3476 vellet
1694 3420 1977 3485 accedere,

400 3499 669 3577 hactenus
694 3515 1235 3588 prohibetur,donec
1256 3514 1433 3569 solvat
1450 3513 1885 3568 calceamentum
1911 3512 1976 3576 ’7;

398 3613 600 3684 potiori
632 3626 731 3665 nos
777 3611 938 3679 longe
1000 3607 1216 3662 ratione
1273 3605 1368 3676 qui
1422 3604 1630 3675 angelis
1677 3604 1981 3674 inaspecta-

398 3707 562 3761 bilem
588 3717 899 3767 cernamus,
923 3708 1352 3764 contrectemus,
1376 3711 1677 3759 sumamus,
1707 3694 1981 3748 solvamus

398 3812 623 3852 necesse
655 3804 737 3849 est
770 3802 983 3848 mortua
1042 3792 1208 3845 animi
1241 3805 1404 3860 opera
1445 3803 1509 3843 ac
1543 3786 1758 3842 foetoris
1791 3786 1974 3854 plena.

402 3888 593 3943 ltubus
627 3886 772 3939 enim
812 3882 1055 3955 mystica:
1088 3882 1253 3952 hujus
1303 3895 1506 3934 mensa:
1537 3876 1741 3947 ﬁgura:
1766 3876 1979 3931 calcea-

401 3995 585 4037 menta
622 3997 772 4043 vero,
801 3979 970 4050 figura
1006 3986 1384 4048 peccatorum.
1425 3972 1789 4028 Tretnendam
1837 3971 1980 4024 hanc

403 4090 516 4128 rem
551 4088 761 4127 sacram
802 4071 1077 4125 reveritus
1115 4067 1309 4132 David,
1343 4067 1554 4121 aiebat:
1594 4062 1804 4118 Lavabo
1840 4063 1980 4115 inter

398 4167 696 4219 innocentes
726 4176 913 4215 ηιαηιιε
948 4175 1111 4218 meas,
1156 4166 1203 4212 et
1243 4154 1574 4210 circumdabo
1613 4151 1787 4207 altare
1809 4160 1976 4216 tuum,

398 4254 622 4308 Domine
658 4252 724 4305 ".

471 4343 884 4414 Ex'icrgiscere,
921 4341 1107 4395 homo.
1166 4338 1239 4394 Ut
1282 4334 1413 4406 quid
1442 4334 1532 4387 his
1583 4330 1675 4401 qui
1710 4326 1978 4386 accedunt

399 4436 520 4491 ais:
553 4433 754 4503 Corpus
788 4441 836 4486 et
869 4432 1089 4501 sanguis
1109 4429 1249 4498 Agni
1281 4426 1393 4489 Dei,
1426 4424 1565 4494 quod
1597 4424 1688 4476 tibi
1719 4427 1882 4476 datur
1920 4423 1975 4476 in

2092 621 2263 673 μησαι
2292 605 2396 657 κᾶν
2420 607 2546 668 τοὺς
2561 607 2619 658 ὲν
2640 607 2888 679 τραπέζῃ
2917 607 3165 678 βασιλικῇ
3197 609 3659 678 παρισταμένους,

2088 699 2153 767 τῇ
2191 698 2426 769 φθαρτῇ,
2453 701 2518 769 τῇ
2550 699 2802 770 αἰσθητῇ.
2841 699 3018 762 Ὀλιος
3051 698 3160 769 γὰρ
3199 694 3300 753 ὧδε
3324 698 3567 768 ἐπίγειόν
3607 718 3661 753 τι

2087 789 2355 851 ποιεῖται;
2418 787 2636 859 [ἐννοῶν
2692 786 2999 860 ὀφείλειςς]
3058 790 3195 852 ὅλως
3255 790 3541 861 μετάρσιος
3596 790 3659 841 οὑ

2086 876 2209 949 γίνῃ
2236 894 2250 942 ;
2277 877 2413 940 ὅλως
2440 877 2532 930 ἐπὶ
2568 880 2691 949 γῆς,
2722 879 2814 930 καὶ
2842 879 2943 931 οὑκ
2971 880 3027 929 ἐν
3054 877 3131 945 τῷ
3167 878 3284 944 ἀέρι
3308 893 3324 943 ;
3379 876 3575 946 μᾶλλον
3602 875 3660 930 δὲ

2084 969 2142 1021 ὲν
2170 968 2246 1035 τῷ
2268 968 2514 1040 οὐρανῷ·
2540 972 2635 1023 καὶ
2669 970 2729 1022 οὺ
2796 972 2977 1039 μόνον,
3003 969 3117 1025 ἀλλ’
3152 970 3228 1033 ὡς
3278 969 3428 1039 αὑτῷ
3460 969 3536 1040 τῷ
3566 972 3663 1023 Δε-

2087 1060 2329 1132 σποτικῷ
2368 1060 2540 1133 θρόνῳ
2587 1062 3015 1133 παριστάμενος,
3043 1061 3216 1124 οὕτως
3270 1063 3514 1132 φρίττειν
3567 1062 3667 1115 καὶ

2086 1154 2310 1222 τρέμειν
2361 1155 2545 1224 ὲχρῆν.
2577 1154 2690 1206 Καὶ
2730 1154 2783 1205 τί
2822 1153 2986 1220 λέγω,
3013 1152 3089 1214 ὼς
3134 1154 3192 1206 ὲν
3224 1152 3301 1223 τῷ
3348 1152 3522 1223 θρόνῳ
3566 1155 3667 1205 Δε-

2087 1241 2362 1311 σποτικῷς
2425 1238 2555 1295 Οἶδα
2608 1242 2691 1294 ὅτι
2746 1242 2972 1305 πολλοὺς
3040 1240 3222 1294 δάκνει
3262 1240 3329 1293 τὰ
3373 1241 3665 1310 λεγόμενα,

2085 1330 2201 1385 ἀλλ’
2252 1333 2463 1405 ἀνάγκη
2521 1333 2756 1404 ῥηθῆναι
2807 1333 2896 1387 διὰ
2949 1333 3019 1386 τὰ
3067 1333 3331 1403 λεγόμενα
3378 1332 3487 1404 [τον.
3519 1334 3669 1399 γινόη

2087 1421 2265 1493 μενα].
2291 1423 2563 1495 Βούλομαι
2597 1426 2703 1496 γὰρ
2727 1426 3033 1496 ὑπομνῆσαι
3063 1425 3178 1488 νῦν,
3214 1425 3310 1478 καὶ
3347 1425 3666 1492 δυσωπῆσαι

2085 1515 2212 1585 περὶ
2240 1516 2440 1585 ταύτης
2465 1517 2561 1586 τῆς
2589 1516 2739 1582 θείας
2776 1519 2873 1571 καὶ
2898 1517 3235 1586 ἀναιμάκτου
3272 1506 3479 1579 θυσίας.
3512 1517 3554 1567 Τ
3557 1518 3666 1586 ἁχα

2083 1603 2189 1674 γάρ
2229 1621 2336 1656 τισι
2383 1605 2679 1674 συνέφερεν
2730 1608 2946 1678 μακρὰν
2986 1606 3191 1677 ταύτης
3233 1606 3552 1675 ἀπέχεσθαι.
3600 1607 3665 1659 Εί

2083 1695 2191 1765 γὰρ
2219 1695 2246 1747 ὁ
2278 1695 2510 1761 ἀναξίως
2540 1697 2735 1750 ἐσθίων
2763 1699 2856 1751 καὶ
2885 1698 3055 1753 πίνων
3094 1698 3154 1751 τὸ
3181 1698 3275 1751 τοῦ
3311 1699 3512 1769 Κυρίου
3560 1699 3669 1751 σῶ-

2088 1803 2184 1855 μα,
2210 1788 2381 1856 κρῖμα
2401 1788 2580 1860 ἐαυτῷ
2597 1791 2763 1843 ἐσθίει
2793 1793 2886 1844 καὶ
2907 1790 3073 1843 πίνειο
3101 1791 3155 1843 τί
3177 1790 3362 1844 λοιπὸν
3380 1792 3407 1843 ὁ
3436 1789 3670 1856 ἀναξίως

2081 1878 2365 1942 διακονῶν,
2419 1879 2516 1933 καὶ
2552 1880 2984 1951 μεταλαμϐάνων
3011 1898 3026 1949 ;
3054 1883 3163 1935 Καὶ
3205 1881 3305 1935 οὐκ
3346 1880 3665 1949 αίδούμεθα,

2084 1969 2280 2036 ἔξωθεν
2314 1972 2413 2041 μὲν
2440 1973 2518 2044 τῷ
2545 1973 2757 2041 σώματι
2784 1972 3219 2038 ἐξαλλάττοντες,
3252 1972 3345 2025 καὶ
3365 1975 3564 2043 χεῖρας
3585 1973 3669 2026 νί-

2085 2078 2331 2128 πτοντες,
2383 2064 2478 2117 καὶ
2515 2065 2680 2129 πόδας
2713 2064 3024 2135 ὑποδήμασι
3073 2064 3425 2131 κοσμοῦντες,
3458 2065 3550 2118 καὶ
3597 2064 3670 2118 τὰ

2083 2154 2370 2223 πρόσωπα,
2407 2156 2503 2209 καὶ
2536 2155 2635 2226 τὴν
2684 2154 2928 2226 κεφαλὴν
2966 2154 3430 2219 καλλωπίζοντεςο
3458 2154 3668 2209 ἔνδυσιν

2084 2244 2329 2314 καθαρὰν
2365 2247 2460 2299 καὶ
2491 2246 2910 2317 ἁστράπτουσαν
2955 2246 3199 2315 ἔχοντες·
3253 2244 3455 2301 ἔσωθεν
3483 2246 3562 2309 δὲ,
3597 2248 3666 2317 τῇ

2082 2334 2224 2407 ψυχῇ
2261 2335 2331 2390 τὰ
2368 2335 2515 2404 πάθη
2562 2337 2656 2391 τοῦ
2705 2337 2954 2391 διαϐόλου
2993 2338 3383 2408 ἠμφιεσμένοι,
3414 2338 3508 2391 καὶ
3538 2337 3667 2407 ὃλην

2081 2426 2179 2496 τὴν
2203 2427 2376 2497 ψυχὴν
2406 2429 2817 2498 ὲσκοτισμένην,
2852 2429 2949 2481 καὶ
3001 2429 3098 2499 τὴν
3130 2428 3333 2496 ἐσθῆτα
3363 2429 3536 2498 αὐτῆς
3570 2444 3668 2498 με-

2086 2516 2430 2589 μολυσμένην
2462 2517 2705 2588 ἐχοντες”
2749 2521 2808 2572 ὲν
2839 2521 3054 2590 σώματι
3098 2520 3283 2573 λοιπὸν
3313 2520 3409 2573 καὶ
3440 2518 3664 2592 θεωρίᾳ,

2082 2609 2180 2661 οὑκ
2203 2610 2260 2661 ἐν
2289 2610 2561 2678 πνεύματι
2601 2613 2693 2664 καὶ
2724 2611 2949 2683 ἀληθείᾳ
2971 2612 3050 2682 τῷ
3074 2611 3263 2683 Κυρίῳ
3288 2610 3630 2674 δουλεύοντες
3647 2631 3664 2679 ;

2158 2699 2423 2752 Βούλεσθε
2477 2699 2782 2770 γυμνὼσω,
2814 2703 2906 2754 καὶ
2955 2701 3151 2773 ἑτέραν
3189 2702 3299 2756 τῶν
3347 2700 3469 2755 καθ’
3513 2703 3665 2772 ἡμᾶς

2082 2791 2209 2854 τοὺς
2236 2792 2398 2860 ἱερεῖς
2427 2790 2797 2863 ὲλεεινοτὰτην
2822 2792 3125 2863 συμφορὰν,
3150 2794 3291 2861 καὶὴ
3320 2794 3456 2862 ἀκοὴ
3476 2794 3666 2863 φόϐος,

2085 2882 2179 2933 καὶ
2241 2882 2442 2952 τρόμος
2499 2882 2834 2952 καθέστηκε;
2878 2883 3249 2936 Ἀκουέτωσαν
3271 2883 3320 2935 οί
3358 2881 3665 2947 νοσοῦντες,

2086 2974 2180 3026 καὶ
2208 2972 2660 3043 διορθούσθωσαν.
2705 2976 2961 3045 ’Ἄμεινον
3009 2976 3117 3043 γὰρ
3174 2976 3272 3044 τῆς
3322 2973 3667 3045 λειτουργίας

2084 3064 2499 3135 ὰφίστασθαι,ἢ
2530 3067 2587 3118 έν
2617 3066 2755 3135 αὐτῇ
2794 3065 2923 3119 ὄντα
2941 3065 3071 3128 τοὺς
3091 3046 3402 3134 ὀφθαλμοὺς
3458 3065 3535 3126 είς
3565 3064 3666 3128 τὰς

2085 3156 2195 3209 τῶν
2227 3155 2533 3224 προσώπων
2579 3156 2886 3227 εὐμορφίας
2948 3157 3268 3227 ῥέμϐεσθαι.
3304 3156 3516 3227 Φρίξον,
3570 3155 3666 3209 ἄν·

2087 3246 2272 3316 θρωπε
2294 3261 2308 3275 ⁸
2338 3247 2416 3309 είς
2435 3246 2541 3315 γῆν
2565 3246 2916 3317 καταδύθητι,
2944 3247 3019 3319 μὴ
3043 3248 3299 3302 κατελθὸν
3322 3249 3432 3320 πῦρ
3455 3247 3579 3300 ἀνα)
3591 3250 3666 3300 ὠ-

2088 3354 2169 3389 σει
2206 3353 2284 3391 σε.
2315 3337 2378 3388 Et
2419 3338 2529 3407 γὰρ
2551 3341 2613 3406 τῇ
2649 3339 2879 3408 ὲπιγείῳ
2907 3339 3054 3411 βάτῳ
3092 3340 3453 3409 προσεγγίσαι
3505 3339 3665 3410 θελή-

2090 3443 2189 3488 σας
2214 3426 2454 3497 Μωῦσῆς
2474 3466 2489 3490 ,
2522 3427 2792 3481 κωλύεται
2822 3430 2979 3501 ἄχρις
3004 3424 3064 3483 οὑ
3095 3429 3247 3483 λύσει
3285 3430 3346 3482 τὸ
3382 3429 3662 3499 ὑπόδημα,

2086 3515 2236 3586 πόσῳ
2262 3533 2326 3585 γε
2352 3517 2551 3587 μᾶλλον
2571 3519 2731 3588 ἡμεῖς
2756 3520 2846 3574 τὸν
2864 3521 3119 3590 ἀγγέλοις
3154 3521 3385 3574 ἀθέατον
3404 3520 3662 3590 ὁρῶντες,

2085 3607 2179 3659 καὶ¹
2233 3606 2615 3678 ψηλαφῶντες,
2673 3611 2768 3663 καὶ
2801 3611 3333 3682 μεταλαμϐάνοντες,
3370 3610 3664 3681 ὀφείλομεν

2081 3694 2240 3751 λῦσαι
2277 3698 2344 3752 τὰ
2384 3699 2551 3771 νεκρὰ
2594 3702 2688 3754 καὶ
2711 3701 2923 3766 ὀζοδίας
2952 3702 3190 3774 γέμοντα
3242 3701 3382 3772 ἔργα
3424 3700 3520 3769 τῆς
3560 3699 3667 3769 titur

2077 3799 2200 3870 χῆςο
2230 3799 2413 3863 Τύπος
2454 3799 2553 3870 τῆς
2594 3797 2875 3871 τραπέζης
2926 3798 3025 3869 τῆς
3085 3796 3360 3869 μυστικῆς
3391 3798 3423 3868 ή
3456 3797 3658 3867 βάτοςί

2076 3889 2244 3952 τύπος
2267 3888 2323 3941 δὲ
2353 3888 2463 3941 τῶν
2501 3888 2920 3959 ἁμαρτημάτων
2948 3887 3017 3941 τὰ
3059 3886 3403 3958 ὑποδήματα.
3438 3883 3664 3955 Ταύτην

2078 3982 2177 4048 τὴν
2204 3979 2442 4050 φοϐερὰν
2472 3979 2814 4051 λειτουργίαν
2861 3978 3027 4034 Δαϐὶδ
3055 3979 3275 4049 τρέμων
3306 3978 3526 4047 ἔλεγεν·
3556 3979 3666 4030 Νί-

2079 4073 2267 4140 ψομαι
2289 4072 2359 4124 ἐν
2386 4071 2601 4138 ἀθώοις
2634 4073 2742 4139 τὰς
2791 4071 2998 4141 χεῖράς
3022 4088 3164 4142 μου,
3214 4068 3313 4125 καὶ
3363 4066 3671 4124 κυκλώσω

2079 4163 2148 4217 τὸ
2178 4165 2618 4236 θυσιαστήριον
2647 4179 2789 4232 σου,
2828 4166 3027 4235 Κύριε.

2163 4335 2483 4406 Ἀνάνηψον,
2518 4335 2792 4405 ἄνθρωπε.
2828 4334 2894 4387 Τί
2926 4337 3035 4397 τοῖς
3086 4334 3546 4407 προσερχομένας
3568 4334 3664 4388 ἑέ-

2082 4443 2220 4495 γεις,
2235 4426 2406 4496 Σῶμα
2428 4428 2525 4481 καὶ
2549 4420 2691 4496 αἷμα
2712 4425 2820 4480 τοῦ
2834 4426 3042 4495 Ἀμνοῦ
3057 4426 3163 4480 τοῦ
3186 4424 3333 4480 Θεοῦ
3350 4425 3671 4495 διδόμενον

400 4527 759 4582 remissionem
792 4520 1169 4596 peccatorum?
1191 4517 1332 4584 Quid
1370 4513 1554 4569 dicis?
1592 4515 1776 4567 Alium
1803 4530 1970 4569 cona-

2083 4533 2175 4571 σοι
2198 4518 2285 4580 εἰς
2310 4515 2533 4585 ἄφεσιν
2560 4513 2882 4585 ἁμαρτιῶν;
2913 4514 2977 4568 Τί
3011 4515 3190 4584 λέγεις
3218 4532 3233 4582 ;
3263 4515 3453 4568 Ἀλλον
3476 4514 3670 4567 καθαίο

400 4618 479 4672 ris
499 4615 824 4676 emundare,
846 4627 950 4667 nec
969 4611 1065 4666 tibi
1085 4622 1272 4662 curam
1298 4605 1481 4675 geris?
1507 4599 1571 4657 In
1595 4604 1973 4670 remissionem,

2076 4625 2186 4680 ρειν
2205 4609 2525 4679 ἐπιχειρεῖς,
2550 4609 2643 4660 καὶ
2665 4605 2841 4677 ἑαυτῷ
2865 4605 2925 4658 οὑ
2948 4605 3252 4677 φροντίζεις
3273 4623 3290 4672 ;
3308 4609 3412 4670 Είς
3441 4604 3671 4674 ἄφεσιν

401 4709 560 4771 dicis,
600 4714 964 4778 peccatorum;
1003 4715 1067 4756 ac
1092 4710 1173 4763 tu,
1219 4696 1334 4765 ipsa
1362 4695 1745 4765 mysteriorum
1777 4696 1980 4766 imper-

2083 4698 2375 4768 ἁμαρτιῶν
2398 4699 2595 4766 λέγεις,
2614 4699 2707 4752 καὶ
2731 4700 2795 4752 σὺ
2816 4696 3133 4769 προσθήκην
3157 4696 3439 4769 ἁμαρτιῶν
3488 4697 3581 4751 καὶ
3608 4699 3670 4749 ὲν

401 4800 621 4865 titione,
667 4798 766 4851 tibi
826 4796 942 4863 ipse
991 4796 1343 4861 peccatorum
1397 4787 1655 4856 majorem
1707 4789 1976 4843 sarcinam

398 4895 569 4949 facis?
597 4893 785 4961 Cogita
823 4882 1161 4955 tremendam
1208 4881 1352 4936 illam
1378 4897 1620 4937 mensam
1666 4897 1834 4937 coenae
1859 4898 1976 4954 my-

397 4986 567 5047 Stieaa,
590 4981 947 5046 inveniesque
968 4983 1167 5030 cuncta
1190 4972 1348 5028 nobis
1369 4974 1420 5027 in
1441 4989 1505 5028 ea
1529 4973 1740 5044 ﬁgurati
1763 4975 1972 5029 ratione

399 5077 659 5146 praedicta
682 5065 1197 5129 fuisse.Videamus,
1223 5064 1830 5135 obsecro,singuli,qua
1847 5064 1974 5120 huic

400 5167 611 5220 ratione
640 5163 980 5220 assistamus,
1010 5173 1079 5211 ne
1102 5157 1241 5212 forte
1258 5173 1358 5211 nos
1379 5172 1598 5226 quoque
1631 5158 1783 5211 velut
1804 5156 1973 5212 Judas

398 5258 677 5314 Christum
708 5250 1048 5321 spiritalibus
1073 5248 1275 5305 ludatis
1308 5249 1624 5319 prodamus.
1659 5248 1795 5305 Cum
1829 5249 1975 5303 enim

401 5365 527 5405 cum
553 5361 620 5402 eo
650 5352 928 5399 morantes
960 5343 1103 5397 inter
1136 5343 1214 5398 rei
1258 5359 1429 5399 sacra:
1479 5343 1818 5398 tremendam
1851 5343 1976 5421 fun-

403 5451 642 5496 ctionem
689 5434 1158 5506 saeriﬁciumque,
1215 5436 1395 5491 locum
1438 5434 1650 5491 Satanae
1706 5436 1760 5490 in
1812 5437 1976 5492 corde

404 5539 595 5583 nostro
615 5524 949 5589 dederimus,
975 5525 1110 5579 nihil
1135 5525 1318 5579 minus
1339 5525 1440 5593 ipsi
1466 5524 1812 5578 tradidimus.
1833 5525 1976 5592 Quid

406 5631 536 5671 vero
581 5615 746 5669 etiam
794 5613 967 5683 pelvis
1015 5614 1107 5670 ille
1156 5613 1521 5670 formidabilis
1573 5614 1859 5684 admonet,
1914 5632 1977 5672 ac

514 5797 558 5827 ’⁷
583 5792 755 5852 Eiod.
787 5809 864 5865 tu,
898 5787 983 5854 '5.’
1068 5794 1113 5830 "
1148 5795 1302 5853 Psal.
1336 5809 1460 5862 xxv,
1493 5793 1544 5849 6.

2075 4790 2214 4860 αὐτῇ
2238 4791 2303 4860 τῇ
2328 4790 2610 4860 μεταδόσει
2646 4787 2888 4859 ὲργάζῃ;
2929 4788 3210 4860 Ἐννόησον
3253 4788 3353 4859 τῆς
3386 4789 3669 4860 τραπέζης

2079 4883 2293 4953 ἐκείνης
2328 4883 2428 4953 τῆς
2459 4882 2695 4952 φοϐερᾶς
2726 4881 2819 4936 τοῦ
2848 4880 3067 4936 δείπνου
3107 4880 3201 4935 τοῦ
3237 4881 3496 4951 μυστικοῦ
3523 4881 3669 4954 [κατ’

2079 4975 2317 5046 ἔλλειψιν
2334 4972 2449 5040 τοῦ,
2467 4990 2532 5025 πε
2541 4971 2638 5044 p‘t],
2654 4973 2747 5026 καὶ
2758 4972 3010 5044 εὑρήσεις
3024 4973 3081 5025 ὲν
3099 4973 3291 5042 ἐκείνῳ
3303 4971 3518 5025 ἃπαντα
3535 4972 3670 5040 ἡμῖν

2079 5067 2329 5128 τυπικῶς
2347 5064 2737 5135 προειρημένα.
2748 5064 2976 5133 Ἰδωμεν
2991 5062 3226 5116 δυσωπῶ
3239 5064 3467 5127 ἕκαστος
3487 5065 3519 5134 ἡ
3528 5063 3667 5133 μῶν,

2083 5158 2200 5221 πῶς
2248 5159 2308 5210 ὲν
2354 5157 2526 5227 ταύτῃ
2578 5155 2978 5227 παριστάμεθα,
3019 5157 3213 5225 μήπως
3248 5156 3341 5209 καὶ
3391 5156 3552 5226 ἡμεῖς
3587 5155 3664 5215 ὡς

2096 5251 2297 5312 Ἰούδας
2323 5250 2414 5301 τὸν
2446 5248 2682 5318 Χριστὸν
2709 5250 2818 5310 τοῖς
2853 5251 3062 5317 νοητοῖς
3100 5248 3374 5310 Ἰουδαίοις
3401 5243 3666 5316 προδίδωο

2088 5358 2206 5413 μεν.
2231 5342 2400 5394 Ὅταν
2432 5340 2542 5410 γὰρ
2565 5340 2662 5392 σὺν
2699 5339 2847 5407 αὑτῷ
2870 5338 3235 5409 διατρίϐοντες
3269 5339 3326 5391 ἐν
3357 5339 3423 5407 τῇ
3459 5334 3669 5406 φοϐερᾷ

2082 5431 2392 5503 λειτουργίᾳ
2419 5432 2512 5483 καὶ
2541 5431 2722 5501 θυσίᾳ,
2747 5428 2932 5499 χώραν
2956 5427 3035 5497 τῷ
3063 5430 3276 5498 Σατανᾷ
3314 5427 3572 5496 δώσωμεν
3608 5425 3668 5478 ἐν

2083 5527 2151 5596 τῇ
2183 5523 2381 5595 καρδίᾳ
2420 5527 2485 5595 τῇ
2513 5523 2782 5594 ἡμετέρᾳ,
2805 5521 2956 5574 οὐδὲν
2993 5511 3157 5586 ἦττον
3186 5521 3282 5574 καὶ
3329 5520 3489 5589 ἡμεῖς
3521 5534 3667 5577 παρ-

2086 5615 2391 5686 εδώκαμεν.
2418 5614 2554 5668 Τίδὲ
2583 5613 2676 5668 καλ.
2697 5611 2942 5685 ὁνιπτὴρ
2968 5610 2996 5663 ὁ
3024 5610 3252 5682 φοϐερὸς
3284 5611 3430 5681 ἡμᾶς
3455 5609 3665 5672 ἐκεῖνος
