4078 6454
349 500 483 565 32ιῦ

1946 394 2018 416 οη

1463 498 1560 557 DE
1598 496 1918 556 PERSICA
1953 494 2471 556 CAPTIVITATE.

3442 493 3582 557 3346

342 615 594 676 διδάσκει,
621 612 711 663 καὶ
746 610 893 681 ητοῦ
940 610 1147 662 λεντίου
1185 608 1482 680 περίζωσις
1504 626 1520 674 ;
1545 610 1657 681 Τὴν
1683 611 1792 664 τῶν
1822 611 1901 664 δι-

2029 607 2327 661 )Γιεοὶιιοιίο
2359 604 2555 660 lintei?
2589 619 2783 673 nempe
2829 603 3213 673 magistrorum
3276 613 3438 675 atque
3491 623 3586 675 pa-

342 702 616 758 δασκιῦιων
683 702 779 754 καὶ
831 702 1106 769 ποιμένων
1152 700 1310 768 δῆλον
1343 700 1425 752 ὅτι
1461 701 1899 768 συγκατάϐασιν.

343 795 477 849 Τίδέ
508 795 657 864 δηλοῖ
680 793 761 856 τὸ,
793 793 1100 863 ἀρξάμενον
1117 791 1224 844 ἀπὸ
1245 791 1354 844 τῶν
1386 792 1629 862 ἐσχάτων
1666 793 1772 857 ἕως
1801 793 1910 847 τῶν

340 889 568 957 πρώτων
622 886 829 938 νίπτειν
868 883 993 946 τοὺς
1048 882 1247 948 ποδαςς
1283 883 1653 936 Ἀκουὲτωσαν
1704 886 1752 937 οἱ
1812 884 1911 948 τὰς

343 976 735 1046 προκαθεδρίας
764 974 1076 1043 ζητοῦντες,
1113 973 1230 1036 πῶς
1257 974 1287 1026 ὁ
1326 974 1560 1044 Χριστὸς
1581 976 1709 1037 τοὺς
1755 976 1913 1045 ἐσχά-

340 1085 460 1129 τους
495 1068 763 1132 ἐδόξασεν,
796 1066 878 1119 διὸ
900 1066 998 1119 καὶ
1035 1065 1240 1132 ἐλεγενο
1273 1067 1553 1119 Ἔσονται
1581 1069 1635 1120 οὶ
1665 1065 1912 1133 ἔσχατοι

341 1158 680 1225 «paratum!
705 1160 758 1211 οί
780 1156 996 1224 πρῶτοι
1022 1157 1291 1224 ἔσχατοι.
1309 1157 1418 1209 Καὶ
1445 1157 1504 1210 ἐν
1535 1157 1632 1227 μὲν
1657 1159 1723 1227 τῇ
1746 1156 1914 1227 βίϐλῳ

342 1250 435 1319 τῆς
472 1248 636 1315 ζωῆς,
678 1248 738 1300 ού
773 1247 1130 1318 φροντίζομεν
1146 1246 1266 1299 ούδέ
1294 1246 1501 1315 πρῶτοι
1542 1246 1661 1299 οὐδὲ
1684 1247 1902 1317 ἔσχατοι

343 1339 726 1409 ἀπογραφῆναι
745 1352 760 1367 ο
792 1339 852 1390 ἐν
898 1336 955 1389 δὲ
984 1338 1050 1405 τῇ
1090 1334 1299 1408 ματαίᾳ
1321 1335 1448 1408 δόξῃ
1476 1336 1587 1389 τῶν
1613 1333 1914 1405 ἀνθρώπιον

347 1427 670 1499 μαινόμεθα,
727 1428 823 1481 καὶ
855 1427 1223 1496 ἀλλήλουςδιὰ
1274 1426 1483 1497 ταύτην
1526 1425 1910 1495 κατεσθίομεν.

408 1521 504 1582 Τίς
528 1521 676 1571 ἐστιν
708 1518 955 1588 πρῶτος,
988 1518 1071 1580 τίς
1112 1519 1260 1571 ἐστιν
1315 1517 1577 1587 ἐσχατος;
1613 1516 1803 1570 Βούλει
1832 1533 1915 1569 σοι

344 1607 500 1673 εἴπω,
555 1608 639 1669 τίς
683 1608 712 1659 ὁ
739 1608 954 1678 πρῶτος
977 1607 1130 1677 παρὰ
1176 1608 1419 1678 Χριστῷ,
1461 1609 1689 1661 ἄκουσον
1714 1605 1915 1670 εὐθέως

345 1699 489 1758 τίνας
521 1697 851 1767 μακαρίζειο
891 1698 1197 1765 Μακάριοι,
1234 1699 1421 1769 φησὶν,
1469 1700 1521 1752 oi
1567 1698 1789 1765 πτωχοὶ
1835 1695 1916 1761 τῷ

342 1790 649 1855 πνεύματι,
681 1786 770 1840 ὅτι
798 1787 997 1842 αὐτῶν
1027 1788 1195 1842 ἐστιν
1222 1790 1261 1857 ἠ
1286 1788 1574 1853 ,βασιλεία
1598 1786 1714 1839 τῶν
1736 1788 1915 1854 οὐρα-

341 1879 481 1933 νῶν.
517 1882 609 1949 Μὴ
642 1875 817 1940 εἶπεν,
860 1880 1134 1949 Μακάριοι
1170 1883 1218 1932 oi
1263 1879 1467 1949 πρῶτοι
1503 1878 1581 1948 τῷ
1612 1878 1845 1948 σώματι,
1878 1874 1911 1945 ἢ

2017 708 2229 755 storum
2281 699 2604 755 modestiam
2644 698 2806 753 docet
2863 712 2927 752 ac
2975 697 3386 753 demissionem.
3443 700 3586 766 Quid

2012 807 2202 862 porro,
2231 792 2378 863 quod
2409 791 2679 861 incipiens
2700 805 2730 843 a
2753 788 3068 845 novissimis
3086 788 3155 843 ad
3181 788 3394 858 primos
3414 804 3590 859 usque

2012 886 2160 940 lavet
2188 884 2400 954 pedes?
2456 882 2698 938 Audiam
2723 882 2818 952 qui
2850 880 3057 953 primas
3084 888 3341 949 quaerunt
3380 880 3543 935 sedes
3573 923 3589 948 ,

2014 994 2122 1048 qua
2141 976 2395 1032 Christus
2421 976 2637 1031 ratione
2662 974 2991 1029 novissimos
3007 971 3415 1035 clarificaverit,
3444 970 3591 1026 unde

2014 1076 2072 1125 et
2098 1069 2352 1148 dicebat:
2402 1067 2580 1122 Erunt
2615 1065 2883 1120 novissimi
2912 1064 3093 1134 primi,
3126 1069 3175 1115 et
3208 1063 3367 1133 primi
3415 1065 3592 1115 nouis-

2013 1161 2134 1214 simi
2174 1160 2241 1214 ²⁹.
2269 1158 2348 1215 Ac
2381 1158 2607 1229 quidem
2635 1157 2690 1212 in
2719 1156 2862 1210 libro
2901 1155 3028 1209 vita:
3061 1168 3171 1208 non
3214 1166 3473 1207 curamus
3504 1152 3591 1208 vel

2016 1250 2179 1321 primi
2208 1249 2584 1313 describi,ch
2632 1247 2959 1303 novissimi:
3008 1255 3071 1301 ut
3110 1254 3296 1300 autem
3340 1245 3396 1299 in
3440 1245 3591 1299 inani

2016 1340 2302 1396 hominum
2328 1341 2525 1411 gloria,
2561 1338 2740 1395 insani
2771 1337 3068 1404 ambimus,
3106 1337 3286 1407 obque
3328 1335 3477 1392 illam
3502 1336 3591 1390 in-

2016 1430 2193 1487 vicem
2217 1430 2568 1486 devoramus.

2087 1520 2225 1588 Quis
2265 1521 2478 1591 primus
2513 1520 2786 1589 est?quis
2826 1519 3202 1575 novissimus?
3246 1520 3341 1576 Vis
3389 1518 3591 1582 dicam,

2016 1611 2140 1681 quis
2182 1609 2327 1680 apud
2357 1609 2639 1665 Christum
2677 1610 2905 1667 exsistat
2941 1608 3191 1679 primus?
3228 1607 3369 1662 Audi
3407 1607 3593 1661 statim

2017 1717 2285 1771 quosnam
2334 1701 2528 1757 beatos
2568 1701 2929 1771 pronuntiet:
2974 1699 3148 1766 Beati,
3204 1701 3405 1770 inquit,
3463 1717 3598 1771 pau-

2017 1808 2165 1861 peres
2191 1794 2403 1863 spiritu,
2445 1794 2569 1863 quia
2599 1793 2834 1862 ipsorum
2865 1800 2943 1845 est
2978 1807 3201 1861 regnum
3243 1789 3493 1845 caelorum
3525 1791 3592 1843 ³⁰.

2018 1883 2161 1938 Num
2195 1882 2363 1937 dixit:
2393 1882 2545 1938 Beati
2575 1883 2669 1952 qui
2711 1897 2942 1952 corpore
2976 1883 3140 1954 primi
3179 1891 3328 1949 sunt,
3374 1892 3470 1937 aut
3501 1882 3598 1951 qui

342 1973 390 2025 oi
425 1971 634 2041 πρῶτοι
662 1970 740 2041 τῷ
766 1969 1065 2038 ἀξιώματι,
1096 1970 1127 2040 ἢ
1157 1975 1213 2024 ἐν
1245 1970 1597 2039 διαδήμασιν;
1631 1967 1915 2036 Οὐδαμῶς.

2029 1975 2186 2045 primi
2230 1974 2532 2046 dignitate?
2564 1975 2682 2029 sive
2710 1974 2804 2043 qui
2844 1973 3055 2044 fulgent
3092 1973 3446 2031 diademate?
3485 1973 3597 2030 Ne-

341 2062 511 2120 Πᾶσα
537 2062 646 2133 γὰρ
677 2061 828 2127 δόξα
853 2059 1166 2128 ἀνθρώπου
1196 2062 1276 2124 ὠς
1296 2060 1478 2124 ἄνθος
1501 2059 1737 2127 χόρτου.
1761 2059 1920 2111 Πᾶσα

342 2154 644 2216 δυναστεία,
674 2152 750 2215 ὼς
783 2150 911 2205 σκιὰ
944 2150 1278 2221 μεσέμϐρου,
1308 2151 1358 2201 εἰ
1385 2149 1479 2201 καὶ
1510 2147 1605 2202 νῦν
1636 2164 1781 2209 τινες
1822 2150 1921 2200 ἐπ’

343 2246 622 2316 αίρωνται.
653 2241 765 2294 Ποῦ
797 2242 849 2294 oi
886 2241 945 2307 ἐξ
989 2242 1185 2300 αἰῶνος
1225 2239 1502 2307 βασιλεῖς;
1543 2238 1680 2306 πρὸς
1723 2238 1921 2300 αὐτοὺς

345 2338 449 2403 γὰρ
467 2330 912 2400 ἀποφθέγξτιμαι·
936 2330 1033 2382 καὶ
1061 2329 1219 2382 αὐτοὶ
1245 2329 1355 2398 γὰρ
1378 2327 1676 2397 ἄνθρωποι,
1705 2326 1800 2378 κα)⁸
1822 2328 1925 2393 τῆς

343 2424 620 2495 ἡμετέρας
654 2421 872 2490 φύσεως
900 2420 1258 2489 ὑπάρχουσιν.
1291 2417 1399 2470 Ποῦ
1441 2417 1487 2469 οἱ
1520 2417 1762 2470 τοσοῦτοι
1792 2416 1923 2484 ἡγε-

347 2519 543 2587 μόνες;
574 2511 678 2566 ποῦ
710 2512 760 2566 οἱ
788 2511 1083 2574 δυνάσται;
1115 2510 1219 2563 ποῦ
1248 2511 1296 2563 οἱ
1329 2508 1669 2573 ἐξουσιασταί
1687 2525 1701 2573 ;
1738 2508 1798 2561 Ei
1824 2507 1922 2577 μὲν

344 2606 523 2674 ἀγαθὰ
566 2601 964 2673 διεπράξαντο,
1011 2601 1106 2654 καὶ
1154 2602 1254 2664 τὰς
1312 2599 1694 2662 πιστευθείσας
1738 2600 1922 2662 αὐτοῖς

343 2695 522 2767 ψυχὰς
549 2693 836 2757 διέσωσαν,
868 2691 1086 2755 πάντως
1114 2693 1173 2743 ἐν
1213 2693 1323 2753 τοῖς
1359 2676 1707 2762 ἐπουρανίοις
1747 2691 1924 2758 ὑπάρ-

344 2802 558 2858 χουσιν·
589 2787 638 2838 εί
668 2784 725 2838 δὲ
753 2785 852 2854 τῆς
892 2783 1129 2853 ποίμνης
1159 2782 1467 2853 ἠμέλησαν,
1490 2781 1708 2845 πάντως
1736 2783 1792 2835 ἐν
1812 2785 1925 2845 ταῖς

347 2875 721 2948 καταχθονίοις
766 2873 1157 2945 διατρίϐουσιν.
1205 2874 1589 2940 Παιδεύθητε,
1620 2873 1842 2939 πάντες
1870 2877 1928 2928 οὶ

347 2971 653 3040 κρίνοντες
676 2967 792 3035 τὴν
816 2964 952 3037 τῆν’
983 2966 1357 3021 δουλεύσατε
1397 2964 1479 3031 τῷ
1504 2967 1697 3033 Κυρίῳ
1727 2965 1797 3019 ἐν
1821 2966 1926 3033 φό-

2020 2080 2319 2135 quaquam.
2346 2064 2526 2120 Omnis
2543 2065 2689 2119 enim
2702 2063 2883 2148 .gloria
2905 2066 3128 2119 hominis
3142 2067 3272 2118 sicut
3288 2067 3383 2140 ﬂos
3408 2065 3513 2134 feni
3530 2065 3596 2120 ⁸¹.

2022 2156 2217 2211 Omnis
2260 2155 2506 2226 potentia
2558 2155 2713 2210 velut
2758 2155 2955 2208 umbra
3004 2154 3330 2220 meridiana,
3381 2156 3599 2210 tametsi

2022 2263 2171 2301 nunc
2189 2246 2410 2316 quidam
2433 2245 2757 2305 etrcrantur.
2774 2246 3009 2306 Ubinam
3034 2262 3213 2315 reges,
3229 2246 3323 2316 qui
3350 2262 3380 2307 a
3401 2248 3601 2306 saeculo

2024 2340 2279 2417 fuerunt?
2321 2341 2387 2394 ad
2433 2356 2530 2395 eos
2586 2340 2734 2396 enim
2782 2336 2937 2394 verto
2977 2354 3325 2397 sermonem:
3369 2356 3499 2395 nam
3545 2352 3603 2400 et

2024 2432 2128 2501 ipsi
2163 2431 2418 2487 homines
2461 2443 2609 2493 sunt,
2643 2446 2709 2485 ac
2741 2430 2992 2500 ejusdem
3035 2430 3326 2486 nobiscum
3367 2440 3600 2487 naturae.

2024 2524 2257 2579 Ubinam
2293 2523 2427 2577 tanti
2460 2522 2538 2576 illi
2571 2521 2782 2575 duces?
2817 2521 2909 2575 ubi
2945 2522 3277 2592 optimates?
3303 2522 3397 2579 ubi
3444 2523 3602 2594 prinv

2022 2616 2215 2685 cipes?
2239 2616 2406 2671 Plane
2430 2614 2475 2668 si
2498 2612 2719 2684 quidem
2738 2612 2883 2669 bona
2900 2622 3155 2682 egerunt,
3173 2627 3236 2666 ac
3256 2611 3604 2671 conereditas

2023 2708 2128 2764 sibi
2158 2707 2368 2761 animas
2401 2706 2637 2775 sospites
2683 2713 2996 2765 servarunt,
3046 2703 3101 2757 in
3142 2702 3460 2760 cmlestibus
3487 2718 3606 2756 om-

2022 2800 2156 2854 nino
2188 2799 2493 2853 cxsistunt:
2558 2797 2646 2850 sin
2706 2804 2890 2849 autem
2944 2795 3311 2865 neglexerunt
3352 2809 3625 2865 gregem;

2023 2890 2317 2961 prorsusin:
2335 2888 2525 2943 inferis
2547 2888 2935 2942 demorantur:
2957 2885 3277 2947 Erudimini.
3306 2899 3499 2939 omnes
3516 2885 3607 2954 qui
3661 2861 3682 2876 ’

2017 2981 2273 3051 judicatis
2296 2988 2493 3033 terram
2522 2995 2540 3043 ;
2565 2978 2753 3032 servite
2793 2976 3017 3031 Domino
3049 2977 3105 3029 in
3154 2977 3341 3029 timore
3360 2976 3426 3029 ³².
3470 2974 3606 3030 Ser-

349 3067 444 3130 ϐῳο
476 3060 802 3117 δουλεύσατε
823 3054 977 3127 αὐτῷ
997 3058 1056 3111 ἐν
1071 3058 1320 3128 ἀληθείᾳ,
1345 3057 1445 3111 καὶ
1472 3056 1925 3124 ἀταλλιὰσασθε

2029 3075 2139 3128 vite
2171 3071 2251 3126 illi
2281 3073 2338 3127 in
2373 3071 2630 3136 veritate,
2692 3079 2741 3123 et
2776 3068 3037 3125 exsultate
3082 3070 3130 3123 ei
3174 3070 3227 3123 in
3268 3078 3492 3122 tremore
3534 3067 3603 3121 ³³.

348 3154 506 3220 αὐτῷ
532 3155 604 3208 ἐν
621 3154 831 3222 τρόμῳ.
859 3151 955 3214 Εἰς
981 3149 1273 3221 πρόσωπον
1295 3149 1403 3219 γὰρ
1431 3146 1597 3203 αέτοῦ
1627 3148 1773 3216 ὑμᾶς
1802 3147 1926 3201 ἐτα-

2034 3162 2298 3219 Vosenim
2322 3168 2383 3216 ut
2401 3163 2520 3232 ejus
2534 3175 2824 3232 personam
2846 3158 3426 3231 gereretis,constiluit
3441 3173 3609 3227 super

349 3248 438 3313 ξεν
462 3245 559 3297 ἐπὶ
584 3243 683 3313 τῆς
705 3242 830 3311 γῆς.
862 3238 1196 3308 Παιδεύθητε
1221 3239 1286 3291 ἐκ
1308 3238 1408 3306 τῆς
1427 3235 1593 3290 αὐτοῦ
1623 3236 1926 3306 φιλανθρω-

2033 3263 2261 3310 terram.
2305 3254 2387 3309 Ex
2432 3253 2585 3308 illius
2631 3251 2922 3307 clementia
2971 3251 3306 3307 documento
3357 3259 3606 3319 accepto,

350 3337 502 3403 πίας,
530 3337 625 3389 καὶ
654 3335 730 3404 μὴ
764 3330 1129 3387 ἀναϐάλλεσθε
1152 3329 1251 3392 τὰς
1273 3329 1380 3382 τῶν
1412 3328 1682 3398 δεομένων
1702 3328 1928 3391 ἱκεσίας.

360 3425 418 3479 '0
445 3426 561 3497 γὰρ
588 3422 716 3477 λαοῦ
742 3422 1138 3494 προϊστάμενος
1168 3420 1263 3473 καὶ
1291 3419 1500 3489 κεφαλὴ
1533 3419 1816 3489 ὑπάρχων,
1845 3418 1936 3471 εὐ·-

350 3521 484 3589 χερῆ
514 3515 734 3588 ἀληθῶς
767 3514 863 3585 τὴν
908 3511 1204 3576 ἀπώλειαν,
1236 3511 1376 3581 ὑπὲρ
1412 3509 1513 3581 τὴν
1546 3511 1817 3581 σωτηρίαν
1843 3509 1937 3563 κέ-

351 3624 575 3679 κτηται.
594 3608 658 3659 Οἱ
681 3605 790 3676 γὰρ
821 3603 931 3658 τῶν
955 3600 1459 3671 παραπονουμένων
1487 3600 1784 3669 στεναγμοὶ
1835 3599 1936 3651 οὐκ

351 3697 716 3755 ἐῶσινίαύτοῦ
753 3696 851 3765 τὴν
889 3690 1198 3766 προσευχὴν
1236 3692 1373 3762 πρὸς
1410 3690 1543 3743 Θεὸν
1575 3689 1933 3759 ὰνὲρχεσθαιυ

354 3792 468 3846 ἀλλ’
513 3788 705 3858 ὥσπερ
736 3789 914 3856 τεῖχος
965 3783 1238 3855 σιδηροῦν,
1263 3781 1438 3844 οὕτως
1471 3780 1641 3851 αὐτὴν
1667 3781 1936 3848 ἀντιπέμ-

353 3898 571 3948 πουσιν,
600 3882 694 3934 καὶ⁸
726 3879 1007 3949 ἄπρακτον
1036 3874 1461 3946 ἀπεργάζονται.
1512 3874 1704 3941 Μέγας
1752 3873 1781 3924 ὁ
1827 3871 1936 3924 τῶν

353 3974 542 4045 ψυχῶν
586 3972 858 4035 κίνδυνος·
895 3968 1038 4040 μέγα
1082 3968 1145 4023 τὺ
1185 3968 1392 4021 τούτων
1424 3965 1664 4036 φορτίον·
1701 3962 1935 4034 φοϐερὸν

354 4065 416 4121 τὸ
439 4064 649 4119 τούτων
675 4066 871 4135 κρῖμα,
902 4064 1000 4114 καὶ
1023 4065 1137 4124 τοῖς
1176 4059 1392 4123 πολλοῖς
1416 4058 1776 4112 ἐπικίνδυνον.

424 4158 756 4228 Μετρήσατε
806 4154 867 4222 ἐξ
922 4153 1153 4216 ἑαυτῶν,
1197 4154 1290 4205 καὶ
1318 4150 1491 4215 οὓτως
1537 4150 1647 4204 τῶν
1670 4150 1937 4221 δεομένων

358 4249 710 4305 είσακούσετε
753 4249 811 4301 ἐν
860 4246 1036 4317 τάχει,
1069 4245 1258 4317 ὥσπερ
1289 4244 1387 4298 καὶ
1434 4245 1593 4314 ὑμεῖς
1629 4241 1791 4311 παρὰ
1817 4241 1938 4313 Θεῷ

359 4341 626 4397 σπεύδετε
682 4334 1119 4407 ύπακουσθῆναι.
1159 4335 1484 4392 Ἀναλάϐετε
1522 4335 1621 4406 τὴν
1672 4334 1781 4388 τῶν
1825 4335 1940 4388 ius.

357 4412 631 4487 τευδντων
689 4431 834 4498 ὑμᾶς
867 4428 1069 4498 θλίψιν,
1101 4429 1202 4484 καὶ
1246 4427 1511 4497 ποιήσατε
1568 4426 1626 4479 ἐν
1655 4424 1810 4494 τάχει
1839 4425 1939 4495 τὴν

359 4524 580 4579 δικαίαν
610 4522 914 4594 ἐκδίκησιν.
940 4522 1055 4574 Ούκ
1084 4521 1260 4574 οἴδατε
1290 4521 1372 4572 ὅτι
1405 4518 1542 4589 μετὰ
1566 4518 1664 4589 τὴν
1688 4517 1747 4584 ἐξ
1770 4516 1939 4586 ῦψους

2034 3346 2205 3401 nolite
2236 3344 2553 3416 rogantium
2583 3358 2702 3404 vos,
2750 3357 2815 3397 ac
2845 3356 3147 3412 egenorum
3179 3338 3611 3410 supplicationes

2037 3438 2280 3493 differre.
2333 3436 2439 3504 Qui
2492 3436 2641 3491 enim
2697 3434 2902 3505 populo
2937 3432 3212 3503 praesidet,
3254 3448 3319 3486 ac
3356 3431 3408 3484 ei
3447 3437 3612 3499 caput

2033 3529 2326 3599 jirzefectus
2346 3536 2450 3594 est,
2484 3526 2702 3582 facilius
2730 3539 2925 3580 revera
2946 3522 3315 3593 perditionem
3345 3519 3607 3583 inveniat,

2033 3635 2199 3690 quam
2230 3627 2289 3674 ut
2322 3619 2554 3673 salutem
2583 3616 2959 3671 nanciscatur.
2998 3613 3341 3669 Alliictorum
3371 3626 3611 3680 namque

2033 3711 2271 3781 gemitus
2315 3725 2425 3764 non
2470 3709 2661 3763 sinunt
2711 3715 2772 3762 ut
2815 3708 2936 3777 ejus
2966 3704 3035 3759 ad
3061 3704 3232 3761 Deum
3263 3718 3459 3773 preces
3510 3717 3605 3756 su~

2033 3800 2235 3855 blimes
2268 3799 2556 3864 ferantur;
2585 3798 2682 3852 sed
2717 3805 2977 3869 tanquam
3020 3810 3213 3854 murus
3245 3794 3478 3857 ferreus,
3531 3794 3613 3846 sic

2038 3891 2119 3946 illi
2148 3891 2246 3945 has
2279 3890 2575 3961 repellunt,
2612 3904 2676 3944 ac
2712 3888 2900 3945 irritas
2951 3885 3212 3943 reddunt.
3250 3884 3455 3954 ‘lngens
3494 3883 3612 3937 aniv

2036 3997 2252 4037 morum
2281 3980 2618 4052 periculum,
2659 3980 2852 4050 ingens
2895 3977 3093 4033 hoi'um
3130 3992 3295 4031 onus.
3343 3975 3614 4033 Tremens

2036 4074 2168 4129 dum
2195 4072 2488 4145 judicium,
2528 4088 2591 4128 ac
2613 4072 2800 4127 multis
2824 4071 2956 4128 alea:
2989 4069 3233 4143 plenum.

2106 4167 2188 4222 Ex
2216 4165 2394 4230 vobis,
2431 4165 2535 4234 ipsi
2581 4180 2678 4221 vos
2719 4161 3025 4218 metimini:
3063 4160 3255 4230 sicque
3307 4159 3417 4214 cito
3456 4160 3617 4215 vobis

2037 4259 2314 4328 supplices
2342 4256 2673 4322 exaudietis,
2704 4252 3170 4326 quemadmodum
3189 4262 3250 4307 ut
3274 4252 3418 4323 apud
3442 4253 3616 4306 Deum

2037 4346 2407 4403 exaudiamini
2430 4346 2534 4417 ipsi
2565 4344 2834 4416 satagitis.
2881 4343 3148 4398 Recreate
3188 4357 3353 4413 quam
3379 4342 3455 4397 illi
3477 4340 3616 4395 allii-

2041 4439 2290 4496 ctionem
2316 4438 2613 4500 sustinent,
2643 4451 2706 4491 ac
2733 4437 2937 4508 justam
2959 4434 3125 4490 citius
3145 4432 3307 4489 facite
3332 4433 3617 4492 ultionem.

2038 4530 2182 4586 Num
2206 4529 2436 4586 nescitis
2473 4527 2778 4584 secundum
2829 4542 3124 4598 supernam
3183 4540 3366 4596 opem.
3426 4526 3482 4578 in
3521 4539 3621 4579 vos

358 4614 639 4686 βοήθειαν,
671 4615 754 4678 εἰς
785 4613 931 4683 ὑμᾶς
957 4612 1158 4673 πάντες
1194 4612 1245 4664 οἱ
1286 4608 1758 4680 καταπονούμενοι
1790 4610 1926 4663 ἁπο-

2042 4619 2291 4676 omnium
2322 4631 2620 4674 conversos
2645 4615 2837 4672 oculos
2865 4615 2961 4692 qui
3008 4615 3227 4685 injuriis
3265 4613 3393 4669 ullis
3430 4614 3620 4683 oppri,

358 4706 686 4773 ϐλέπουσιν;
729 4705 949 4775 Ὁρᾶτε,
982 4702 1281 4775 προσέχετε
1330 4701 1528 4770 ὑμεῖς’
1563 4700 1638 4771 μὴ
1684 4700 1935 4769 εὐλογίας

359 4798 487 4853 κατ’
507 4797 689 4851 αὐτῶν
740 4797 850 4850 τῶν
882 4795 1257 4864 ἁδικουμάνων
1284 4791 1609 4864 κομίσησθε,
1632 4792 1939 4860 δυναμένας

356 4888 527 4951 hvmi;
548 4887 781 4959 χωρίσαι
812 4888 956 4956 ὑμᾶς
976 4888 1072 4939 τοῦ
1099 4886 1396 4955 προσώπου
1422 4884 1517 4939 τοῦ
1550 4882 1686 4937 Θεοῦ
1704 4900 1718 4914 ·
1764 4883 1937 4945 τύπος

359 4982 529 5036 πᾶσιν
552 4978 862 5052 ἀνθρώποις
916 4975 1154 5046 γίνεσθε,
1187 4977 1359 5041 τύπος
1392 4976 1619 5045 ἀγαθὸς,
1647 4976 1819 5039 τύπος
1842 4975 1938 5030 καὶ

359 5073 667 5142 ὑπόδειγμα
717 5071 899 5141 πάσης
946 5068 1345 5140 ἀγαθοεργίαςο
1380 5067 1550 5132 τύπος
1587 5071 1892 5140 πραότητος
1919 5084 1933 5099 ·

359 5164 455 5215 καὶ
486 5163 593 5234 πρὸ
640 5163 861 5216 πάντων
897 5161 1324 5232 ἀμνησικακίας.
1379 5160 1563 5215 Τύπον
1615 5160 1849 5231 ἔχοντες,
1876 5162 1940 5217 τὸ

364 5253 558 5320 μέλλον
610 5253 1118 5324 ἀπροσωπόληπτον
1145 5253 1517 5323 δικαστήριον,
1557 5253 1648 5306 τὸν
1675 5252 1937 5323 ἀδωροδό-

361 5358 526 5413 κητον
552 5343 761 5415 κριτὴν,
794 5343 869 5414 μὴ
903 5343 993 5398 διὰ
1017 5344 1122 5397 τῶν
1142 5342 1331 5414 δώρων
1359 5344 1450 5397 τὸν
1479 5343 1703 5415 ἱδρῶτα,
1735 5343 1935 5413 μᾶλλον

360 5432 418 5485 δὲ
442 5433 509 5486 τὰ
544 5436 751 5505 αἵματα
796 5433 907 5487 τῶν
950 5434 1135 5505 χηρῶν
1175 5435 1269 5487 καὶ
1298 5432 1549 5505 ὀρφανῶν
1597 5434 1935 5488 κατεσθίετε.

361 5523 488 5589 Πῦρ
520 5527 648 5597 γὰρ,
685 5527 848 5595 φησὶν
896 5526 925 5577 ὁ
970 5524 1255 5596 Σολομὼν,
1303 5526 1703 5594 καταφαίνεται
1734 5526 1940 5592 οἴκους

361 5613 757 5683 δμξροδεκτῶν.
788 5620 880 5689 Μὴ
917 5618 1005 5671 διὰ
1060 5618 1209 5688 δῶρα
1262 5617 1600 5686 πιπράσκετε
1617 5618 1679 5671 τὸ
1714 5617 1938 5685 δίκαιον,

360 5708 448 5762 ἵνα
486 5707 558 5778 μὴ
587 5706 663 5771 ὡς
682 5709 914 5778 Χριστὸν
936 5708 1284 5779 πωλήσαντες
1309 5708 1587 5779 κρίνησθε.
1803 5705 1809 5711 ’

468 5885 513 5916 "
538 5884 730 5941 Matth.
775 5903 866 5953 xx,
902 5887 986 5943 i6.
1101 5888 1145 5920 ³⁸
1181 5887 1374 5943 Matth.
1410 5903 1463 5953 v,
1501 5888 1555 5942 ὅ.

1667 5890 1707 5921 ⁸³
1748 5891 1852 5945 lsa.
1895 5906 1980 5954 XL,
2008 5892 2059 5946 6.

2041 4708 2309 4764 muntur?
2339 4708 2558 4773 Videte,
2590 4705 2897 4767 attendite:
2944 4704 3116 4765 nolite
3144 4718 3372 4765 munera
3420 4705 3623 4761 adver-

2042 4815 2137 4856 sus
2184 4800 2353 4869 ipsos,
2396 4814 2538 4871 quos
2587 4797 2804 4866 injuriis
2846 4796 3092 4866 fatigant,
3149 4795 3422 4863 accipere,
3473 4793 3622 4862 ejus—

2042 4889 2190 4945 modi
2227 4890 2387 4959 plane
2433 4897 2497 4943 ut
2532 4903 2562 4942 a
2613 4885 2713 4940 Dei
2754 4901 2851 4940 vos
2890 4884 3030 4939 faeie
3081 4898 3336 4953 separare
3381 4883 3619 4943 valeant.

2043 4981 2273 5038 Cunctis
2312 4995 2505 5034 norma
2546 4986 2724 5034 estote
2778 4994 2793 5029 :
2847 4991 3041 5031 norma
3092 4976 3256 5041 bona,
3302 4989 3496 5029 norma
3559 4988 3623 5029 ac

2042 5074 2355 5143 exemplum
2423 5070 2553 5126 boni
2608 5069 2786 5126 omnis
2824 5069 3009 5138 operis
3058 5085 3073 5127 :
3126 5068 3374 5123 lenitatis
3422 5064 3621 5127 forma,

2044 5180 2109 5220 ac
2149 5163 2471 5233 cumprimis
2494 5161 2685 5226 animi,
2718 5177 2882 5231 quem
2924 5161 3077 5217 nulla
3122 5160 3449 5233 injuriarum
3501 5174 3621 5213 me-

2045 5256 2216 5313 moria
2258 5255 2513 5313 lacessat.
2565 5252 2669 5325 Qui
2695 5252 2944 5313 futurum
2982 5252 3247 5317 tribunal,
3280 5250 3428 5305 nulla
3463 5265 3625 5305 acce-

2042 5347 2247 5417 ptionis
2267 5360 2627 5417 personarum
2653 5344 2775 5399 labe
2798 5343 3074 5407 laborans,
3089 5342 3330 5414 judicem
3373 5340 3616 5395 muneri-

2042 5439 2148 5495 bus
2172 5438 2552 5508 incorruptum
2587 5437 2817 5492 formam
2848 5435 3137 5501 habeatis;
3172 5435 3341 5489 nolite
3372 5431 3625 5487 commit-

2048 5540 2165 5586 tere
2202 5538 2263 5584 ut
2294 5545 2588 5585 munerum
2631 5528 2954 5598 acceptione
2998 5527 3279 5601 sudorem,
3311 5540 3407 5580 seu
3439 5523 3624 5595 potius

2047 5620 2370 5691 sanguinem
2429 5619 2719 5675 viduarum
2785 5633 2849 5673 ac
2933 5617 3271 5689 pupillorum
3325 5615 3622 5676 devoretis.

2046 5711 2191 5782 Ignis
2207 5712 2378 5777 enim,
2407 5711 2590 5782 inquit
2639 5710 2921 5777 Salomon,
2947 5710 3214 5765 devoravit
3237 5708 3418 5769 domos
3445 5725 3626 5769 eorum

2174 5893 2216 5922 ³²
2249 5892 2389 5948 Psal.
2444 5908 2502 5959 ιι,
2539 5890 2626 5945 l0.
2738 5891 2783 5922 ³³
2819 5886 2954 5951 ibid,
2982 5887 3066 5947 11.
