4078 6400
416 420 559 521 ’3247

1673 445 1984 508 INCERTI
2024 449 2398 509 AUCTORIS

3570 445 3703 507 3243

425 567 512 634 qui
562 579 781 617 nantem
830 561 1048 614 libenter
1107 557 1366 624 accipiunt
1424 554 1490 610 °‘.
1552 553 1730 608 Nolite
1782 565 2008 625 propter
2044 573 2273 610 munera
2322 556 2413 626 jus
2439 552 2698 618 vendere,
2724 568 2791 608 ne
2859 562 3113 624 tanquam
3153 554 3352 611 Christi
3396 554 3711 611 venditores

422 654 632 725 judicio
670 651 889 707 obnoxii
922 650 1058 705 sitis.

498 744 557 799 In
586 758 840 813 magnum
873 754 1061 795 revera
1100 739 1337 795 stadium
1388 738 1632 808 provecti
1684 739 1839 804 estis,
1895 754 2004 809 quo

2179 737 2271 799 Ei;
2307 735 2447 805 μέγα
2486 734 2702 806 ἀληθῶς
2766 735 2998 804 σκάμμα
3044 735 3376 804 προήχθητε,
3433 738 3697 809 ὀξυτέρα-ι

421 833 728 903 promptior
758 831 931 884 salute
978 830 1245 891 interitio,
1305 830 1587 899 animique
1620 831 1852 884 exitium
1908 831 2001 885 sit.

420 922 475 975 Si
518 920 737 990 quidem
782 918 927 972 enim
970 918 1209 988 ingentis
1266 917 1495 988 periculi
1537 919 1619 973 sui
1668 917 1845 988 ipsius
1891 919 2005 988 pri-

421 1020 722 1078 vatumque
773 1008 1046 1079 judicium
1096 1016 1203 1073 est,
1258 1017 1464 1078 quanto
1524 1009 1698 1078 magis
1753 1019 1814 1063 ut
1877 1008 2004 1079 quis

418 1102 582 1155 etiam
619 1098 810 1169 populi
863 1099 1088 1154 nomine
1132 1099 1451 1169 judicetur?
1500 1100 1756 1169 Vigilate,
1786 1112 1911 1155 nam
1943 1108 2001 1154 et

419 1208 517 1247 vos
547 1208 767 1262 quoque
792 1192 998 1263 Regem
1039 1206 1249 1261 regum,
1282 1190 1534 1245 iudicem
1579 1192 1855 1263 judicum,
1899 1193 2004 1247 Do—

421 1284 631 1338 minum
662 1284 1018 1339 dominorum
1048 1282 1105 1335 in
1130 1282 1287 1337 cwlis
1303 1281 1521 1337 habetis
1548 1302 1561 1335 :
1590 1283 1654 1337 In
1686 1284 2002 1355 quojudicio

415 1366 803 1435 judicaueritis,
820 1370 1199 1440 jndicabimini
1225 1386 1242 1423 :
1277 1380 1324 1422 et
1355 1371 1411 1423 in
1439 1386 1545 1439 qua
1568 1386 1814 1424 mensura
1838 1371 2004 1424 mensi

418 1459 649 1525 fueritis,
682 1461 991 1513 remetietur
1024 1460 1165 1513 vobis
1204 1460 1271 1515 ³⁸.
1319 1458 1394 1513 De
1419 1459 1577 1514 vobis
1604 1460 1997 1515 admonemur:

422 1547 595 1601 Nolite
631 1548 892 1616 conﬁdere
918 1549 973 1601 in
1008 1548 1350 1618 principibus.
1383 1550 1438 1602 in
1464 1548 1589 1617 ﬁliis
1618 1551 1910 1612 hominum,
1947 1552 2001 1603 in

422 1638 607 1708 quibus
638 1656 747 1699 non,
775 1649 852 1692 est
882 1638 1030 1693 salus
1055 1639 1120 1692 ³⁸.
1158 1640 1236 1692 Ac
1278 1639 1437 1708 plane
1477 1641 1697 1694 merito.
1740 1641 1873 1695 Nam
1908 1640 2002 1710 qui

422 1727 595 1781 salvat
626 1725 887 1793 animam,
942 1728 1055 1782 Deo
1108 1728 1383 1782 conditori
1428 1729 1625 1783 similis
1665 1748 1677 1782 :
1737 1746 1866 1801 ergo
1903 1731 1999 1801 qui

421 1818 657 1871 animam
684 1818 887 1887 perdit,
927 1819 1079 1874 velut
1122 1818 1378 1873 diabolus
1425 1819 1739 1875 destructor
1768 1822 2002 1876 exsistit.

421 1909 558 1964 Vide
589 1925 658 1964 ne
683 1926 757 1967 te.
805 1910 899 1980 qui
934 1926 1234 1980 purpuram
1284 1926 1350 1965 ac
1376 1910 1628 1966 diadema
1661 1915 1887 1968 indutus
1905 1914 2001 1978 sis,

420 2000 675 2055 diabolus
713 2002 766 2056 in
793 2002 1111 2072 superbiam
1140 2012 1282 2072 agat.
1337 2003 1461 2059 Noli
1500 2004 1645 2058 enim
1670 2020 1737 2059 eo
1782 2004 2005 2059 nomine

421 2092 642 2161 gloriari
668 2135 682 2158 ,
723 2093 817 2147 sed
847 2101 1022 2147 treme
1052 2110 1115 2148 ac
1148 2095 1299 2149 time.

491 2183 630 2237 Num
663 2184 864 2238 audisti
892 2187 986 2254 qui
1015 2186 1124 2239 ait:
1170 2185 1418 2240 Potentes
1462 2194 1700 2255 potenter
1745 2196 2009 2241 tormenta

423 2277 692 2345 patientur
714 2275 799 2327 '7?
826 2275 908 2329 Ad
934 2276 1167 2330 salutem
1203 2292 1299 2330 vos
1322 2277 1509 2346 populi
1531 2278 1797 2332 Dominus
1821 2277 2014 2347 prafe-

422 2370 519 2435 eit,
548 2385 656 2423 non
685 2367 750 2422 ad
774 2366 1177 2438 perditionem;
1206 2377 1265 2422 ut
1281 2382 1583 2437 egenorum
1608 2370 2007 2436 misercamini,

423 2476 533 2513 non
560 2467 834 2514 uteorum
873 2472 961 2512 res
1007 2459 1252 2527 rapiatis.
1286 2458 1467 2513 Vitam
1516 2475 1546 2513 a
1594 2461 1842 2517 criminis
1887 2462 2011 2517 labe

420 2549 956 2621 puram,pr:epositi,
981 2550 1266 2612 assumite,
1285 2565 1376 2615 ne,
1402 2564 1527 2603 cum
1553 2551 1691 2606 alios
1711 2552 2010 2608 admonere

424 2658 649 2697 necesse
696 2642 835 2706 erit,
902 2639 1339 2695 confundamini.
1388 2642 1674 2711 lncrepate
1712 2643 2009 2713 inquietos,

422 2731 676 2786 inﬁrmos
711 2729 1112 2794 misereamini,
1144 2729 1212 2783 iis
1246 2730 1349 2798 qui
1389 2730 1679 2785 oﬂ‘endunt
1721 2731 2008 2801 ignoscite,

421 2827 481 2879 in
523 2840 618 2879 eos
645 2826 737 2895 qui
782 2839 894 2878 non
949 2824 1318 2877 emendantur
1362 2823 1815 2887 animadvertite,
1848 2841 2011 2895 pere-

426 2919 616 2986 grinos
680 2914 983 2986 suscipite,
1060 2914 1277 2970 viribus
1338 2914 1617 2969 destitutis
1680 2917 2010 2972 ministrate.

427 3007 548 3061 Noli
579 3008 762 3062 dicere
791 3025 803 3058 :
848 3007 963 3060 Rex
988 3021 1130 3060 sum.
1168 3005 1247 3059 Ne
1281 3004 1515 3059 dixeris:
1566 3006 1697 3061 Sum
1734 3008 2010 3079 princeps,

427 3108 524 3153 aut
556 3107 741 3167 caput.
798 3097 1029 3163 Quando
1073 3112 1137 3151 ea
1188 3105 1241 3150 te
1290 3096 1560 3152 modestia
1615 3097 1872 3154 demittes
1904 3115 2013 3169 qua

426 3191 715 3252 Dominus,
748 3189 844 3257 qui
864 3202 982 3255 nec
1006 3202 1295 3242 servorum
1341 3187 1670 3259 dedignatus
1706 3197 1791 3244 est
1844 3189 2013 3260 pedes

420 3281 652 3336 lavare?

500 3374 681 3428 Vultis
710 3374 994 3428 ostendam
1020 3374 1175 3428 vohis
1201 3390 1324 3429 eum
1357 3376 1498 3447 regis
1527 3392 1741 3437 vocem.
1767 3385 1883 3433 tum
1920 3394 2014 3448 pa-

428 3462 727 3517 triarcha}?
767 3463 936 3518 David
969 3464 1192 3535 quidem
1239 3439 1458 3521 διευθιέ
1503 3468 1612 3538 Ego
1649 3486 1764 3523 sum
1797 3439 2007 3534 vermis,
2039 3439 2082 3497 Ο

431 3560 478 3602 et
511 3566 611 3601 non
644 3552 837 3615 homo;
872 3551 1211 3621 opprobrium
1244 3553 1515 3607 hominum
1557 3565 1603 3607 et
1633 3555 1855 3625 abjectio
1896 3556 2010 3624 ple-

429 3640 505 3695 bis
540 3641 606 3694 ³³.
643 3643 918 3697 Abraham
966 3659 1130 3698 vero:
1168 3636 1278 3713 Εξιο
1323 3663 1440 3700 sum
1485 3654 1650 3710 terra,
1697 3657 1746 3700 et
1786 3648 1915 3701 cinis
1943 3648 2010 3703 ⁸⁹.

432 3733 703 3787 Similiter
729 3734 895 3789 etiam
922 3736 1163 3791 Joannes
1185 3736 1429 3807 Baptista
1479 3738 1663 3792 aiebat
1689 3756 1702 3792 :
1742 3738 1861 3793 Non
1895 3755 2013 3792 sum

430 3822 618 3891 dignus
666 3831 720 3874 ut
754 3822 958 3877 solvam
989 3825 1275 3894 corrigiam
1320 3824 1672 3879 calceamenti
1696 3826 1907 3881 Christi
1935 3826 2005 3879 ⁸⁸.

429 3913 735 3967 Audiamus
785 3927 1101 3969 sanctorum
1165 3915 1512 3979 modestiam,
1563 3926 1619 3971 et
1665 3917 2009 3970 aemulemur.

430 4004 825 4068 Quamobrem,
862 4004 1049 4069 homo,
1078 4003 1248 4057 altum
1282 4005 1473 4075 sapis?
1505 4005 1585 4060 Eo
1616 4005 1839 4059 nomine
1863 4005 2013 4075 quod

428 4111 523 4149 rex
551 4095 651 4157 sis,
681 4094 828 4165 quod
870 4096 1179 4158 thesauros,
1204 4096 1531 4158 exercitum,
1552 4111 1742 4151 servos
1769 4095 2015 4151 habeas?

430 4188 576 4257 quod
605 4187 778 4241 forma
811 4197 1057 4256 praestes,
1089 4187 1238 4258 quod
1268 4189 1347 4243 sis
1388 4188 1696 4244 substantia
1743 4188 2010 4259 locuples,

431 4278 574 4345 quod
601 4276 868 4347 sapientia
902 4278 1204 4349 ingenuus,
1244 4279 1391 4348 quod
1436 4279 1649 4349 pollens
1679 4278 2015 4349 prudentia?

436 4372 765 4436 iit-qu'snam
813 4371 930 4424 brcc
988 4369 1182 4424 dedit?
1234 4370 1486 4438 quisnam
1533 4370 1762 4424 tribuit?
1822 4369 2015 4425 Nonne

433 4461 727 4517 Christus?
780 4460 921 4516 Num
970 4461 1061 4515 illa
1116 4460 1408 4515 nobiscum
1472 4462 1637 4515 nata?
1701 4461 1842 4516 Num
1908 4478 2013 4516 una

439 4553 721 4607 uobiscum
781 4551 1249 4620 proﬁciscentur?
1303 4551 1446 4605 Num
1495 4551 1585 4606 illa
1628 4552 2017 4609 condidimus?

434 4642 894 4712 Haudquaquam.
977 4640 1121 4708 Quin
1188 4641 1294 4695 etsi
1372 4640 1710 4710 accepimus,
1775 4659 1888 4700 non
1956 4646 2012 4700 in

434 4744 680 4787 nostrum
712 4734 953 4801 ipsorum
992 4747 1176 4791 usum,
1200 4733 1293 4784 sed
1317 4730 1385 4785 ad
1410 4733 1686 4802 egentium
1726 4736 2009 4792 solandam

433 4827 695 4895 inopiam.
761 4825 870 4878 Nos
929 4838 1058 4878 vero
1119 4823 1199 4877 sic
1271 4821 1537 4878 aliieimur
1584 4827 1733 4882 velut
1779 4830 2009 4885 immor-

435 4917 571 4970 tales
603 4915 794 4971 simus.
831 4930 894 4967 ac
930 4914 983 4967 in
1044 4922 1370 4983 perpetuum
1419 4915 1627 4971 divitiis
1667 4933 1889 4976 manere
1922 4936 2013 4973 va-

433 5006 663 5059 lcamus.

506 5100 613 5154 Sed
645 5107 700 5152 et
754 5113 925 5161 nunc,
984 5098 1276 5154 universos
1328 5101 1579 5167 obsecro,
1631 5105 1896 5174 prazsides
1949 5121 2013 5159 ac

432 5190 709 5252 subditos,
756 5203 944 5242 servos
977 5204 1039 5244 ac
1073 5189 1344 5255 dominos,
1402 5193 1671 5265 ingenuos
1729 5212 1793 5252 ac
1856 5198 2013 5268 igno-

436 5281 597 5345 biles,
634 5289 1044 5347 convertamur,
1080 5283 1123 5336 si
1156 5284 1310 5349 libet,
1343 5286 1411 5340 ab
1441 5302 1630 5343 errore
1666 5289 1768 5344 vite
1790 5299 2011 5351 nostra},

436 5380 823 5427 convertamur
850 5387 879 5425 a
928 5372 1207 5442 prioribus
1258 5377 1525 5434 moribus.
1558 5380 1717 5436 Nunc
1742 5384 1911 5444 enim,
1949 5390 2007 5435 ut

434 5478 700 5536 unquam.
731 5464 1112 5521 conversionis
1144 5478 1377 5537 tempus.
1408 5469 1550 5526 Ecce
1593 5481 1807 5542 tempus
1830 5473 2009 5542 paeni-

438 5555 643 5617 tentias,
678 5553 988 5627 ingruentis
1018 5573 1153 5629 ergo
1199 5559 1557 5629 captivitatis.
1607 5562 1748 5620 Ecce
1793 5573 2010 5634 tempus

436 5643 803 5702 confessionis
827 5644 1058 5703 fratrum
1081 5660 1402 5706 nostrorum
1424 5654 1800 5725 castigationis
1822 5670 2009 5710 causa.

433 5851 523 5908 Ξῖ.
603 5855 645 5886 ⁸ο
676 5856 836 5911 Joan.
874 5873 909 5921 ι,
940 5857 1029 5912 26.

506 5781 549 5811 ’δ
592 5783 702 5864 imo
726 5784 828 5840 Joh
857 5787 1055 5864 “.564.
1135 5794 1177 5827 ³³
1210 5795 1398 5850 Matth.
1430 5814 1525 5864 v't,
1553 5796 1605 5851 2.
1687 5796 1729 5827 ’θ
1765 5796 1904 5850 Psai.
1936 5814 2089 5862 cur,

2116 829 2237 898 ἔχον
2280 829 2382 897 τὴν
2415 828 2692 882 ἀπώλειαν
2740 827 2884 897 ὑπὲρ
2931 828 3029 896 τὴν
3088 828 3381 897 σωτηρίαν.
3418 831 3615 903 Εἰγὰρ
3638 833 3701 885 τ’»

2112 918 2307 971 ἑαυτοῦ
2337 921 2516 988 κρῖμα
2541 917 2727 971 δοῦναι
2753 917 3001 975 κίνδυνος
3037 916 3210 986 μέγας
3239 917 3564 989 >αθέστηκε,
3603 924 3702 974 πό-

2115 1026 2193 1077 σῳ
2224 1025 2287 1076 γε
2322 1008 2522 1078 μᾶλλον
2560 1007 2651 1060 καὶ
2685 1005 2779 1059 τοῦ
2806 1005 2935 1059 λαοῦ
2961 1023 2974 1070 ;
3001 1005 3248 1075 Νήψατε,
3286 1009 3369 1060 ὅτι
3398 1009 3550 1076 ἔχετε
3608 1013 3705 1064 καὶ

2116 1101 2272 1169 ὑμεῖς
2296 1102 2354 1152 ὲν
2373 1099 2620 1166 οὐρανοῖς
2652 1094 2882 1150 Βασιλέα
2909 1096 3017 1148 τῶν
3053 1096 3339 1164 βασιλέων,
3365 1100 3459 1151 καὶ
3496 1102 3707 1171 Κριτὴν

2110 1191 2217 1244 τῶν
2236 1192 2439 1261 κριτῶν
2462 1206 2477 1221 ⁶
2506 1190 2773 1259 Δικαστὴν
2799 1188 2909 1241 τῶν
2936 1187 3232 1251 δικαστῶν,
3262 1192 3356 1243 καὶ
3376 1190 3578 1261 Κύριον
3596 1194 3709 1244 τῶν

2110 1281 2336 1352 κυρίων,
2380 1281 2483 1335 Ἐν
2512 1272 2559 1346 ᾧ
2606 1281 2841 1348 asp/yart
2889 1279 3143 1349 κρίνετε,
3175 1264 3564 1349 κριθήσεσθε·
3607 1286 3705 1339 καὶ

2109 1372 2181 1425 ἐν
2225 1366 2275 1440 ᾧ
2310 1373 2505 1442 μέτρῳ
2529 1372 2795 1441 μετρεῖτε
2818 1412 2835 1437 ,
2882 1372 3320 1441 μετρηθήσεται
3366 1376 3710 1445 ὐμῖνιῐιερὶ

2112 1463 2267 1530 ὑμῶν
2297 1464 2811 1541 παραγγελλόμεθα,
2851 1464 2948 1533 Μὴ
2971 1466 3317 1521 πεποιθέναι
3356 1468 3446 1521 ἐπ’
3493 1470 3711 1538 ἄρχον·

2109 1573 2234 1622 τας,
2263 1555 2362 1609 ἐπὶ
2395 1555 2563 1622 υἱοὺς
2606 1556 2938 1625 ἀνθρώπων
2964 1551 3054 1623 οἷς
3082 1560 3193 1611 οὐκ
3220 1557 3390 1612 ἔστιν
3418 1563 3705 1627 σωτηρία.

2109 1649 2221 1702 Καὶ
2273 1648 2416 1718 μάλα
2472 1648 2722 1712 εἰκότως.
2769 1649 2829 1701 Ὀ
2863 1648 2961 1718 μὲν
3007 1650 3118 1719 γὰρ
3146 1650 3325 1719 ψυχὴν
3373 1652 3581 1715 σώζων,
3631 1652 3709 1708 ὡς

2110 1738 2243 1800 Θεὸς
2274 1741 2302 1793 6
2340 1740 2561 1804 κτίζωνο
2592 1738 2788 1793 οὐκοῦν
2813 1741 2840 1791 6
2859 1740 3040 1809 ψυχὴν
3076 1740 3409 1811 [ἀπολλύων]
3434 1744 3706 1795 ἀπόλλων.

2110 1831 2184 1891 ὥς
2212 1832 2455 1895 διάόολος
2476 1834 2505 1885 6
2533 1833 2836 1887 καταλύων.
2874 1833 3018 1903 Ὅρα
3049 1836 3122 1905 μή
3159 1851 3219 1887 σε
3256 1834 3346 1888 τὸν
3369 1837 3467 1907 τὴν
3497 1838 3707 1909 πορεύ-

2117 1944 2215 1996 ραν
2268 1930 2361 1981 καὶ
2410 1929 2471 1981 τὸ
2520 1929 2763 1998 διάδημα
2820 1928 3203 1999 περικείμενον
3282 1930 3619 2002 ὲξεπαιρέτω
3680 1935 3711 1985 6

2112 2018 2373 2081 διάϐολος.
2420 2021 2509 2090 Μὴ
2557 2021 2665 2090 γὰρ
2712 2020 2801 2074 διὰ
2851 2020 3008 2072 τοῦτο
3045 2021 3316 2093 καυχήσῃ,
3349 2023 3487 2075 ἀλλὰ
3514 2025 3705 2091 φοϐοῦ,

2050 2098 2090 2152 Β
2122 2109 2218 2161 καὶ
2243 2109 2432 2179 τρέμε.

2188 2201 2301 2253 Οὐκ
2327 2200 2561 2271 ἤκουσας
2582 2199 2676 2251 τοῦ
2709 2199 2977 2267 λέγοντος,
3005 2201 3251 2252 Διννίιτοὶ
3277 2200 3546 2267 δυνατῶς
3572 2204 3709 2256 6m-

2113 2292 2601 2357 σθήσονται;Εἰς
2642 2290 2917 2360 σωτηρίαν
2939 2289 3034 2343 τοῦ
3077 2291 3209 2343 λαοῦ
3258 2295 3286 2344 6
3325 2292 3526 2361 Κύριος
3557 2295 3707 2365 ἡμᾶς

2115 2383 2508 2453 προεπήσατο,
2534 2383 2636 2435 οὐκ
2669 2381 2755 2443 εἰς
2787 2381 3083 2435 ἀπώλειαν.
3112 2381 3218 2433 Τοῦ
3244 2381 3414 2434 ἐλεεῖν
3438 2385 3564 2447 τοὺς
3586 2384 3700 2437 δίο.

2118 2474 2332 2542 μένους,
2396 2473 2457 2525 οὐ
2502 2472 2684 2542 μέντοι
2742 2473 3094 2542 ἀφαρπάζειν
3120 2473 3189 2526 τὰ
3240 2473 3349 2525 τῶν
3400 2473 3698 2543 δεομένων.

2118 2565 2443 2633 ’Δμεμπτον
2472 2563 2586 2633 βίον
2643 2560 2962 2628 ἀναλάϐετε,
2998 2564 3049 2616 oi
3102 2564 3467 2632 προεστῶτες,
3503 2566 3588 2619 ἴνα
3623 2570 3702 2639 μὴ

2114 2655 2333 2724 ἑτέρους
2389 2654 2787 2717 νουθετοῦντες,
2846 2653 3203 2723 ἐντρέπεσοε.
3266 2656 3393 2718 Τοῖς
3444 2657 3701 2721 ἀτάκτοις

2115 2746 2405 2813 ἑπιτιμᾶτε
2427 2763 2440 2777 ο
2471 2746 2585 2807 τοῖς
2621 2744 2876 2798 ἀσθενέσι
2904 2741 3266 2813 συμπαθεῖτε·
3289 2746 3401 2812 τοῖς
3444 2747 3703 2803 πταίουσι

2116 2836 2519 2905 συγγινώσκετε
2545 2854 2558 2868 °
2576 2841 2687 2899 τοῖς
2712 2835 3063 2902 ἀδιορθώτοις
3087 2835 3452 2907 ἐπεξέρχεσθε
3476 2854 3488 2868 ’
3516 2838 3701 2904 ξένους

2113 2926 2438 3001 εἰσδέχεσθε·
2459 2928 2740 2992 ἀδυνάτοις
2771 2926 3090 2981 διακονεττε.
3112 2927 3206 2997 Μὴ
3229 2929 3409 2999 εἴπῃςο
3437 2929 3703 2995 Βασιλεύς

2115 3024 2259 3091 ειμι·
2296 3022 2370 3090 μὴ
2403 3019 2596 3093 εἴπῃς·
2619 3017 2839 3090 Ἄρχων
2860 3020 2893 3089 ἢ
2917 3018 3150 3089 κεφαλή.
3185 3020 3322 3073 Πότε
3345 3036 3705 3093 ταπεινοφρο-

2114 3109 2299 3177 νήσεις
2320 3107 2574 3162 τοσοῦτον
2601 3107 2725 3161 ὅσον
2747 3110 2774 3160 ὁ
2795 3108 3019 3180 Κύριος,
3044 3108 3103 3171 ὃς
3117 3108 3218 3161 οὐκ
3250 3107 3561 3177 ἀπηξίωσεν
3578 3112 3703 3165 δού-

2114 3199 2222 3253 λων
2246 3200 2416 3265 πόδας
2446 3199 2598 3269 νίψαι
2627 3220 2641 3267 ;

2187 3383 2450 3437 Βούλεσθε
2494 3385 2622 3453 ὑμῖν
2653 3383 2812 3450 δείξω
2860 3382 2955 3435 καὶ
2991 3380 3257 3451 βασιλέως
3282 3379 3374 3435 καὶ
3430 3384 3702 3453 πατριάρ-

2115 3494 2211 3547 χου
2248 3475 2428 3543 φωνάς
2452 3492 2466 3540 ;
2486 3477 2542 3528 '0
2566 3475 2664 3545 μὲν
2696 3475 2859 3528 Δαδὶδ
2891 3475 3096 3545 ἔλεγεν⁸
3131 3473 3269 3541 Ἐγώ
3292 3477 3407 3545 ειμι
3430 3475 3702 3540 σκώληξ,

2116 3567 2213 3621 καὶ
2243 3569 2352 3620 οὐκ
2379 3566 2711 3635 ἄνθρωπος’
2744 3568 2979 3634 ὄνειδος
3020 3568 3367 3637 ἀνθρώπων,
3401 3568 3497 3621 καὶ
3528 3567 3703 3639 ἐξουτ

2114 3661 2341 3729 θένημα
2387 3660 2562 3714 λαοῦ.
2614 3661 2673 3713 ’0
2724 3660 2781 3715 δὲ
2842 3662 3120 3733 Ἀϐραάμ·
3150 3662 3297 3730 Ἐγώ
3335 3660 3545 3730 silari}
3603 3662 3703 3715 καὶ

2114 3750 2364 3817 σποδός.
2396 3752 2627 3822 Ὁμοίως
2656 3753 2749 3805 καὶ
2793 3754 2821 3805 6
2855 3752 3166 3823 Βαπτιστὴς
3215 3754 3467 3822 Ἰωάννης
3494 3751 3705 3818 ἔλεγενσ

2117 3845 2239 3897 οὐκ
2270 3843 2387 3912 ειμι
2423 3842 2593 3909 ἄξιος
2617 3844 2718 3897 ἵνα
2746 3842 2852 3897 τὸν
2884 3843 3099 3913 ἱμάντα
3132 3844 3303 3897 λύσω
3326 3841 3435 3897 τοῦ
3470 3841 3701 3906 ὑποδή-

2108 3950 2297 4003 ματος
2324 3934 2584 4005 Χριστοῦ.
2639 3934 2990 4005 Ἀκούσωμεν
3039 3936 3140 4008 τὴν
3166 3934 3275 3987 τῶν
3307 3934 3479 4001 ἁγίων
3510 3933 3705 3985 ταπείο

2115 4043 2300 4093 νωοιν,
2331 4028 2426 4080 καὶ
2461 4026 2813 4098 ζήλώσωμεν.
2840 4027 2936 4091 Ei;
2967 4027 3021 4081 τί
3059 4029 3504 4097 μεγαλοφρονεῖς.
3534 4019 3580 4079 ὦ
3604 4025 3701 4079 ἄν-

2116 4115 2301 4187 θρωπε
2328 4135 2342 4183 ;
2366 4119 2446 4181 εἰς
2481 4118 2727 4187 βασιλέα,
2767 4118 2799 4188 ἢ
2832 4121 2910 4183 εἰς
2950 4120 3333 4191 θησαυροὺς,ἦ
3371 4121 3449 4182 εἰς
3475 4118 3704 4188 στρατό-

2115 4208 2275 4274 πεδα,
2299 4209 2331 4278 ἢ
2359 4210 2439 4272 εἰς
2466 4209 2743 4278 δουλείαν;
2774 4211 2856 4274 εἰς
2897 4210 3114 4275 κάλλος,
3149 4209 3181 4279 ἡ
3214 4210 3293 4273 εἰς
3318 4207 3583 4279 ὕπαρξινς
3616 4208 3701 4259 εἰς

2116 4300 2326 4369 σοφίαν,
2357 4300 2487 4371 ﬂet;
2516 4301 2806 4372 φρόνησιν;
2826 4303 2934 4356 Καὶ
2959 4304 3040 4364 τίς
3068 4304 3097 4354 6
3119 4300 3291 4353 ταῦτα
3308 4299 3518 4365 ὁῶσαςς
3546 4297 3640 4369 Ti;
3671 4300 3702 4351 6

2111 4392 2286 4446 ταῦτα
2317 4393 2717 4463 χαρισάμενοςς
2761 4394 2870 4459 Οὐχ
2908 4392 3227 4463 ὸΧριστὸς;
3264 4389 3337 4460 μὴ
3376 4387 3495 4457 μεθ’
3538 4388 3698 4457 ἡμῶν

2113 4481 2513 4551 ἐγεννήθησαν;
2565 4481 2640 4551 μὴ
2703 4480 2823 4552 μεθ’
2874 4481 3033 4551 ἡμῶν
3098 4479 3565 4549 συμπορεύονταιε
3619 4479 3696 4546 μὴ

2114 4574 2275 4642 ἡμεῖς
2320 4571 2459 4626 αὐτὰ
2508 4571 2880 4643 ὲκτισὰμεθαξ
2916 4570 3205 4638 Οὐδαμῶς.
3238 4570 3301 4624 Ei
3338 4569 3397 4622 δὲ
3443 4568 3538 4624 καὶ
3566 4568 3699 4621 ἐλά-ι

2113 4662 2302 4734 δομεν,
2369 4666 2431 4717 οὖ
2454 4665 2542 4718 διὰ
2570 4664 2671 4735 τὴν
2705 4663 2914 4717 ἑαυτῶν
2952 4661 3161 4732 χρείαν,
3190 4659 3325 4713 ἀλλὰ
3354 4659 3449 4713 καὶ
3477 4658 3567 4711 διὰ
3596 4656 3698 4727 τὴν

2112 4755 2222 4808 τῶν
2236 4757 2476 4828 δεομένω
2490 4776 2506 4808 ι
2529 4775 2597 4810 πε
2606 4757 2869 4827 ρίστασιν.
2902 4753 3093 4823 Ἡμεῖς
3111 4752 3167 4804 δὲ
3186 4751 3357 4814 οὕτως
3374 4749 3698 4818 διακείμεθα

2111 4847 2300 4918 ὥσπερ
2328 4847 2607 4916 ἀθάνατνι,
2641 4848 2736 4901 καὶ
2755 4847 2834 4907 εἰς
2864 4845 3037 4897 αἰῶνα
3067 4846 3178 4905 τοῖς
3200 4844 3479 4912 χρήμασιν
3505 4840 3696 4911 διαμέ-

2109 4958 2220 4993 νειν
2240 4939 2551 5009 δυνάμενοι.

2187 5106 2347 5161 Ἀλλὰ
2382 5103 2477 5159 καὶ
2536 5102 2630 5155 νῦν
2682 5102 2920 5156 δυσωπῶ
2965 5101 3233 5164 ἅπαντας,
3274 5101 3541 5173 ἄρχοντας
3598 5101 3694 5153 καὶ

2104 5199 2462 5269 ἀρχομένους,
2520 5193 2740 5257 δούλους
2806 5192 2902 5246 καὶ
2949 5192 3239 5256 δεσπότας,
3301 5195 3544 5262 εὐγενεῖς
3593 5189 3691 5244 ιιιινιὶι⁵

2105 5290 2339 5356 ἀγενεῖς,
2384 5284 2826 5357 ἐπιστρέψωμεν,
2848 5286 2897 5336 ει
2925 5282 3092 5348 δοκεῖ,
3114 5285 3178 5338 ἐκ
3203 5284 3410 5354 πλάνης
3433 5283 3534 5354 τῆς
3566 5282 3689 5335 ὁδοῦ

2110 5378 2299 5450 ἡμῶν·
2361 5375 2781 5446 ἐπιστρέψωμεν
2850 5374 2958 5426 τῶν
3027 5375 3308 5444 προτέρων
3394 5370 3695 5440 συνηθειῶν

2113 5469 2288 5540 ἡμῶν,
2327 5467 2692 5538 Ἐπιστροφῆς
2748 5465 2856 5535 γὰρ
2903 5465 3114 5533 καιρὸς,
3146 5466 3222 5529 ὡς
3253 5466 3528 5523 οὐδέποτε.
3559 5466 3693 5519 Ἰδοὺ

2114 5562 2307 5634 καιρὸς
2333 5561 2640 5632 μετανοίας,
2659 5558 2748 5611 διὰ
2774 5557 2874 5626 τὴν
2905 5559 3261 5629 ἐπικειμένην
3292 5557 3693 5629 αἰχμαλωσίαν.

2127 5655 2257 5709 Ἰδοὺ
2282 5655 2471 5725 καιρδς
2496 5651 2961 5723 ἐξομολογήσεως,
2986 5650 3074 5704 διὰ
3104 5652 3230 5716 τοὺς
3265 5652 3696 5721 παιδευομένους

2119 5799 2172 5851 ‘2.
2285 5799 2325 5829 ’7
2362 5797 2485 5866 Sap.
2528 5812 2601 5859 vn,
2631 5792 2683 5845 7.
2764 5791 2805 5823 ³⁸
2850 5792 2989 5848 Ρεεξὶ.
3027 5809 3136 5859 χχι,
3174 5794 3225 5848 7.
3304 5790 3507 5848 ³³ῧὲῐὶ.
3538 5806 3699 5861 xuii,
