4078 6382
296 354 450 423 3249

1467 360 1555 419 DE
1601 358 1913 418 PERSICA
1950 359 2466 423 CAPTIVITATE.

2902 342 2951 354 «υ

3445 357 3593 423 3250

292 469 580 538 αδελφοὺς
607 468 788 540 ήμῶν.
832 466 964 521 ’ἰδοὺ
996 466 1188 538 καιρὶς
1217 467 1477 536 δεήσεως,
1508 469 1588 521 διὸ
1627 467 1906 536 προσέχω-

2041 470 2154 523 Scce
2190 479 2405 540 tempus
2434 471 2702 523 orationis
2730 486 2743 535 ;
2785 471 3145 539 quamobrem
3194 469 3481 539 diligenter
3506 471 3593 526 bis

296 578 401 628 μεν
433 561 588 629 μετὰ
619 559 906 630 ἀκριϐείας
950 561 1063 622 τοῖς
1092 558 1409 629 λεγομένοις
1431 575 1444 589 ·
1477 562 1573 613 καὶ
1624 560 1698 628 μὴ
1743 565 1901 628 μόνον

293 651 665 721 ἀκούσωμεν,
723 651 863 704 ἀλλά
937 651 1033 703 καὶ
1084 651 1423 722 ποιήσωμεν.
1485 650 1906 720 Ἐπιστήσωμεν

295 743 393 795 τὸν
424 743 588 807 νοῦν,
625 741 952 815 παρακαλῶ,
988 743 1111 794 ἐπεὶ
1145 743 1239 796 καὶ
1293 742 1578 812 βασιλικῆς
1618 742 1908 809 ἐπιστολῆς

298 834 946 904 ὑπαναγινωσκομένης,
970 834 1173 895 πάντες
1198 833 1451 904 τρέχουσι
1471 847 1485 861 ’
1518 833 1717 895 πάντες
1742 850 1908 884 σπου-

296 925 540 990 δάζουσι
561 942 577 957 ⁸
598 927 799 989 πάντες
823 925 1013 995 μαθεῖν
1035 924 1374 994 ἐπιζητοῦσι.
1412 925 1523 977 Καὶ
1553 923 1605 975 τί
1636 923 1781 991 λέγω
1810 924 1911 991 βα-

300 1019 532 1088 σιλικῆς
561 1017 862 1080 κελεύσεως
880 1015 1396 1085 ἀναγινωσκομένης
1419 1032 1434 1081 ;
1458 1014 1794 1085 κιθαριστῶν
1820 1015 1914 1067 καὶ

303 1106 571 1179 αὐλητῶν
587 1104 679 1156 καὶ
693 1107 879 1175 μίμων
913 1106 1228 1171 ἀκούοντες,
1260 1104 1399 1175 μετὰ
1419 1104 1615 1171 πολλῆς
1632 1105 1730 1171 τῆς
1754 1120 1915 1156 σπου-

303 1198 402 1263 δῆς
425 1197 847 1266 παριστᾶμεθα,
888 1198 977 1250 ἵνα
1034 1197 1260 1267 αἰσχρὸν
1294 1195 1508 1264 γέλωτα
1560 1194 1911 1263 θεασώμεθα,

308 1288 409 1339 καὶ
434 1288 713 1356 ἀσχήμων
762 1287 1107 1357 πραγμάτων
1145 1285 1371 1351 παίγνια
1406 1286 1807 1355 ἱστορήσωμεν.
1854 1282 1913 1334 Ei

306 1376 409 1428 οὖν
470 1378 536 1427 ὲν
572 1378 681 1438 τοῖς
712 1375 803 1428 τοῦ
837 1376 1087 1429 διαϐόλου
1150 1375 1404 1444 θεάμασι,
1440 1374 1676 1426 τοιοῦτοι
1721 1370 1916 1443 θερμοὶ

313 1469 413 1517 καὶ
471 1467 755 1537 πρόθυμοι
807 1468 1170 1535 τυγχάνομεν,
1206 1466 1379 1533 πόσην
1440 1464 1664 1516 κόλασιν
1693 1462 1912 1532 ἕξομεν,

312 1560 398 1608 ὃτι
430 1559 497 1609 ὲν
538 1558 658 1620 ταῖς
685 1557 1007 1625 ἐκκλησίαις
1062 1556 1205 1627 μετὰ
1244 1555 1501 1624 τοιαύτης
1540 1554 1799 1624 ἀμελείας
1824 1555 1919 1606 καὶ

233 1633 243 1642 ’
316 1648 610 1717 ῥᾳθυμίας
657 1650 748 1700 καὶ
775 1648 991 1711 ἀτονίας
1046 1648 1346 1717 ίστάμεθα·
1403 1646 1593 1717 ὥσπερ
1621 1646 1688 1699 ὲκ
1723 1646 1916 1715 πυρὸς,

312 1738 500 1800 οὓτως
543 1738 644 1805 τῆς
682 1741 991 1809 προσευχῆς
1030 1740 1308 1811 ὲξειλῆσαι
1336 1738 1692 1802 σπεύδοντες;
1724 1737 1821 1789 καὶ
1857 1736 1919 1788 τὸ

314 1829 738 1900 χαλεπώτερον,
772 1830 852 1883 ὅτι
882 1835 976 1884 καὶ
997 1831 1369 1901 εἰσερχόμενοι
1396 1831 1453 1882 ἐν
1478 1830 1672 1888 αὑταῖς
1729 1828 1798 1881 δι’
1827 1827 1915 1891 ἐξ·
1950 1811 1991 1866 Β

315 1919 548 1987 ἀλειψιν
587 1920 1024 1990 ἁμαρτημάτων,
1054 1919 1200 1972 ἔστιν
1262 1922 1355 1975 ὅτε
1400 1918 1716 1989 προσθήκην
1749 1918 1917 1987 θραυ-

318 2012 522 2080 μάτων
546 2010 857 2081 ποιούμενοι
878 2010 1236 2080 ἐξερχόμεθα.
1275 2011 1383 2063 Καὶ
1417 2008 1534 2070 πῶς
1555 2007 1667 2075 ἐγὼ
1685 2008 1747 2060 τὸ
1770 2009 1919 2079 είρη-

320 2107 497 2173 μένον
531 2105 745 2174 ποιήσω
775 2104 1115 2173 κατάδηλον;
1148 2103 1258 2172 Ούχ
1296 2102 1368 2165 ὡς
1405 2102 1624 2172 ἑτέρους
1654 2101 1918 2171 κατακρί-

318 2214 453 2260 νω),
479 2196 626 2249 ἀλλά
658 2196 726 2248 τὰ
761 2194 956 2248 ἑαυτοῦ
991 2194 1358 2263 ἐλαττώματα
1380 2192 1751 2263 θριαμϐεύων.

395 2288 545 2341 Εἰπέ
575 2305 689 2359 μοι,
726 2289 783 2340 ὲν
835 2289 953 2351 ταῖς
996 2287 1314 2355 ἐκκλησίαις
1347 2287 1440 2339 καὶ
1472 2287 1782 2356 εύκτήρίοις
1807 2282 1918 2336 εἰσ⁸

329 2399 351 2432 ε
363 2380 656 2451 ρχόμενοι,
713 2380 859 2443 τίνος
893 2380 1081 2432 ἕνεκεν
1112 2381 1228 2432 ἐκεῖ
1264 2378 1640 2448 πορευόμεθας
1698 2379 1923 2441 Πάντως

325 2477 500 2544 ἐρεῖς,
533 2473 631 2526 Διὰ
660 2476 1004 2543 προσευχήνο
1037 2474 1103 2525 δι’
1136 2472 1410 2541 ὲξὰλειψιν
1435 2471 1917 2541 παραπτωμάτων.

326 2568 508 2635 Κάγώ
548 2584 630 2619 σοι
661 2565 790 2633 ἐρῶ,
825 2566 949 2625 Πῶς
977 2561 1070 2619 οὖν
1111 2564 1178 2617 δι’
1232 2564 1397 2635 ’ἐτερα
1434 2561 1823 2631 εἰσερχόμενοι,
1854 2560 1923 2613 τὰ

326 2661 556 2713 ἐναντία
578 2657 1073 2727 διαπράττομενςΐί
1106 2658 1299 2718 ποιεῖς,
1323 2653 1574 2721 ἄνθρωπε
1595 2670 1609 2718 ;
1631 2652 1731 2707 Διὰ
1753 2668 1923 2721 προσ-

328 2749 501 2818 ευχὴν
550 2747 926 2817 εἰσελήλυθας,
979 2745 1075 2798 καί¹
1105 2747 1175 2799 τὰ
1206 2745 1496 2813 πρόσωπα,
1516 2744 1609 2795 καὶ
1646 2743 1708 2795 τὸ
1732 2741 1924 2802 κάλλος

330 2842 395 2892 τδ
425 2841 505 2909 μὴ
532 2842 623 2891 σδν
658 2838 998 2901 κανονίζειςς
1050 2836 1118 2890 δι’
1168 2835 1446 2905 ὲξὰλειψιν
1494 2834 1800 2905 ἁμαρτιῶν,
1830 2834 1925 2885 καὶ

331 2932 554 2993 τούτοις
593 2930 915 2999 προστιθῶν,
939 2930 1039 2982 οὐκ
1066 2930 1296 2999 αἰσχύνῃ
1325 2926 1495 2980 ποιῶν
1533 2926 1624 2979 τὸν
1654 2921 1802 2978 οἷκον
1831 2923 1924 2977 τοῦ

334 3024 476 3078 Θεοῦ
497 3022 759 3090 πρόξενόν
778 3039 859 3073 σοι
884 3020 1193 3090 ἁμαρτίαςς
1226 3019 1313 3071 ἴνα
1343 3016 1438 3071 τού
1468 3017 1793 3085 ἐπουρανίου
1824 3016 1928 3068 Ba-

337 3089 557 3177 ciléco;
579 3114 857 3183 μυστήρια
879 3112 1077 3182 θεάσῃ,
1108 3111 1204 3164 καὶ
1234 3110 1304 3162 τὰ
1344 3108 1440 3162 τοῦ
1494 3108 1738 3162 διαϐόλου
1788 3107 1928 3177 πρά·

338 3222 535 3274 γματα
556 3202 927 3275 περιεργάζῃ;
952 3202 1037 3254 ἵνα
1055 3204 1168 3265 τοῖς
1200 3200 1499 3269 ὀφθαλμοῖς
1513 3197 1809 3271 δακρύσῃς,
1844 3197 1938 3250 καὶ
1965 3197 2008 3223 "

341 3293 573 3356 τούτους
624 3296 701 3356 είς
754 3293 1023 3363 οὐρανοὺς
1064 3291 1379 3364 ἁνυψὼσῃς,
1439 3291 1536 3343 καὶ
1571 3284 1939 3357 ταύταὰφιῶν

344 3390 464 3450 ταῖς
494 3386 745 3456 γυναιξὶν
776 3388 834 3439 ὲν
857 3385 1049 3448 αὐταῖς
1075 3383 1330 3454 Stantia;
1364 3383 1450 3436 ἵνα
1478 3381 1575 3435 τοῦ
1608 3380 1941 3434 Δεσποτικοῦ

347 3481 609 3552 σώματος
672 3481 732 3532 ἐν
775 3478 856 3549 τῷ
935 3476 1163 3546 στόματι
1213 3475 1561 3545 ἀπολαύσῃς,
1614 3472 1709 3527 καὶ
1770 3472 1941 3526 ταῦτα

347 3565 993 3650 ιτα·3ταις1προσομιλῶν,
1007 3568 1165 3622 τοῦτο
1206 3566 1449 3637 μολύνεις
1466 3582 1482 3632 ;

429 3669 500 3721 Ὢ
534 3665 781 3736 πονηρᾶς
813 3661 1147 3731 ὲναλλαγῆςί
1178 3658 1223 3712 ὣ
1257 3659 1355 3728 τῆς
1401 3657 1783 3727 κατασχούσης
1829 3673 1941 3710 mo-

355 3759 616 3829 ρὼσεωςί
644 3756 780 3809 Οὐδὲ
812 3756 912 3825 τὴν
937 3753 1085 3825 ὥραν
1110 3753 1211 3823 τῆς
1256 3751 1562 3821 προσευχῆς
1583 3748 1661 3819 τῷ
1694 3747 1816 3819 Θεῷ
1851 3749 1942 3801 τὸν

352 3853 481 3903 νοῦν
506 3850 932 3919 ἀναπέμπομεν,
956 3845 1094 3900 ἀλλὰ
1132 3845 1231 3899 καὶ
1263 3841 1433 3911 αὐτὴν
1482 3842 1604 3902 ταῖς
1645 3839 1945 3909 ἡμετέραις

353 3932 1182 4013 πλημμελείαιςὰσχολούμεθα.
1216 3933 1372 3987 Εἴπω
1400 3931 1495 3985 καὶ
1549 3930 1739 4000 ἓτερον
1788 3929 1947 3997 χαλε-

357 4031 607 4100 πώτερον
640 4028 855 4083 τούτου.
880 4028 1019 4090 Τοὺς
1046 4026 1311 4095 ἀδελφοὺς
1339 4023 1500 4095 ήμῶν
1534 4022 1796 4083 πολλάκις
1816 4036 1949 4091 προ-

360 4124 706 4193 κομίζοντες,
738 4121 771 4191 ἢ
795 4119 950 4181 λιτὰς
1005 4118 1101 4173 καὶ
1131 4117 1343 4180 ἱκεσίας
1371 4116 1450 4187 τῷ
1478 4113 1598 4185 Θεῷ
1625 4113 1768 4183 ὑπὲρ
1793 4111 1951 4164 ἀπει-

359 4216 471 4269 λῶν
528 4215 950 4285 προσφέροντες,
976 4212 1071 4265 καὶ
1115 4212 1297 4263 ἐκεῖσε
1348 4211 1465 4270 τοῖς
1528 4205 1952 4278 προειρημένοις

362 4304 824 4377 ἐνασχολούμεθα.
854 4305 966 4356 Καὶ
1008 4301 1196 4365 ἁπλῶς
1240 4301 1423 4354 πᾶσαν
1480 4298 1638 4369 ἡμῶν
1678 4298 1777 4368 τὴν
1806 4295 1952 4365 ζωὴν

364 4400 444 4469 τῷ
476 4398 710 4468 διαϐόλῳ
742 4394 1247 4463 κατεδουλώσαμεν.
1295 4392 1385 4445 Ἐν
1419 4391 1719 4459 ἁμαρτίαις
1750 4386 1957 4457 κοιμώ⁸

2018 576 2140 629 qtne
2184 562 2468 627 dicuntur,
2524 564 2766 616 animum
2825 562 3217 628 attendamus;
3276 576 3373 616 nec
3415 562 3595 616 solum

2009 649 2321 717 audiamus,
2347 651 2441 706 scd
2471 660 2522 706 et
2549 651 2832 706 faciamus.
2857 650 3116 716 Mentem,
3143 651 3398 718 obsecro,
3431 651 3592 705 adbi—

2012 742 2242 797 beamus
2286 759 2300 795 ε
2349 757 2477 796 nam
2531 754 2588 797 et
2632 744 2841 813 regium
2912 743 3153 813 diploma
3200 758 3327 796 cum
3373 744 3596 813 legitur,

2012 847 2207 887 omnes
2237 842 2559 898 accurrunt,
2591 849 2785 889 omnes
2816 833 3039 889 solliciti
3075 842 3226 898 sunt,
3280 847 3345 887 ac
3371 828 3595 889 favent;

2013 939 2207 978 omnes
2240 923 2455 979 discere
2479 934 2754 995 satagunt.
2781 925 2924 992 Quid
2971 941 3103 981 vero
3133 923 3281 990 dico,
3328 937 3454 978 cum
3509 920 3596 975 di-

2015 1015 2199 1084 ploma
2229 1015 2444 1085 regium
2475 1015 2724 1086 legitur?
2762 1016 2942 1070 Etiam
2985 1014 3338 1078 citbaru‘dos,
3376 1019 3434 1067 et
3465 1010 3597 1063 tibi—

2015 1106 2198 1167 ciues.
2230 1122 2294 1161 ac
2323 1107 2524 1161 mimos
2549 1107 2860 1170 audientes,
2896 1106 3066 1161 multa
3118 1104 3404 1175 diligentia
3452 1112 3600 1156 asta-

2018 1213 2159 1261 mus,
2194 1204 2255 1250 ut
2279 1197 2423 1251 risus
2450 1198 2675 1252 obsceni
2710 1206 3053 1268 spectatores
3078 1195 3271 1261 simus,
3304 1209 3600 1263 rerumque

2019 1287 2434 1341 inhonestarum
2469 1287 2679 1342 ludicra
2722 1296 3104 1343 contueamur.
3147 1285 3283 1341 Cum
3337 1286 3499 1354 igitur
3547 1285 3605 1339 in

2018 1378 2224 1432 diaboli
2256 1379 2586 1447 spectaculis
2626 1378 2705 1433 sic
2748 1380 3023 1434 ferventes
3044 1388 3207 1447 atque
3226 1378 3436 1432 alacres
3461 1376 3604 1429 exsi-

2020 1469 2240 1530 stimus,
2275 1483 2544 1537 quasnam
2583 1468 2840 1523 dabimus
2872 1483 3084 1540 pmnas,
3112 1468 3205 1539 qui
3244 1467 3298 1522 iu
3356 1466 3606 1522 ecclesiis

2019 1576 2145 1616 cum
2176 1568 2324 1614 tanta
2351 1560 2566 1615 incuria
2627 1575 2691 1614 ac
2720 1559 2996 1621 socordia,
3029 1558 3225 1627 sicque
3277 1556 3492 1611 remissi
3523 1571 3609 1609 as»

2020 1653 2317 1717 sistamus;
2354 1666 2416 1705 ac
2450 1651 2599 1705 velut
2631 1650 2699 1704 ab
2728 1650 2873 1721 igne,
2909 1650 2987 1703 sic
3019 1664 3048 1703 a
3081 1648 3342 1718 precibus
3396 1646 3608 1700 resilire

2022 1742 2312 1798 confestim
2363 1740 2729 1795 Studeamus?
2772 1739 3040 1808 Quodque
3091 1738 3314 1809 gravius
3344 1745 3449 1799 est,
3482 1751 3606 1788 eum

2024 1834 2293 1888 ecclesias
2325 1833 2701 1904 ipgrediamur
2726 1831 2792 1885 ad
2814 1831 3050 1885 delenda
3074 1840 3317 1899 peccata.
3348 1827 3573 1896 quando
3592 1854 3609 1865 ο

2024 1940 2133 1996 quc
2164 1926 2482 1981 accessione
2514 1922 2839 1979 vulneribus
2879 1923 3039 1984 facta,
3071 1919 3428 1991 egredimur?
3459 1916 3609 1983 Quo-

2026 2034 2152 2072 nam
2177 2031 2312 2071 vero
2346 2015 2532 2081 modo,
2559 2014 2708 2084 quod
2736 2013 2943 2068 dictum
2984 2019 3090 2075 est,
3122 2012 3345 2080 planum
3372 2009 3565 2063 faciam
3589 2006 3612 2058 ί

2026 2110 2252 2179 Utique,
2279 2125 2391 2165 non
2425 2116 2485 2163 ut
2512 2106 2883 2163 condemnem
2914 2103 3075 2167 alios,
3102 2102 3198 2158 scd
3232 2110 3291 2156 ut
3322 2115 3473 2155 meos
3498 2098 3613 2169 ipse

2029 2199 2281 2255 defectus
2312 2199 2619 2255 traducam.

2100 2291 2218 2358 Dic,
2267 2306 2477 2362 quaeso,
2531 2290 2587 2344 in
2648 2293 2912 2347 ecclesias
2961 2306 3027 2346 ac
3067 2289 3307 2345 oratoria
3360 2284 3614 2357 ingressi,

2029 2400 2136 2454 qua
2171 2384 2302 2439 illuc
2332 2400 2498 2439 causa
2536 2384 2833 2440 venimus?
2871 2386 3110 2441 Omnino
3154 2383 3344 2437 dices:
3390 2379 3461 2435 Ut
3489 2395 3615 2449 pre.—

2030 2491 2124 2531 ces
2156 2475 2489 2540 fundamus;
2523 2485 2584 2530 ut
2610 2475 2809 2531 delicta
2839 2476 3182 2531 aboleamus.
3216 2471 3293 2526 Ad
3325 2486 3447 2541 qua:
3482 2484 3614 2539 ego:

2028 2563 2141 2619 Cur
2174 2562 2344 2634 igitur
2372 2564 2604 2618 aliorum
2632 2579 2795 2618 causa
2830 2565 3091 2634 ingressi,
3126 2559 3406 2617 contraria
3430 2568 3617 2628 patra-

2030 2655 2196 2710 mus?
2228 2654 2372 2722 Quid
2397 2655 2553 2722 facis,
2601 2655 2802 2710 homo?
2840 2646 3132 2726 ingressus
3158 2669 3219 2707 es
3287 2659 3349 2705 ut
3401 2659 3455 2706 te
3505 2648 3620 2719 ipse

2032 2747 2087 2801 in
2127 2762 2319 2816 preces
2382 2746 2544 2802 dares
2591 2765 2604 2801 :
2647 2747 2947 2817 vultusque
3019 2761 3083 2801 ae
3148 2741 3621 2815 pulchritudinem

2035 2856 2143 2895 non
2169 2848 2317 2895 tuam
2345 2840 2412 2894 ad
2444 2840 2709 2894 amussim
2738 2856 2944 2895 vocans
2972 2837 3188 2893 curiose
3215 2833 3520 2905 expendis?
3543 2831 3622 2886 Ad

2033 2933 2263 2988 delenda
2298 2941 2523 3003 peccata
2555 2949 2571 2986 :
2612 2934 2883 3003 pluraque
2920 2929 3203 3001 prioribus
3236 2927 3466 2995 addens,
3513 2941 3629 2979 non

2034 3025 2321 3080 erubescis
2354 3024 2579 3080 domum
2605 3023 2702 3079 Dei
2732 3023 3009 3079 ofﬁcinam
3068 3036 3135 3075 ac
3177 3019 3464 3073 tabernam
3511 3033 3629 3069 me-

2040 3117 2291 3173 ritoriam
2356 3116 2540 3172 facere
2588 3115 2849 3187 peccati?
2902 3114 2973 3170 Ut
3021 3113 3264 3168 caelestis
3307 3110 3451 3180 regis
3507 3125 3629 3176 my-

2044 3209 2218 3264 steria
2273 3208 2707 3277 contempleris;
2766 3220 2965 3276 resque
3002 3202 3308 3259 diabolicas
3337 3200 3633 3271 diligenter

2041 3299 2314 3355 attendis?
2346 3298 2417 3355 Ut
2446 3299 2628 3354 oculis
2651 3298 2851 3353 fundas
2886 3297 3177 3368 lacrymas,
3233 3309 3297 3349 ac
3348 3293 3406 3347 in
3455 3292 3627 3346 cmlos

2040 3391 2309 3446 sublimes
2355 3405 2454 3446 eos
2496 3391 2686 3446 tollas:
2720 3390 2920 3460 hisque
2972 3386 3177 3452 missis,
3216 3383 3543 3440 mulieribus
3579 3381 3633 3437 in

2042 3482 2124 3537 eis
2144 3482 2343 3537 lascive
2365 3481 2606 3536 annuis?
2630 3482 2697 3538 Ut
2724 3479 3073 3536 Dominicum
3092 3490 3299 3547 corpus
3310 3491 3406 3530 ore
3428 3490 3633 3533 sumas,

2045 3590 2109 3630 ac
2127 3574 2401 3645 mysteriis
2423 3573 2654 3641 fruaris:
2686 3572 2934 3642 illudque
2952 3571 3037 3626 bis
3056 3571 3381 3640 colloquens
3401 3567 3638 3637 polluis?

2114 3666 2159 3721 Ο
2183 3667 2377 3721 malam
2404 3665 2925 3720 commutationem!
2954 3678 2988 3717 ο
3017 3660 3204 3717 cordis
3226 3659 3495 3719 duritiam
3514 3661 3526 3711 t
3558 3657 3647 3710 Ne.

2051 3755 2324 3811 orationis
2343 3754 2571 3824 quidem
2604 3763 2854 3823 tempore
2891 3751 3136 3806 animum
3160 3749 3229 3803 ad
3266 3750 3436 3803 Deum
3465 3745 3637 3814 erigi-

2048 3862 2172 3902 mus
2199 3866 2211 3900 :
2239 3847 2336 3902 sed
2364 3860 2431 3901 eo
2450 3860 2670 3916 quoque
2690 3844 2906 3899 delictis
2926 3840 3130 3897 nostris
3148 3854 3427 3894 vacamus.
3453 3837 3638 3891 Dicam

2049 3948 2105 3994 et
2125 3938 2276 3993 aliud
2308 3938 2415 3996 isto
2442 3937 2746 3993 molestius.
2778 3935 2997 3990 Fratres
3020 3940 3246 3987 nostros
3267 3945 3375 3984 non
3397 3945 3521 3983 raro
3545 3944 3640 3997 pn-

2052 4033 2164 4086 tius
2199 4029 2626 4101 praetendentes,
2655 4042 2822 4097 quam
2865 4033 2925 4080 ut
2946 4025 3059 4079 Deo
3088 4038 3285 4093 preces
3323 4037 3386 4076 ac
3428 4020 3641 4089 suppli-

2056 4121 2311 4176 cationes
2338 4118 2410 4174 ob
2456 4118 2577 4188 ejus
2620 4118 2679 4172 in
2718 4131 2821 4171 nos
2861 4115 3071 4186 ﬂagella
3112 4112 3433 4178 oti‘cramus,
3474 4111 3640 4164 etiam

2055 4215 2168 4271 illic
2208 4214 2297 4267 bis
2335 4227 2458 4283 qua:
2486 4212 2750 4275 diximus,
2791 4221 3008 4281 tempus
3040 4208 3296 4264 terimus.
3328 4207 3529 4276 Atque,
3585 4216 3647 4258 ut

2056 4307 2230 4362 verbo
2264 4304 2466 4369 dicam,
2498 4304 2669 4358 vitam
2717 4311 2887 4357 totam
2941 4301 3162 4356 diabolo
3205 4299 3537 4354 addiximus.
3587 4298 3643 4350 In

2058 4399 2301 4471 peccatis
2325 4396 2652 4462 dormimus,
2685 4395 2739 4449 in
2771 4393 3018 4465 peccatis
3039 4408 3070 4448 e
3091 4406 3287 4447 somno
3311 4390 3639 4449 excitamur,

372 4494 539 4559 μεθα,
568 4494 625 4544 ὲν
650 4489 947 4560 ἁμαρτίαις
972 4485 1299 4557 ὲγειρόμεθα
1317 4502 1331 4517 ·
1355 4486 1413 4536 ὲν
1434 4483 1732 4554 ἁμαρτίαις
1761 4497 1938 4553 ττροερ⁴

2063 4494 2118 4547 in
2153 4491 2400 4563 peccatis
2428 4488 2806 4559 procedimus,
2837 4487 2891 4541 in
2937 4485 3177 4556 peccatis
3207 4483 3547 4546 recedimus;
3592 4481 3645 4534 in

369 4583 607 4654 χόμεθα,
640 4584 717 4645 είς
742 4580 1019 4652 ἁμαρτίας
1065 4576 1485 4648 ἁναχωροῦμεψ
1542 4577 1624 4638 εἰς
1654 4575 1953 4646 ἁμαρτίας,

373 4678 466 4727 καὶ
491 4677 550 4726 ἐν
572 4673 909 4743 ἐκκλησίαις,
933 4672 1026 4726 καὶ
1062 4672 1120 4725 ὲν
1136 4672 1248 4729 τοῖς
1271 4668 1462 4730 οἴκοις,
1492 4667 1586 4718 καὶ
1602 4669 1659 4718 ὲν
1676 4669 1796 4728 ταῖς
1826 4666 1957 4734 ἁγο-

376 4771 523 4835 ραῖς,
538 4768 630 4819 καὶ
646 4768 703 4817 ἐν
719 4767 832 4827 τοῖς
851 4765 1099 4834 μνήμασι
1115 4759 1473 4833 πορευόμεθα.
1496 4759 1603 4813 Καὶ
1615 4760 1675 4811 τι)
1684 4759 1961 4827 ἀνοητότε-

376 4878 493 4929 ρον,
506 4862 589 4915 ὅτι
599 4857 770 4919 οὔτως
783 4857 858 4927 τῷ
873 4856 1098 4924 διαϐόλῳ
1114 4851 1475 4916 δουλεύοντες,
1491 4852 1586 4904 καὶ
1601 4853 1659 4903 ἐν
1672 4852 1834 4903 παντὶ
1849 4855 1962 4905 και-

380 4952 483 5021 ρῷ,
510 4953 602 5004 καὶ
627 4950 794 5019 τόπῳ,
814 4950 907 5001 καὶ
928 4947 1237 5017 πράγματι,
1254 4944 1346 4997 τὸν
1361 4943 1495 4995 Θεὸν
1514 4942 1961 5012 παροργίζοντες,

379 5042 631 5112 λέγομεν,
687 5042 782 5094 καὶ
820 5036 1161 5108 ξενιζόμεθα,
1193 5037 1466 5104 λέγοντεςο
1497 5034 1669 5088 Πόθεν
1697 5033 1959 5097 ἀπειλαί;

384 5135 546 5187 πόθεν
576 5134 633 5187 αἱ
662 5133 935 5197 caesim;
965 5130 1132 5183 πόθεν
1161 5132 1195 5201 ή
1222 5127 1603 5199 αἰχμαλωσίας
1638 5125 1851 5195 πόθενή
1882 5142 1968 5178 το-

385 5225 553 5295 σαύτη
576 5225 715 5295 ὀργὴ
742 5226 825 5291 ἐφ’
859 5223 1046 5292 illis:

459 5316 524 5368 ’Ὠ
562 5315 760 5382 πολλῆς
817 5316 909 5368 καὶ
947 5312 1231 5384 ἀμυθήτου
1273 5310 1624 5382 πωρώσεωςί
1663 5311 1792 5375 τοὺς
1818 5309 1968 5364 ἁδελ-

387 5424 519 5474 φους
576 5410 634 5460 ἐν
689 5406 939 5477 μνημείῳ
1008 5405 1426 5468 κατατιθέντες,
1497 5404 1619 5457 ούὸἰ,
1668 5405 1727 5470 ἐξ
1802 5406 1971 5473 αὐτῆς

389 5500 618 5566 θεωρίας
650 5504 727 5564 εἰς
756 5499 1108 5567 συναίσθησιν
1135 5498 1424 5568 ἐρχόμεθα.
1462 5496 1795 5565 Ἑμϐλέψατε
1838 5497 1972 5563 πρῖ,ς

391 5593 478 5640 τὸν
507 5595 694 5657 τάφον,
740 5592 789 5643 οἱ
824 5568 1076 5659 ἀφρονες,
1114 5592 1208 5642 καὶ
1254 5589 1582 5658 ἀνανήψατε.
1637 5587 1971 5656 Ἐμϐλέψσιτε

397 5681 529 5747 πρὸς
557 5683 654 5751 τὴν
685 5684 868 5752 σορὸν,
895 5686 944 5735 οἱ
978 5684 1403 5753 μεγαλόφρονες,
1453 5683 1547 5734 καὶ
1588 5682 1661 5749 μὴ
1707 5679 1971 5747 φυσᾶσθε.

400 5763 565 5821 Ἴδετε
603 5770 671 5822 τὰ
709 5771 870 5837 ὀστᾶ,
902 5774 949 5824 οἱ
978 5773 1343 5841 ποριζόμενοι,
1404 5774 1493 5824 καὶ
1546 5772 1618 5839 μὴ
1660 5767 1973 5839 ὲτταῖρεσ·’με.

2062 4584 2306 4656 peccatis
2352 4582 2408 4637 in
2444 4581 2719 4646 ecclesiis,
2756 4580 2811 4634 in
2842 4578 3119 4643 domibus,
3157 4577 3211 4630 in
3264 4576 3407 4638 foro,
3455 4574 3511 4628 in
3562 4588 3648 4625 sc-

2065 4676 2279 4746 pulcris
2328 4672 2658 4729 incedimus.
2711 4671 2982 4739 Quodque
3029 4667 3348 4723 dementius
3376 4674 3483 4729 est,
3522 4680 3647 4718 cum

2065 4771 2147 4824 sic
2200 4767 2420 4823 diabolo
2475 4767 2806 4829 serviamus,
2863 4761 3129 4829 omnique
3178 4768 3446 4828 tempore,
3506 4757 3645 4815 loco,

2067 4860 2289 4931 negotio
2331 4858 2426 4914 Dei
2455 4859 2592 4913 iram
2636 4869 3026 4927 provocemus,
3063 4851 3303 4906 dicimus
3338 4860 3548 4911 tamen,
3583 4863 3648 4901 ac

2066 4970 2165 5008 ceu
2197 4966 2400 5006 novum
2425 4951 2691 5005 mirantes
2716 4948 2951 5003 dicimus
2974 4964 2991 5000 ι
3018 4944 3302 5001 Undenam
3323 4943 3484 4997 mina:
3504 4942 3527 4994 ?
3551 4956 3653 4994 ιω-

2068 5045 2264 5100 denain
2304 5041 2555 5113 ﬂagella?
2600 5041 2873 5096 undenam
2925 5036 3311 5107 captivitatcs?
3375 5032 3651 5091 undenam

2071 5145 2219 5189 tanta
2246 5133 2341 5188 Dei
2377 5136 2432 5188 in
2458 5148 2560 5188 nos
2581 5131 2707 5186 ira?

2142 5312 2188 5368 0
2220 5326 2491 5383 magnam,
2532 5325 2596 5365 ac
2641 5310 2903 5381 majorem
2951 5307 3215 5378 COgitatu,
3263 5303 3449 5358 cordis
3501 5298 3656 5354 duri-

2073 5405 2234 5459 tieml
2264 5404 2404 5458 Cum
2427 5401 2624 5456 fratres
2649 5401 2703 5455 in
2729 5402 2981 5470 sepulcro
3015 5412 3306 5469 ponamus,
3340 5412 3410 5450 ne
3443 5410 3508 5449 ex
3539 5394 3656 5462 ipso

2076 5494 2299 5565 quidem
2334 5505 2559 5562 aspectu
2605 5493 2660 5545 in
2711 5507 2932 5546 sensum
2983 5490 3256 5542 venimus.
3308 5485 3548 5555 Aspicite
3600 5483 3655 5534 in

2078 5587 2414 5655 sepulcrum,
2444 5584 2619 5647 stulti,
2653 5600 2714 5637 at:
2751 5583 3076 5652 resipiscitc.
3118 5580 3363 5648 Aspicite
3395 5578 3448 5631 in
3508 5576 3657 5627 locu-

2080 5680 2191 5731 lum
2230 5694 2557 5745 urnamque,
2608 5676 2699 5743 qui
2734 5676 2904 5727 altum
2942 5675 3157 5742 sapitis,
3184 5682 3237 5726 et
3261 5671 3433 5724 nolite.
3461 5668 3663 5721 nuituis

2085 5779 2414 5825 tumescere.
2477 5769 2663 5823 Videte
2702 5784 2845 5829 ossa,
2880 5766 3077 5835 arguti,
3128 5778 3183 5819 et
3237 5764 3406 5817 nolite
3446 5757 3648 5814 rfl‘erii.
