4078 6412
439 347 572 420 3251

1715 353 2021 417 INCERTI
2073 351 2445 417 AUCTORIS

3566 363 3707 428 365:2

435 459 541 515 Sed
579 459 684 515 etsi
728 461 1007 532 sapientes
1037 461 1192 528 estis,
1234 462 1340 518 etsi
1392 462 1564 517 multa
1606 463 1827 534 polletis
1877 479 2010 533 pru-

2131 464 2290 519 Ἅλλὰ
2314 466 2411 519 ἐὰν
2446 469 2602 535 σοφοί
2624 467 2768 534 ἐστε,
2791 466 2887 520 ὲὰν
2909 466 3109 540 πολλὴν
3130 468 3390 539 φρόνησιν
3410 472 3577 541 κέκτη
3587 473 3700 538 σθε,

433 544 646 610 dentla,
694 550 909 613 docete,
943 546 1144 606 edieite
1188 550 1245 605 in
1297 551 1408 606 illis
1455 551 1737 621 corruptis
1789 553 2012 607 ossibus

433 642 687 708 quisnam
752 656 868 706 rex,
916 656 979 695 ac
1019 641 1145 711 quis
1190 641 1469 711 privatus;
1527 643 1655 711 quis
1724 650 2009 714 tyrannus,

431 746 498 785 ac
552 732 676 800 quis
729 732 1058 798 imbecillis;
1111 733 1242 804 quis
1294 733 1469 797 dives,
1503 750 1568 789 ac
1600 734 1725 804 quis
1758 750 2008 806 pauper;

433 823 557 892 quis
584 816 824 894 sapiens.
856 834 919 880 ac
954 825 1080 895 quis
1104 826 1404 897 insipiens;
1439 828 1566 898 quis
1601 842 1760 897 puer,
1786 843 1852 883 ac
1883 828 2012 897 quis

432 926 642 979 senex;
690 929 940 984 quaenam
992 917 1242 986 speciosa
1289 919 1494 988 puella,
1543 934 1607 973 ac
1649 935 1774 988 qua:
1829 932 2007 983 anus;

430 1010 681 1070 quaenam
718 998 938 1058 florenti
995 1004 1219 1068 decore,
1272 1021 1337 1061 ac
1386 1023 1507 1076 quae
1537 1008 1698 1062 annis
1740 1008 2006 1063 marcida.

428 1083 570 1145 Num
600 1093 758 1160 potes
796 1081 1023 1148 dicere?
1064 1107 1196 1148 num
1246 1091 1396 1150 vales
1437 1095 1775 1150 ostendere?
1826 1095 2011 1150 Haud-

428 1197 725 1252 quaquam.
769 1181 963 1239 Nonne
1003 1199 1199 1240 omnes
1242 1185 1387 1241 cinis
1430 1185 1655 1241 effecti?
1699 1201 1883 1241 nonne
1930 1185 2009 1240 fa-

426 1273 556 1326 villa
578 1273 601 1325 ?
627 1273 823 1328 Nonne
847 1275 1133 1331 vermibus
1163 1284 1378 1331 scatent
1427 1276 1770 1347 faetentque?
1812 1276 2008 1332 Nonne

427 1362 574 1418 idem
601 1379 703 1419 nos
741 1380 962 1435 quoque
1001 1367 1228 1421 omnino
1270 1367 1530 1437 poculum
1555 1369 1775 1423 manet?
1812 1367 2008 1424 Nonne

427 1469 660 1523 prorsus
697 1455 891 1510 eadem
924 1456 1051 1510 via?
1082 1456 1264 1512 Nolite
1302 1473 1510 1521 errare,
1549 1458 1893 1528 insipientes.
1929 1459 2009 1513 Ne

428 1561 531 1599 nos
566 1546 696 1616 ipsi,
739 1547 1076 1613 charissimi,
1123 1547 1487 1618 deeipiamus.
1519 1548 1714 1604 Omnia
1768 1565 2007 1621 namque

427 1645 786 1707 praetereunt,
819 1653 882 1693 ac
929 1648 1167 1708 pereunt
1194 1639 1377 1694 omnia
1412 1656 1428 1693 :
1464 1648 1521 1694 et
1568 1638 1713 1694 sicut
1740 1655 1932 1709 passer
1975 1656 2007 1696 e

428 1723 687 1778 manibus
714 1725 942 1794 nostris,
979 1727 1059 1781 sic
1097 1728 1284 1782 omnia
1330 1736 1556 1797 repente
1602 1729 1844 1784 avolant.
1897 1729 2010 1785 Hac

428 1810 687 1866 Salomon
719 1812 950 1869 scientia
972 1813 1164 1876 fretus,
1189 1814 1405 1868 aiebat:
1432 1814 1649 1870 Vanitas
1682 1818 2011 1881 vanitazum;
2045 1797 2087 1851 Β

429 1905 609 1957 omnia
684 1906 894 1959 vanitas
952 1905 1020 1960 “.
1091 1905 1267 1961 David
1330 1921 1553 1975 quoque
1627 1905 1683 1960 id
1740 1906 2007 1977 cogitans,

428 1993 742 2052 clamabat:
793 1994 857 2051 In
906 1997 1140 2067 imagine
1190 1998 1478 2068 pertransit
1526 1998 1727 2053 “homo:
1779 2005 1829 2051 et
1877 2013 2012 2051 vane

428 2090 779 2145 conturbatur
817 2091 883 2145 δ’.
1496 2103 1499 2106 ‘

499 2184 639 2238 Vere
667 2183 839 2247 enim,
875 2196 1004 2237 vere
1030 2182 1254 2251 frustm,
1275 2184 1467 2248 homo,
1500 2181 1741 2238 turbaris
1768 2182 2011 2251 ;frustra

429 2274 645 2341 curris;
674 2273 876 2330 frustra
896 2276 1115 2332 laboras
1145 2278 1381 2344 enitens,
1413 2277 1788 2339 tumultuaris,
1808 2276 2013 2347 cogita-

429 2368 642 2421 tionum
676 2374 869 2422 aestum
899 2368 1104 2431 ferens.
1147 2385 1235 2424 res
1259 2369 1445 2425 saeculi
1472 2369 1628 2425 brevi
1662 2379 1785 2440 post
1806 2370 2014 2439 peritu-

427 2474 523 2513 ras
551 2456 858 2530 colligens;
897 2476 989 2517 res
1017 2460 1313 2532 ejusmodi,
1351 2472 1414 2517 ut
1445 2463 1502 2517 in
1531 2462 1622 2518 die
1643 2462 1839 2534 judicii
1872 2458 2013 2517 nihil

432 2558 485 2604 te
514 2550 710 2621 juvare
740 2552 981 2609 valeant.
1035 2553 1279 2608 Tametsi
1312 2554 1461 2609 enim
1487 2554 1778 2610 thesauros
1821 2571 2014 2610 omnes

430 2643 988 2713 congregaverimus,
1043 2644 1178 2699 nudi
1229 2662 1296 2700 ex
1356 2645 1459 2700 hac
1486 2647 1596 2700 vita
1637 2647 2009 2717 egrediemur,

429 2734 510 2787 uti
541 2740 598 2787 et
626 2730 859 2803 ingressi
917 2750 1126 2789 sumus.
1184 2735 1330 2790 Nudi
1386 2751 1601 2799 revera,
1649 2736 2009 2801 miserabiles,

428 2824 634 2889 mmsti,
658 2822 959 2891 tenebrosi,
985 2807 1234 2891 contriti,
1268 2827 1500 2890 onerati,
1532 2827 1780 2891 revelati,
1811 2827 2009 2893 timidi,

430 2916 656 2987 trepidi,
693 2916 1013 2988 pudebundi
1037 2959 1053 2984 ,
1108 2916 1397 2973 doloribus
1423 2918 1590 2982 anxii,
1619 2918 1864 2985 solliciti,
1917 2919 2013 2973 de-

428 3009 602 3064 misso
632 3010 688 3063 in
712 3018 911 3064 terram
946 3011 1131 3077 vultu;
1165 3028 1231 3066 ac
1277 3013 1369 3081 qui
1406 3004 1604 3068 bonam
1634 3011 2010 3068 defensionem

428 3102 638 3156 nullam
667 3103 1065 3171 paraverimus.
1086 3102 1200 3158 Hoc
1229 3114 1480 3159 nostrum
1507 3114 1855 3174 peccatorum
1881 3105 2006 3170 iter,
2035 3099 2083 3191 α’

434 3193 529 3264 qui
563 3194 618 3248 in
648 3194 797 3249 euris
822 3194 989 3248 vitam
1026 3210 1271 3266 agamus,
1306 3210 1371 3250 ac
1393 3196 1448 3249 in
1479 3196 1767 3252 doloribus
1802 3196 2009 3252 moria-

435 3300 581 3339 mur.
611 3283 703 3340 Sic
746 3284 1047 3353 sepelimur
1074 3324 1090 3346 ,
1146 3285 1225 3338 sic
1253 3285 1625 3355 resurgimus,
1683 3286 1874 3356 sicque
1914 3301 2015 3341 nos

434 3375 544 3445 ipsi
599 3374 969 3430 defendimus.
1013 3374 1317 3440 Quinimo,
1376 3376 1454 3430 sic
1512 3376 1906 3432 confundimur
1958 3377 2014 3431 in

435 3464 639 3520 acerbo
672 3464 787 3529 illo,
823 3463 976 3518 orbis
995 3462 1612 3529 universi,,tremendo,
1644 3480 1708 3519 ac
1738 3464 2016 3534 plerisque

437 3557 773 3621 tenebroso,
832 3572 1202 3627 personarum
1254 3560 1627 3627 aceeptionem
1683 3559 1892 3613 nullam
1916 3558 2017 3611 ba-

437 3650 604 3705 bente
625 3692 639 3715 ,
663 3651 1006 3720 incorrupto,
1032 3648 1404 3719 inexplicabili
1444 3650 1672 3720 judicio,
1701 3664 1765 3704 ac
1797 3648 2020 3704 carnifi—

440 3741 598 3808 cina;
653 3740 747 3795 ubi
807 3747 1049 3796 tremunt
1106 3741 1303 3811 angeli,
1349 3748 1632 3810 ponuntur
1660 3740 1844 3802 sedes,
1889 3738 2021 3794 libri

443 3832 811 3901 aperiuntur,
857 3847 922 3886 ac
975 3830 1425 3903 inexstinguibile
1472 3830 1826 3885 tenebrosum
1879 3829 2021 3902 ignis

441 3922 649 3979 ﬂumen
679 3922 916 3979 exsistit.

517 4120 993 4188 Quemadmodum
1026 4120 1172 4176 enim
1202 4120 1513 4192 plumbum,
1539 4129 1634 4174 aut
1661 4116 1751 4188 pix
1796 4116 1907 4189 igni
1930 4132 2019 4173 so—

445 4209 585 4277 luta,
626 4214 707 4267 sic
729 4222 785 4268 et
828 4213 970 4283 ignis
1014 4213 1108 4268 ille
1138 4213 1321 4268 omnis
1349 4228 1550 4282 expers
1578 4211 1722 4266 lucis
1761 4220 1866 4266 est.
1918 4209 2022 4264 Ubi

2114 556 2365 623 διδάξατέ
2408 576 2497 627 με,
2528 559 2623 611 καὶ
2665 560 3041 629 ἑρμηνεύσατὲ
3082 578 3171 631 μοι
3218 562 3277 613 ὲν
3317 562 3549 627 ἐκείνοις
3588 569 3704 625 τοῖς

2115 644 2529 715 διεφθαρμένοις
2552 645 2781 710 ὀστέοις,
2814 648 2897 712 τίς
2926 649 3072 701 ἐστιν
3094 651 3121 701 6
3148 649 3422 719 βασιλεὺς,
3453 653 3547 706 καὶ
3567 656 3652 716 τίς
3674 656 3702 707 6

2117 734 2332 806 ἰδιώτης
2356 752 2370 766 ο
2423 738 2507 799 τίς
2544 738 2572 790 6
2607 737 2889 809 τύραννος,
2927 741 3020 793 καὶ
3051 740 3134 803 τίς
3174 743 3202 794 6
3233 742 3491 806 ἀδύνατος
3511 758 3526 773 ⁸
3558 747 3640 806 τίς
3673 748 3703 799 6

2113 824 2390 890 πλούσιος,
2409 826 2506 878 καὶ
2527 829 2836 897 τῐςόπένης
2858 844 2870 859 ·
2903 830 2987 892 τίς
3017 830 3046 881 ὀ
3076 830 3268 899 σοφὸς,
3298 833 3393 884 καὶ
3424 833 3545 897 τίςό
3572 836 3701 887 ἄσο-

2113 932 2233 984 φος·
2255 917 2338 979 τίς
2366 919 2395 969 6
2420 918 2570 979 παῖς,
2590 918 2686 972 καὶ
2707 912 2789 981 τίς
2819 919 2848 970 6
2876 919 3055 988 γέρων
3075 936 3089 949 ο
3123 920 3248 974 ποία
3265 923 3297 989 ἠ
3315 922 3518 992 εὐειδὴς
3538 925 3698 993 κόρη,

2111 1007 2208 1061 καὶ
2231 1008 2366 1061 ποία
2392 1009 2425 1079 ἡ
2453 1008 2627 1077 γραῦς
2645 1026 2659 1039 ’
2693 1011 2822 1063 ποία
2851 1011 2884 1080 ὴ
2913 1010 3229 1066 ἁπανθοῦσα
3255 1012 3331 1081 τῷ
3352 1015 3570 1080 κάλλει,
3605 1017 3703 1068 καὶ

2114 1099 2243 1152 ποία
2262 1104 2295 1169 ἡ
2320 1101 2659 1170 μαρανθείτα
2688 1100 2764 1170 τῷ
2782 1102 2979 1172 χρόνῳ.
3009 1103 3102 1171 Μὴ
3120 1102 3264 1172 ἔχεις
3284 1106 3460 1156 εἰπεῖν
3481 1122 3495 1164 ;
3520 1107 3593 1174 μὴ
3610 1107 3702 1159 66-

2111 1209 2269 1245 νασαι
2297 1192 2497 1258 δεῖξαι;
2536 1190 2913 1262 Οὑδαμῶς.οὐ
2941 1193 3142 1256 πάντες
3167 1194 3315 1257 κόνις
3335 1195 3608 1259 ὲγένοντο;
3638 1196 3701 1247 0-5

2111 1285 2313 1347 πάντες
2352 1284 2565 1354 τέφρας
2611 1285 2673 1337 06
2707 1286 2907 1348 πάντες
2955 1286 3257 1355 σκωλήκων
3289 1285 3384 1338 καὶ
3437 1284 3704 1350 δυσωδίας

2112 1375 2374 1446 πλήρεις;
2401 1375 2462 1429 06
2488 1376 2707 1438 πάντως
2736 1376 2831 1428 καὶ
2852 1377 2998 1445 ἡμᾶς
3022 1375 3081 1428 τὸ
3103 1377 3235 1429 αὐτὸ
3254 1378 3513 1444 ποτήριον
3528 1378 3700 1447 μένεις

2109 1467 2171 1519 06
2215 1466 2433 1530 πάντως
2471 1468 2504 1537 ἡ
2541 1466 2679 1537 αὐτὴ
2722 1466 2873 1532 ὀδός;
2908 1466 2982 1536 μὴ
3017 1465 3323 1529 ἀπατᾶσοε,
3356 1462 3401 1519 ὦ
3436 1467 3698 1539 ἄφρονες·

2113 1558 2189 1629 μὴ
2220 1559 2585 1629 πλανήσωμεν
2610 1559 2853 1621 ἑαυτοὺς,
2878 1552 2923 1610 ὦ
2947 1558 3110 1626 φίλοι.
3143 1558 3328 1610 Πάντα
3355 1557 3465 1627 γὰρ
3494 1558 3705 1628 παρέρτ

2110 1668 2300 1720 χονται
2330 1650 2428 1704 καὶ
2460 1649 2791 1703 ἀπόλλυνται
2821 1664 2835 1679 ·
2866 1649 2958 1702 καὶ
2987 1647 3176 1714 ὥσπερ
3208 1648 3489 1717 στρουθίον
3519 1652 3582 1701 ἐκ
3603 1650 3705 1717 τῆς

2112 1741 2298 1811 χειρὸς
2336 1740 2514 1810 ήμῶν,
2545 1738 2717 1801 οὕτως
2750 1739 3010 1807 ἐξαίφνης
3037 1738 3318 1790 πέτανται.
3352 1738 3522 1790 Τοῦτο
3540 1741 3704 1807 γινώ-

2116 1847 2262 1885 σκων
2285 1832 2313 1884 6
2344 1830 2618 1901 Σολομὼν,
2648 1830 2861 1896 ἔλεγεν·
2892 1828 3231 1894 Ματαιότης
3264 1829 3700 1896 ματαιοτήτων,

2113 1921 2185 1974 τὰ
2245 1919 2441 1973 πάντα
2487 1919 2831 1989 ματαιότης.
2871 1917 3040 1970 Τοῦτο
3078 1917 3275 1970 ἐννοῶν
3320 1919 3415 1970 καὶ
3463 1921 3491 1971 6
3540 1919 3707 1972 Δαϐὶδ

2112 2010 2263 2065 ἐϐόα⁶
2305 2010 2410 2064 Ἐν
2437 2011 2623 2064 εικόνι
2654 2009 3066 2077 διαπορεύεται
3095 2008 3429 2077 ἅνθρωπος,
3463 2010 3560 2063 καὶ
3592 2010 3704 2079 μά-

2112 2121 2227 2171 την
2253 2103 2639 2171 ταράσσεται.

2185 2199 2395 2258 Ὄντως
2426 2195 2555 2265 γὰρ,
2579 2194 2747 2257 ὄντως
2768 2195 2945 2264 μάτην
2965 2194 3230 2266 ταράττῃ,
3259 2193 3514 2264 ἄνθρωπε
3543 2211 3558 2227 ο
3593 2194 3702 2265 μά·

2111 2284 2212 2356 την
2240 2287 2458 2357 τρέχεις
2479 2302 2495 2318 ο
2529 2286 2708 2354 μάτην
2762 2291 2960 2361 κοπιᾷς
2986 2286 3410 2353 ἀγωνιζόμενος,
3437 2284 3705 2357 0096606-

2118 2394 2299 2449 μενος,
2328 2376 2756 2447 χειμαζόμενος·
2791 2376 3042 2444 συνάγων
3063 2376 3135 2429 τὰ
3174 2376 3292 2445 μετ’
3324 2376 3504 2443 ὀλίγον
3536 2375 3706 2429 ἀπολ-

2111 2465 2319 2535 λύμενα
2349 2465 2442 2516 τοῦ
2470 2464 2587 2534 βίου
2614 2465 2915 2535 πράγματα
2935 2481 2949 2496 ·
2978 2465 3048 2518 τὰ
3084 2467 3250 2535 μηδέν
3299 2482 3359 2518 σε
3395 2468 3452 2518 ἐν
3512 2465 3703 2535 ἡμέρα

2113 2557 2353 2627 κρίσεως
2384 2556 2666 2625 ὠφελῆσαι
2723 2554 3000 2625 ἰσχύοντα.
3038 2557 3158 2610 Κᾶν
3198 2556 3310 2625 γὰρ
3332 2556 3540 2616 πάντας
3573 2557 3706 2620 τοὺς

2115 2648 2422 2719 θησαυροὺς
2459 2646 2898 2717 ὲπισυνάξωμεν,
2932 2648 3132 2717 γυμνοὶ
3160 2647 3252 2700 τοῦ
3280 2648 3552 2716 παρόντος
3579 2646 3704 2716 βεου

2112 2738 2469 2808 ἐξερχόμεθα,
2500 2736 2690 2808 ὥσπερ
2721 2739 2814 2791 καὶ
2867 2738 3210 2808 εἰσήλθομεν.
3252 2739 3457 2809 Γυμνοὶ
3505 2739 3703 2800 ὅντως,

2111 2830 2359 2893 ὲλεεινοὶ,
2395 2828 2739 2899 σκυθρωποὶ,
2773 2830 3064 2894 σκοτεινοὶ,
3104 2828 3573 2899 συντετριμμένοι,
3600 2847 3708 2884 πε-

2112 2922 2467 2993 φορτωμένοι,
2488 2921 2990 2991 τετραχηλισμένα,
3011 2922 3258 2991 ἔμφοϐοι,
3282 2922 3553 2993 ἔντρομοι,
3571 2940 3710 2978 κατ-

2114 3010 2296 3079 ηφεῖς,
2347 3009 2623 3077 ὀδυνηροὶ,
2670 3011 3024 3080 ἐμμέριμνοι,
3067 3013 3146 3073 είς
3166 3012 3271 3080 γῆν
3302 3012 3363 3064 τὸ
3410 3012 3708 3080 πρόσωπον

2112 3101 2345 3171 ἔχοντες,
2372 3098 2669 3164 ἀπολογίαν
2701 3099 2758 3152 δὲ
2786 3101 2997 3168 ἀγαθὴν
3016 3100 3091 3171 μὴ
3111 3102 3554 3169 εὐτρεπίσαντες.
3597 3102 3710 3155 Οὖ-

2116 3211 2222 3257 τως
2255 3193 2304 3246 οἱ
2339 3190 2654 3261 ἁμαρτωλοὶΙ
2678 3193 3025 3263 πορευόμεθα
3053 3194 3111 3245 ὲν
3144 3194 3381 3264 φροντίδι
3412 3193 3703 3264 ζήσαντες,

2116 3285 2213 3338 καὶ
2240 3287 2298 3338 ὲν
2323 3283 2535 3344 ὀδύναις
2562 3282 2910 3353 θνήσκοντες.
2977 3284 3165 3348 Οὕτως
3219 3284 3560 3355 θαπτόμεθα,
3610 3286 3709 3338 06-

2115 3392 2225 3439 τως
2244 3374 2603 3443 ἀνιστάμεθα,
2632 3375 2726 3427 καὶ
2738 3375 2908 3440 οὕτως
2930 3378 3368 3449 ἀπολογούμεθα,
3392 3378 3601 3447 μᾶλλον
3618 3377 3703 3441 δὲ,

2117 3467 2291 3530 οὓτως
2322 3466 2714 3537 αἰσχυνόμεθα,
2748 3469 2823 3531 εἰς
2851 3470 3027 3523 έκεῖνο
3065 3470 3125 3523 τὸ
3152 3472 3373 3541 πικρὸν,
3405 3472 3485 3532 εἱς
3522 3473 3708 3525 ἐκεῖνο

2118 3559 2180 3611 τὸ
2216 3558 2614 3628 οἱκουμενικὸν,
2668 3559 2730 3613 τὸ
2763 3560 2994 3629 φοϐερὸν
3045 3562 3277 3625 καὶτοῖς
3309 3561 3526 3625 πολλοῖς
3576 3579 3709 3615 σκο-

2120 3650 2321 3704 τεινόνο
2381 3650 2442 3702 τὸ
2494 3650 3019 3720 ἀπροσωπόληπτον,
3064 3653 3127 3706 τὸ
3164 3653 3595 3724 ἀδωροδόκητον,
3640 3654 3707 3707 τὸ

2122 3744 2522 3814 ἁνερμήνευτον
2585 3742 2970 3814 δικαστήριον,
3048 3746 3144 3799 καὶ
3212 3748 3521 3817 κριτήριον,
3605 3747 3708 3799 καὶ

2121 3836 2505 3905 κολαστήριον·
2549 3835 2683 3888 ὅπου
2708 3835 2929 3904 ἄγγελοι
2975 3837 3302 3907 τρέμουσιν,
3335 3838 3467 3890 61:06
3521 3838 3707 3909 θρόνοι

2122 3926 2389 3992 τίθενται,
2415 3927 2551 3980 61:06
2580 3927 2639 3980 at
2671 3926 2844 3998 βίϐλοι
2866 3928 3194 3998 ἀνοίγονται,
3233 3931 3367 3983 ὅπου
3392 3931 3420 3983 6
3441 3929 3710 3994 ἄσϐεστος

2123 4022 2216 4074 τοῦ
2251 4022 2421 4092 πυρὸς
2448 4022 2718 4087 σκοτεινὸς
2743 4026 3008 4095 ποταμός.

2198 4114 2407 4182 ’Ὠσπερ
2432 4115 2542 4183 γὰρ
2583 4114 2853 4185 μόλιϐδος,
2890 4117 2923 4186 ἢ
2959 4118 3128 4170 πίσσα
3154 4116 3420 4186 λελυμένη
3455 4114 3561 4168 ὑπὸ
3595 4131 3709 4168 1:6-

2130 4204 2240 4275 ρὸς.
2270 4204 2446 4269 οὕτως
2471 4206 2648 4259 καὶτὸ
2692 4206 2801 4277 1:69
2842 4208 3017 4262 έκεῖνο
3060 4208 3364 4277 ἀφώτιστον
3420 4209 3705 4277 τυγχάνει.

448 4305 679 4360 immitis
736 4305 978 4370 vermis,
1036 4320 1100 4360 ac
1149 4305 1579 4376 insoporabilis;
1639 4304 1732 4358 ubi
1783 4304 2015 4359 tenebrzr

2129 4298 2361 4351 Ὅπου-ὀ
2388 4298 2668 4369 ἀνήμερος
2693 4297 2930 4370 σκώληξ,
2978 4301 3072 4353 καὶ⁵
3106 4302 3405 4371 ἀκοίμητος
3424 4318 3437 4330 ·
3469 4301 3601 4353 61:06
3644 4301 3711 4353 τὸ

445 4396 598 4450 nulla
636 4395 1125 4462 dilutaeluce;ubi
1150 4395 1323 4450 tristis
1350 4402 1587 4449 tartarus
1610 4392 1791 4446 omnis
1835 4407 2015 4446 exsors

2128 4384 2432 4454 ἀφώτιστον
2463 4386 2672 4452 σκότος,
2704 4389 2837 4441 ὅπου
2867 4389 2897 4441 6
2939 4388 3199 4460 ὀδυνηρὸς
3253 4390 3521 4461 τάρταρος
3555 4392 3583 4442 6
3628 4391 3709 4459 μὴ

447 4489 681 4556 caloris;
716 4489 811 4545 ubi
842 4487 987 4561 iugis
1018 4488 1288 4560 ejulatus:
1316 4485 1412 4539 ubi
1443 4484 1769 4539 immortalis
1796 4483 2015 4549 stridor;

2134 4479 2377 4549 μετέχων
2407 4477 2636 4548 θέρμης,
2664 4479 2799 4532 ὅπου
2827 4480 2855 4531 6
2888 4481 3149 4549 ἀσίγητος
3187 4460 3484 4551 κλαυθμὸς,
3523 4482 3660 4534 ὅπου
3682 4483 3712 4533 6

446 4579 542 4634 ubi
580 4581 927 4650 sempiternae
966 4579 1252 4648 lacrymae;
1288 4575 1383 4629 ubi
1420 4574 1633 4627 nullum
1676 4575 1841 4627 finem
1873 4573 2015 4627 babi-

2133 4569 2487 4639 ἀτελεύτητος
2517 4567 2784 4638 βρυγμὸς,
2813 4570 2947 4623 61:06
2969 4571 3029 4622 τὸ
3051 4570 3268 4624 αἰώνιον
3295 4572 3548 4641 δάκρυον,
3574 4571 3710 4624 ὅπου

449 4672 557 4725 turi
586 4672 862 4743 gemitus;
897 4671 992 4726 ubi
1029 4672 1214 4725 luctus
1259 4668 1506 4738 cogitatu
1536 4667 1741 4736 major;
1766 4666 1858 4720 ubi
1894 4681 2015 4721 cru-

2134 4664 2183 4715 οἱ
2208 4661 2463 4730 ἀσίγητοι
2493 4661 2809 4731 στεναγμοὶ.
2851 4662 2985 4714 ὅπου
3012 4663 3073 4716 τὸ
3111 4662 3545 4734 ἀπαραμύθητον
3576 4662 3712 4715 πέν-

447 4762 770 4818 ciandornm
843 4776 1008 4817 voces
1102 4757 1450 4812 miserabiles
1526 4771 1592 4810 ae
1657 4755 2015 4812 tristissima:

2136 4753 2248 4816 θος,
2280 4754 2413 4806 61:06
2451 4752 2559 4804 τῶν
2581 4752 3022 4822 βασανιζομένων
3053 4755 3109 4806 αἱ
3144 4754 3322 4822 φωναὶ
3352 4754 3585 4806 ὲλεειναὶ
3615 4756 3712 4806 καὶ

448 4854 654 4916 Parce,
721 4868 920 4923 parce,
980 4852 1123 4912 sine,
1175 4849 1328 4914 sine;
1387 4847 1679 4909 miserere,
1729 4846 2015 4914 miserere;

2123 4844 2382 4915 ὀδυνηραί
2401 4859 2416 4874 ο
2445 4844 2653 4908 Φεῖσαι,
2682 4848 2865 4912 φεῖσαι
2885 4862 2897 4873 ’
2925 4848 3048 4908 ἀνες
3066 4889 3082 4912 ,
3110 4846 3237 4910 ἄνες
3256 4861 3270 4874 ⁸
3300 4846 3543 4916 ἐλέησον,
3563 4845 3712 4915 ἐλέη-

452 4960 632 5009 serva,
664 4960 860 5009 serva;
889 4943 1079 5014 judex,
1105 4939 1293 5011 iudex.
1338 4938 1438 4996 Ubi
1475 4955 1581 4993 non
1627 4939 1792 5004 risus,
1820 4939 1916 4994 sed
1938 4940 2015 4993 Iu-

2128 4953 2259 4989 σονο
2315 4935 2508 5000 σῶσον,
2565 4934 2776 4988 σῶσον·
2807 4935 3060 4997 δικαστὰ,
3112 4936 3378 4990 δικαστά’
3421 4937 3556 4990 61:06
3608 4936 3711 4989 οὐκ
3769 4956 3779 4965 ·

452 5046 573 5089 ctus
596 5043 679 5089 est
722 5053 734 5086 :
772 5014 865 5087 ubi
908 5048 1017 5087 non
1038 5031 1319 5102 gaudium,
1355 5030 1451 5085 sed
1483 5030 1750 5101 gemitus;
1780 5031 1874 5084 ubi
1915 5046 2015 5084 non

2131 5029 2249 5080 ἔστι
2279 5029 2474 5096 γέλως,
2504 5028 2642 5081 ἀλλὰ
2698 5030 2893 5100 θρῆνος
2913 5049 2926 5065 ·
2958 5033 3094 5085 ὅπου
3150 5033 3250 5085 οὐκ
3298 5030 3414 5084 ἔστι
3438 5028 3706 5100 χαρμονὴ.

449 5126 662 5191 laetitia,
687 5124 784 5180 sed
811 5124 1002 5187 dolor;
1027 5123 1120 5176 ubi
1157 5138 1267 5178 non
1305 5122 1537 5182 deliciae,
1578 5122 1673 5177 sed
1698 5121 1901 5192 judex;
1934 5121 2015 5175 ubi

2129 5118 2268 5172 ἀλλά
2311 5118 2654 5187 στεναγμός·
2689 5120 2824 5173 61:06
2889 5122 2988 5174 061:
3026 5121 3176 5174 ἔστιν
3225 5122 3555 5191 εὐφροσύνη,
3594 5114 3712 5171 ἀλλ’

451 5231 563 5272 non
591 5232 743 5286 opes,
770 5215 868 5270 sed
897 5215 1137 5270 tenebrae
1164 5234 1177 5268 :
1207 5213 1301 5267 ubi
1321 5229 1430 5268 non
1460 5215 1661 5269 choros
1690 5227 1851 5283 agere
1875 5213 2015 5277 licet,

2134 5211 2294 5281 ὀδύνη
2316 5226 2331 5240 ⁶
2359 5211 2492 5263 ὅπου
2527 5212 2628 5264 οὐκ
2653 5210 2769 5265 ἔστι
2803 5216 3004 5285 τρυφὴ.
3032 5214 3169 5269 ἀλλὰ
3198 5215 3418 5285 κριτής·
3452 5213 3585 5266 61:06
3613 5210 3712 5263 οὐκ

455 5309 551 5364 sed
582 5307 818 5377 suspiria
839 5306 1079 5361 trahere.
1110 5306 1415 5361 Tremenda
1434 5306 1550 5361 haec
1577 5305 1807 5370 auditu;
1836 5319 2015 5358 verunt

2139 5302 2255 5355 ἐστι
2298 5300 2549 5367 πλοῦτος,
2586 5302 2722 5356 ἀλλὰ
2755 5306 2965 5367 σκότος·
2996 5306 3130 5358 ὅπου
3163 5307 3265 5358 οὐκ
3290 5305 3405 5357 ἔστι
3432 5301 3710 5374 χορεῦσαι,

455 5398 739 5453 tremenda
797 5398 968 5468 magis
1052 5415 1117 5453 ae
1176 5400 1445 5453 amariora
1498 5407 1721 5467 aspectu
1774 5414 1787 5450 :
1856 5397 2015 5467 majus

2142 5390 2280 5446 ἀλλὰ
2303 5390 2572 5455 στενάξαι.
2604 5392 2839 5463 Φοόερὸν
2865 5395 2927 5446 τὸ
2962 5394 3136 5468 ταρτα
3165 5390 3416 5459 ἀκοῦσαι,
3454 5392 3589 5446 ἀλλὰ
3619 5406 3712 5459 φοι

456 5489 696 5559 denique
746 5490 813 5544 ad
880 5493 1183 5546 cruciatum
1241 5507 1304 5545 ac
1346 5491 1625 5545 miseriam
1658 5530 1671 5554 ,
1721 5498 1779 5542 ut
1832 5504 1894 5543 ca
1945 5503 2012 5557 pa

2143 5484 2450 5555 ϐερὼτερον
2499 5484 2591 5536 καὶ
2642 5485 2967 5556 πικρότερον
3006 5485 3207 5539 ἰδέσθαι
3228 5501 3240 5514 ·
3272 5485 3365 5538 καὶ
3400 5482 3560 5536 πάλιν
3586 5479 3711 5533 ὀδυ-

462 5574 676 5631 tiamur.
2145 5574 2439 5646 νηρότερον
2459 5576 2550 5627 καὶ
2577 5573 2908 5645 ἀθλιώτερον
2931 5574 2991 5628 τὸ
3013 5574 3187 5630 ταῦτα
3216 5575 3427 5629 παθεῖν.

567 5749 610 5783 ⁸³
644 5753 819 5809 Eccle.
849 5770 884 5821 ι,
919 5756 973 5810 2.
1086 5756 1129 5787 ”
1161 5756 1302 5812 Psal.
1330 5772 1554 5821 xxxvm,
1582 5758 1657 5808 7.-
