4078 6406
386 336 533 401 ἓὲὂῒ

1532 321 1628 382 DE
1665 316 1984 380 PEBSICA
2023 316 2540 380 CAP'I‘IVITATE.

3521 315 3666 381 3:354

465 446 530 497 "fl
561 436 666 513 γάρ
695 441 839 493 ἐστιν
889 438 1094 493 ἰδέσθαι
1147 436 1327 490 πᾶσαν
1356 434 1454 505 τὴν
1494 435 1670 487 κτίσιν
1716 433 2003 502 ἐξαίφνης,

2148 431 2424 499 Quantum
2473 427 2620 485 enim
2652 436 2771 495 est,
2814 441 2876 483 ut
2925 438 3151 499 repente
3190 437 3437 484 creatura
3479 432 3662 486 οιιιιιὶσ

389 534 779 604 ἀνισταμένην,
816 532 910 585 καὶ
932 531 1326 600 συναγομένην,
1362 530 1456 584 καὶ
1489 528 1976 601 κατακρινομὲνην,

391 631 488 683 καὶ
520 628 769 682 διδοῦσαν
795 626 954 689 δίκας
1008 625 1145 693 ὑπὲρ
1175 624 1375 691 λόγων,
1432 623 1570 691 ὑπὲρ
1601 620 1799 691 ἔργων,
1840 619 1978 688 ὑπὲρ

391 719 670 789 λογισμῶν
693 717 989 788 πονηρῶν;
1018 715 1207 784 ἸΙμεῖς
1252 714 1307 768 δὲ
1364 714 1458 767 καὶ
1489 712 1627 783 ὑπὲρ
1658 710 1754 764 τοῦ
1786 710 1982 780 βαπτί-

397 828 622 882 σματος,
679 810 822 880 ὑπὲρ
868 806 965 871 τῆς
994 806 1102 860 τῶν
1145 806 1460 876 μυστηρίων
1489 802 1708 869 ἀναξίου
1746 800 1979 872 μεταλή-

394 903 564 970 ψεως,
601 902 741 969 ὑπὲρ
772 898 1093 969 ἱερωσύνης,
1128 898 1270 966 ὑπὲρ
1320 894 1661 965 λειτουργίας
1701 892 1983 963 ἠμελημέ-

397 1008 518 1060 νης,
543 990 682 1059 ὑπὲρ
705 985 778 1040 ὧν
796 991 853 1042 ὲν
876 989 1049 1048 νυκτὶ,
1076 988 1217 1056 ὑπὲρ
1277 979 1351 1040 ὧν
1381 987 1439 1037 ὲν
1470 986 1662 1056 σκοτίᾳ
1723 984 1816 1037 τὸν
1847 983 1981 1037 Θεὸν

400 1082 857 1152 παρωργίσαμεν.
895 1081 1087 1147 Μέγας
1128 1080 1313 1146 φόϐος,
1333 1078 1585 1147 ἀδελφοὶ,
1621 1076 1763 1130 τότε·
1810 1076 1983 1146 μέγας

397 1171 605 1241 τρόμος
625 1187 637 1199 '
678 1169 890 1241 μεγάλη
917 1171 950 1239 ή
989 1170 1173 1239 ἡμέρα
1196 1185 1210 1198 ⁸
1250 1167 1462 1239 μεγάλη
1493 1170 1526 1238 ή
1556 1167 1769 1238 ἀνάγκη
1798 1168 1831 1237 ἡ
1862 1168 1984 1220 τότε

402 1260 663 1329 γινομένη
682 1303 696 1327 ,
734 1260 822 1313 οἶα
849 1257 973 1312 οὕτε
996 1259 1239 1327 γέγονεν,
1279 1257 1403 1311 οὔτε
1438 1259 1724 1327 γενήσεται
1750 1258 1858 1320 ἓως
1885 1257 1985 1326 τῆς

401 1351 610 1420 ἡμέρας
639 1350 876 1420 ἐκείνης,
906 1351 996 1404 ὅτε
1027 1351 1061 1420 ὴ
1085 1350 1180 1414 νὺξ
1203 1348 1505 1421 καταλάϐῃ,
1537 1349 1626 1402 ὅτε
1654 1350 1687 1420 ἡ
1719 1347 1870 1417 φωνὴ
1891 1364 1985 1416 γε-

401 1445 647 1513 νήσεταιο
697 1442 826 1497 Ἰδοὺ
870 1441 1173 1514 δ’Κριτὴς,
1208 1441 1560 1514 ἁμαρτωλοί·
1609 1441 1831 1506 δίκαιοι,
1856 1441 1988 1495 ἀνά-

405 1552 567 1603 στητε
615 1536 695 1597 είς
739 1533 839 1604 τὴν
874 1534 1179 1603 ἀπάντησιν
1235 1531 1421 1589 αὐτοῦ.
1484 1533 1620 1587 Τότε
1668 1533 1718 1585 οἱ
1766 1532 1988 1601 ἄγγελοι

403 1624 825 1694 προτρέχουσιν,
878 1623 932 1675 αἱ
964 1621 1263 1689 σάλπιγγες
1302 1620 1519 1692 βοῶσιν,
1579 1620 1647 1674 τὰ
1698 1621 1877 1690 ἄστρα
1900 1621 1990 1672 πί-

404 1731 653 1781 πτουσιν,
688 1715 716 1767 6
752 1712 904 1783 ἥλιος
944 1710 1252 1775 σκοτίξεται
1278 1751 1293 1777 ,
1351 1712 1402 1764 οἱ
1432 1711 1652 1781 ούρανοὶ
1680 1711 1757 1775 ὡς
1784 1710 1989 1781 βιϐλίον

2080 524 2316 579 excitari
2365 532 2651 586 cernatur,
2699 521 2759 576 in
2787 538 2958 576 unum
2992 521 3136 592 cogi,
3186 521 3562 586 condemnari,
3599 538 3663 577 ac

2082 627 2271 682 poenas
2300 613 2453 676 dare,
2492 614 2563 668 ob
2590 612 2782 678 verba,
2819 626 3011 682 opera,
3035 627 3232 682 pravas
3282 613 3661 683 cogitationes.

2080 703 2193 758 Nos
2224 712 2409 759 autem
2436 704 2601 758 etiam
2622 704 2968 774 baptismatis
3001 705 3245 769 nomine,
3281 705 3669 775 mysteriorum

2084 794 2324 867 indigna;
2351 797 2702 867 sumptionis,
2724 797 3042 862 sacerdotii,
3068 798 3330 868 neglectae
3369 798 3449 852 rei
3475 812 3668 861 sacrae,

2083 902 2274 942 eorum
2305 887 2613 943 facinorum
2647 889 2947 959 quibusin
2980 896 3165 952 nocte,
3205 888 3407 956 quibus
3438 886 3673 942 faventi-

2084 978 2190 1036 bus
2212 980 2460 1036 tenebris
2482 980 2550 1035 ad
2575 982 2712 1036 iram
2749 981 2921 1036 Deum
2960 980 3402 1051 provocavimus.
3443 978 3671 1049 Magnus

2087 1078 2243 1137 tunc,
2263 1071 2484 1137 fratres,
2508 1072 2709 1137 timor;
2750 1087 2982 1142 magnus
3008 1081 3249 1134 tremor;
3286 1069 3406 1124 dies
3433 1083 3666 1138 magna;

2086 1178 2305 1233 magna,
2331 1178 2454 1233 quae
2478 1171 2610 1218 tunc
2629 1163 2759 1227 erit,
2777 1162 3077 1219 necessitas
3104 1179 3118 1216 :
3143 1162 3321 1231 qualis
3342 1175 3522 1230 neque
3542 1160 3667 1223 fuit;

2088 1271 2269 1326 neque
2301 1254 2412 1311 erit
2449 1270 2625 1329 usque
2665 1255 2733 1310 ad
2765 1255 2912 1310 diem
2964 1255 3135 1319 illam,
3179 1254 3401 1324 quando
3430 1268 3538 1308 nox
3569 1269 3669 1323 ap-

2087 1348 2436 1420 prehendet;
2468 1349 2692 1419 quando
2713 1364 2821 1403 vox
2850 1347 2943 1403 fiet
2966 1348 3141 1402 :Ecce
3178 1347 3351 1402 Iudex
3371 1388 3384 1412 ,
3418 1354 3672 1416 peccato-

2088 1456 2208 1509 res;
2235 1444 2393 1513 justi,
2418 1445 2719 1515 exsurgite
2759 1444 2817 1497 in
2856 1458 3147 1499 occursum
3166 1446 3307 1511 ejus.
3344 1442 3502 1496 Tunc
3541 1456 3676 1512 prae-

2092 1541 2319 1587 current
2346 1534 2552 1604 angeli,
2610 1534 2757 1589 tuba:
2784 1534 3077 1604 clangent,
3133 1531 3303 1587 stellae
3332 1531 3559 1596 cadent,
3592 1530 3686 1584 sol"

2089 1623 2535 1687 obtenebrescet,
2567 1625 2692 1681 (ιαὶεί
2722 1625 2876 1679 velut
2905 1623 3049 1679 liber
3075 1623 3496 1686 convolventur,
3546 1620 3679 1674 luna

2092 1715 2316 1785 peribit,
2353 1717 2524 1773 stella:
2566 1716 2825 1773 foliorum
2866 1731 3025 1771 more
3044 1715 3342 1779 decident;
3377 1721 3592 1769 montes
3619 1723 3681 1767 ut

406 1803 756 1867 εἱλίσσονται,
787 1807 820 1875 ἡ
863 1803 1061 1874 σελήνη
1090 1802 1411 1871 ἀπόλλυται,
1446 1806 1513 1858 τά
1556 1803 1731 1875 ἄστρα
1753 1803 1828 1866 ὡς
1852 1802 1991 1871 φύλ-

2106 1822 2219 1863 sera
2266 1808 2608 1878 liquescent,.
2649 1809 2831 1864 fontes
2878 1816 3154 1873 arescent,
3227 1806 3485 1861 universa
3531 1812 3678 1859 terra

404 1898 475 1951 λα
502 1897 816 1961 πίπτουσιν,
847 1897 915 1950 τά
948 1897 1048 1967 ὅρη
1075 1894 1150 1959 ὡς
1182 1895 1351 1966 κηρὸς
1410 1898 1758 1966 τακήσονται,
1796 1895 1851 1948 al
1884 1912 1989 1966 πη-

405 1988 504 2056 γαὶ
561 1987 1012 2058 ξηρανθήσονται,
1048 1992 1198 2044 πᾶσα
1240 1989 1272 2057 ἠ
1340 1988 1412 2058 γῆ
1463 1987 1879 2058 κλονηθήσεται,
1935 1988 1991 2040 αἱ

412 2079 641 2133 ἄϐυσσοι
666 2082 950 2151 τρέμουσι,
994 2082 1061 2135 τὰ
1099 2081 1428 2152 καταχθόνια
1462 2082 1720 2144 σείονται,
1752 2079 1821 2133 τά
1874 2079 1996 2133 ἐπί-

409 2176 560 2238 γεία,
590 2169 660 2223 τά
683 2171 930 2242 οὐράνια.
968 2171 1050 2225 Τά
1081 2172 1191 2226 ἄνω
1216 2173 1311 2224 καὶ
1351 2171 1419 2224 τά
1455 2170 1607 2224 κάτω
1635 2169 1881 2239 ἀνάγκης
1905 2169 1997 2239 γέ-

415 2278 629 2337 μουσιν.
664 2263 1017 2334 ᾹίΔυνάμεις
1050 2264 1142 2317 τοῦ
1178 2264 1453 2327 Βασιλέως
1494 2264 1906 2335 προτρέχουσιν,
1930 2264 1998 2317 τὰ

418 2352 672 2422 Σεραφὶμ
705 2353 890 2423 βοῶσι,
910 2355 979 2407 τὰ
1005 2354 1361 2426 ἑξαπτέρυγα
1388 2355 1647 2419 σείονται,
1675 2356 1743 2408 τά
1791 2355 1998 2424 Χερουρ

416 2441 518 2513 ϐὶμ
547 2444 930 2510 εὐλαϐοῦνται,
959 2448 1026 2499 τὰ
1054 2447 1314 2515 μνήματα
1332 2445 1658 2513 ἀνοίγονται,
1684 2445 1751 2498 τὰ
1768 2442 2000 2513 σώματα

417 2538 753 2605 ἀνίστανται,
789 2541 844 2592 al
871 2540 1042 2609 ψυχαὶ
1078 2539 1420 2611 ἀθροίζονται
1444 2556 1457 2570 ·
1491 2540 1546 2591 αἱ
1584 2538 1830 2601 κολάσεις
1848 2538 2001 2602 ,ἕτοι-

418 2643 531 2694 μοι,
568 2628 622 2678 αἱ
648 2628 976 2693 ἀπολαύσεις
1028 2626 1335 2703 [ἐκποδὼν]
1361 2628 1671 2698 γεγόνασιν.
1728 2654 1735 2661 ν

493 2717 697 2784 Μηδεὶς
730 2721 793 2788 τῇ
827 2719 1124 2772 ἀναστάσει
1170 2721 1490 2774 ἀπιστείτω⁶
1533 2718 1722 2789 μηδεὶς
1751 2717 1821 2770 τὰ
1843 2715 2000 2785 λεγό-

421 2823 559 2870 μενα
592 2807 962 2874 ἐξουθενείτω.
1006 2809 1335 2880 Γενήσονται
1368 2810 1478 2880 γάρ
1506 2809 1693 2875 ὅντως,
1738 2808 1833 2863 καὶ
1866 2809 2002 2879 ἀλη-

423 2897 532 2960 θῶς
566 2899 910 2966 γενήσονται.
955 2892 1306 2972 ’Ᾰκούσωμεν
1365 2902 1457 2954 τοῦ
1485 2900 1690 2969 Κυρίου
1729 2900 2003 2969 λέγοντος,

422 2988 527 3050 ὅτι,
548 2990 653 3043 Καὶ
680 2991 739 3043 al
761 2990 1050 3057 Δυνάμεις
1071 2990 1190 3044 τῶν
1208 2990 1480 3058 οὐρανῶν
1494 3006 1577 3044 σα
1597 2989 2001 3056 τευθήσονταιο

424 3078 519 3130 καὶ
575 3079 725 3130 πᾶσα
753 3079 785 3148 ἡ
816 3078 887 3146 γῆ
926 3079 987 3130 ού
1016 3078 1455 3150 ταραχθήσεται;
1485 3079 1549 3130 Αἱ
1580 3079 1851 3149 Δυνάμεις
1895 3078 2003 3132 τῶν

2091 1900 2403 1970 quatietur,
2418 1901 2596 1972 abyssi
2636 1908 2909 1966 trement;
2939 1898 3178 1963 inferna,
3228 1898 3536 1963 terrestria,
3561 1911 3678 1952 σωκ

2090 1990 2250 2046 lestia
2289 1991 2563 2047 nutabunt
2597 2010 2611 2047 :
2650 2007 2849 2062 supera
2894 1999 3061 2061 atque
3117 1990 3293 2045 infera
3349 1988 3679 2045 necessitate

2094 2083 2255 2153 plena
2284 2094 2467 2139 erunt.
2514 2084 2762 2139 Virtutes
2800 2082 2938 2153 Regi
2964 2089 3313 2152 praecurrunt
3346 2098 3361 2135 :
3393 2080 3682 2150 Seraphin!

2098 2176 2359 2240 clamant,
2391 2175 2541 2231 senis
2559 2175 2663 2230 alis
2688 2175 2904 2246 praediti
2937 2174 3354 2238 concutiuntur,
3382 2170 3683 2228 C‘lierubim

2097 2264 2421 2329 formidant,
2446 2275 2807 2321 monumenta
2846 2265 3209 2334 aperiuntur,
3239 2278 3473 2331 corpora
3507 2275 3686 2316 resur-

2099 2363 2258 2424 gunt,
2290 2355 2491 2409 animae
2508 2364 2943 2425 congregantur;
2977 2352 3233 2424 expedita
3265 2350 3558 2422 supplicia,
3591 2365 3687 2404 vo-

2096 2440 2341 2510 luptates
2370 2450 2678 2497 cesserunt.

2176 2706 2352 2761 Nemo
2406 2705 2570 2760 ﬁdem
2612 2704 3011 2761 resurrectioni
3076 2704 3286 2761 abnuat
3327 2720 3536 2760 :nemo
3564 2720 3688 2773 qua:

2104 2794 2370 2869 dicuntur
2398 2796 2557 2851 nihili
2587 2796 2772 2863 faciat,
2810 2812 2874 2852 ac
2897 2783 3145 2866 spernat.
3167 2796 3327 2850 Fient
3352 2795 3524 2859 enim,
3559 2793 3691 2848 ﬁent

2109 2902 2323 2965 revera.
2378 2887 3037 2956 AudiamusDominum
3080 2887 3357 2941 dicentem
3409 2902 3422 2937 :
3461 2883 3689 2938 Virtam

2106 2979 2357 3034 caelorum
2392 2980 2854 3034 contznovebuntur
2879 2986 2971 3033 :et
2998 2977 3177 3037 omnis
3204 2985 3349 3032 terra
3370 2991 3483 3030 non
3505 2975 3695 3030 turba-

2112 3071 2306 3126 biturl
2363 3072 2612 3126 Virtutes
2655 3072 2923 3127 caelorum
2982 3068 3521 3132 commovebuntur,
3570 3083 3695 3137 qua:

423 3170 667 3237 οὐρανῶν
701 3168 1142 3240 σαλευθήσονται,
1175 3171 1231 3224 αἱ
1280 3170 1549 3241 μηδέποτε
1591 3171 2003 3241 άμαρτήσασαι,

2111 3179 2395 3234 nunquam
2423 3174 2812 3235 peccaverunt,
2835 3179 2963 3235 quae
2985 3165 3263 3218 illustrant
3288 3162 3456 3217 corda
3485 3170 3693 3225 nostra,

426 3261 481 3312 al
527 3261 625 3322 τὰς
683 3260 908 3329 καρδίας
938 3260 1098 3330 ἡμῶν
1132 3262 1484 3328 φωτίζουσαι,
1519 3262 1574 3314 αἱ
1613 3262 1701 3314 τὸν
1759 3261 1890 3315 Θεὸν
1923 3261 2011 3314 ἀεὶ

428 3348 858 3418 ὓμνολογοῦσαι’
900 3350 996 3402 καὶ
1063 3349 1179 3413 πῶς
1227 3350 1335 3420 ἄρα
1372 3352 1534 3421 ἡμεῖς
1593 3350 1859 3421 μέλλομεν
1889 3352 2011 3404 τότε

428 3442 805 3511 ὑφίστασθαις
865 3442 1042 3505 Πολὺς
1083 3445 1111 3495 6
1150 3442 1333 3510 φόϐος,
1384 3443 1677 3512 ἀδιήγητος
1725 3444 1754 3497 6
1787 3444 2009 3512 τρόμος,

427 3534 829 3603 ἀνερμήνευτος
854 3533 887 3601 ἡ
930 3531 1166 3600 ἀνάγκη,
1203 3530 1512 3601 ἀμέτρητος
1543 3533 1574 3598 ἡ
1610 3531 1839 3603 αἰσχύνη
1892 3532 2012 3584 τότε

429 3622 538 3681 τοῖς
572 3621 691 3673 κατ’
731 3620 831 3689 ἐμὲ
862 3620 1140 3691 γινομένη,
1170 3621 1295 3672 ὅταν
1325 3620 1506 3672 αὐτῶν
1550 3619 2010 3691 θριαμϐεύωνται,

431 3709 660 3764 ἑνώπιον
682 3710 791 3763 τῶν
819 3711 1086 3782 οὐρανίων
1107 3713 1199 3763 καὶ
1227 3711 1509 3779 ἐπιγείων,
1534 3712 1782 3780 ἀγγέλων
1809 3713 1903 3766 καὶ
1923 3714 2015 3765 άν-

431 3800 687 3871 Θρὼπων,
715 3800 809 3852 καὶ
839 3799 1254 3868 δημοσιεύονται
1282 3799 1333 3851 al
1370 3801 1638 3871 πορνεῖαι,
1663 3799 1717 3850 αἱ
1756 3801 2011 3868 μοιχεῖαι,

430 3896 498 3946 τὰ
534 3893 728 3963 ψεύδη,
772 3895 826 3945 al
860 3894 1155 3963 ἐπιορκίαι,
1186 3891 1304 3955 πῶς
1328 3892 1446 3944 τότε
1478 3890 1862 3961 αίσχύνονταις
1897 3890 2015 3955 πῶς

431 3985 729 4061 τήκονταις
763 3986 953 4053 Μέγας
1007 3987 1035 4037 6
1082 3983 1291 4054 χειμὼν
1343 3984 1549 4046 ἐκεῖνος
1611 3981 1750 4035 τότε·
1789 3982 1960 4052 μέγας
1987 3983 2015 4035 ό

432 4078 662 4141 κλύδων,
682 4077 893 4147 χαλεπὴ
909 4079 943 4147 ἡ
965 4094 1031 4129 πε
1042 4077 1307 4147 ρίστασις,
1326 4074 1572 4145 άκατάλη
1583 4090 1711 4137 πτος
1733 4073 2015 4144 ἡάνάγκη,

429 4173 462 4225 ὁ
487 4156 793 4239 ὀλολυγμὸς
818 4170 1133 4241 ἀδιήγητος.

509 4262 772 4315 Βούλεσθε
804 4262 873 4315 τὰ
913 4265 1032 4316 κατ’
1078 4263 1297 4331 ἐκείνην
1357 4262 1454 4331 τὴν
1515 4262 1751 4337 φοϐερὰν
1804 4261 2018 4332 ἡμέραν

434 4358 841 4429 ἁκριϐεστέρως
890 4356 1269 4427 ὲξετάσωμεν;
1325 4357 1601 4428 Συμφέρει
1648 4358 1755 4427 γὰρ
1803 4355 2019 4427 άληθῶς

2113 3274 2236 3327 quae
2288 3273 2511 3327 semper
2558 3258 2672 3314 Dco
2726 3258 2940 3313 cantica
2983 3272 3050 3318 ac
3087 3256 3293 3317 laudes.
3326 3255 3693 3325 depromunt;

2115 3364 2355 3418 quonam
2414 3348 2582 3419 igitur
2626 3364 2776 3403 nunc
2830 3348 2995 3402 modo
3036 3362 3140 3402 nos
3167 3344 3569 3401 consistemus‘l
3609 3344 3699 3398 ln-

2114 3457 2252 3512 gens
2284 3441 2482 3505 timor,
2514 3440 2907 3497 inenarrabilis
2939 3448 3167 3503 tremor;
3182 3438 3486 3497 necessitas
3537 3436 3695 3491 inex-

2116 3530 2410 3599 plicabilis,
2442 3530 2746 3589 immensus
2774 3537 2904 3583 tunc
2942 3527 3124 3607 pudor
3152 3524 3262 3581 illis
3289 3525 3384 3595 qui
3414 3524 3523 3580 mei
3547 3523 3704 3579 simi.

2117 3626 2200 3681 lcs
2225 3627 2524 3682 exsistunt.
2551 3627 2690 3683 Cum
2712 3642 2904 3682 eorum
2944 3640 3130 3681 coram
3184 3624 3398 3696 angelis
3426 3632 3483 3680 et
3517 3624 3699 3679 horni-

2115 3718 2284 3772 nibus
2318 3719 2684 3779 traducentnr
2712 3733 2777 3772 ac
2816 3717 3042 3788 publica
3068 3715 3417 3771 notabuntur
3448 3714 3704 3783 infamia,

2116 3807 2517 3863 fornicationes
2543 3847 2558 3872 ,
2605 3808 2905 3872 adulteria,
2932 3806 3240 3871 mendacia,
3272 3804 3536 3887 perjuria,
3588 3820 3705 3874 quo.

2121 3906 2252 3955 tunc
2277 3899 2440 3954 modo
2461 3899 2912 3954 confundantur?
2942 3897 3226 3968 quomodo
3252 3896 3651 3952 contabescent
3678 3897 3701 3949 ?

2118 3991 2312 4061 Magna
2353 4001 2486 4047 tunc
2532 3999 2851 4062 tempestas,
2885 3991 3078 4061 ingens
3106 3989 3372 4061 procella,
3400 3990 3583 4059 gravis
3611 4004 3704 4043 ca-

2119 4081 2356 4149 lamitas,
2389 4084 2629 4161 cogitatu
2664 4084 2838 4156 major
2861 4083 3182 4150 necessitas,
3207 4080 3442 4153 eiulatus
3477 4080 3713 4136 inenar-.

2122 4174 2330 4230 rabilis.

2194 4268 2375 4323 Vultis
2404 4283 2526 4337 quae
2543 4267 2610 4322 ad
2641 4265 3044 4323 formidabilem
3084 4266 3240 4321 illum
3275 4263 3424 4320 diem
3455 4273 3707 4335 spectant

2123 4362 2441 4432 diligentius
2490 4359 2892 4429 exquiramus‘i
2930 4358 3166 4428 Expedit
3209 4357 3359 4412 enim
3418 4371 3609 4412 revera
3646 4367 3708 4412 ut

433 4450 641 4518 ταύτης
669 4449 790 4502 καθ’
821 4448 971 4518 ὥραν
1013 4446 1370 4519 μνημονεύειν
1407 4451 1464 4501 ὲν
1512 4452 1667 4501 νυκτὶ
1692 4449 1785 4502 καὶ
1812 4450 1994 4520 ἡμέρᾳ

2126 4452 2275 4507 omni
2331 4452 2486 4516 hora,
2542 4459 2713 4504 noctu
2774 4449 3007 4519 diuque,
3070 4449 3220 4504 illius
3264 4447 3702 4505 meminerimus.

438 4542 504 4595 Τί
533 4538 626 4595 οὖν
656 4557 818 4611 φησιν
848 4543 876 4593 6
904 4539 1140 4610 Δανιὴλ;
1170 4538 1497 4606 Ἐθεώρουν
1527 4539 1596 4593 ἐν
1633 4540 1877 4607 ὁράματι
1911 4537 2018 4605 τῆς

438 4634 682 4698 νυκτὸς,
732 4632 843 4698 ἕως
891 4628 963 4686 οὗ
1005 4632 1204 4699 θρόνοι
1248 4630 1568 4696 ἐτέθησαν·
1618 4633 1713 4684 καὶ
1756 4630 2017 4694 Παλαιὸς

437 4725 676 4796 ἡμερῶν
702 4723 1009 4778 ἐκάθισεν.
1055 4725 1116 4776 '0
1150 4723 1360 4790 θρόνος
1397 4722 1585 4777 αὑτοῦ
1611 4721 1767 4786 φλὸξ
1796 4723 2015 4788 πυρός·

440 4821 493 4873 ol
522 4816 724 4887 τροχοὶ
753 4815 940 4869 αὐτοῦ
964 4814 1084 4882 πῦρ
1111 4818 1357 4884 galeros"
1389 4813 1653 4881 ποταμὸς
1689 4813 1879 4880 πυρὸς
1900 4807 2021 4866 εἷλ-

441 4928 550 4963 κεν
573 4910 917 4977 ἔμπροσθεν
943 4906 1151 4961 αὐτοῦ.
1188 4909 1383 4961 Χίλιαι
1431 4904 1697 4974 χιλιάδες
1721 4904 2022 4973 παρεστή-

442 5018 624 5055 κασιν
671 4999 851 5067 αὐτῷ,
887 5000 985 5054 καὶ
1028 5002 1235 5068 μυρίαι
1281 4998 1566 5069 μιῃοιιὶὸες
1609 4998 2027 5066 ἐλειτούργουν

442 5090 620 5157 αὐτῷ.
668 5091 983 5159 Ιῄοιτήριον
1014 5090 1288 5153 ἐκάθισε,
1333 5089 1430 5142 καὶ
1467 5090 1674 5153 βίϐλοι
1728 5085 2030 5156 ἀνεῴχθη-

444 5198 579 5237 σαν.
611 5182 759 5251 Ἐγὼ
809 5183 1034 5249 Δανιὴλ
1085 5180 1249 5243 ἴδον,
1302 5181 1399 5234 καὶ
1453 5180 1658 5250 ἔφριξε
1692 5180 1757 5233 τὸ
1792 5178 2028 5247 πνεῦμά

441 5290 580 5342 μου,
625 5276 721 5327 καὶ
766 5275 802 5340 ἡ
831 5273 1042 5341 ὅρασις
1077 5271 1184 5339 τῆς
1216 5271 1488 5342 κεφαλῆς
1505 5289 1625 5341 μου
1651 5269 2028 5340 συνετάρασ-

444 5365 559 5418 σέν
588 5382 684 5434 με.
722 5365 925 5418 Βαϐαίί
969 5364 997 5415 6
1021 5365 1307 5433 προφήτης
1337 5365 1519 5434 ὅραμα
1553 5362 1712 5433 μόνον
1740 5363 1838 5432 τῆς
1871 5362 2028 5416 κολά-

449 5473 585 5519 σεως
627 5455 749 5510 ἰδὼν
785 5456 1098 5526 ἔφριξε-καὶ
1149 5456 1201 5508 τί
1226 5451 1334 5525 ἄρα
1373 5457 1531 5525 ἡμεῖς
1578 5454 1846 5525 μέλλομεν
1889 5454 2025 5507 ὐπο-

2126 4545 2267 4612 Quid
2302 4559 2434 4612 ergo
2469 4543 2544 4596 ait
2573 4542 2802 4597 Daniel?
2841 4543 3087 4597 Videbam
3110 4545 3162 4597 in
3188 4543 3383 4597 visione
3410 4544 3595 4607 noctis,
3617 4543 3709 4595 do-

2128 4653 2221 4690 nec
2265 4638 2443 4690 throni
2484 4637 2639 4706 positi
2674 4646 2844 4690 sunt:
2885 4644 2933 4689 et
2986 4636 3248 4706 Antiquus
3295 4635 3501 4689 dierum
3552 4635 3706 4688 sedit.

2128 4728 2364 4783 Tltronus
2400 4728 2746 4801 rjusﬂamma
2770 4729 2944 4798 ignis:
2978 4734 3106 4781 rota:
3134 4728 3248 4797 ejus
3274 4728 3409 4797 ignis
3440 4729 3724 4798 ﬂagrans."

2129 4821 2485 4890 ﬂumenignis
2517 4819 2758 4875 trahebat
2796 4820 2853 4872 in
2878 4827 3151 4888 compecto
3178 4817 3313 4886 ejus.
3355 4817 3501 4871 Mille
3538 4816 3711 4871 millia

2133 4908 2446 4962 assistebant
2501 4908 2567 4971 ei,
2599 4915 2648 4959 et
2678 4908 2817 4961 (lena
2852 4905 3025 4965 millia
3067 4906 3261 4960 denum
3295 4906 3522 4961 millium
3552 4910 3711 4961 mihi-

2133 4999 2376 5052 strabant
2400 4999 2465 5052 ei.
2493 4997 2760 5051 Iudicium
2793 4999 2948 5063 sedit,
2982 5008 3029 5052 et
3071 4998 3191 5052 libri
3214 5001 3554 5070 apertisunt.
3600 5000 3715 5070 ligo

2137 5090 2331 5144 Daniel
2361 5091 2485 5153 vidi,
2515 5101 2563 5143 ct
2592 5094 2796 5146 horruit
2827 5093 3042 5162 spiritus
3076 5108 3216 5145 mens
3253 5109 3269 5145 :
3301 5102 3348 5146 et
3372 5095 3499 5147 visio
3525 5095 3734 5163 capitis.

2137 5183 2238 5233 mei
2260 5181 2591 5234 conturbavit
2624 5197 2705 5234 me
2728 5181 2790 5234 ⁵³.
2823 5181 2981 5250 Papa:
3007 5181 3018 5233 !
3057 5179 3333 5249 Propheta
3359 5181 3474 5234 visa
3503 5190 3734 5234 tantum.

2133 5275 2389 5345 supplicii
2418 5275 2610 5345 specie.
2628 5275 2845 5329 horruit
2882 5293 2894 5327 :
2923 5275 3122 5345 ecquid
3147 5277 3309 5332 nobis
3338 5276 3585 5330 futurum
3609 5287 3713 5336 est.

2137 5380 2262 5420 cum
2301 5364 2353 5419 in
2391 5380 2478 5420 res
2503 5368 2651 5434 ipsas
2705 5373 3091 5434 tormentaque
3140 5367 3478 5429 venerimus,
3533 5376 3717 5420 astan-

2138 5464 2219 5510 tes
2250 5456 2404 5520 nudi,
2428 5471 2490 5510 ac
2523 5466 2871 5527 peccatorum
2900 5454 3018 5511 solo
3049 5471 3219 5512 onere
3244 5455 3498 5527 gravati?

450 5547 652 5616 μένειν,
688 5549 814 5600 ὅταν
869 5550 948 5610 εἰς
991 5546 1130 5601 αὐτὰ
1172 5546 1238 5599 τὰ
1274 5548 1577 5617 πράγματα
1626 5544 1892 5614 ἔλθωμεν,
1945 5545 2039 5599 καὶ
2092 5546 2335 5616 βάσανα’
2380 5549 2776 5619 παριστάμενοι
2827 5548 3042 5620 γυμνοὶ,
3097 5548 3191 5601 καὶ
3237 5546 3299 5601 τὸ
3358 5543 3579 5618 φορτίον
3608 5546 3743 5600 τῶν.

448 5642 563 5712 ἅμα
572 5660 669 5713 ρτη
679 5642 862 5711 μάτων
895 5641 1055 5710 μ’όνον
1089 5657 1153 5692 πε
1164 5656 1225 5709 φο
1236 5639 1529 5710 ρτωμένοι;

522 5757 568 5787 ⁸³
597 5759 706 5811 Dan
771 5775 860 5823 vn,
894 5758 925 5813 9
950 5774 1042 5827 seq
1068 5776 1101 5827 ι.
