4078 6428
402 350 542 415 3255

1653 357 1963 421 INCERTI
1999 358 2382 421 AUCTORIS

3522 362 3664 427 325B

465 458 624 513 Tunc
651 458 1098 528 blasphemorum
1132 459 1240 528 igni
1276 461 1549 517 torrenda:
1579 462 1779 533 lingua:
1806 482 1817 515 :
1849 475 1976 518 tunc

2154 466 2287 518 Τότε
2318 465 2426 518 τῶν
2484 464 2821 536 βλασφημῶν
2873 468 2927 519 αἱ
2981 466 3226 535 γλῶσσαι
3279 470 3654 539 φλογίζονται·

392 552 792 607 fornicatorum
833 552 1115 607 exurenda
1168 569 1434 623 corpora;
1488 564 1619 610 tunc
1657 557 1977 611 convician-

395 645 538 699 tium
585 644 928 699 conterenda
976 661 1095 711 ora,
1146 662 1249 701 nec
1300 649 1411 701 erit
1475 649 1568 718 qui
1621 650 1974 708 misereatur.

395 733 554 788 Tunc
598 734 1066 789 immiscricordes
1118 735 1635 791 immiscricorditer
1685 739 1973 807 puniendi.

391 824 550 880 Tunc
591 825 873 895 superfluo
920 827 1073 882 cultu
1109 828 1466 898 gloriantium
1518 831 1706 885 vultus
1749 832 1977 899 fuligine

392 914 701 971 inficiendi.
736 916 892 972 Tunc
922 917 1201 989 impudice
1233 922 1597 977 annuentium
1637 924 1783 978 oculi
1818 925 1977 979 obte-

391 1007 681 1069 nehrandi.
712 1008 847 1074 Quis
883 1010 1253 1066 misereatur?
1277 1013 1412 1079 Quis
1440 1014 1672 1070 salutem
1716 1019 1979 1085 prrestet?

393 1098 498 1154 Ubi
540 1109 670 1156 tunc
691 1114 948 1169 parentes
969 1103 992 1156 ?
1024 1103 1122 1157 ubi
1152 1105 1501 1161 fratres?ubi
1524 1108 1718 1176 pater?
1739 1108 1832 1162 ubi
1865 1125 1978 1164 ma-

392 1191 511 1245 tcr?
525 1192 617 1248 ubi
636 1192 886 1249 amicus?
903 1194 995 1248 ubi
1014 1210 1206 1265 regum
1225 1198 1628 1268 magniﬁcentia
1645 1200 1669 1253 ?
1685 1200 1827 1267 Quid
1845 1218 1976 1258 vero

391 1282 519 1337 dico
549 1294 706 1355 pater
727 1300 793 1341 ac
823 1296 1003 1341 mater
1023 1287 1046 1340 ?
1063 1288 1176 1343 Nec
1201 1289 1380 1359 angeli
1409 1290 1536 1360 ipsi,
1562 1307 1666 1346 nee
1688 1302 1973 1365 martyres,

386 1390 497 1431 nec
516 1378 775 1446 apostoli,
812 1386 945 1433 tunc
962 1379 1314 1436 obsecrantes
1341 1383 1729 1439 exaudientur.

461 1468 660 1533 Nemo,
717 1469 947 1535 fratres,
1003 1472 1246 1541 seipsum
1302 1484 1487 1531 mente
1550 1475 1812 1545 decipiat.
1873 1478 1975 1534 Ubi

390 1560 543 1614 enim
580 1560 728 1616 Deus
761 1562 1029 1619 adversus
1066 1565 1346 1620 hominem
1381 1568 1673 1633 clauserit,
1704 1571 1830 1637 quis
1863 1570 1974 1638 jam

392 1650 650 1719 aperiat?
686 1652 791 1707 Ubi
834 1660 966 1709 tunc
1010 1656 1348 1725 optimates?
1386 1656 1614 1713 Confdsi
1665 1669 1813 1725 sunt.
1868 1661 1972 1717 Ubi

389 1743 653 1815 iudices?
697 1746 919 1803 Iudicio
961 1747 1203 1804 damnati
1256 1759 1408 1803 sunt.
1476 1751 1582 1806 Ubi
1649 1761 1780 1806 tunc
1828 1755 1971 1808 servi

392 1836 533 1890 dure
557 1838 880 1907 vapulantes
898 1839 922 1894 ?
943 1839 1049 1895 Ubi
1078 1840 1291 1896 ancillae
1321 1841 1415 1897 hic
1443 1857 1475 1896 a
1499 1843 1663 1899 nobis
1685 1844 1975 1900 laboribus

394 1930 715 1997 oppressae?
742 1929 899 1984 Tunc
930 1930 969 1986 ii
999 1931 1055 1986 in
1084 1931 1249 1989 bonis
1299 1942 1500 1999 erunt;
1548 1935 1745 1989 horum
1794 1945 1977 1990 autem

395 2016 604 2070 domini
630 2017 685 2071 in
717 2016 1132 2075 cruciamentis.
1165 2021 1268 2077 Ubi
1295 2022 1611 2092 superfluus
1646 2022 1828 2076 cultus
1848 2038 1977 2077 cor-

392 2109 591 2180 poris?
626 2110 725 2167 Ubi
755 2119 939 2167 vestes
970 2113 1265 2181 exquisitis
1299 2115 1582 2170 coloribus
1612 2117 1840 2171 tinctas?
1874 2115 1976 2171 Ubi

394 2203 514 2256 auri
531 2203 821 2271 probatio?
845 2203 947 2259 Ubi
965 2206 1177 2275 argenti
1195 2207 1401 2261 sonus?
1420 2207 1522 2263 Ubi
1551 2209 1816 2263 unionum
1840 2210 1982 2264 testi-

395 2296 609 2350 matio?
634 2296 727 2350 ubi
751 2306 984 2353 ornatus
1002 2299 1312 2353 manuum?
1346 2300 1448 2355 Ubi
1471 2299 1683 2355 delicia:
1703 2301 1726 2354 ?
1750 2300 1856 2356 Ubi
1889 2301 1977 2356 di-

397 2401 559 2439 versa
580 2386 749 2441 vina?
774 2386 875 2442 Ubi
908 2388 1085 2457 equi?
1121 2388 1224 2444 Ubi
1248 2388 1405 2444 frena
1450 2392 1658 2445 aurea?
1692 2391 1796 2447 Ubi
1834 2408 1865 2447 a
1900 2394 1977 2447 la-

399 2486 516 2530 tere
547 2480 881 2534 currentes?
926 2480 1029 2536 Ubi
1085 2483 1302 2535 turbam
1352 2483 1745 2539 submoventes
1791 2485 1981 2539 servi?

396 2568 500 2624 Ubi
536 2571 790 2639 superbae
827 2571 1013 2626 aedes?
1053 2573 1154 2628 Ubi
1215 2573 1267 2626 in
1317 2572 1654 2629 formidabili
1695 2575 1784 2629 illa
1842 2576 1980 2630 hora

399 2661 492 2730 qui
557 2661 948 2715 resurrectioni
1002 2676 1067 2716 ac
1123 2662 1395 2731 supplicio
1450 2663 1753 2718 detrahunt
1782 2665 1977 2727 fidem,

396 2750 658 2819 velutque
712 2751 1054 2806 immortales
1098 2753 1178 2807 sic
1209 2768 1269 2808 se
1304 2754 1554 2808 habent?
1599 2756 1701 2811 Ubi
1735 2756 1827 2824 qni
1861 2757 1981 2811 the-

396 2856 592 2897 sauros
625 2851 912 2912 aggerum,
946 2857 1050 2897 nec
1065 2841 1298 2897 fratrum
1339 2844 1695 2898 miseratione
1744 2854 1977 2913 tangun-

397 2930 531 2985 tur?
563 2927 669 2986 Ubi
700 2940 883 2985 vestes
914 2931 1152 2986 serieae?
1188 2930 1294 2987 Ubi
1322 2930 1564 3001 byssus?
1603 2932 1706 2988 Ubi
1736 2933 1977 3001 pretiosa

398 3022 809 3077 calceamenta?
837 3021 939 3077 Ubi
971 3024 1295 3093 unguenta?
1326 3023 1428 3079 Ubi
1473 3039 1630 3078 vanae
1655 3023 1979 3079 infumatio-

398 3128 500 3169 nes
519 3153 534 3178 ,
570 3128 804 3183 quarum
831 3122 1053 3184 sumptu
1082 3114 1383 3184 juvenibus
1405 3114 1573 3169 decor
1601 3114 1930 3169 conciliatur
1954 3114 1978 3167 ?

2078 556 2202 608 τότε
2224 555 2294 607 τὰ
2319 555 2431 609 τῶν
2462 558 2674 624 πέρνων
2720 554 2946 626 σώματα
2979 559 3532 614 κατακαίονται.Τότε
3554 563 3662 616 τῶν

2062 646 2336 719 ίλοιδὸρων
2356 648 2427 699 τὰ
2455 650 2699 717 στόματα
2756 650 3153 718 συντρίϐονται,
3211 649 3305 702 καὶ
3320 650 3419 703 οὐκ
3448 652 3600 707 ἔσται
3633 656 3662 706 6

2080 738 2407 794 ἐλεῶν.Τότε
2434 740 2483 791 οἱ
2508 740 2844 809 ἄσπλαγχνοι
2877 739 3121 810 ἀνηλεῶς
3149 740 3495 804 κολάζονται.
3527 744 3661 797 Τότε

2079 828 2572 898 καλλωπιζομένων
2601 828 2670 882 τὰ
2700 831 2970 899 πρόσωπα
2999 830 3376 885 ἀσϐολοῦνται.
3399 831 3533 885 Τότε
3553 834 3662 888 τῶν

2079 921 2435 974 διανευόντων
2466 922 2515 974 oi
2557 920 2830 991 ὀφθαλμοὶ
2874 923 3234 986 σκοτίζονται.
3269 923 3365 986 Τίς
3394 926 3423 977 6
3449 925 3615 977 ἐλεῶν
3642 943 3657 991 ;

2076 1014 2162 1076 τίς
2185 1016 2212 1065 6
2238 1011 2428 1076 σώζων
2448 1030 2463 1078 ;
2486 1012 2597 1066 Ποῦ
2630 1013 2750 1065 τότε
2777 1015 2992 1080 γονεῑςς
3024 1012 3128 1066 ποῦ
3151 1013 3408 1084 ἀδελφοίς
3434 1015 3537 1068 ποῦ
3564 1034 3663 1070 πα·

2076 1107 2219 1174 τὴρς
2257 1103 2361 1158 ποῦ
2420 1108 2604 1175 μήτηρ
2628 1116 2645 1167 ;
2671 1103 2775 1157 ποῦ
2831 1104 2985 1168 φίλος
3013 1118 3028 1170 ;
3058 1104 3159 1157 ποῦ
3189 1109 3221 1174 ἡ
3257 1106 3367 1158 τῶν
3397 1106 3663 1174 βασιλέων

2081 1195 2380 1263 φαντασίας
2408 1197 2519 1250 Καὶ
2534 1196 2587 1248 τί
2609 1195 2754 1265 λέγω
2779 1194 2964 1266 πατὴρ
2983 1196 3078 1249 καὶ
3108 1197 3325 1269 pqr-np;
3351 1199 3483 1251 Οὐδὲ
3510 1200 3663 1252 αὐτοὶ

2078 1290 2126 1341 οἱ
2160 1288 2402 1356 ἄγγελοι,
2433 1287 2555 1342 οὐδὲ
2586 1289 2636 1342 οἱ
2693 1288 2994 1359 μάρτυρες,
3028 1288 3151 1342 οὐδὲ
3206 1289 3516 1359 ἀπόστολοι,
3539 1291 3660 1344 τότε

2079 1380 2524 1450 παρακαλοῦντες
2556 1381 2951 1435 εἰσακούονται.

2146 1473 2368 1542 Μηδεὶς,
2402 1473 2640 1541 ἀδελφοὶ,
2670 1475 2857 1527 ἑαυτὸν
2884 1476 3303 1545 φρεναπατὰτω.
3339 1478 3513 1530 Ὅπου
3552 1474 3661 1544 γὰρ

2077 1565 2209 1628 Θεὸς
2240 1565 2428 1634 κλείσῃ
2488 1566 2629 1617 κατὰ
2671 1565 2986 1634 ἀνορώπου,
3041 1566 3229 1623 λοιπὸν
3276 1564 3369 1633 ’τίς
3421 1568 3656 1633 ἀνοίξεις

2079 1657 2187 1708 Ποῦ
2228 1658 2347 1708 τότε
2398 1655 2685 1726 ἄρχοντες;
2724 1656 3122 1729 ᾘσχύνοησαν.
3218 1659 3329 1713 Ποῦ
3375 1659 3658 1724 δικασταῖς

2080 1748 2712 1819 Κατεδικὰσθησανηηοῦ
2736 1748 2858 1803 τότε
2886 1751 2936 1802 οἱ
2990 1750 3167 1804 δοῦλοι
3192 1752 3243 1805 οί
3274 1752 3661 1822 μαστιζόμενοι

2011 1830 2051 1883 Β
2080 1842 2344 1911 ἀφειδῶςς
2373 1839 2483 1893 Ποῦ
2505 1841 2562 1893 αἱ
2588 1839 2845 1904 δουλίδες,
2872 1843 2927 1894 αἱ
2962 1838 3435 1912 καταπονούμεναι
3465 1835 3566 1895 ὧδε
3599 1842 3661 1906 ἐξ

2083 1931 2241 2000 ἡμῶν
2268 1931 2450 1993 ;·Τὸτε
2482 1931 2637 1984 αὐτοὶ
2658 1933 2716 1984 ὲν
2742 1929 2984 1998 ἀγαθοῖς,
3016 1932 3067 1984 οἱ
3086 1931 3140 1984 δὲ
3172 1931 3376 1986 τούτων
3402 1930 3660 1985 δεσπόται

2081 2025 2138 2075 ὲν
2170 2023 2315 2075 Ολιὸε
2329 2024 2438 2092 ροίς
2460 2065 2472 2077 .
2508 2022 2618 2076 Ποῦ
2639 2021 2668 2072 6
2698 2020 3084 2091 καλλωπισμὸς
3110 2021 3203 2075 τοῦ
3236 2022 3519 2092 σώματος;
3549 2020 3661 2075 Ποῦ

2081 2117 2135 2167 αἱ
2157 2116 2315 2185 χροαὶ
2344 2114 2452 2166 τῶν
2478 2115 2739 2182 ῑματίων;
2769 2112 2875 2166 Ποῦ
2903 2116 2935 2181 ἡ
2965 2114 3059 2166 τοῦ
3084 2114 3305 2185 χρυσίου
3329 2114 3660 2184 δοκιμασία;

2081 2207 2192 2259 Ποῦ
2226 2209 2253 2258 6
2285 2205 2490 2268 κτύπος
2511 2203 2606 2261 τοῦ
2639 2204 2880 2275 ἀργύρου
2900 2204 3034 2265 ;Ποῦ
3058 2209 3114 2258 ai.
3146 2205 3274 2267 ¹τῶν
3306 2204 3664 2277 μαργαριτῶν

2079 2297 2237 2363 τιμαί
2262 2314 2276 2363 ;
2304 2296 2415 2349 Ποῦ
2450 2299 2482 2366 ἡ
2512 2296 2780 2366 κόσμησις
2804 2295 2914 2348 τῶν
2942 2296 3142 2367 χειρῶν
3170 2317 3185 2364 ;
3213 2294 3323 2349 Ποῦ
3354 2297 3413 2377 ήι
3437 2296 3616 2366 τρυφή
3644 2313 3661 2361 ;

2081 2387 2194 2441 Ποῦ
2215 2389 2243 2440 6
2268 2384 2410 2450 οἶνος
2438 2389 2466 2441 6
2499 2386 2785 2456 διάφορος;
2820 2386 2929 2442 Ποῦ
2958 2389 3008 2439 οἱ
3030 2387 3222 2453 litaret;
3256 2385 3364 2439 Ποῦ
3386 2386 3457 2443 0L
3472 2388 3667 2457 χρυσοῖ

2081 2477 2287 2549 χαλινοί
2307 2497 2322 2545 ;
2347 2477 2455 2531 Ποῦ
2475 2478 2524 2530 οἱ
2552 2478 2991 2549 παρατρέχοντες
3013 2495 3027 2543 ;
3049 2477 3158 2530 Ποῦ
3180 2479 3228 2530 oi
3253 2494 3327 2530 πα
3337 2476 3664 2548 ρασύροντες

2079 2571 2257 2624 δοῦλοι
2285 2587 2300 2635 ;
2333 2569 2440 2624 Ποῦ
2470 2570 2528 2621 αἱ
2565 2569 2734 2623 οἰκίαι
2765 2570 3281 2639 κεκαλλωπισμέναι
3312 2587 3327 2634 ;
3364 2568 3472 2621 Ποῦ
3507 2569 3563 2621 ἐν
3590 2571 3663 2639 τῇ

2084 2663 2292 2733 φοϐερᾷ
2321 2657 2442 2732 ὥρᾳ
2469 2660 2653 2731 ἐκείνῃ
2700 2661 2748 2713 οἱ
2776 2665 2842 2731 τῇ
2870 2663 3165 2714 ἀναστάσει
3225 2663 3317 2714 καὶ
3347 2664 3413 2731 τῇ
3440 2660 3667 2715 κολάσει

2087 2757 2159 2825 μὴ
2211 2754 2580 2818 πιστεύοντες,
2628 2756 2724 2807 καὶ⁹
2763 2755 2839 2816 ὡς
2869 2753 3127 2806 ἀθάνατοι
3152 2752 3665 2823 διακείμενοιςΠοῦ

2081 2849 2130 2899 οἱ
2159 2845 2602 2916 Οησαυρίζοντες,
2635 2845 2729 2897 καὶ
2766 2844 2891 2907 τοὺς
2937 2844 3201 2914 ἀδελφοὺς
3235 2844 3311 2914 μὴ
3341 2843 3661 2910 ἐλεοῦντεςς

2083 2936 2191 2990 Ποῦ
2225 2937 2295 2989 τὰ
2327 2935 2531 3006 σηρικὰ
2560 2953 2574 3001 ;
2614 2934 2723 2987 Ποῦ
2754 2934 2823 2988 τὰ
2841 2935 3117 3005 βύσσινα;
3150 2936 3260 2988 Ποῦ
3292 2937 3361 2988 τὰ
3386 2926 3667 3004 πολύτιμα

2082 3029 2447 3099 ύποδήματα;
2478 3027 2589 3081 Ποῦ
2619 3029 2688 3081 τὰ
2726 3028 2907 3097 μύρα;
2941 3027 3051 3080 Ποῦ
3077 3028 3145 3080 τὰ
3186 3027 3540 3096 καπνίσματα
3593 3027 3666 3079 τὰ

2085 3121 2312 3185 μάταια,
2346 3123 2412 3172 τὰ
2437 3119 2516 3182 είς
2542 3118 2602 3170 τὸ
2614 3118 2808 3181 κάλλος
2824 3118 2924 3188 τῆς
2949 3118 3200 3188 νεότητος
3216 3118 3619 3188 ἀναλισκόμενα
3648 3128 3664 3176 ;

398 3204 455 3260 id
481 3219 614 3260 vero
636 3219 760 3260 cum
787 3205 1058 3275 quosdam
1084 3204 1366 3260 videamus
1395 3204 1574 3260 frusto
1602 3205 1761 3275 panis
1787 3220 1971 3275 egere,

2079 3210 2364 3263 καὶταῦτα
2390 3210 2628 3279 ὁρῶντές
2650 3228 2801 3273 τινας
2822 3212 3134 3279 κλάσματος
3161 3212 3325 3281 ἄρτου
3352 3211 3666 3281 δεομένους,

396 3296 625 3367 vinique
666 3298 849 3367 ipsum
882 3297 1110 3353 odorem
1137 3298 1481 3360 desiderare,
1521 3313 1626 3352 nec
1664 3297 1773 3353 illis
1804 3299 1975 3353 mise-

397 3405 641 3450 reamur,

466 3492 611 3561 Quid
641 3493 1072 3564 tuncjuvabunt
1124 3493 1418 3552 ambitioso
1452 3512 1603 3552 nunc
1625 3500 1824 3551 ornatu
1845 3493 1975 3551 lecti

397 3583 712 3655 splendidi?
737 3585 843 3641 Ubi
882 3594 1016 3641 tunc
1045 3587 1139 3655 qui
1184 3588 1524 3658 pauperibus
1573 3587 1972 3658 improperant,

394 3689 602 3745 eosque
625 3677 995 3732 aversantur?
1020 3676 1141 3743 Quo
1177 3685 1310 3733 tunc
1332 3679 1685 3739 amandandi,
1714 3680 1808 3749 qui
1847 3693 1977 3733 con-

394 3764 621 3820 stitutos
642 3764 699 3819 in
724 3767 1153 3823 necessitatibus
1173 3767 1525 3838 despiciunt?
1555 3769 1649 3823 ubi
1697 3769 1977 3839 sapientes

397 3869 463 3909 ac
488 3856 778 3913 oratores?
816 3856 910 3912 ubi
946 3857 1003 3912 in
1036 3859 1309 3930 tympanis
1363 3867 1421 3914 et
1456 3859 1646 3915 choris
1676 3860 1866 3915 vinum
1893 3858 1976 3912 bi-

394 3945 636 4001 bentes?
686 3947 804 4011 ubi,
836 3963 1044 4017 quaso,
1077 3959 1229 4014 tunc,
1264 3966 1329 4005 ac
1360 3950 1641 4020 quomodo
1685 3951 1863 4005 acturi
1894 3950 1978 4004 lu-

395 4044 570 4102 ctum,
595 4038 692 4108 qui
741 4040 1003 4096 continue
1037 4041 1175 4097 risui
1221 4041 1552 4113 indulgent?
1585 4041 1678 4096 uhi
1714 4042 1810 4112 qui
1846 4041 1979 4096 reli-

395 4129 580 4199 giosus
600 4131 859 4186 homines
877 4133 1361 4190 subsannant?ubi
1377 4135 1473 4202 qui
1499 4134 1648 4188 nulla
1678 4143 1980 4205 tanguntur

394 4235 529 4275 cura
583 4221 888 4292 dicuntque
928 4242 941 4277 :
976 4224 1215 4279 Edamus
1275 4234 1323 4278 et
1358 4226 1625 4289 bibamus;
1671 4227 1790 4279 cr'as
1840 4227 1979 4278 enim

396 4313 687 4366 moriemur
708 4313 795 4366 “?
821 4313 927 4371 Ubi
962 4315 1058 4369 Dei
1089 4315 1307 4370 timoris
1335 4323 1766 4384 contemptores,
1805 4315 1977 4368 nihil-

395 4419 505 4473 que
533 4417 689 4459 suam
720 4420 824 4475 pro
849 4405 945 4459 illo
980 4406 1242 4461 tribunali
1286 4406 1664 4461 defensionem
1697 4415 1978 4469 curantes,

2070 3303 2167 3353 καὶ
2205 3301 2528 3372 ὀσφρήσεως
2567 3303 2709 3356 οἴνου
2770 3301 3195 3370 ἐπιθυμοῦντας,
3250 3303 3343 3357 καὶ
3387 3302 3461 3374 μὴ
3503 3302 3665 3373 ὲλεή-

2080 3406 2292 3458 σαντες.

2149 3485 2215 3538 Τί
2255 3501 2312 3538 σε
2349 3485 2471 3537 τότε
2494 3486 2871 3557 ὠφελήσουσιν
2907 3489 2961 3539 αἱ
3011 3487 3106 3540 νῦν
3134 3488 3508 3556 κοσμούμεναι
3539 3486 3664 3538 κλί-

2076 3597 2198 3647 ναι;
2232 3577 2340 3633 Ποῦ
2369 3578 2489 3631 τότε
2510 3579 2559 3631 οἱ
2583 3579 2709 3640 τοὺς
2744 3581 2993 3648 πτωχοὺς
3033 3578 3379 3643 ὀνειδίζοντες
3404 3579 3496 3630 καὶ
3526 3583 3668 3632 ἀποειι

2082 3670 2606 3745 στρεφόμενοιςΠοῦ
2644 3672 2764 3725 τότε
2826 3672 3078 3743 μέλλουσι
3114 3671 3582 3741 παραπέμπεσθαι
3610 3673 3665 3727 οε

2078 3761 2519 3835 παραϐλέποντες
2548 3763 2676 3822 τοὺς
2726 3764 2783 3814 ὲν
2823 3745 3126 3831 ἀνάγκαις
3177 3763 3285 3816 Ποῦ
3311 3765 3358 3815 οἱ
3392 3763 3547 3831 σοφοὶ
3568 3762 3669 3814 καὶ

2081 3859 2342 3927 ῥήτορες
2364 3855 2474 3909 Ποῦ
2496 3856 2545 3908 οἱ
2583 3856 2720 3924 μετὰ
2751 3857 3052 3925 τυμπάνων
3085 3856 3181 3908 καὶ
3209 3855 3386 3927 χορῶν
3414 3855 3504 3907 τὸν
3517 3849 3669 3906 οἶνον
3730 3860 3739 3867 ’

2079 3948 2363 4012 πίνοντες;
2405 3947 2515 4000 Ποῦ
2555 3946 2663 4017 ἄρα
2693 3949 2836 4008 τότε,
2888 3945 2920 4017 ἢ
2974 3946 3089 4009 πῶς
3125 3946 3379 4016 μέλλουσι
3419 3945 3662 4015 Θρηνεῖν,

2077 4045 2127 4096 oi
2157 4042 2419 4114 διηνεκῶς
2454 4041 2749 4110 γελῶντε;;
2772 4039 2883 4094 Ποῦ
2917 4042 2966 4094 οἱ
2994 4043 3119 4104 τοὺς
3153 4041 3404 4105 εὐλαϐεῖς
3453 4057 3667 4110 μυκτη-

2081 4136 2323 4205 ριζοντες
2365 4133 2514 4200 ςΠοῦ
2551 4135 2601 4185 οί
2634 4131 3070 4203 ἀμεριμνῶντες,
3112 4132 3207 4185 καὶ
3244 4132 3515 4200 λέγοντες·
3549 4129 3670 4183 Φὰο

2078 4242 2273 4294 γωμεν
2318 4229 2415 4277 καὶ
2462 4224 2706 4293 πίωμεν·
2759 4222 2973 4292 αὔριον
3008 4224 3116 4293 γὰρ
3155 4221 3664 4291 ἀποθνήσκομεν;

2081 4318 2191 4373 Ποῦ
2231 4318 2281 4369 οἱ
2314 4317 2406 4370 τοῦ
2435 4317 2602 4385 φόϐου
2637 4315 2732 4368 τοῦ
2765 4314 2901 4368 Θεοῦ
2923 4314 3414 4385 καταφρονοῦντες,
3444 4315 3666 4383 καὶτῆς

2083 4409 2289 4463 ἑαυτῶν
2327 4407 2626 4476 ἀπολογίας
2651 4406 2910 4479 φροντίδα
2945 4407 3021 4478 μὴ
3051 4406 3385 4474 ποιούμενοι,
3417 4405 3553 4458 ἀλλὰ
3583 4405 3667 4457 λέ·

392 4494 489 4548 sed
532 4494 780 4551 dicentes
814 4514 827 4550 :
861 4496 1341 4553 Clementissimus
1379 4498 1524 4552 Deus
1554 4506 1658 4560 est,
1704 4512 1769 4550 ac
1808 4495 1976 4567 gratis

2083 4520 2273 4572 γοντες
2295 4519 2309 4532 ·
2333 4501 2720 4573 Φιλάνορωπός
2767 4502 2915 4555 ἐστιν
2951 4503 2979 4553 6
3002 4502 3158 4565 Θεὸς,
3180 4500 3275 4553 καὶ
3330 4499 3499 4569 δῶρον
3522 4499 3667 4553 ἐλεεῖ

393 4585 558 4641 nobis
583 4587 819 4641 salutem
843 4582 1160 4643 concedet?

463 4677 606 4743 Heu,
638 4678 857 4740 fratres,
881 4681 1159 4750 quomodo
1186 4692 1315 4734 tunc
1348 4676 1733 4749 depldrabunt,
1763 4683 1889 4751 quia
1911 4699 1974 4737 ea

394 4785 519 4839 qua:
546 4769 694 4825 dicta
726 4781 879 4834 sunt,
911 4781 1027 4827 tum
1051 4773 1393 4841 loquuntur,
1435 4780 1549 4824 tum
1577 4774 1784 4842 agunt?
1824 4774 1972 4840 Quo-

394 4861 559 4918 modo
590 4875 723 4918 tunc
749 4864 1032 4934 plangent,
1070 4880 1174 4919 nec
1211 4865 1320 4918 erit
1348 4864 1441 4933 qui
1477 4879 1669 4919 eorum
1715 4866 1978 4922 misereao

395 4954 529 5007 tur?
573 4953 789 5021 Quanta
838 4955 1061 5010 trahent
1107 4955 1345 5025 suspiria
1373 4996 1387 5018 ,
1444 4972 1549 5011 nec
1615 4958 1836 5012 ullusin
1881 4974 1978 5013 eos

396 5046 754 5101 miseratione
781 5056 1059 5116 tangetur,
1099 5057 1195 5101 aut
1234 5048 1393 5102 malis
1414 5050 1658 5119 eripiet?
1688 5050 1978 5116 Quomodo

393 5151 451 5190 se
484 5147 615 5191 tunc
655 5139 1011 5208 deplangent,
1045 5139 1295 5195 dicentes
1325 5160 1337 5195 :
1365 5141 1457 5196 Vae
1480 5182 1494 5203 .
1530 5158 1633 5205 we,
1689 5142 1792 5213 ipsi
1816 5142 1978 5197 nobis

341 5268 345 5273 .
395 5228 718 5284 illusimus?
756 5229 896 5283 Vere
928 5228 1028 5298 ipsi
1073 5246 1177 5284 nos
1197 5231 1539 5303 decepimus.
1566 5233 1735 5289 Plane
1763 5235 1977 5291 erravi~

399 5334 518 5373 unus
572 5334 766 5374 errore
834 5321 1161 5390 gravissimo
1212 5339 1277 5378 ac
1322 5334 1548 5379 αξιοι-ΠΟ.
1606 5326 1974 5392 Doeebamur,

393 5428 497 5466 nec
562 5412 810 5466 animum
864 5412 1305 5470 attendebamus.
1361 5416 1851 5482 Admonebamur,
1910 5433 1974 5471 ac

391 5506 812 5572 spcrnebamus.
844 5505 1308 5563 Contcstabantur
1340 5512 1521 5574 nobis,
1556 5526 1659 5565 nec
1682 5511 1842 5565 fidem
1873 5511 1971 5565 ha-

393 5598 678 5649 bebamus.
720 5596 1034 5664 Scripturas
1077 5600 1368 5656 audientes
1395 5644 1407 5666 ,
1470 5603 1610 5657 maie
1654 5604 1974 5672 exponeba-

394 5702 535 5740 mus.
569 5686 786 5741 iustum
814 5688 907 5743 Dei
932 5689 1225 5758 judicium.
1262 5693 1430 5763 Digne
1468 5710 1657 5748 revera
1690 5695 1973 5761 punimur.

466 5800 511 5835 ’⁸³
543 5801 561 5857 ι
588 5801 712 5856 Cor.
751 5818 836 5870 xv,
866 5803 954 5857 52.

2098 4598 2265 4662 isis;

2128 4600 2203 4648 ιιᾶ
2251 4614 2263 4624 ·

2083 4600 2339 4756 ἠιοίῗμῖοι,
2375 4684 2615 4753 ἀδελφοὶ,
2656 4683 2773 4747 πῶς
2801 4684 2925 4738 τότε
2954 4685 3241 4756 μέλλουσιν
3272 4683 3661 4755 ἀποδύρεσθαι,

2083 4781 2130 4831 οἱ
2158 4779 2225 4830 τὰ
2256 4774 2630 4846 προειρημένα
2660 4773 2948 4838 είπόντες,·
2980 4777 3076 4828 καὶ¹
3135 4777 3464 4846 ποιήσαντες
3492 4790 3507 4840 ;
3538 4773 3664 4836 Πῶς

2083 4870 2205 4924 τότε
2233 4869 2510 4937 κόψονται,
2544 4867 2637 4919 καὶ
2667 4866 2768 4918 οὐκ
2796 4866 2946 4920 ἔσται
2975 4870 3002 4920 6
3032 4867 3196 4923 ἐλεῶν
3225 4867 3456 4932 αὑτούς;
3515 4866 3664 4919 Πόσα

2089 4958 2455 5024 στενάξουσιν,
2491 4960 2583 5013 καὶ
2607 4959 2705 5010 οὒκ
2734 4958 2886 5011 ἐστιν
2921 4956 3251 5023 ὁοίκτείρων
3271 4959 3490 5023 αὐτοὺς,
3537 4956 3659 5010 οὐδὲ

2084 5056 2112 5105 6
2139 5051 2503 5121 λυτρούμενος
2528 5068 2542 5116 ;
2577 5049 2701 5112 Πῶς
2719 5051 2838 5102 τότε
2871 5049 3095 5112 ἑαυτοὺς
3117 5050 3554 5110 κατακόπτοντες
3577 5048 3659 5100 εἴ-

2087 5159 2282 5197 πωσιν·
2321 5143 2482 5207 Οὐαὶ,
2524 5142 2667 5204 οὐαὶ,
2705 5142 2930 5204 ἑαυτοὺς
2982 5141 3379 5211 ἐχλευάσαμεν;
3420 5138 3661 5207 Ἀληθῶς

2088 5235 2313 5298 ἑαυτοὺς
2353 5234 2727 5304 ἢπατήταμεν.
2762 5233 2970 5294 Ὄντως
3002 5231 3385 5302 ὲπλανήθημεν
3451 5226 3661 5295 πλάνην

2085 5326 2346 5398 χαλεπὴν,
2378 5328 2473 5378 καὶ
2503 5324 2738 5377 αἰώνιον.
2778 5323 3218 5394 Ἐδιδασκόμεθα,
3246 5321 3340 5376 καὶ
3376 5320 3439 5373 ού
3490 5332 3659 5386 προσ-

2082 5420 2320 5488 είχομεν.
2381 5415 2856 5486 Ἐνουθετούμεθα,
2921 5416 3014 5468 καὶ
3065 5412 3523 5484 κατεφρονοῦμεν.
3574 5411 3660 5459 Δια

2083 5509 2463 5579 εμαρτύροντο
2493 5510 2643 5578 ἡμῖν,
2702 5510 2795 5561 καὶ⁵
2823 5510 2922 5562 οὐκ
2950 5507 3328 5575 ἐπιστεύομεν.
3361 5503 3484 5557 Τῶν
3521 5500 3661 5572 Γρα-

2630 5600 2831 5661 ταύτας
2863 5597 3342 5669 παρεξηγούμεοα.
3376 5595 3570 5649 Δικαία
3621 5595 3654 5659 ἡ

2764 5696 2967 5757 Ὄντως
3038 5691 3203 5756 citi-fw;
3292 5684 3660 5760 κολαζί-ξλερα,

2088 5602 2201 5669 φῶν
2258 5600 2544 5663 ἀκούοντες
2567 5643 2579 5661 ,

2167 5694 2175 5704 1
2413 5694 2430 5702 δ
2510 5694 2540 5704 η
2614 5692 2634 5703 ~

2167 5694 2175 5704 .
2413 5694 2430 5702 -
2614 5694 2634 5703 -

2086 5712 2261 5761 κριῑίς
2346 5710 2434 5745 τιν.)
2505 5694 2659 5746 Θεοῦ.
