4078 6390
561 307 697 376 3959

1833 308 2013 368 ‘INCE
2023 307 2151 368 RTl
2190 307 2571 370 AUCTORIS

3691 306 3833 377 3260

553 430 680 471 cum
730 422 957 485 peccato
997 413 1055 469 in
1099 421 1377 470 vetustum
1425 413 1747 470 abierimus.
1793 415 2153 470 lmmutemus

2261 417 2533 487 νισθῶμεν
2564 417 2664 470 πά)
2679 434 2726 469 ιν
2750 415 2835 469 διὰ
2869 416 3184 485 μετανοίας,
3211 414 3397 487 ἐπειδὴ
3418 413 3834 488 ἐπαλαιιίώημεν

553 510 744 570 vitam,
772 507 1021 561 utDeum
1051 505 1374 575 placabilem
1400 505 1715 563 reddamus.
1752 507 2006 575 Quonam
2044 525 2142 564 au-

557 609 665 654 tem
697 599 1039 654 modoistud
1086 598 1199 664 ﬁet,
1231 600 1485 655 dicturus
1518 601 1725 657 accedo
1765 619 1779 655 :

628 693 918 747 Scrutetur
937 692 1317 761 unusquisque
1341 693 1758 757 conscientiam;
1788 708 1930 749 onus
1959 710 2142 758 sumn,

558 797 623 836 ae
668 783 810 837 mala
856 784 1097 853 plangat.
1136 782 1241 849 Qui
1291 782 1612 849 iurabatur,
1649 784 1999 855 ingruentem
2047 785 2145 839 Dei

558 873 718 937 iram,
750 890 814 928 ac
843 876 1091 929 futurum
1120 876 1457 945 supplicium
1482 876 1753 947 cogitans,
1802 876 2146 931 iurari'desi-

558 972 672 1014 nat.
715 962 1040 1018 Fornieator
1103 966 1491 1034 paenitentiam
1540 974 1686 1034 agat,
1753 981 1818 1020 ac
1871 981 1995 1019 cum
2039 967 2150 1019 Deo

559 1052 871 1120 paciscatur
902 1054 1020 1109 fore
1055 1064 1168 1110 uta
1211 1055 1407 1110 fanore
1446 1055 1724 1127 ejusmodi
1754 1072 1814 1111 se
1854 1056 2150 1110 abstineat.

559 1145 883 1215 Quanquam
939 1165 1072 1204 vero
1118 1151 1318 1205 iterum
1367 1153 1566 1217 cadat,
1619 1158 1872 1223 resurgat
1923 1150 2146 1210 iterum,

560 1250 915 1307 pugnamque
965 1240 1240 1296 instauret
1284 1242 1551 1298 adversus
1587 1242 1894 1306 diabolum,
1938 1256 2041 1294 nec
2084 1238 2152 1293 ad

564 1338 799 1383 mortem
849 1347 1026 1401 usque
1075 1334 1154 1387 illi
1196 1334 1379 1390 cedat.
1431 1336 1698 1401 Mendax,
1752 1352 1863 1389 non
1920 1334 2157 1404 amplius

562 1419 805 1488 priorem
842 1437 1049 1477 morem
1074 1426 1328 1491 retineat,
1355 1427 1601 1496 cogitans
1621 1426 1769 1496 quod
1802 1426 2010 1479 dictum
2038 1434 2155 1480 est:

561 1513 761 1568 Perdes
798 1532 978 1570 omnes
1017 1519 1107 1588 qui
1160 1518 1449 1589 loquuntur
1497 1519 1834 1572 mendacium
1863 1518 1932 1572 ".
1968 1517 2159 1571 Homi-

2243 508 2310 561 δι’
2330 510 2625 580 ἁμαρτίας.
2661 506 3078 579 Ἐναλλάξωμεν
3135 510 3226 562 τὸν
3257 508 3393 580 βίον,
3426 507 3516 562 ἵνα
3570 508 3835 563 καταλλά-

2246 600 2426 667 ξωμεν
2448 601 2511 653 τὸ
2536 600 2697 655 θεῖον.
2730 600 2852 664 Πῶς
2873 600 2931 653 δὲ
2963 600 3122 654 τοῦτο
3147 600 3233 653 ἵνα
3258 600 3482 672 γένηται
3499 640 3515 665 ,
3542 599 3651 669 ἐγὼ
3670 598 3835 669 λέγων

2331 691 2710 763 Ἐρευνησάτω
2734 691 2963 755 ἕκαστος
2992 692 3052 745 τὸ
3086 692 3281 745 ἑαυτοῦ
3321 690 3558 755 συνειδὸς
3576 708 3592 723 ο
3627 690 3687 743 τὸ
3705 692 3837 743 ἐαυ-

2248 784 2342 838 τοῦ
2392 785 2631 854 φορτίον,
2666 785 2759 838 καὶ
2808 784 2879 837 τά
2907 783 3101 841 ἑαυτοῦ
3144 784 3289 837 κακά
3320 783 3586 836 κοπτέτω.
3632 783 3689 836 Ὀ
3711 782 3838 836 γ.λέ-

2253 894 2395 945 πτης
2451 875 2645 929 ἐννοῶν
2667 875 2764 945 τὴν
2797 876 3157 945 ἐπικειμένην
3176 874 3550 944 ἀπειλὴν,.καὶ
3574 873 3670 944 τὴν
3706 872 3837 941 μέλ-

2253 968 2452 1022 λουσαν
2482 968 2725 1031 κόλασιν,
2768 968 3068 1021 παυσάσθω
3118 968 3213 1020 τοῦ
3245 966 3534 1020 κλέπτειν·
3574 968 3602 1017 ὀ
3645 966 3839 1035 πόρνος

2255 1061 2608 1123 κατανοείτω,
2646 1060 2742 1113 καὶ
2776 1060 3028 1130 στησάτω
3068 1059 3204 1131 πρὸς
3256 1058 3388 1111 Θεὸν
3435 1056 3730 1127 συνθήκας,
3756 1056 3838 1108 ὅτι

2255 1152 2353 1221 τῆς
2390 1150 2646 1221 τοιαύτης
2667 1151 2933 1215 δυσωδίας
2968 1151 3220 1205 παύεται.
3247 1151 3364 1204 Κᾶν
3398 1150 3455 1204 δὲ
3482 1149 3641 1202 πάλιν
3669 1149 3833 1220 πέσῃ,

2258 1240 2421 1294 πάλιν
2453 1242 2763 1312 ἀναστήτω,
2806 1240 2902 1294 καὶ
2947 1239 3028 1311 τῷ
3078 1240 3313 1311 διαϐόλῳ
3349 1239 3657 1308 πολεμείτω
3682 1256 3695 1268 ’
3745 1239 3839 1292 καὶ

2258 1330 2361 1394 ἕως
2399 1330 2631 1384 Θανάτου
2684 1330 2856 1398 τούτῳ
2918 1331 2993 1403 μὴ
3059 1330 3431 1401 συγχωρείτω.
3477 1331 3536 1383 '0
3574 1329 3836 1400 ψεύστης,

2264 1421 2461 1492 μηκέτι
2504 1424 2573 1493 τῇ
2620 1421 2863 1494 προτέρᾳ
2939 1421 3198 1493 συνηθείᾳ
3255 1423 3562 1493 ἐμμενέτω,
3637 1422 3838 1475 ἐννοῶν

2259 1510 2351 1564 τοῦ
2376 1512 2644 1580 λέγοντος
2688 1512 2953 1581 Ἀπολεῒς
2980 1513 3210 1578 πάντας
3232 1514 3373 1580 τοὺς
3401 1513 3751 1583 λαλοῦντας
3779 1517 3842 1571 τὸ

564 1604 687 1657 cida
720 1607 1102 1674 pwnitentiam
1136 1618 1293 1679 agat:
1334 1608 1514 1663 Virum
1545 1610 1698 1663 enim
1732 1610 2059 1679 sanguinum
2113 1621 2155 1661 et

2264 1602 2508 1672 ψεῦδος.
2557 1604 2615 1658 ’0
2642 1605 2929 1673 φονεύσας,
2960 1606 3287 1675 μετανοείτω
3305 1622 3320 1636 '
3365 1605 3590 1674 ’Ἄνδρα
3619 1608 3731 1678 γὰρ
3759 1612 3845 1662 al-

564 1692 807 1746 dolosum
852 1695 1251 1749 abominabitur
1282 1696 1539 1751 Dominus
1563 1699 1627 1750 ".
1681 1698 1950 1752 Ebriosus
2011 1699 2155 1767 cogi-

2261 1692 2467 1762 μάτων
2481 1693 2579 1746 καὶ
2594 1694 3223 1760 δόλιονβὸελύσσεται
3246 1697 3479 1765 Κύριος.
3500 1698 3557 1750 ’0
3585 1698 3849 1767 μέθυσος,

566 1789 645 1835 tet
670 1784 1014 1851 captivorum
1035 1787 1298 1851 esuriem,
1337 1803 1401 1841 ac
1430 1788 1576 1856 quod
1622 1805 1688 1842 cx
1734 1788 1862 1841 vino
1908 1789 2155 1842 nascitur

2261 1786 2512 1838 ἐννοείτω
2528 1785 2626 1856 τὴν
2651 1786 2760 1839 τῶν
2782 1786 3146 1857 αἰχμαλώτων
3176 1789 3389 1848 πεῖναν,
3416 1788 3510 1841 καὶ
3534 1788 3631 1858 τὴν
3663 1791 3731 1843 ἐκ
3751 1789 3847 1842 τοῦ

566 1871 854 1937 damnum,
883 1889 1053 1945 seque
1114 1877 1228 1945 ipse
1262 1880 1538 1933 emendet.
1572 1880 1803 1933 Adulter
1830 1896 1938 1933 non
1966 1881 2155 1948 despe-

565 1970 673 2027 ret,
719 1964 815 2019 sed
869 1976 1157 2035 peccatum
1227 1968 1548 2039 deplangat,
1584 1986 1649 2025 ac
1696 1970 1909 2024 veniam
1959 1986 2155 2025 conse~

566 2065 789 2124 quetur.

638 2160 768 2213 Heri
798 2160 1107 2230 proximum
1141 2164 1407 2218 conviciis
1451 2165 1807 2233 petebamus;
1836 2165 2001 2219 hodie
2033 2165 2154 2219 fau-

567 2251 668 2305 stis
703 2268 831 2306 eum
876 2253 1018 2307 votis
1065 2271 1487 2324 prosequamur.
1535 2257 1662 2311 Heri
1689 2257 2151 2325 detrahebamus,

565 2343 734 2397 ﬁnem
767 2344 930 2400 hodie
961 2346 1288 2402 detrahendi
1324 2348 1609 2403 faciamus.
1646 2348 1773 2403 Heri
1808 2351 1995 2422 injurii
2026 2368 2151 2408 era-

565 2450 712 2498 mus,
753 2451 821 2491 eo
855 2438 1077 2493 nomine
1110 2439 1276 2494 hodie
1321 2441 1709 2509 paeniteamus.
1753 2442 1881 2497 lleri
1924 2444 2154 2514 injuria-

565 2543 687 2582 rum
717 2544 991 2584 memores
1032 2547 1323 2586 rancorem
1370 2532 1673 2598 aiebamus,
1711 2534 1877 2589 hodie
1907 2536 2155 2606 ignosca-

567 2634 709 2673 mus.
747 2620 874 2675 lleri
921 2623 1212 2678 thesauros
1254 2624 1697 2689 cumulabamus,
1746 2626 1913 2682 hodie
1942 2628 2158 2696 disper-

565 2727 779 2781 gamus.
817 2712 947 2767 Heri
994 2716 1218 2784 superbi
1258 2716 1644 2781 tumebamus,
1698 2718 1863 2771 hodie
1909 2718 2155 2773 modeste

565 2804 864 2870 sapiamus.
883 2805 1011 2860 ilcri
1035 2807 1240 2877 injuste
1274 2806 1484 2863 fcenore
1503 2819 1773 2879 quiestum
1798 2810 2153 2876 faciebamus,

568 2890 733 2946 hodie
770 2908 857 2948 res
883 2903 1099 2950 nostras
1126 2896 1180 2949 in
1221 2912 1493 2967 pauperes
1525 2913 1838 2967 erogemus.
1873 2898 1977 2961 Ne,
2001 2915 2153 2969 rogo,

566 2983 715 3052 quod
748 3000 961 3051 sumus,
995 3004 1435 3056 perseveremus,
1454 3006 1524 3045 ne
1552 2998 1609 3043 et
1638 2990 1802 3045 mina:
1829 2990 1882 3044 in
1906 3005 2007 3045 nos
2034 3007 2152 3045 ma-

567 3086 754 3131 neant.
783 3076 938 3143 Quod
976 3095 1171 3134 sumus
1200 3080 1582 3145 immutemur,
1616 3090 1677 3135 ut
1703 3090 1884 3136 cesset
1921 3082 2023 3136 ira.

2258 1875 2403 1928 οἴνου
2436 1875 2758 1947 τικτομένην
2785 1876 3008 1946 βλάϐην,
3036 1877 3129 1930 καὶ
3155 1877 3347 1930 ἐαυτὸν
3373 1876 3842 1947 σωφρονιζὲτω.⁹0

2264 1966 2579 2038 μοιχεύσας,
2607 1966 2680 2038 μὴ
2698 1968 2890 2021 ἑαυτὸν
2911 1968 3356 2035 ἀπογινωσκέτω,
3378 1968 3518 2022 ἀλλὰ
3537 1968 3638 2040 τὴν
3662 1968 3844 2039 ἀμαρ-

2260 2059 2381 2112 τίαν
2406 2059 2805 2131 περικοπτέτω,
2833 2062 2929 2113 καὶ
2946 2061 3196 2128 τεύξεται
3231 2059 3586 2133 συγγνώμης.

2332 2147 2473 2210 Χθὲς
2498 2148 2874 2219 ἐλοιδοροῦμεν
2898 2152 2989 2203 τὸν
3012 2152 3237 2221 πλήσιον
3258 2170 3272 2183 ο
3300 2154 3541 2222 σήμερον
3564 2150 3732 2205 αὑτὸν
3765 2153 3846 2205 εύ-

2261 2241 2601 2313 λογήσωμεν.
2639 2243 2782 2306 Χθὲς
2809 2244 3293 2315 κατελαλήσαμεν·
3329 2248 3570 2317 σήμερον
3621 2246 3846 2299 παυσώ-

2266 2335 2425 2405 μεοα.
2455 2335 2595 2398 Χθὲς
2628 2337 2989 2405 ὲνυὸρίσαμεν
3015 2352 3027 2366 ’
3068 2338 3308 2407 σήμερον
3337 2335 3534 2408 [αὐτῷ]
3578 2338 3844 2407 μετανοή-

2265 2443 2468 2496 σωμεν.
2494 2426 2635 2488 Χθὲς
2676 2428 3206 2496 ἐμνησικακήσαμεν
3227 2444 3241 2458 ⁸
3274 2429 3515 2498 σήμερον
3552 2431 3843 2498 συγχωρή-

2266 2535 2467 2587 σωμεν.
2489 2518 2629 2580 Χθές
2652 2518 3114 2588 ἐθησαυρήσαμεν
3135 2534 3148 2548 ⁸
3173 2520 3414 2589 σήμερον
3435 2519 3845 2588 σκορπίσωμεν.

2262 2610 2402 2672 Χθὲς
2432 2609 2957 2680 ὑπερηφανευόμεθα
2979 2628 2992 2639 ·
3045 2611 3289 2680 σήμερον
3322 2610 3841 2679 ταπεινοφρονήσω-

2268 2719 2386 2771 μεν.
2423 2700 2562 2763 Χθὲς
2592 2700 2789 2764 ἀδίκως
2816 2701 3131 2771 ἐτοκίζομεν
3154 2718 3168 2730 ⁸
3202 2704 3447 2773 σήμερον
3493 2705 3589 2756 καὶ
3620 2704 3693 2757 τὰ
3723 2704 3845 2756 ἐαυο

2262 2792 2371 2846 τῶν
2385 2793 2782 2863 μεταδώσωμεν
2799 2794 3043 2863 πένησιν.
3060 2795 3151 2863 Μὴ
3179 2795 3453 2865 μείνωμεν
3491 2796 3631 2865 ὅπερ
3654 2795 3844 2864 ἐσμὲεν⁹

2262 2889 2518 2947 δυσωπῶ.
2552 2888 2639 2941 ἵνα
2671 2888 2746 2959 μὴ
2780 2888 2873 2942 καὶ
2905 2890 2935 2957 ή
2961 2890 3158 2959 ἀπειλὴ
3189 2890 3348 2962 μείνῃ
3374 2891 3458 2959 ἐφ’
3491 2890 3845 2961 ήμᾶς.”οπερ

2262 2980 2410 3033 ἐστὶν
2433 2978 2834 3048 ὲναλλάξωμεν,
2872 2981 2966 3032 καὶ
2995 2979 3187 3051 qam};
3220 2980 3523 3033 πέπαυται.

639 3166 718 3220 Ne
741 3166 893 3221 dicas
929 3184 941 3220 :
980 3168 1243 3224 Peccator
1271 3185 1416 3235 sum,
1449 3171 1755 3226 sceleratus
1779 3210 1794 3235 ,
1850 3170 2152 3237 homicida,

2335 3162 2427 3232 Μὴ
2460 3161 2642 3232 εἴπῃς,
2674 3160 3029 3231 ’Ᾱμαρτωλός
3089 3162 3226 3233 εἰμι,
3264 3162 3604 3233 παράνομος,
3630 3161 3845 3230 φονεὺς,

567 3257 872 3323 veneﬁcus,
926 3258 1091 3321 latro.
1149 3276 1329 3330 neque
1379 3277 1466 3316 me
1501 3261 1787 3330 suscipiet.
1838 3262 1984 3317 Nihil
2027 3264 2154 3326 tale,

570 3347 757 3413 homo,
788 3348 1054 3418 loquaris.
1080 3351 1224 3417 Quid
1253 3354 1400 3408 enim
1425 3353 1448 3406 ?
1476 3354 1618 3408 Num
1642 3354 1786 3409 Deus
1816 3363 2046 3424 propter
2071 3356 2160 3424 ju-

569 3446 686 3494 stos
710 3441 905 3495 venit?
948 3442 1196 3508 Minime,
1262 3444 1357 3499 scd
1399 3456 1628 3515 propter
1662 3461 1765 3501 nos
1819 3445 2157 3509 luxuriosos,

571 3526 878 3600 improbos,
908 3533 1279 3603 blasphemos,
1304 3537 1641 3601 immundos,
1676 3539 1884 3609 pigros,
1919 3537 2159 3592 fornica-

575 3628 747 3683 tores,
778 3623 1089 3680 mendaecs.
1141 3627 1321 3683 Nostri
1371 3644 1535 3684 causa
1565 3645 1596 3685 e
1646 3630 1791 3684 cmlo
1836 3628 2156 3695 descendit;

575 3711 747 3765 nostri
785 3714 961 3782 gratia
996 3714 1049 3768 in
1081 3724 1239 3771 utero
1272 3717 1566 3784 habitavit,
1601 3721 1780 3789 sputis
1810 3718 2019 3775 oblitus
2052 3729 2157 3783 est,

573 3800 745 3871 virgis
761 3816 958 3867 caesus,
980 3805 1129 3859 cruci
1155 3805 1365 3861 aﬂixus.
1385 3807 1735 3878 Quapropter
1747 3808 2159 3877 resipiscamus,

573 3908 785 3963 nosque
804 3896 942 3951 adeo
966 3897 1166 3953 horum
1197 3900 1446 3954 omnium
1473 3901 1696 3955 nomine
1730 3900 2159 3965 confessionem,

573 3999 641 4038 ac
668 3985 854 4041 cordis
881 3990 1300 4044 conversionem
1339 3990 1417 4045 illi
1448 3991 1771 4055 oﬂ‘eramus,
1787 4007 1858 4045 ne
1886 3990 2029 4045 forte
2061 4007 2161 4045 no-

574 4076 660 4131 bis
688 4077 834 4133 inter
855 4078 1216 4149 iudicandum
1248 4081 1569 4152 exprobret,
1619 4079 1811 4135 dicens
1854 4097 1868 4136 :
1897 4080 1942 4135 Ο
1969 4094 2164 4149 pecca-

574 4176 745 4233 tores,
768 4184 833 4225 ac
862 4171 1072 4237 miseri,
1113 4173 1473 4242 quamobrem
1509 4188 1597 4227 me
1617 4170 1945 4240 sprevistis?
1966 4171 2160 4225 Nonne

572 4266 814 4311 vestram
840 4257 896 4311 in
922 4260 1151 4329 gratiam
1177 4261 1344 4316 homo
1375 4262 1557 4317 factus
1587 4276 1710 4316 sum
1733 4261 1755 4312 ?
1783 4260 1978 4315 Nonne
2001 4259 2159 4314 dice-

572 4347 722 4412 bam,
743 4348 893 4418 quia,
916 4349 1035 4404 Non
1060 4353 1177 4405 veni
1206 4368 1396 4406 vocare
1413 4353 1609 4422 justas,
1644 4352 1735 4406 sed
1756 4359 2050 4420 peccatores
2064 4350 2107 4383 ⁸⁸
2143 4352 2165 4404 ?

2262 3253 2573 3324 φαρμακὸς,
2622 3253 2847 3321 λῃστὴς,
2903 3253 3001 3306 καὶ
3035 3253 3096 3305 οὐ
3129 3253 3494 3324 προσδέχεταί
3542 3270 3628 3322 με.
3662 3253 3847 3321 Μηδὲν

2258 3345 2498 3398 τοιοῦτον
2519 3345 2701 3414 εἴπῃς,
2729 3345 3004 3415 ἄνθρωπε.
3036 3345 3100 3397 Τί
3116 3346 3224 3416 γάρ
3243 3364 3258 3412 ;
3279 3346 3379 3399 Διὰ
3401 3345 3643 3410 δικαίους
3670 3348 3699 3399 ό
3719 3346 3847 3407 Θεὸς

2260 3429 2454 3502 ἧλθενς
2484 3433 2753 3503 Οὐδαμῶς
2780 3450 2792 3464 ·
2825 3434 2961 3489 ἀλλά
2997 3435 3065 3488 δι’
3094 3437 3240 3505 ήμᾶς
3266 3436 3392 3497 τοὺς
3424 3436 3694 3502 ἀσώτους,
3727 3436 3847 3498 τοὺς

2261 3526 2513 3595 ἀνόμους,
2552 3528 2673 3589 τοὺς
2713 3525 3091 3596 βλασφήμους,
3146 3527 3275 3590 τοὺς
3302 3527 3678 3595 ἀκαθάρτους,
3722 3527 3845 3590 τοὺς

2264 3618 2561 3689 ῥᾳθύμους,
2585 3619 2709 3681 τοὺς
2754 3619 3010 3689 πόρνους,
3041 3620 3167 3683 τοὺς
3195 3619 3436 3688 ψεύστας
3455 3636 3470 3652 ο
3504 3620 3574 3673 δι’
3614 3621 3764 3689 ἡμᾶς
3791 3618 3847 3683 ἐξ

2260 3708 2492 3778 οὐρανοῦ
2542 3707 2806 3778 κατῆλθεν
2829 3724 2841 3739 ·
2884 3708 2952 3761 δι’
2987 3710 3133 3779 ἡμᾶς
3164 3710 3220 3761 ἐν
3279 3711 3464 3778 μήτρα
3490 3707 3713 3779 ᾤκησεν
3741 3726 3755 3739 ’
3779 3708 3843 3761 δι’

2262 3798 2407 3866 ἡμᾶς
2432 3797 2741 3868 ἀνεπτύσθη
2763 3815 2776 3829 ο
2794 3797 2860 3850 δι’
2882 3800 2915 3868 ή
2925 3799 3031 3867 μᾶς
3058 3798 3329 3869 ἐραπίσθη
3351 3814 3364 3828 ⁸
3388 3798 3455 3851 δι’
3476 3801 3625 3869 ἡμᾶς
3661 3803 3848 3854 ἐσταυ-

2264 3886 2433 3957 ρώθη.
2466 3886 2556 3940 Διὸ
2587 3886 2868 3957 νήφωμεν,
2919 3888 3013 3940 καὶ
3060 3890 3517 3957 προσενέγκωμεν
3574 3888 3728 3958 αὐτῷ
3756 3887 3846 3940 καὶ

2263 3979 2424 4049 ἡμεῖς
2456 3979 2596 4049 ὑπὲρ
2630 3978 2835 4031 τούτων
2867 3979 3145 4045 ἁπάντων,
3179 3978 3568 4047 ἐξομολόγησιν
3603 3980 3700 4032 καὶ⁵
3729 3980 3845 4032 ἐπι-

2266 4068 2502 4139 στροφὴν
2534 4069 2781 4139 καρδίας,
2842 4070 3037 4139 μήπως
3076 4068 3312 4140 ὀνειδίσῃ
3385 4069 3532 4138 ἡμᾶς
3575 4070 3634 4120 ἐν
3675 4067 3849 4138 καιρῷ

2265 4162 2516 4232 κρίσεως,
2550 4160 2722 4229 λέγων
2750 4176 2763 4190 ο
2793 4156 2864 4213 Ὦ
2918 4159 3234 4230 ἁμαρτωλοὶ
3268 4161 3360 4214 καὶ
3389 4160 3743 4231 ταλαίπωροι,
3762 4161 3847 4213 διὰ

2262 4254 2313 4307 τί
2346 4270 2445 4324 μου
2479 4255 2921 4324 κατεφρονήσατε
2951 4271 2965 4319 ;
3001 4254 3074 4305 Οὐ
3122 4253 3186 4306 δι’
3244 4255 3388 4323 ὑμᾶς
3416 4254 3842 4325 ἐνηνθρώπησας

2263 4349 2375 4401 Οὐκ
2402 4345 2552 4401 εἷπον
2581 4348 2683 4411 ὅτι,
2719 4350 2839 4401 Οὐκ
2871 4343 3062 4416 ἦλθον
3090 4348 3347 4401 καλέσαι
3373 4346 3669 4414 δικαίους.
3691 4346 3851 4402 ἀλλὰ

573 4438 753 4506 Quare
785 4456 893 4495 non
928 4442 1062 4496 estis
1112 4444 1401 4498 conversi?
1449 4444 1595 4509 Quid
1630 4442 1738 4498 mei
1790 4458 1956 4496 causa
1990 4441 2155 4497 susti»

2261 4441 2678 4510 dpapthouc;
2698 4439 2797 4492 Διά
2821 4440 2872 4491 τί
2903 4440 3003 4492 οὐκ
3023 4439 3392 4511 ἐπεστρέψατε
3412 4457 3428 4506 ;
3451 4442 3515 4493 Τί
3549 4440 3687 4509 ὑπὲρ
3719 4436 3843 4507 ἐμοῦ

573 4531 819 4586 nuistis?
853 4532 996 4598 Quid
1023 4533 1177 4600 mihi,
1208 4544 1386 4590 utvos
1416 4535 1697 4604 recipiam,
1732 4533 1983 4589 aﬂ‘ertis?

645 4715 787 4781 Quid
817 4733 971 4787 ergo,
1012 4717 1232 4780 fratres,
1269 4728 1403 4770 tunc
1446 4716 1694 4771 habituri
1747 4717 2154 4788 sumus?jcju-

575 4808 766 4871 nium;
823 4807 1071 4876 vigilias;
1127 4805 1486 4877 martyrium;
1549 4806 1907 4873 castitatem;
1969 4809 2158 4863 mode-

576 4898 775 4960 stiam;
813 4898 1060 4951 animum
1116 4896 1252 4950 nihil
1304 4896 1551 4951 rancoris
1582 4896 1913 4963 habentem;
1941 4898 2157 4952 miseri-

576 4989 857 5051 eordiam;
921 4987 1308 5054 dilectionem;
1373 4988 1889 5058 longanimitatem?
1942 4991 2157 5044 Revera

582 5081 667 5133 his
698 5080 958 5133 omnibus
1013 5079 1265 5133 destituti
1321 5095 1533 5148 sumus,
1590 5099 1695 5137 nec
1718 5083 1919 5136 horum
1972 5083 2158 5151 aliqua

577 5174 811 5244 egimus,
840 5168 903 5227 ἰιι
934 5173 1012 5226 illi
1051 5172 1368 5227 oﬂeramus.
1408 5172 1608 5228 Verum
1626 5174 1758 5243 quid
1792 5174 1954 5229 nobis
1972 5189 2158 5228 cernes

579 5264 914 5320 abeuntibus
932 5266 1178 5331 exsistat,
1204 5268 1370 5323 vultis
1388 5267 1614 5322 dicam?
1652 5266 1731 5319 Ne
1768 5265 1954 5320 verbis
1985 5264 2159 5318 mole-

579 5363 700 5409 stus
732 5356 833 5410 sim
865 5374 877 5408 :
916 5373 1040 5411 nam
1070 5360 1359 5415 veritatem
1385 5360 1602 5430 loquar.
1628 5358 1833 5413 Videre
1878 5364 1966 5411 est
2013 5355 2158 5425 apud

581 5462 682 5502 nos
707 5447 797 5502 hic
829 5464 971 5514 esse,
998 5451 1237 5521 hincque
1274 5468 1375 5506 nos
1395 5452 1738 5517 comitantia,
1774 5466 1841 5514 ac
1868 5465 1992 5519 quze
2032 5458 2165 5502 tunc

582 5538 959 5605 traducantur,
989 5542 1312 5614 iniuriarum
1364 5543 1535 5609 labes,
1582 5541 1937 5607 invidentias,
1965 5540 2165 5595 tumul-

662 5715 706 5745 “
743 5715 956 5782 νων,
988 5718 1037 5772 7.
1113 5717 1155 5749 "
1187 5716 1326 5772 ibid.
1409 5716 1451 5747 “‘
1487 5714 1675 5771 Matth.
1704 5730 1777 5779 ix,
1816 5714 1897 5767 l3.

2270 4533 2642 4602 ὑπεμείνατε;
2680 4531 2743 4584 Τί
2814 4549 2903 4601 μοι
2962 4534 3325 4604 προσφέρετε,
3366 4533 3453 4586 ἴνα
3510 4534 3654 4603 ὑμᾶς
3687 4529 3843 4595 δέξω·

2270 4635 2400 4694 μαις

2336 4715 2402 4765 Τί
2432 4711 2525 4765 οὖν
2559 4714 2827 4784 μέλλομεν
2875 4713 3021 4784 ἔχειν
3065 4714 3209 4778 τότε,
3252 4713 3515 4783 deum;
3555 4714 3838 4783 νηστείανς

2263 4803 2606 4872 ἁγρυπνίαν;
2645 4804 2987 4874 μαρτυρίαν;
3048 4803 3441 4874 σωφροσύνην;
3490 4802 3840 4864 ταπείνωσιν,

2266 4891 2671 4961 ἀμνησικακίαν
2696 4890 2855 4960 ;.ὲλεη
2866 4890 3102 4963 μοσύνην
3123 4893 3406 4960 ;ἀγάπην;
3433 4891 3839 4962 μακροθυμίανς

2267 4984 2434 5035 Οὐδὲν
2460 4984 2701 5036 τοιοῦτον
2729 4983 2928 5053 ἔχομεν
2982 4984 3219 5055 ἀληθῶς,
3255 4985 3375 5038 οὐδὲ
3416 4984 3732 5054 ἐπράξαμεν
3759 4983 3840 5035 ἵνα

2268 5075 2418 5146 αὐτῷ
2448 5074 2930 5146 προσενέγκωμεν.
2965 5074 3126 5128 Ἀλλά
3155 5076 3207 5126 τί
3226 5076 3334 5146 ἄρα
3357 5075 3475 5144 μεθ’
3504 5074 3660 5144 ήμῶν
3677 5072 3841 5140 ἀπέρ-

2266 5185 2440 5239 χεται,
2463 5150 2717 5236 βούλεσθε
2741 5166 2916 5232 simu;
2951 5165 3026 5236 μὴ
3067 5166 3297 5237 λυπήσω
3344 5167 3519 5233 λέγων
3543 5182 3557 5196 ·
3588 5164 3840 5233 ἀλήθειαν

2265 5261 2373 5331 γὰρ
2397 5260 2528 5331 ἐρῶ.
2568 5256 2758 5314 Ἔστιν
2794 5259 2922 5312 ἰδεῖν
2947 5260 3077 5330 παρ’
3109 5258 3269 5329 ήμῶν
3299 5257 3535 5311 ἐνταῦθα
3571 5257 3724 5319 ὄντα,
3754 5252 3843 5306 καὶ

2264 5353 2321 5404 ἐν
2349 5353 2481 5421 ἡμῖν
2507 5351 2881 5422 ἀπερχόμενα,
2911 5352 3005 5403 καὶ
3056 5350 3179 5403 τότε
3238 5350 3700 5422 θριαμϐευόμενα,
3729 5346 3851 5403 ἀδιο,

2270 5443 2411 5506 κίας,
2441 5442 2823 5512 ’μισαδελφίας,
2850 5442 3098 5511 φθόνους,
3119 5442 3551 5506 ἀκαταστασίας,
3569 5437 3839 5512 πορνείας,

2272 5534 2461 5604 μέθας,
2498 5534 2877 5607 φιλαργυρίας,
2920 5533 3221 5605 ἐπιορκίας,
3274 5534 3621 5597 καταλαλιάς,
3672 5527 3836 5583 λοιδο-
