4078 6390
277 335 426 399 326i

1403 331 1499 390 DE
1537 329 1858 390 PERSICA
1899 328 1990 388 (ΖΑ
2005 329 2430 390 ΡΤΙνιΤΑΤΕ.

3426 328 3571 394 32⁸62

276 459 436 527 ρίας,
463 451 738 517 διαϐολὰς,
785 449 1282 522 ψευδομαρτυρίας,
1332 449 1592 517 αἱρέσεις,
1619 447 1864 515 διχοσταα
1893 492 1898 502 .

2005 463 2088 507 ns,
2119 445 2532 507 fornicationes,
2571 443 2942 507 temulentias,
2993 442 3272 507 avaritias,
3302 446 3559 515 perjuria,

280 549 436 610 σίας.
479 546 665 600 Ταῦτα
693 545 850 616 ήμῶν
899 543 967 596 τά
1010 540 1155 595 κακὰ
1197 539 1404 608 ἐφόδια.
1453 537 1599 606 Αὕτη
1645 537 1800 605 ἡμῶν
1834 537 1868 606 ἡ

281 637 486 703 σιδηρᾶ
527 634 853 698 diutam-Aio
906 631 1252 702 πονήσωμεν,
1282 626 1610 698 παρακαλῶ,
1646 619 1749 677 ὦδε
1785 642 1871 693 μι-

281 733 444 801 κρὸν,
488 729 574 783 ἵνα
621 725 696 799 μὴ
729 723 1084 792 κολασθῶμεν
1120 721 1238 774 ἐκεῖ
1267 717 1401 772 πολύ
1431 737 1445 750 ·
1473 713 1870 786 ἀγωνισώμεθα

281 823 432 891 πρός
449 821 662 890 καιρὸν,
687 817 777 870 ἵνα
809 814 884 886 μὴ
917 810 1327 884 βασανισθῶμεν
1357 807 1612 870 αἰωνίως.
1651 805 1712 857 '0
1743 803 1871 874 χρό-

283 929 385 975 νος
420 910 634 980 μικρὸς,
671 909 706 978 ἡ
737 906 795 958 δὲ
825 903 1004 974 κρίσις
1027 900 1233 972 μακρά.
1265 899 1340 951 Τὸ
1375 898 1529 960 τέλος
1561 895 1752 964 ἐγγὺς,
1778 893 1877 947 καὶ

284 1003 322 1056 ὁ
365 1002 526 1070 φόϐος
563 999 752 1064 πολὺς,
785 997 878 1050 καὶ⁵
921 996 950 1047 ό
980 991 1122 1046 λύων
1179 990 1372 1053 οὐδεὶς,
1402 987 1498 1042 καὶ
1531 989 1559 1040 ό
1638 982 1886 1036 σπεύδων

287 1094 447 1148 Vixi.

373 1265 511 1320 Οὐαὶ
543 1264 620 1334 τῷ
637 1257 1002 1334 ρᾳθυμοῢντι,
1031 1257 1186 1327 ζητεῖ
1211 1253 1318 1326 γὰρ
1345 1251 1436 1305 τὸν
1467 1250 1658 1320 καιρὸν
1695 1247 1754 1302 ὃν
1787 1267 1886 1304 κα-

288 1361 412 1426 κῶς
469 1357 829 1424 ἐδαπάνησεν.
889 1351 1026 1404 Οὐαὶ
1057 1347 1140 1418 τῷ
1190 1343 1507 1416 ἀμελοῦντι,
1539 1345 1622 1396 ὅτι
1651 1340 1884 1413 ζητήσει

292 1451 534 1520 σταγόνα
564 1447 754 1510 ὓδατος
783 1447 840 1498 ὲν
867 1443 944 1514 τῷ
975 1441 1130 1512 πυρί.
1165 1438 1305 1494 Οὐαὶ
1347 1435 1426 1506 τῷ
1453 1433 1782 1488 ἀπιστοῦντι
1817 1436 1883 1504 τῇ

292 1545 503 1616 κρίσει,
543 1543 626 1596 ὃτι
659 1541 748 1594 διὰ
767 1537 878 1591 τῶν
905 1536 1083 1606 ἔργων
1113 1532 1208 1586 καὶ
1234 1530 1344 1584 τῶν
1372 1527 1624 1600 βασάνων
1653 1526 1886 1594 πεισθή-

295 1654 478 1692 σεται.
509 1635 646 1688 Οὐαὶ
668 1630 746 1700 τῷ
785 1631 860 1698 μὴ
891 1624 1262 1698 μετανοοῦντι,
1307 1608 1390 1674 ὅτι
1425 1619 1561 1690 πρὸς
1605 1619 1886 1689 αὐστηρὸν

1982 537 2433 599 detractationes,
2466 534 2740 599 convicia,
2780 535 3086 608 calumnias
3109 577 3124 599 ,
3159 535 3290 590 falsa
3323 537 3568 592 testimo-

1980 629 2092 688 nia,
2135 627 2390 691 haereses,
2415 627 2806 682 dissidiaJiaac
2832 627 3004 681 nostri
3031 626 3157 680 mali
3189 637 3564 682 commeatus:

1983 718 2099 772 haec
2147 717 2327 772 ferrea
2369 725 2556 770 nostra
2587 726 2803 771 catena.
2839 715 3052 770 ldcirco
3099 716 3417 771 laboremus
3458 717 3570 784 hic,

1983 824 2140 879 rogo,
2173 807 2462 876 tantisper,
2485 821 2558 860 ne
2599 807 2693 860 diu
2719 805 2833 862 illic
2869 819 3060 876 pcenas
3089 807 3304 860 demus.
3328 807 3410 861 Ad
3437 815 3574 861 tem-

1982 917 2086 973 pus
2119 901 2469 954 decerlemus
2494 939 2510 964 ,
2550 913 2622 952 ne
2649 898 2900 952 cruciatu
2946 905 3150 952 aeterno
3189 905 3569 966 torqueamur.

1983 993 2224 1062 Tempus
2255 991 2423 1045 breve
2460 996 2566 1052 est,
2603 987 2828 1058 longum
2874 987 3144 1057 judicium
3203 985 3327 1041 ﬁnis
3367 986 3568 1051 instat;

1983 1083 2176 1152 ingens
2208 1081 2390 1145 timor,
2421 1078 2517 1148 qui
2546 1077 2794 1134 decutiat
2823 1091 2988 1132 nemo
3034 1084 3122 1130 est
3145 1115 3161 1142 ,
3209 1077 3416 1140 vincet,
3473 1077 3570 1146 qui

1985 1171 2226 1228 festinat.

2054 1265 2147 1321 Vae
2176 1264 2354 1336 pigro,
2379 1273 2590 1334 quaeret
2605 1263 2754 1319 enim
2773 1270 2989 1332 tempus
3013 1261 3160 1331 quod
3194 1260 3334 1316 male
3363 1259 3573 1314 insum-

1984 1357 2114 1428 psit.
2148 1357 2241 1411 ναι
2270 1355 2568 1426 negligenti
2593 1397 2609 1421 ,
2641 1355 2774 1425 quia
2814 1362 3026 1424 guttam
3059 1367 3216 1421 aqua:
3258 1351 3314 1405 in
3339 1351 3573 1405 flammis

1963 1448 2250 1519 -reqniret.
2282 1447 2375 1502 Vae.
2435 1445 2602 1501 ﬁdem
2653 1445 2870 1516 judicio
2923 1441 3276 1508 detrahenti,
3318 1456 3448 1496 nam
3477 1455 3575 1510 per

1987 1556 2074 1596 res
2131 1539 2276 1609 ipsas
2325 1552 2389 1592 ac
2433 1537 2809 1591 cruciamenta
2856 1535 2934 1588 illi
2981 1533 3118 1589 ﬁdes
3166 1533 3282 1588 ﬁet.
3318 1533 3411 1588 νω
3462 1546 3575 1586 non

1987 1630 2169 1701 agenti
2219 1627 2648 1698 paenitentiam,
2705 1625 2832 1694 quia
2881 1625 2950 1679 ad
3009 1633 3293 1678 austerum
3331 1621 3575 1694 judich

294 1727 497 1798 κριτὴν
514 1723 826 1795 πορεύεται.
865 1720 1000 1772 Οὐαὶ
1033 1715 1108 1786 τῷ
1137 1713 1210 1784 μὴ
1241 1711 1512 1782 τρέχοντι,
1539 1709 1621 1762 ὅτι
1651 1711 1716 1762 ὲν
1758 1711 1887 1779 ἐρη-

2001 1723 2156 1776 radit.
2196 1721 2286 1776 Va:
2323 1719 2552 1774 remisso
2577 1717 2646 1772 ad
2679 1731 2925 1780 cursum,
2951 1717 3080 1786 quia
3112 1715 3166 1769 in
3191 1716 3426 1770 desertis
3455 1729 3576 1768 ma-

299 1823 456 1894 μὶαις
481 1816 888 1885 αὐλισθήσεται.
919 1809 1059 1863 0600.
1105 1807 1185 1878 τῷ
1217 1802 1591 1867 ἀπελπίζοντι,
1619 1801 1707 1853 ὅτι
1749 1799 1886 1870 πρὸς

2001 1813 2166 1868 nebit.
2191 1813 2284 1867 Vre
2315 1809 2604 1873 diﬁidenti,
2635 1809 2764 1878 quia
2794 1808 2861 1862 ad
2883 1785 3052 1862 duros
3079 1805 3430 1874 immitesque
3475 1820 3575 1858 an-

297 1913 613 1980 ἁποτόμους
647 1906 910 1975 ἀγγέλους
963 1902 1334 1974 παραδίδοται.
1365 1897 1578 1969 Χρυσδν
1601 1897 1703 1966 μὲν
1727 1897 1836 1966 γὰρ
1862 1894 1891 1946 ό

301 2003 579 2066 ἀπόλλων,
608 1999 766 2053 ἄλλον
805 1997 1025 2066 εὑρήσει
1048 2009 1062 2023 ·
1095 1991 1284 2062 χρόνον
1323 1989 1380 2042 δὲ
1421 1991 1449 2041 ό
1488 1988 1765 2050 ἀπόλλων,
1795 1985 1894 2053 οὐχ

299 2097 529 2166 εὑρήσει
554 2093 742 2159 ἓτερον
767 2088 901 2158 πρὸς
923 2085 1232 2156 μετάνοιαν.

380 2187 472 2255 Μὴ
513 2179 831 2252 φειδώμεθα
883 2177 1156 2246 σώματος,
1188 2172 1282 2226 καὶ
1302 2169 1479 2240 ψυχὴν
1508 2167 1892 2235 ἀπολέσωμεν,

301 2274 445 2330 ἀλλά
469 2269 886 2340 κατατρίψωμεν
911 2263 1046 2316 αὐτό
1066 2279 1078 2293 ·
1111 2259 1322 2328 ἐπειδὴ,
1345 2255 1642 2320 Μακάριοι
1670 2256 1723 2308 οἱ
1749 2268 1894 2305 πενε-

287 2368 576 2434 ,θοῦντεςκ
605 2366 660 2416 οὶ
681 2357 1021 2421 πεινῶντες,
1045 2355 1098 2407 οἱ
1121 2349 1436 2420 διψῶντες,
1455 2348 1514 2400 οἱ
1537 2345 1894 2411 πονοῦντες,

309 2461 396 2514 ὅτι
431 2457 718 2528 μέλλουσιν
775 2448 1010 2504 αἰωνίων
1044 2445 1228 2499 κόπων
1283 2441 1378 2493 καὶ
1409 2439 1688 2492 κολάσεων
1716 2437 1890 2490 ἀπαλ-

305 2521 622 2602 λάττεσθαι.
675 2539 749 2593 Τὸ
781 2537 961 2607 σῶμα,
1021 2532 1189 2601 πηλός
1229 2531 1416 2582 ἐστιν’
1467 2525 1567 2578 καὶ
1613 2521 1896 2577 ἐλεύσεται

307 2642 450 2712 ὥρα,
476 2638 572 2690 καὶ
600 2632 778 2704 ἡμέρα
807 2626 1014 2698 φοϐερὰ
1036 2624 1130 2677 καὶ
1155 2618 1551 2711 ἀπαραίτητος,
1570 2616 1667 2668 καὶ
1692 2615 1773 2678 εἰς
1792 2612 1896 2681 γῆν

310 2689 475 2801 ἡῖγῆ
523 2723 848 2794 πορεύεται·
891 2719 986 2772 καὶ
1040 2716 1074 2786 ὴ
1121 2689 1484 2775 κόνιςκπάλιν
1546 2707 1695 2770 κόνις
1756 2702 1898 2774 γίνε-

309 2839 428 2878 ται.

383 2912 688 2982 Νὴψωμεν,
736 2901 1009 2960 δυσωπῶ·
1058 2897 1525 2969 όδοιπορήσωμεν,
1553 2889 1899 2958 όξυποδήσω-

321 3027 422 3083 μεν
441 3025 455 3039 ·
477 3005 758 3061 ἐλεύσεται
774 3001 938 3062 ὅντως
959 2997 1078 3065 ὥρα
1096 2996 1318 3066 ἐσχάτη,
1332 2989 1610 3043 ἐλεύσεται
1640 2985 1857 3044 πάντως
1881 2999 1896 3013 ο

322 3074 400 3174 ίιῆ
454 3097 682 3158 ἑαυτοὺς
730 3093 1124 3162 ἀπατήσωμεν.
1173 3085 1354 3136 Ἔστω
1413 3079 1510 3133 καὶ
1567 3074 1895 3146 τρυφῶμεν·

1991 1907 2143 1977 gelos
2167 1903 2441 1958 transibit.
2464 1901 2600 1956 Nam
2640 1899 2736 1969 qui
2765 1899 2886 1956 auri
2915 1901 3186 1968 jacturam
3235 1896 3386 1962 facit,
3423 1895 3575 1950 aliud

1995 1995 2372 2065 recuperabit;
2398 1993 2493 2063 qui
2527 2007 2659 2046 vero
2692 1989 2947 2045 amiserit
2989 1998 3229 2059 tempus,
3271 1987 3420 2042 aliud
3453 1985 3578 2042 nul-

1993 2091 2109 2145 lum
2130 2087 2198 2144 ad
2219 2084 2602 2157 pmnitentiam
2635 2082 2898 2152 deinceps
2923 2081 3219 2136 obtinebit.

2065 2180 2148 2235 Ne
2199 2191 2492 2249 parcamus
2556 2173 2800 2244 corpori,
2843 2188 2909 2228 ac
2959 2173 3199 2227 animam
3249 2170 3574 2242 perdamus;

1994 2273 2130 2344 quin
2152 2269 2287 2325 illud
2319 2281 2682 2328 maceremus,
2730 2263 3004 2332 siquidem
3042 2261 3234 2316 :Beati
3254 2261 3344 2332 qui
3380 2258 3580 2330 lugent,

1997 2365 2090 2434 qui
2123 2361 2382 2422 esuriant,
2406 2358 2616 2420 sitiunt,
2655 2355 2904 2408 laborant
2927 2354 2994 2421 ‘,’,
3017 2351 3166 2422 quod
3189 2352 3412 2406 aeternis
3430 2349 3584 2404 labo-

1998 2453 2152 2508 ribus
2179 2467 2244 2506 ac
2278 2447 2623 2504 cruciatibus
2675 2443 2949 2500 liberandi
2977 2451 3123 2498 sunt.
3155 2441 3369 2511 Corpus
3401 2440 3580 2494 lutum

1997 2553 2083 2599 est
2113 2560 2126 2596 :
2168 2541 2465 2608 venietque
2505 2537 2664 2599 hora,
2699 2549 2766 2590 ac
2811 2532 3094 2588 tremenda
3125 2531 3265 2596 dies,
3301 2543 3582 2600 quamque

1998 2651 2162 2690 nemo
2187 2632 2432 2702 effugiat,
2466 2645 2591 2684 cum
2619 2635 2766 2682 terra
2799 2627 2852 2680 in
2884 2635 3090 2680 terram
3135 2632 3467 2688 revertetur,
3518 2636 3585 2676 ac

1999 2727 2142 2783 cinis
2169 2726 2372 2780 iterum
2395 2721 2536 2778 cinis
2567 2719 2680 2775 ﬁet.

2081 2902 2400 2974 Vigilemus,
2424 2915 2556 2970 rogo
2581 2917 2593 2951 :
2618 2899 2724 2952 iter
2745 2893 3166 2958 contendamus,
3186 2891 3584 2948 acceleremus.

2005 2983 2203 3054 Veniet
2251 3009 2446 3048 revera
2481 3005 2743 3061 suprema
2789 2989 2931 3044 dies.
2981 2986 3180 3042 Veniet
3229 2983 3478 3047 omnino,
3515 2997 3588 3036 ne

2005 3106 2110 3146 nos
2141 3088 2496 3143 setlucamus.
2526 3083 2662 3138 Esto
2694 3081 2862 3136 etiam
2893 3078 3112 3134 deliciis
3147 3077 3435 3140 fruamur;
3463 3081 3587 3144 esto

320 3156 461 3249 ἔστω
483 3191 578 3247 καὶ¹
613 3156 934 3256 πλουτῶμεν
961 3156 1320 3249 πεντήκοντα,
1369 3173 1402 3246 ἢ
1436 3173 1528 3225 καὶ
1557 3170 1752 3224 ἑκατὸν
1781 3168 1897 3256 ἐτη.

2007 3191 2067 3238 ct
2107 3179 2310 3236 divites
2359 3177 2565 3240 simus,
2605 3187 2782 3228 annos
2816 3170 3242 3242 quinquaginta,
3280 3184 3378 3224 seu
3419 3168 3589 3221 etiam

321 3279 476 3346 Εἶτα,
510 3280 605 3334 καὶ
634 3275 772 3348 μετὰ
797 3255 976 3334 τοῦτο,
1001 3267 1052 3322 τί
1075 3285 1090 3329 ς
1122 3265 1316 3328 Νόσος.
1339 3263 1451 3316 Καὶ
1471 3261 1535 3314 ἐκ
1559 3258 1783 3328 ταύτης,
1807 3255 1862 3308 τί
1884 3271 1898 3320 ;

331 3346 649 3442 ’Aduvapia.
683 3368 795 3422 Καὶ
820 3368 883 3418 ἐκ
939 3360 1166 3430 ταύτης,
1216 3357 1307 3420 τίς
1351 3355 1416 3408 Ἥ
1471 3350 1674 3424 φρικτὴ
1717 3346 1904 3442 ἐκείνη

320 3470 462 3540 ὥρα,
487 3439 706 3531 ήνπαρά
738 3458 954 3512 πάντων
979 3447 1410 3524 προσδοκωμένη
1437 3446 1532 3498 καὶ
1563 3439 1900 3514 φριττομένη

321 3531 418 3616 καὶ
459 3552 830 3626 ἀμελουμένη.
865 3547 1080 3614 Μέγας,
1117 3539 1338 3609 ἀδελφοί
1369 3555 1492 3608 μου,
1521 3536 1550 3589 ό
1591 3533 1754 3603 φόϐος
1781 3531 1906 3584 τότε

322 3624 554 3724 γίνεται.
581 3647 739 3716 Μέγα
780 3640 984 3697 ἰδέσθαι
1034 3633 1212 3707 ψυχὴν
1375 3628 1624 3724 ἀγγέλων
1679 3624 1906 3724 χωριζο-

328 3715 496 3816 μένην
515 3737 611 3793 τοῦ
643 3715 894 3804 σώματος
915 3729 1078 3798 κενήν
1099 3741 1114 3758 ο
1156 3723 1262 3782 ὑπο
1283 3718 1551 3790 δαιμόνων
1583 3715 1906 3783 λογοθετου-

329 3806 518 3908 μένην.
569 3825 800 3896 Μεγάλη
848 3825 882 3892 ή
909 3819 1028 3890 ὥρα
1072 3817 1172 3908 τῆς
1199 3814 1462 3908 ἀειάγδιης.
1615 3806 1904 3908 τοῦῆχωρι-

327 3897 470 3999 σμού
533 3920 764 3978 ἐκείνου,
802 3917 930 3968 ὅταν
969 3913 1019 3965 οἱ
1063 3906 1330 3978 ὀφθαλμοὶ
1349 3897 1909 3999 ήμῶνὰλλοιωθήσον-

329 3987 454 4071 ταιο
491 4013 620 4068 ὅταν
650 4010 684 4078 ἡ
711 4007 864 4076 φωνὴ
922 4002 1027 4054 ὑπὸ
1067 3999 1166 4068 τῆς
1201 3995 1430 4064 συνοχῆς
1463 3987 1906 4078 πρατηθήσεται·

327 4106 524 4180 ὅτανοή
545 4075 765 4170 γλῶσσα
792 4095 884 4146 τὸν
912 4091 1069 4158 λόγον
1099 4087 1161 4140 οὺ
1179 4083 1415 4140 δίδωσιν.
1443 4075 1579 4132 Εἶτα
1605 4075 1911 4146 στρέφομεν

330 4173 796 4268 τοὺςνόιρθαλμοὺς
815 4179 919 4240 ὧδε
959 4179 1164 4252 συχνά*
1195 4177 1258 4230 τὸ
1299 4173 1518 4243 πνεῦμα
1548 4173 1909 4242 ταράττεταιο

335 4261 600 4356 ίλιγγιᾷἡ
654 4261 830 4351 ψυχή·
860 4273 1157 4343 συστρέφει
1195 4267 1287 4320 τὸν
1331 4263 1457 4318 νοῦν
1491 4261 1616 4332 τῇδε
1647 4261 1874 4314 κάκεῖσε
1895 4273 1908 4287 ·

333 4380 486 4450 ζητεῖ
518 4377 613 4430 τὸν
647 4372 906 4445 ῥυόμενον
927 4382 939 4394 ·
971 4364 1112 4433 τάχα
1143 4359 1201 4414 δὲ
1251 4360 1347 4412 καὶ
1378 4357 1490 4408 τῶν
1541 4349 1914 4424 παρεστώτων

331 4445 512 4525 δέεται
534 4485 550 4500 ·
577 4467 709 4528 ἴσως
735 4463 792 4515 δὲ
817 4459 1027 4528 καὶτῆς
1051 4453 1235 4520 κλίνης
1261 4450 1486 4520 φεύγειν
1516 4445 1912 4514 δοκιμάζομεν.

333 4565 474 4628 Τοὺς
509 4555 863 4631 παρεστῶτας
883 4553 1016 4622 ἡμῖν
1043 4547 1252 4618 φίλους,
1284 4543 1318 4613 ἢ
1347 4539 1631 4631 ἀδελφοὺς,
1657 4538 1690 4605 ἢ
1714 4535 1908 4631 γονεῖς,

333 4659 396 4714 οὖ
424 4626 762 4728 γνωρίζομεν
783 4664 797 4678 ⁸
824 4645 966 4716 τάχα
987 4638 1048 4696 δὲ
1073 4635 1450 4709 γνωρίζοντες,
1466 4630 1696 4701 λαλῆσαι
1731 4626 1914 4688 αὐτοῖς

219 4804 238 4815 _
264 4727 302 4809 λ
336 4753 438 4808 οὐκ
470 4747 750 4818 ἰσχύομεν.

411 4842 532 4896 Τῶν
558 4831 900 4908 θρηνούντων
925 4825 1075 4896 ἡμᾶς
1104 4819 1374 4889 ἀκούομεν
1405 4815 1498 4868 καὶ
1553 4811 1781 4873 τούτους
1810 4827 1916 4862 πα-

343 4902 766 5014 ραμυθήσασθαι
811 4923 873 4976 οὐ
913 4916 1210 4988 δυνάμεθα.
1244 4912 1328 4966 Τὰ
1381 4909 1548 5014 rerum
1606 4902 1920 5014 όδυνῶμενα

343 4997 438 5084 and:
467 4997 775 5096 δαδιρύοντα
809 5016 1100 5086 βλέπομεν,
1153 5007 1248 5062 καὶ
1281 5005 1372 5058 τὸν
1402 5001 1562 5056 πόνον
1607 4997 1708 5066 τῆς
1744 4997 1918 5066 ὀρφα-

343 5123 462 5184 νίας
489 5090 668 5172 αὐτῶν
693 5112 930 5182 ἔχοντες,
954 5100 1318 5176 πορευόμεθα.
1349 5095 1459 5150 Καὶ
1480 5093 1534 5146 τί
1553 5091 1696 5160 λέγω
1717 5090 1878 5142 τέκνα
1904 5103 1918 5152 ;

309 5255 314 5259 μ
357 5211 518 5282 Ἑμοὶ
551 5207 699 5262 δοκεῖ
725 5205 809 5258 ὅτι
835 5199 1052 5266 ἐκείνης
1074 5195 1174 5264 τῆς
1201 5191 1350 5262 ὥρας
1381 5182 1815 5248 καταλαδοῦσηςν
1835 5179 1920 5232 οἷδ’

345 5304 456 5368 δεὶς
480 5297 739 5372 μεριμνᾷ,
768 5294 832 5346 ού
859 5291 1087 5348 τέκνων,
1113 5285 1174 5338 οὑ
1197 5282 1390 5350 φίλων,
1417 5279 1518 5333 οὐκ
1569 5273 1834 5342 ἀδελφῶν,
1865 5269 1927 5324 ού

1400 5370 1496 5422 καὶ
1529 5363 1676 5434 λύπη
1715 5361 1898 5431 συνεῖχε

2032 5375 2221 5415 curam
2262 5357 2452 5418 ullam,
2481 5369 2546 5408 ac
2579 5351 2861 5406 tristitiam
2897 5347 3262 5403 decedentem
3307 5344 3610 5399 incessere.

351 5389 642 5461 γυναικόςο
666 5384 786 5438 οὐδὲ
818 5380 955 5450 άλλη
995 5372 1215 5448 φροντίς
1261 5388 1342 5436 τις

2004 3282 2250 3330 centum.
2281 3271 2422 3324 Tum
2467 3282 2648 3336 eoque
2693 3265 2914 3333 expleto
2963 3273 3234 3332 tempore,
3289 3257 3592 3330 quidnam?

2005 3363 2320 3437 IEgritudo.
2353 3361 2432 3416 Ex
2458 3376 2522 3414 ea
2554 3373 2711 3421 vero,
2757 3355 2934 3426 quid?
2969 3354 3184 3410 Virium
3218 3352 3478 3409 defectio.
3512 3351 3594 3406 Ex

2005 3472 2072 3513 ea
2097 3457 2252 3526 item,
2284 3451 2458 3522 quid?
2483 3447 2794 3504 Tremenda
2851 3446 2944 3500 illa
2980 3445 3142 3508 hora,
3181 3443 3442 3498 omnibus
3485 3455 3590 3494 cx-

2007 3555 2256 3616 spectata
2281 3585 2294 3608 ,
2337 3544 2628 3597 horrorem
2667 3539 2898 3603 faciens,
2934 3552 3001 3592 ac
3016 3537 3288 3607 neglecta.
3333 3534 3594 3605 Magnus,

2008 3637 2208 3692 fratres
2234 3633 2367 3695 mei.
2402 3639 2536 3686 tunc
2565 3631 2732 3684 timor
2779 3630 3023 3700 ingruet.
3074 3628 3328 3698 Magnum
3357 3626 3595 3681 animam

2005 3727 2218 3791 videre,
2257 3740 2422 3796 quam
2467 3723 2649 3793 angeli
2698 3736 2936 3790 corpore
2983 3719 3285 3775 extrudant
3320 3733 3587 3777 vacuam;

2007 3819 2288 3876 daemones
2317 3815 2386 3872 ad
2423 3813 2670 3870 rationes
2699 3811 3023 3882 deposcant.
3059 3809 3254 3880 Magna
3303 3809 3439 3862 liora
3494 3821 3596 3860 ne-

2011 3910 2325 3974 cessitatis,
2373 3924 2436 3962 ac
2473 3903 2698 3961 divortii
2756 3901 2926 3965 illius,
2966 3917 3094 3957 cum
3154 3898 3598 3954 immutabuntur

2011 4002 2190 4066 oculi;
2221 4015 2349 4054 cum
2395 4014 2462 4052 ex
2499 3993 2884 4050 imbecillitate
2919 4009 3026 4048 vox
3075 3990 3431 4060 impedietur,
3467 4003 3596 4043 cum

2011 4095 2195 4164 lingua
2215 4091 2436 4161 negabit
2455 4101 2794 4143 sermonem.
2828 4086 3077 4153 Tumque
3099 4081 3296 4137 crebro
3317 4077 3596 4140 bucillnc,
3675 4121 3690 4134 ,

2016 4192 2272 4255 torquet,
2313 4180 2512 4252 quaerit
2561 4179 2656 4248 qui
2715 4177 2917 4232 liberet
2951 4194 2964 4230 :
3003 4175 3152 4230 forte
3194 4181 3380 4228 autem
3429 4170 3598 4226 etiam

2017 4285 2259 4332 astantes
2291 4282 2451 4343 rogat
2493 4289 2506 4324 :
2557 4270 2787 4326 forsitan
2822 4269 2991 4323 etiam
3025 4267 3172 4322 lecto
3201 4265 3469 4320 enitimur
3507 4262 3598 4316 fu-

2016 4383 2167 4440 gere.
2229 4367 2489 4422 Astantes
2533 4364 2697 4418 nobis
2747 4362 2987 4425 amicos,
3036 4361 3257 4424 fratres,
3319 4364 3598 4427 parentes,

2021 4477 2132 4514 non
2193 4457 2581 4529 cognoscimus
2605 4495 2620 4523 ,
2667 4453 2810 4510 forte
2845 4441 3040 4507 autem
3077 4450 3281 4520 alloqui
3321 4463 3432 4504 non
3468 4461 3600 4517 pos-

2019 4565 2232 4605 sumus.

2095 4805 2378 4876 Lugentes
2408 4820 2511 4860 nos
2543 4803 2827 4868 audimus,
2867 4817 2974 4858 nec
3015 4801 3120 4856 ιιοε
3147 4797 3422 4855 consolari
3453 4795 3608 4850 vale-

2028 4917 2171 4954 mus.
2213 4898 2476 4953 Dolentes
2542 4895 2686 4952 filios
2719 4910 2786 4950 ac
2821 4895 3018 4949 flentes
3064 4890 3378 4954 cernimus;
3425 4901 3607 4956 eoque

2027 4992 2251 5048 nomine
2282 4988 2748 5059 a-grehabentes.
2781 4985 2929 5056 quod
2972 4983 3214 5054 pupillos
3265 4981 3390 5034 illos
3441 4977 3610 5032 relin-

2026 5097 2283 5154 quamus,
2317 5079 2678 5135 discedimus.
2720 5075 2936 5145 Ecquid
2966 5075 3094 5130 dico
3138 5071 3313 5127 ﬁlios?
3343 5068 3610 5124 Existimo

2029 5193 2094 5232 ea
2141 5170 2591 5244 apprehendente
2631 5168 2791 5231 hora,
2847 5166 3128 5220 neminem
3162 5161 3460 5216 sollicitum
3488 5172 3611 5212 esse

2034 5269 2296 5328 ﬁliorum,
2369 5263 2698 5325 amicorum,
2771 5259 3039 5318 fratrum,
3097 5254 3317 5318 uxor-is;
3379 5251 3613 5305 aliamve

364 5435 606 5461 δυ’-’νην
673 5435 777 5438 -νη
941 5435 955 5450 .
1009 5435 1054 5448 -.
1200 5435 1209 5436 κ

352 5483 536 5544 αὐτὸν,
563 5479 611 5531 εἰ
645 5476 721 5546 μὴ
744 5475 778 5545 ἠ
798 5473 907 5525 τῶν
942 5466 1137 5522 ἑαυτοῦ
1163 5457 1648 5536 παραπτωμάτων,
1692 5458 1783 5508 καὶ
1817 5455 1890 5507 πό

2031 5469 2196 5526 quam
2247 5464 2476 5528 suorum
2526 5447 2888 5509 delictorum,
2937 5457 3002 5496 ac
3051 5452 3289 5511 quonam
3337 5435 3502 5490 modo
3541 5440 3616 5487 sit

355 5573 662 5641 ἀπαντήσει
691 5560 770 5638 τῷ
801 5566 982 5636 κριτῇ,
1017 5562 1111 5614 καὶ
1134 5559 1186 5612 τί
1207 5553 1605 5624 ἀπολογήσεται
1627 5565 1640 5579 ·
1678 5548 1770 5602 καὶ
1796 5549 1889 5599 ποί

2035 5559 2372 5602 occursurus
2403 5539 2598 5614 indici,
2633 5537 2838 5609 quidve
2880 5544 3290 5604 responsurus:
3318 5541 3428 5597 qua
3476 5531 3616 5580 hora

433 5754 476 5789 ⁴⁹
503 5753 695 5810 Matth.
725 5749 777 5817 ὃ,
807 5751 840 5804 τί
870 5765 1022 5820 seqq.
