4078 6390
497 408 637 470 3267

1461 410 1864 470 MODESTUS
1911 412 2399 472 PATRIARCHA
2440 411 2849 472 IIIEROSOL.

3646 408 3790 475 3268

492 524 615 591 ejus
661 520 1063 590 suppliciorum
1117 520 1281 583 ratio,
1352 519 1503 589 quod
1568 520 1838 575 Lazarum
1885 521 2085 591 despc~

2199 523 2285 575 τὸν
2325 521 2579 592 Λάζαρον
2629 523 2904 593 ὑπερὶδεν,
2958 524 3250 593 ὑπέμεινεν
3278 521 3420 591 ἅπερ
3471 521 3782 591 ὑπέμεινεν.

492 611 726 666 xerit“.
750 611 857 666 Nui
879 629 905 665 ι
934 619 1068 665 vero
1098 612 1265 666 hodie
1297 610 1487 682 plures
1513 622 1645 666 sunt
1674 612 1821 682 apud
1862 629 1965 668 nos
1988 614 2092 667 La-

495 702 633 755 zari.
660 702 888 756 Praestat
934 719 1133 757 aurum
1165 703 1506 773 impendere,
1542 718 1607 758 ac
1637 702 1922 759 Christum
1963 721 2091 760 eoe-

499 808 671 846 mere.
724 792 887 855 Num,
913 792 958 847 si
985 809 1217 863 regnum
1240 794 1510 848 caelorum
1530 808 1640 847 non
1660 793 1857 850 liceret
1878 811 2085 859 emere,

495 884 685 954 plures
732 883 953 938 dicturi-
993 895 1156 940 erant
1189 902 1203 939 ;
1238 886 1459 941 Utinam
1494 888 1763 955 pecunias
1797 902 2089 957 possemus

495 977 652 1039 dare,
691 993 995 1047 earumque
1034 980 1215 1048 pretio
1243 980 1343 1033 Dei
1382 966 1896 1049 regnum‘referrel
1930 981 2089 1035 Nune

493 1078 677 1122 autem
714 1069 890 1137 palam
924 1070 1177 1125 videmus
1203 1072 1546 1139 venundari;
1579 1088 1761 1143 neque
1790 1073 1844 1127 id
1889 1075 2084 1137 multo,

493 1169 554 1212 ut
585 1160 679 1228 qni
704 1160 889 1215 minus
911 1161 1223 1232 locupletes
1248 1172 1403 1229 sunt,
1426 1166 1845 1219 excusationem
1877 1166 2086 1219 nullam

492 1259 818 1320 praetexam.
1568 1328 1575 1335 _

562 1343 696 1409 Quis
716 1344 789 1398 ita
815 1360 1048 1415 egenus,
1083 1354 1143 1400 ut
1164 1363 1275 1402 non
1297 1348 1473 1418 possit
1506 1349 1620 1404 duo
1650 1349 1847 1419 exigua
1872 1349 2086 1404 minuta

492 1452 690 1505 magna
742 1438 912 1490 animi
962 1439 1310 1505 incitatione,
1362 1440 1443 1494 uti
1491 1441 1660 1495 vidua
1713 1441 1904 1505 illa“,
1952 1441 2085 1495 dare

489 1526 745 1595 Christo;
808 1547 931 1598 qua:
982 1547 1175 1587 revera
1209 1549 1275 1587 ex
1314 1548 1560 1603 paupere
1613 1532 1772 1587 dives
1807 1534 2085 1603 extemplo

490 1620 633 1675 facta
661 1623 791 1676 est?
820 1624 994 1678 Nemo
1019 1625 1214 1679 inanes
1237 1627 1627 1680 excusationes
1651 1635 1883 1696 quzcrat.
1912 1628 2086 1682 Nemo

492 1711 680 1766 dicat:
719 1713 837 1767 Non
891 1715 1098 1782 habeo;
1137 1732 1351 1786 pauper
1403 1732 1547 1771 sum.
1579 1717 1717 1782 Quis
1760 1734 1871 1772 non
1919 1718 2086 1773 habet

489 1801 755 1874 frigidum
786 1822 942 1875 aqua:
971 1808 1202 1863 calicem
1232 1809 1256 1861 ?
1285 1809 1422 1875 Quis
1446 1810 1521 1863 ita
1558 1825 1789 1879 egenus,
1818 1819 1877 1864 ut
1905 1809 2086 1865 bonus

2196 615 2311 668 Νῦν
2339 616 2397 667 δὲ
2435 619 2676 686 σήμερον
2720 615 2849 686 παρ’
2880 618 3007 685 ἡμῖν
3067 616 3252 668 πολλοὶ
3302 614 3564 685 Λάζαροι.
3606 614 3788 669 Καλὸν

2196 708 2619 777 ἁποκτήσασθαι
2648 707 2739 760 τὸν
2761 707 2984 777 χρυσὸν,
3009 707 3102 760 καὶ
3123 705 3394 777 ἀγοράσαι
3418 706 3509 757 τὸν
3529 705 3789 775 Χριστόν.

2194 794 2342 869 Ἀρα
2371 801 2420 851 εἰ
2455 799 2530 869 μὴ
2558 795 2627 871 ἦν
2652 801 2922 869 ἀγοράσαι
2942 801 3037 869 τὴν
3067 798 3347 868 βασιλείαν
3378 795 3489 848 τῶν
3509 796 3777 865 οὐρανῶν,

2194 890 2293 942 οὐκ
2317 886 2463 959 εἶχον
2491 892 2537 942 οἱ
2574 890 2759 943 πολλοὶ
2790 891 2971 958 λέγειν
2995 908 3010 923 ο
3042 890 3166 943 Εἴθε
3187 886 3253 961 ἦν
3290 887 3474 943 δοῦναι
3500 888 3790 958 χρήματα,

2194 982 2291 1034 καὶ
2318 986 2415 1051 τὴν
2449 982 2731 1053 βασιλείαν
2760 982 2855 1035 τοῦ
2871 983 3005 1037 Θεοῦ
3031 981 3399 1053 κομίσασθαι;
3435 984 3554 1031 νυνὶ
3575 979 3631 1030 δὲ
3651 980 3793 1048 ὀρῶ-

2197 1092 2299 1142 μεν
2333 1079 2506 1144 αὐτὴν
2539 1075 2997 1145 πιπρασκομένην
3022 1074 3338 1144 προφανῶς,
3388 1073 3483 1125 καὶ
3507 1070 3629 1124 οὐδὲ
3662 1072 3795 1124 πο).-

2193 1165 2310 1231 λοῦ,
2333 1166 2420 1219 ἵνα
2455 1167 2531 1237 μὴ
2564 1167 3014 1237 προφασὶσωνται
3041 1167 3089 1218 οἱ
3120 1164 3474 1235 πτωχότεροι.

2260 1347 2358 1410 Τις
2384 1348 2483 1400 οὐκ
2518 1345 2829 1417 ἔχειλεπτὰ
2849 1346 2944 1399 δύο
2977 1345 3147 1416 μικρὰ
3169 1343 3352 1397 δοῦναι
3383 1341 3607 1412 Χριστῷ
3649 1340 3790 1410 μετὰ

2196 1439 2439 1510 μεγάλης
2474 1440 2807 1510 προθέσεως,
2835 1440 2909 1501 ὡς
2933 1440 2965 1509 ἡ
2985 1440 3129 1508 χήρα
3155 1437 3359 1505 ὲκείνη,
3382 1437 3414 1505 ἡ
3443 1436 3611 1496 ὅντως
3638 1432 3791 1497 ἐξιξ-

2193 1550 2331 1602 enim;
2369 1534 2434 1585 ἐκ
2464 1532 2656 1593 πενίας
2688 1532 3078 1601 πλουτήσασας
3107 1530 3312 1600 Μηδεὶς
3337 1527 3785 1600 προφασιζέσθω.

2191 1625 2281 1694 Μή
2319 1641 2409 1693 μοι
2441 1622 2591 1692 λέγε,
2627 1624 2741 1677 Οὐκ
2771 1623 2908 1692 ἔχω’
2960 1622 3178 1692 πτωχός
3222 1623 3361 1689 εἰμι.
3410 1618 3507 1683 Τίς
3542 1621 3642 1671 οὐκ
3670 1618 3791 1686 ἔχει

2192 1719 2455 1787 ποτήριον
2478 1716 2689 1786 ψυχροῦ
2716 1715 2939 1780 66110;;
2961 1714 3057 1779 Τίς
3089 1716 3189 1768 οὐκ
3209 1714 3436 1783 εὐπορεί
3459 1712 3622 1777 λόγου
3647 1711 3793 1777 ἀγα-

2194 1807 2317 1876 Οοῦς
2348 1808 2444 1872 Τίς
2458 1808 2517 1860 οὐ
2531 1807 2753 1860 δύναται
2779 1807 3031 1873 στενάξαι
3057 1807 3151 1860 ἐπὶ
3180 1805 3409 1874 πτωχιῖη
3444 1802 3631 1866 Οὐδεὶς
3656 1802 3789 1855 τού-

488 1910 617 1949 eum
675 1913 859 1951 sermo
924 1900 1188 1954 deﬁciat?
1221 1901 1323 1956 Cui
1373 1918 1484 1955 non
1535 1901 1670 1956 licet
1724 1911 1783 1955 ut
1830 1902 2087 1973 pauperis

2199 1919 2301 1955 τιον
2329 1904 2546 1972 ἀπορεῖ.
2581 1901 2720 1955 Ἀλλ’
2742 1901 2913 1964 ὅντως
2933 1903 2966 1970 ἡ
2985 1898 3178 1970 γνώμη
3201 1896 3438 1967 ἀσθενής
3464 1911 3478 1924 ·
3506 1897 3601 1949 καὶ
3623 1893 3791 1948 τοῦτο

489 1987 849 2043 miseratione
893 1992 1123 2061 gemat?
1163 1993 1309 2048 Nulli
1344 1993 1461 2047 haec
1495 1992 1728 2046 facultas
1773 1992 1951 2046 deest.
2013 1995 2082 2047 At

2199 1996 2571 2065 γινώσκοντες,
2602 1997 2683 2049 ὅτι
2711 1996 2803 2048 καὶ
2831 1996 2997 2066 ἡμεῖς
3024 1990 3366 2063 αἰχμάλωτοι
3390 1989 3452 2044 ὃν
3483 1977 3726 2057 [16;]...

489 2094 685 2133 revera
710 2081 933 2136 animus
980 2082 1234 2138 inlirnms
1264 2093 1347 2138 est
1387 2101 1400 2137 :
1433 2084 1599 2153 idque
1633 2100 1761 2139 cum
1817 2087 2083 2151 sciamus,
2288 2092 2291 2095 ’

488 2184 612 2225 esse
644 2186 746 2227 nos
771 2189 993 2244 quoque
1026 2176 1347 2245 captivos...

1027 2292 1251 2363 (Desunt
1288 2295 1544 2365 reliqua.)

2848 2292 3120 2361 (Λειπει.)

564 2447 611 2480 ¹²
643 2446 775 2503 Luc.
796 2460 908 2513 xvt,
933 2448 1017 2507 l9.
1090 2450 1138 2485 ³³
1169 2452 1306 2507 Luc.
1338 2468 1452 2518 xm,
1483 2453 1538 2508 2.

2058 2632 3765 2675 Μ

490 2637 2341 2678 W

1782 2835 1956 2882 ANNO
2002 2836 2232 2881 DOMINI
2273 2835 2486 2879 DCXIV.

1536 3007 2716 3197 MODESTUS

1054 3333 1269 3423 IlIE
1293 3328 2161 3426 ROSOLYMITAN
2183 3331 2320 3420 US
2424 3330 3218 3421 PATRIARCHA.

1966 3624 2294 3699 NOTlTIA.

1486 3810 1791 3881 (Commius.
1828 3804 2076 3861 Bibliotli.
2111 3806 2405 3858 roncional.
2436 3810 2474 3860 ι.
2499 3804 2632 3874 Lp.
2661 3805 2779 3878 δί.)

550 4082 853 4146 Modestus,
881 4079 1158 4135 Zachariae
1181 4079 1235 4134 in
1260 4075 1915 4147 sedellierosolymitana
1945 4089 2253 4138 successor,
2279 4074 2557 4145 illiusque,
2580 4091 2648 4130 eo
2678 4074 2895 4146 captivo
2922 4075 2978 4130 in
3002 4076 3231 4147 regione
3250 4077 3565 4145 Persarum,
3594 4077 3779 4137 admi-

480 4172 780 4237 nistrator;
815 4171 973 4241 cujus
1005 4170 1171 4224 etiam
1206 4170 1318 4225 sint
1364 4167 1479 4233 illa,
1526 4182 1625 4237 per
1662 4177 1881 4237 tempus
1929 4164 2064 4219 illud
2089 4166 2445 4236 captivitatis,
2480 4166 2628 4220 dicta
2659 4182 2722 4221 ae
2757 4167 2962 4236 scripta
2993 4168 3237 4225 solandis
3274 4171 3462 4240 populi
3495 4172 3772 4242 reliquiis,

480 4282 605 4339 qua:
633 4263 1021 4336 reprazsentavi
1054 4262 1335 4333 manipulo
1363 4261 1459 4316 illo
1483 4269 1815 4315 tractatuum
1843 4257 2246 4329 Chrysostomi,
2274 4256 2585 4322 Severiani,
2615 4257 2803 4314 Basilii
2828 4259 3117 4326 Seleucia,
3146 4269 3282 4327 etc.,
3309 4262 3519 4334 quibus
3548 4263 3631 4320 sic
3649 4281 3781 4337 gn-

478 4362 642 4435 phice
663 4362 784 4433 ejus
804 4359 1143 4430 captivitatis
1177 4356 1432 4412 miserias
1462 4354 1750 4425 deplorat;
1799 4351 2066 4423 quasdam
2104 4352 2330 4421 scripsit
2358 4352 2626 4408 Homilias
2649 4352 2705 4407 in
2726 4354 2992 4411 mulieres
3026 4366 3309 4426 unguenta
3340 4356 3607 4424 ferentes,
3632 4370 3695 4415 et
3717 4359 3775 4415 in

483 4462 686 4515 festum
718 4455 1018 4519 Occursus,
1047 4469 1280 4524 quarum
1316 4458 1575 4520 excerpta
1610 4448 1766 4504 dedit
1811 4446 2064 4509 Photius,
2107 4445 2300 4501 codice
2334 4445 2461 4511 275,
2493 4462 2558 4502 ex
2588 4460 2701 4517 quo
2750 4447 2869 4516 ipse
2908 4456 3213 4505 mutuatus.
3258 4449 3662 4507 Laudationem
3716 4452 3774 4507 in

479 4546 877 4602 Dormitionem
918 4555 1122 4601 sancta:
1153 4543 1248 4598 Dei
1277 4540 1579 4596 Genitrieis
1610 4553 1670 4593 se
1703 4537 1903 4608 legisse
1935 4537 2011 4591 ait
2050 4538 2303 4604 Photius,
2342 4537 2482 4593 nihil
2516 4546 2701 4594 tamen
2743 4539 2802 4594 in
2842 4540 2933 4595 illa
2965 4541 3342 4597 necessarium
3374 4544 3677 4610 invenisse,
3708 4564 3776 4603 ac

478 4640 748 4710 ejusmodi
784 4638 968 4710 qualia
1002 4636 1170 4692 habet
1201 4633 1283 4689 illi
1322 4631 1593 4700 superior,
1627 4630 1723 4693 Et;
1756 4631 1855 4693 τὰς
1893 4631 2258 4701 μυροφὸρους.
2290 4630 2433 4686 Sunt
2460 4641 2612 4686 certe
2642 4631 2792 4686 illius
2819 4632 3119 4702 singularia
3145 4634 3214 4689 de
3251 4635 3588 4705 Magdalena,
3617 4639 3773 4709 quod

478 4732 637 4802 virgo
670 4732 855 4797 luerit,
886 4728 1037 4800 quod
1087 4735 1211 4798 post
1260 4732 1463 4778 sancta:
1494 4721 1680 4779 Maria:
1722 4723 2149 4789 Dormitionem,
2185 4723 2453 4780 Joannem
2499 4723 2781 4794 Ephesum
2821 4737 3012 4780 secuta
3058 4727 3162 4791 sit,
3201 4727 3390 4799 ibique
3438 4734 3772 4803 martyrium

479 4824 683 4880 obierit
710 4840 729 4879 :
761 4821 909 4893 quod
948 4819 1052 4875 sub
1081 4815 1253 4873 Maria
1294 4813 1390 4869 Dei
1420 4813 1702 4870 Genitrice
1731 4824 1787 4869 et
1826 4815 2044 4884 \‘irgine
2069 4814 2180 4870 dux
2225 4824 2285 4870 et
2326 4814 2587 4885 princeps
2619 4815 2829 4871 Christi
2860 4815 3283 4887 discipularum,
3310 4819 3390 4874 uti
3423 4820 3539 4876 fere
3567 4822 3770 4878 Petrus

478 4916 881 4987 discipulorum
908 4912 1242 4973 exsisteret;
1274 4906 1363 4960 cui
1401 4921 1696 4960 commune
1727 4923 1854 4962 cum
1888 4907 1979 4960 illa
2026 4923 2232 4962 nomen
2280 4915 2466 4961 esset:
2499 4907 2706 4977 duplici
2742 4908 2913 4963 choro
2944 4908 3343 4981 discipulorum
3368 4920 3425 4967 et
3457 4913 3767 4986 discipula-

478 5026 627 5074 rum,
659 5007 751 5077 qui
795 5002 1089 5059 Dominum
1121 5007 1179 5054 et
1205 5015 1326 5068 qua:
1357 4998 1573 5053 Domini
1609 4999 1837 5053 Matrem
1887 5009 2236 5069 sequeretur,
2270 5016 2395 5055 eum
2437 4999 2652 5055 scilicet
2693 5001 2959 5057 Dominus
3004 5017 3128 5057 eum
3165 5004 3498 5062 mulieribus
3555 5025 3771 5066 sermo-

479 5122 607 5162 nem
632 5117 742 5156 non
772 5099 1031 5155 misceret
1057 5113 1070 5149 :
1104 5107 1223 5161 qua:
1247 5094 1330 5147 vir
1358 5103 1605 5157 sanctus,
1636 5094 1838 5163 partim
1869 5108 1937 5147 ex
1965 5092 2253 5162 Scriptura
2283 5091 2563 5155 habuerit,
2600 5092 2800 5162 partim
2837 5108 2902 5149 ex
2943 5109 3057 5149 suae
3084 5094 3345 5150 Ecclesiae
3373 5097 3611 5166 quadam
3646 5110 3765 5154 tra-

479 5199 725 5261 ditione;
764 5194 819 5248 in
853 5207 1017 5262 quam
1050 5190 1357 5260 inquirere,
1402 5188 1583 5258 iisque
1620 5204 1958 5258 componere
1987 5204 2112 5257 quae
2152 5187 2222 5243 de
2258 5187 2576 5260 Magdalena
2616 5189 2710 5243 alii
2760 5188 2987 5256 habent,
3018 5206 3122 5245 nec
3168 5191 3266 5246 otii
3312 5193 3405 5258 sit,
3448 5210 3553 5251 nec
3590 5195 3761 5267 hujus

479 5304 679 5362 opene.
707 5287 827 5343 Non
854 5285 988 5340 satis
1008 5285 1267 5340 convenit
1293 5282 1616 5351 Theophani
1642 5291 1698 5336 et
1723 5290 1915 5336 saneto
1944 5281 2282 5351 Nieephoro,
2307 5281 2661 5351 quandonam
2692 5282 2872 5339 factus
2902 5284 3197 5355 episc0pus
3218 5285 3519 5354 Modestus,
3548 5296 3763 5344 etnum

479 5380 776 5439 Zacharias
805 5377 974 5433 redux
1010 5393 1040 5431 a
1072 5375 1391 5446 captivitate
1421 5374 1537 5445 ipse
1567 5373 1826 5429 Heraclio
1866 5372 2053 5427 socius
2083 5372 2253 5427 fuerit
2308 5389 2373 5429 ac
2414 5373 2637 5445 adjutor
2677 5375 2995 5446 reponenda
3040 5376 3260 5431 Domini
3295 5393 3482 5445 cruce,
3510 5380 3598 5437 vel
3629 5392 3765 5439 ante

480 5472 629 5527 diem
659 5464 880 5521 obierit.
913 5465 1048 5531 Imo,
1079 5479 1213 5518 num
1252 5464 1365 5536 jam
1415 5463 1663 5519 Modesto
1701 5462 1967 5531 episeopo
1996 5461 2132 5517 urbs
2164 5474 2321 5533 capta
2367 5463 2468 5531 sit;
2512 5481 2635 5535 quae
2679 5467 2860 5521 sancti
2892 5450 3193 5539 Ni'eephori
3222 5471 3495 5526 sententia
3536 5473 3766 5533 videtur

480 5562 714 5617 adversa
738 5555 1093 5626 Theophanis
1121 5554 1365 5610 historiae
1391 5563 1447 5607 et
1485 5552 1971 5624 ehronographize.
2012 5552 2131 5619 Qua
2171 5552 2240 5610 de
2272 5570 2331 5610 re
2365 5556 2644 5624 Petavius,
2685 5556 2755 5614 ad
2794 5568 3047 5616 sanctum
3083 5559 3484 5632 Nicephdrum,
3516 5562 3578 5619 Ρ.
3609 5563 3762 5622 Guar

479 5654 541 5712 in
564 5648 922 5724 Theophane,
950 5647 1176 5721 ipseque
1209 5646 1355 5701 notis
1392 5644 1461 5699 ad
1485 5661 1631 5701 eum.
