4078 6390
239 444 396 508 2269
1734 445 1849 506 NO'.

1890 445 2061 504 lTIA.
3364 444 3500 508 3270

1557 786 1857 847 ΝΟΤΙΤΙΑ
1894 787 2213 846 ALTERA.

1336 947 1614 1019 (Lagum.
1646 946 1737 1002 Or.
1773 946 1967 1001 Christ.
1999 957 2035 1000 ι.
2064 947 2154 1010 111,
2183 964 2235 1017 p.
2269 946 2419 1016 2.38.}

320 1240 1114 1315 Zachariallierosolymitano
1141 1241 1454 1312 patriarcha
1495 1241 1737 1297 abducto
1771 1241 1827 1295 in
1851 1240 2132 1295 Persidem
2181 1257 2334 1294 anno
2356 1239 2558 1295 Christi
2614 1241 2736 1303 6H,
2774 1241 2922 1295 circa
2964 1256 3208 1296 mensem
3254 1241 3500 1304 Junium,

247 1344 313 1389 ut
344 1349 517 1402 supra
566 1332 775 1386 dictum
800 1339 906 1392 est,
942 1330 1011 1383 ne
1043 1329 1281 1399 pastoris
1310 1328 1589 1397 regimine
1622 1328 1740 1382 haec
1772 1328 2012 1383 ecclesia
2061 1336 2300 1392 careret,
2336 1329 2456 1398 ejus
2486 1328 3020 1383 administrationem
3049 1330 3281 1398 sumpsit
3323 1329 3410 1395 (ad
3448 1330 3503 1384 id

249 1422 581 1490 designatus
606 1419 798 1488 procul
823 1417 995 1472 dubio
1024 1417 1094 1471 ab
1124 1417 1244 1486 ipso
1270 1416 1540 1470 Zacharia
1565 1432 1700 1469 suus
1732 1432 1831 1484 per
1865 1416 2170 1469 absentiam
2193 1415 2455 1481 vicarius,
2488 1431 2551 1470 ac
2580 1416 2646 1470 de
2667 1432 2939 1471 consensu
2962 1416 3343 1485 epise0porum
3375 1433 3504 1486 pro-

247 1508 456 1561 vinciae
489 1506 584 1575 qui
615 1504 994 1574 captivitatem
1016 1503 1348 1574 effugerant)
1380 1503 1682 1566 Modestus,
1719 1502 1788 1556 de
1818 1518 1928 1571 quo
1960 1503 2293 1557 AutiOchum
2338 1503 2395 1557 in
2443 1504 2678 1572 cpistola
2722 1505 2833 1573 jam
2885 1503 3053 1557 citata
3087 1503 3331 1556 locutum
3364 1505 3507 1556 vidi-

248 1610 401 1649 mus.
435 1593 486 1647 ls
508 1592 836 1661 praepositus
855 1600 974 1646 erat
1007 1590 1328 1644 monasterii
1365 1590 1538 1644 sancti
1572 1588 1868 1643 Theodosii
1893 1591 1943 1644 in
1971 1591 2277 1655 Palaestina,
2310 1606 2375 1645 ex
2400 1590 2740 1660 Papebroch.
2779 1601 2904 1644 tom.
2945 1590 3002 1643 ΙΙ
3032 1589 3223 1654 Mam,
3255 1592 3326 1644 ad
3367 1592 3506 1644 diem

253 1682 345 1745 11,
376 1697 430 1733 n.
475 1679 564 1743 21,
597 1695 720 1746 pag.
756 1678 847 1738 68,
876 1679 975 1731 col.
1002 1677 1054 1731 2.
1083 1676 1316 1744 Quando
1345 1676 1460 1731 lucc
1508 1675 1658 1730 sedis
1706 1675 2215 1746 llicrosolymilanm
2252 1691 2384 1730 cura
2413 1677 2463 1730 ei
2493 1680 2784 1730 commissa
2842 1685 2945 1739 est,
3002 1676 3327 1745 insignitum
3376 1692 3508 1744 pro—

248 1776 449 1836 pterea
474 1764 773 1833 episcOpali
803 1772 1104 1825 caractere,
1134 1763 1263 1817 licet
1297 1777 1555 1831 expresse
1595 1777 1705 1815 non
1743 1760 1964 1815 tradant
1996 1771 2274 1827 auctores,
2294 1762 2458 1815 illum
2491 1763 2580 1815 vix
2628 1762 2843 1817 inﬁcias
2873 1762 3053 1825 iverit,
3088 1762 3181 1831 qui
3225 1763 3504 1828 eumdem,

247 1854 480 1908 vivente
507 1852 689 1907 adhuc
716 1851 1005 1916 Zacharia,
1028 1851 1539 1920 Hierosolymorum
1562 1850 1852 1920 praesulem
1886 1850 2162 1904 interdum
2188 1849 2462 1904 nominari
2486 1849 2808 1903 adverterit.
2836 1849 2912 1902 Ea
2939 1850 3124 1918 itaque
3152 1849 3507 1903 administra-

248 1939 409 1992 tione
442 1945 659 1999 auctus,
689 1937 973 1990 nominato
1004 1936 1058 1989 in
1088 1935 1337 2005 praedicti
1365 1936 1688 1991 monasterii
1713 1936 1965 1989 abbatem
2003 1935 2261 2005 Georgio,
2293 1950 2491 2004 magno
2518 1934 2740 2000 ardore,
2767 1950 2877 1988 non
2913 1935 2979 1989 iis
3025 1945 3236 1988 tantum
3274 1951 3396 2004 quae
3437 1935 3507 1989 ad

251 2025 607 2094 spiritualem
634 2023 944 2077 animarum
973 2008 1310 2093 profectum,
1350 2031 1409 2077 et
1437 2024 1832 2077 monachorum
1862 2022 2134 2091 imprimis
2158 2024 2408 2092 requiem
2440 2022 2751 2076 attinebant
2786 2023 3086 2091 prospexit,
3133 2023 3226 2076 sed
3279 2023 3508 2090 insuper

251 2111 419 2181 quasi
450 2112 591 2165 alter
614 2108 954 2175 'Zorobabel,
985 2111 1041 2165 in
1076 2110 1458 2165 restaurandis
1479 2109 1727 2166 aediﬁciis
1756 2126 1821 2165 ac
1870 2110 2088 2179 templis
2118 2126 2239 2178 qua:
2290 2110 2413 2179 igne
2447 2120 2775 2178 consumpta
2808 2110 3047 2172 fuerant,
3085 2108 3510 2165 adversantibus

247 2198 391 2255 licet
421 2208 541 2253 tota
568 2199 773 2252 virtute
801 2197 1030 2262 iudicis,
1061 2199 1357 2269 Persisque
1389 2200 1726 2270 tyrannicam
1748 2208 1874 2253 actu
1912 2199 2307 2253 exercentibus
2334 2198 2389 2251 in
2419 2198 2709 2252 Palaestina
2738 2198 3194 2262 dominationem,
3230 2198 3377 2267 quod
3407 2198 3510 2252 im-

252 2286 524 2356 possibile
551 2285 870 2350 videbatur,
903 2297 1185 2341 strenuam
1220 2285 1584 2340 nihilominus
1615 2286 1859 2363 admovit
1895 2301 2140 2356 operam.
2193 2286 2588 2340 Monachorum
2634 2287 2729 2355 qui
2763 2302 2794 2340 a
2850 2285 3141 2340 Saracenis
3194 2286 3510 2340 immaniter

253 2373 520 2427 trucidati
563 2372 782 2427 fuerant
816 2372 1108 2441 exsequias
1150 2372 1462 2427 celebrasse
1489 2372 1603 2441 jam
1637 2370 2077 2437 observavimus,
2136 2382 2397 2427 narrante
2427 2372 2721 2437 Antiocho,
2771 2373 2867 2443 qui
2921 2373 3000 2427 sic
3044 2373 3399 2442 prosequitur
3451 2374 3509 2428 in

252 2461 453 2514 eadem
487 2459 719 2529 epistola
751 2475 840 2528 pp.
881 2459 1036 2523 1023,
1071 2458 1233 2523 1021,
1268 2467 1325 2513 et
1357 2457 1501 2527 apud
1537 2457 1736 2513 Baron.
1763 2458 1828 2512 ad
1860 2475 1989 2513 ann.
2020 2459 2123 2514 (306
2174 2476 2272 2514 nn.
2313 2460 2346 2514 5
2387 2444 2525 2515 et'G.
2553 2459 2658 2513 Nos
2690 2459 2911 2529 proinde
2949 2458 3173 2512 humiles
3208 2466 3258 2511 et
3294 2459 3505 2529 abjecti,

253 2547 438 2616 gratia
468 2547 698 2616 primum
719 2544 835 2610 Dei,
861 2545 1049 2599 deinde
1074 2547 1213 2599 seria
1245 2544 1530 2599 admodum
1559 2553 1608 2598 et
1631 2554 1885 2599 accurata
1909 2545 2185 2617 diligentia
2219 2548 2612 2616 prwmemorati
2646 2546 2968 2600 sanctissimi
2999 2544 3239 2608 Modesti,
3266 2546 3502 2599 sedenta-

254 2635 399 2687 riam
426 2635 562 2686 hanc
597 2633 854 2701 exigimus
875 2634 1038 2686 vitam
1067 2634 1122 2686 in
1150 2632 1392 2686 liberiore
1434 2642 1483 2685 et
1527 2631 1901 2703 tranquilliore
1923 2635 2047 2686 otio.
2090 2633 2158 2687 Et
2184 2649 2379 2687 rursus
2416 2650 2429 2685 :
2468 2631 2656 2687 Gratia
2701 2634 2826 2685 item
2858 2632 3073 2696 Christi,
3119 2632 3211 2684 sed
3250 2641 3301 2685 et
3324 2631 3510 2685 solerti

255 2719 553 2774 sedulitate
568 2720 689 2790 jam
721 2719 848 2773 dicti
877 2720 1166 2774 venerandi
1193 2721 1433 2791 apprime
1462 2718 1643 2773 Patris
1671 2721 1839 2774 nostri
1879 2720 2118 2787 Modesti,
2165 2730 2351 2774 cuncta
2408 2722 2462 2774 id
2506 2723 2753 2791 temporis
2788 2721 3093 2775 incoluntur
3155 2722 3316 2792 cffusa
3357 2722 3509 2775 istius

257 2808 428 2860 eremi
454 2808 798 2861 monasteria.
829 2806 896 2860 Et
921 2806 1082 2875 paulo
1107 2816 1235 2876 post
1260 2823 1273 2859 :
1302 2804 1597 2876 Supersunt
1625 2807 1813 2860 nuntia
1836 2807 2037 2879 aliquot
2059 2824 2188 2862 sane
2215 2824 2375 2879 quam
2413 2808 2557 2872 (ccta,
2592 2825 2812 2877 quorum
2842 2807 2989 2876 ﬁdeli
3020 2807 3213 2873 relatu,
3245 2818 3294 2862 et
3313 2816 3506 2868 vestra.

258 2906 308 2950 et
348 2896 522 2948 omnis
551 2896 825 2948 sinceriter
859 2894 1148 2951 Christiani
1173 2897 1355 2950 anima
1383 2902 1568 2948 merito
1600 2895 1761 2965 possit
1795 2896 2194 2951 exhilarescere.
2220 2898 2345 2952 Ha'c
2371 2900 2533 2969 igitur
2563 2914 2625 2951 ea:
2674 2908 2921 2968 promptu
2944 2910 2992 2951 et
3027 2898 3207 2952 alacer
3250 2901 3510 2954 annuntio

257 2984 442 3038 vobis:
478 2982 739 3037 Modestus
760 2984 1060 3037 sanctitatis
1093 2984 1298 3037 eximia:
1326 2984 1408 3037 vir
1438 2985 1523 3053 (de
1548 2999 1650 3053 quo
1677 3000 1779 3036 non
1813 2984 1973 3037 semel
2022 2985 2262 3049 dictum),
2296 3002 2399 3038 non
2420 3002 2600 3055 eorum
2641 2984 2791 3037 modo
2827 2986 3098 3055 providam
3149 2988 3280 3055 gerit
3325 3003 3509 3040 curant

265 3071 552 3133 sollicitus,
583 3086 703 3141 qua:
736 3087 829 3140 per
862 3072 998 3124 hanc
1022 3082 1230 3125 vastam
1260 3087 1491 3124 eremum
1525 3073 1755 3141 sparsim
1784 3072 2002 3142 disjecta
2034 3080 2156 3126 sunt
2185 3074 2644 3136 monasteriorum,
2668 3072 2757 3126 sed
2796 3081 2844 3124 et
2870 3073 3208 3127 moderanda:
3234 3074 3351 3126 huic
3380 3075 3511 3126 civi-

258 3160 383 3223 tati,
416 3176 479 3212 ac
500 3161 758 3213 universa!
791 3158 1232 3228 circumﬁnitima:
1283 3160 1484 3229 regioni
1521 3159 1742 3213 solerter
1778 3161 2050 3230 prospicit,
2090 3158 2199 3212 Deo
2227 3160 2391 3213 eidem
2414 3170 2721 3230 coaperante
2753 3161 2808 3214 in
2862 3160 3238 3213 omnibus.llic
3280 3161 3417 3213 enim
3441 3159 3512 3212 ad

259 3246 436 3299 vivum
471 3245 614 3298 nobis
641 3245 888 3315 exprimit
917 3246 1202 3316 imaginem
1228 3248 1345 3299 novi
1372 3245 1667 3316 cujuspiam
1693 3245 1991 3311 Beseleelis,
2024 3256 2116 3299 aut
2144 3257 2282 3299 certe
2304 3245 2658 3301 Zorobubelis.
2686 3246 2871 3302 Gratia
2911 3247 3051 3300 enim
3070 3246 3255 3316 plenus
3285 3245 3511 3316 Spiritus

259 3332 459 3395 sancti,
489 3331 684 3402 templa
716 3331 1010 3387 Saluatoris
1043 3335 1209 3388 nostri
1237 3333 1363 3388 Iesu
1394 3332 1609 3398 Christi,
1629 3350 1746 3404 qua:
1797 3335 2005 3405 quidem
2057 3334 2334 3387 barbarico
2377 3336 2496 3404 igne
2537 3337 2960 3406 conﬂagrarunt,
3010 3335 3064 3388 in
3112 3335 3332 3388 sublime
3361 3336 3513 3405 erigit

261 3420 410 3473 omni
435 3434 653 3489 prorsus
677 3421 837 3490 digna
872 3422 1225 3484 veneratione,
1256 3429 1384 3490 puta
1436 3422 1575 3474 ardes
1603 3432 1804 3476 sancta:
1838 3420 2122 3487 Calvarice,
2177 3437 2239 3474 ac
2289 3429 2489 3474 sanctw
2539 3421 2977 3485 Resurrcctionis,
3036 3422 3248 3475 domum
3298 3423 3516 3491 insuper

260 3508 481 3577 dignam
502 3507 647 3560 omni
674 3507 869 3559 honore
888 3507 1202 3561 veneranda:
1227 3506 1429 3573 Crucis,
1460 3524 1578 3578 qua:
1603 3508 1778 3561 Mater
1800 3508 2160 3563 Ecclesiarum
2191 3517 2303 3574 est;
2337 3510 2429 3562 sed
2448 3518 2499 3563 et
2518 3520 2716 3563 sancta:
2736 3511 3119 3579 Assumptionis
3138 3509 3301 3563 wdem
3331 3527 3362 3562 a
3394 3510 3518 3579 [un-

262 3593 526 3648 damentis
565 3593 859 3662 exwdiﬁcat
893 3610 911 3647 :
937 3597 1064 3647 adeo
1093 3603 1149 3645 ut
1180 3609 1272 3662 per
1298 3594 1408 3646 lucc
1445 3594 1570 3647 [arta
1604 3595 1780 3659 initia,
1814 3595 1878 3647 de
1917 3596 2107 3665 futuris
2143 3612 2348 3666 quoque
2391 3612 2508 3664 spes
2553 3596 2911 3665 amplissimas
2952 3598 3331 3666 concipiamus,
3363 3598 3518 3668 idque

261 3681 344 3735 vel
367 3681 428 3735 ob
459 3697 543 3734 eos
570 3683 800 3734 maxime
818 3681 908 3750 qui
945 3681 1044 3733 huc
1076 3690 1363 3750 sperantur
1392 3682 1598 3734 venturi
1629 3681 1694 3735 ab
1724 3684 1953 3735 externis
1980 3683 2274 3752 regionibus
2304 3690 2489 3736 sancta
2518 3683 2627 3735 haec
2658 3681 2773 3734 loca
2806 3692 2860 3734 ut
2899 3682 3141 3745 adorent,
3173 3692 3229 3734 ut
3261 3699 3436 3735 omnes
3460 3684 3515 3735 in

262 3784 541 3822 commune
568 3767 922 3839 glori/icemus
955 3767 1144 3821 Deum.
1192 3767 1319 3823 llmc
1345 3769 1669 3822 Antiochus.
1714 3767 2130 3836 Papebrochius
2180 3784 2314 3823 vero
2357 3776 2511 3821 tract.
2550 3767 2841 3838 pra’limin.
2877 3769 2933 3821 in
2963 3777 3089 3821 tom.
3117 3769 3205 3823 III
3238 3771 3513 3827 Actorum,

263 3856 459 3908 mensis
488 3853 640 3919 Maii,
665 3870 717 3921 p.
751 3854 840 3917 51,
869 3870 923 3906 n.
958 3854 1077 3917 156,
1112 3855 1210 3909 col.
1250 3856 1298 3920 1,
1330 3867 1618 3925 postquam
1655 3856 1845 3910 retulit
1891 3856 2064 3910 verba
2096 3854 2345 3924 quaedam
2381 3855 2628 3924 epistola:
2660 3853 2941 3908 Zachariae
2972 3854 3028 3908 in
3056 3854 3281 3909 Perside
3312 3855 3513 3923 captivi

263 3940 333 3996 ad
365 3941 633 4011 populum
677 3940 1263 4012 Hierosolymitanum,
1307 3959 1429 4013 qua:
1473 3959 1574 3997 nos
1624 3958 1788 4012 supra
1817 3942 1886 3997 de
1909 3942 2171 3996 Zacharia
2199 3949 2428 4011 agentes
2459 3956 2526 3994 ex
2551 3940 2671 4010 ipso
2707 3940 3061 4003 adduximus,
3099 3940 3327 3996 subdit:
3368 3942 3517 3995 llanc

188 4080 191 4083 λ
262 4029 576 4098 epistolam,
607 4028 899 4098 prolixiori
932 4029 1062 4093 alia,
1101 4029 1374 4099 planeque
1409 4029 1477 4083 ad
1507 4030 1831 4083 movendam
1862 4030 2347 4098 compunctioncm
2385 4026 2614 4090 cﬁicaci,
2670 4026 2739 4080 ad
2780 4042 2974 4081 omnes
3014 4027 3206 4082 ﬁdeles
3253 4028 3513 4083 exhorta-

264 4116 419 4170 tione
445 4115 804 4185 prosequitur
828 4115 1107 4170 Modestus
1139 4116 1417 4171 Zacltariaa
1452 4117 1722 4175 vicarius;
1753 4125 1810 4170 et
1866 4126 2125 4185 tanquam
2153 4130 2316 4169 suum
2370 4123 2760 4170 testamentum
2796 4115 3063 4181 condens,
3116 4117 3297 4171 omnis
3322 4117 3516 4170 condi-

264 4201 457 4264 tionis,
486 4201 667 4258 aetatis
688 4217 751 4257 ac
785 4217 948 4258 sexus
986 4202 1177 4257 ﬁdeles
1202 4203 1370 4258 oﬁicii
1393 4204 1480 4261 sui
1508 4204 1792 4269 admonet,
1819 4203 2092 4273 incipiens
2120 4202 2187 4257 ab
2211 4202 2467 4257 tristibus
2509 4202 2579 4256 iis
2617 4217 2743 4270 quae
2784 4202 2992 4256 residui
3036 4202 3091 4256 in
3134 4202 3271 4256 urbe
3330 4212 3518 4257 sancta

264 4286 482 4352 ﬁdeles,
517 4295 642 4358 post
668 4302 917 4353 crucem,
946 4289 1316 4358 patriarcham
1343 4297 1401 4343 et
1424 4298 1658 4345 caeteros
1690 4290 1982 4355 abductos,
2014 4289 2296 4344 viderunt.
2322 4289 2537 4343 Laudat
2561 4288 2617 4342 in
2646 4287 2840 4358 primis
2883 4288 3244 4343 Nieodemum
3289 4304 3354 4344 ac
3386 4306 3519 4344 cono

259 4375 449 4447 iugem
474 4373 873 4445 Magdalenam,
909 4377 998 4445 qui
1025 4386 1305 4446 postquam
1333 4379 1504 4431 hostes
1536 4378 1778 4430 exiissem
1809 4385 1966 4447 atque
1994 4377 2047 4429 in
2072 4375 2342 4429 Persidem
2378 4375 2673 4441 rediissent,
2702 4384 2866 4429 totam
2906 4370 3103 4429 circum
3135 4375 3316 4429 urbem
3342 4392 3405 4429 ac
3440 4377 3519 4429 vi-

264 4481 352 4520 cos
380 4463 690 4529 lustrantes,
726 4465 1059 4535 fratrumque
1091 4465 1344 4534 reliquias
1386 4464 1675 4533 insepultus
1702 4465 1883 4535 jacere
1937 4463 2329 4533 conspicientes,
2374 4463 2608 4532 projecta
2650 4463 2881 4534 sparsim
2948 4466 3206 4516 cadavera
3242 4479 3518 4516 coacerva-

263 4561 392 4606 runt
415 4553 472 4605 in
506 4568 742 4622 specum,
769 4568 886 4620 qua:
909 4560 984 4605 est
1016 4562 1142 4606 ante
1172 4561 1409 4622 portam,
1447 4554 1517 4606 ad
1533 4554 1813 4624 sexaginta
1841 4552 2069 4621 quinque
2087 4550 2279 4603 millia.
2312 4549 2382 4603 Et
2411 4549 2479 4603 ab
2498 4549 2567 4604 iis
2594 4550 2810 4619 exquiri
2839 4550 3017 4619 jubet,
3045 4565 3149 4620 qua
3174 4549 3346 4620 forma
3364 4559 3521 4620 atque

265 4640 449 4695 habitu
475 4640 879 4694 inveniebantur
908 4639 1020 4694 solo
1033 4640 1189 4694 strati
1212 4641 1350 4694 beati
1375 4640 1456 4694 illi
1477 4641 1567 4711 qui
1587 4642 1680 4695 sub
1711 4641 1766 4694 id
1791 4652 1992 4712 tempus
2014 4648 2321 4695 meruerunt
2348 4639 2728 4710 Hierosolymis
2758 4639 2942 4693 occidi.
2973 4637 3089 4703 Quo
3112 4638 3264 4692 modo
3288 4639 3516 4695 scilicet.

268 4728 411 4782 alter
435 4744 469 4781 a
501 4729 671 4797 capite
698 4727 767 4780 ad
794 4744 884 4780 cor
913 4744 1076 4799 usque
1099 4727 1291 4781 vulnus
1321 4736 1615 4797 acceperat,
1664 4728 1802 4782 alter
1831 4729 1894 4783 ab
1931 4730 2164 4783 humeris
2197 4728 2268 4782 ad
2299 4744 2463 4799 usque
2516 4736 2773 4792 ventrem,
2798 4727 2937 4782 alius
2959 4727 3188 4797 quinque
3230 4725 3311 4779 vel
3343 4725 3518 4779 decem

266 4814 400 4868 ictus
427 4815 486 4868 in
506 4814 768 4868 intestinis
791 4814 1035 4877 habebat,
1063 4815 1201 4868 alius
1233 4815 1483 4869 dissectus
1503 4815 1705 4868 medius
1737 4817 1895 4886 inque
1923 4816 2028 4868 duo
2059 4816 2255 4870 divisus
2281 4823 2420 4880 erat,
2459 4815 2556 4869 alii
2597 4823 2778 4869 ventre
2826 4830 2947 4867 ense
2988 4814 3224 4884 perfosso
3266 4813 3518 4866 intestina

271 4902 449 4957 omnia
480 4902 641 4972 effusa
662 4902 917 4972 ﬂuebant,
944 4901 1134 4967 alium,
1172 4904 1280 4956 ovis
1316 4902 1491 4956 instar
1516 4904 1570 4955 in
1601 4901 1845 4966 macello,
1876 4902 1982 4955 diri
2010 4901 2286 4970 carniﬁces
2313 4904 2367 4955 in
2399 4903 2570 4970 frusta
2627 4901 2785 4970 plura
2812 4899 3173 4962 conciderant,
3201 4906 3297 4951 etc.
3327 4899 3370 4951 A
3406 4898 3520 4952 Mo-

271 4987 429 5041 desto
458 4985 515 5042 S.
546 4987 873 5041 Anastasius
900 4988 1084 5051 Persa,
1117 4989 1211 5058 qui
1240 5004 1435 5044 recens
1471 4989 1630 5044 ﬁdem
1654 4989 1854 5045 Christi
1894 4990 2178 5059 amplexus
2214 4989 2414 5053 fuerat,
2455 4988 2788 5057 baptismum
2834 4985 3076 5055 suscepit
3105 4985 3514 5056 Hierosolymis,

271 5085 333 5128 ut
358 5073 531 5128 refert
557 5073 724 5143 hujus
751 5075 1015 5143 temporis
1040 5077 1278 5150 scriptor
1311 5076 1366 5130 in
1399 5078 1551 5131 Actis
1583 5077 1724 5147 ejus,
1747 5093 1868 5146 qua:
1905 5077 1959 5129 in
1989 5077 2230 5131 secunda
2281 5075 2491 5148 synodo
2530 5076 2749 5130 Nic-aena
2776 5074 3055 5145 proposita
3085 5084 3234 5128 sunt.
3289 5073 3520 5128 Exstant

272 5160 416 5229 apud
445 5159 739 5214 Baronium
770 5161 835 5215 ad
871 5177 1075 5214 annum
1101 5162 1205 5217 614
1228 5179 1301 5215 nn
1352 5164 1419 5217 55
1442 5174 1498 5218 et
1529 5179 1682 5233 seqq.
1721 5180 1786 5219 cx
1808 5163 2174 5233 Metaphraste
2208 5172 2426 5232 sumpta
2453 5182 2467 5229 ;
2497 5163 2591 5217 sed
2615 5178 2734 5232 quae
2757 5163 2872 5231 ipse
2895 5161 3130 5232 sumpsit
3148 5177 3215 5216 ex
3238 5162 3388 5216 Actis
3410 5161 3518 5216 illis

275 5247 676 5302 vetustioribus
701 5247 755 5300 in
787 5248 998 5317 synodo
1032 5248 1256 5302 Nicena
1278 5240 1523 5305 secunda
1552 5251 1753 5317 allatis,
1779 5260 1835 5306 et
1879 5266 1909 5304 a
1939 5251 2075 5305 Boll.
2103 5251 2393 5306 recensitis
2447 5250 2515 5305 ad
2563 5250 2707 5304 diem
2731 5250 2801 5304 22
2828 5249 3051 5304 Januar.
3080 5248 3205 5303 Haec
3233 5260 3416 5302 autem
3450 5264 3521 5302 ex

270 5334 505 5411 Baronio
532 5334 841 5391 transcribo
875 5352 888 5389 :
918 5333 1049 5389 Cum
1080 5352 1276 5405 magna
1308 5339 1494 5391 civitas
1531 5338 2014 5411 Hierosolymorum
2041 5348 2195 5411 capta
2221 5341 2399 5410 fuisset
2438 5357 2469 5392 a
2502 5356 2623 5410 rege
2647 5338 2954 5401 Persarum,
2990 5347 3038 5390 et
3068 5337 3211 5407 facta
3242 5336 3339 5390 illa
3370 5335 3514 5397 loca,

273 5439 389 5492 qua:
418 5424 521 5476 mei
545 5421 744 5477 Christi
764 5422 1011 5477 viderant
1044 5427 1495 5479 conversationem
1534 5436 1585 5480 et
1609 5430 1753 5482 cruci
1778 5429 2081 5498 afﬁxionem
2110 5436 2158 5481 et
2184 5426 2645 5488 resurrectionem,
2679 5425 2952 5478 Medorum
2983 5423 3181 5478 lancea:
3215 5431 3262 5475 et
3290 5424 3420 5493 igni,
3453 5423 3518 5474 iis

272 5525 399 5576 quos
427 5511 543 5580 ipse
571 5510 713 5563 novit
741 5510 931 5575 modis,
957 5518 1128 5564 essent
1161 5513 1363 5565 tradita
1398 5529 1416 5566 :
1456 5521 1504 5566 et
1536 5513 1705 5568 multa
1740 5514 1851 5569 alia
1878 5524 2033 5586 capta
2077 5524 2201 5569 sunt
2226 5531 2343 5568 cum
2368 5515 2611 5574 civitate;
2644 5520 2702 5564 ut
2743 5510 2933 5565 salutis
2956 5525 3160 5579 quoque
3190 5519 3383 5563 nostra‘
3406 5516 3517 5561 tro-

273 5612 464 5667 parum,
496 5597 680 5651 mortis
729 5596 944 5662 solutio,
974 5600 1173 5669 peccati
1198 5594 1505 5664 internecio,
1546 5599 1770 5670 lignum,
1813 5603 2053 5672 inquam,
2085 5601 2305 5670 uiuiﬁcae
2341 5601 2512 5654 crucis
2554 5599 2704 5653 illinc
2746 5597 3068 5652 translatum
3120 5606 3197 5650 est
3235 5598 3290 5649 in
3343 5595 3523 5649 Persi-

273 5684 408 5747 dem,
434 5692 531 5737 etc.
561 5684 697 5753 (hacc
719 5692 909 5738 sancta
946 5685 1138 5753 Crux),
1163 5684 1437 5740 Persidem
1468 5690 1675 5751 evertit,
1698 5698 1747 5741 et
1771 5689 1965 5759 spoliat
1986 5688 2180 5757 falsam
2210 5686 2540 5756 religionem,
2569 5694 2617 5738 et
2653 5702 2768 5755 quia
2805 5700 2861 5739 se
2901 5684 3075 5753 digna:
3098 5689 3250 5735 erant
3282 5683 3520 5750 captivas

275 5772 486 5825 abducit
521 5772 732 5825 animas
762 5786 881 5824 vere
913 5770 1173 5826 laudabili
1196 5782 1245 5825 et
1268 5773 1421 5843 longe
1445 5774 1803 5845 pulcherrima
1834 5776 2179 5844 captivitate:
2224 5783 2338 5837 aut,
2383 5782 2441 5826 ut
2477 5775 2646 5845 magis
2671 5773 2881 5844 proprie
2912 5771 3107 5835 dicam,
3150 5787 3182 5823 a
3215 5770 3522 5837 captivitate

277 5868 444 5926 vocat,
482 5858 624 5913 eteis
657 5874 868 5912 rursum
899 5860 1181 5928 pristinam
1216 5862 1445 5915 restituit
1474 5862 1784 5918 libertatem.
1819 5861 1993 5918 Simul
2037 5879 2099 5916 ac
2136 5863 2276 5916 enim
2320 5861 2621 5933 ingreditur
2658 5861 2951 5930 Persidem,
2983 5875 3098 5915 eam
3137 5860 3318 5914 statim
3353 5866 3519 5913 totam
