4078 6408
525 392 660 455 3:71
1492 383 1896 444 MODESTUS
1937 381 2214 442 PATRIA
2226 381 2430 440 RCHA
2470 380 2874 442 IIIEROSOL.
3652 380 3800 446 39.72

525 507 807 560 illustrans
827 505 988 557 radiis
1011 517 1118 553 sua'
1144 499 1352 569 gratim,
1371 495 1488 565 ferit
1507 492 1717 564 quidem
1741 494 1950 544 animas
1969 490 2289 556 infidelium,
2307 507 2408 542 non
2426 506 2574 542 secus
2594 507 2656 542 ac
2672 490 2876 558 sol,qui
2896 488 3221 542 laborantem
3249 488 3452 542 oculum
3481 487 3799 560 ingreditur:

525 591 710 659 ﬁdeles
738 600 935 652 autem,
976 604 1078 639 non
1114 603 1261 637 secus
1308 601 1370 636 ac.
1402 580 1820 651 [itlgnreqnidant
1851 593 2117 646 apparens

2189 594 2203 628 ι
2239 577 2487 640 tenebris,
2510 586 2735 630 revocat.
2765 576 2846 629 Ea:
2869 576 3052 645 quibus
3077 577 3174 644 [uit
3200 593 3426 629 imus....
3456 579 3797 640 Anastasius.

527 681 622 732 etsi
647 677 878 732 nondum
896 677 1102 742 quidem
1126 673 1269 726 cultu
1297 668 1773 741 (lidelist,sedjam
1803 665 2032 718 moribus
2059 672 2107 716 et
2134 665 2374 716 instituto
2397 679 2415 716 :
2433 665 2521 729 qui
2546 664 2792 732 processit
2819 678 2844 714 e
2865 665 2972 714 vico
2996 663 3086 732 qui
3108 663 3392 715 vocabatur
3410 663 3716 720 Rasnuni...
3739 669 3801 720 in

531 765 764 818 Perside.
799 763 930 816 Erat
971 770 1151 814 autem
1178 775 1367 812 nomen
1410 759 1592 826 ejus...
1622 753 1984 823 Magundat...
2028 750 2144 804 Bau
2181 751 2324 818 ﬁlms
2353 748 2500 819 (fuit)
2541 751 2631 820 qui
2672 757 2788 802 erat
2822 751 2875 802 in
2924 764 2980 800 re
3016 750 3219 818 magica
3257 752 3724 818 prtestantissimus
3749 763 3803 806 tt

525 853 926 906 eruditissimus.
944 849 1077 918 (Bau
1108 845 1313 912 autem)
1335 862 1454 899 cum
1479 852 1723 914 praeesset
1741 843 2010 895 communi
2042 839 2162 892 ludo
2187 839 2473 900 litterario,
2491 845 2539 890 et
2572 836 2761 890 multos
2785 836 2996 890 haberet
3023 836 3376 890 adolescentes
3399 840 3467 890 ad
3488 855 3607 892 eum
3623 843 3766 896 venti
3786 873 3804 882 -

525 949 716 998 tantes,
733 946 920 1006 captus
949 952 1132 989 amore
1157 934 1570 1004 prwstigiarum,
1597 946 1717 983 cum
1737 930 1792 982 in
1810 929 1904 982 hoc
1921 927 2094 981 solum
2118 941 2271 979 omne
2292 943 2444 979 suum
2464 925 2698 978 studium
2729 931 3006 994 poneret...
3023 940 3134 977 rem
3160 925 3422 994 magicam
3452 923 3804 995 (ﬁliunmam

521 1026 802 1094 diligenter
826 1025 994 1084 docet,
1017 1032 1076 1077 ut
1097 1026 1152 1077 in
1173 1024 1285 1093 ejus
1307 1021 1604 1091 cognitione
1636 1019 1778 1088 patri
1797 1015 1930 1070 nihil
1953 1024 2086 1068 esset
2116 1013 2396 1083 reliquum,
2421 1011 2560 1081 quod
2586 1027 2692 1063 non
2719 1020 2900 1064 notum
2931 1028 3136 1082 quoque
3155 1021 3288 1065 esset
3315 1013 3448 1080 filio.
3469 1013 3598 1068 Cum
3616 1025 3803 1068 autem

521 1112 893 1166 adolescentia:
909 1119 1119 1166 (etatem
1133 1112 1253 1179 jam
1275 1111 1581 1178 attingeret,
1596 1116 1643 1160 et
1666 1122 1758 1159 rex
1778 1104 2032 1160 Chosrocs
2054 1117 2245 1154 novum
2263 1101 2545 1152 exercitum
2560 1099 2616 1151 in
2636 1097 2852 1151 Perside
2865 1098 3152 1168 colligeret,
3170 1100 3280 1169 ipse
3298 1116 3502 1171 quoque
3523 1118 3641 1156 cum
3673 1103 3804 1156 aliis

525 1201 756 1268 refertur
795 1201 850 1252 in
873 1214 1155 1251 numerum
1187 1199 1440 1250 tironum.
1471 1195 1740 1260 Quoniam
1768 1208 1886 1247 vero
1916 1189 2219 1245 veneranda
2243 1201 2374 1240 crux
2425 1185 2637 1238 Domini
2686 1193 2853 1238 totam
2893 1185 3133 1254 agitabat
3163 1194 3212 1238 et
3241 1187 3592 1256 perturbabat
3619 1189 3805 1243 Persi-

523 1287 688 1349 dem,-
723 1285 1028 1351 inﬁdelibus
1053 1285 1268 1354 quidem
1307 1285 1587 1336 horrorem
1621 1290 1668 1334 et
1705 1288 1962 1334 terrorem
1997 1278 2276 1336 incutiens,
2306 1273 2549 1341 ﬁdelibus
2577 1281 2754 1326 autem
2780 1273 3014 1326 suaviter
3040 1273 3324 1327 admodum
3363 1284 3411 1328 et
3442 1273 3647 1346 placide
3669 1276 3803 1330 illu-

525 1387 728 1424 cescens
755 1388 773 1424 :
809 1374 873 1423 de
891 1387 950 1427 ea
981 1371 1194 1440 quidem
1217 1372 1362 1438 fatim
1392 1369 1635 1440 quendam
1659 1385 1752 1434 per
1776 1382 1954 1420 omnes
1986 1362 2324 1432 pervadebat,
2357 1362 2525 1430 fama,
2559 1362 2805 1430 inquam,
2844 1376 2962 1430 qua:
2991 1359 3152 1431 paulo
3177 1361 3408 1414 crassius
3443 1368 3494 1414 et
3532 1362 3801 1417 indoctius

525 1461 872 1528 ρνιινάῑεαιιίιτ,
899 1458 1324 1514 Christianorum
1354 1458 1519 1512 Deum
1551 1458 1732 1510 adesse
1763 1456 1965 1510 Persis.
2001 1453 2082 1508 Ad
2102 1467 2262 1522 quam
2291 1451 2374 1504 hic
2428 1447 2733 1502 adolescens
2769 1456 2983 1518 repente
3020 1448 3120 1516 fuit
3149 1464 3399 1502 accensus
3425 1449 3605 1502 animo
3635 1466 3654 1504 :
3669 1452 3800 1522 jam

522 1549 665 1600 enim
694 1547 894 1599 occulte
919 1563 1040 1598 eum
1079 1547 1328 1616 tangebat
1359 1546 1451 1598 ille
1484 1546 1622 1612 ignis
1655 1561 1808 1614 quem
1828 1543 2068 1596 Christus
2099 1541 2238 1592 venit
2263 1540 2448 1607 jacere
2472 1553 2633 1607 super
2660 1547 2880 1601 terram,
2908 1538 3000 1607 qui
3025 1537 3238 1606 quidem
3269 1555 3376 1604 non
3405 1539 3619 1594 sinebat
3640 1543 3800 1612 quie-

523 1651 670 1687 scere
696 1635 974 1703 pulchram
1005 1633 1150 1687 illius
1183 1633 1618 1694 aduliscentiam,
1643 1632 1734 1683 sed
1760 1631 1946 1683 statim
1979 1643 2132 1680 omne

2192 1627 2360 1680 obibat
2397 1632 2596 1694 partes,
2630 1625 2692 1676 de
2732 1640 2790 1678 eo
2812 1625 3116 1687 sciscitans,
3151 1641 3313 1694 quam
3347 1628 3802 1684 vehementissime

527 1730 753 1791 poterat,
793 1731 840 1773 et
871 1721 1297 1790 diligentissime.
1325 1719 1456 1774 Cum
1491 1720 1699 1773 audiret
1725 1727 1904 1772 autem
1926 1716 1990 1770 ab
2023 1715 2262 1767 omnibus
2289 1729 2402 1766 eam
2441 1729 2551 1765 esse
2576 1729 2782 1766 crucem
2817 1713 2869 1765 in
2903 1729 3010 1782 qua
3036 1711 3276 1767 Christus
3301 1713 3398 1767 Dei
3431 1713 3614 1780 Filius,
3637 1717 3730 1786 qui
3762 1737 3800 1772 a

523 1807 840 1863 Christianis
862 1808 1144 1872 adoratur,
1173 1809 1270 1877 fuit
1300 1807 1508 1876 cruci/ia
1525 1823 1624 1860 us:
1658 1805 1819 1859 veluti
1849 1806 2022 1874 ignem
2045 1803 2156 1872 igni
2182 1801 2395 1871 adjecit,
2430 1809 2476 1853 et
2507 1801 2786 1870 qua’stioni
2826 1801 3098 1870 conjunxit
3134 1801 3499 1870 qua’stionem,
3531 1810 3582 1855 et
3606 1819 3670 1858 ea:
3709 1821 3800 1857 re-

521 1896 806 1956 sponsione
847 1896 1045 1965 accepit
1075 1896 1402 1948 occasionem
1457 1895 1679 1947 alterius
1722 1889 2188 1960 interrogationis;
2243 1898 2290 1942 ct
2325 1887 2488 1941 multo
2531 1889 2697 1958 magis
2753 1888 2960 1942 sitiebat
3007 1889 3228 1953 discere,
3262 1889 3703 1957 quemadmodum
3730 1907 3802 1945 ex

525 1982 656 2035 caelo
687 1982 1034 2046 descenderit,
1065 1999 1184 2034 cum
1215 1984 1280 2034 sit
1311 1981 1463 2034 Deus.
1496 1991 1545 2033 et
1565 1980 2009 2050 quemadmodum
2046 1977 2204 2028 etiam
2230 1977 2399 2045 {actus
2433 1976 2498 2028 sit
2521 1979 2694 2036 homo,
2727 1986 2776 2027 et
2797 1993 2892 2029 cur
2924 1977 3088 2030 etiam
3119 1978 3184 2030 sit
3214 1977 3283 2030 ad
3311 1993 3518 2031 crucem
3551 1979 3802 2034 condent-

526 2079 704 2132 natus,
738 2079 788 2123 et
822 2089 853 2123 a
881 2071 1087 2140 quibus,
1112 2080 1160 2122 et
1196 2087 1264 2122 an
1287 2071 1352 2122 sit
1376 2070 1445 2122 ad
1489 2069 1676 2122 ca’lum
1708 2083 1946 2120 reversus
1984 2064 2120 2117 unde
2149 2064 2508 2116 descenderat.
2548 2061 2677 2116 Cum
2699 2070 2877 2115 autent
2905 2081 2937 2117 a
2965 2063 3140 2132 (viris)
3163 2065 3262 2132 piis
3293 2065 3341 2116 ei
3366 2067 3786 2124 annuntiaretur

535 2161 715 2209 carnis
749 2167 1019 2228 suscepta'.
1055 2199 1066 2211 .
1096 2158 1429 2228 mysterium,
1469 2171 1626 2209 aures
1655 2155 1869 2225 quidem
1900 2154 2114 2225 pietatis
2138 2151 2340 2204 semina
2377 2149 2597 2203 libenter
2649 2149 3024 2220 suscipiebant,
3085 2167 3267 2204 anima
3316 2169 3438 2206 vero
3476 2157 3800 2224 producebat

527 2245 721 2296 sensim
748 2247 951 2312 spicam
994 2242 1142 2310 ﬁdei,
1174 2253 1218 2295 et
1255 2244 1300 2295 ei
1329 2243 1648 2296 desiderium
1679 2240 1943 2310 paulatim
1989 2239 2388 2302 innaseebatur,
2413 2237 2723 2306 subibatque
2755 2236 3028 2291 temulatio
3061 2238 3175 2308 ejus
3214 2244 3608 2312 perpessionum
3631 2261 3648 2298 :
3675 2261 3801 2316 quae

525 2346 644 2382 cum
669 2332 720 2382 in
746 2330 858 2398 ejus
887 2331 1069 2382 anima
1111 2338 1268 2383 aucta
1297 2338 1344 2382 et
1373 2328 1704 2397 amplificata
1731 2335 1921 2389 essent,
1947 2343 2062 2379 eum
2102 2327 2391 2396 informant
2417 2335 2465 2377 et
2499 2326 2780 2378 instituunt
2811 2325 2880 2379 ad
2904 2327 3160 2396 Optimum
3196 2329 3316 2382 vita:
3342 2346 3528 2400 genus,
3555 2332 3797 2389 clarum-

524 2434 624 2482 que
649 2425 697 2469 et
721 2419 1006 2485 insignem,
1043 2427 1245 2475 testem.
1276 2425 1564 2484 martyrem
1595 2417 1837 2484 inquam,
1875 2415 2130 2484 efficiunt,
2164 2423 2219 2467 ut
2243 2415 2360 2484 jam
2387 2414 2672 2482 procedens
2703 2412 3001 2466 declarabit
3042 2416 3224 2466 oratio.
3262 2415 3389 2470 Ha‘c
3419 2427 3544 2487 post.
3570 2417 3798 2477 Surium

525 2504 817 2568 Baronius,
846 2504 938 2574 qui
971 2505 1126 2558 addit
1176 2504 1376 2558 deinde
1413 2503 1692 2573 quomodo
1739 2503 1830 2557 ille
1861 2501 2207 2558 Anastasius.
2254 2515 2443 2553 amore
2477 2499 2814 2568 suscipiendi
2866 2499 3236 2568 baptismatis,
3270 2503 3466 2558 relicto
3498 2505 3797 2563 Persarum

526 2591 800 2650 eset-cita,
830 2607 890 2644 se
918 2591 1220 2644 contulerit
1243 2589 1310 2643 ad
1351 2590 1729 2643 Romanorum
1763 2588 1972 2657 copias,
2004 2595 2059 2640 ct
2093 2585 2424 2656 Hierapolim
2479 2587 2808 2655 porrexerit,
2847 2584 2942 2638 ubi
2989 2585 3135 2656 apud
3179 2589 3552 2658 argentarium
3589 2590 3802 2664 degens

524 2693 726 2747 genere
752 2679 992 2733 Persam.
1013 2678 1108 2733 scd
1140 2678 1406 2748 religione
1429 2677 1830 2741 Christianum,
1861 2674 2026 2729 latius
2060 2674 2316 2742 mysteria
2338 2673 2654 2727 Christiana
2681 2673 2964 2735 didicerit,
2991 2673 3252 2728 incensus
3279 2690 3502 2745 quoque
3524 2676 3693 2733 fuerit
3723 2681 3800 2736 ad

524 2767 874 2821 subeundum
905 2766 1231 2838 martyrium
1261 2783 1325 2820 cx
1374 2775 1676 2836 martyrum
1706 2762 2106 2819 certaminibus
2125 2775 2246 2830 qua:
2265 2759 2568 2830 parietibus
2591 2761 2918 2829 templorum
2950 2759 3269 2815 intuebatur
3290 2761 3543 2832 depicta;
3569 2764 3800 2822 demum

527 2854 959 2924 Hierosolymam
985 2855 1266 2919 prolectus
1290 2851 1473 2906 fuerit.
1497 2853 1642 2915 llaec,
1659 2852 1902 2921 inquam,
1926 2851 2281 2905 sienarratex
2303 2848 2508 2902 eisdem
2543 2848 2792 2911 Actis,ad
2817 2864 2946 2902 ann.
2971 2849 3064 2903 6‘2!
3081 2889 3095 2914 ,
3114 2865 3169 2903 n.
3194 2848 3260 2904 10
3283 2859 3339 2905 et
3359 2866 3528 2922 seqq:
3551 2852 3800 2910 Primum

524 2942 736 3009 quidem
779 2943 794 3000 l
803 2951 920 3010 post
952 2940 1132 3011 fugam
1163 2940 1229 2994 ad
1264 2941 1567 3007 Romanos)
1603 2957 1723 2993 cum
1748 2941 1971 2993 venisset
2004 2935 2359 3006 Hierapolim,
2388 2937 2597 2989 diuertit
2627 2937 2696 2989 ad
2725 2937 3007 3006 quemdam
3028 2936 3248 2992 Persam
3271 2937 3656 3006 Christianum,
3675 2951 3800 2998 arte

524 3031 733 3098 argenti
757 3031 1122 3099 conflatorem,
1146 3037 1195 3080 et
1226 3044 1342 3080 cum
1364 3037 1531 3080 artem
1553 3027 1820 3098 conﬂandi
1846 3027 2055 3096 argenti
2082 3025 2418 3084 exercuisset,
2446 3041 2636 3077 manus
2655 3025 2862 3094 quidem
2885 3023 3104 3077 habebat
3131 3025 3362 3080 intentas
3389 3029 3554 3098 operi,
3580 3031 3798 3086 animus

525 3127 702 3169 autent
730 3132 938 3186 semper
972 3125 1021 3168 et
1045 3116 1292 3185 cogitatio
1324 3117 1376 3168 in
1409 3114 1504 3168 Dei
1535 3130 1716 3168 amore
1742 3115 2120 3167 versabatur...
2153 3127 2374 3182 eumque
2402 3111 2499 3164 sibi
2547 3112 2718 3164 adhuc
2745 3113 2913 3182 magis
2937 3113 3269 3177 accendebat,
3297 3124 3346 3167 et
3375 3115 3440 3170 ab
3463 3117 3575 3187 ipso
3606 3134 3796 3174 rursus

523 3202 960 3273 inﬂammabatur
973 3203 1344 3256 vehementius.
1366 3200 1712 3266 Quamobrem
1727 3201 1894 3254 Deum
1906 3201 2148 3271 rogabat.
2163 3237 2198 3253 ..
2211 3207 2266 3252 ut
2287 3200 2427 3253 divin
2436 3216 2520 3252 um
2537 3200 2855 3270 baptismum
2871 3209 3292 3270 consequeretur,
3307 3210 3357 3255 et
3369 3205 3582 3258 omnino
3599 3221 3630 3258 a
3647 3208 3799 3276 prio-

524 3289 669 3366 ribus
688 3291 926 3343 sordibus
951 3298 1360 3359 cxpurgaretur,
1386 3298 1432 3340 et
1453 3289 1516 3342 ab
1538 3288 1632 3341 illa
1654 3288 1770 3341 labe
1786 3289 2177 3358 prcvstigiarum
2197 3305 2214 3352 ;
2233 3298 2290 3341 ut
2316 3305 2418 3342 non
2436 3289 2604 3342 solum
2623 3289 2896 3343 voluntate
2918 3299 2965 3342 et
2983 3289 3251 3355 electione,
3268 3291 3359 3345 sed
3385 3295 3566 3348 anima
3585 3312 3797 3366 quoque

523 3387 575 3430 et
594 3364 813 3446 corpore
837 3384 965 3429 esset
981 3386 1282 3446 pnrgatus..
1313 3375 1444 3430 Cum
1467 3375 1560 3430 ille
1585 3385 1762 3429 autent
1790 3393 1851 3429 ex
1873 3375 2042 3429 Persis
2061 3375 2268 3428 timeret
2293 3377 2604 3444 periculum,
2621 3385 2670 3428 et
2688 3377 2803 3429 ideo
2831 3377 3088 3430 morando
3114 3393 3224 3431 rem
3251 3377 3550 3449 di/ferret...
3576 3364 3795 3438 interim

525 3466 595 3517 ad
625 3465 802 3518 divina
827 3463 1028 3534 templa
1054 3465 1236 3518 adiens
1267 3481 1420 3518 suum
1444 3463 1721 3518 solabatur
1746 3463 2087 3523 desiderium,
2107 3463 2226 3515 visis
2258 3477 2376 3514 vero
2403 3461 2675 3516 miraculis
2703 3473 2750 3516 et
2777 3465 3153 3518 certaminibus
3185 3475 3490 3520 sanctorum
3515 3468 3795 3541 descriptis

523 3550 580 3604 in
603 3551 940 3621 templorum,
979 3568 1096 3621 qua:
1125 3569 1241 3606 cum
1265 3553 1404 3605 socio
1432 3568 1527 3606 suo
1556 3552 1764 3622 argenti
1786 3554 2074 3622 conﬂatore
2100 3550 2398 3617 frequenter
2422 3549 2688 3610 visitabat,
2725 3550 3012 3618 parietibus
3031 3592 3046 3616 ,
3069 3551 3133 3604 de
3155 3551 3220 3605 iis
3239 3551 3392 3605 illum
3415 3552 3696 3624 diligenter
3709 3556 3797 3610 in-

525 3639 848 3708 terrogabat.
880 3638 1014 3692 Cum
1044 3639 1224 3709 itaque
1253 3641 1558 3701 audivisset,
1583 3637 1758 3708 qualis
1783 3639 1854 3691 eis
1872 3639 1978 3690 vita
2005 3635 2242 3704 (luisset,
2271 3635 2387 3705 qui)
2414 3634 2604 3699 mores,
2629 3639 2790 3705 (quae)
2816 3638 3002 3700 virtus,
3023 3647 3070 3690 et
3093 3637 3276 3708 qualia
3298 3647 3512 3708 propter
3526 3640 3795 3698 Christum

525 3726 878 3796 (subiissent)
910 3729 1275 3780 certamina...
1311 3743 1416 3780 non
1449 3733 1654 3796 poterat
1685 3723 1915 3795 amplius
1941 3713 2206 3776 continere
2244 3723 2298 3774 id
2335 3723 2474 3792 quod
2512 3740 2636 3775 suns
2684 3725 2898 3777 animus
2923 3725 3286 3794 parturiebat.
3335 3727 3428 3780 sed
3453 3731 3641 3784 statuit
3671 3747 3795 3802 per-

521 3827 643 3880 gere
663 3811 1108 3881 Hierosolymam,
1137 3819 1191 3864 ut
1213 3811 1534 3880 baptismum
1560 3808 1669 3862 illic
1695 3816 2115 3877 consequeretur.
2153 3807 2299 3864 Venit
2325 3827 2448 3880 ergo
2489 3813 2544 3864 in
2608 3821 2853 3866 sanciam
2894 3813 3157 3866 civitatem
3177 3854 3192 3875 ,
3242 3821 3291 3866 et
3318 3813 3389 3868 ad
3426 3817 3708 3886 quemdam
3736 3837 3796 3874 δε

522 3900 715 3968 recepit
737 3888 946 3968 argenti
967 3915 1174 3970 quoque
1217 3899 1487 3970 conﬂandi
1509 3897 1758 3966 peritum.
1802 3895 1867 3949 Ei
1895 3898 2064 3964 aperit
2101 3900 2420 3951 causamsui
2457 3899 2732 3962 adventus,
2761 3913 2944 3969 nempe
2989 3900 3128 3969 quod
3165 3899 3322 3954 vellet
3370 3901 3441 3956 ad
3481 3919 3662 3958 verum
3691 3906 3794 3961 Dei

521 3985 718 4039 cultum
745 4003 838 4056 per
865 3987 1183 4057 baptismum
1206 3986 1436 4039 initiari.
1463 3983 1565 4038 Ille
1592 3992 1768 4036 autem
1801 3999 1918 4034 eum
1943 3985 2089 4034 ducit
2120 3985 2189 4035 ad
2207 3984 2406 4049 Etiam,
2433 3997 2636 4039 sanctce
2656 3985 3069 4040 Resurrectionis
3085 3987 3388 4058 piissimum
3405 3991 3788 4062 presbyterum,

523 4075 613 4144 qui
636 4091 754 4126 eum
781 4073 985 4144 supinis
1017 4077 1100 4142 (ut
1124 4072 1352 4142 dicitur)
1383 4071 1626 4125 manibus
1652 4071 1898 4139 suscepit,
1931 4079 1980 4122 et
2009 4070 2071 4121 de
2100 4086 2158 4122 eo
2187 4069 2364 4124 retulit
2393 4071 2464 4125 ad
2481 4072 2796 4135 Modestum,
2829 4075 2917 4142 qui
2943 4074 3064 4127 huic
3085 4076 3199 4128 sedi
3231 4087 3462 4146 praeerat
3485 4081 3791 4150 apostolico:

523 4163 827 4227 (Zachariae
859 4161 1070 4216 scilicet
1102 4160 1303 4230 captivi
1327 4161 1502 4214 vicem
1528 4175 1747 4228 gerens,
1773 4157 1825 4210 in
1852 4156 2043 4211 Gra‘co
2069 4159 2095 4208 ὁ
2119 4162 2516 4232 τοποτηρητής,
2544 4159 2955 4223 locum-tenens,
2980 4161 3160 4231 inquit
3188 4163 3598 4232 Papcbrochius
3621 4183 3789 4237 supra

521 4251 767 4318 citatus).
801 4258 849 4302 et
882 4250 955 4302 sic
983 4250 1223 4302 divinum
1253 4248 1576 4318 baptismum
1605 4245 1934 4315 assequitur,
1964 4246 2274 4298 venerandw
2297 4248 2467 4300 crucis
2497 4263 2616 4301 vere
2651 4247 2868 4317 pulcher
2897 4249 3098 4318 fructus
3123 4250 3354 4320 effectus,
3384 4261 3432 4304 et
3470 4251 3743 4308 Anastasii
3763 4272 3792 4310 s

519 4338 850 4408 appellatus,
887 4343 1100 4399 sumpta
1137 4335 1568 4387 denominatione
1592 4352 1622 4386 a
1652 4332 1979 4385 revocatione
2001 4341 2048 4383 et
2088 4332 2157 4384 ad
2207 4333 2429 4387 meliora
2468 4337 2762 4388 mutatione
2797 4353 2829 4387 a
2859 4337 3024 4405 priori
3059 4336 3376 4403 inﬁdelitate
3405 4347 3455 4392 et
3485 4343 3787 4412 prazstigiis,

523 4423 667 4496 (qua:
709 4423 877 4476 fuerit
909 4422 1066 4490 quasi
1100 4421 1435 4474 resurrectio
1459 4435 1490 4472 a
1516 4427 1692 4472 morte
1720 4418 1786 4471 ad
1820 4417 2034 4486 vitam).
2070 4417 2185 4472 Una
2210 4423 2371 4475 etiam
2395 4438 2513 4475 cum
2548 4439 2607 4476 eo
2636 4422 2936 4492 baptizatus
2977 4434 3050 4476 est
3077 4425 3295 4494 quidam
3323 4428 3556 4497 ejusdem
3594 4433 3790 4500 patria:

521 4522 570 4565 et
597 4513 850 4583 regionis,
876 4510 970 4580 qui
994 4509 1092 4578 fuit
1119 4509 1232 4577 ejus
1260 4523 1467 4577 quoque
1499 4509 1554 4560 in
1595 4508 1842 4576 passione
1862 4523 1958 4575 pro
2003 4505 2208 4561 Christo
2243 4510 2434 4570 socius,
2463 4510 2670 4562 easdem
2691 4526 2828 4583 _cum
2864 4525 2923 4562 eo
2956 4509 3170 4566 Edessa:
3200 4525 3505 4568 consecutus
3540 4532 3786 4572 coronas.

521 4580 681 4654 Anno
709 4598 978 4668 s'quidetn
1002 4596 1206 4650 Christi
1225 4595 1328 4649 628
1344 4594 1434 4648 die
1448 4593 1519 4646 22
1539 4593 1806 4659 Januarii,
1825 4596 2069 4665 quinque
2089 4595 2358 4650 duntaxat
2379 4580 2817 4651 hebdomadibus
2837 4605 2893 4650 et
2913 4596 3130 4652 duobus
3155 4599 3352 4654 diebus
3379 4612 3504 4657 ante.
3524 4601 3789 4661 Chosrnis

521 4683 758 4750 obitum,
795 4684 1046 4757 ejusdem
1081 4683 1261 4753 jussu,
1289 4681 1382 4734 hic
1420 4681 1764 4745 Anastasius,
1799 4681 1893 4752 qui
1946 4683 2154 4752 pluries
2181 4684 2292 4752 jam
2332 4698 2479 4737 anno
2503 4683 2774 4752 superiori
2819 4683 3025 4738 Christi
3065 4687 3240 4740 l'uemt
3271 4690 3560 4746 confessus
3597 4693 3786 4760 ﬁdem,

521 4776 770 4831 Czcsarea
798 4771 1123 4833 Palaestinae,
1147 4769 1214 4822 ad
1243 4767 1498 4822 eumdem
1519 4766 1800 4824 Chosrocn
1833 4771 2055 4834 missus,
2082 4788 2278 4843 magna
2303 4771 2472 4826 animi
2505 4771 2812 4835 alacritate,
2841 4772 2960 4827 dira
2993 4789 3288 4843 perpessus
3321 4785 3616 4843 tormenta,
3641 4797 3788 4836 mar-

523 4863 725 4935 tyrium
759 4860 979 4914 tandem
1038 4855 1276 4910 cervicis
1325 4856 1667 4912 abscissione
1699 4861 2106 4914 consummavit
2144 4879 2156 4914 :
2211 4860 2280 4915 de
2313 4875 2424 4928 quo
2469 4859 2737 4928 legendus
2786 4859 3058 4914 Baromus
3088 4861 3157 4914 ad
3193 4878 3401 4918 annum
3448 4865 3552 4922 627
3583 4883 3640 4922 ιι.
3663 4869 3697 4922 3
3729 4879 3789 4926 ct

523 4965 682 5018 seqq.
719 4947 810 5000 ubi
836 4963 894 5000 η.
933 4947 980 5011 ι,
1015 4944 1148 4997 Acta
1173 4943 1419 5013 ejusdem
1450 4943 1724 5000 Anastasii
1757 4946 1982 5016 conjicit
2007 4947 2212 5018 scripta
2236 4947 2427 5009 fuisse,
2455 4947 2540 4999 vel
2571 4947 2640 5000 ab
2670 4947 2943 5003 Antiocho
2974 4951 3269 5016 monacho,
3305 4953 3446 5008 vela
3467 4953 3789 5024 Sophronio

524 5037 620 5106 qui
656 5033 902 5088 Modesto
926 5032 982 5084 in
1006 5029 1137 5084 sede
1166 5030 1658 5102 llierosolymitana
1685 5034 1972 5088 successit.
2013 5033 2314 5088 Bollandns
2354 5044 2538 5088 tamen
2574 5041 2707 5087 tom.
2741 5033 2787 5088 ιι
2821 5033 3073 5088 Actorum
3099 5048 3411 5092 sanctorum
3439 5043 3630 5097 mensis
3681 5043 3786 5098 Ja-

526 5121 730 5182 nuarii,
762 5119 826 5172 ad
852 5117 1000 5172 dicm
1022 5116 1110 5181 2‘2,
1141 5133 1196 5187 p.
1223 5117 1344 5181 412,
1381 5135 1436 5173 n.
1471 5121 1525 5184 .i,
1555 5119 1659 5174 sibi
1709 5120 1886 5176 videri
1937 5121 2016 5176 ait
2047 5130 2330 5176 auctorem
2377 5119 2510 5174 Viue
2551 5120 2718 5190 hujus
2758 5122 3014 5191 martyris
3088 5123 3262 5179 fuisse
3311 5126 3552 5195 aliquem
3597 5146 3791 5186 mona-

529 5209 696 5263 chum
727 5204 965 5259 cocnobii
1001 5203 1054 5257 in
1079 5205 1223 5274 quod
1249 5207 1366 5275 ipse
1391 5215 1514 5274 post
1543 5206 1874 5276 baptismum
1901 5223 2023 5262 sese
2055 5215 2362 5278 receperat,
2391 5217 2448 5262 et
2482 5210 2650 5262 vitam
2688 5209 3045 5264 monasticam
3070 5211 3357 5280 amplexus
3404 5229 3549 5269 anno
3577 5215 3790 5274 Christi

527 5294 654 5357 620,
688 5307 864 5346 annos
888 5299 1096 5360 septem
1128 5301 1503 5347 commoratus
1524 5303 1610 5347 est
1648 5310 1663 5346 :
1709 5295 1858 5364 quod
1889 5295 2059 5348 infert
2083 5310 2150 5348 ex
2182 5294 2270 5348 his
2307 5293 2474 5364 hujus
2503 5294 2747 5348 auctoris
2771 5297 2957 5350 verbis
2993 5311 3051 5350 η.
3085 5298 3172 5360 15,
3195 5299 3444 5369 ejusdem
3480 5301 3638 5358 Vitio.
3679 5304 3794 5360 Hoc

528 5391 708 5436 autem
739 5381 931 5432 scimus
958 5395 1051 5432 nos
1074 5395 1192 5434 eum
1230 5381 1515 5434 mirantem
1548 5389 1598 5432 et
1631 5382 2078 5452 obstupescentem
2116 5381 2472 5434 constantiam
2487 5391 2816 5445 sanctorum,
2840 5383 2974 5438 nihil
2999 5383 3111 5453 fere
3134 5384 3286 5439 aliud
3332 5387 3504 5456 legere
3534 5389 3791 5461 coluisse,

530 5469 635 5522 nisi
663 5467 805 5535 quod
829 5465 982 5518 illum
1010 5467 1182 5519 sancti
1209 5467 1456 5522 desiderii
1482 5468 1732 5521 ardorem
1760 5471 2008 5523 nutriret.
2037 5469 2316 5522 Zachariae
2364 5478 2585 5522 mortuo
2612 5485 2758 5523 anno
2789 5467 2997 5524 Christi
3040 5471 3132 5526 151
3171 5473 3258 5527 vel
3307 5475 3427 5540 ηδ,
3454 5476 3794 5537 substitutus

527 5564 614 5611 est
641 5553 940 5617 Modestus,
979 5555 1070 5622 qui
1096 5562 1243 5607 tanta
1271 5570 1395 5608 cum
1423 5555 1585 5609 laude
1619 5556 1759 5610 hanc
1793 5555 2094 5610 Ecclesiam
2129 5573 2226 5625 per
2251 5555 2671 5625 quatuordccim
2693 5555 2808 5610 fere
2839 5572 3034 5622 annos,
3067 5557 3200 5614 dum
3234 5561 3531 5620 Zacharias
3552 5569 3793 5636 patriar-

530 5642 633 5694 cha
669 5641 1010 5694 detineretur
1031 5641 1280 5710 captivns
1304 5641 1356 5694 in
1384 5642 1630 5704 Perside,
1665 5643 2174 5708 administraverat;
2199 5659 2321 5697 cam
2355 5660 2485 5698 vero
2512 5644 2836 5713 dignitatem
2864 5645 2918 5698 in
2952 5647 3177 5714 plenum
3210 5651 3442 5706 sortitus
3463 5654 3621 5710 brevi
3649 5665 3790 5713 tem-

534 5744 664 5790 [mro
690 5728 894 5780 sedisse.
923 5729 1261 5796 perhibetur.
1299 5729 1711 5795 l’apcbrochius
1744 5730 1889 5782 cnim
1915 5730 1966 5783 in
1993 5730 2165 5783 Tract.
2203 5731 2430 5802 pra'lim.
2458 5733 2526 5785 ad
2556 5743 2682 5786 tom.
2720 5732 2810 5786 ΙΙΙ
2856 5733 2985 5787 Maii
3011 5737 3204 5806 sacpius
3229 5741 3506 5806 recensita,
3538 5761 3663 5814 pag.
3691 5747 3784 5812 5t,

533 5831 589 5869 ιι.
630 5813 745 5879 138,
777 5815 874 5869 col.
906 5817 959 5880 :2,
989 5817 1241 5870 observat
1269 5831 1297 5870 ιι
1327 5815 1660 5885 Nicephoro,
1681 5817 1770 5871 cui
1803 5819 2122 5872 membrana
2155 5818 2409 5874 llulzcana
2435 5822 2732 5887 consentit,
2761 5837 2969 5876 annum
2994 5838 3169 5878 unum
3195 5825 3485 5897 regiminis
3515 5813 3728 5902 tulique
3755 5851 3787 5890 a
