4078 6412
402 370 549 448 3:273
1339 356 1421 443 ΙΝ
1464 352 1884 444 UNGUENTA
1921 355 2319 441 FERENTES
2335 377 2752 442 MULIERES.
3528 376 3670 445 327i

407 498 587 544 morte
619 486 918 549 Zacharias,
953 486 1042 540 cui
1073 501 1140 539 cx
1172 485 1401 542 Perside
1435 501 1660 542 reverso
1684 486 2221 543 administrationem
2255 490 2360 544 sibi
2395 489 2700 560 delegatam
2734 488 3075 551 restituerat,
3107 490 3195 545 vel
3222 505 3385 558 quam
3418 490 3668 548 fortassis

410 578 518 632 sub
549 577 667 641 illo,
690 591 760 630 ex
785 573 962 645 ipsius
1007 587 1306 641 consensu,
1338 590 1600 631 exercere
1645 577 1993 646 perrexerat)
2042 577 2347 648 assignari;
2399 578 2539 633 duos
2583 593 2718 632 vero
2745 591 2922 631 annos
2958 576 3028 631 ab
3066 579 3298 633 auctore
3350 579 3666 636 tabularum

409 663 740 734 Theophani
797 663 1130 717 insertarum
1168 679 1182 714 ε
1224 662 1320 718 sed
1362 663 1471 717 nisi
1516 663 1775 719 decessor
1807 665 1928 735 ejus
1957 664 2275 729 Zacharias,
2314 665 2515 736 inquit,
2547 666 2840 735 plusquam
2875 664 2945 719 22
2969 672 3151 720 anno:
3179 674 3304 732 post
3339 681 3494 723 suam
3520 668 3669 721 ordi-

410 753 696 808 nationem
729 750 951 815 vixerit,
978 766 1082 806 nec
1110 751 1168 806 hi
1195 751 1510 817 suﬂiciunt;
1546 769 1671 807 cum
1694 763 1852 809 certo
1873 761 2093 810 constet
2118 748 2497 809 successorem
2530 754 2652 824 ejus
2680 752 3052 823 Sophrouiu'm
3071 752 3283 807 mensis
3316 752 3441 808 Maii
3470 762 3668 824 quarta

408 841 525 905 die,
562 840 760 896 iudict.
793 848 967 904 sexta,
998 839 1053 893 id
1083 850 1170 894 est
1203 855 1350 894 anno
1381 841 1505 906 655,
1534 841 1854 898 interfuisse
1888 842 2102 914 synodo
2135 841 2517 897 Alexandrinum
2559 840 2741 895 adhuc
2763 837 3040 910 privatum
3070 839 3425 905 monachum,
3467 841 3659 911 ibique

410 943 671 983 exorsum
703 942 801 983 sua
824 939 1019 982 contra
1043 927 1886 985 monotbelismumnasc‘entem
1916 930 2244 994 certamina,
2275 926 2480 984 deinde
2513 942 2638 984 cum
2671 927 2873 984 litteris
2901 927 3027 999 Cyri
3064 927 3394 997 patriarchae
3425 927 3672 983 Alexan-

409 1015 561 1071 drini
593 1016 760 1071 ivisse
784 1015 1322 1085 Constantinopolim
1343 1028 1366 1079 ,'
1385 1016 1453 1071 ad
1482 1017 1639 1079 urbis
1656 1018 2140 1089 archiepiscopum
2166 1014 2453 1089 Sergium;
2479 1016 2618 1072 adeo
2643 1024 2702 1071 ut
2720 1016 2954 1069 multum
2977 1013 3068 1080 sit,
3097 1014 3144 1070 si
3178 1025 3307 1071 ante
3335 1023 3668 1072 autumnum

413 1104 621 1159 reverti
653 1102 899 1173 potuerit
957 1103 1014 1159 in
1045 1103 1416 1159 Palaestinam.
1462 1104 1589 1163 Haec
1621 1106 1983 1162 considerans
2026 1107 2251 1177 aliquis,
2282 1106 2640 1177 prosequitur
2668 1104 3103 1175 Papebrochius,
3138 1112 3195 1158 et
3232 1101 3511 1174 quomodo
3553 1103 3669 1174 ja‘m

411 1190 542 1246 inde
569 1206 596 1242 a
629 1201 789 1260 capta
816 1190 922 1244 sub
956 1190 1205 1248 Chosroe
1232 1189 1612 1263 Hierosolyma
1634 1195 1964 1263 patriarcha
1992 1195 2148 1251 vices
2182 1196 2417 1266 gesserit
2459 1193 2761 1258 Modestus,
2802 1191 3056 1247 fortassis
3085 1189 3235 1246 'vol'et
3263 1188 3479 1261 opinari
3519 1187 3669 1259 quod

410 1279 632 1347 primus
660 1278 824 1334 istius
847 1278 1081 1348 eatalqgi
1103 1288 1302 1334 auctor
1324 1280 1420 1349 qui
1444 1280 1499 1336 in
1531 1281 1848 1351 Sophronio
1878 1285 2212 1343 terminatur
2241 1284 2426 1340 nullos
2443 1283 2495 1339 ei
2526 1297 2701 1338 annos
2722 1280 3013 1346 deﬁniens,
3043 1277 3282 1345 voluerit
3326 1287 3501 1333 totum
3526 1272 3671 1332 tem-

408 1376 518 1432 pus
540 1377 653 1432 quo
679 1361 1121 1432 patriarchatum
1155 1362 1568 1418 administravit
1597 1365 1896 1432 Modestus,
1922 1368 2105 1425 eidem
2147 1357 2208 1425 ut
2231 1387 2365 1427 vero
2397 1370 2726 1441 patriarcha:
2773 1368 3074 1433 ascribere,
3108 1365 3316 1437 notatis
3345 1362 3531 1439 Graece
3560 1378 3664 1417 an-

410 1449 504 1504 nis
528 1454 636 1512 xa',
664 1448 719 1504 id
753 1457 860 1514 est,
891 1447 982 1513 21,
1003 1449 1151 1517 quod
1180 1450 1273 1505 alii
1304 1465 1413 1505 non
1443 1451 1842 1523 intclligentes,
1869 1454 2214 1524 nimiumque
2246 1470 2370 1511 esse
2399 1455 2651 1510 videntes
2679 1452 2984 1523 (siquidem
3004 1458 3130 1522 post
3157 1446 3481 1504 Zachariam
3504 1445 3662 1500 brevi

416 1536 555 1591 satis
589 1541 841 1604 tempore
870 1535 963 1590 ille
990 1528 1273 1592 Modestus
1295 1537 1454 1610 vixit)
1490 1540 1698 1594 omisso
1730 1546 1801 1604 κ’,
1826 1540 2026 1596 τριίιιυε

2058 1541 2156 1596 rint
2200 1540 2269 1606 α’,
2302 1538 2460 1598 facile
2484 1557 2661 1597 annos
2692 1540 2766 1609 ¹21
2814 1537 3112 1609 ι’θρειιΐυι-ἰ,
3146 1536 3192 1591 si
3223 1538 3516 1590 numerare
3547 1532 3668 1587 illos

414 1621 726 1676 voluissent
749 1621 819 1676 ab
851 1631 1090 1677 exeunte
1112 1623 1254 1679 Maio
1292 1624 1399 1696 (vel
1428 1625 1591 1681 initio
1635 1624 1810 1698 Junii)
1838 1628 1971 1683 anni
2003 1627 2108 1683 6H
2141 1629 2274 1698 (quo
2309 1637 2468 1699 capta
2503 1636 2588 1683 est
2613 1643 2644 1683 a
2689 1627 2876 1682 Persis
2903 1623 3402 1694 llierosolymitana
3446 1620 3666 1689 civitas)

408 1708 481 1763 ad
522 1724 773 1764 mensem
803 1709 1165 1765 Decembrem
1196 1713 1325 1766 anni
1360 1713 1484 1769 654.
1528 1713 1634 1771 Sed
1665 1715 1805 1769 nihil
1835 1730 2064 1771 necesse
2096 1717 2204 1771 erit
2230 1716 2341 1771 huc
2371 1731 2682 1779 recurrere,
2715 1713 2760 1770 si
2806 1712 3088 1768 Zachariae
3113 1710 3350 1765 velimus
3374 1717 3555 1762 annos
3597 1707 3670 1762 24

410 1796 759 1868 relinquere.
797 1796 955 1853 Τυηο
983 1797 1133 1853 enim
1166 1814 1198 1853 a
1230 1794 1427 1855 Martio
1455 1817 1603 1857 anno
1634 1803 1759 1865 655,
1795 1818 1967 1873 usque
1999 1803 2067 1858 ab
2096 1804 2456 1861 Decembrem
2482 1803 2615 1858 anni
2637 1786 2941 1872 sequentis.
2966 1798 3073 1854 dici
3096 1801 3278 1868 potest
3320 1795 3529 1850 sedisse
3556 1795 3673 1849 Mo-

406 1883 620 1942 destus.
655 1885 810 1951 Dico,
844 1901 1018 1955 usque
1045 1886 1111 1940 ad
1138 1888 1517 1951 Decembrem,
1542 1891 1668 1959 quia
1690 1892 1782 1947 tali
1814 1907 2002 1947 mense
2027 1891 2115 1946 die
2144 1892 2207 1946 16
2229 1891 2418 1945 colunt
2447 1889 2624 1960 ipsum
2645 1888 2822 1945 Graeci
2844 1902 3027 1942 annua
3050 1881 3581 1941 commemoratione
3612 1882 3689 1943 in,

406 1971 654 2027 Menaeis.
685 1973 764 2028 lta
790 1973 1208 2043 Papebrochius
1230 1976 1455 2031 citatus.
1492 1974 1798 2048 Eutychius
1836 1978 2245 2033 Alexandrinus
2274 1978 2471 2034 scribit
2509 1977 2814 2032 Modestum
2857 1974 3070 2029 sedisse
3097 1986 3297 2026 novem
3332 1983 3577 2034 menses,
3610 1979 3670 2024 et

407 2067 535 2127 Ροεῑ
562 2059 687 2130 eius
722 2069 960 2114 mortem
1004 2061 1276 2127 mansisse
1326 2062 1644 2117 cathedram
1707 2050 2254 2136 llirrosolymitanam
2302 2082 2394 2121 sex
2428 2067 2588 2121 annis
2625 2065 2745 2120 sine
2785 2062 3122 2134 patriarcha.
3160 2060 3286 2114 Hinc
3312 2057 3541 2129 quidem
3571 2072 3668 2111 sex

407 2160 689 2200 annorum
725 2147 980 2201 vacantia
1022 2161 1158 2203 vera
1193 2164 1303 2203 non
1346 2150 1568 2204 videtur
1600 2169 1614 2205 :
1645 2168 1770 2206 nam
1807 2153 1876 2207 ab
1914 2168 2061 2207 anno
2085 2154 2210 2216 6‘54,
2258 2170 2372 2225 quo
2404 2155 2698 2210 Zacharias
2731 2150 3040 2213 descendit,
3074 2162 3253 2217 usque
3282 2145 3352 2200 ad
3394 2145 3520 2211 654,
3556 2159 3668 2214 quo

402 2230 758 2303 Sophronius
799 2233 1091 2291 ordinatus
1133 2245 1217 2292 est
1257 2236 1765 2311 Hierosolymorum
1820 2243 2135 2312 episcopus,
2176 2257 2271 2296 sex
2316 2244 2566 2311 profecto
2606 2241 2734 2295 anni
2784 2253 2892 2292 non
2925 2242 3252 2298 occurrunt,
3281 2231 3387 2288 sub
3431 2246 3669 2301 quorum

406 2322 581 2375 etiam
607 2320 905 2376 duratione
934 2323 1173 2377 Modesti
1207 2326 1618 2393 patriarchatus
1645 2328 1803 2383 ﬂuxit
1833 2329 1998 2384 unius
2028 2329 2156 2383 anni
2211 2330 2298 2384 vel
2328 2329 2587 2383 duorum.
2629 2327 2699 2381 At
2748 2326 2988 2394 aliquam
3040 2319 3428 2377 intercessisse
3462 2332 3667 2372 vacan-

403 2407 567 2472 tiam,
605 2395 639 2462 a
668 2408 905 2463 Modesti
930 2410 1085 2464 obitu
1109 2426 1287 2481 usque
1319 2412 1385 2467 ad
1413 2412 1713 2481 Sophronii
1738 2412 2231 2487 inaugurationem,
2270 2415 2503 2470 suadent
2531 2414 2781 2485 quadam
2812 2411 3031 2467 Martini
3057 2409 3076 2465 l
3116 2405 3351 2464 Romani
3389 2403 3670 2475 pontificis

407 2495 580 2549 verba
611 2496 849 2551 inferius
882 2497 1196 2563 referenda,
1233 2514 1357 2568 qua:
1378 2500 1643 2570 leguntur
1676 2501 1729 2554 in
1756 2502 2008 2570 epistolis
2027 2502 2150 2572 ejus
2173 2506 2239 2555 ad
2264 2502 2530 2557 Joannem
2556 2498 2952 2569 Philadelphia:
2970 2497 3318 2567 episcopum,
3342 2502 3398 2548 et
3427 2492 3495 2547 ad
3522 2492 3666 2546 Pan-

405 2585 685 2639 taleon‘em
711 2602 726 2650 ;
757 2586 972 2641 scilicet
995 2588 1148 2643 viros
1173 2582 1389 2658 aliquos
1414 2597 1538 2643 ante
1571 2588 1854 2659 Sophronii
1875 2591 2277 2662 patriarchiam,
2297 2590 2440 2658 item
2490 2595 2605 2660 post
2640 2588 2754 2657 ejus
2797 2586 3095 2648 decessum,
3128 2598 3238 2637 non
3271 2578 3667 2636 convenienter

410 2668 587 2726 fuisse
616 2671 827 2729 electos
852 2672 910 2728 in
944 2674 1257 2746 epierpos,
1283 2677 1367 2732 vel
1406 2677 1778 2749 presbyteros,
1798 2686 1906 2732 etc.
1938 2678 2139 2733 Praeter
2163 2676 2392 2731 Modesti
2427 2676 2717 2745 epistolam
2748 2673 2817 2729 de
2870 2687 2977 2743 qua
3004 2686 3191 2740 supra,
3229 2675 3420 2722 monet
3468 2663 3668 2735 Pagina

408 2765 547 2812 tom.
578 2758 624 2813 Π
649 2762 769 2813 crit.
800 2761 988 2817 armat.
1022 2762 1244 2818 Barom'i
1277 2763 1346 2818 ad
1389 2778 1594 2819 annum
1643 2765 1768 2823 655,
1796 2780 1853 2819 n.
1887 2764 1919 2819 6
1944 2780 2069 2836 pag.
2109 2766 2232 2831 SOI,
2263 2766 2369 2820 col.
2396 2766 2446 2828 1,
2478 2764 2663 2818 adhuc
2702 2775 2998 2841 superesse
3023 2758 3162 2813 duas
3197 2757 3320 2828 ejus
3340 2754 3664 2823 orationes:

409 2864 605 2915 unam,
638 2852 695 2905 in
722 2850 972 2907 mulieres
999 2856 1436 2925 unguentiferas;
1462 2856 1714 2935 alteram,
1737 2857 1792 2909 in
1818 2871 2094 2910 occursum
2120 2871 2137 2909 :
2167 2870 2289 2924 quae
2318 2853 2624 2907 recitantur
2644 2867 2678 2906 a
2711 2850 2913 2906 Photio
2937 2849 2994 2903 in
3016 2846 3286 2901 Biblioth.
3311 2842 3504 2899 codice
3532 2841 3662 2897 275.

407 2934 531 2992 Alia
557 2952 779 3008 quoque
802 2940 989 2995 oratio
1031 2932 1519 3015 exstaredicitu'r,
1556 2943 1660 2998 sub
1682 2944 1930 3014 ejusdem
1975 2942 2207 2998 Modesti
2253 2941 2500 3006 nomine,
2530 2939 2590 2992 in
2629 2937 2821 2993 codice
2864 2936 2972 2991 274
3015 2932 3390 3000 Coisliniano,
3413 2938 3555 3003 part.
3601 2943 3663 2999 ιι,

407 3033 536 3093 pag.
567 3023 696 3092 289,
722 3024 787 3077 de
808 3028 1124 3082 dormitione
1148 3027 1394 3101 Deiparw
1424 3029 1667 3102 Virginis.

407 3207 3638 3242 WM

1631 3358 2459 3497 ΜΟΔΕΣΤΟΥ

1464 3589 2030 3644 ΑΡΧΙΕΠῘΣΚΟΠΟΥ
2081 3585 2571 3643 ΙΕΡΟΣΟΛΥΜΩΝ

1399 3756 1574 3842 ΕΙΣ
1645 3756 1852 3842 ΤΑΣ
1924 3750 2703 3844 ΜΥΡΟΦΟΡΟΥΣδ

2011 3938 2082 3958 β

1732 4097 2363 4218 MODESTI

1378 4327 1962 4397 ARCHIEPISCOPI
1999 4325 2712 4397 HIEROSOLYMITANI

844 4500 971 4593 IN
1082 4499 1736 4592 UNGUENTA
1844 4499 2460 4590 FERENTES
2573 4495 3226 4590 MULIERES.

1566 4690 1842 4763 (Pno'rws,
1882 4688 2152 4758 Biblioth.,
2190 4691 2316 4748 cod.
2359 4691 2508 4764 275.)

468 4962 577 5035 Ἷθδν
602 4969 835 5050 ἕϐδομον
883 4976 1119 5051 ἀριθμὸν
1145 4977 1243 5033 παὶ
1285 4968 1380 5033 ἰπὶ
1409 4968 1511 5051 τῆς
1539 4979 1738 5050 ἀρετῆς
1767 4980 1861 5034 καὶ
1887 4976 1984 5032 ἐπὶ

2151 4980 2460 5053 Septimum
2499 4989 2814 5048 numerum,
2837 4989 2898 5037 et
2928 4974 2998 5035 de
3026 4977 3235 5035 virtute
3258 4985 3318 5041 et
3435 4985 3662 5050 peccato

398 5068 498 5141 τῆς
532 5069 733 5134 κακίας
759 5069 1089 5140 εὑρίσκομεν
1120 5072 1220 5141 τὴν
1256 5069 1481 5140 aner,»
1525 5068 1987 5142 παραλαμϐάνου-

2085 5073 2136 5129 in
2187 5073 2475 5142 Scriptura
2521 5079 2812 5142 acceptum
2862 5071 3193 5128 invenimus.
3248 5070 3444 5127 Merito
3492 5070 3695 5142 igitur;

402 5128 520 5215 σαν.
552 5128 799 5223 Εἰκότοος
827 5128 925 5213 οὖν
946 5128 1046 5231 τὴν
1074 5128 1733 5233 Μαριανέκλέγεταιιτὴν
1750 5128 1985 5230 ’Μαγδα-

2084 5163 2246 5235 elegit
2276 5128 2501 5218 Mariam
2536 5128 2910 5234 Magdalenam
2951 5161 3222 5227 Salvator,
3253 5176 3286 5218 e
3310 5176 3419 5231 qua
3450 5128 3659 5232 septem
3686 5128 3694 5203 ί

398 5244 565 5321 ληνὴν
598 5251 628 5303 ὁ
660 5249 876 5322 Σωτὴρ,
916 5251 1012 5319 ἀφ’
1041 5246 1109 5321 ἧς
1142 5251 1462 5320 ἐκϐεϐλήκει
1496 5252 1756 5321 δαιμόνια
1791 5251 1935 5306 ἑπτά
1957 5266 1973 5282 ⁶

2082 5254 2355 5310 damonis
2381 5255 2393 5284 '
2416 5254 2602 5324 eiecit,
2632 5262 2695 5309 ut
2714 5253 3019 5324 principem
3053 5253 3264 5324 peccati
3288 5268 3392 5322 per
3421 5252 3565 5307 illam
3589 5252 3661 5306 ab

398 5341 488 5399 ἵνα
519 5341 613 5395 τὸν
641 5340 880 5412 ἄρχοντα
915 5341 1016 5412 τῆς
1060 5343 1260 5408 κακίας
1293 5342 1361 5396 δι’
1387 5342 1558 5413 αὐτῆς
1589 5343 1838 5418 ἀπελάσῃ
1874 5343 1974 5414 τῆς

2081 5346 2403 5402 hominibus
2421 5347 2742 5418 expelleret.
2769 5345 3022 5403 Historia
3044 5345 3268 5400 tradunt
3288 5344 3660 5419 Magdalenatu

403 5435 753 5508 ἀνθρωπίνης
810 5436 1048 5506 φύσεως.
1093 5438 1236 5504 Ὅτι,
1282 5438 1470 5508 φησιν,
1511 5438 1841 5510 αἰ,ἱστοριαι
1874 5440 1974 5509 τὴν

2082 5438 2225 5493 hanc
2263 5437 2532 5508 virginem
2574 5436 2768 5501 fuisse,
2802 5444 2859 5492 et
2887 5438 3210 5507 martyrium
3244 5436 3409 5507 hujus
3450 5451 3661 5491 memo-

398 5525 766 5600 Μαγδαληνὴν
804 5529 1013 5598 ταύτην
1052 5529 1141 5585 διὰ
1186 5531 1305 5601 βίον
1346 5531 1611 5603 παρθένον
1641 5531 1970 5586 διδάσκουσι.

2081 5537 2236 5585 ratur
2267 5545 2286 5585 :
2316 5529 2407 5585 ubi
2437 5529 2663 5594 dicitur,
2693 5537 2920 5599 prepter
2952 5543 3220 5593 summam
3259 5529 3412 5591 illius
3437 5526 3662 5598 virgini-

400 5616 509 5671 Καὶ
538 5614 839 5689 μαρτῦριον
874 5620 933 5673 δὲ
976 5621 1146 5690 αὐτῆς
1187 5622 1436 5690 φέρεται,
1470 5623 1526 5674 ὲν
1551 5615 1598 5691 ᾧ
1637 5620 1853 5691 λέγεται
1884 5622 1974 5676 διὰ

2083 5630 2274 5681 tatem.
2304 5630 2363 5679 et
2396 5621 2713 5689 puritatem,
2746 5620 2893 5687 illam
2924 5631 3185 5692 tanquam
3224 5619 3429 5675 vitrum
3459 5632 3657 5690 purum

468 5773 486 5805 ι
522 5770 659 5829 Luc.
686 5786 804 5837 vui,
829 5769 886 5826 2.
1364 5782 1385 5791 “

680 5864 948 5926 Parnm"
994 5864 1112 5924 Gn.
1146 5862 1492 5926 LXXXVI.
2295 5877 2301 5883 ‘
3308 5868 3420 5932 103
