4078 6388
434 360 588 473 3275

1415 404 1746 465 MODESTI
1791 402 2305 464 PA'l‘RlAliCIi.E
2348 399 2756 467 lIlEROSOL.

3593 394 3734 464 3276

446 516 752 573 tortoribus
781 503 953 573 visam
984 531 1125 572 esse.
1153 515 1281 571 Post
1306 502 1773 572 obdormitioncm
1802 513 2032 569 sanctis—

2136 515 2235 586 τὴν
2294 517 2470 587 ἄκραν
2532 518 2706 585 αὐτῆς
2752 515 3049 588 παρθενίαν
3108 515 3199 569 καὶ
3245 513 3611 588 καθαρότητα,
3658 517 3736 581 ῶς

443 608 595 664 simae
617 608 861 663 Dominae
889 618 1088 663 nostrae
1103 605 1351 677 Deiparaa
1373 606 1618 676 profecta
1645 613 1730 661 est
1755 605 2035 675 Ephesum

444 700 513 754 ad
556 701 820 756 dilectum
854 698 1189 769 discipulum
1229 716 1243 752 :
1276 699 1370 753 ubi
1414 713 1638 753 cursum
1669 697 2034 767 apostolicum

444 807 544 860 per
575 791 899 863 martyrium
936 790 1327 862 unguentifera
1356 790 1529 846 Maria
1558 789 1810 860 perfecit,
1838 789 2035 844 nolens

444 884 511 940 ad
537 895 843 940 extremum
878 901 1052 955 usque
1081 886 1338 956 spiritum
1365 903 1395 940 a
1422 886 1584 942 beato
1616 886 1828 941 Joanne
1859 901 2032 940 evan-

442 978 659 1049 gelista,
680 987 738 1034 et
764 978 977 1049 virgine
1004 978 1271 1049 Separari.
1299 977 1798 1045 Quemadmodum,
1827 977 2032 1048 inquit,

441 1069 702 1140 princeps
743 1067 1036 1142 [primitia]
1083 1070 1460 1140 apostolorum
1502 1070 1571 1124 ab
1617 1069 1888 1124 immobili
1926 1067 2034 1125 [ide

439 1174 602 1228 quam
640 1159 836 1214 habuit
875 1160 932 1214 in
966 1169 1178 1230 petram
1216 1159 1522 1222 Christum,
1553 1160 1753 1215 Petrus
1794 1159 2035 1231 appella-

442 1262 530 1307 tus
571 1260 657 1308 est
685 1269 698 1305 :
727 1252 807 1307 sic
832 1260 889 1308 et
921 1252 1015 1307 illa
1048 1252 1307 1323 princeps
1344 1251 1741 1327 discipularum
1772 1251 1843 1307 ob
1874 1252 2032 1321 puri-

441 1353 608 1399 tatem
640 1352 697 1399 et
742 1359 1012 1409 amorem,
1050 1360 1160 1414 quo
1191 1343 1470 1399 Christum
1516 1345 1798 1415 complexa
1826 1354 1931 1408 est,
1961 1343 2032 1398 ab

440 1435 560 1504 ipso
594 1434 878 1491 nominata
912 1445 1016 1503 est,
1052 1436 1144 1491 cui
1174 1435 1319 1490 idem
1358 1434 1461 1490 fuit
1502 1451 1726 1500 nomen,
1755 1435 1903 1506 quod
1934 1435 2032 1490 Dei

440 1529 626 1584 matri.
648 1527 1126 1595 Quemadmodum
1153 1528 1446 1583 Dominum
1475 1526 1877 1597 discipulorum
1900 1527 2034 1581 cho-

440 1638 535 1675 rus
564 1629 792 1675 secutus
836 1621 1069 1685 est,.sic
1115 1620 1402 1676 Dominam
1437 1627 1494 1675 et
1538 1619 1764 1674 Matrem
1808 1618 2028 1674 Domini

438 1713 646 1769 chorus
676 1715 1094 1786 discipularum.
1128 1716 1310 1770 Mirati
1340 1715 1487 1771 enim
1535 1714 1832 1785 aliquando
1860 1712 2029 1769 disci-

2143 606 2304 661 ὕαλον
2349 609 2520 679 αὐτὴν
2573 607 2813 678 καθαρὸν
2865 610 2977 671 τοῖς
3019 606 3374 677 βασανισταῖς
3417 606 3732 676 φαίνεσθαι.

2144 697 2290 768 Ὅτι,
2336 701 2490 771 φησὶ,
2522 700 2661 770 μετά
2693 700 2788 770 τὴν
2817 700 3076 770 κοίμησιν
3109 698 3211 769 τῆς
3245 699 3545 773 Δεσποίνης
3574 697 3732 771 ἡμῶν

2141 790 2407 844 Θεοτόκου
2436 791 2766 863 πορευθεῖσα
2790 791 2870 855 εἰς
2900 793 3135 859 Ἔφεσον
3156 790 3292 862 πρὸς
3315 790 3405 843 τὸν
3434 791 3732 860 ἠγαπημέ-

2137 900 2228 937 νον
2255 883 2528 956 μαθητὴν,
2559 868 2740 937 ἐκεῖσε
2768 883 2860 939 τὸν
2886 883 3087 955 δρόμον
3132 884 3223 938 τὸν
3249 882 3612 938 ἀποστολικὺν
3642 881 3734 936 διὰ

2134 977 2231 1031 τοῦ
2273 977 2579 1050 μαρτυρίου
2611 979 2645 1049 ἡ
2672 976 2982 1049 μυροφόρος
3023 975 3214 1046 Μαρία
3247 975 3529 1030 ἐτελείωσε
3562 987 3614 1040 ε,
3654 975 3733 1045 μὴ

2135 1069 2413 1140 θελήσασα
2446 1069 2611 1140 μέχρι
2645 1069 2744 1138 τῆς
2773 1067 3031 1139 τελευτῆς
3077 1064 3417 1141 χωρισθῆναι
3465 1064 3555 1118 τοῦ
3587 1083 3731 1136 παρ-

2132 1159 2287 1215 θένου
2316 1161 2413 1213 καὶ
2441 1158 2833 1227 εὐαγγελιστοῦ
2877 1157 3149 1212 Ἰωάννου.
3190 1158 3424 1227 Ὥσπερ,
3476 1155 3663 1226 φησὶν,
3697 1157 3731 1222 ἡ

2133 1252 2360 1324 ἀπαρχὴ
2401 1252 2511 1307 τῶν
2552 1251 2871 1305 ἀποστόλων
2913 1250 3119 1322 Πέτρος
3172 1246 3468 1319 ὠνομάσθη
3516 1245 3608 1300 διά
3632 1245 3731 1312 τὴν

2131 1344 2430 1401 ἀσάλευτον
2458 1346 2662 1410 πίστιν,
2692 1345 2760 1416 ἣν
2781 1339 2928 1414 εῖχεν
2981 1343 3078 1396 ἐπὶ
3107 1339 3346 1411 Χριστόν
3372 1338 3473 1412 τὴν
3498 1337 3729 1409 πέτραν

2132 1435 2277 1490 οὕτω
2337 1437 2432 1491 καὶ
2478 1436 2619 1507 αὐτὴ
2652 1436 2897 1508 ἀρχηγὸς
2930 1433 3044 1490 τῶν
3084 1432 3729 1507 μαθητριῶνγενομένη,

2141 1526 2231 1581 διὰ
2269 1527 2370 1600 τὴν
2419 1527 2771 1599 καθαρότητα
2813 1527 3006 1595 αὐτῆς,
3038 1525 3134 1579 καὶ
3161 1523 3255 1578 τὸν
3294 1522 3460 1577 πόθον
3486 1522 3547 1576 ὃν
3577 1516 3727 1590 εἶχεν

2132 1623 2212 1684 είς
2241 1621 2429 1687 αὐτὸν,
2458 1622 2648 1694 Μαρία
2679 1620 2987 1693 ὁμωνύμως
3014 1622 3079 1692 τῇ
3107 1617 3279 1691 μητρὶ
3310 1617 3463 1689 παρὰ
3485 1616 3583 1669 τοῦ
3612 1615 3732 1668 Σω-

2133 1712 2301 1785 τῆρος
2343 1715 2804 1786 προσηγόρευται.
2844 1712 3059 1783 Ὠσπερ
3111 1710 3192 1782 τῷ
3219 1709 3468 1782 Δεσπότῃ
3486 1707 3597 1761 τῶν
3628 1724 3735 1777 μαι-

438 1806 555 1876 puli
599 1816 790 1873 erant,
836 1808 987 1879 quod
1036 1824 1163 1864 cum
1210 1808 1418 1863 femina
1458 1808 1825 1877 Ιοιῑιιειυοιιιιι⁸
1858 1806 2030 1862 :hinc

2136 1803 2315 1874 θητῶν
2347 1804 2631 1875 ἠκολούθει
2652 1806 2682 1858 ό
2708 1805 2864 1878 χορός
2882 1820 2897 1835 ο
2923 1802 3068 1857 οὕτω
3095 1805 3160 1875 τῇ
3191 1801 3459 1875 Δεσποίνῃ
3490 1800 3583 1854 καὶ
3604 1800 3730 1870 Μη-

438 1904 590 1964 patet
630 1897 927 1953 Dominum
985 1916 1110 1955 cum
1154 1900 1483 1955 mulieribus
1527 1894 1870 1955 consortitim
1916 1916 2031 1956 non

439 1988 721 2045 habuisse.
757 1990 866 2046 Sed
905 2002 1081 2048 matre
1108 1992 1327 2047 Domini
1372 1991 1754 2063 evangelicum
1806 2007 2033 2049 cursum

439 2096 549 2137 una
580 2098 706 2136 cum
742 2084 964 2140 Filio'et
995 2094 1244 2141 creatore
1274 2084 1611 2155 complente,
1645 2092 1702 2138 et
1726 2084 1859 2155 ipsa:
1884 2084 2033 2141 illam

438 2182 664 2235 secutae,
684 2176 977 2231 cetmnuni
1022 2176 1258 2232 Domino
1287 2185 1342 2232 ct
1379 2175 1673 2247 discipulis
1701 2175 1770 2231 de
1802 2176 2035 2232 faculta-

439 2263 591 2319 tibus
620 2265 741 2320 suis
773 2268 830 2321 in
849 2267 1028 2324 rebus
1054 2270 1383 2325 necessariis
1412 2268 1820 2324 ministrabant.

2137 1898 2229 1970 τρὶ
2280 1898 2375 1953 τοῦ
2436 1899 2664 1970 Κυρίου,
2717 1898 2827 1954 τῶν
2881 1896 3344 1971 μαθητευομένων
3386 1890 3665 1966 γυναικῶν
3700 1890 3733 1942 ό

2136 1996 2317 2068 χορός.
2362 1994 2705 2065 Ἐθαύμαζον
2744 1994 2875 2066 γὰρ,
2915 1998 3069 2065 φησὶ,
3106 1991 3239 2047 ποτε
3271 1990 3321 2044 oi
3355 1986 3616 2061 μαθηταὶ,
3644 1982 3730 2037 ὅτι

2140 2091 2280 2162 μετά
2311 2090 2570 2160 γυναικὸς
2605 2090 2784 2145 ἐλάλει
2805 2105 2818 2118 ’
2863 2090 3020 2159 δῆλον
3045 2089 3121 2144 ὡς
3146 2087 3247 2140 οὐκ
3273 2084 3441 2153 οὔσης
3471 2076 3728 2147 τοιαύτης

2141 2185 2433 2256 συνηθείας
2463 2183 2544 2255 τῷ
2567 2184 2775 2254 Κυρίῳ.
2818 2183 2981 2236 uim
3008 2182 3099 2236 τὸν
3140 2176 3498 2247 εὐαγγελικὲν
3524 2172 3725 2244 δρόμον

2137 2277 2238 2346 τῆς
2263 2278 2469 2349 μητρὸς
2497 2275 2587 2331 τοῦ
2619 2275 2893 2330 Δεσπότου
2922 2258 3357 2341 συνεξανυούσης
3386 2265 3465 2338 τῷ
3493 2262 3609 2335 Υίῷ
3633 2261 3728 2316 καὶ

438 2359 789 2431 Δημιουργῷ,
828 2361 923 2415 καὶ
966 2355 1128 2416 αὗται
1179 2360 1673 2417 συνακολουθοῦσαι
1725 2362 1864 2433 αὐτῇ
1924 2364 2005 2435 τῷ
2057 2369 2220 2441 κοινῷ
2248 2372 2497 2445 Δεσπότῃ
2553 2372 2619 2424 ὲκ
2674 2369 2781 2425 τῶν
2809 2369 3161 2439 ὑπαρχόντων
3189 2367 3248 2419 ὲν
3271 2363 3383 2427 τοῖς
3405 2357 3728 2426 ἀναγκαίοις

442 2456 533 2510 καὶ
561 2456 671 2520 τοῖς
706 2455 980 2528 μαθηταῖς
1005 2457 1310 2530 διηκόνουν.

508 2597 528 2626 ²
561 2594 721 2652 Joan.
759 2612 837 2661 ιν,
864 2597 957 2653 27.

1702 2666 1935 2724 VARle
1984 2665 2276 2723 ΗΞΕΤΙΟΝ
2284 2666 2387 2723 ES.

515 2766 539 2795 ι
569 2756 890 2831 ἐτελεύτησε
924 2758 1000 2815 Μ.
1036 2758 1111 2815 Μ.

1431 3056 1608 3208 ΕΙΣ
1681 3122 1912 3206 THN
1986 3119 2727 3206 YHAIIANTHN.

1605 3423 1736 3511 IN
1838 3418 2519 3512 OCCUBSUM.

509 3732 668 3786 Anna
695 3746 820 3787 cum
844 3729 963 3787 viro
991 3738 1203 3802 septem
1226 3747 1429 3797 annos,
1448 3726 1756 3786 Sabbatum
1778 3728 1966 3784 colens
1990 3724 2029 3790 ³,
2059 3735 2102 3793 c
2130 3690 2133 3695 Δ
2204 3727 2319 3803 καὶ
2348 3729 2381 3799 ἡ
2414 3728 2506 3782 τὸν
2540 3727 2914 3804 ἐϐδομήκοντα
2946 3734 3137 3806 χρόνον
3175 3733 3552 3789 σαϐϐατισασα
3585 3733 3727 3805 μετὰ

435 3824 695 3896 precibus
721 3831 779 3879 et
816 3824 1044 3898 jejuniis
1086 3823 1396 3891 adhaerens,
1458 3824 1737 3895 octoginta
1789 3831 2029 3892 quatuor

435 3930 615 3972 annos
652 3931 777 3971 cum
816 3916 1106 3995 exegisset,
1141 3932 1363 3995 carnem
1397 3933 1429 3972 e
1466 3924 1704 3987 quatuor
1735 3912 2028 3969 elementis

435 4008 796 4080 compositam
827 3994 1077 4074 uincens,
1110 4015 1165 4063 et
1181 3994 1426 4065 mentem
1448 4007 1723 4062 mundans
1750 4004 1818 4060 ad
1849 4002 2026 4060 sancti

434 4102 675 4175 Spiritus
706 4101 1104 4172 receptionem,
1137 4111 1196 4157 et
1237 4100 1588 4173 generalibus
1620 4097 1809 4171 [vulgo
1841 4094 2027 4153 cardin-

435 4195 652 4250 nalibus
684 4193 875 4267 dictis]
912 4194 1160 4265 'seipsam
1203 4193 1512 4249 virtutibus
1541 4205 1837 4255 exornans,
1867 4197 2024 4243 octo-

434 4286 705 4357 gesimum
737 4300 943 4339 annum
974 4295 1264 4357 postquam
1311 4283 1571 4349 excessit,
1603 4282 1658 4337 in
1697 4281 1901 4351 templo
1936 4279 2025 4334 in-

432 4380 588 4435 venit
615 4377 788 4433 futuri
818 4377 1084 4447 temporis
1105 4376 1469 4440 Salvatorem,
1533 4373 1682 4428 ulnis
1729 4380 2023 4443 gestatum.

435 4472 630 4527 Merito
680 4470 769 4525 lex
810 4477 873 4524 ut
912 4484 1135 4524 causam
1187 4469 1469 4539 peccantis
1514 4465 1835 4536 voluptatis,
1884 4464 2027 4520 ﬁlias

434 4563 582 4630 Evae,
610 4560 777 4634 jussit
805 4559 1004 4617 alierre
1033 4574 1136 4631 pro
1176 4557 1562 4630 puriﬁcatione
1592 4571 1691 4626 par
1720 4563 2021 4617 turturum.

435 4654 521 4711 vel
543 4654 683 4709 duos
706 4652 887 4725 pullos
906 4649 1293 4706 columbarum
1320 4647 1389 4701 ad
1412 4644 1830 4701 sacriﬁcandum
1844 4649 2039 4723 ‘.Lege

435 4748 649 4805 scilicet
693 4744 1060 4818 signiﬁcante,
1119 4755 1247 4796 eum
1293 4738 1389 4808 qui
1436 4738 1504 4793 ad
1554 4738 1726 4794 Deum
1774 4736 2020 4805 accedat,

435 4841 640 4897 debere
671 4847 732 4895 et
762 4836 1010 4894 animum
1034 4842 1092 4891 et
1127 4847 1331 4902 corpus
1355 4831 1425 4887 ab
1448 4830 1599 4886 omni
1627 4840 1854 4902 peccato
1878 4829 2021 4885 libe-

434 4948 559 4990 rum
587 4933 824 4989 habere.

501 5109 760 5167 Christus
790 5109 969 5179 legem
989 5096 1586 5177 implet'mondebitor
1614 5114 1700 5161 est
1719 5105 1877 5176 legis,
1913 5125 1931 5157 ε
1968 5104 2021 5160 in
2054 5105 2103 5165 D

433 5204 652 5260 ruinam
669 5201 1203 5259 etresurrectionem
1222 5200 1522 5255 multorum
1540 5197 1753 5268 positus
1771 5208 1858 5253 est
1871 5196 1912 5252 ⁸.
1927 5217 1946 5251 ι
1965 5198 2027 5252 In

435 5297 655 5351 ruinam
692 5295 929 5366 peccati,
966 5294 1023 5349 in
1070 5291 1534 5349 resurrectionem
1575 5290 1826 5362 justilim,
1870 5299 1928 5345 et
1970 5291 2027 5345 in

435 5390 672 5459 signhm,
692 5384 780 5441 cui
801 5384 1000 5453 Judaei,
1019 5384 1115 5456 qui
1131 5384 1416 5440 Christum
1435 5382 1780 5449 occiderunt,
1800 5393 2020 5437 contra-

435 5480 697 5535 dixerunt
758 5496 772 5534 :
804 5498 822 5531 ‹
856 5478 988 5537 Situ
1012 5493 1074 5535 es
1092 5477 1264 5534 Filius
1281 5476 1403 5542 Dei,
1430 5475 1708 5531 descende
1736 5475 1805 5531 de
1834 5490 2023 5538 cruce,

2133 3822 2329 3891 ἀνδρὸς
2366 3823 2557 3886 Ἀννα,
2586 3828 2916 3895 προσευχαῖς
2949 3826 3044 3879 καὶ
3075 3827 3354 3897 νηστείαις
3384 3843 3727 3897 προσκαρτε-⁵

2138 3910 2331 3982 ροῦσα,
2366 3911 2697 3983 ὀγδοήκοντα
2742 3916 2838 3969 καὶ
2883 3915 3167 3987 τεσσάρων
3195 3916 3335 3971 ἐτῶν
3375 3916 3721 3989 ὑπάρχουσα,

2133 4001 2234 4074 τὴν
2265 4004 2329 4057 ὲκ
2381 4004 2491 4058 τῶν
2545 4006 2829 4077 τεσσάρων
2884 4009 3166 4080 στοιχείων
3203 4010 3475 4082 νικήσασα
3517 4011 3721 4080 σάρκα,

2134 4096 2230 4150 καὶ
2268 4097 2360 4151 τὸν
2408 4096 2533 4152 νοῦν
2578 4098 2868 4172 καθάρασα
2920 4101 3060 4172 πρὸς
3094 4102 3363 4174 ὑποδοχὴν
3404 4103 3724 4172 Πνεύματος

2132 4187 2292 4258 ἁγίου
2316 4230 2331 4255 ,
2391 4188 2486 4243 καὶ
2531 4192 2651 4255 ταῖς
2683 4192 2932 4260 γενικαῖς
2964 4192 3166 4265 ἑαυτὴν
3208 4195 3435 4267 ἀρεταῖς
3486 4211 3727 4248 κατακο-

2134 4284 2416 4353 σμήσασα,
2446 4282 2537 4337 τὸν
2570 4283 2671 4355 τῆς
2688 4284 3119 4356 όγδοηκοντάδος
3148 4286 3470 4360 παρέδραμε
3504 4287 3721 4358 καιρὸν,

2135 4373 2228 4428 καὶ
2252 4367 2410 4444 εὗρεν
2432 4376 2492 4427 ὲν
2524 4375 2605 4446 τῷ
2636 4375 2749 4447 ναῷ
2776 4376 2868 4433 τὸν
2897 4377 3127 4451 Σωτῆρα
3155 4379 3250 4434 τοῦ
3285 4380 3571 4451 μέλλοντος
3589 4381 3724 4433 αἰῶ·

2132 4480 2220 4526 νος
2268 4464 2328 4517 ὲν
2373 4464 2643 4533 ἀγκάλαις
2677 4466 3103 4537 βασταζόμενον.
3146 4470 3392 4535 Εἰκότως
3432 4469 3509 4535 ὡς
3537 4470 3723 4535 αἰτίας

2130 4556 2233 4626 τῆς
2274 4558 2656 4631 ὲναμαρτήτου
2676 4560 2705 4600 b
2742 4560 2933 4631 ἡδονῆς
2974 4562 3071 4626 τὰς
3102 4561 3412 4635 θυγατέρας
3442 4563 3545 4633 τῆς
3575 4562 3724 4627 Εὔας

2130 4649 2519 4720 προσφέρειψὸ
2541 4652 2704 4721 νόμος
2728 4651 3061 4723 προσέταξεν
3084 4652 3227 4725 ὑπὲρ
3248 4652 3343 4707 τοῦ
3370 4654 3720 4725 καθαρισμοῦ

2130 4740 2311 4797 αὐτῶν
2344 4740 2443 4812 τὴν
2470 4739 2664 4797 θυσίαν
2690 4742 2799 4797 τῶν
2829 4742 2921 4797 δύο
2950 4745 3250 4817 τρυγόνων,
3283 4744 3316 4816 ἦ
3344 4745 3438 4799 δύο
3466 4746 3722 4808 νεοσσοὺς

2131 4832 2473 4905 περιστερῶν
2500 4850 2513 4865 '
2548 4832 2836 4905 δηλοῦντος
2874 4835 2968 4890 τοῦ
3000 4836 3193 4907 νόμου,
3219 4839 3301 4892 ὅτι
3323 4837 3406 4892 δεῖ
3426 4838 3518 4892 τὸν
3551 4855 3723 4909 προσ-

2129 4923 2427 4995 ερχόμενον
2484 4924 2607 4997 Θεῷ
2659 4925 2990 4999 καθαρεύειν
3029 4932 3124 4982 καὶ
3157 4929 3304 5002 ψυχῇ
3349 4930 3445 4985 καὶ
3484 4928 3719 5001 σώματι,

2130 5016 2226 5069 καὶ
2248 5016 2483 5079 ἀκακίας
2513 5016 2757 5088 ἔχεσθαι.

2211 5108 2270 5161 '0
2301 5108 2539 5179 Χριστὸς
2574 5107 2871 5184 πληρωτὴς
2892 5112 3062 5179 ἐστιν,
3086 5114 3193 5168 οὐκ
3218 5113 3504 5186 ὀφειλέτης
3529 5115 3721 5185 νόμου.

2132 5221 2151 5254 ι
2177 5201 2277 5267 Εἰς
2308 5201 2520 5257 πτῶσιν
2538 5204 2599 5256 δὲ
2628 5208 2724 5259 καὶ
2758 5205 3057 5261 ἀνάστασιν
3079 5210 3257 5261 κεῖται
3280 5223 3297 5239 ο
3326 5226 3346 5260 ι
3380 5209 3590 5262 πτῶσιν
3621 5209 3724 5278 μὲν

2124 5292 2224 5363 τῆς
2246 5292 2548 5363 ἁμαρτίας,
2579 5295 2869 5367 ἀνέγερσιν
2891 5295 2949 5349 δὲ
2980 5297 3076 5366 τῆς
3103 5296 3480 5368 δικαιοσύνης,
3517 5301 3615 5351 καὶ
3640 5299 3725 5360 είς

2130 5387 2360 5454 σημεῖον
2387 5385 2807 5457 ἀντιλεγόμενον
2852 5391 2967 5452 τοῖς
2998 5389 3376 5459 κυριοκτόνοις
3417 5388 3721 5455 Ἰουδαίοις,

2133 5478 2245 5538 τοῖς
2285 5476 2563 5544 λέγουσιν’
2596 5495 2618 5532 ε
2656 5479 2719 5532 El
2744 5479 2869 5544 Υίδς
2904 5476 2955 5534 εί
2987 5480 3082 5536 τοῦ
3113 5480 3272 5547 Θεοῦ,
3301 5477 3577 5552 κατάΰηθι
3614 5482 3731 5534 ἀπὸ

498 5614 516 5642 ³
545 5611 681 5667 Luc.
713 5627 771 5676 ιι,
822 5612 855 5669 6
902 5626 1061 5683 seqq.
1139 5612 1160 5643 ⁸
1185 5610 1362 5669 Levit.
1397 5627 1494 5678 xu,
1526 5609 1582 5667 8.
1660 5611 1681 5641 '
1706 5608 1902 5665 Matth.
1936 5625 1992 5677 γ,
2026 5610 2114 5665 l7.
2192 5614 2212 5642 ⁶
2240 5584 2375 5665 Luc.
2404 5626 2465 5676 ιι,
2495 5611 2583 5667 3i.

1736 5742 1973 5800 VABIIE
1993 5743 2406 5807 LECTIONES.

507 5847 535 5891 ὅ
565 5850 643 5903 al.
680 5841 1002 5915 ἑναμάρτου.
1106 5878 1117 5891 ι
