4078 6386
317 404 462 474 3277
1353 472 1357 474 ν
1410 414 1814 481 ENCOMIUM
1856 416 1939 484 1N
1982 423 2045 483 Β.
2088 417 2493 487 VlRGlNEM.
3463 434 3602 498 3273

321 536 418 571 του
481 522 748 592 σταυροῦ,
805 523 899 575 καὶ
949 523 1315 595 πιστεύσομέν
1358 544 1461 580 σοι.
1510 548 1529 580 ι
1577 531 1703 593 Καὶ,
1744 550 1762 582 ι
1805 531 1906 584 Σοῦ

2009 542 2063 586 et
2093 533 2386 589 credemus
2440 535 2536 589 tibi
2556 538 2593 587 ⁷.
2634 556 2650 584 ι
2688 536 2751 588 Et
2794 554 2805 589 :
2850 557 2865 585 ι
2919 537 3089 591 Tuam
3140 541 3316 610 ipsius
3367 545 3600 599 animam

322 608 381 663 δὲ
438 610 606 681 αὐτῆς
654 629 754 681 την
798 612 975 682 ψυχὴν
1025 614 1363 672 διελεύσεται
1424 622 1700 691 ῥομφαία,
1762 625 1910 686 ὅπως

2011 626 2378 693 pertransibit
2405 628 2640 698 gladius,
2671 636 2732 682 nt
2758 631 3078 686 revelentur
3104 648 3172 687 ex
3194 636 3386 691 multis
3418 639 3608 693 cordi-.

320 702 388 756 ἂν
437 704 902 775 ἀποκαλυφθῶσιν
959 710 1025 760 ἐκ
1086 710 1300 764 πολλῶν
1370 712 1611 784 καρδιῶν
1670 714 1910 784 διαλογι-

2012 715 2117 773 bus
2144 719 2563 789 cogitationes“.
2596 741 2613 773 ι
2640 721 2778 788 Quia
2808 732 2984 777 mater
3009 739 3092 789 es,
3117 741 3241 795 qua:
3272 744 3401 784 vere
3426 731 3602 799 patie-

324 794 473 864 σμοί.
531 813 550 844 ι
606 796 729 850 Ὀτι
780 797 967 866 μήτηρ
1022 795 1071 850 εἴ
1128 799 1271 852 κατά
1322 800 1581 869 ἀλήθειαν
1624 803 1910 873 πάσχουσα

2010 808 2436 866 baturdolorem
2472 813 2666 868 matris
2700 829 2805 884 pro
2847 815 3009 883 Filio,
3054 826 3113 871 et
3140 794 3293 881 iDeo,
3348 794 3450 890 pro
3500 838 3604 878 no-

303 878 391 941 ’τὰ
415 887 622 958 μητρὸς
644 887 786 960 ὑπὲρ
818 887 959 962 [τοῦ]
989 890 1179 944 τέκνου
1208 892 1304 945 καὶ
1335 891 1493 956 Θεοῦ,
1517 892 1612 946 τοῦ
1646 895 1910 958 παθόντος

898 887 959 962 ιῦ]
989 890 1179 944 τέκνου
1208 892 1304 945 καὶ
1335 891 1493 956 Θεοῦ,
1517 892 1612 946 τοῦ
1646 895 1910 958 παθόντος
2011 902 2100 957 bis
2127 919 2296 960 came
2323 921 2508 976 passo,

320 976 423 1030 ὐπέ
432 996 463 1050 ρ
494 980 524 1050 ἡ
534 980 652 1049 μῶν
684 981 868 1052 σαρκί.

392 1103 412 1133 ⁷
438 1103 631 1157 Matth.
668 1120 835 1171 xxvii,
864 1104 954 1161 40.
1034 1105 1056 1136 "
1085 1105 1221 1161 Luc.
1258 1123 1320 1173 ιι,
1365 1108 1453 1163 55.

1377 1454 1576 1517 Mich.
1634 1456 1799 1535 Aug.
1835 1456 2250 1520 Giacomellus
2292 1459 2538 1524 lectori.

390 1596 581 1656 Sancti
628 1599 857 1656 Modesti
892 1601 1220 1672 patriarcha:
1250 1600 1762 1675 Hierosolymitani,
1793 1602 1887 1672 qni
1926 1601 2116 1659 ﬂoruit
2159 1604 2264 1661 sub
2298 1600 2484 1664 saeculi
2520 1598 2741 1680 septimi
2772 1611 3018 1680 initium,
3064 1622 3180 1695 tres
3207 1608 3476 1670 Homilias
3498 1618 3597 1671 ’re-

312 1698 525 1757 censet,
548 1708 851 1762 earumque
874 1700 1132 1763 excerpta
1157 1693 1249 1747 dat
1271 1692 1503 1748 Photius
1530 1692 1653 1747 cod.
1680 1682 1807 1748 275.
1831 1684 1921 1747 Pri

1986 1696 2077 1748 alii
2094 1690 2255 1749 aﬂ'ert
2280 1697 2361 1760 είς
2384 1697 2483 1762 τὰς
2516 1701 2860 1772 μυροφόρους
2883 1719 2899 1756 :
2923 1686 3151 1759 alteram
3184 1706 3264 1768 εἰς
3292 1704 3391 1778 τὴν
3425 1707 3596 1761 ὑπαν-

310 1786 449 1856 τήνε
488 1784 729 1849 tertiam,
775 1801 898 1854 qua:
941 1801 1090 1839 nunc
1120 1785 1361 1855 primum
1395 1785 1450 1840 in
1482 1785 1660 1840 lucem
1692 1785 1899 1856 prodit,
1943 1784 2341 1842 Laudationem
2386 1788 2444 1843 in
2490 1789 2667 1847 beatae
2699 1791 2882 1848 Maria:
2910 1784 3340 1851 Dormitionem.
3379 1797 3513 1852 Eam
3561 1813 3595 1854 e

311 1875 778 1947 Sangermanensi
827 1876 1033 1931 Codice
1081 1876 1507 1932 describendam
1549 1876 1764 1932 curavit
1812 1891 1923 1930 non
1976 1886 2083 1932 tam
2131 1880 2380 1935 claritate
2437 1883 2678 1950 generis,
2721 1899 2888 1965 quam
2944 1886 3320 1959 integerrimis
3374 1888 3593 1959 piisque

311 1969 563 2024 moribus
597 1968 991 2038 praestantiquc.
1016 1968 1531 2024 Ecclesiasticarum
1561 1976 1745 2023 rerum
1770 1967 2023 2023 doctrina
2049 1972 2491 2040 spectatissimus
2519 1968 2704 2031 Petrus
2728 1975 3009 2049 Philippus
3030 1976 3249 2034 Strozza
3283 1979 3594 2035 Liberianae

312 2062 559 2117 Basilica:
603 2062 943 2128 “canonicos,
992 2062 1088 2132 qui
1131 2060 1268 2116 mihi
1299 2071 1496 2119 auctor
1519 2062 1642 2128 fuit,
1687 2058 1832 2116 illam
1873 2072 1935 2116 ut
1972 2078 2003 2118 e
2042 2062 2232 2119 Graeco
2274 2065 2331 2119 in
2370 2064 2629 2121 Latinum
2671 2084 2986 2126 sermonem
3021 2079 3317 2127 verterem.
3360 2071 3590 2127 Hortatu

310 2171 446 2212 vero
492 2155 570 2225 pii
627 2154 916 2226 cujusdam
952 2153 1375 2237 doctissimique
1426 2155 1542 2210 Viri
1596 2169 1923 2224 summaque
1978 2150 2114 2209 mihi
2166 2154 2539 2214 familiaritate
2587 2161 2869 2231 conjuncti
2917 2162 3090 2220 Notas
3119 2164 3338 2236 aliquot
3391 2165 3590 2237 adjeci,

307 2261 421 2317 quo
460 2224 598 2300 nihil
647 2224 797 2300 aliud
847 2243 962 2299 fere
1001 2224 1251 2311 contuli?
1277 2261 1440 2314 quam
1506 2244 1757 2316 quaedam
1798 2254 2049 2301 veterum
2083 2240 2431 2318 Scriptorum
2465 2250 2584 2307 loca
2626 2224 2759 2309 huic
2782 2255 3016 2313 Modesti
3055 2224 3345 2329 θοι-ἰρίίοηὶ
3381 2252 3591 2331 παρᾶλ-

305 2339 465 2406 ληλα,
502 2336 569 2393 ad
595 2336 949 2392 nutriendam
978 2338 1240 2407 pietatem
1280 2347 1335 2393 et
1360 2337 1417 2391 in
1454 2338 1745 2409 Deiparam
1785 2337 2159 2395 devotionem.
2195 2340 2315 2396 Etsi
2337 2350 2519 2398 autem
2546 2344 2712 2417 hujus
2738 2340 3036 2421 Scriptoris
3064 2352 3239 2423 stylus
3270 2352 3589 2424 longissime

306 2434 451 2490 absit
497 2424 567 2490 ab
601 2448 669 2487 co
710 2430 933 2488 dicendi
971 2448 1198 2505 genere,
1232 2433 1380 2503 quod
1415 2434 1589 2489 secuti
1631 2442 1763 2489 sunt
1799 2435 1993 2491 Patres
2024 2451 2076 2489 tv
2103 2444 2159 2491 et
2189 2452 2224 2490 v
2256 2436 2480 2504 saeculo,
2523 2453 2649 2493 cum
2692 2439 2749 2495 in
2791 2442 3042 2499 Ecclesia
3075 2459 3205 2498 vera
3243 2453 3299 2499 et
3322 2461 3583 2516 germana

304 2524 483 2598 viguit
515 2524 866 2594 eloquentia;
911 2530 1095 2578 tamen
1146 2524 1293 2579 haud
1341 2526 1419 2582 ita
1461 2526 1613 2597 parvi
1663 2518 1809 2583 hanc
1855 2524 2150 2584 Homiliam
2184 2528 2495 2586 faciendam
2531 2533 2809 2603 existimo,
2843 2552 2910 2593 ea
2954 2537 3309 2609 potissimum
3346 2542 3583 2613 ratione,

303 2619 454 2688 quod
501 2617 910 2691 praecipuorum
958 2616 1285 2674 Christianae
1329 2620 1484 2676 Fidei
1528 2621 1849 2692 dogmatum
1891 2623 2249 2679 traditionem
2325 2623 2693 2685 disertissime
2729 2645 3046 2700 expressam
3075 2631 3385 2688 contineat.

322 2818 3495 2856 MM

1399 2984 1537 3041 ΤΟΥ
1576 2989 1666 3042 ΕΝ
1703 2986 1928 3044 ΑΓΙΟΙΣ
1965 2994 2240 3049 ΠΑΤΡΟΣ
2277 2996 2476 3050 ΗΜΩΝ

1538 3159 2370 3281 ΜΟΔΕΣΤΟΥ

1250 3375 1989 3429 ΑΡΧΙΕΠΙΣΚΟΠΟΥ
2030 3378 2402 3449 ΙΕΡΟΣΟΛ
2433 3379 2667 3442 rMaN

1651 3545 2246 3634 ΕΓΚΩΜΙΟΝ

400 3714 513 3773 ΕΙΣ
553 3721 698 3778 ΤΗΝ
738 3723 1079 3781 ΚΟΙΜΗΣΙΝ
1123 3724 1259 3780 ΤΗΣ
1303 3729 1691 3785 ΥΠΕΡΑῙἸΑΣ
1733 3735 2125 3790 ΔΕΣΠΟΙΝΗΣ
2170 3741 2368 3796 ΗΜΩΝ
2410 3738 2785 3798 ΘΕΟΤΟΚΟΥ
2826 3742 2947 3799 ΚΑΙ
2989 3745 3481 3807 ΔΕΙΠΑΡθΕΝΟΥ

1346 3860 1349 3865 -
1800 3832 2080 3886 ΜΑΡΙΑΣ.

1195 4146 1324 4277 s.
1449 4154 1584 4278 Ρ.
1706 4086 1885 4282 NQ
1969 4160 2673 4292 MODESTI

1301 4386 1853 4448 ARCHIEPISCOPI
1887 4392 2547 4456 HIEROSOLYMITAN!

1588 4564 2239 4662 ENCOMIUM

309 4746 392 4810 IN
434 4747 968 4812 DORMITIONEM
1010 4751 1522 4816 SANCTISSIMJE
1560 4757 1871 4821 DOMlN/E
1917 4762 2239 4829 NOSTR/E
2278 4769 2637 4836 DEIPARIE
2675 4775 3136 4854 SEMPERQUE
3178 4784 3521 4851 VIRGINIS
3578 4866 3581 4871 ⁴

1777 4860 2063 4926 ΜΛΒΙᾸΞ.

1893 5030 1965 5051 ω

345 5142 655 5216 ’Ᾱφατοςὴ
702 5146 962 5215 πανίερος
1009 5149 1211 5218 γνῶσις
1264 5146 1375 5207 τῶν
1409 5146 1624 5209 σεπτῶν
1668 5158 1870 5230 ἑορτῶν
1903 5171 1944 5226 Β

2048 5159 2358 5222 lneﬂ‘abilis
2376 5179 2463 5225 est
2497 5169 2878 5231 sacratissima
2902 5177 3349 5236 venerandarum
3389 5182 3554 5240 Geni-

264 5235 368 5305 τῆς
418 5236 762 5310 Θεομήτορος
825 5240 1106 5311 Χριστοῦο
1139 5244 1260 5298 ἐπεὶ
1319 5246 1418 5298 καλ¹
1450 5247 1511 5298 τὸ
1559 5252 1861 5322 μυστήριον

1966 5255 2127 5312 tricis
2156 5257 2366 5315 Christi
2391 5261 2487 5316 Dei
2513 5262 2885 5320 festivitatum
2913 5267 3137 5324 notitia.
3170 5271 3307 5327 Nam
3352 5282 3408 5329 et
3432 5276 3553 5348 glo-

264 5329 654 5400 ὑπερένδοξον,
688 5331 780 5384 καὶ
840 5332 1045 5396 πάσαις
1101 5334 1385 5404 οὐρανίαις
1442 5338 1712 5409 δυνάμεσι
1766 5345 1862 5397 καὶ

1965 5346 2339 5406 ri'osissimum
2362 5361 2449 5408 est
2469 5356 2821 5426 mysterium,
2850 5368 2909 5414 et
2940 5361 3204 5418 omnibus
3230 5366 3554 5423 coelestibus

264 5421 482 5492 βροτοῖς
507 5420 895 5492 ἀκατάληπτον
914 5438 929 5455 ο
958 5426 1054 5477 καὶ
1081 5426 1466 5492 πολυποίκιλος
1491 5431 1518 5483 ὁ
1552 5431 1651 5501 τῆς
1670 5434 1862 5502 σοφίας

1964 5442 2342 5509 potestatibus
2392 5420 2833 5520 hominibusque
2867 5450 3472 5524 incomprehensibile;
3495 5468 3555 5512 et

260 5513 424 5583 λόγος
453 5513 559 5568 κᾶν
605 5514 789 5585 ἀπορῇ
813 5513 952 5586 πρὸς
992 5513 1216 5570 ἔπαινον
1244 5516 1487 5583 ἐπαξίως
1518 5521 1613 5573 τοῦ
1652 5521 1861 5595 Θαύμα-

1966 5535 2328 5592 multiformis
2361 5538 2651 5609 sapientiae
2689 5513 2877 5598 sermo
2906 5513 3200 5615 perplexas
3238 5547 3454 5602 hmsitat
3482 5552 3548 5604 ad

260 5622 380 5670 τος,
410 5604 508 5658 τοῦ
545 5607 729 5661 πᾶσαν
786 5606 994 5674 γνῶσιν
1029 5610 1223 5680 νοερᾶς
1260 5627 1321 5663 τε
1356 5612 1452 5663 καὶ
1481 5610 1707 5685 λογικῆς
1738 5618 1856 5670 κτί-

1963 5626 2295 5688 miraculum
2320 5644 2422 5700 pro
2452 5630 2720 5701 dignitate
2752 5633 3113 5704 laudandum,
3134 5653 3355 5694 omnem
3388 5640 3551 5697 intel-

262 5713 405 5772 σεῳς
434 5695 838 5769 ὑπερϐαίνοντα
864 5698 963 5771 (1).
1001 5700 1109 5753 Καὶ
1161 5701 1270 5773 γὰρ
1327 5705 1404 5765 ὼς
1466 5703 1634 5775 οὔσης
1667 5707 1851 5764 ΘεόΘεν

1960 5715 2221 5773 lectualis
2244 5719 2646 5791 rationalisque
2671 5732 2951 5781 creatura!
2974 5742 3246 5798 superans
3275 5728 3548 5801 cognitio-

333 5831 411 5902 (1)
441 5830 534 5887 Sic
567 5830 761 5889 codex.
801 5832 907 5889 Sed
941 5834 1257 5907 legendum,
1286 5836 1729 5911 ὐπερῦαίνοντος.
