  <div class='ocr_page' id='page_1' title='image "/cluster/home/n/w/nwhite01/storage/ocr_20150623/86:pt.2/coo.31924054869890/778.png"; bbox 0 0 4078 6414; ppageno 0'>
   <div class='ocr_carea' id='block_1_1' title="bbox 168 5820 201 5837">
    <p class='ocr_par' dir='ltr' id='par_1_1' title="bbox 168 5820 201 5837">
     <span class='ocr_line' id='line_1_1' title="bbox 168 5820 201 5837; baseline 0 0"><span class='ocrx_word' id='word_1_1' title='bbox 168 5820 201 5837; x_wconf 77' lang='lat'><strong><em>/</em></strong></span> 
     </span>
    </p>
   </div>
   <div class='ocr_carea' id='block_1_2' title="bbox 347 411 490 482">
    <p class='ocr_par' dir='ltr' id='par_1_2' title="bbox 347 411 490 482">
     <span class='ocr_line' id='line_1_2' title="bbox 347 411 490 482; baseline 0.007 -1"><span class='ocrx_word' id='word_1_2' title='bbox 347 411 490 482; x_wconf 66' lang='lat'><strong>3301</strong></span> 
     </span>
    </p>
   </div>
   <div class='ocr_carea' id='block_1_3' title="bbox 1459 415 2537 491">
    <p class='ocr_par' dir='ltr' id='par_1_3' title="bbox 1459 415 2537 491">
     <span class='ocr_line' id='line_1_3' title="bbox 1459 415 2537 491; baseline 0.006 -8"><span class='ocrx_word' id='word_1_3' title='bbox 1459 415 1864 485; x_wconf 83' lang='lat' dir='ltr'><strong>ENCOMIUM</strong></span> <span class='ocrx_word' id='word_1_4' title='bbox 1910 420 1985 481; x_wconf 78' lang='grc' dir='ltr'><strong>ΙΝ</strong></span> <span class='ocrx_word' id='word_1_5' title='bbox 2030 422 2095 483; x_wconf 87' lang='grc' dir='ltr'>Β.</span> <span class='ocrx_word' id='word_1_6' title='bbox 2132 424 2537 491; x_wconf 77' lang='lat' dir='ltr'><strong>VIRGINEM.</strong></span> 
     </span>
    </p>
   </div>
   <div class='ocr_carea' id='block_1_4' title="bbox 3490 426 3629 493">
    <p class='ocr_par' dir='ltr' id='par_1_4' title="bbox 3490 426 3629 493">
     <span class='ocr_line' id='line_1_4' title="bbox 3490 426 3629 493; baseline 0.007 -4"><span class='ocrx_word' id='word_1_7' title='bbox 3490 426 3629 493; x_wconf 71' lang='lat'>3303</span> 
     </span>
    </p>
   </div>
   <div class='ocr_carea' id='block_1_5' title="bbox 346 530 1936 608">
    <p class='ocr_par' dir='ltr' id='par_1_5' title="bbox 346 530 1936 606">
     <span class='ocr_line' id='line_1_5' title="bbox 346 530 1936 606; baseline 0 -17"><span class='ocrx_word' id='word_1_8' title='bbox 346 539 414 589; x_wconf 75' lang='grc' dir='ltr'>ἐν</span> <span class='ocrx_word' id='word_1_9' title='bbox 436 532 596 597; x_wconf 85' lang='grc' dir='ltr'>Σιὼν,</span> <span class='ocrx_word' id='word_1_10' title='bbox 641 534 731 587; x_wconf 63' lang='grc' dir='ltr'>καῖ</span> <span class='ocrx_word' id='word_1_11' title='bbox 760 531 896 603; x_wconf 77' lang='grc' dir='ltr'>οῦση</span> <span class='ocrx_word' id='word_1_12' title='bbox 952 530 1268 605; x_wconf 80' lang='grc' dir='ltr'>ἐνθειοτάτῃ</span> <span class='ocrx_word' id='word_1_13' title='bbox 1308 533 1613 603; x_wconf 79' lang='grc' dir='ltr'><strong>προγνώσει</strong></span> <span class='ocrx_word' id='word_1_14' title='bbox 1640 536 1737 605; x_wconf 74' lang='grc' dir='ltr'><strong>τῆς</strong></span> <span class='ocrx_word' id='word_1_15' title='bbox 1776 537 1936 606; x_wconf 76' lang='grc' dir='ltr'>αὐτῆς</span> 
     </span>
    </p>
   </div>
   <div class='ocr_carea' id='block_1_6' title="bbox 2039 530 3628 608">
    <p class='ocr_par' dir='ltr' id='par_1_6' title="bbox 2050 535 3628 608">
     <span class='ocr_line' id='line_1_6' title="bbox 2050 535 3628 608; baseline 0.003 -17"><span class='ocrx_word' id='word_1_16' title='bbox 2050 541 2259 608; x_wconf 79' lang='lat' dir='ltr'><strong>sagium</strong></span> <span class='ocrx_word' id='word_1_17' title='bbox 2295 540 2585 604; x_wconf 82' lang='lat' dir='ltr'><strong>incololus,</strong></span> <span class='ocrx_word' id='word_1_18' title='bbox 2617 546 2670 591; x_wconf 91' lang='lat' dir='ltr'><strong>ct</strong></span> <span class='ocrx_word' id='word_1_19' title='bbox 2702 535 3048 605; x_wconf 73' lang='lat' dir='ltr'><strong>operationis</strong></span> <span class='ocrx_word' id='word_1_20' title='bbox 3079 536 3280 593; x_wconf 78' lang='lat' dir='ltr'><strong>viviﬁci</strong></span> <span class='ocrx_word' id='word_1_21' title='bbox 3318 548 3373 592; x_wconf 80' lang='lat' dir='ltr'><strong>et</strong></span> <span class='ocrx_word' id='word_1_22' title='bbox 3401 543 3628 597; x_wconf 85' lang='lat' dir='ltr'><strong>sanctis-</strong></span> 
     </span>
    </p>
   </div>
   <div class='ocr_carea' id='block_1_7' title="bbox 350 620 1943 697">
    <p class='ocr_par' dir='ltr' id='par_1_7' title="bbox 350 620 1943 697">
     <span class='ocr_line' id='line_1_7' title="bbox 350 620 1943 697; baseline 0.001 -19"><span class='ocrx_word' id='word_1_23' title='bbox 350 624 751 697; x_wconf 82' lang='grc' dir='ltr'>μετοικήσεως,</span> <span class='ocrx_word' id='word_1_24' title='bbox 796 623 893 676; x_wconf 72' lang='grc' dir='ltr'><strong>καὶ</strong></span> <span class='ocrx_word' id='word_1_25' title='bbox 943 620 1003 686; x_wconf 79' lang='grc' dir='ltr'>ἐξ</span> <span class='ocrx_word' id='word_1_26' title='bbox 1039 624 1323 693; x_wconf 77' lang='grc' dir='ltr'>ἐνεργείας</span> <span class='ocrx_word' id='word_1_27' title='bbox 1363 624 1476 694; x_wconf 83' lang='lat'><strong>(57)</strong></span> <span class='ocrx_word' id='word_1_28' title='bbox 1524 624 1792 687; x_wconf 78' lang='grc' dir='ltr'>ζωοποιοῦ</span> <span class='ocrx_word' id='word_1_29' title='bbox 1846 628 1943 680; x_wconf 71' lang='grc' dir='ltr'>καὶ</span> 
     </span>
    </p>
   </div>
   <div class='ocr_carea' id='block_1_8' title="bbox 351 715 1943 786">
    <p class='ocr_par' dir='ltr' id='par_1_8' title="bbox 351 715 1943 786">
     <span class='ocr_line' id='line_1_8' title="bbox 351 715 1943 786; baseline 0.001 -15"><span class='ocrx_word' id='word_1_30' title='bbox 351 716 624 786; x_wconf 84' lang='grc' dir='ltr'>παναγίου</span> <span class='ocrx_word' id='word_1_31' title='bbox 664 715 981 785; x_wconf 87' lang='grc' dir='ltr'>Πνεύματος</span> <span class='ocrx_word' id='word_1_32' title='bbox 1034 716 1407 786; x_wconf 87' lang='grc' dir='ltr'>προοραθεῖσα</span> <span class='ocrx_word' id='word_1_33' title='bbox 1463 721 1559 769; x_wconf 77' lang='grc' dir='ltr'>καὶ</span> <span class='ocrx_word' id='word_1_34' title='bbox 1608 718 1943 785; x_wconf 69' lang='grc' dir='ltr'>ἐκφανθεῖσα</span> 
     </span>
    </p>
   </div>
   <div class='ocr_carea' id='block_1_9' title="bbox 349 801 1940 881">
    <p class='ocr_par' dir='ltr' id='par_1_9' title="bbox 349 801 1940 881">
     <span class='ocr_line' id='line_1_9' title="bbox 349 801 1940 881; baseline 0 -19"><span class='ocrx_word' id='word_1_35' title='bbox 349 806 733 879; x_wconf 69' lang='grc' dir='ltr'>ὑποφητικῶς,</span> <span class='ocrx_word' id='word_1_36' title='bbox 784 809 844 860; x_wconf 80' lang='grc' dir='ltr'>ὲν</span> <span class='ocrx_word' id='word_1_37' title='bbox 873 801 907 881; x_wconf 75' lang='grc' dir='ltr'>ᾖ</span> <span class='ocrx_word' id='word_1_38' title='bbox 945 806 1141 875; x_wconf 74' lang='grc' dir='ltr'>ψεῦδος</span> <span class='ocrx_word' id='word_1_39' title='bbox 1172 808 1232 860; x_wconf 82' lang='grc' dir='ltr'><strong>οὐ</strong></span> <span class='ocrx_word' id='word_1_40' title='bbox 1265 809 1700 879; x_wconf 87' lang='grc' dir='ltr'>προσεπέλασεν,</span> <span class='ocrx_word' id='word_1_41' title='bbox 1761 810 1875 863; x_wconf 82' lang='grc' dir='ltr'>ἀλλ’</span> <span class='ocrx_word' id='word_1_42' title='bbox 1909 813 1940 881; x_wconf 80' lang='grc' dir='ltr'><strong>ὴ</strong></span> 
     </span>
    </p>
   </div>
   <div class='ocr_carea' id='block_1_10' title="bbox 346 896 1941 968">
    <p class='ocr_par' dir='ltr' id='par_1_10' title="bbox 346 896 1941 968">
     <span class='ocr_line' id='line_1_10' title="bbox 346 896 1941 968; baseline 0.002 -17"><span class='ocrx_word' id='word_1_43' title='bbox 346 898 493 968; x_wconf 78' lang='grc' dir='ltr'>,μόνη</span> <span class='ocrx_word' id='word_1_44' title='bbox 524 896 865 967; x_wconf 80' lang='grc' dir='ltr'>παναληθινὴ</span> <span class='ocrx_word' id='word_1_45' title='bbox 893 896 1160 962; x_wconf 83' lang='grc' dir='ltr'>ζωοποιὸς</span> <span class='ocrx_word' id='word_1_46' title='bbox 1207 898 1323 961; x_wconf 76' lang='grc' dir='ltr'>ὁδὸς</span> <span class='ocrx_word' id='word_1_47' title='bbox 1365 898 1567 952; x_wconf 82' lang='grc' dir='ltr'><strong>ὥδευσε</strong></span> <span class='ocrx_word' id='word_1_48' title='bbox 1598 900 1693 952; x_wconf 75' lang='grc' dir='ltr'><strong>καὶ</strong></span> <span class='ocrx_word' id='word_1_49' title='bbox 1752 902 1811 954; x_wconf 82' lang='grc' dir='ltr'><strong>ἐν</strong></span> <span class='ocrx_word' id='word_1_50' title='bbox 1840 901 1941 954; x_wconf 77' lang='grc' dir='ltr'>αὐσ-</span> 
     </span>
    </p>
   </div>
   <div class='ocr_carea' id='block_1_11' title="bbox 349 972 1941 1062">
    <p class='ocr_par' dir='ltr' id='par_1_11' title="bbox 349 972 1941 1062">
     <span class='ocr_line' id='line_1_11' title="bbox 349 972 1941 1062; baseline 0 -18"><span class='ocrx_word' id='word_1_51' title='bbox 349 990 417 1059; x_wconf 77' lang='grc' dir='ltr'>τῇ</span> <span class='ocrx_word' id='word_1_52' title='bbox 452 985 587 1059; x_wconf 78' lang='grc' dir='ltr'>ἦρεν</span> <span class='ocrx_word' id='word_1_53' title='bbox 626 990 775 1059; x_wconf 82' lang='grc' dir='ltr'>ἡμᾶς</span> <span class='ocrx_word' id='word_1_54' title='bbox 835 989 972 1059; x_wconf 87' lang='grc' dir='ltr'>πρὸς</span> <span class='ocrx_word' id='word_1_55' title='bbox 1004 989 1098 1042; x_wconf 86' lang='grc' dir='ltr'><strong>τὸν</strong></span> <span class='ocrx_word' id='word_1_56' title='bbox 1152 990 1375 1060; x_wconf 80' lang='grc' dir='ltr'><strong>Πατέρα</strong></span> <span class='ocrx_word' id='word_1_57' title='bbox 1426 990 1594 1043; x_wconf 87' lang='grc' dir='ltr'>αὑτοῦ</span> <span class='ocrx_word' id='word_1_58' title='bbox 1649 993 1678 1043; x_wconf 98' lang='lat'><strong>6</strong></span> <span class='ocrx_word' id='word_1_59' title='bbox 1706 972 1709 981; x_wconf 41' lang='grc' dir='ltr'><strong>Ι</strong></span> <span class='ocrx_word' id='word_1_60' title='bbox 1736 991 1941 1062; x_wconf 84' lang='grc' dir='ltr'>Κύριος</span> 
     </span>
    </p>
   </div>
   <div class='ocr_carea' id='block_1_12' title="bbox 352 1080 1939 1153">
    <p class='ocr_par' dir='ltr' id='par_1_12' title="bbox 352 1080 1939 1153">
     <span class='ocr_line' id='line_1_12' title="bbox 352 1080 1939 1153; baseline 0.003 -20"><span class='ocrx_word' id='word_1_61' title='bbox 352 1083 511 1151; x_wconf 77' lang='grc' dir='ltr'>ἡμῶν</span> <span class='ocrx_word' id='word_1_62' title='bbox 531 1080 626 1134; x_wconf 78' lang='grc' dir='ltr'>καὶ</span> <span class='ocrx_word' id='word_1_63' title='bbox 650 1081 807 1145; x_wconf 85' lang='grc' dir='ltr'>Θεὸς,</span> <span class='ocrx_word' id='word_1_64' title='bbox 832 1081 1057 1150; x_wconf 83' lang='grc' dir='ltr'><strong>φάσκων</strong></span> <span class='ocrx_word' id='word_1_65' title='bbox 1088 1083 1146 1135; x_wconf 85' lang='grc' dir='ltr'>ὲν</span> <span class='ocrx_word' id='word_1_66' title='bbox 1164 1083 1520 1151; x_wconf 81' lang='grc' dir='ltr'>Εὐαγγελίοις</span> <span class='ocrx_word' id='word_1_67' title='bbox 1541 1099 1554 1113; x_wconf 89' lang='grc'><strong>·</strong></span> <span class='ocrx_word' id='word_1_68' title='bbox 1596 1103 1614 1134; x_wconf 87' lang='grc' dir='ltr'><strong>ι</strong></span> <span class='ocrx_word' id='word_1_69' title='bbox 1662 1085 1805 1153; x_wconf 75' lang='grc' dir='ltr'><strong>Ἐγώ</strong></span> <span class='ocrx_word' id='word_1_70' title='bbox 1822 1087 1939 1153; x_wconf 83' lang='grc' dir='ltr'>εἰμι</span> 
     </span>
    </p>
   </div>
   <div class='ocr_carea' id='block_1_13' title="bbox 350 1173 1941 1246">
    <p class='ocr_par' dir='ltr' id='par_1_13' title="bbox 350 1173 1941 1246">
     <span class='ocr_line' id='line_1_13' title="bbox 350 1173 1941 1246; baseline 0.001 -21"><span class='ocrx_word' id='word_1_71' title='bbox 350 1175 386 1241; x_wconf 74' lang='grc' dir='ltr'><strong>ἠ</strong></span> <span class='ocrx_word' id='word_1_72' title='bbox 415 1173 531 1235; x_wconf 63' lang='grc' dir='ltr'>ὁδὸς</span> <span class='ocrx_word' id='word_1_73' title='bbox 563 1174 659 1226; x_wconf 72' lang='grc' dir='ltr'>καὶ</span> <span class='ocrx_word' id='word_1_74' title='bbox 681 1175 714 1244; x_wconf 71' lang='grc' dir='ltr'><strong>ἡ</strong></span> <span class='ocrx_word' id='word_1_75' title='bbox 746 1173 975 1243; x_wconf 82' lang='grc' dir='ltr'>ἀλήθεια</span> <span class='ocrx_word' id='word_1_76' title='bbox 996 1174 1091 1226; x_wconf 57' lang='grc' dir='ltr'><strong>καὶ⁵</strong></span> <span class='ocrx_word' id='word_1_77' title='bbox 1119 1175 1151 1244; x_wconf 82' lang='grc' dir='ltr'>ἠ</span> <span class='ocrx_word' id='word_1_78' title='bbox 1184 1173 1321 1243; x_wconf 81' lang='grc' dir='ltr'>ζωή.</span> <span class='ocrx_word' id='word_1_79' title='bbox 1349 1174 1538 1237; x_wconf 77' lang='grc' dir='ltr'>Οὐδεὶς</span> <span class='ocrx_word' id='word_1_80' title='bbox 1562 1175 1785 1245; x_wconf 79' lang='grc' dir='ltr'>ἔρχεται</span> <span class='ocrx_word' id='word_1_81' title='bbox 1803 1177 1941 1246; x_wconf 69' lang='grc' dir='ltr'>πρὸς</span> 
     </span>
    </p>
   </div>
   <div class='ocr_carea' id='block_1_14' title="bbox 349 1256 1939 1337">
    <p class='ocr_par' dir='ltr' id='par_1_14' title="bbox 349 1256 1939 1337">
     <span class='ocr_line' id='line_1_14' title="bbox 349 1256 1939 1337; baseline 0.002 -21"><span class='ocrx_word' id='word_1_82' title='bbox 349 1264 441 1316; x_wconf 87' lang='grc' dir='ltr'><strong>τὸν</strong></span> <span class='ocrx_word' id='word_1_83' title='bbox 470 1265 690 1336; x_wconf 80' lang='grc' dir='ltr'><strong>Πατέρα</strong></span> <span class='ocrx_word' id='word_1_84' title='bbox 712 1266 761 1319; x_wconf 84' lang='grc' dir='ltr'><strong>εί</strong></span> <span class='ocrx_word' id='word_1_85' title='bbox 784 1256 944 1335; x_wconf 77' lang='grc' dir='ltr'>μὴδι’</span> <span class='ocrx_word' id='word_1_86' title='bbox 971 1265 1126 1335; x_wconf 80' lang='grc' dir='ltr'>ἐμοῦ.</span> <span class='ocrx_word' id='word_1_87' title='bbox 1167 1285 1184 1317; x_wconf 83' lang='grc' dir='ltr'><strong>ι</strong></span> <span class='ocrx_word' id='word_1_88' title='bbox 1240 1266 1384 1335; x_wconf 85' lang='grc' dir='ltr'>Πρὸς</span> <span class='ocrx_word' id='word_1_89' title='bbox 1409 1267 1479 1337; x_wconf 78' lang='grc' dir='ltr'>ἢν</span> <span class='ocrx_word' id='word_1_90' title='bbox 1507 1267 1601 1320; x_wconf 74' lang='grc' dir='ltr'><strong>καὶ</strong></span> <span class='ocrx_word' id='word_1_91' title='bbox 1631 1269 1939 1337; x_wconf 65' lang='grc' dir='ltr'>παραγενό-</span> 
     </span>
    </p>
   </div>
   <div class='ocr_carea' id='block_1_15' title="bbox 345 1356 1939 1429">
    <p class='ocr_par' dir='ltr' id='par_1_15' title="bbox 345 1356 1939 1429">
     <span class='ocr_line' id='line_1_15' title="bbox 345 1356 1939 1429; baseline 0.003 -22"><span class='ocrx_word' id='word_1_92' title='bbox 345 1373 507 1425; x_wconf 83' lang='grc' dir='ltr'>μενοι</span> <span class='ocrx_word' id='word_1_93' title='bbox 568 1356 991 1426; x_wconf 83' lang='grc' dir='ltr'>ἀρχαγγελικῶς</span> <span class='ocrx_word' id='word_1_94' title='bbox 1038 1356 1378 1427; x_wconf 76' lang='grc' dir='ltr'>ὲχαιρέτιζον</span> <span class='ocrx_word' id='word_1_95' title='bbox 1432 1357 1532 1429; x_wconf 82' lang='grc' dir='ltr'><strong>τὴν</strong></span> <span class='ocrx_word' id='word_1_96' title='bbox 1589 1359 1939 1429; x_wconf 83' lang='grc' dir='ltr'>πανύμνητον</span> 
     </span>
    </p>
   </div>
   <div class='ocr_carea' id='block_1_16' title="bbox 348 1446 1938 1519">
    <p class='ocr_par' dir='ltr' id='par_1_16' title="bbox 348 1446 1938 1519">
     <span class='ocr_line' id='line_1_16' title="bbox 348 1446 1938 1519; baseline 0.003 -21"><span class='ocrx_word' id='word_1_97' title='bbox 348 1447 695 1519; x_wconf 82' lang='grc' dir='ltr'>Θεομήτορα,</span> <span class='ocrx_word' id='word_1_98' title='bbox 724 1448 819 1501; x_wconf 80' lang='grc' dir='ltr'>καὶ</span> <span class='ocrx_word' id='word_1_99' title='bbox 853 1447 930 1509; x_wconf 87' lang='grc' dir='ltr'>ὡς</span> <span class='ocrx_word' id='word_1_100' title='bbox 960 1446 1249 1517; x_wconf 79' lang='grc' dir='ltr'><strong>μέλλοντες</strong></span> <span class='ocrx_word' id='word_1_101' title='bbox 1286 1448 1614 1519; x_wconf 68' lang='grc' dir='ltr'>προπέμψαι</span> <span class='ocrx_word' id='word_1_102' title='bbox 1646 1450 1783 1519; x_wconf 87' lang='grc' dir='ltr'>πρὸς</span> <span class='ocrx_word' id='word_1_103' title='bbox 1824 1449 1938 1502; x_wconf 78' lang='grc' dir='ltr'><strong>Κύ-</strong></span> 
     </span>
    </p>
   </div>
   <div class='ocr_carea' id='block_1_17' title="bbox 349 1537 1939 1609">
    <p class='ocr_par' dir='ltr' id='par_1_17' title="bbox 349 1537 1939 1609">
     <span class='ocr_line' id='line_1_17' title="bbox 349 1537 1939 1609; baseline 0.003 -19"><span class='ocrx_word' id='word_1_104' title='bbox 349 1554 469 1607; x_wconf 82' lang='grc' dir='ltr'>ριον</span> <span class='ocrx_word' id='word_1_105' title='bbox 500 1537 592 1591; x_wconf 89' lang='grc' dir='ltr'><strong>τὸν</strong></span> <span class='ocrx_word' id='word_1_106' title='bbox 620 1539 718 1590; x_wconf 83' lang='grc' dir='ltr'><strong>σὺν</strong></span> <span class='ocrx_word' id='word_1_107' title='bbox 748 1539 887 1609; x_wconf 70' lang='grc' dir='ltr'>αὐτῇ</span> <span class='ocrx_word' id='word_1_108' title='bbox 914 1537 1347 1609; x_wconf 77' lang='grc' dir='ltr'><strong>προπεμφθέντα</strong></span> <span class='ocrx_word' id='word_1_109' title='bbox 1376 1539 1469 1591; x_wconf 81' lang='grc' dir='ltr'><strong>ὑπ’</strong></span> <span class='ocrx_word' id='word_1_110' title='bbox 1499 1540 1681 1593; x_wconf 76' lang='grc' dir='ltr'>αὐτῶν</span> <span class='ocrx_word' id='word_1_111' title='bbox 1725 1544 1806 1604; x_wconf 92' lang='grc' dir='ltr'><strong>είς</strong></span> <span class='ocrx_word' id='word_1_112' title='bbox 1848 1543 1939 1594; x_wconf 79' lang='grc' dir='ltr'>ούο</span> 
     </span>
    </p>
   </div>
   <div class='ocr_carea' id='block_1_18' title="bbox 238 1629 1938 1702">
    <p class='ocr_par' dir='ltr' id='par_1_18' title="bbox 238 1629 1938 1702">
     <span class='ocr_line' id='line_1_18' title="bbox 238 1629 1938 1702; baseline 0.001 -19"><span class='ocrx_word' id='word_1_113' title='bbox 238 1666 239 1669; x_wconf 61' lang='grc' dir='ltr'><strong>η</strong></span> <span class='ocrx_word' id='word_1_114' title='bbox 351 1632 570 1701; x_wconf 77' lang='grc' dir='ltr'>ρανοίις,</span> <span class='ocrx_word' id='word_1_115' title='bbox 600 1631 727 1693; x_wconf 79' lang='grc' dir='ltr'>τοὺς</span> <span class='ocrx_word' id='word_1_116' title='bbox 758 1633 820 1683; x_wconf 83' lang='grc' dir='ltr'>ὲκ</span> <span class='ocrx_word' id='word_1_117' title='bbox 860 1629 1009 1694; x_wconf 87' lang='grc' dir='ltr'>θείας</span> <span class='ocrx_word' id='word_1_118' title='bbox 1038 1630 1261 1701; x_wconf 85' lang='grc' dir='ltr'>χάριτος</span> <span class='ocrx_word' id='word_1_119' title='bbox 1300 1631 1683 1701; x_wconf 78' lang='grc' dir='ltr'>προπομπίους</span> <span class='ocrx_word' id='word_1_120' title='bbox 1734 1630 1938 1702; x_wconf 78' lang='grc' dir='ltr'>ὕμνους</span> 
     </span>
    </p>
   </div>
   <div class='ocr_carea' id='block_1_19' title="bbox 350 1721 1933 1793">
    <p class='ocr_par' dir='ltr' id='par_1_19' title="bbox 350 1721 1933 1793">
     <span class='ocr_line' id='line_1_19' title="bbox 350 1721 1933 1793; baseline -0.001 -17"><span class='ocrx_word' id='word_1_121' title='bbox 350 1722 832 1793; x_wconf 79' lang='grc' dir='ltr'>εὐαγγελιζόμενοι</span> <span class='ocrx_word' id='word_1_122' title='bbox 848 1723 1005 1791; x_wconf 75' lang='grc' dir='ltr'>αὐτῇ,</span> <span class='ocrx_word' id='word_1_123' title='bbox 1038 1721 1321 1784; x_wconf 86' lang='grc' dir='ltr'>οίονείπως</span> <span class='ocrx_word' id='word_1_124' title='bbox 1338 1721 1584 1787; x_wconf 79' lang='grc' dir='ltr'>εἰκότως,</span> <span class='ocrx_word' id='word_1_125' title='bbox 1615 1721 1933 1791; x_wconf 59' lang='grc' dir='ltr'>φάσκοντες</span> 
     </span>
    </p>
   </div>
   <div class='ocr_carea' id='block_1_20' title="bbox 2044 630 3627 707">
    <p class='ocr_par' dir='ltr' id='par_1_20' title="bbox 2044 630 3627 707">
     <span class='ocr_line' id='line_1_20' title="bbox 2044 630 3627 707; baseline 0.003 -24"><span class='ocrx_word' id='word_1_126' title='bbox 2044 630 2168 705; x_wconf 64' lang='lat' dir='ltr'><strong>simi</strong></span> <span class='ocrx_word' id='word_1_127' title='bbox 2210 630 2491 699; x_wconf 75' lang='lat' dir='ltr'><strong>Spiritus;</strong></span> <span class='ocrx_word' id='word_1_128' title='bbox 2556 636 2623 690; x_wconf 85' lang='lat' dir='ltr'><strong>ad</strong></span> <span class='ocrx_word' id='word_1_129' title='bbox 2667 648 2829 707; x_wconf 87' lang='lat' dir='ltr'><strong>quam</strong></span> <span class='ocrx_word' id='word_1_130' title='bbox 2868 639 3085 698; x_wconf 89' lang='lat' dir='ltr'><strong>portam</strong></span> <span class='ocrx_word' id='word_1_131' title='bbox 3135 632 3348 685; x_wconf 88' lang='lat' dir='ltr'><strong>nullum</strong></span> <span class='ocrx_word' id='word_1_132' title='bbox 3392 634 3627 687; x_wconf 86' lang='lat' dir='ltr'><strong>accessit</strong></span> 
     </span>
    </p>
   </div>
   <div class='ocr_carea' id='block_1_21' title="bbox 2046 722 3628 786">
    <p class='ocr_par' dir='ltr' id='par_1_21' title="bbox 2046 722 3628 786">
     <span class='ocr_line' id='line_1_21' title="bbox 2046 722 3628 786; baseline 0.001 -12"><span class='ocrx_word' id='word_1_133' title='bbox 2046 722 2421 786; x_wconf 86' lang='lat' dir='ltr'><strong>mendacium,</strong></span> <span class='ocrx_word' id='word_1_134' title='bbox 2450 722 2548 776; x_wconf 88' lang='lat' dir='ltr'><strong>sed</strong></span> <span class='ocrx_word' id='word_1_135' title='bbox 2602 722 2715 775; x_wconf 89' lang='lat' dir='ltr'><strong>sola</strong></span> <span class='ocrx_word' id='word_1_136' title='bbox 2748 730 2803 774; x_wconf 84' lang='lat' dir='ltr'><strong>et</strong></span> <span class='ocrx_word' id='word_1_137' title='bbox 2835 722 3122 775; x_wconf 84' lang='lat' dir='ltr'><strong>verissima</strong></span> <span class='ocrx_word' id='word_1_138' title='bbox 3174 722 3499 776; x_wconf 81' lang='lat' dir='ltr'><strong>viviﬁeatrix</strong></span> <span class='ocrx_word' id='word_1_139' title='bbox 3542 726 3628 777; x_wconf 87' lang='lat' dir='ltr'><strong>via</strong></span> 
     </span>
    </p>
   </div>
   <div class='ocr_carea' id='block_1_22' title="bbox 2043 811 3627 881">
    <p class='ocr_par' dir='ltr' id='par_1_22' title="bbox 2043 811 3627 881">
     <span class='ocr_line' id='line_1_22' title="bbox 2043 811 3627 881; baseline 0.001 -16"><span class='ocrx_word' id='word_1_140' title='bbox 2043 828 2146 881; x_wconf 88' lang='lat' dir='ltr'><strong>per</strong></span> <span class='ocrx_word' id='word_1_141' title='bbox 2190 828 2312 867; x_wconf 83' lang='lat' dir='ltr'><strong>eam</strong></span> <span class='ocrx_word' id='word_1_142' title='bbox 2352 813 2640 881; x_wconf 88' lang='lat' dir='ltr'><strong>processit,</strong></span> <span class='ocrx_word' id='word_1_143' title='bbox 2673 820 2730 866; x_wconf 90' lang='lat' dir='ltr'><strong>et</strong></span> <span class='ocrx_word' id='word_1_144' title='bbox 2773 828 2874 881; x_wconf 86' lang='lat' dir='ltr'><strong>per</strong></span> <span class='ocrx_word' id='word_1_145' title='bbox 2906 811 3079 881; x_wconf 82' lang='lat' dir='ltr'><strong>ipsam</strong></span> <span class='ocrx_word' id='word_1_146' title='bbox 3141 827 3243 865; x_wconf 91' lang='lat' dir='ltr'><strong>nos</strong></span> <span class='ocrx_word' id='word_1_147' title='bbox 3306 813 3374 866; x_wconf 91' lang='lat' dir='ltr'><strong>ad</strong></span> <span class='ocrx_word' id='word_1_148' title='bbox 3409 813 3627 868; x_wconf 86' lang='lat' dir='ltr'><strong>Patrem</strong></span> 
     </span>
    </p>
   </div>
   <div class='ocr_carea' id='block_1_23' title="bbox 2044 902 3630 972">
    <p class='ocr_par' dir='ltr' id='par_1_23' title="bbox 2044 902 3630 972">
     <span class='ocr_line' id='line_1_23' title="bbox 2044 902 3630 972; baseline 0.001 -16"><span class='ocrx_word' id='word_1_149' title='bbox 2044 918 2204 957; x_wconf 90' lang='lat' dir='ltr'><strong>suum</strong></span> <span class='ocrx_word' id='word_1_150' title='bbox 2240 904 2471 958; x_wconf 75' lang='lat' dir='ltr'><strong>adduxit</strong></span> <span class='ocrx_word' id='word_1_151' title='bbox 2511 904 2785 958; x_wconf 84' lang='lat' dir='ltr'><strong>Dominus</strong></span> <span class='ocrx_word' id='word_1_152' title='bbox 2834 909 3024 956; x_wconf 90' lang='lat' dir='ltr'><strong>noster</strong></span> <span class='ocrx_word' id='word_1_153' title='bbox 3052 912 3108 957; x_wconf 88' lang='lat' dir='ltr'><strong>et</strong></span> <span class='ocrx_word' id='word_1_154' title='bbox 3139 902 3283 956; x_wconf 90' lang='lat' dir='ltr'><strong>Deus</strong></span> <span class='ocrx_word' id='word_1_155' title='bbox 3305 944 3319 965; x_wconf 88' lang='lat'><strong>,</strong></span> <span class='ocrx_word' id='word_1_156' title='bbox 3351 904 3446 972; x_wconf 89' lang='lat' dir='ltr'><strong>qui</strong></span> <span class='ocrx_word' id='word_1_157' title='bbox 3492 903 3630 957; x_wconf 80' lang='lat' dir='ltr'><strong>dicit</strong></span> 
     </span>
    </p>
   </div>
   <div class='ocr_carea' id='block_1_24' title="bbox 2044 994 3629 1067">
    <p class='ocr_par' dir='ltr' id='par_1_24' title="bbox 2044 994 3629 1067">
     <span class='ocr_line' id='line_1_24' title="bbox 2044 994 3629 1067; baseline 0.001 -20"><span class='ocrx_word' id='word_1_158' title='bbox 2044 994 2100 1048; x_wconf 91' lang='lat' dir='ltr'><strong>in</strong></span> <span class='ocrx_word' id='word_1_159' title='bbox 2125 996 2425 1066; x_wconf 76' lang='lat' dir='ltr'><strong>Evangelia</strong></span> <span class='ocrx_word' id='word_1_160' title='bbox 2449 1011 2465 1053; x_wconf 90' lang='lat'><strong>:</strong></span> <span class='ocrx_word' id='word_1_161' title='bbox 2493 1015 2511 1048; x_wconf 84' lang='grc' dir='ltr'><strong>ι</strong></span> <span class='ocrx_word' id='word_1_162' title='bbox 2558 997 2672 1067; x_wconf 82' lang='lat' dir='ltr'><strong>Ego</strong></span> <span class='ocrx_word' id='word_1_163' title='bbox 2702 1011 2824 1049; x_wconf 89' lang='lat' dir='ltr'><strong>sum</strong></span> <span class='ocrx_word' id='word_1_164' title='bbox 2848 995 2936 1050; x_wconf 85' lang='lat' dir='ltr'><strong>via</strong></span> <span class='ocrx_word' id='word_1_165' title='bbox 2957 1035 2971 1060; x_wconf 89' lang='lat'><strong>,</strong></span> <span class='ocrx_word' id='word_1_166' title='bbox 3008 996 3237 1060; x_wconf 84' lang='lat' dir='ltr'><strong>veritas,</strong></span> <span class='ocrx_word' id='word_1_167' title='bbox 3265 1005 3322 1049; x_wconf 89' lang='lat' dir='ltr'><strong>et</strong></span> <span class='ocrx_word' id='word_1_168' title='bbox 3358 995 3506 1060; x_wconf 89' lang='lat' dir='ltr'><strong>vita;</strong></span> <span class='ocrx_word' id='word_1_169' title='bbox 3531 1009 3629 1049; x_wconf 88' lang='lat' dir='ltr'><strong>ne-</strong></span> 
     </span>
    </p>
   </div>
   <div class='ocr_carea' id='block_1_25' title="bbox 2042 1085 3624 1158">
    <p class='ocr_par' dir='ltr' id='par_1_25' title="bbox 2042 1085 3624 1158">
     <span class='ocr_line' id='line_1_25' title="bbox 2042 1085 3624 1158; baseline -0.002 -17"><span class='ocrx_word' id='word_1_170' title='bbox 2042 1104 2133 1142; x_wconf 89' lang='lat' dir='ltr'><strong>mo</strong></span> <span class='ocrx_word' id='word_1_171' title='bbox 2179 1088 2288 1143; x_wconf 85' lang='lat' dir='ltr'><strong>nisi</strong></span> <span class='ocrx_word' id='word_1_172' title='bbox 2325 1104 2424 1158; x_wconf 88' lang='lat' dir='ltr'><strong>per</strong></span> <span class='ocrx_word' id='word_1_173' title='bbox 2469 1104 2557 1143; x_wconf 90' lang='lat' dir='ltr'><strong>me</strong></span> <span class='ocrx_word' id='word_1_174' title='bbox 2593 1088 2747 1142; x_wconf 85' lang='lat' dir='ltr'><strong>venit</strong></span> <span class='ocrx_word' id='word_1_175' title='bbox 2790 1087 2859 1141; x_wconf 84' lang='lat' dir='ltr'><strong>ad</strong></span> <span class='ocrx_word' id='word_1_176' title='bbox 2888 1087 3108 1140; x_wconf 84' lang='lat' dir='ltr'><strong>Patrem</strong></span> <span class='ocrx_word' id='word_1_177' title='bbox 3144 1086 3211 1138; x_wconf 74' lang='lat'><strong>“.</strong></span> <span class='ocrx_word' id='word_1_178' title='bbox 3250 1105 3267 1136; x_wconf 86' lang='grc' dir='ltr'><strong>ι</strong></span> <span class='ocrx_word' id='word_1_179' title='bbox 3318 1085 3401 1139; x_wconf 86' lang='lat' dir='ltr'><strong>Ad</strong></span> <span class='ocrx_word' id='word_1_180' title='bbox 3456 1101 3624 1154; x_wconf 89' lang='lat' dir='ltr'><strong>quam</strong></span> 
     </span>
    </p>
   </div>
   <div class='ocr_carea' id='block_1_26' title="bbox 2041 1173 3626 1245">
    <p class='ocr_par' dir='ltr' id='par_1_26' title="bbox 2041 1173 3626 1245">
     <span class='ocr_line' id='line_1_26' title="bbox 2041 1173 3626 1245; baseline -0.002 -14"><span class='ocrx_word' id='word_1_181' title='bbox 2041 1192 2167 1231; x_wconf 89' lang='lat' dir='ltr'><strong>cum</strong></span> <span class='ocrx_word' id='word_1_182' title='bbox 2195 1178 2584 1245; x_wconf 86' lang='lat' dir='ltr'><strong>pervenissent</strong></span> <span class='ocrx_word' id='word_1_183' title='bbox 2629 1175 3086 1245; x_wconf 86' lang='lat' dir='ltr'><strong>arehangelorum</strong></span> <span class='ocrx_word' id='word_1_184' title='bbox 3143 1173 3309 1227; x_wconf 91' lang='lat' dir='ltr'><strong>modo</strong></span> <span class='ocrx_word' id='word_1_185' title='bbox 3365 1174 3626 1228; x_wconf 88' lang='lat' dir='ltr'><strong>omnibus</strong></span> 
     </span>
    </p>
   </div>
   <div class='ocr_carea' id='block_1_27' title="bbox 2041 1264 3623 1337">
    <p class='ocr_par' dir='ltr' id='par_1_27' title="bbox 2041 1264 3623 1337">
     <span class='ocr_line' id='line_1_27' title="bbox 2041 1264 3623 1337; baseline -0.003 -17"><span class='ocrx_word' id='word_1_186' title='bbox 2041 1266 2376 1320; x_wconf 84' lang='lat' dir='ltr'><strong>celebratam</strong></span> <span class='ocrx_word' id='word_1_187' title='bbox 2426 1266 2643 1337; x_wconf 80' lang='lat' dir='ltr'><strong>hymnis</strong></span> <span class='ocrx_word' id='word_1_188' title='bbox 2687 1266 2981 1335; x_wconf 84' lang='lat' dir='ltr'><strong>Dciparam</strong></span> <span class='ocrx_word' id='word_1_189' title='bbox 3027 1264 3361 1326; x_wconf 87' lang='lat' dir='ltr'><strong>salutarunt,</strong></span> <span class='ocrx_word' id='word_1_190' title='bbox 3398 1271 3454 1317; x_wconf 88' lang='lat' dir='ltr'><strong>et</strong></span> <span class='ocrx_word' id='word_1_191' title='bbox 3498 1280 3623 1318; x_wconf 91' lang='lat' dir='ltr'><strong>cum</strong></span> 
     </span>
    </p>
   </div>
   <div class='ocr_carea' id='block_1_28' title="bbox 2042 1353 3622 1422">
    <p class='ocr_par' dir='ltr' id='par_1_28' title="bbox 2042 1353 3622 1422">
     <span class='ocr_line' id='line_1_28' title="bbox 2042 1353 3622 1422; baseline -0.003 -11"><span class='ocrx_word' id='word_1_192' title='bbox 2042 1357 2096 1417; x_wconf 84' lang='lat' dir='ltr'><strong>in</strong></span> <span class='ocrx_word' id='word_1_193' title='bbox 2129 1371 2196 1411; x_wconf 91' lang='lat' dir='ltr'><strong>eo</strong></span> <span class='ocrx_word' id='word_1_194' title='bbox 2244 1365 2451 1422; x_wconf 85' lang='lat' dir='ltr'><strong>essent,</strong></span> <span class='ocrx_word' id='word_1_195' title='bbox 2484 1365 2545 1411; x_wconf 92' lang='lat' dir='ltr'><strong>ut</strong></span> <span class='ocrx_word' id='word_1_196' title='bbox 2600 1357 2746 1410; x_wconf 84' lang='lat' dir='ltr'><strong>illam</strong></span> <span class='ocrx_word' id='word_1_197' title='bbox 2801 1356 3143 1411; x_wconf 81' lang='lat' dir='ltr'><strong>deducerent</strong></span> <span class='ocrx_word' id='word_1_198' title='bbox 3183 1354 3249 1408; x_wconf 88' lang='lat' dir='ltr'><strong>ad</strong></span> <span class='ocrx_word' id='word_1_199' title='bbox 3302 1353 3622 1417; x_wconf 89' lang='lat' dir='ltr'><strong>Dominum,</strong></span> 
     </span>
    </p>
   </div>
   <div class='ocr_carea' id='block_1_29' title="bbox 2039 1445 3623 1519">
    <p class='ocr_par' dir='ltr' id='par_1_29' title="bbox 2039 1445 3623 1519">
     <span class='ocr_line' id='line_1_29' title="bbox 2039 1445 3623 1519; baseline -0.003 -17"><span class='ocrx_word' id='word_1_200' title='bbox 2039 1464 2205 1519; x_wconf 89' lang='lat' dir='ltr'><strong>quem</strong></span> <span class='ocrx_word' id='word_1_201' title='bbox 2238 1457 2399 1503; x_wconf 83' lang='lat' dir='ltr'><strong>antea</strong></span> <span class='ocrx_word' id='word_1_202' title='bbox 2463 1457 2688 1504; x_wconf 89' lang='lat' dir='ltr'><strong>euntem</strong></span> <span class='ocrx_word' id='word_1_203' title='bbox 2752 1448 2805 1502; x_wconf 92' lang='lat' dir='ltr'><strong>in</strong></span> <span class='ocrx_word' id='word_1_204' title='bbox 2843 1448 3047 1502; x_wconf 72' lang='lat' dir='ltr'><strong>coelum</strong></span> <span class='ocrx_word' id='word_1_205' title='bbox 3100 1461 3226 1500; x_wconf 89' lang='lat' dir='ltr'><strong>cum</strong></span> <span class='ocrx_word' id='word_1_206' title='bbox 3275 1460 3340 1500; x_wconf 88' lang='lat' dir='ltr'><strong>ea</strong></span> <span class='ocrx_word' id='word_1_207' title='bbox 3377 1445 3623 1499; x_wconf 86' lang='lat' dir='ltr'><strong>comitati</strong></span> 
     </span>
    </p>
   </div>
   <div class='ocr_carea' id='block_1_30' title="bbox 2039 1536 3627 1610">
    <p class='ocr_par' dir='ltr' id='par_1_30' title="bbox 2039 1536 3627 1610">
     <span class='ocr_line' id='line_1_30' title="bbox 2039 1536 3627 1610; baseline -0.003 -17"><span class='ocrx_word' id='word_1_208' title='bbox 2039 1539 2280 1603; x_wconf 82' lang='lat' dir='ltr'><strong>fuerant,</strong></span> <span class='ocrx_word' id='word_1_209' title='bbox 2344 1540 2581 1610; x_wconf 88' lang='lat' dir='ltr'><strong>hymnos</strong></span> <span class='ocrx_word' id='word_1_210' title='bbox 2645 1537 2833 1593; x_wconf 90' lang='lat' dir='ltr'><strong>divina</strong></span> <span class='ocrx_word' id='word_1_211' title='bbox 2876 1536 3052 1607; x_wconf 88' lang='lat' dir='ltr'><strong>gratia</strong></span> <span class='ocrx_word' id='word_1_212' title='bbox 3113 1544 3415 1605; x_wconf 87' lang='lat' dir='ltr'><strong>conceptos</strong></span> <span class='ocrx_word' id='word_1_213' title='bbox 3478 1536 3627 1589; x_wconf 84' lang='lat' dir='ltr'><strong>inter</strong></span> 
     </span>
    </p>
   </div>
   <div class='ocr_carea' id='block_1_31' title="bbox 2041 1623 3623 1699">
    <p class='ocr_par' dir='ltr' id='par_1_31' title="bbox 2041 1623 3623 1699">
     <span class='ocr_line' id='line_1_31' title="bbox 2041 1623 3623 1699; baseline -0.003 -16"><span class='ocrx_word' id='word_1_214' title='bbox 2041 1623 2403 1699; x_wconf 60' lang='lat' dir='ltr'><strong>praeeunaum</strong></span> <span class='ocrx_word' id='word_1_215' title='bbox 2447 1628 2817 1691; x_wconf 87' lang='lat' dir='ltr'><strong>concinendo,</strong></span> <span class='ocrx_word' id='word_1_216' title='bbox 2868 1628 2990 1681; x_wconf 64' lang='lat' dir='ltr'><strong>laata</strong></span> <span class='ocrx_word' id='word_1_217' title='bbox 3023 1627 3311 1696; x_wconf 80' lang='lat' dir='ltr'><strong>faustaque</strong></span> <span class='ocrx_word' id='word_1_218' title='bbox 3363 1626 3623 1680; x_wconf 86' lang='lat' dir='ltr'><strong>nuntian-</strong></span> 
     </span>
    </p>
   </div>
   <div class='ocr_carea' id='block_1_32' title="bbox 2038 1717 3625 1785">
    <p class='ocr_par' dir='ltr' id='par_1_32' title="bbox 2038 1717 3625 1785">
     <span class='ocr_line' id='line_1_32' title="bbox 2038 1717 3625 1785; baseline -0.003 -9"><span class='ocrx_word' id='word_1_219' title='bbox 2038 1729 2142 1785; x_wconf 84' lang='lat' dir='ltr'><strong>tes,</strong></span> <span class='ocrx_word' id='word_1_220' title='bbox 2180 1732 2242 1777; x_wconf 92' lang='lat' dir='ltr'><strong>ut</strong></span> <span class='ocrx_word' id='word_1_221' title='bbox 2261 1731 2702 1777; x_wconf 89' lang='lat' dir='ltr'><strong>consentaneum</strong></span> <span class='ocrx_word' id='word_1_222' title='bbox 2726 1720 2851 1785; x_wconf 81' lang='lat' dir='ltr'><strong>fuit,</strong></span> <span class='ocrx_word' id='word_1_223' title='bbox 2878 1719 2934 1773; x_wconf 92' lang='lat' dir='ltr'><strong>in</strong></span> <span class='ocrx_word' id='word_1_224' title='bbox 2965 1718 3115 1773; x_wconf 88' lang='lat' dir='ltr'><strong>hunc</strong></span> <span class='ocrx_word' id='word_1_225' title='bbox 3143 1717 3260 1772; x_wconf 81' lang='lat' dir='ltr'><strong>fere</strong></span> <span class='ocrx_word' id='word_1_226' title='bbox 3292 1717 3517 1772; x_wconf 90' lang='lat' dir='ltr'><strong>modum</strong></span> <span class='ocrx_word' id='word_1_227' title='bbox 3539 1717 3625 1772; x_wconf 89' lang='lat' dir='ltr'><strong>di-</strong></span> 
     </span>
    </p>
   </div>
   <div class='ocr_carea' id='block_1_33' title="bbox 2038 1811 2276 1867">
    <p class='ocr_par' dir='ltr' id='par_1_33' title="bbox 2038 1811 2276 1867">
     <span class='ocr_line' id='line_1_33' title="bbox 2038 1811 2276 1867; baseline -0.008 0"><span class='ocrx_word' id='word_1_228' title='bbox 2038 1811 2276 1867; x_wconf 89' lang='lat' dir='ltr'><strong>cebant:</strong></span> 
     </span>
    </p>
   </div>
   <div class='ocr_carea' id='block_1_34' title="bbox 425 1885 1936 1972">
    <p class='ocr_par' dir='ltr' id='par_1_34' title="bbox 425 1897 1933 1972">
     <span class='ocr_line' id='line_1_34' title="bbox 425 1897 1933 1972; baseline -0.001 -19"><span class='ocrx_word' id='word_1_229' title='bbox 425 1900 478 1955; x_wconf 85' lang='lat' dir='ltr'><strong>l&#39;.</strong></span> <span class='ocrx_word' id='word_1_230' title='bbox 516 1899 772 1971; x_wconf 85' lang='grc' dir='ltr'>Χαίροις,</span> <span class='ocrx_word' id='word_1_231' title='bbox 808 1898 1149 1972; x_wconf 83' lang='grc' dir='ltr'>περιπόθητε</span> <span class='ocrx_word' id='word_1_232' title='bbox 1174 1898 1315 1969; x_wconf 81' lang='grc' dir='ltr'>Θεῷ,</span> <span class='ocrx_word' id='word_1_233' title='bbox 1351 1897 1559 1969; x_wconf 74' lang='grc' dir='ltr'>ἔμψυχε</span> <span class='ocrx_word' id='word_1_234' title='bbox 1586 1898 1698 1970; x_wconf 77' lang='lat'><strong>(58)</strong></span> <span class='ocrx_word' id='word_1_235' title='bbox 1726 1899 1820 1952; x_wconf 83' lang='grc' dir='ltr'>ναὲ</span> <span class='ocrx_word' id='word_1_236' title='bbox 1839 1899 1933 1953; x_wconf 91' lang='grc' dir='ltr'><strong>τοῦ</strong></span> 
     </span>
    </p>
   </div>
   <div class='ocr_carea' id='block_1_35' title="bbox 2039 1885 3624 1972">
    <p class='ocr_par' dir='ltr' id='par_1_35' title="bbox 2109 1896 3624 1959">
     <span class='ocr_line' id='line_1_35' title="bbox 2109 1896 3624 1959; baseline -0.005 -4"><span class='ocrx_word' id='word_1_237' title='bbox 2109 1901 2178 1955; x_wconf 74' lang='grc' dir='ltr'>Χ.</span> <span class='ocrx_word' id='word_1_238' title='bbox 2224 1903 2337 1957; x_wconf 91' lang='lat' dir='ltr'><strong>Ave</strong></span> <span class='ocrx_word' id='word_1_239' title='bbox 2379 1903 2612 1955; x_wconf 91' lang='lat' dir='ltr'><strong>multum</strong></span> <span class='ocrx_word' id='word_1_240' title='bbox 2671 1900 2785 1954; x_wconf 88' lang='lat' dir='ltr'><strong>Deo</strong></span> <span class='ocrx_word' id='word_1_241' title='bbox 2830 1896 3240 1959; x_wconf 83' lang='lat' dir='ltr'><strong>desiderabilis.</strong></span> <span class='ocrx_word' id='word_1_242' title='bbox 3291 1896 3477 1950; x_wconf 86' lang='lat' dir='ltr'><strong>vivum</strong></span> <span class='ocrx_word' id='word_1_243' title='bbox 3537 1896 3624 1949; x_wconf 92' lang='lat' dir='ltr'><strong>in-</strong></span> 
     </span>
    </p>
   </div>
   <div class='ocr_carea' id='block_1_36' title="bbox 349 1984 1933 2062">
    <p class='ocr_par' dir='ltr' id='par_1_36' title="bbox 349 1984 1933 2062">
     <span class='ocr_line' id='line_1_36' title="bbox 349 1984 1933 2062; baseline 0 -16"><span class='ocrx_word' id='word_1_244' title='bbox 349 1992 640 2062; x_wconf 78' lang='grc' dir='ltr'>ἀχωρήτου</span> <span class='ocrx_word' id='word_1_245' title='bbox 678 1991 959 2061; x_wconf 78' lang='grc' dir='ltr'>Ὑψίστου,</span> <span class='ocrx_word' id='word_1_246' title='bbox 1011 1992 1069 2045; x_wconf 83' lang='grc' dir='ltr'>ὲν</span> <span class='ocrx_word' id='word_1_247' title='bbox 1110 1984 1155 2059; x_wconf 85' lang='grc' dir='ltr'><strong>ᾧ</strong></span> <span class='ocrx_word' id='word_1_248' title='bbox 1206 1992 1239 2061; x_wconf 83' lang='grc' dir='ltr'>ἡ</span> <span class='ocrx_word' id='word_1_249' title='bbox 1275 1991 1531 2054; x_wconf 82' lang='grc' dir='ltr'>ἀκτιστος</span> <span class='ocrx_word' id='word_1_250' title='bbox 1568 1991 1933 2057; x_wconf 82' lang='grc' dir='ltr'>ὲνυπόστατος</span> 
     </span>
    </p>
   </div>
   <div class='ocr_carea' id='block_1_37' title="bbox 353 2083 1936 2156">
    <p class='ocr_par' dir='ltr' id='par_1_37' title="bbox 353 2083 1936 2156">
     <span class='ocr_line' id='line_1_37' title="bbox 353 2083 1936 2156; baseline 0.001 -19"><span class='ocrx_word' id='word_1_251' title='bbox 353 2085 519 2154; x_wconf 80' lang='grc' dir='ltr'>σοφία</span> <span class='ocrx_word' id='word_1_252' title='bbox 552 2083 688 2137; x_wconf 96' lang='grc' dir='ltr'>Θεοῦ</span> <span class='ocrx_word' id='word_1_253' title='bbox 718 2083 931 2156; x_wconf 83' lang='grc' dir='ltr'>Πατρὸς</span> <span class='ocrx_word' id='word_1_254' title='bbox 960 2085 1315 2154; x_wconf 75' lang='grc' dir='ltr'>ὲνοικήσασα,</span> <span class='ocrx_word' id='word_1_255' title='bbox 1348 2083 1666 2155; x_wconf 83' lang='grc' dir='ltr'>ᾠκοδόμησε</span> <span class='ocrx_word' id='word_1_256' title='bbox 1697 2085 1788 2138; x_wconf 89' lang='grc' dir='ltr'><strong>τὸν</strong></span> <span class='ocrx_word' id='word_1_257' title='bbox 1807 2084 1936 2138; x_wconf 89' lang='grc' dir='ltr'>ναὸν</span> 
     </span>
    </p>
   </div>
   <div class='ocr_carea' id='block_1_38' title="bbox 350 2174 1933 2247">
    <p class='ocr_par' dir='ltr' id='par_1_38' title="bbox 350 2174 1933 2247">
     <span class='ocr_line' id='line_1_38' title="bbox 350 2174 1933 2247; baseline -0.001 -17"><span class='ocrx_word' id='word_1_258' title='bbox 350 2178 447 2230; x_wconf 88' lang='grc' dir='ltr'><strong>τοῦ</strong></span> <span class='ocrx_word' id='word_1_259' title='bbox 479 2177 731 2247; x_wconf 82' lang='grc' dir='ltr'>σώματος</span> <span class='ocrx_word' id='word_1_260' title='bbox 776 2174 943 2229; x_wconf 84' lang='grc' dir='ltr'>αὐτοῦ</span> <span class='ocrx_word' id='word_1_261' title='bbox 990 2176 1223 2246; x_wconf 85' lang='grc' dir='ltr'>Χριστὸς</span> <span class='ocrx_word' id='word_1_262' title='bbox 1276 2177 1306 2229; x_wconf 89' lang='lat'><strong>6</strong></span> <span class='ocrx_word' id='word_1_263' title='bbox 1336 2175 1491 2241; x_wconf 85' lang='grc' dir='ltr'>Θεὸς,</span> <span class='ocrx_word' id='word_1_264' title='bbox 1521 2178 1549 2229; x_wconf 89' lang='lat'><strong>6</strong></span> <span class='ocrx_word' id='word_1_265' title='bbox 1581 2176 1679 2247; x_wconf 77' lang='grc' dir='ltr'>τὴν</span> <span class='ocrx_word' id='word_1_266' title='bbox 1738 2176 1933 2230; x_wconf 80' lang='grc' dir='ltr'>ἑαυτοῦ</span> 
     </span>
    </p>
   </div>
   <div class='ocr_carea' id='block_1_39' title="bbox 350 2264 1928 2337">
    <p class='ocr_par' dir='ltr' id='par_1_39' title="bbox 350 2264 1928 2337">
     <span class='ocr_line' id='line_1_39' title="bbox 350 2264 1928 2337; baseline -0.001 -17"><span class='ocrx_word' id='word_1_267' title='bbox 350 2266 659 2320; x_wconf 80' lang='grc' dir='ltr'>ἀνάπαυσιν</span> <span class='ocrx_word' id='word_1_268' title='bbox 686 2264 865 2337; x_wconf 83' lang='grc' dir='ltr'>εὑρὼν</span> <span class='ocrx_word' id='word_1_269' title='bbox 918 2266 976 2320; x_wconf 72' lang='grc' dir='ltr'>ὲν</span> <span class='ocrx_word' id='word_1_270' title='bbox 1009 2265 1092 2318; x_wconf 75' lang='grc' dir='ltr'><strong>σοὶ</strong></span> <span class='ocrx_word' id='word_1_271' title='bbox 1129 2267 1210 2328; x_wconf 89' lang='grc' dir='ltr'><strong>είς</strong></span> <span class='ocrx_word' id='word_1_272' title='bbox 1238 2267 1586 2335; x_wconf 84' lang='grc' dir='ltr'>παγκόσμιον</span> <span class='ocrx_word' id='word_1_273' title='bbox 1614 2266 1893 2335; x_wconf 72' lang='grc' dir='ltr'>σωτηρίαν</span> <span class='ocrx_word' id='word_1_274' title='bbox 1913 2307 1928 2331; x_wconf 91' lang='grc'><strong>,</strong></span> 
     </span>
    </p>
   </div>
   <div class='ocr_carea' id='block_1_40' title="bbox 350 2355 1932 2427">
    <p class='ocr_par' dir='ltr' id='par_1_40' title="bbox 350 2355 1932 2427">
     <span class='ocr_line' id='line_1_40' title="bbox 350 2355 1932 2427; baseline 0.001 -19"><span class='ocrx_word' id='word_1_275' title='bbox 350 2356 450 2409; x_wconf 73' lang='grc' dir='ltr'>καὶ</span> <span class='ocrx_word' id='word_1_276' title='bbox 478 2355 805 2427; x_wconf 74' lang='grc' dir='ltr'>προσλαϐεῖν</span> <span class='ocrx_word' id='word_1_277' title='bbox 835 2372 892 2408; x_wconf 90' lang='grc' dir='ltr'><strong>σε</strong></span> <span class='ocrx_word' id='word_1_278' title='bbox 922 2356 1223 2425; x_wconf 82' lang='grc' dir='ltr'>εὐδοκήσας</span> <span class='ocrx_word' id='word_1_279' title='bbox 1254 2358 1338 2420; x_wconf 84' lang='grc' dir='ltr'><strong>είς</strong></span> <span class='ocrx_word' id='word_1_280' title='bbox 1396 2355 1494 2427; x_wconf 74' lang='grc' dir='ltr'><strong>τὴν</strong></span> <span class='ocrx_word' id='word_1_281' title='bbox 1540 2356 1766 2410; x_wconf 87' lang='grc' dir='ltr'>αίωνίαν</span> <span class='ocrx_word' id='word_1_282' title='bbox 1795 2374 1932 2410; x_wconf 87' lang='grc' dir='ltr'>παν-</span> 
     </span>
    </p>
   </div>
   <div class='ocr_carea' id='block_1_41' title="bbox 350 2446 1932 2520">
    <p class='ocr_par' dir='ltr' id='par_1_41' title="bbox 350 2446 1932 2520">
     <span class='ocr_line' id='line_1_41' title="bbox 350 2446 1932 2520; baseline 0.002 -20"><span class='ocrx_word' id='word_1_283' title='bbox 350 2446 563 2511; x_wconf 74' lang='grc' dir='ltr'>ένδοξον</span> <span class='ocrx_word' id='word_1_284' title='bbox 621 2446 788 2500; x_wconf 80' lang='grc' dir='ltr'>αὑτοῦ</span> <span class='ocrx_word' id='word_1_285' title='bbox 847 2447 1177 2503; x_wconf 79' lang='grc' dir='ltr'>ἀνάπαυσιν.</span> <span class='ocrx_word' id='word_1_286' title='bbox 1224 2448 1474 2520; x_wconf 87' lang='grc' dir='ltr'>Χαίροις,</span> <span class='ocrx_word' id='word_1_287' title='bbox 1535 2449 1777 2517; x_wconf 86' lang='grc' dir='ltr'>παναγία</span> <span class='ocrx_word' id='word_1_288' title='bbox 1801 2450 1932 2503; x_wconf 81' lang='grc' dir='ltr'>Θεο·</span> 
     </span>
    </p>
   </div>
   <div class='ocr_carea' id='block_1_42' title="bbox 351 2538 1935 2612">
    <p class='ocr_par' dir='ltr' id='par_1_42' title="bbox 351 2538 1935 2612">
     <span class='ocr_line' id='line_1_42' title="bbox 351 2538 1935 2612; baseline 0.001 -20"><span class='ocrx_word' id='word_1_289' title='bbox 351 2539 503 2606; x_wconf 82' lang='grc' dir='ltr'>τόκε,</span> <span class='ocrx_word' id='word_1_290' title='bbox 563 2540 646 2593; x_wconf 84' lang='grc' dir='ltr'>ὅτι</span> <span class='ocrx_word' id='word_1_291' title='bbox 674 2540 705 2593; x_wconf 88' lang='lat'><strong>6</strong></span> <span class='ocrx_word' id='word_1_292' title='bbox 734 2538 990 2609; x_wconf 84' lang='grc' dir='ltr'>βασιλεὺς</span> <span class='ocrx_word' id='word_1_293' title='bbox 1032 2540 1131 2611; x_wconf 80' lang='grc' dir='ltr'>τῆς</span> <span class='ocrx_word' id='word_1_294' title='bbox 1163 2540 1346 2611; x_wconf 81' lang='grc' dir='ltr'>δόξης,</span> <span class='ocrx_word' id='word_1_295' title='bbox 1402 2540 1605 2611; x_wconf 86' lang='grc' dir='ltr'>Κύριος</span> <span class='ocrx_word' id='word_1_296' title='bbox 1640 2541 1871 2612; x_wconf 82' lang='grc' dir='ltr'>Ἰησοῦς,</span> <span class='ocrx_word' id='word_1_297' title='bbox 1905 2542 1935 2594; x_wconf 85' lang='lat'><strong>6</strong></span> 
     </span>
    </p>
   </div>
   <div class='ocr_carea' id='block_1_43' title="bbox 352 2631 1934 2704">
    <p class='ocr_par' dir='ltr' id='par_1_43' title="bbox 352 2631 1934 2704">
     <span class='ocr_line' id='line_1_43' title="bbox 352 2631 1934 2704; baseline -0.001 -16"><span class='ocrx_word' id='word_1_298' title='bbox 352 2631 781 2703; x_wconf 75' lang='grc' dir='ltr'>αἱρετισάμενός</span> <span class='ocrx_word' id='word_1_299' title='bbox 827 2648 885 2685; x_wconf 87' lang='grc' dir='ltr'><strong>σε</strong></span> <span class='ocrx_word' id='word_1_300' title='bbox 909 2632 1168 2699; x_wconf 84' lang='grc' dir='ltr'>γενέσθαι</span> <span class='ocrx_word' id='word_1_301' title='bbox 1199 2632 1370 2687; x_wconf 83' lang='grc' dir='ltr'>αὐτοῦ</span> <span class='ocrx_word' id='word_1_302' title='bbox 1422 2634 1618 2704; x_wconf 80' lang='grc' dir='ltr'>νοεράν</span> <span class='ocrx_word' id='word_1_303' title='bbox 1659 2633 1934 2704; x_wconf 78' lang='grc' dir='ltr'>βασιλείαν</span> 
     </span>
    </p>
   </div>
   <div class='ocr_carea' id='block_1_44' title="bbox 352 2723 1935 2797">
    <p class='ocr_par' dir='ltr' id='par_1_44' title="bbox 352 2723 1935 2797">
     <span class='ocr_line' id='line_1_44' title="bbox 352 2723 1935 2797; baseline 0.002 -20"><span class='ocrx_word' id='word_1_304' title='bbox 352 2723 452 2777; x_wconf 74' lang='grc' dir='ltr'><strong>ἐπὶ</strong></span> <span class='ocrx_word' id='word_1_305' title='bbox 479 2723 605 2794; x_wconf 78' lang='grc' dir='ltr'>γῆς,</span> <span class='ocrx_word' id='word_1_306' title='bbox 638 2724 733 2777; x_wconf 79' lang='grc' dir='ltr'><strong>καὶ</strong></span> <span class='ocrx_word' id='word_1_307' title='bbox 762 2724 852 2778; x_wconf 85' lang='grc' dir='ltr'><strong>διὰ</strong></span> <span class='ocrx_word' id='word_1_308' title='bbox 891 2723 983 2778; x_wconf 90' lang='grc' dir='ltr'><strong>σοῦ</strong></span> <span class='ocrx_word' id='word_1_309' title='bbox 1005 2724 1392 2796; x_wconf 84' lang='grc' dir='ltr'>δωρησάμενος</span> <span class='ocrx_word' id='word_1_310' title='bbox 1420 2727 1551 2795; x_wconf 73' lang='grc' dir='ltr'>ἡμῖν</span> <span class='ocrx_word' id='word_1_311' title='bbox 1575 2726 1675 2795; x_wconf 79' lang='grc' dir='ltr'>τὴν</span> <span class='ocrx_word' id='word_1_312' title='bbox 1702 2726 1935 2797; x_wconf 69' lang='grc' dir='ltr'>ἐπουρά-</span> 
     </span>
    </p>
   </div>
   <div class='ocr_carea' id='block_1_45' title="bbox 352 2809 1935 2885">
    <p class='ocr_par' dir='ltr' id='par_1_45' title="bbox 352 2809 1935 2885">
     <span class='ocr_line' id='line_1_45' title="bbox 352 2809 1935 2885; baseline 0.001 -21"><span class='ocrx_word' id='word_1_313' title='bbox 352 2828 467 2865; x_wconf 82' lang='grc' dir='ltr'>νιον</span> <span class='ocrx_word' id='word_1_314' title='bbox 491 2811 658 2864; x_wconf 84' lang='grc' dir='ltr'>αὐτοῦ</span> <span class='ocrx_word' id='word_1_315' title='bbox 686 2810 987 2882; x_wconf 62' lang='grc' dir='ltr'>βασιλείαν,</span> <span class='ocrx_word' id='word_1_316' title='bbox 1014 2813 1072 2865; x_wconf 69' lang='grc' dir='ltr'>ἐν</span> <span class='ocrx_word' id='word_1_317' title='bbox 1093 2812 1270 2885; x_wconf 74' lang='grc' dir='ltr'>ταύτῃ</span> <span class='ocrx_word' id='word_1_318' title='bbox 1296 2829 1355 2865; x_wconf 89' lang='grc' dir='ltr'><strong>σε</strong></span> <span class='ocrx_word' id='word_1_319' title='bbox 1400 2809 1541 2865; x_wconf 75' lang='grc' dir='ltr'>εἶναι</span> <span class='ocrx_word' id='word_1_320' title='bbox 1565 2812 1848 2884; x_wconf 87' lang='grc' dir='ltr'>σύσσωμον</span> <span class='ocrx_word' id='word_1_321' title='bbox 1877 2815 1935 2866; x_wconf 85' lang='grc' dir='ltr'>ὲν</span> 
     </span>
    </p>
   </div>
   <div class='ocr_carea' id='block_1_46' title="bbox 352 2904 1933 2977">
    <p class='ocr_par' dir='ltr' id='par_1_46' title="bbox 352 2904 1933 2977">
     <span class='ocr_line' id='line_1_46' title="bbox 352 2904 1933 2977; baseline 0 -19"><span class='ocrx_word' id='word_1_322' title='bbox 352 2904 638 2976; x_wconf 74' lang='grc' dir='ltr'>ἀφθαρσίᾳ</span> <span class='ocrx_word' id='word_1_323' title='bbox 669 2905 806 2974; x_wconf 82' lang='lat'><strong>(59),</strong></span> <span class='ocrx_word' id='word_1_324' title='bbox 836 2905 930 2959; x_wconf 77' lang='grc' dir='ltr'><strong>καὶ</strong></span> <span class='ocrx_word' id='word_1_325' title='bbox 961 2905 1180 2959; x_wconf 84' lang='grc' dir='ltr'>πάντων</span> <span class='ocrx_word' id='word_1_326' title='bbox 1209 2904 1558 2976; x_wconf 77' lang='grc' dir='ltr'>ἐνδοξοτέραν</span> <span class='ocrx_word' id='word_1_327' title='bbox 1580 2906 1933 2977; x_wconf 78' lang='grc' dir='ltr'>προσέταξεν,</span> 
     </span>
    </p>
   </div>
   <div class='ocr_carea' id='block_1_47' title="bbox 352 2993 1933 3066">
    <p class='ocr_par' dir='ltr' id='par_1_47' title="bbox 352 2993 1933 3066">
     <span class='ocr_line' id='line_1_47' title="bbox 352 2993 1933 3066; baseline -0.002 -16"><span class='ocrx_word' id='word_1_328' title='bbox 352 2998 436 3059; x_wconf 76' lang='grc' dir='ltr'><strong>είς</strong></span> <span class='ocrx_word' id='word_1_329' title='bbox 485 2995 643 3062; x_wconf 79' lang='grc' dir='ltr'>δόξαν</span> <span class='ocrx_word' id='word_1_330' title='bbox 674 2995 769 3049; x_wconf 88' lang='grc' dir='ltr'><strong>τοῦ</strong></span> <span class='ocrx_word' id='word_1_331' title='bbox 833 2995 1049 3066; x_wconf 87' lang='grc' dir='ltr'>Πατρὸς</span> <span class='ocrx_word' id='word_1_332' title='bbox 1095 2993 1262 3047; x_wconf 84' lang='grc' dir='ltr'>αὐτοῦ</span> <span class='ocrx_word' id='word_1_333' title='bbox 1313 2994 1410 3049; x_wconf 79' lang='grc' dir='ltr'>καὶ</span> <span class='ocrx_word' id='word_1_334' title='bbox 1448 2994 1544 3049; x_wconf 91' lang='grc' dir='ltr'><strong>τοῦ</strong></span> <span class='ocrx_word' id='word_1_335' title='bbox 1598 2994 1933 3066; x_wconf 84' lang='grc' dir='ltr'>[Ινεύματος.</span> 
     </span>
    </p>
   </div>
   <div class='ocr_carea' id='block_1_48' title="bbox 353 3086 1934 3160">
    <p class='ocr_par' dir='ltr' id='par_1_48' title="bbox 353 3086 1934 3160">
     <span class='ocr_line' id='line_1_48' title="bbox 353 3086 1934 3160; baseline -0.001 -19"><span class='ocrx_word' id='word_1_336' title='bbox 353 3089 604 3160; x_wconf 82' lang='grc' dir='ltr'>Χαίροις,</span> <span class='ocrx_word' id='word_1_337' title='bbox 627 3089 661 3158; x_wconf 78' lang='grc' dir='ltr'>ἡ</span> <span class='ocrx_word' id='word_1_338' title='bbox 688 3086 974 3158; x_wconf 77' lang='grc' dir='ltr'>ἀντίληψις</span> <span class='ocrx_word' id='word_1_339' title='bbox 1005 3089 1039 3157; x_wconf 84' lang='grc' dir='ltr'><strong>ἡ</strong></span> <span class='ocrx_word' id='word_1_340' title='bbox 1081 3086 1260 3149; x_wconf 78' lang='grc' dir='ltr'>ἔνθεος</span> <span class='ocrx_word' id='word_1_341' title='bbox 1280 3087 1370 3140; x_wconf 76' lang='grc' dir='ltr'>ἀεὶ</span> <span class='ocrx_word' id='word_1_342' title='bbox 1409 3087 1516 3139; x_wconf 87' lang='grc' dir='ltr'><strong>τῶν</strong></span> <span class='ocrx_word' id='word_1_343' title='bbox 1547 3088 1934 3151; x_wconf 76' lang='grc' dir='ltr'>εὐσεϐούντων,</span> 
     </span>
    </p>
   </div>
   <div class='ocr_carea' id='block_1_49' title="bbox 354 3176 1938 3253">
    <p class='ocr_par' dir='ltr' id='par_1_49' title="bbox 354 3176 1938 3253">
     <span class='ocr_line' id='line_1_49' title="bbox 354 3176 1938 3253; baseline -0.004 -15"><span class='ocrx_word' id='word_1_344' title='bbox 354 3182 414 3249; x_wconf 67' lang='grc' dir='ltr'><strong>ἑξ</strong></span> <span class='ocrx_word' id='word_1_345' title='bbox 466 3176 533 3253; x_wconf 78' lang='grc' dir='ltr'>ἧς</span> <span class='ocrx_word' id='word_1_346' title='bbox 563 3178 796 3250; x_wconf 83' lang='grc' dir='ltr'>Χριστὸς</span> <span class='ocrx_word' id='word_1_347' title='bbox 840 3179 1166 3235; x_wconf 71' lang='grc' dir='ltr'>ἀντελάϐετο</span> <span class='ocrx_word' id='word_1_348' title='bbox 1206 3178 1363 3251; x_wconf 82' lang='grc' dir='ltr'>ἡμῶν</span> <span class='ocrx_word' id='word_1_349' title='bbox 1400 3179 1462 3233; x_wconf 91' lang='grc' dir='ltr'><strong>τὸ</strong></span> <span class='ocrx_word' id='word_1_350' title='bbox 1483 3180 1660 3248; x_wconf 80' lang='grc' dir='ltr'>γένος,</span> <span class='ocrx_word' id='word_1_351' title='bbox 1708 3198 1727 3231; x_wconf 85' lang='grc' dir='ltr'><strong>ι</strong></span> <span class='ocrx_word' id='word_1_352' title='bbox 1754 3182 1847 3234; x_wconf 74' lang='grc' dir='ltr'>καὶ</span> <span class='ocrx_word' id='word_1_353' title='bbox 1880 3180 1938 3233; x_wconf 86' lang='grc' dir='ltr'>ῦ-</span> 
     </span>
    </p>
   </div>
   <div class='ocr_carea' id='block_1_50' title="bbox 349 3272 1940 3345">
    <p class='ocr_par' dir='ltr' id='par_1_50' title="bbox 349 3272 1940 3345">
     <span class='ocr_line' id='line_1_50' title="bbox 349 3272 1940 3345; baseline 0.001 -19"><span class='ocrx_word' id='word_1_354' title='bbox 349 3272 503 3343; x_wconf 47' lang='lat' dir='ltr'><strong>duo:</strong></span> <span class='ocrx_word' id='word_1_355' title='bbox 524 3273 693 3342; x_wconf 79' lang='grc' dir='ltr'>κέρας</span> <span class='ocrx_word' id='word_1_356' title='bbox 711 3272 985 3343; x_wconf 81' lang='grc' dir='ltr'>σωτηρίας</span> <span class='ocrx_word' id='word_1_357' title='bbox 1001 3274 1151 3343; x_wconf 81' lang='grc' dir='ltr'>ἡμῖν,</span> <span class='ocrx_word' id='word_1_358' title='bbox 1165 3291 1183 3325; x_wconf 85' lang='grc' dir='ltr'><strong>ι</strong></span> <span class='ocrx_word' id='word_1_359' title='bbox 1211 3272 1664 3341; x_wconf 84' lang='grc' dir='ltr'>εὐαγγελίσασθαι</span> <span class='ocrx_word' id='word_1_360' title='bbox 1686 3276 1831 3345; x_wconf 80' lang='grc' dir='ltr'>ἡμᾶς</span> <span class='ocrx_word' id='word_1_361' title='bbox 1849 3274 1940 3327; x_wconf 88' lang='grc' dir='ltr'><strong>τὸν</strong></span> 
     </span>
    </p>
   </div>
   <div class='ocr_carea' id='block_1_51' title="bbox 350 3362 1944 3434">
    <p class='ocr_par' dir='ltr' id='par_1_51' title="bbox 350 3362 1944 3434">
     <span class='ocr_line' id='line_1_51' title="bbox 350 3362 1944 3434; baseline 0 -18"><span class='ocrx_word' id='word_1_362' title='bbox 350 3362 513 3431; x_wconf 75' lang='grc' dir='ltr'>λόγον</span> <span class='ocrx_word' id='word_1_363' title='bbox 538 3363 637 3434; x_wconf 83' lang='grc' dir='ltr'>τῆς</span> <span class='ocrx_word' id='word_1_364' title='bbox 666 3362 925 3433; x_wconf 84' lang='grc' dir='ltr'>ἀληθείας</span> <span class='ocrx_word' id='word_1_365' title='bbox 965 3362 1127 3415; x_wconf 78' lang='grc' dir='ltr'>αὐτοῦ</span> <span class='ocrx_word' id='word_1_366' title='bbox 1182 3364 1241 3416; x_wconf 82' lang='grc' dir='ltr'>ὲν</span> <span class='ocrx_word' id='word_1_367' title='bbox 1276 3364 1412 3417; x_wconf 82' lang='grc' dir='ltr'>πᾶσι</span> <span class='ocrx_word' id='word_1_368' title='bbox 1443 3365 1558 3427; x_wconf 87' lang='grc' dir='ltr'>τοῖς</span> <span class='ocrx_word' id='word_1_369' title='bbox 1600 3363 1799 3417; x_wconf 72' lang='grc' dir='ltr'>ἔθνεσι.</span> <span class='ocrx_word' id='word_1_370' title='bbox 1832 3362 1944 3416; x_wconf 78' lang='grc' dir='ltr'><strong>Σώ-</strong></span> 
     </span>
    </p>
   </div>
   <div class='ocr_carea' id='block_1_52' title="bbox 354 3452 1933 3526">
    <p class='ocr_par' dir='ltr' id='par_1_52' title="bbox 354 3452 1933 3526">
     <span class='ocr_line' id='line_1_52' title="bbox 354 3452 1933 3526; baseline -0.001 -17"><span class='ocrx_word' id='word_1_371' title='bbox 354 3455 441 3521; x_wconf 78' lang='grc' dir='ltr'>ζει</span> <span class='ocrx_word' id='word_1_372' title='bbox 467 3453 580 3526; x_wconf 87' lang='grc'>(60)</span> <span class='ocrx_word' id='word_1_373' title='bbox 611 3455 718 3525; x_wconf 82' lang='grc' dir='ltr'>γὰρ</span> <span class='ocrx_word' id='word_1_374' title='bbox 742 3452 959 3523; x_wconf 82' lang='grc' dir='ltr'>ἀληθῶς</span> <span class='ocrx_word' id='word_1_375' title='bbox 986 3455 1051 3507; x_wconf 83' lang='grc' dir='ltr'>ἐκ</span> <span class='ocrx_word' id='word_1_376' title='bbox 1083 3455 1264 3523; x_wconf 85' lang='grc' dir='ltr'>πάσης</span> <span class='ocrx_word' id='word_1_377' title='bbox 1296 3454 1525 3524; x_wconf 82' lang='grc' dir='ltr'>θλίψεως</span> <span class='ocrx_word' id='word_1_378' title='bbox 1559 3455 1688 3519; x_wconf 79' lang='grc' dir='ltr'>τοὺς</span> <span class='ocrx_word' id='word_1_379' title='bbox 1738 3455 1933 3525; x_wconf 85' lang='grc' dir='ltr'>ὁμολο-</span> 
     </span>
    </p>
   </div>
   <div class='ocr_carea' id='block_1_53' title="bbox 355 3542 1946 3621">
    <p class='ocr_par' dir='ltr' id='par_1_53' title="bbox 355 3542 1946 3621">
     <span class='ocr_line' id='line_1_53' title="bbox 355 3542 1946 3621; baseline -0.001 -22"><span class='ocrx_word' id='word_1_380' title='bbox 355 3545 589 3621; x_wconf 73' lang='grc' dir='ltr'>γοῦντάς</span> <span class='ocrx_word' id='word_1_381' title='bbox 616 3561 677 3598; x_wconf 88' lang='grc' dir='ltr'><strong>σε</strong></span> <span class='ocrx_word' id='word_1_382' title='bbox 705 3542 988 3606; x_wconf 86' lang='grc' dir='ltr'>Θεοτόκον,</span> <span class='ocrx_word' id='word_1_383' title='bbox 1021 3545 1049 3596; x_wconf 85' lang='grc' dir='ltr'>ὁ</span> <span class='ocrx_word' id='word_1_384' title='bbox 1082 3545 1524 3615; x_wconf 87' lang='grc' dir='ltr'>μυσταγωγήσας</span> <span class='ocrx_word' id='word_1_385' title='bbox 1545 3562 1605 3598; x_wconf 92' lang='grc' dir='ltr'><strong>σε</strong></span> <span class='ocrx_word' id='word_1_386' title='bbox 1634 3544 1768 3609; x_wconf 84' lang='grc' dir='ltr'>Θεὸς</span> <span class='ocrx_word' id='word_1_387' title='bbox 1796 3543 1946 3613; x_wconf 85' lang='grc' dir='ltr'>γενέ-</span> 
     </span>
    </p>
   </div>
   <div class='ocr_carea' id='block_1_54' title="bbox 356 3632 1940 3707">
    <p class='ocr_par' dir='ltr' id='par_1_54' title="bbox 356 3632 1940 3707">
     <span class='ocr_line' id='line_1_54' title="bbox 356 3632 1940 3707; baseline -0.001 -18"><span class='ocrx_word' id='word_1_388' title='bbox 356 3636 486 3691; x_wconf 89' lang='grc' dir='ltr'>σθαι</span> <span class='ocrx_word' id='word_1_389' title='bbox 518 3635 657 3707; x_wconf 85' lang='grc' dir='ltr'>πρὸς</span> <span class='ocrx_word' id='word_1_390' title='bbox 690 3635 876 3700; x_wconf 81' lang='grc' dir='ltr'>αὐτὸν,</span> <span class='ocrx_word' id='word_1_391' title='bbox 912 3633 1006 3688; x_wconf 87' lang='grc' dir='ltr'><strong>τοῦ</strong></span> <span class='ocrx_word' id='word_1_392' title='bbox 1039 3634 1367 3707; x_wconf 79' lang='grc' dir='ltr'>πρεσϐεύειν</span> <span class='ocrx_word' id='word_1_393' title='bbox 1397 3632 1541 3706; x_wconf 79' lang='grc' dir='ltr'>ὑπὲρ</span> <span class='ocrx_word' id='word_1_394' title='bbox 1567 3635 1747 3706; x_wconf 81' lang='grc' dir='ltr'>ἡμῶν.</span> <span class='ocrx_word' id='word_1_395' title='bbox 1802 3634 1940 3688; x_wconf 81' lang='grc' dir='ltr'>Χαί-</span> 
     </span>
    </p>
   </div>
   <div class='ocr_carea' id='block_1_55' title="bbox 356 3726 1937 3801">
    <p class='ocr_par' dir='ltr' id='par_1_55' title="bbox 356 3726 1937 3801">
     <span class='ocr_line' id='line_1_55' title="bbox 356 3726 1937 3801; baseline -0.003 -20"><span class='ocrx_word' id='word_1_396' title='bbox 356 3728 772 3801; x_wconf 77' lang='grc' dir='ltr'>ροις,Ἱωακεὶμ</span> <span class='ocrx_word' id='word_1_397' title='bbox 803 3726 1065 3797; x_wconf 82' lang='grc' dir='ltr'>θύγατερ,</span> <span class='ocrx_word' id='word_1_398' title='bbox 1096 3726 1190 3779; x_wconf 74' lang='grc' dir='ltr'>καὶ</span> <span class='ocrx_word' id='word_1_399' title='bbox 1247 3727 1422 3797; x_wconf 81' lang='grc' dir='ltr'>μῆτερ</span> <span class='ocrx_word' id='word_1_400' title='bbox 1450 3726 1543 3780; x_wconf 87' lang='grc' dir='ltr'><strong>τοῦ</strong></span> <span class='ocrx_word' id='word_1_401' title='bbox 1593 3727 1937 3798; x_wconf 84' lang='grc' dir='ltr'>δημιουργὴ-</span> 
     </span>
    </p>
   </div>
   <div class='ocr_carea' id='block_1_56' title="bbox 359 3819 1937 3891">
    <p class='ocr_par' dir='ltr' id='par_1_56' title="bbox 359 3819 1937 3891">
     <span class='ocr_line' id='line_1_56' title="bbox 359 3819 1937 3891; baseline -0.001 -16"><span class='ocrx_word' id='word_1_402' title='bbox 359 3837 552 3884; x_wconf 87' lang='grc' dir='ltr'>σαντος</span> <span class='ocrx_word' id='word_1_403' title='bbox 577 3819 713 3874; x_wconf 87' lang='grc' dir='ltr'>Θεοῦ</span> <span class='ocrx_word' id='word_1_404' title='bbox 746 3821 815 3873; x_wconf 86' lang='grc' dir='ltr'><strong>τά</strong></span> <span class='ocrx_word' id='word_1_405' title='bbox 840 3819 1156 3891; x_wconf 87' lang='grc' dir='ltr'>σύμπαντα,</span> <span class='ocrx_word' id='word_1_406' title='bbox 1193 3822 1226 3890; x_wconf 80' lang='grc' dir='ltr'><strong>ἡ</strong></span> <span class='ocrx_word' id='word_1_407' title='bbox 1244 3819 1336 3873; x_wconf 75' lang='grc' dir='ltr'><strong>ὑπ’</strong></span> <span class='ocrx_word' id='word_1_408' title='bbox 1368 3819 1532 3873; x_wconf 83' lang='grc' dir='ltr'>αὐτοῦ</span> <span class='ocrx_word' id='word_1_409' title='bbox 1562 3820 1937 3891; x_wconf 80' lang='grc' dir='ltr'>προκληθεῖσα</span> 
     </span>
    </p>
   </div>
   <div class='ocr_carea' id='block_1_57' title="bbox 354 3910 1935 3983">
    <p class='ocr_par' dir='ltr' id='par_1_57' title="bbox 354 3910 1935 3983">
     <span class='ocr_line' id='line_1_57' title="bbox 354 3910 1935 3983; baseline -0.001 -16"><span class='ocrx_word' id='word_1_410' title='bbox 354 3913 438 3978; x_wconf 76' lang='grc' dir='ltr'>εις</span> <span class='ocrx_word' id='word_1_411' title='bbox 464 3912 620 3983; x_wconf 79' lang='grc' dir='ltr'>λῆξιν</span> <span class='ocrx_word' id='word_1_412' title='bbox 654 3911 1079 3983; x_wconf 77' lang='grc' dir='ltr'>μακαριότητος,</span> <span class='ocrx_word' id='word_1_413' title='bbox 1127 3912 1225 3982; x_wconf 84' lang='grc' dir='ltr'>τῆς</span> <span class='ocrx_word' id='word_1_414' title='bbox 1268 3911 1449 3982; x_wconf 86' lang='grc' dir='ltr'>πάσης</span> <span class='ocrx_word' id='word_1_415' title='bbox 1487 3910 1797 3982; x_wconf 77' lang='grc' dir='ltr'>ὑπερτέρας</span> <span class='ocrx_word' id='word_1_416' title='bbox 1826 3910 1935 3965; x_wconf 85' lang='grc' dir='ltr'>τῶν</span> 
     </span>
    </p>
   </div>
   <div class='ocr_carea' id='block_1_58' title="bbox 351 4001 1935 4075">
    <p class='ocr_par' dir='ltr' id='par_1_58' title="bbox 351 4001 1935 4075">
     <span class='ocr_line' id='line_1_58' title="bbox 351 4001 1935 4075; baseline 0 -17"><span class='ocrx_word' id='word_1_417' title='bbox 351 4004 452 4058; x_wconf 62' lang='grc' dir='ltr'><strong>ἀπὶ</strong></span> <span class='ocrx_word' id='word_1_418' title='bbox 478 4004 584 4073; x_wconf 79' lang='grc' dir='ltr'>γῆς</span> <span class='ocrx_word' id='word_1_419' title='bbox 605 4004 700 4056; x_wconf 77' lang='grc' dir='ltr'><strong>καὶ</strong></span> <span class='ocrx_word' id='word_1_420' title='bbox 728 4005 786 4057; x_wconf 79' lang='grc' dir='ltr'>ὲν</span> <span class='ocrx_word' id='word_1_421' title='bbox 811 4002 1026 4074; x_wconf 81' lang='grc' dir='ltr'>οὐρανῷ</span> <span class='ocrx_word' id='word_1_422' title='bbox 1046 4001 1503 4074; x_wconf 76' lang='grc' dir='ltr'>μακαριζομένων</span> <span class='ocrx_word' id='word_1_423' title='bbox 1525 4003 1696 4072; x_wconf 83' lang='grc' dir='ltr'>ἁγίων</span> <span class='ocrx_word' id='word_1_424' title='bbox 1721 4004 1935 4075; x_wconf 77' lang='grc' dir='ltr'>ταγμάο</span> 
     </span>
    </p>
   </div>
   <div class='ocr_carea' id='block_1_59' title="bbox 353 4082 1935 4167">
    <p class='ocr_par' dir='ltr' id='par_1_59' title="bbox 353 4082 1935 4167">
     <span class='ocr_line' id='line_1_59' title="bbox 353 4082 1935 4167; baseline 0 -16"><span class='ocrx_word' id='word_1_425' title='bbox 353 4113 483 4151; x_wconf 85' lang='grc' dir='ltr'>των.</span> <span class='ocrx_word' id='word_1_426' title='bbox 504 4096 754 4167; x_wconf 82' lang='grc' dir='ltr'>Χαίροις,</span> <span class='ocrx_word' id='word_1_427' title='bbox 778 4095 1021 4166; x_wconf 78' lang='grc' dir='ltr'>ἰαμάτων</span> <span class='ocrx_word' id='word_1_428' title='bbox 1044 4082 1216 4166; x_wconf 52' lang='lat' dir='ltr'><strong>navi},</strong></span> <span class='ocrx_word' id='word_1_429' title='bbox 1232 4097 1266 4166; x_wconf 78' lang='grc' dir='ltr'><strong>η</strong></span> <span class='ocrx_word' id='word_1_430' title='bbox 1289 4095 1581 4165; x_wconf 59' lang='grc' dir='ltr'>ηγάσασα</span> <span class='ocrx_word' id='word_1_431' title='bbox 1601 4096 1691 4150; x_wconf 87' lang='grc' dir='ltr'><strong>τὸν</strong></span> <span class='ocrx_word' id='word_1_432' title='bbox 1710 4096 1935 4165; x_wconf 82' lang='grc' dir='ltr'>ἰώμενον</span> 
     </span>
    </p>
   </div>
   <div class='ocr_carea' id='block_1_60' title="bbox 354 4187 1936 4261">
    <p class='ocr_par' dir='ltr' id='par_1_60' title="bbox 354 4187 1936 4261">
     <span class='ocr_line' id='line_1_60' title="bbox 354 4187 1936 4261; baseline 0.001 -19"><span class='ocrx_word' id='word_1_433' title='bbox 354 4192 535 4243; x_wconf 70' lang='grc' dir='ltr'>πᾶσαν</span> <span class='ocrx_word' id='word_1_434' title='bbox 552 4190 708 4244; x_wconf 80' lang='grc' dir='ltr'>νόσον</span> <span class='ocrx_word' id='word_1_435' title='bbox 737 4188 996 4260; x_wconf 83' lang='grc' dir='ltr'>Χριστὸν,</span> <span class='ocrx_word' id='word_1_436' title='bbox 1018 4187 1252 4259; x_wconf 85' lang='grc' dir='ltr'>βρύοντα</span> <span class='ocrx_word' id='word_1_437' title='bbox 1276 4188 1556 4260; x_wconf 74' lang='grc' dir='ltr'>μυστικῶς</span> <span class='ocrx_word' id='word_1_438' title='bbox 1583 4188 1685 4260; x_wconf 84' lang='grc' dir='ltr'>τῆς</span> <span class='ocrx_word' id='word_1_439' title='bbox 1714 4189 1936 4261; x_wconf 86' lang='grc' dir='ltr'>χάριτος</span> 
     </span>
    </p>
   </div>
   <div class='ocr_carea' id='block_1_61' title="bbox 353 4280 1937 4352">
    <p class='ocr_par' dir='ltr' id='par_1_61' title="bbox 353 4280 1937 4352">
     <span class='ocr_line' id='line_1_61' title="bbox 353 4280 1937 4352; baseline 0 -18"><span class='ocrx_word' id='word_1_440' title='bbox 353 4284 449 4336; x_wconf 81' lang='grc' dir='ltr'><strong>τοῦ</strong></span> <span class='ocrx_word' id='word_1_441' title='bbox 507 4280 779 4345; x_wconf 76' lang='grc' dir='ltr'>ζωοποιοῦ</span> <span class='ocrx_word' id='word_1_442' title='bbox 837 4280 933 4336; x_wconf 80' lang='grc' dir='ltr'>καὶ</span> <span class='ocrx_word' id='word_1_443' title='bbox 971 4281 1240 4351; x_wconf 83' lang='grc' dir='ltr'>παναγίου</span> <span class='ocrx_word' id='word_1_444' title='bbox 1298 4280 1465 4336; x_wconf 83' lang='grc' dir='ltr'>αὐτοῦ</span> <span class='ocrx_word' id='word_1_445' title='bbox 1501 4280 1820 4352; x_wconf 82' lang='grc' dir='ltr'>Πνεύματος</span> <span class='ocrx_word' id='word_1_446' title='bbox 1868 4282 1937 4334; x_wconf 88' lang='grc' dir='ltr'><strong>τά</strong></span> 
     </span>
    </p>
   </div>
   <div class='ocr_carea' id='block_1_62' title="bbox 421 4404 1357 4480">
    <p class='ocr_par' dir='ltr' id='par_1_62' title="bbox 421 4404 1357 4480">
     <span class='ocr_line' id='line_1_62' title="bbox 421 4404 1357 4480; baseline 0.021 -22"><span class='ocrx_word' id='word_1_447' title='bbox 421 4404 465 4434; x_wconf 73' lang='grc'><strong>⁸⁸</strong></span> <span class='ocrx_word' id='word_1_448' title='bbox 488 4406 645 4463; x_wconf 79' lang='lat' dir='ltr'><strong>Joan.</strong></span> <span class='ocrx_word' id='word_1_449' title='bbox 685 4428 794 4480; x_wconf 82' lang='lat' dir='ltr'><strong>xrv,</strong></span> <span class='ocrx_word' id='word_1_450' title='bbox 818 4414 872 4472; x_wconf 83' lang='lat'><em>6.</em></span> <span class='ocrx_word' id='word_1_451' title='bbox 952 4418 996 4449; x_wconf 82' lang='lat'><strong>&quot;</strong></span> <span class='ocrx_word' id='word_1_452' title='bbox 1032 4418 1169 4477; x_wconf 89' lang='lat' dir='ltr'><strong>Luc.</strong></span> <span class='ocrx_word' id='word_1_453' title='bbox 1199 4438 1235 4478; x_wconf 94' lang='grc' dir='ltr'><strong>ι.</strong></span> <span class='ocrx_word' id='word_1_454' title='bbox 1270 4424 1357 4480; x_wconf 85' lang='grc'><strong>69.</strong></span> 
     </span>
    </p>
   </div>
   <div class='ocr_carea' id='block_1_63' title="bbox 355 4535 1927 4607">
    <p class='ocr_par' dir='ltr' id='par_1_63' title="bbox 355 4535 1927 4607">
     <span class='ocr_line' id='line_1_63' title="bbox 355 4535 1927 4607; baseline 0.002 -19"><span class='ocrx_word' id='word_1_455' title='bbox 355 4546 489 4607; x_wconf 62' lang='lat' dir='ltr'><strong>tum,</strong></span> <span class='ocrx_word' id='word_1_456' title='bbox 529 4543 578 4589; x_wconf 88' lang='lat' dir='ltr'><strong>et</strong></span> <span class='ocrx_word' id='word_1_457' title='bbox 601 4535 657 4588; x_wconf 84' lang='lat' dir='ltr'><strong>in</strong></span> <span class='ocrx_word' id='word_1_458' title='bbox 681 4542 861 4605; x_wconf 88' lang='lat' dir='ltr'><strong>partu,</strong></span> <span class='ocrx_word' id='word_1_459' title='bbox 892 4545 942 4590; x_wconf 92' lang='lat' dir='ltr'><strong>et</strong></span> <span class='ocrx_word' id='word_1_460' title='bbox 974 4546 1090 4607; x_wconf 78' lang='lat' dir='ltr'><strong>post</strong></span> <span class='ocrx_word' id='word_1_461' title='bbox 1118 4544 1333 4607; x_wconf 85' lang='lat' dir='ltr'><strong>partum</strong></span> <span class='ocrx_word' id='word_1_462' title='bbox 1358 4539 1529 4607; x_wconf 85' lang='lat' dir='ltr'><strong>Virgo</strong></span> <span class='ocrx_word' id='word_1_463' title='bbox 1569 4539 1927 4607; x_wconf 84' lang='lat' dir='ltr'><strong>permansisti.</strong></span> 
     </span>
    </p>
   </div>
   <div class='ocr_carea' id='block_1_64' title="bbox 357 4604 1929 4675">
    <p class='ocr_par' dir='ltr' id='par_1_64' title="bbox 357 4604 1929 4675">
     <span class='ocr_line' id='line_1_64' title="bbox 357 4604 1929 4675; baseline 0.001 -15"><span class='ocrx_word' id='word_1_464' title='bbox 357 4604 538 4670; x_wconf 84' lang='lat' dir='ltr'><strong>Salve,</strong></span> <span class='ocrx_word' id='word_1_465' title='bbox 566 4604 721 4675; x_wconf 84' lang='lat' dir='ltr'><strong>porta</strong></span> <span class='ocrx_word' id='word_1_466' title='bbox 750 4620 778 4659; x_wconf 87' lang='lat' dir='ltr'><strong>e</strong></span> <span class='ocrx_word' id='word_1_467' title='bbox 803 4604 1344 4675; x_wconf 46' lang='lat' dir='ltr'><strong>portis&#39;sola&#39;clausa,</strong></span> <span class='ocrx_word' id='word_1_468' title='bbox 1373 4616 1422 4659; x_wconf 84' lang='lat' dir='ltr'><strong>et</strong></span> <span class='ocrx_word' id='word_1_469' title='bbox 1448 4604 1929 4662; x_wconf 43' lang='lat' dir='ltr'><strong>sola&#39;ecivitatibus</strong></span> 
     </span>
    </p>
   </div>
   <div class='ocr_carea' id='block_1_65' title="bbox 356 4675 1925 4749">
    <p class='ocr_par' dir='ltr' id='par_1_65' title="bbox 356 4675 1925 4749">
     <span class='ocr_line' id='line_1_65' title="bbox 356 4675 1925 4749; baseline 0.003 -20"><span class='ocrx_word' id='word_1_470' title='bbox 356 4675 819 4749; x_wconf 77' lang='lat' dir='ltr'><strong>munita_turribus_</strong></span> <span class='ocrx_word' id='word_1_471' title='bbox 832 4678 1035 4749; x_wconf 74' lang='lat' dir='ltr'><strong>civitas.</strong></span> <span class='ocrx_word' id='word_1_472' title='bbox 1063 4677 1187 4732; x_wconf 82' lang='lat' dir='ltr'><strong>Vid.</strong></span> <span class='ocrx_word' id='word_1_473' title='bbox 1204 4688 1258 4732; x_wconf 91' lang='lat' dir='ltr'><strong>et</strong></span> <span class='ocrx_word' id='word_1_474' title='bbox 1277 4677 1925 4748; x_wconf 86' lang='lat' dir='ltr'><strong>Pseudo-Thaumaturg.</strong></span> 
     </span>
    </p>
   </div>
   <div class='ocr_carea' id='block_1_66' title="bbox 355 4745 884 4816">
    <p class='ocr_par' dir='ltr' id='par_1_66' title="bbox 355 4745 884 4816">
     <span class='ocr_line' id='line_1_66' title="bbox 355 4745 884 4816; baseline 0.002 -15"><span class='ocrx_word' id='word_1_475' title='bbox 355 4748 526 4816; x_wconf 83' lang='lat' dir='ltr'><strong>serm.</strong></span> <span class='ocrx_word' id='word_1_476' title='bbox 557 4746 770 4816; x_wconf 12' lang='lat' dir='ltr'><strong>5,,pag.</strong></span> <span class='ocrx_word' id='word_1_477' title='bbox 794 4745 884 4802; x_wconf 76' lang='lat'><strong>27.</strong></span> 
     </span>
    </p>
   </div>
   <div class='ocr_carea' id='block_1_67' title="bbox 429 4814 1932 4938">
    <p class='ocr_par' dir='ltr' id='par_1_67' title="bbox 429 4814 1932 4938">
     <span class='ocr_line' id='line_1_67' title="bbox 429 4814 1932 4938; baseline 0.003 -69"><span class='ocrx_word' id='word_1_478' title='bbox 686 4814 987 4886; x_wconf 69' lang='grc' dir='ltr'>ἐνεργείας.</span> <span class='ocrx_word' id='word_1_479' title='bbox 1032 4816 1349 4888; x_wconf 83' lang='lat' dir='ltr'><strong>Legendum</strong></span> <span class='ocrx_word' id='word_1_480' title='bbox 1402 4827 1538 4889; x_wconf 85' lang='lat' dir='ltr'><strong>puto</strong></span> <span class='ocrx_word' id='word_1_481' title='bbox 1582 4818 1747 4874; x_wconf 87' lang='lat' dir='ltr'><strong>unica</strong></span> <span class='ocrx_word' id='word_1_482' title='bbox 1793 4834 1932 4875; x_wconf 84' lang='lat' dir='ltr'><strong>voce</strong></span> 
     </span>
    </p>
   </div>
   <div class='ocr_carea' id='block_1_68' title="bbox 602 4902 690 4949">
    <p class='ocr_par' dir='ltr' id='par_1_68' title="bbox 602 4902 690 4949">
     <span class='ocr_line' id='line_1_68' title="bbox 602 4902 690 4949; baseline 0.011 -1"><span class='ocrx_word' id='word_1_483' title='bbox 602 4902 690 4949; x_wconf 72' lang='grc' dir='ltr'><strong>ας,</strong></span> 
     </span>
    </p>
   </div>
   <div class='ocr_carea' id='block_1_69' title="bbox 387 4884 504 4951">
    <p class='ocr_par' dir='ltr' id='par_1_69' title="bbox 387 4884 504 4951">
     <span class='ocr_line' id='line_1_69' title="bbox 387 4884 504 4951; baseline 0 -13"><span class='ocrx_word' id='word_1_484' title='bbox 387 4884 504 4951; x_wconf 82' lang='grc' dir='ltr'>ξενε</span> 
     </span>
    </p>
   </div>
   <div class='ocr_carea' id='block_1_70' title="bbox 432 4902 1933 5031">
    <p class='ocr_par' dir='ltr' id='par_1_70' title="bbox 432 4902 1933 5031">
     <span class='ocr_line' id='line_1_70' title="bbox 432 4902 690 4949; baseline 0 -11"><span class='ocrx_word' id='word_1_485' title='bbox 432 4902 504 4938; x_wconf 75' lang='grc' dir='ltr'><strong>ινε</strong></span> <span class='ocrx_word' id='word_1_486' title='bbox 584 4902 690 4949; x_wconf 87' lang='grc' dir='ltr'>ιας,</span> 
     </span>
     <span class='ocr_line' id='line_1_71' title="bbox 432 4902 1933 5031; baseline 0.003 -22"><span class='ocrx_word' id='word_1_487' title='bbox 432 4902 639 5031; x_wconf 48' lang='grc' dir='ltr'><strong>(ὅξῖξ.</strong></span> <span class='ocrx_word' id='word_1_488' title='bbox 672 4955 1187 5031; x_wconf 75' lang='lat' dir='ltr'><strong>Basil._Seleucien.</strong></span> <span class='ocrx_word' id='word_1_489' title='bbox 1220 4961 1273 5016; x_wconf 91' lang='lat' dir='ltr'><strong>in</strong></span> <span class='ocrx_word' id='word_1_490' title='bbox 1295 4960 1352 5014; x_wconf 92' lang='lat' dir='ltr'><strong>S.</strong></span> <span class='ocrx_word' id='word_1_491' title='bbox 1382 4961 1600 5031; x_wconf 88' lang='lat' dir='ltr'><strong>Deipar.</strong></span> <span class='ocrx_word' id='word_1_492' title='bbox 1626 4961 1685 5031; x_wconf 91' lang='lat' dir='ltr'><strong>in</strong></span> <span class='ocrx_word' id='word_1_493' title='bbox 1707 4959 1933 5014; x_wconf 83' lang='lat' dir='ltr'><strong>Auctar.</strong></span> 
     </span>
    </p>
   </div>
   <div class='ocr_carea' id='block_1_71' title="bbox 355 5025 1936 5117">
    <p class='ocr_par' dir='ltr' id='par_1_71' title="bbox 355 5025 1936 5117">
     <span class='ocr_line' id='line_1_72' title="bbox 355 5025 1936 5117; baseline 0 0"><span class='ocrx_word' id='word_1_494' title='bbox 355 5025 651 5117; x_wconf 48' lang='lat' dir='ltr'><strong>sese:</strong></span> <span class='ocrx_word' id='word_1_495' title='bbox 850 5028 1067 5117; x_wconf 56' lang='lat'><strong>1:933;</strong></span> <span class='ocrx_word' id='word_1_496' title='bbox 1089 5029 1194 5117; x_wconf 56' lang='grc' dir='ltr'>ξεί</span> <span class='ocrx_word' id='word_1_497' title='bbox 1223 5048 1236 5083; x_wconf 87' lang='lat'><em>=</em></span> <span class='ocrx_word' id='word_1_498' title='bbox 1281 5025 1499 5117; x_wconf 63' lang='grc' dir='ltr'>ῖεπειδι</span> <span class='ocrx_word' id='word_1_499' title='bbox 1518 5031 1642 5094; x_wconf 76' lang='grc' dir='ltr'><strong>ναδς</strong></span> <span class='ocrx_word' id='word_1_500' title='bbox 1668 5030 1936 5117; x_wconf 48' lang='lat' dir='ltr'><strong>meum</strong></span> 
     </span>
    </p>
   </div>
   <div class='ocr_carea' id='block_1_72' title="bbox 354 5095 1937 5172">
    <p class='ocr_par' dir='ltr' id='par_1_72' title="bbox 354 5095 1937 5172">
     <span class='ocr_line' id='line_1_73' title="bbox 354 5095 1937 5172; baseline 0.001 -23"><span class='ocrx_word' id='word_1_501' title='bbox 354 5096 525 5172; x_wconf 56' lang='grc' dir='ltr'>όντως</span> <span class='ocrx_word' id='word_1_502' title='bbox 577 5095 825 5172; x_wconf 72' lang='grc' dir='ltr'>ἀξιόθεος</span> <span class='ocrx_word' id='word_1_503' title='bbox 866 5095 980 5172; x_wconf 57' lang='grc' dir='ltr'>τοῖς</span> <span class='ocrx_word' id='word_1_504' title='bbox 1008 5095 1110 5167; x_wconf 74' lang='grc' dir='ltr'>τῆς</span> <span class='ocrx_word' id='word_1_505' title='bbox 1135 5095 1681 5172; x_wconf 80' lang='grc' dir='ltr'>ἀγνείαςάρώμασιν</span> <span class='ocrx_word' id='word_1_506' title='bbox 1710 5095 1937 5172; x_wconf 53' lang='grc' dir='ltr'>εὐωδιαέ</span> 
     </span>
    </p>
   </div>
   <div class='ocr_carea' id='block_1_73' title="bbox 356 5165 1937 5241">
    <p class='ocr_par' dir='ltr' id='par_1_73' title="bbox 356 5165 1937 5241">
     <span class='ocr_line' id='line_1_74' title="bbox 356 5165 1937 5241; baseline 0.003 -24"><span class='ocrx_word' id='word_1_507' title='bbox 356 5165 608 5241; x_wconf 40' lang='grc' dir='ltr'>ζόμενος..</span> <span class='ocrx_word' id='word_1_508' title='bbox 644 5170 674 5219; x_wconf 85' lang='grc' dir='ltr'><strong>ό</strong></span> <span class='ocrx_word' id='word_1_509' title='bbox 727 5169 999 5241; x_wconf 26' lang='grc' dir='ltr'>μέγαςῌὲλν</span> <span class='ocrx_word' id='word_1_510' title='bbox 1027 5165 1485 5241; x_wconf 31' lang='grc' dir='ltr'>σου-κατοικήσει</span> <span class='ocrx_word' id='word_1_511' title='bbox 1517 5165 1829 5241; x_wconf 75' lang='grc' dir='ltr'>’ἀρχιερεὺς</span> <span class='ocrx_word' id='word_1_512' title='bbox 1860 5209 1874 5230; x_wconf 87' lang='grc'><strong>,</strong></span> <span class='ocrx_word' id='word_1_513' title='bbox 1909 5171 1937 5221; x_wconf 89' lang='grc' dir='ltr'><strong>ὁ</strong></span> 
     </span>
    </p>
   </div>
   <div class='ocr_carea' id='block_1_74' title="bbox 356 5235 1932 5310">
    <p class='ocr_par' dir='ltr' id='par_1_74' title="bbox 356 5235 1932 5310">
     <span class='ocr_line' id='line_1_75' title="bbox 356 5235 1932 5310; baseline 0.004 -24"><span class='ocrx_word' id='word_1_514' title='bbox 544 5235 644 5306; x_wconf 78' lang='grc' dir='ltr'>τὴν</span> <span class='ocrx_word' id='word_1_515' title='bbox 686 5235 841 5310; x_wconf 78' lang='grc' dir='ltr'>τάξιν</span> <span class='ocrx_word' id='word_1_516' title='bbox 870 5237 1235 5310; x_wconf 50' lang='grc' dir='ltr'>Μελχισεδὲκ,</span> <span class='ocrx_word' id='word_1_517' title='bbox 1266 5235 1501 5310; x_wconf 80' lang='grc' dir='ltr'>ἀμήτωρ</span> <span class='ocrx_word' id='word_1_518' title='bbox 1534 5235 1643 5293; x_wconf 66' lang='grc' dir='ltr'><strong>κάῑ</strong></span> <span class='ocrx_word' id='word_1_519' title='bbox 1658 5235 1892 5309; x_wconf 82' lang='grc' dir='ltr'>ἀπάτωρ</span> <span class='ocrx_word' id='word_1_520' title='bbox 1916 5253 1932 5269; x_wconf 80' lang='grc'><strong><em>⁸</em></strong></span> 
     </span>
    </p>
   </div>
   <div class='ocr_carea' id='block_1_75' title="bbox 358 5307 1939 5425">
    <p class='ocr_par' dir='ltr' id='par_1_75' title="bbox 358 5307 1939 5425">
     <span class='ocr_line' id='line_1_76' title="bbox 358 5307 1939 5425; baseline 0.003 -67"><span class='ocrx_word' id='word_1_521' title='bbox 358 5307 589 5425; x_wconf 57' lang='grc' dir='ltr'>ἀμήτοέρ</span> <span class='ocrx_word' id='word_1_522' title='bbox 621 5310 686 5387; x_wconf 66' lang='grc' dir='ltr'><strong>εκ</strong></span> <span class='ocrx_word' id='word_1_523' title='bbox 715 5309 811 5362; x_wconf 86' lang='grc' dir='ltr'><strong>τοῦ</strong></span> <span class='ocrx_word' id='word_1_524' title='bbox 858 5307 994 5361; x_wconf 87' lang='grc' dir='ltr'>Θεοῦ</span> <span class='ocrx_word' id='word_1_525' title='bbox 1042 5309 1251 5378; x_wconf 86' lang='grc' dir='ltr'>Πατρός</span> <span class='ocrx_word' id='word_1_526' title='bbox 1280 5307 1560 5381; x_wconf 79' lang='grc' dir='ltr'>’ἀπάτωρ</span> <span class='ocrx_word' id='word_1_527' title='bbox 1606 5312 1669 5363; x_wconf 81' lang='grc' dir='ltr'>ὲκ</span> <span class='ocrx_word' id='word_1_528' title='bbox 1698 5312 1795 5379; x_wconf 80' lang='grc' dir='ltr'><strong>τῆς</strong></span> <span class='ocrx_word' id='word_1_529' title='bbox 1832 5307 1939 5380; x_wconf 77' lang='grc' dir='ltr'>μη-</span> 
     </span>
     <span class='ocr_line' id='line_1_77' title="bbox 358 5377 1939 5425; baseline 0 0"><span class='ocrx_word' id='word_1_530' title='bbox 358 5377 503 5425; x_wconf 72' lang='grc' dir='ltr'>τοός.</span> <span class='ocrx_word' id='word_1_531' title='bbox 586 5393 673 5425; x_wconf 80' lang='lat' dir='ltr'><strong>um</strong></span> <span class='ocrx_word' id='word_1_532' title='bbox 714 5377 970 5425; x_wconf 72' lang='lat' dir='ltr'><strong>templum</strong></span> <span class='ocrx_word' id='word_1_533' title='bbox 1022 5380 1226 5425; x_wconf 64' lang='lat' dir='ltr'><strong>emisti:</strong></span> <span class='ocrx_word' id='word_1_534' title='bbox 1258 5379 1363 5425; x_wconf 79' lang='lat' dir='ltr'><strong>Dm</strong></span> <span class='ocrx_word' id='word_1_535' title='bbox 1414 5395 1532 5425; x_wconf 69' lang='lat' dir='ltr'><strong>nem</strong></span> <span class='ocrx_word' id='word_1_536' title='bbox 1578 5381 1816 5425; x_wconf 69' lang='lat' dir='ltr'><strong>dianam-</strong></span> <span class='ocrx_word' id='word_1_537' title='bbox 1850 5397 1939 5425; x_wconf 75' lang='lat' dir='ltr'><strong>cn-</strong></span> 
     </span>
    </p>
   </div>
   <div class='ocr_carea' id='block_1_76' title="bbox 358 5393 503 5444">
    <p class='ocr_par' dir='ltr' id='par_1_76' title="bbox 358 5393 503 5444">
     <span class='ocr_line' id='line_1_78' title="bbox 358 5393 503 5444; baseline 0 -16"><span class='ocrx_word' id='word_1_538' title='bbox 358 5393 503 5444; x_wconf 85' lang='grc' dir='ltr'>τρος.</span> 
     </span>
    </p>
   </div>
   <div class='ocr_carea' id='block_1_77' title="bbox 358 5446 1938 5522">
    <p class='ocr_par' dir='ltr' id='par_1_77' title="bbox 358 5446 1938 5522">
     <span class='ocr_line' id='line_1_79' title="bbox 358 5446 1938 5522; baseline 0.004 -23"><span class='ocrx_word' id='word_1_539' title='bbox 358 5446 556 5522; x_wconf 76' lang='lat' dir='ltr'><strong>stitatis</strong></span> <span class='ocrx_word' id='word_1_540' title='bbox 607 5446 934 5522; x_wconf 56' lang='lat' dir='ltr'><strong>mapalibus</strong></span> <span class='ocrx_word' id='word_1_541' title='bbox 985 5448 1112 5522; x_wconf 79' lang='lat' dir='ltr'><strong>bene</strong></span> <span class='ocrx_word' id='word_1_542' title='bbox 1169 5450 1487 5515; x_wconf 85' lang='lat' dir='ltr'><strong>odoratum,</strong></span> <span class='ocrx_word' id='word_1_543' title='bbox 1529 5446 1849 5522; x_wconf 58' lang='lat' dir='ltr'><strong>magnusin</strong></span> <span class='ocrx_word' id='word_1_544' title='bbox 1888 5459 1938 5505; x_wconf 87' lang='lat' dir='ltr'><strong>te</strong></span> 
     </span>
    </p>
   </div>
   <div class='ocr_carea' id='block_1_78' title="bbox 356 5516 1936 5591">
    <p class='ocr_par' dir='ltr' id='par_1_78' title="bbox 356 5516 1936 5591">
     <span class='ocr_line' id='line_1_80' title="bbox 356 5516 1936 5591; baseline 0.002 -20"><span class='ocrx_word' id='word_1_545' title='bbox 356 5516 671 5591; x_wconf 75' lang='lat' dir='ltr'><strong>inhabitabit</strong></span> <span class='ocrx_word' id='word_1_546' title='bbox 695 5518 956 5590; x_wconf 71' lang='lat' dir='ltr'><strong>Pontifex,</strong></span> <span class='ocrx_word' id='word_1_547' title='bbox 983 5520 1074 5591; x_wconf 84' lang='lat' dir='ltr'><strong>qui</strong></span> <span class='ocrx_word' id='word_1_548' title='bbox 1097 5523 1382 5575; x_wconf 81' lang='lat' dir='ltr'><strong>secundum</strong></span> <span class='ocrx_word' id='word_1_549' title='bbox 1406 5516 1645 5575; x_wconf 66' lang='lat' dir='ltr'><strong>ordinent</strong></span> <span class='ocrx_word' id='word_1_550' title='bbox 1670 5521 1936 5575; x_wconf 83' lang='lat' dir='ltr'><strong>Melchise-</strong></span> 
     </span>
    </p>
   </div>
   <div class='ocr_carea' id='block_1_79' title="bbox 359 5587 1938 5660">
    <p class='ocr_par' dir='ltr' id='par_1_79' title="bbox 359 5587 1938 5660">
     <span class='ocr_line' id='line_1_81' title="bbox 359 5587 1938 5660; baseline 0.004 -21"><span class='ocrx_word' id='word_1_551' title='bbox 359 5587 451 5660; x_wconf 70' lang='lat' dir='ltr'><strong>dec</strong></span> <span class='ocrx_word' id='word_1_552' title='bbox 497 5587 613 5640; x_wconf 80' lang='lat' dir='ltr'><strong>sine</strong></span> <span class='ocrx_word' id='word_1_553' title='bbox 673 5587 860 5644; x_wconf 79' lang='lat' dir='ltr'><strong>matre</strong></span> <span class='ocrx_word' id='word_1_554' title='bbox 879 5587 1074 5653; x_wconf 49' lang='grc' dir='ltr'><strong>θεείου</strong></span> <span class='ocrx_word' id='word_1_555' title='bbox 1123 5592 1236 5644; x_wconf 82' lang='lat' dir='ltr'><strong>sine</strong></span> <span class='ocrx_word' id='word_1_556' title='bbox 1267 5600 1421 5660; x_wconf 86' lang='lat' dir='ltr'><strong>patre</strong></span> <span class='ocrx_word' id='word_1_557' title='bbox 1449 5610 1467 5645; x_wconf 89' lang='lat'><strong><em>:</em></strong></span> <span class='ocrx_word' id='word_1_558' title='bbox 1498 5592 1583 5646; x_wconf 74' lang='lat' dir='ltr'><strong>Ex</strong></span> <span class='ocrx_word' id='word_1_559' title='bbox 1621 5591 1730 5645; x_wconf 90' lang='lat' dir='ltr'><strong>Deo</strong></span> <span class='ocrx_word' id='word_1_560' title='bbox 1773 5591 1938 5645; x_wconf 82' lang='lat' dir='ltr'><strong>Patre</strong></span> 
     </span>
    </p>
   </div>
   <div class='ocr_carea' id='block_1_80' title="bbox 356 5658 1932 5732">
    <p class='ocr_par' dir='ltr' id='par_1_80' title="bbox 356 5658 1932 5732">
     <span class='ocr_line' id='line_1_82' title="bbox 356 5658 1932 5732; baseline 0.003 -22"><span class='ocrx_word' id='word_1_561' title='bbox 356 5658 473 5732; x_wconf 75' lang='lat' dir='ltr'><strong>sine</strong></span> <span class='ocrx_word' id='word_1_562' title='bbox 520 5667 735 5732; x_wconf 80' lang='lat' dir='ltr'><strong>matre;</strong></span> <span class='ocrx_word' id='word_1_563' title='bbox 798 5669 971 5732; x_wconf 5' lang='lat' dir='ltr'><strong>exgte</strong></span> <span class='ocrx_word' id='word_1_564' title='bbox 1020 5672 1193 5715; x_wconf 86' lang='lat' dir='ltr'><strong>matre</strong></span> <span class='ocrx_word' id='word_1_565' title='bbox 1255 5658 1369 5715; x_wconf 82' lang='lat' dir='ltr'><strong>sine</strong></span> <span class='ocrx_word' id='word_1_566' title='bbox 1425 5672 1595 5731; x_wconf 80' lang='lat' dir='ltr'><strong>patre.</strong></span> <span class='ocrx_word' id='word_1_567' title='bbox 1631 5661 1690 5732; x_wconf 89' lang='lat' dir='ltr'><strong>S.</strong></span> <span class='ocrx_word' id='word_1_568' title='bbox 1741 5661 1932 5732; x_wconf 83' lang='lat' dir='ltr'><strong>Cyrill.</strong></span> 
     </span>
    </p>
   </div>
   <div class='ocr_carea' id='block_1_81' title="bbox 356 5726 1934 5801">
    <p class='ocr_par' dir='ltr' id='par_1_81' title="bbox 356 5726 1934 5801">
     <span class='ocr_line' id='line_1_83' title="bbox 356 5726 1934 5801; baseline 0 -19"><span class='ocrx_word' id='word_1_569' title='bbox 356 5726 655 5801; x_wconf 73' lang='lat' dir='ltr'><strong>Alexandr.</strong></span> <span class='ocrx_word' id='word_1_570' title='bbox 697 5737 831 5783; x_wconf 90' lang='lat' dir='ltr'><strong>tom.</strong></span> <span class='ocrx_word' id='word_1_571' title='bbox 856 5730 919 5785; x_wconf 75' lang='grc' dir='ltr'><strong>ν.</strong></span> <span class='ocrx_word' id='word_1_572' title='bbox 944 5741 1084 5801; x_wconf 80' lang='lat' dir='ltr'><strong>part.</strong></span> <span class='ocrx_word' id='word_1_573' title='bbox 1119 5748 1175 5795; x_wconf 86' lang='grc' dir='ltr'><strong>ιι,</strong></span> <span class='ocrx_word' id='word_1_574' title='bbox 1222 5726 1454 5787; x_wconf 72' lang='grc' dir='ltr'>Ειιοοιιι.</span> <span class='ocrx_word' id='word_1_575' title='bbox 1518 5734 1571 5786; x_wconf 91' lang='lat' dir='ltr'><strong>in</strong></span> <span class='ocrx_word' id='word_1_576' title='bbox 1620 5731 1678 5786; x_wconf 83' lang='lat' dir='ltr'><strong>S.</strong></span> <span class='ocrx_word' id='word_1_577' title='bbox 1711 5726 1934 5784; x_wconf 66' lang='lat' dir='ltr'><strong>Mariam</strong></span> 
     </span>
    </p>
   </div>
   <div class='ocr_carea' id='block_1_82' title="bbox 364 5797 1932 5870">
    <p class='ocr_par' dir='ltr' id='par_1_82' title="bbox 364 5797 1932 5870">
     <span class='ocr_line' id='line_1_84' title="bbox 364 5797 1932 5870; baseline 0.001 -22"><span class='ocrx_word' id='word_1_578' title='bbox 364 5797 579 5865; x_wconf 68' lang='lat' dir='ltr'><strong>lleipar.</strong></span> <span class='ocrx_word' id='word_1_579' title='bbox 607 5815 733 5870; x_wconf 69' lang='lat' dir='ltr'><strong>pag.</strong></span> <span class='ocrx_word' id='word_1_580' title='bbox 754 5801 875 5855; x_wconf 77' lang='lat'><strong>380.</strong></span> <span class='ocrx_word' id='word_1_581' title='bbox 904 5797 1152 5870; x_wconf 68' lang='grc' dir='ltr'>Χαίροις,</span> <span class='ocrx_word' id='word_1_582' title='bbox 1183 5804 1390 5870; x_wconf 80' lang='grc' dir='ltr'>Μαρία,</span> <span class='ocrx_word' id='word_1_583' title='bbox 1418 5805 1444 5854; x_wconf 79' lang='grc' dir='ltr'>ὁ</span> <span class='ocrx_word' id='word_1_584' title='bbox 1472 5803 1932 5864; x_wconf 72' lang='grc' dir='ltr'>κατάλυτοςναὸς,</span> 
     </span>
    </p>
   </div>
   <div class='ocr_carea' id='block_1_83' title="bbox 369 5868 1937 5941">
    <p class='ocr_par' dir='ltr' id='par_1_83' title="bbox 369 5868 1937 5941">
     <span class='ocr_line' id='line_1_85' title="bbox 369 5868 1937 5941; baseline 0.006 -27"><span class='ocrx_word' id='word_1_585' title='bbox 369 5872 567 5933; x_wconf 56' lang='grc' dir='ltr'>μᾶλλον</span> <span class='ocrx_word' id='word_1_586' title='bbox 600 5868 657 5921; x_wconf 78' lang='grc' dir='ltr'><strong>δὲ</strong></span> <span class='ocrx_word' id='word_1_587' title='bbox 691 5870 866 5938; x_wconf 69' lang='grc' dir='ltr'>ἅγιος,</span> <span class='ocrx_word' id='word_1_588' title='bbox 908 5868 1085 5935; x_wconf 75' lang='grc' dir='ltr'>καθὼς</span> <span class='ocrx_word' id='word_1_589' title='bbox 1121 5873 1215 5941; x_wconf 66' lang='grc' dir='ltr'><strong>βοᾷ</strong></span> <span class='ocrx_word' id='word_1_590' title='bbox 1248 5868 1289 5924; x_wconf 37' lang='grc' dir='ltr'>ό-</span> <span class='ocrx_word' id='word_1_591' title='bbox 1316 5875 1597 5941; x_wconf 54' lang='grc' dir='ltr'>προφήτης</span> <span class='ocrx_word' id='word_1_592' title='bbox 1647 5872 1810 5924; x_wconf 71' lang='grc' dir='ltr'>Δαϐὶδ</span> <span class='ocrx_word' id='word_1_593' title='bbox 1856 5872 1937 5924; x_wconf 72' lang='grc' dir='ltr'>λέ-</span> 
     </span>
    </p>
   </div>
   <div class='ocr_carea' id='block_1_84' title="bbox 586 5377 1941 5449">
    <p class='ocr_par' dir='ltr' id='par_1_84' title="bbox 586 5377 1941 5449">
     <span class='ocr_line' id='line_1_86' title="bbox 586 5377 1941 5449; baseline 0.003 -20"><span class='ocrx_word' id='word_1_594' title='bbox 586 5377 673 5430; x_wconf 85' lang='lat' dir='ltr'><strong>uia</strong></span> <span class='ocrx_word' id='word_1_595' title='bbox 714 5377 1226 5449; x_wconf 10' lang='lat' dir='ltr'><strong>templumrexsistis</strong></span> <span class='ocrx_word' id='word_1_596' title='bbox 1255 5379 1363 5433; x_wconf 89' lang='lat' dir='ltr'><strong>Deo</strong></span> <span class='ocrx_word' id='word_1_597' title='bbox 1414 5377 1538 5433; x_wconf 76' lang='lat' dir='ltr'><strong>vere</strong></span> <span class='ocrx_word' id='word_1_598' title='bbox 1578 5377 1941 5449; x_wconf 47' lang='lat' dir='ltr'><strong>dignantu-</strong></span> 
     </span>
    </p>
   </div>
   <div class='ocr_carea' id='block_1_85' title="bbox 2038 1984 3625 2060">
    <p class='ocr_par' dir='ltr' id='par_1_85' title="bbox 2038 1984 3625 2060">
     <span class='ocr_line' id='line_1_87' title="bbox 2038 1984 3625 2060; baseline -0.006 -14"><span class='ocrx_word' id='word_1_599' title='bbox 2038 1988 2563 2060; x_wconf 89' lang='lat' dir='ltr'><strong>comprehensibilis</strong></span> <span class='ocrx_word' id='word_1_600' title='bbox 2612 1987 2880 2044; x_wconf 87' lang='lat' dir='ltr'><strong>Altissimi</strong></span> <span class='ocrx_word' id='word_1_601' title='bbox 2932 1987 3238 2056; x_wconf 82' lang='lat' dir='ltr'><strong>templum;</strong></span> <span class='ocrx_word' id='word_1_602' title='bbox 3298 1984 3354 2038; x_wconf 89' lang='lat' dir='ltr'><strong>in</strong></span> <span class='ocrx_word' id='word_1_603' title='bbox 3386 1999 3499 2054; x_wconf 89' lang='lat' dir='ltr'><strong>quo</strong></span> <span class='ocrx_word' id='word_1_604' title='bbox 3540 1985 3625 2038; x_wconf 83' lang='lat' dir='ltr'><strong>in-</strong></span> 
     </span>
    </p>
   </div>
   <div class='ocr_carea' id='block_1_86' title="bbox 2037 2076 3620 2150">
    <p class='ocr_par' dir='ltr' id='par_1_86' title="bbox 2037 2076 3620 2150">
     <span class='ocr_line' id='line_1_88' title="bbox 2037 2076 3620 2150; baseline -0.004 -14"><span class='ocrx_word' id='word_1_605' title='bbox 2037 2092 2220 2136; x_wconf 88' lang='lat' dir='ltr'><strong>creata</strong></span> <span class='ocrx_word' id='word_1_606' title='bbox 2240 2090 2296 2137; x_wconf 91' lang='lat' dir='ltr'><strong>et</strong></span> <span class='ocrx_word' id='word_1_607' title='bbox 2319 2082 2636 2136; x_wconf 85' lang='lat' dir='ltr'><strong>subsistens</strong></span> <span class='ocrx_word' id='word_1_608' title='bbox 2657 2079 2937 2150; x_wconf 86' lang='lat' dir='ltr'><strong>Sapientia</strong></span> <span class='ocrx_word' id='word_1_609' title='bbox 2952 2078 3050 2133; x_wconf 89' lang='lat' dir='ltr'><strong>Dei</strong></span> <span class='ocrx_word' id='word_1_610' title='bbox 3072 2078 3250 2133; x_wconf 85' lang='lat' dir='ltr'><strong>Patris</strong></span> <span class='ocrx_word' id='word_1_611' title='bbox 3268 2076 3620 2138; x_wconf 86' lang='lat' dir='ltr'><strong>inhabitavit,</strong></span> 
     </span>
    </p>
   </div>
   <div class='ocr_carea' id='block_1_87' title="bbox 2038 2166 3623 2243">
    <p class='ocr_par' dir='ltr' id='par_1_87' title="bbox 2038 2166 3623 2243">
     <span class='ocr_line' id='line_1_89' title="bbox 2038 2166 3623 2243; baseline -0.004 -15"><span class='ocrx_word' id='word_1_612' title='bbox 2038 2175 2242 2243; x_wconf 86' lang='lat' dir='ltr'><strong>suique</strong></span> <span class='ocrx_word' id='word_1_613' title='bbox 2275 2174 2531 2243; x_wconf 86' lang='lat' dir='ltr'><strong>corporis</strong></span> <span class='ocrx_word' id='word_1_614' title='bbox 2566 2173 2829 2242; x_wconf 86' lang='lat' dir='ltr'><strong>templum</strong></span> <span class='ocrx_word' id='word_1_615' title='bbox 2850 2170 3109 2226; x_wconf 86' lang='lat' dir='ltr'><strong>Christus</strong></span> <span class='ocrx_word' id='word_1_616' title='bbox 3134 2170 3281 2224; x_wconf 88' lang='lat' dir='ltr'><strong>Deus</strong></span> <span class='ocrx_word' id='word_1_617' title='bbox 3307 2166 3623 2233; x_wconf 63' lang='lat' dir='ltr'><strong>mdiﬁcavit;</strong></span> 
     </span>
    </p>
   </div>
   <div class='ocr_carea' id='block_1_88' title="bbox 2036 2260 3621 2336">
    <p class='ocr_par' dir='ltr' id='par_1_88' title="bbox 2036 2260 3621 2336">
     <span class='ocr_line' id='line_1_90' title="bbox 2036 2260 3621 2336; baseline -0.004 -17"><span class='ocrx_word' id='word_1_618' title='bbox 2036 2267 2131 2335; x_wconf 90' lang='lat' dir='ltr'><strong>qui</strong></span> <span class='ocrx_word' id='word_1_619' title='bbox 2159 2282 2314 2321; x_wconf 89' lang='lat' dir='ltr'><strong>suam</strong></span> <span class='ocrx_word' id='word_1_620' title='bbox 2351 2266 2406 2320; x_wconf 92' lang='lat' dir='ltr'><strong>in</strong></span> <span class='ocrx_word' id='word_1_621' title='bbox 2443 2274 2496 2321; x_wconf 91' lang='lat' dir='ltr'><strong>te</strong></span> <span class='ocrx_word' id='word_1_622' title='bbox 2521 2266 2769 2336; x_wconf 89' lang='lat' dir='ltr'><strong>requiem</strong></span> <span class='ocrx_word' id='word_1_623' title='bbox 2798 2264 2865 2318; x_wconf 87' lang='lat' dir='ltr'><strong>ad</strong></span> <span class='ocrx_word' id='word_1_624' title='bbox 2918 2261 3166 2317; x_wconf 87' lang='lat' dir='ltr'><strong>universi</strong></span> <span class='ocrx_word' id='word_1_625' title='bbox 3200 2261 3433 2317; x_wconf 85' lang='lat' dir='ltr'><strong>salutem</strong></span> <span class='ocrx_word' id='word_1_626' title='bbox 3463 2260 3621 2314; x_wconf 87' lang='lat' dir='ltr'><strong>inve-</strong></span> 
     </span>
    </p>
   </div>
   <div class='ocr_carea' id='block_1_89' title="bbox 2035 2352 3622 2428">
    <p class='ocr_par' dir='ltr' id='par_1_89' title="bbox 2035 2352 3622 2428">
     <span class='ocr_line' id='line_1_91' title="bbox 2035 2352 3622 2428; baseline -0.004 -16"><span class='ocrx_word' id='word_1_627' title='bbox 2035 2358 2152 2424; x_wconf 90' lang='lat' dir='ltr'><strong>nit;</strong></span> <span class='ocrx_word' id='word_1_628' title='bbox 2188 2367 2352 2428; x_wconf 87' lang='lat' dir='ltr'><strong>teque</strong></span> <span class='ocrx_word' id='word_1_629' title='bbox 2404 2357 2512 2413; x_wconf 88' lang='lat' dir='ltr'><strong>sibi</strong></span> <span class='ocrx_word' id='word_1_630' title='bbox 2556 2357 2894 2426; x_wconf 84' lang='lat' dir='ltr'><strong>complacuit</strong></span> <span class='ocrx_word' id='word_1_631' title='bbox 2940 2355 3007 2409; x_wconf 91' lang='lat' dir='ltr'><strong>ad</strong></span> <span class='ocrx_word' id='word_1_632' title='bbox 3040 2364 3301 2409; x_wconf 66' lang='lat' dir='ltr'><strong>aaternam</strong></span> <span class='ocrx_word' id='word_1_633' title='bbox 3327 2361 3385 2407; x_wconf 90' lang='lat' dir='ltr'><strong>et</strong></span> <span class='ocrx_word' id='word_1_634' title='bbox 3413 2352 3622 2423; x_wconf 87' lang='lat' dir='ltr'><strong>glorio-</strong></span> 
     </span>
    </p>
   </div>
   <div class='ocr_carea' id='block_1_90' title="bbox 2036 2443 3621 2516">
    <p class='ocr_par' dir='ltr' id='par_1_90' title="bbox 2036 2443 3621 2516">
     <span class='ocr_line' id='line_1_92' title="bbox 2036 2443 3621 2516; baseline -0.003 -13"><span class='ocrx_word' id='word_1_635' title='bbox 2036 2447 2311 2503; x_wconf 90' lang='lat' dir='ltr'><strong>sissimam</strong></span> <span class='ocrx_word' id='word_1_636' title='bbox 2370 2448 2456 2503; x_wconf 90' lang='lat' dir='ltr'><strong>sui</strong></span> <span class='ocrx_word' id='word_1_637' title='bbox 2485 2447 2737 2516; x_wconf 90' lang='lat' dir='ltr'><strong>requiem</strong></span> <span class='ocrx_word' id='word_1_638' title='bbox 2774 2460 3079 2500; x_wconf 86' lang='lat' dir='ltr'><strong>assumere.</strong></span> <span class='ocrx_word' id='word_1_639' title='bbox 3111 2444 3247 2509; x_wconf 86' lang='lat' dir='ltr'><strong>Ave,</strong></span> <span class='ocrx_word' id='word_1_640' title='bbox 3272 2443 3621 2498; x_wconf 86' lang='lat' dir='ltr'><strong>sanctissima</strong></span> 
     </span>
    </p>
   </div>
   <div class='ocr_carea' id='block_1_91' title="bbox 2037 2536 3623 2610">
    <p class='ocr_par' dir='ltr' id='par_1_91' title="bbox 2037 2536 3623 2610">
     <span class='ocr_line' id='line_1_93' title="bbox 2037 2536 3623 2610; baseline -0.003 -17"><span class='ocrx_word' id='word_1_641' title='bbox 2037 2539 2290 2610; x_wconf 86' lang='lat' dir='ltr'><strong>Deipara,</strong></span> <span class='ocrx_word' id='word_1_642' title='bbox 2324 2538 2475 2609; x_wconf 88' lang='lat' dir='ltr'><strong>quod</strong></span> <span class='ocrx_word' id='word_1_643' title='bbox 2531 2554 2626 2592; x_wconf 89' lang='lat' dir='ltr'><strong>rex</strong></span> <span class='ocrx_word' id='word_1_644' title='bbox 2661 2537 2849 2609; x_wconf 72' lang='lat' dir='ltr'><strong>gloria:</strong></span> <span class='ocrx_word' id='word_1_645' title='bbox 2885 2536 3151 2590; x_wconf 90' lang='lat' dir='ltr'><strong>Dominus</strong></span> <span class='ocrx_word' id='word_1_646' title='bbox 3197 2536 3375 2601; x_wconf 89' lang='lat' dir='ltr'><strong>Jesus,</strong></span> <span class='ocrx_word' id='word_1_647' title='bbox 3406 2550 3533 2590; x_wconf 88' lang='lat' dir='ltr'><strong>cum</strong></span> <span class='ocrx_word' id='word_1_648' title='bbox 3565 2543 3623 2589; x_wconf 81' lang='lat' dir='ltr'><strong>te</strong></span> 
     </span>
    </p>
   </div>
   <div class='ocr_carea' id='block_1_92' title="bbox 2034 2627 3621 2703">
    <p class='ocr_par' dir='ltr' id='par_1_92' title="bbox 2034 2627 3621 2703">
     <span class='ocr_line' id='line_1_94' title="bbox 2034 2627 3621 2703; baseline -0.003 -16"><span class='ocrx_word' id='word_1_649' title='bbox 2034 2632 2315 2703; x_wconf 82' lang='lat' dir='ltr'><strong>elegisset,</strong></span> <span class='ocrx_word' id='word_1_650' title='bbox 2357 2640 2418 2685; x_wconf 90' lang='lat' dir='ltr'><strong>ut</strong></span> <span class='ocrx_word' id='word_1_651' title='bbox 2438 2647 2604 2701; x_wconf 90' lang='lat' dir='ltr'><strong>supra</strong></span> <span class='ocrx_word' id='word_1_652' title='bbox 2642 2640 2846 2684; x_wconf 90' lang='lat' dir='ltr'><strong>terram</strong></span> <span class='ocrx_word' id='word_1_653' title='bbox 2881 2643 3034 2685; x_wconf 86' lang='lat' dir='ltr'><strong>esses</strong></span> <span class='ocrx_word' id='word_1_654' title='bbox 3065 2628 3354 2697; x_wconf 84' lang='lat' dir='ltr'><strong>spirituale</strong></span> <span class='ocrx_word' id='word_1_655' title='bbox 3382 2627 3505 2703; x_wconf 69' lang='lat' dir='ltr'><strong>ejus</strong></span> <span class='ocrx_word' id='word_1_656' title='bbox 3527 2642 3621 2682; x_wconf 83' lang='lat' dir='ltr'><strong>re-</strong></span> 
     </span>
    </p>
   </div>
   <div class='ocr_carea' id='block_1_93' title="bbox 2035 2715 3624 2792">
    <p class='ocr_par' dir='ltr' id='par_1_93' title="bbox 2035 2715 3624 2792">
     <span class='ocr_line' id='line_1_95' title="bbox 2035 2715 3624 2792; baseline -0.004 -16"><span class='ocrx_word' id='word_1_657' title='bbox 2035 2736 2227 2792; x_wconf 89' lang='lat' dir='ltr'><strong>gnum,</strong></span> <span class='ocrx_word' id='word_1_658' title='bbox 2259 2736 2324 2777; x_wconf 90' lang='lat' dir='ltr'><strong>ac</strong></span> <span class='ocrx_word' id='word_1_659' title='bbox 2354 2736 2453 2791; x_wconf 89' lang='lat' dir='ltr'><strong>per</strong></span> <span class='ocrx_word' id='word_1_660' title='bbox 2505 2728 2558 2778; x_wconf 89' lang='lat' dir='ltr'><strong>te</strong></span> <span class='ocrx_word' id='word_1_661' title='bbox 2592 2718 2818 2774; x_wconf 72' lang='lat' dir='ltr'><strong>cmleste</strong></span> <span class='ocrx_word' id='word_1_662' title='bbox 2854 2733 3016 2771; x_wconf 91' lang='lat' dir='ltr'><strong>suum</strong></span> <span class='ocrx_word' id='word_1_663' title='bbox 3046 2731 3275 2787; x_wconf 87' lang='lat' dir='ltr'><strong>regnum</strong></span> <span class='ocrx_word' id='word_1_664' title='bbox 3321 2715 3489 2772; x_wconf 70' lang='lat' dir='ltr'><strong>nobis</strong></span> <span class='ocrx_word' id='word_1_665' title='bbox 3522 2715 3624 2770; x_wconf 88' lang='lat' dir='ltr'><strong>do-</strong></span> 
     </span>
    </p>
   </div>
   <div class='ocr_carea' id='block_1_94' title="bbox 2036 2805 3624 2882">
    <p class='ocr_par' dir='ltr' id='par_1_94' title="bbox 2036 2805 3624 2882">
     <span class='ocr_line' id='line_1_96' title="bbox 2036 2805 3624 2882; baseline -0.004 -15"><span class='ocrx_word' id='word_1_666' title='bbox 2036 2823 2246 2879; x_wconf 90' lang='lat' dir='ltr'><strong>nasset,</strong></span> <span class='ocrx_word' id='word_1_667' title='bbox 2276 2814 2335 2866; x_wconf 90' lang='lat' dir='ltr'><strong>in</strong></span> <span class='ocrx_word' id='word_1_668' title='bbox 2369 2810 2436 2866; x_wconf 75' lang='lat' dir='ltr'><strong>ed</strong></span> <span class='ocrx_word' id='word_1_669' title='bbox 2459 2810 2627 2882; x_wconf 86' lang='lat' dir='ltr'><strong>jussit</strong></span> <span class='ocrx_word' id='word_1_670' title='bbox 2655 2818 2707 2864; x_wconf 92' lang='lat' dir='ltr'><strong>te</strong></span> <span class='ocrx_word' id='word_1_671' title='bbox 2733 2809 2788 2863; x_wconf 92' lang='lat' dir='ltr'><strong>in</strong></span> <span class='ocrx_word' id='word_1_672' title='bbox 2820 2806 3353 2877; x_wconf 77' lang='lat' dir='ltr'><strong>incorruptibilitate&#39;</strong></span> <span class='ocrx_word' id='word_1_673' title='bbox 3369 2805 3624 2876; x_wconf 91' lang='lat' dir='ltr'><strong>corporis</strong></span> 
     </span>
    </p>
   </div>
   <div class='ocr_carea' id='block_1_95' title="bbox 2038 2900 3623 2971">
    <p class='ocr_par' dir='ltr' id='par_1_95' title="bbox 2038 2900 3623 2971">
     <span class='ocr_line' id='line_1_97' title="bbox 2038 2900 3623 2971; baseline -0.006 -10"><span class='ocrx_word' id='word_1_674' title='bbox 2038 2920 2226 2961; x_wconf 86' lang='lat' dir='ltr'><strong>secum</strong></span> <span class='ocrx_word' id='word_1_675' title='bbox 2257 2918 2380 2958; x_wconf 89' lang='lat' dir='ltr'><strong>esse</strong></span> <span class='ocrx_word' id='word_1_676' title='bbox 2434 2909 2776 2966; x_wconf 85' lang='lat' dir='ltr'><strong>consortem,</strong></span> <span class='ocrx_word' id='word_1_677' title='bbox 2834 2911 2891 2954; x_wconf 90' lang='lat' dir='ltr'><strong>et</strong></span> <span class='ocrx_word' id='word_1_678' title='bbox 2925 2914 3124 2955; x_wconf 89' lang='lat' dir='ltr'><strong>omnes</strong></span> <span class='ocrx_word' id='word_1_679' title='bbox 3152 2900 3326 2970; x_wconf 87' lang='lat' dir='ltr'><strong>gloria</strong></span> <span class='ocrx_word' id='word_1_680' title='bbox 3360 2912 3623 2971; x_wconf 84' lang='lat' dir='ltr'><strong>superare</strong></span> 
     </span>
    </p>
   </div>
   <div class='ocr_carea' id='block_1_96' title="bbox 2039 2991 3623 3065">
    <p class='ocr_par' dir='ltr' id='par_1_96' title="bbox 2039 2991 3623 3065">
     <span class='ocr_line' id='line_1_98' title="bbox 2039 2991 3623 3065; baseline -0.004 -15"><span class='ocrx_word' id='word_1_681' title='bbox 2039 2995 2106 3051; x_wconf 89' lang='lat' dir='ltr'><strong>ad</strong></span> <span class='ocrx_word' id='word_1_682' title='bbox 2138 2996 2225 3050; x_wconf 92' lang='lat' dir='ltr'><strong>sui</strong></span> <span class='ocrx_word' id='word_1_683' title='bbox 2264 2994 2442 3050; x_wconf 87' lang='lat' dir='ltr'><strong>Patris</strong></span> <span class='ocrx_word' id='word_1_684' title='bbox 2467 3002 2527 3048; x_wconf 89' lang='lat' dir='ltr'><strong>et</strong></span> <span class='ocrx_word' id='word_1_685' title='bbox 2564 2992 2809 3065; x_wconf 82' lang='lat' dir='ltr'><strong>Spiritus</strong></span> <span class='ocrx_word' id='word_1_686' title='bbox 2838 2992 3013 3047; x_wconf 85' lang='lat' dir='ltr'><strong>sancti</strong></span> <span class='ocrx_word' id='word_1_687' title='bbox 3054 2991 3307 3060; x_wconf 85' lang='lat' dir='ltr'><strong>gloriam.</strong></span> <span class='ocrx_word' id='word_1_688' title='bbox 3336 2994 3471 3061; x_wconf 88' lang='lat' dir='ltr'><strong>Ave,</strong></span> <span class='ocrx_word' id='word_1_689' title='bbox 3490 3005 3623 3060; x_wconf 86' lang='lat' dir='ltr'><strong>per-</strong></span> 
     </span>
    </p>
   </div>
   <div class='ocr_carea' id='block_1_97' title="bbox 2039 3084 3623 3159">
    <p class='ocr_par' dir='ltr' id='par_1_97' title="bbox 2039 3084 3623 3159">
     <span class='ocr_line' id='line_1_99' title="bbox 2039 3084 3623 3159; baseline -0.006 -15"><span class='ocrx_word' id='word_1_690' title='bbox 2039 3098 2269 3159; x_wconf 92' lang='lat' dir='ltr'><strong>petuum</strong></span> <span class='ocrx_word' id='word_1_691' title='bbox 2297 3097 2355 3143; x_wconf 90' lang='lat' dir='ltr'><strong>et</strong></span> <span class='ocrx_word' id='word_1_692' title='bbox 2394 3088 2647 3143; x_wconf 88' lang='lat' dir='ltr'><strong>divinum</strong></span> <span class='ocrx_word' id='word_1_693' title='bbox 2669 3102 2863 3142; x_wconf 89' lang='lat' dir='ltr'><strong>eorum</strong></span> <span class='ocrx_word' id='word_1_694' title='bbox 2892 3084 3182 3142; x_wconf 82' lang='lat' dir='ltr'><strong>auxilium.</strong></span> <span class='ocrx_word' id='word_1_695' title='bbox 3216 3085 3310 3152; x_wconf 91' lang='lat' dir='ltr'><strong>qui</strong></span> <span class='ocrx_word' id='word_1_696' title='bbox 3334 3084 3421 3153; x_wconf 89' lang='lat' dir='ltr'><strong>pie</strong></span> <span class='ocrx_word' id='word_1_697' title='bbox 3447 3084 3623 3138; x_wconf 87' lang='lat' dir='ltr'><strong>Deum</strong></span> 
     </span>
    </p>
   </div>
   <div class='ocr_carea' id='block_1_98' title="bbox 2043 3177 3729 3253">
    <p class='ocr_par' dir='ltr' id='par_1_98' title="bbox 2043 3177 3729 3253">
     <span class='ocr_line' id='line_1_100' title="bbox 2043 3177 3729 3253; baseline -0.004 -16"><span class='ocrx_word' id='word_1_698' title='bbox 2043 3183 2268 3248; x_wconf 88' lang='lat' dir='ltr'><strong>colunt,</strong></span> <span class='ocrx_word' id='word_1_699' title='bbox 2299 3197 2366 3237; x_wconf 83' lang='lat' dir='ltr'><strong>ex</strong></span> <span class='ocrx_word' id='word_1_700' title='bbox 2397 3197 2505 3253; x_wconf 88' lang='lat' dir='ltr'><strong>qua</strong></span> <span class='ocrx_word' id='word_1_701' title='bbox 2545 3180 2807 3237; x_wconf 86' lang='lat' dir='ltr'><strong>Christus</strong></span> <span class='ocrx_word' id='word_1_702' title='bbox 2836 3190 3030 3235; x_wconf 91' lang='lat' dir='ltr'><strong>nostro</strong></span> <span class='ocrx_word' id='word_1_703' title='bbox 3055 3178 3246 3248; x_wconf 81' lang='lat' dir='ltr'><strong>generi</strong></span> <span class='ocrx_word' id='word_1_704' title='bbox 3279 3194 3438 3248; x_wconf 86' lang='lat' dir='ltr'><strong>opem</strong></span> <span class='ocrx_word' id='word_1_705' title='bbox 3473 3177 3623 3242; x_wconf 83' lang='lat' dir='ltr'><strong>tulit,</strong></span> <span class='ocrx_word' id='word_1_706' title='bbox 3726 3248 3729 3249; x_wconf 15' lang='grc' dir='ltr'><em>ν</em></span> 
     </span>
    </p>
   </div>
   <div class='ocr_carea' id='block_1_99' title="bbox 2051 3269 3627 3335">
    <p class='ocr_par' dir='ltr' id='par_1_99' title="bbox 2051 3269 3627 3335">
     <span class='ocr_line' id='line_1_101' title="bbox 2051 3269 3627 3335; baseline -0.002 -9"><span class='ocrx_word' id='word_1_707' title='bbox 2051 3295 2068 3326; x_wconf 85' lang='grc' dir='ltr'><strong>ι</strong></span> <span class='ocrx_word' id='word_1_708' title='bbox 2106 3276 2175 3330; x_wconf 90' lang='lat' dir='ltr'><strong>Et</strong></span> <span class='ocrx_word' id='word_1_709' title='bbox 2204 3275 2382 3330; x_wconf 78' lang='lat' dir='ltr'><strong>erexit</strong></span> <span class='ocrx_word' id='word_1_710' title='bbox 2433 3289 2609 3329; x_wconf 91' lang='lat' dir='ltr'><strong>cornu</strong></span> <span class='ocrx_word' id='word_1_711' title='bbox 2663 3272 2856 3329; x_wconf 89' lang='lat' dir='ltr'><strong>salutis</strong></span> <span class='ocrx_word' id='word_1_712' title='bbox 2902 3271 3066 3326; x_wconf 88' lang='lat' dir='ltr'><strong>nobis</strong></span> <span class='ocrx_word' id='word_1_713' title='bbox 3094 3271 3163 3335; x_wconf 79' lang='lat'><strong>&quot;,</strong></span> <span class='ocrx_word' id='word_1_714' title='bbox 3207 3290 3224 3321; x_wconf 84' lang='grc' dir='ltr'><strong>ι</strong></span> <span class='ocrx_word' id='word_1_715' title='bbox 3262 3279 3327 3324; x_wconf 91' lang='lat' dir='ltr'><strong>ut</strong></span> <span class='ocrx_word' id='word_1_716' title='bbox 3371 3269 3627 3324; x_wconf 84' lang='lat' dir='ltr'><strong>veritatis</strong></span> 
     </span>
    </p>
   </div>
   <div class='ocr_carea' id='block_1_100' title="bbox 2040 3361 3623 3435">
    <p class='ocr_par' dir='ltr' id='par_1_100' title="bbox 2040 3361 3623 3435">
     <span class='ocr_line' id='line_1_102' title="bbox 2040 3361 3623 3435; baseline -0.005 -13"><span class='ocrx_word' id='word_1_717' title='bbox 2040 3382 2156 3422; x_wconf 71' lang='lat' dir='ltr'><strong>sua:</strong></span> <span class='ocrx_word' id='word_1_718' title='bbox 2218 3367 2452 3421; x_wconf 90' lang='lat' dir='ltr'><strong>verbum</strong></span> <span class='ocrx_word' id='word_1_719' title='bbox 2511 3365 2774 3421; x_wconf 86' lang='lat' dir='ltr'><strong>omnibus</strong></span> <span class='ocrx_word' id='word_1_720' title='bbox 2829 3364 3088 3435; x_wconf 87' lang='lat' dir='ltr'><strong>gentibus</strong></span> <span class='ocrx_word' id='word_1_721' title='bbox 3152 3361 3623 3417; x_wconf 82' lang='lat' dir='ltr'><strong>annuntiaremus.</strong></span> 
     </span>
    </p>
   </div>
   <div class='ocr_carea' id='block_1_101' title="bbox 2038 3455 3631 3529">
    <p class='ocr_par' dir='ltr' id='par_1_101' title="bbox 2038 3455 3631 3529">
     <span class='ocr_line' id='line_1_103' title="bbox 2038 3455 3631 3529; baseline -0.003 -16"><span class='ocrx_word' id='word_1_722' title='bbox 2038 3459 2321 3529; x_wconf 86' lang='lat' dir='ltr'><strong>Quotquot</strong></span> <span class='ocrx_word' id='word_1_723' title='bbox 2350 3459 2498 3513; x_wconf 91' lang='lat' dir='ltr'><strong>enim</strong></span> <span class='ocrx_word' id='word_1_724' title='bbox 2524 3467 2575 3513; x_wconf 88' lang='lat' dir='ltr'><strong>te</strong></span> <span class='ocrx_word' id='word_1_725' title='bbox 2621 3458 2718 3511; x_wconf 87' lang='lat' dir='ltr'><strong>Dei</strong></span> <span class='ocrx_word' id='word_1_726' title='bbox 2761 3456 3096 3512; x_wconf 87' lang='lat' dir='ltr'><strong>Gcnitricem</strong></span> <span class='ocrx_word' id='word_1_727' title='bbox 3140 3455 3497 3519; x_wconf 77' lang='lat' dir='ltr'><strong>conﬁtentur,</strong></span> <span class='ocrx_word' id='word_1_728' title='bbox 3528 3468 3631 3509; x_wconf 81' lang='lat' dir='ltr'><strong>eos</strong></span> 
     </span>
    </p>
   </div>
   <div class='ocr_carea' id='block_1_102' title="bbox 2038 3544 3629 3616">
    <p class='ocr_par' dir='ltr' id='par_1_102' title="bbox 2038 3544 3629 3616">
     <span class='ocr_line' id='line_1_104' title="bbox 2038 3544 3629 3616; baseline -0.004 -10"><span class='ocrx_word' id='word_1_729' title='bbox 2038 3568 2233 3607; x_wconf 84' lang='lat' dir='ltr'><strong>revera</strong></span> <span class='ocrx_word' id='word_1_730' title='bbox 2256 3552 2324 3605; x_wconf 91' lang='lat' dir='ltr'><strong>ab</strong></span> <span class='ocrx_word' id='word_1_731' title='bbox 2356 3550 2508 3605; x_wconf 91' lang='lat' dir='ltr'><strong>omni</strong></span> <span class='ocrx_word' id='word_1_732' title='bbox 2545 3550 2838 3605; x_wconf 85' lang='lat' dir='ltr'><strong>aﬂlictione</strong></span> <span class='ocrx_word' id='word_1_733' title='bbox 2862 3558 3049 3603; x_wconf 83' lang='lat' dir='ltr'><strong>servat</strong></span> <span class='ocrx_word' id='word_1_734' title='bbox 3072 3548 3247 3613; x_wconf 90' lang='lat' dir='ltr'><strong>Deus;</strong></span> <span class='ocrx_word' id='word_1_735' title='bbox 3284 3546 3380 3616; x_wconf 89' lang='lat' dir='ltr'><strong>qui</strong></span> <span class='ocrx_word' id='word_1_736' title='bbox 3403 3554 3457 3600; x_wconf 91' lang='lat' dir='ltr'><strong>te</strong></span> <span class='ocrx_word' id='word_1_737' title='bbox 3479 3544 3545 3599; x_wconf 85' lang='lat' dir='ltr'><strong>ad</strong></span> <span class='ocrx_word' id='word_1_738' title='bbox 3568 3559 3629 3600; x_wconf 85' lang='lat' dir='ltr'><strong>se</strong></span> 
     </span>
    </p>
   </div>
   <div class='ocr_carea' id='block_1_103' title="bbox 2044 3640 3627 3713">
    <p class='ocr_par' dir='ltr' id='par_1_103' title="bbox 2044 3640 3627 3713">
     <span class='ocr_line' id='line_1_105' title="bbox 2044 3640 3627 3713; baseline -0.003 -16"><span class='ocrx_word' id='word_1_739' title='bbox 2044 3644 2297 3709; x_wconf 80' lang='lat' dir='ltr'><strong>adduxit,</strong></span> <span class='ocrx_word' id='word_1_740' title='bbox 2330 3653 2391 3697; x_wconf 90' lang='lat' dir='ltr'><strong>ut</strong></span> <span class='ocrx_word' id='word_1_741' title='bbox 2420 3643 2565 3713; x_wconf 88' lang='lat' dir='ltr'><strong>apud</strong></span> <span class='ocrx_word' id='word_1_742' title='bbox 2595 3658 2655 3697; x_wconf 88' lang='lat' dir='ltr'><strong>se</strong></span> <span class='ocrx_word' id='word_1_743' title='bbox 2688 3656 2841 3696; x_wconf 89' lang='lat' dir='ltr'><strong>esses</strong></span> <span class='ocrx_word' id='word_1_744' title='bbox 2880 3640 3263 3695; x_wconf 89' lang='lat' dir='ltr'><strong>intercedendi</strong></span> <span class='ocrx_word' id='word_1_745' title='bbox 3320 3654 3488 3693; x_wconf 88' lang='lat' dir='ltr'><strong>causa</strong></span> <span class='ocrx_word' id='word_1_746' title='bbox 3522 3654 3627 3707; x_wconf 88' lang='lat' dir='ltr'><strong>pro</strong></span> 
     </span>
    </p>
   </div>
   <div class='ocr_carea' id='block_1_104' title="bbox 2044 3726 3623 3797">
    <p class='ocr_par' dir='ltr' id='par_1_104' title="bbox 2044 3726 3623 3797">
     <span class='ocr_line' id='line_1_106' title="bbox 2044 3726 3623 3797; baseline -0.006 -8"><span class='ocrx_word' id='word_1_747' title='bbox 2044 3735 2228 3789; x_wconf 89' lang='lat' dir='ltr'><strong>nobis.</strong></span> <span class='ocrx_word' id='word_1_748' title='bbox 2262 3734 2379 3788; x_wconf 85' lang='lat' dir='ltr'><strong>Ave</strong></span> <span class='ocrx_word' id='word_1_749' title='bbox 2417 3732 2669 3789; x_wconf 85' lang='lat' dir='ltr'><strong>Joachim</strong></span> <span class='ocrx_word' id='word_1_750' title='bbox 2705 3730 2818 3784; x_wconf 80' lang='lat' dir='ltr'><strong>ﬁlia</strong></span> <span class='ocrx_word' id='word_1_751' title='bbox 2853 3737 2909 3785; x_wconf 87' lang='lat' dir='ltr'><strong>et</strong></span> <span class='ocrx_word' id='word_1_752' title='bbox 2934 3730 3107 3784; x_wconf 80' lang='lat' dir='ltr'><strong>Mater</strong></span> <span class='ocrx_word' id='word_1_753' title='bbox 3133 3729 3266 3795; x_wconf 90' lang='lat' dir='ltr'><strong>Dei,</strong></span> <span class='ocrx_word' id='word_1_754' title='bbox 3305 3727 3399 3797; x_wconf 90' lang='lat' dir='ltr'><strong>qui</strong></span> <span class='ocrx_word' id='word_1_755' title='bbox 3426 3726 3623 3782; x_wconf 84' lang='lat' dir='ltr'><strong>condi-</strong></span> 
     </span>
    </p>
   </div>
   <div class='ocr_carea' id='block_1_105' title="bbox 2042 3816 3628 3893">
    <p class='ocr_par' dir='ltr' id='par_1_105' title="bbox 2042 3816 3628 3893">
     <span class='ocr_line' id='line_1_107' title="bbox 2042 3816 3628 3893; baseline -0.006 -14"><span class='ocrx_word' id='word_1_756' title='bbox 2042 3825 2127 3879; x_wconf 91' lang='lat' dir='ltr'><strong>dit</strong></span> <span class='ocrx_word' id='word_1_757' title='bbox 2155 3824 2367 3890; x_wconf 88' lang='lat' dir='ltr'><strong>omnia;</strong></span> <span class='ocrx_word' id='word_1_758' title='bbox 2400 3838 2520 3893; x_wconf 76' lang='lat' dir='ltr'><strong>qua:</strong></span> <span class='ocrx_word' id='word_1_759' title='bbox 2573 3822 2644 3876; x_wconf 90' lang='lat' dir='ltr'><strong>ab</strong></span> <span class='ocrx_word' id='word_1_760' title='bbox 2687 3835 2755 3875; x_wconf 83' lang='lat' dir='ltr'><strong>eo</strong></span> <span class='ocrx_word' id='word_1_761' title='bbox 2812 3827 3006 3873; x_wconf 84' lang='lat' dir='ltr'><strong>vocata</strong></span> <span class='ocrx_word' id='word_1_762' title='bbox 3034 3833 3096 3873; x_wconf 89' lang='lat' dir='ltr'><strong>es</strong></span> <span class='ocrx_word' id='word_1_763' title='bbox 3136 3817 3203 3872; x_wconf 89' lang='lat' dir='ltr'><strong>ad</strong></span> <span class='ocrx_word' id='word_1_764' title='bbox 3261 3816 3628 3871; x_wconf 88' lang='lat' dir='ltr'><strong>beatitudinis</strong></span> 
     </span>
    </p>
   </div>
   <div class='ocr_carea' id='block_1_106' title="bbox 2042 3908 3628 3986">
    <p class='ocr_par' dir='ltr' id='par_1_106' title="bbox 2042 3908 3628 3986">
     <span class='ocr_line' id='line_1_108' title="bbox 2042 3908 3628 3986; baseline -0.008 -14"><span class='ocrx_word' id='word_1_765' title='bbox 2042 3917 2255 3980; x_wconf 88' lang='lat' dir='ltr'><strong>sedem,</strong></span> <span class='ocrx_word' id='word_1_766' title='bbox 2285 3930 2408 3986; x_wconf 66' lang='lat' dir='ltr'><strong>quae</strong></span> <span class='ocrx_word' id='word_1_767' title='bbox 2450 3928 2672 3969; x_wconf 88' lang='lat' dir='ltr'><strong>omnem</strong></span> <span class='ocrx_word' id='word_1_768' title='bbox 2718 3920 2946 3982; x_wconf 90' lang='lat' dir='ltr'><strong>superat</strong></span> <span class='ocrx_word' id='word_1_769' title='bbox 3004 3920 3322 3966; x_wconf 82' lang='lat' dir='ltr'><strong>sanctorum</strong></span> <span class='ocrx_word' id='word_1_770' title='bbox 3365 3908 3628 3963; x_wconf 88' lang='lat' dir='ltr'><strong>ordinum</strong></span> 
     </span>
    </p>
   </div>
   <div class='ocr_carea' id='block_1_107' title="bbox 2042 3999 3625 4075">
    <p class='ocr_par' dir='ltr' id='par_1_107' title="bbox 2042 3999 3625 4075">
     <span class='ocr_line' id='line_1_109' title="bbox 2042 3999 3625 4075; baseline -0.006 -13"><span class='ocrx_word' id='word_1_771' title='bbox 2042 4006 2471 4071; x_wconf 85' lang='lat' dir='ltr'><strong>beatitudinem,</strong></span> <span class='ocrx_word' id='word_1_772' title='bbox 2500 4005 2597 4075; x_wconf 90' lang='lat' dir='ltr'><strong>qui</strong></span> <span class='ocrx_word' id='word_1_773' title='bbox 2629 4012 2745 4059; x_wconf 92' lang='lat' dir='ltr'><strong>tum</strong></span> <span class='ocrx_word' id='word_1_774' title='bbox 2775 4003 2830 4057; x_wconf 93' lang='lat' dir='ltr'><strong>in</strong></span> <span class='ocrx_word' id='word_1_775' title='bbox 2855 4002 3019 4069; x_wconf 64' lang='lat' dir='ltr'><strong>caelo,</strong></span> <span class='ocrx_word' id='word_1_776' title='bbox 3055 4010 3169 4056; x_wconf 90' lang='lat' dir='ltr'><strong>tum</strong></span> <span class='ocrx_word' id='word_1_777' title='bbox 3195 4001 3251 4054; x_wconf 90' lang='lat' dir='ltr'><strong>in</strong></span> <span class='ocrx_word' id='word_1_778' title='bbox 3281 4000 3447 4056; x_wconf 90' lang='lat' dir='ltr'><strong>terris</strong></span> <span class='ocrx_word' id='word_1_779' title='bbox 3474 3999 3625 4053; x_wconf 86' lang='lat' dir='ltr'><strong>beati</strong></span> 
     </span>
    </p>
   </div>
   <div class='ocr_carea' id='block_1_108' title="bbox 2042 4090 3628 4169">
    <p class='ocr_par' dir='ltr' id='par_1_108' title="bbox 2042 4090 3628 4169">
     <span class='ocr_line' id='line_1_110' title="bbox 2042 4090 3628 4169; baseline -0.006 -16"><span class='ocrx_word' id='word_1_780' title='bbox 2042 4099 2437 4169; x_wconf 64' lang='lat' dir='ltr'><strong>praedicantur.</strong></span> <span class='ocrx_word' id='word_1_781' title='bbox 2463 4097 2576 4152; x_wconf 88' lang='lat' dir='ltr'><strong>Ave</strong></span> <span class='ocrx_word' id='word_1_782' title='bbox 2599 4096 2721 4152; x_wconf 84' lang='lat' dir='ltr'><strong>fons</strong></span> <span class='ocrx_word' id='word_1_783' title='bbox 2758 4094 3307 4162; x_wconf 65' lang='lat' dir='ltr'><strong>remediorum;quae</strong></span> <span class='ocrx_word' id='word_1_784' title='bbox 3338 4090 3628 4146; x_wconf 74' lang='lat' dir='ltr'><strong>Christum</strong></span> 
     </span>
    </p>
   </div>
   <div class='ocr_carea' id='block_1_109' title="bbox 2043 4182 3624 4259">
    <p class='ocr_par' dir='ltr' id='par_1_109' title="bbox 2043 4182 3624 4259">
     <span class='ocr_line' id='line_1_111' title="bbox 2043 4182 3624 4259; baseline -0.005 -15"><span class='ocrx_word' id='word_1_785' title='bbox 2043 4189 2308 4256; x_wconf 81' lang='lat' dir='ltr'><strong>eﬂ&#39;undis,</strong></span> <span class='ocrx_word' id='word_1_786' title='bbox 2337 4190 2433 4259; x_wconf 90' lang='lat' dir='ltr'><strong>qui</strong></span> <span class='ocrx_word' id='word_1_787' title='bbox 2454 4197 2613 4243; x_wconf 89' lang='lat' dir='ltr'><strong>sanat</strong></span> <span class='ocrx_word' id='word_1_788' title='bbox 2636 4202 2831 4243; x_wconf 88' lang='lat' dir='ltr'><strong>omnes</strong></span> <span class='ocrx_word' id='word_1_789' title='bbox 2860 4185 3113 4252; x_wconf 87' lang='lat' dir='ltr'><strong>morbos;</strong></span> <span class='ocrx_word' id='word_1_790' title='bbox 3146 4184 3241 4253; x_wconf 91' lang='lat' dir='ltr'><strong>qui</strong></span> <span class='ocrx_word' id='word_1_791' title='bbox 3267 4182 3469 4239; x_wconf 80' lang='lat' dir='ltr'><strong>viviﬁci</strong></span> <span class='ocrx_word' id='word_1_792' title='bbox 3491 4198 3624 4238; x_wconf 86' lang='lat' dir='ltr'><strong>sau—</strong></span> 
     </span>
    </p>
   </div>
   <div class='ocr_carea' id='block_1_110' title="bbox 2046 4276 3620 4353">
    <p class='ocr_par' dir='ltr' id='par_1_110' title="bbox 2046 4276 3620 4353">
     <span class='ocr_line' id='line_1_112' title="bbox 2046 4276 3620 4353; baseline -0.004 -17"><span class='ocrx_word' id='word_1_793' title='bbox 2046 4281 2398 4352; x_wconf 90' lang='lat' dir='ltr'><strong>ctissimique</strong></span> <span class='ocrx_word' id='word_1_794' title='bbox 2431 4280 2676 4353; x_wconf 88' lang='lat' dir='ltr'><strong>Spiritus</strong></span> <span class='ocrx_word' id='word_1_795' title='bbox 2703 4279 2787 4336; x_wconf 90' lang='lat' dir='ltr'><strong>sui</strong></span> <span class='ocrx_word' id='word_1_796' title='bbox 2808 4280 2987 4352; x_wconf 86' lang='lat' dir='ltr'><strong>gratia</strong></span> <span class='ocrx_word' id='word_1_797' title='bbox 3015 4277 3261 4333; x_wconf 81' lang='lat' dir='ltr'><strong>ﬂuminis</strong></span> <span class='ocrx_word' id='word_1_798' title='bbox 3283 4276 3447 4332; x_wconf 91' lang='lat' dir='ltr'><strong>modo</strong></span> <span class='ocrx_word' id='word_1_799' title='bbox 3499 4291 3620 4349; x_wconf 82' lang='lat' dir='ltr'><strong>my-</strong></span> 
     </span>
    </p>
   </div>
   <div class='ocr_carea' id='block_1_111' title="bbox 2036 4534 3620 4611">
    <p class='ocr_par' dir='ltr' id='par_1_111' title="bbox 2036 4534 3620 4611">
     <span class='ocr_line' id='line_1_113' title="bbox 2036 4534 3620 4611; baseline 0.001 -20"><span class='ocrx_word' id='word_1_800' title='bbox 2036 4557 2171 4611; x_wconf 71' lang='grc' dir='ltr'><strong>¹γων,</strong></span> <span class='ocrx_word' id='word_1_801' title='bbox 2196 4538 2384 4608; x_wconf 72' lang='grc' dir='ltr'>’Ἄγιος</span> <span class='ocrx_word' id='word_1_802' title='bbox 2406 4539 2531 4611; x_wconf 82' lang='grc' dir='ltr'>ναός</span> <span class='ocrx_word' id='word_1_803' title='bbox 2552 4557 2668 4611; x_wconf 82' lang='grc' dir='ltr'>σου,</span> <span class='ocrx_word' id='word_1_804' title='bbox 2686 4539 2998 4611; x_wconf 83' lang='grc' dir='ltr'>θαυμαστὸς</span> <span class='ocrx_word' id='word_1_805' title='bbox 3012 4539 3071 4592; x_wconf 84' lang='grc' dir='ltr'>ὲν</span> <span class='ocrx_word' id='word_1_806' title='bbox 3085 4537 3419 4611; x_wconf 79' lang='grc' dir='ltr'>δικαιοσύνῃ.</span> <span class='ocrx_word' id='word_1_807' title='bbox 3440 4534 3620 4605; x_wconf 82' lang='lat' dir='ltr'><strong>Salue,</strong></span> 
     </span>
    </p>
   </div>
   <div class='ocr_carea' id='block_1_112' title="bbox 2036 4609 3619 4679">
    <p class='ocr_par' dir='ltr' id='par_1_112' title="bbox 2036 4609 3619 4679">
     <span class='ocr_line' id='line_1_114' title="bbox 2036 4609 3619 4679; baseline 0 -15"><span class='ocrx_word' id='word_1_808' title='bbox 2036 4610 2234 4673; x_wconf 80' lang='lat' dir='ltr'><strong>Maria,</strong></span> <span class='ocrx_word' id='word_1_809' title='bbox 2266 4609 2523 4679; x_wconf 77' lang='lat' dir='ltr'><strong>templum</strong></span> <span class='ocrx_word' id='word_1_810' title='bbox 2570 4609 2955 4671; x_wconf 82' lang='lat' dir='ltr'><strong>indissolubile.</strong></span> <span class='ocrx_word' id='word_1_811' title='bbox 2984 4624 3076 4663; x_wconf 83' lang='lat' dir='ltr'><strong>seu</strong></span> <span class='ocrx_word' id='word_1_812' title='bbox 3135 4610 3306 4679; x_wconf 78' lang='lat' dir='ltr'><strong>potius</strong></span> <span class='ocrx_word' id='word_1_813' title='bbox 3352 4609 3619 4679; x_wconf 72' lang='lat' dir='ltr'><strong>sanctum,</strong></span> 
     </span>
    </p>
   </div>
   <div class='ocr_carea' id='block_1_113' title="bbox 2034 4678 3624 4752">
    <p class='ocr_par' dir='ltr' id='par_1_113' title="bbox 2034 4678 3624 4752">
     <span class='ocr_line' id='line_1_115' title="bbox 2034 4678 3624 4752; baseline 0.001 -20"><span class='ocrx_word' id='word_1_814' title='bbox 2034 4678 2477 4750; x_wconf 82' lang='lat' dir='ltr'><strong>quemadmodum</strong></span> <span class='ocrx_word' id='word_1_815' title='bbox 2502 4679 2713 4752; x_wconf 24' lang='lat' dir='ltr'><strong>‘ciamat</strong></span> <span class='ocrx_word' id='word_1_816' title='bbox 2746 4682 3000 4752; x_wconf 79' lang='lat' dir='ltr'><strong>propheta</strong></span> <span class='ocrx_word' id='word_1_817' title='bbox 3016 4679 3201 4752; x_wconf 67' lang='lat' dir='ltr'><strong>David</strong></span> <span class='ocrx_word' id='word_1_818' title='bbox 3230 4680 3407 4752; x_wconf 84' lang='lat' dir='ltr'><strong>dicens</strong></span> <span class='ocrx_word' id='word_1_819' title='bbox 3434 4697 3452 4733; x_wconf 90' lang='lat'><em>:</em></span> <span class='ocrx_word' id='word_1_820' title='bbox 3479 4678 3624 4752; x_wconf 74' lang='lat' dir='ltr'><strong>San-</strong></span> 
     </span>
    </p>
   </div>
   <div class='ocr_carea' id='block_1_114' title="bbox 2036 4749 3621 4820">
    <p class='ocr_par' dir='ltr' id='par_1_114' title="bbox 2036 4749 3621 4820">
     <span class='ocr_line' id='line_1_116' title="bbox 2036 4749 3621 4820; baseline 0.001 -17"><span class='ocrx_word' id='word_1_821' title='bbox 2036 4749 2179 4820; x_wconf 73' lang='lat' dir='ltr'><strong>etum</strong></span> <span class='ocrx_word' id='word_1_822' title='bbox 2218 4758 2295 4802; x_wconf 79' lang='lat' dir='ltr'><strong>est</strong></span> <span class='ocrx_word' id='word_1_823' title='bbox 2348 4749 2603 4820; x_wconf 81' lang='lat' dir='ltr'><strong>templum</strong></span> <span class='ocrx_word' id='word_1_824' title='bbox 2656 4749 2824 4815; x_wconf 82' lang='lat' dir='ltr'><strong>tuum,</strong></span> <span class='ocrx_word' id='word_1_825' title='bbox 2846 4749 3111 4805; x_wconf 81' lang='lat' dir='ltr'><strong>mirabile</strong></span> <span class='ocrx_word' id='word_1_826' title='bbox 3142 4751 3198 4803; x_wconf 87' lang='lat' dir='ltr'><strong>in</strong></span> <span class='ocrx_word' id='word_1_827' title='bbox 3228 4751 3513 4819; x_wconf 76' lang='lat' dir='ltr'><strong>(equitate;</strong></span> <span class='ocrx_word' id='word_1_828' title='bbox 3541 4750 3621 4804; x_wconf 89' lang='lat' dir='ltr'><strong>le-</strong></span> 
     </span>
    </p>
   </div>
   <div class='ocr_carea' id='block_1_115' title="bbox 2037 4818 3621 4891">
    <p class='ocr_par' dir='ltr' id='par_1_115' title="bbox 2037 4818 3621 4891">
     <span class='ocr_line' id='line_1_117' title="bbox 2037 4818 3621 4891; baseline -0.002 -17"><span class='ocrx_word' id='word_1_829' title='bbox 2037 4818 2277 4891; x_wconf 89' lang='lat' dir='ltr'><strong>gendum</strong></span> <span class='ocrx_word' id='word_1_830' title='bbox 2300 4818 2831 4891; x_wconf 62' lang='grc' dir='ltr'>ειιίιιιάκατάλυτος</span> <span class='ocrx_word' id='word_1_831' title='bbox 2849 4821 2996 4891; x_wconf 71' lang='grc' dir='ltr'>ναός.</span> <span class='ocrx_word' id='word_1_832' title='bbox 3028 4820 3161 4891; x_wconf 67' lang='lat' dir='ltr'><strong>Vide</strong></span> <span class='ocrx_word' id='word_1_833' title='bbox 3190 4818 3621 4891; x_wconf 76' lang='lat' dir='ltr'><strong>Pseudo-Thau-</strong></span> 
     </span>
    </p>
   </div>
   <div class='ocr_carea' id='block_1_116' title="bbox 2038 4889 3619 5013">
    <p class='ocr_par' dir='ltr' id='par_1_116' title="bbox 2038 4889 3619 5013">
     <span class='ocr_line' id='line_1_118' title="bbox 2038 4889 3619 5013; baseline 0 0"><span class='ocrx_word' id='word_1_834' title='bbox 2038 4898 2279 5013; x_wconf 53' lang='grc' dir='ltr'><strong>ἔξέἣίῗῖξ·</strong></span> <span class='ocrx_word' id='word_1_835' title='bbox 2305 4889 3455 5013; x_wconf 48' lang='grc' dir='ltr'><strong>αῗιῗίὶιέἲἀιαῗέοῗθξὲἃθξξὲἒνὲἒῖὲὲῗὲί</strong></span> <span class='ocrx_word' id='word_1_836' title='bbox 3491 4906 3619 5013; x_wconf 62' lang='grc' dir='ltr'><strong>Βέτἕᾲ</strong></span> 
     </span>
    </p>
   </div>
   <div class='ocr_carea' id='block_1_117' title="bbox 2036 4960 3621 5041">
    <p class='ocr_par' dir='ltr' id='par_1_117' title="bbox 2036 4960 3621 5041">
     <span class='ocr_line' id='line_1_119' title="bbox 2036 4960 3621 5041; baseline -0.001 -27"><span class='ocrx_word' id='word_1_837' title='bbox 2036 4961 2164 5020; x_wconf 77' lang='lat'><strong>297,</strong></span> <span class='ocrx_word' id='word_1_838' title='bbox 2196 4962 2251 5041; x_wconf 72' lang='lat' dir='ltr'><strong>in</strong></span> <span class='ocrx_word' id='word_1_839' title='bbox 2305 4960 2510 5029; x_wconf 87' lang='lat' dir='ltr'><strong>quibus</strong></span> <span class='ocrx_word' id='word_1_840' title='bbox 2565 4960 2830 5028; x_wconf 88' lang='grc' dir='ltr'>ἀμίαντον</span> <span class='ocrx_word' id='word_1_841' title='bbox 2869 4960 2995 5012; x_wconf 88' lang='grc' dir='ltr'>ναὸν</span> <span class='ocrx_word' id='word_1_842' title='bbox 3023 4960 3139 5015; x_wconf 85' lang='lat' dir='ltr'><strong>sive</strong></span> <span class='ocrx_word' id='word_1_843' title='bbox 3177 4961 3455 5029; x_wconf 64' lang='grc' dir='ltr'>ἀφίέαρτον</span> <span class='ocrx_word' id='word_1_844' title='bbox 3491 4966 3621 5015; x_wconf 78' lang='grc' dir='ltr'>ναὸν</span> 
     </span>
    </p>
   </div>
   <div class='ocr_carea' id='block_1_118' title="bbox 2038 5045 2305 5084">
    <p class='ocr_par' dir='ltr' id='par_1_118' title="bbox 2038 5045 2305 5084">
     <span class='ocr_line' id='line_1_120' title="bbox 2038 5045 2305 5084; baseline -0.004 0"><span class='ocrx_word' id='word_1_845' title='bbox 2038 5045 2305 5084; x_wconf 68' lang='grc'><strong>1³8081³188.</strong></span> 
     </span>
    </p>
   </div>
   <div class='ocr_carea' id='block_1_119' title="bbox 2103 5047 3624 5170">
    <p class='ocr_par' dir='ltr' id='par_1_119' title="bbox 2103 5047 3624 5170">
     <span class='ocr_line' id='line_1_121' title="bbox 2103 5047 3624 5170; baseline 0.001 -17"><span class='ocrx_word' id='word_1_846' title='bbox 2103 5047 2624 5170; x_wconf 46' lang='grc' dir='ltr'>ἳὲᾇῖθξίξηίτιηῑειιυε</span> <span class='ocrx_word' id='word_1_847' title='bbox 2674 5098 2953 5170; x_wconf 83' lang='lat' dir='ltr'><strong>Chrysost.</strong></span> <span class='ocrx_word' id='word_1_848' title='bbox 2979 5100 3099 5155; x_wconf 85' lang='lat' dir='ltr'><strong>Pat.</strong></span> <span class='ocrx_word' id='word_1_849' title='bbox 3134 5116 3189 5165; x_wconf 79' lang='grc' dir='ltr'><strong>ν,</strong></span> <span class='ocrx_word' id='word_1_850' title='bbox 3212 5100 3375 5156; x_wconf 74' lang='lat'><strong>2579.</strong></span> <span class='ocrx_word' id='word_1_851' title='bbox 3397 5101 3469 5154; x_wconf 77' lang='grc' dir='ltr'><strong>Σὺ</strong></span> <span class='ocrx_word' id='word_1_852' title='bbox 3524 5102 3624 5170; x_wconf 85' lang='grc' dir='ltr'><strong>μὲν</strong></span> 
     </span>
    </p>
   </div>
   <div class='ocr_carea' id='block_1_120' title="bbox 2042 5170 3615 5242">
    <p class='ocr_par' dir='ltr' id='par_1_120' title="bbox 2042 5170 3615 5242">
     <span class='ocr_line' id='line_1_122' title="bbox 2042 5170 3615 5242; baseline 0.001 -21"><span class='ocrx_word' id='word_1_853' title='bbox 2042 5172 2310 5242; x_wconf 82' lang='grc' dir='ltr'>μακάριον</span> <span class='ocrx_word' id='word_1_854' title='bbox 2338 5170 2566 5242; x_wconf 68' lang='grc' dir='ltr'>δάπεδον</span> <span class='ocrx_word' id='word_1_855' title='bbox 2607 5171 2752 5242; x_wconf 83' lang='grc' dir='ltr'>νάεις</span> <span class='ocrx_word' id='word_1_856' title='bbox 2787 5170 2974 5235; x_wconf 80' lang='grc' dir='ltr'>πόλου,</span> <span class='ocrx_word' id='word_1_857' title='bbox 3006 5171 3191 5242; x_wconf 50' lang='lat' dir='ltr'><strong>&quot;Anax;</strong></span> <span class='ocrx_word' id='word_1_858' title='bbox 3249 5173 3423 5241; x_wconf 85' lang='grc' dir='ltr'>πάχος</span> <span class='ocrx_word' id='word_1_859' title='bbox 3486 5170 3615 5242; x_wconf 82' lang='grc' dir='ltr'>βρό-</span> 
     </span>
    </p>
   </div>
   <div class='ocr_carea' id='block_1_121' title="bbox 2048 5239 3619 5311">
    <p class='ocr_par' dir='ltr' id='par_1_121' title="bbox 2048 5239 3619 5311">
     <span class='ocr_line' id='line_1_123' title="bbox 2048 5239 3619 5311; baseline 0.002 -20"><span class='ocrx_word' id='word_1_860' title='bbox 2048 5239 2585 5311; x_wconf 11' lang='grc' dir='ltr'>τειονήἁλλαξαμένη,</span> <span class='ocrx_word' id='word_1_861' title='bbox 2631 5239 2969 5311; x_wconf 74' lang='grc' dir='ltr'>Ἀφθαρσίας</span> <span class='ocrx_word' id='word_1_862' title='bbox 2988 5239 3035 5292; x_wconf 86' lang='grc' dir='ltr'>τ’</span> <span class='ocrx_word' id='word_1_863' title='bbox 3063 5241 3270 5311; x_wconf 76' lang='grc' dir='ltr'>ἄμφιον</span> <span class='ocrx_word' id='word_1_864' title='bbox 3304 5239 3619 5311; x_wconf 72' lang='grc' dir='ltr'>ἐστολισμέ-</span> 
     </span>
    </p>
   </div>
   <div class='ocr_carea' id='block_1_122' title="bbox 2038 5308 3624 5382">
    <p class='ocr_par' dir='ltr' id='par_1_122' title="bbox 2038 5308 3624 5382">
     <span class='ocr_line' id='line_1_124' title="bbox 2038 5308 3624 5382; baseline 0.003 -21"><span class='ocrx_word' id='word_1_865' title='bbox 2038 5327 2127 5382; x_wconf 80' lang='grc' dir='ltr'><strong>νη,</strong></span> <span class='ocrx_word' id='word_1_866' title='bbox 2166 5310 2279 5382; x_wconf 62' lang='lat' dir='ltr'><strong>‘Ast</strong></span> <span class='ocrx_word' id='word_1_867' title='bbox 2326 5308 2374 5361; x_wconf 88' lang='grc' dir='ltr'>τ’</span> <span class='ocrx_word' id='word_1_868' title='bbox 2401 5310 2622 5382; x_wconf 74' lang='grc' dir='ltr'>ἀγήρως</span> <span class='ocrx_word' id='word_1_869' title='bbox 2651 5310 2723 5371; x_wconf 62' lang='grc' dir='ltr'>ὡς</span> <span class='ocrx_word' id='word_1_870' title='bbox 2754 5310 2884 5382; x_wconf 81' lang='grc' dir='ltr'>Θεὸς</span> <span class='ocrx_word' id='word_1_871' title='bbox 2929 5310 2973 5362; x_wconf 78' lang='grc' dir='ltr'><strong>δ’</strong></span> <span class='ocrx_word' id='word_1_872' title='bbox 3011 5308 3350 5382; x_wconf 72' lang='grc' dir='ltr'>ὲγνοισμένη,</span> <span class='ocrx_word' id='word_1_873' title='bbox 3392 5311 3465 5365; x_wconf 89' lang='lat' dir='ltr'><strong>Tu</strong></span> <span class='ocrx_word' id='word_1_874' title='bbox 3501 5308 3624 5382; x_wconf 69' lang='lat' dir='ltr'><strong>qui-</strong></span> 
     </span>
    </p>
   </div>
   <div class='ocr_carea' id='block_1_123' title="bbox 2039 5380 3626 5450">
    <p class='ocr_par' dir='ltr' id='par_1_123' title="bbox 2039 5380 3626 5450">
     <span class='ocr_line' id='line_1_125' title="bbox 2039 5380 3626 5450; baseline 0.002 -18"><span class='ocrx_word' id='word_1_875' title='bbox 2039 5380 2157 5434; x_wconf 85' lang='lat' dir='ltr'><strong>dem</strong></span> <span class='ocrx_word' id='word_1_876' title='bbox 2186 5380 2475 5434; x_wconf 83' lang='lat' dir='ltr'><strong>Beatorum</strong></span> <span class='ocrx_word' id='word_1_877' title='bbox 2507 5380 2622 5433; x_wconf 71' lang='lat' dir='ltr'><strong>carli</strong></span> <span class='ocrx_word' id='word_1_878' title='bbox 2657 5381 3014 5450; x_wconf 83' lang='lat' dir='ltr'><strong>pavimentum</strong></span> <span class='ocrx_word' id='word_1_879' title='bbox 3042 5391 3206 5444; x_wconf 85' lang='lat' dir='ltr'><strong>tenes,</strong></span> <span class='ocrx_word' id='word_1_880' title='bbox 3240 5381 3304 5435; x_wconf 90' lang='lat' dir='ltr'><strong>ab</strong></span> <span class='ocrx_word' id='word_1_881' title='bbox 3326 5383 3472 5435; x_wconf 81' lang='lat' dir='ltr'><strong>omni</strong></span> <span class='ocrx_word' id='word_1_882' title='bbox 3500 5380 3626 5435; x_wconf 74' lang='lat' dir='ltr'><strong>eon-</strong></span> 
     </span>
    </p>
   </div>
   <div class='ocr_carea' id='block_1_124' title="bbox 2040 5450 3622 5522">
    <p class='ocr_par' dir='ltr' id='par_1_124' title="bbox 2040 5450 3622 5522">
     <span class='ocr_line' id='line_1_126' title="bbox 2040 5450 3622 5522; baseline 0.002 -19"><span class='ocrx_word' id='word_1_883' title='bbox 2040 5452 2272 5504; x_wconf 87' lang='lat' dir='ltr'><strong>cretione</strong></span> <span class='ocrx_word' id='word_1_884' title='bbox 2302 5450 2519 5522; x_wconf 82' lang='lat' dir='ltr'><strong>mortali</strong></span> <span class='ocrx_word' id='word_1_885' title='bbox 2549 5450 2737 5522; x_wconf 57' lang='lat' dir='ltr'><strong>libera,</strong></span> <span class='ocrx_word' id='word_1_886' title='bbox 2760 5451 3173 5519; x_wconf 85' lang='lat' dir='ltr'><strong>incorruptionis</strong></span> <span class='ocrx_word' id='word_1_887' title='bbox 3204 5450 3370 5522; x_wconf 86' lang='lat' dir='ltr'><strong>pallio</strong></span> <span class='ocrx_word' id='word_1_888' title='bbox 3394 5452 3584 5506; x_wconf 83' lang='lat' dir='ltr'><strong>induta</strong></span> <span class='ocrx_word' id='word_1_889' title='bbox 3607 5493 3622 5517; x_wconf 89' lang='lat'><strong>,</strong></span> 
     </span>
    </p>
   </div>
   <div class='ocr_carea' id='block_1_125' title="bbox 2037 5521 3278 5592">
    <p class='ocr_par' dir='ltr' id='par_1_125' title="bbox 2037 5521 3278 5592">
     <span class='ocr_line' id='line_1_127' title="bbox 2037 5521 3278 5592; baseline 0.001 -19"><span class='ocrx_word' id='word_1_890' title='bbox 2037 5536 2246 5590; x_wconf 87' lang='lat' dir='ltr'><strong>semper</strong></span> <span class='ocrx_word' id='word_1_891' title='bbox 2271 5521 2457 5592; x_wconf 65' lang='lat' dir='ltr'><strong>[iubila</strong></span> <span class='ocrx_word' id='word_1_892' title='bbox 2490 5528 2546 5573; x_wconf 86' lang='lat' dir='ltr'><strong>ut</strong></span> <span class='ocrx_word' id='word_1_893' title='bbox 2580 5521 2739 5592; x_wconf 82' lang='lat' dir='ltr'><strong>Deus,</strong></span> <span class='ocrx_word' id='word_1_894' title='bbox 2767 5524 3049 5592; x_wconf 80' lang='lat' dir='ltr'><strong>senectutis</strong></span> <span class='ocrx_word' id='word_1_895' title='bbox 3070 5521 3278 5592; x_wconf 79' lang='lat' dir='ltr'><strong>expers.</strong></span> 
     </span>
    </p>
   </div>
   <div class='ocr_carea' id='block_1_126' title="bbox 2110 5590 3627 5661">
    <p class='ocr_par' dir='ltr' id='par_1_126' title="bbox 2110 5590 3627 5661">
     <span class='ocr_line' id='line_1_128' title="bbox 2110 5590 3627 5661; baseline 0.001 -17"><span class='ocrx_word' id='word_1_896' title='bbox 2110 5592 2222 5658; x_wconf 72' lang='lat'><strong>(60)</strong></span> <span class='ocrx_word' id='word_1_897' title='bbox 2256 5590 2463 5646; x_wconf 87' lang='lat' dir='ltr'><strong>Contra</strong></span> <span class='ocrx_word' id='word_1_898' title='bbox 2492 5592 2544 5643; x_wconf 81' lang='grc' dir='ltr'><strong>εί</strong></span> <span class='ocrx_word' id='word_1_899' title='bbox 2565 5608 2647 5653; x_wconf 91' lang='grc' dir='ltr'><strong>τις</strong></span> <span class='ocrx_word' id='word_1_900' title='bbox 2674 5591 2735 5643; x_wconf 83' lang='grc' dir='ltr'><strong>ού</strong></span> <span class='ocrx_word' id='word_1_901' title='bbox 2780 5591 3043 5645; x_wconf 87' lang='grc' dir='ltr'>Θεοτόκον</span> <span class='ocrx_word' id='word_1_902' title='bbox 3070 5590 3171 5661; x_wconf 82' lang='grc' dir='ltr'>τὴν</span> <span class='ocrx_word' id='word_1_903' title='bbox 3216 5591 3436 5660; x_wconf 86' lang='grc' dir='ltr'>Μαρίαν</span> <span class='ocrx_word' id='word_1_904' title='bbox 3496 5593 3627 5646; x_wconf 49' lang='grc' dir='ltr'>ὑπ’»</span> 
     </span>
    </p>
   </div>
   <div class='ocr_carea' id='block_1_127' title="bbox 2039 5659 3626 5732">
    <p class='ocr_par' dir='ltr' id='par_1_127' title="bbox 2039 5659 3626 5732">
     <span class='ocr_line' id='line_1_129' title="bbox 2039 5659 3626 5732; baseline 0.003 -21"><span class='ocrx_word' id='word_1_905' title='bbox 2039 5659 2329 5728; x_wconf 68' lang='grc' dir='ltr'>λαμϐάνει,</span> <span class='ocrx_word' id='word_1_906' title='bbox 2358 5662 2524 5732; x_wconf 86' lang='grc' dir='ltr'>χωρίς</span> <span class='ocrx_word' id='word_1_907' title='bbox 2558 5662 2673 5714; x_wconf 71' lang='grc' dir='ltr'>ἐστι</span> <span class='ocrx_word' id='word_1_908' title='bbox 2711 5661 2808 5728; x_wconf 85' lang='grc' dir='ltr'>τῆς</span> <span class='ocrx_word' id='word_1_909' title='bbox 2832 5662 3105 5730; x_wconf 79' lang='grc' dir='ltr'>θεότητος.</span> <span class='ocrx_word' id='word_1_910' title='bbox 3126 5659 3192 5715; x_wconf 75' lang='lat' dir='ltr'><strong>Si</strong></span> <span class='ocrx_word' id='word_1_911' title='bbox 3211 5659 3326 5732; x_wconf 77' lang='lat' dir='ltr'><strong>quis</strong></span> <span class='ocrx_word' id='word_1_912' title='bbox 3345 5662 3626 5732; x_wconf 70' lang='lat' dir='ltr'><strong>existimat</strong></span> 
     </span>
    </p>
   </div>
   <div class='ocr_carea' id='block_1_128' title="bbox 2040 5730 3626 5795">
    <p class='ocr_par' dir='ltr' id='par_1_128' title="bbox 2040 5730 3626 5795">
     <span class='ocr_line' id='line_1_130' title="bbox 2040 5730 3626 5795; baseline 0.002 -12"><span class='ocrx_word' id='word_1_913' title='bbox 2040 5732 2267 5785; x_wconf 78' lang='lat' dir='ltr'><strong>Mariam</strong></span> <span class='ocrx_word' id='word_1_914' title='bbox 2322 5730 2584 5785; x_wconf 31' lang='lat' dir='ltr'><strong>non‘esse</strong></span> <span class='ocrx_word' id='word_1_915' title='bbox 2650 5732 2969 5787; x_wconf 79' lang='lat' dir='ltr'><strong>Genitricem</strong></span> <span class='ocrx_word' id='word_1_916' title='bbox 3025 5732 3138 5795; x_wconf 85' lang='lat' dir='ltr'><strong>Dei,</strong></span> <span class='ocrx_word' id='word_1_917' title='bbox 3171 5730 3526 5785; x_wconf 50' lang='lat' dir='ltr'><strong>a&#39;Divinitate</strong></span> <span class='ocrx_word' id='word_1_918' title='bbox 3549 5743 3626 5787; x_wconf 81' lang='lat' dir='ltr'><strong>est</strong></span> 
     </span>
    </p>
   </div>
   <div class='ocr_carea' id='block_1_129' title="bbox 2038 5800 3627 5927">
    <p class='ocr_par' dir='ltr' id='par_1_129' title="bbox 2038 5800 3627 5927">
     <span class='ocr_line' id='line_1_131' title="bbox 2038 5800 3627 5927; baseline 0.003 -75"><span class='ocrx_word' id='word_1_919' title='bbox 2038 5812 2342 5927; x_wconf 42' lang='lat' dir='ltr'><strong>“pergula,</strong></span> <span class='ocrx_word' id='word_1_920' title='bbox 2367 5812 2423 5855; x_wconf 82' lang='lat' dir='ltr'><strong>ut</strong></span> <span class='ocrx_word' id='word_1_921' title='bbox 2450 5804 2525 5857; x_wconf 77' lang='lat' dir='ltr'><strong>ait</strong></span> <span class='ocrx_word' id='word_1_922' title='bbox 2552 5803 2931 5857; x_wconf 76' lang='lat' dir='ltr'><strong>Nazianzenus</strong></span> <span class='ocrx_word' id='word_1_923' title='bbox 2955 5803 3119 5877; x_wconf 68' lang='lat' dir='ltr'><strong>epist.</strong></span> <span class='ocrx_word' id='word_1_924' title='bbox 3143 5801 3274 5868; x_wconf 78' lang='lat' dir='ltr'><strong>i,ad</strong></span> <span class='ocrx_word' id='word_1_925' title='bbox 3295 5800 3627 5857; x_wconf 80' lang='lat' dir='ltr'><strong>Cledonium</strong></span> 
     </span>
     <span class='ocr_line' id='line_1_132' title="bbox 2045 5890 2343 5927; baseline 0.017 -6"><span class='ocrx_word' id='word_1_926' title='bbox 2045 5890 2098 5927; x_wconf 89' lang='grc' dir='ltr'><strong>ιι.</strong></span> <span class='ocrx_word' id='word_1_927' title='bbox 2142 5890 2198 5926; x_wconf 69' lang='lat' dir='ltr'><strong>ID</strong></span> <span class='ocrx_word' id='word_1_928' title='bbox 2300 5910 2343 5926; x_wconf 42' lang='grc' dir='ltr'><strong>νο</strong></span> 
     </span>
    </p>
   </div>
   <div class='ocr_carea' id='block_1_130' title="bbox 2045 5890 2343 5939">
    <p class='ocr_par' dir='ltr' id='par_1_130' title="bbox 2045 5890 2343 5939">
     <span class='ocr_line' id='line_1_133' title="bbox 2045 5890 2343 5939; baseline 0.017 -18"><span class='ocrx_word' id='word_1_929' title='bbox 2045 5890 2098 5939; x_wconf 86' lang='lat' dir='ltr'><strong>p.</strong></span> <span class='ocrx_word' id='word_1_930' title='bbox 2142 5890 2235 5927; x_wconf 67' lang='lat' dir='ltr'><strong>me</strong></span> <span class='ocrx_word' id='word_1_931' title='bbox 2282 5890 2343 5926; x_wconf 87' lang='grc' dir='ltr'><strong>ιι.</strong></span> 
     </span>
    </p>
   </div>
  </div>
