4078 6408
386 473 3656 524 HW

1494 649 1640 693 δερ.
1683 649 1748 694 VI
1793 650 1870 694 ΕΤ
1911 650 1998 695 VII
2038 649 2228 697 ANNIS
2267 650 2574 698 INCERTIS.

927 834 1689 1018 JOBIUS
1847 838 3114 1026 MONACHUS.

1864 1293 2193 1354 NOTITIA.

1349 1420 1629 1474 FABRICIUS
1659 1417 1964 1472 Bibliothec.
2018 1417 2188 1474 Graec.
2245 1427 2285 1474 t.
2324 1420 2410 1485 Ν,
2464 1436 2522 1491 p.
2557 1423 2682 1478 474.

460 1601 630 1664 Jobii
675 1600 1014 1676 monachi,
1080 1599 1147 1662 in
1199 1601 1451 1664 Oriente
1509 1601 1660 1664 clari
1726 1611 1870 1682 post
1925 1602 2240 1683 synodum
2316 1601 2896 1665 Chalcedonenscm
2955 1607 3101 1664 ante
3165 1598 3531 1664 Heracliana
3583 1615 3658 1662 ac

382 1698 948 1764 Monotheletarum
974 1707 1284 1782 tempora,
1317 1700 1606 1782 adeoque
1635 1702 1797 1765 circa
1829 1707 1971 1764 sext:

2077 1704 2181 1765 itia
2212 1701 2424 1764 seaculi
2461 1699 2569 1782 (α),
2600 1711 2940 1780 Οἱκονομικὴ
2973 1700 3545 1780 Πραγματεία,ορυ8
3577 1698 3656 1762 de

321 1821 332 1825 -
383 1799 568 1862 variis
616 1799 1051 1862 (Economiam
1087 1800 1217 1862 sive
1254 1800 1759 1862 Incarnationem
1792 1801 2014 1862 Christi
2058 1808 2120 1863 et
2149 1799 2501 1862 Ecclesium
2542 1799 2954 1862 Christianam
3001 1797 3434 1879 spectantibus
3476 1813 3655 1879 quae-

381 1895 692 1960 stionibus
727 1896 842 1978 (b),
895 1899 1161 1961 divisum
1208 1899 1273 1960 in
1321 1899 1516 1962 libros
1545 1916 1648 1974 1x,
1691 1899 1897 1981 capita
1935 1900 2041 1976 45,
2075 1918 2152 1964 ex
2191 1900 2421 1981 quibus
2451 1899 2695 1980 prolixa
2729 1905 3030 1982 excerpta
3057 1897 3318 1960 Photius
3349 1897 3652 1969 servavit,

381 1995 554 2077 ipsos
589 1997 780 2062 hodie
811 1999 1261 2063 desideramus.
1283 2001 1585 2063 Iacobum
1620 2002 1969 2083 (majorem,
2005 2001 2396 2083 Apostolum)
2439 2008 2697 2082 prepter
2725 2003 3014 2065 virtutem
3048 2000 3281 2063 dictum
3310 2013 3447 2061 esse
3499 2003 3656 2060 Ἰωσ-

378 2105 521 2172 λίαν,
582 2097 792 2177 legas,
834 2117 898 2179 p.
940 2099 1093 2174 332,
1147 2119 1260 2182 pro
1312 2119 1440 2183 quo
1485 2111 1714 2167 Ἱοόλιάν
1763 2103 1931 2184 apud

2076 2110 2260 2166 :etam
2301 2109 2362 2163 et
2400 2104 2464 2164 in
2519 2103 2770 2164 Eusebii
2807 2102 3136 2166 codicibus
3183 2119 3266 2178 ιι,
3312 2098 3425 2173 ‘23,
3484 2097 3655 2159 Hist.

379 2204 605 2271 ὠδλίας,
638 2198 750 2260 sed
788 2198 1128 2276 legendum
1194 2210 1412 2280 ὠό).ιάμ
1441 2219 1558 2275 35y
1588 2211 1818 2282 περιοχὴ
1879 2209 1971 2262 λαο

2089 2200 2248 2278 Vide
2312 2199 2593 2262 Reinesii
2674 2201 2822 2261 Var.
2873 2197 3014 2260 lect.
3077 2201 3200 2273 IlI,
3248 2216 3314 2273 η,
3375 2216 3442 2278 p.
3510 2194 3655 2266 356;

379 2305 572 2380 atque
601 2299 754 2376 alias
798 2301 876 2362 de
924 2300 1040 2364 hac
1088 2319 1241 2364 voce
1286 2303 1682 2382 conjecturas
1711 2301 1881 2380 apud
1928 2301 2241 2363 Fullerum
2283 2303 2386 2374 IlI,
2431 2299 2481 2372 1,
2513 2299 2782 2361 Misce”.
2834 2317 3025 2368 sacra;
3088 2306 3150 2361 et
3206 2299 3271 2360 in
3301 2294 3660 2359 Combeﬁsii

377 2400 680 2464 Λυσίαν-ιο
729 2403 1066 2483 novissimo
1102 2402 1269 2465 Bibl.
1315 2405 1601 2480 Patrum,
1638 2422 1699 2484 p.
1743 2402 1876 2464 541.
1915 2403 2208 2465 Hreretici
2239 2403 2498 2465 nomine
2549 2410 2732 2464 tenus
2759 2400 2838 2463 ab
2875 2400 3058 2463 Jobio
3097 2406 3391 2462 notantur
3417 2400 3654 2475 Manes,

379 2521 444 2583 p.
500 2500 639 2577 300,
689 2501 874 2564 Arius
903 2511 964 2564 et
993 2515 1040 2566 οἱ
1077 2514 1218 2567 κατὰ
1249 2515 1607 2580 Μακεδόνων,
1650 2524 1713 2585 p.
1751 2504 1888 2567 311.
1944 2506 1971 2565 Ι

2078 2512 2280 2566 torem
2337 2503 2634 2566 Ecclesiae
2691 2501 2903 2564 laudat
2950 2499 3193 2563 nullum
3231 2499 3353 2562 nisi
3385 2507 3658 2577 Θεοφόρον

381 2602 714 2682 lgnatium,
753 2619 816 2681 p.
861 2601 998 2676 321,
1031 2611 1092 2665 et
1121 2606 1494 2683 Gregorium
1543 2605 1959 2683 Theologum,
1993 2622 2057 2684 p.
2094 2602 2229 2676 315,
2266 2599 2412 2672 316;
2456 2619 2528 2664 ac
2567 2599 2941 2678 Gregorium
2986 2600 3366 2681 Nyssenum,
3416 2617 3481 2678 p.
3516 2595 3655 2659 326.

381 2703 584 2784 Hujus
608 2701 774 2764 Jobii
808 2714 1198 2783 πραγματείαν
1233 2704 1489 2767 alteram
1525 2714 1669 2768 κατὰ
1703 2713 1966 2785 Σεὸήρου,

2083 2709 2229 2763 ηινη
2268 2701 2564 2762 Severum
2612 2701 3100 2775 Antiochenum,
3137 2719 3200 2780 p.
3236 2697 3376 2774 298,
3408 2715 3655 2761 memo-

382 2813 496 2878 rat,
526 2803 638 2865 sed
670 2801 827 2863 nihil
860 2821 937 2864 ex
969 2822 1041 2868 ea
1081 2807 1320 2886 profert
1349 2807 1634 2883 Photius,
1667 2813 1971 2870 auctoreu'

2076 2824 2112 2865 ι.
2147 2800 2285 2875 323,
2317 2801 2647 2880 appellans
2684 2813 2896 2867 κλεινόν
2928 2830 2988 2866 τε
3033 2810 3262 2864 καὶτῶν
3292 2807 3450 2862 θείων
3482 2806 3662 2880 μαθηε·

385 2907 572 2975 μάτων
603 2905 864 2972 διάπυρον
895 2907 1152 2980 ἐραστήν.

457 3063 848 3147 (a).Elegantis_
868 3065 1072 3147 ingenii
1096 3065 1447 3147 scriptorem,
1470 3079 1580 3147 non
1611 3072 1794 3147 tamen
1820 3065 1965 3145 anti-

383 3133 732 3202 quisSimum,
759 3137 852 3203 qui
882 3133 1050 3203 paulo
1078 3133 1482 3203 ante’tempora
1513 3133 1780 3188 Photiana
1821 3135 1971 3188 vixe-

385 3151 732 3202 qmssunum,
759 3153 852 3203 qui
921 3151 1050 3190 aulo
1078 3151 1203 3190 ante
1236 3151 1482 3203 tempora
1515 3151 1780 3188 rnouana
1821 3153 1837 3184 κ

385 3204 480 3268 rit,
509 3205 750 3274 appellat
779 3151 940 3261 Ricii.
969 3205 1356 3260 Monlacutius.
1398 3219 1450 3272 p.
1485 3203 1556 3256 2⁸7
1587 3203 1837 3258 Αηαίεει.

457 3275 532 3343 (b)
565 3275 627 3330 V.
654 3292 736 3344 gr.
765 3276 945 3342 Quare
976 3275 1148 3330 Filius
1173 3276 1288 3334 Dei.
1315 3283 1370 3328 et
1397 3289 1505 3326 non
1539 3275 1702 3329 Pater
1728 3276 1812 3344 vel
1847 3275 1972 3343 Spi-

386 3341 526 3398 ritus
568 3341 792 3400 sanctus
827 3345 1146 3399 incarnatus
1187 3345 1389 3398 fuerit?
1423 3359 1593 3412 quare
1624 3341 1796 3398 Filius
1843 3341 1972 3406 Dei.

387 3427 496 3467 non
546 3415 1057 3485 angeluslMultas
1118 3415 1284 3468 etiam
1338 3413 1406 3468 de
1458 3414 1600 3485 aliis?
1633 3416 1977 3485 argumentis

387 3484 720 3552 quastiones
779 3484 1046 3539 admiscet
1131 3485 1356 3549 Jobius,
1417 3491 1523 3537 ut:
1569 3484 1750 3549 Quare
1803 3484 1971 3540 fuerit

2075 3067 2239 3120 homo
2287 3066 2362 3121 ita
2408 3065 2666 3121 conditus
2718 3073 2777 3118 ut
2827 3073 3011 3132 posset
3065 3062 3212 3117 labi?
3255 3061 3450 3132 Quare,
3481 3060 3656 3118 Moses

2075 3135 2363 3190 historiam
2395 3135 2691 3190 creationis
2721 3131 3091 3202 noneteperit
3119 3132 3189 3186 al)
3216 3131 3458 3200 angelis?
3486 3147 3658 3201 quare

2075 3206 2128 3259 in
2164 3207 2356 3268 sacris,
2388 3205 2606 3260 Veteris
2636 3203 2868 3257 maxime
2897 3203 3076 3266 Test.,
3106 3203 3265 3256 libris
3292 3203 3400 3256 sint
3430 3203 3548 3256 loca
3576 3202 3660 3255 in-

2079 3276 2300 3330 tellectu
2331 3275 2606 3330 dillieilia?
2635 3291 2688 3344 p.
2718 3274 2824 3328 524
2857 3272 3503 3344 seqLetquomodoipro
3525 3285 3658 3327 .om-

2078 3346 2246 3400 nibus
2294 3346 2612 3401 hominibus
2637 3341 2920 3400 _mortuus
2949 3342 3225 3410 Christus,
3278 3357 3333 3412 p.
3365 3341 3490 3412 350,
3540 3356 3656 3412 seq.

2079 3432 2189 3486 non
2235 3432 2366 3471 vero
2413 3432 2512 3485 pro
2558 3414 2786 3486 angelis,
2823 3429 2876 3483 p.
2904 3412 3048 3486 334;
3083 3421 3147 3486 et
3173 3411 3453 3486 quomodo
3483 3411 3660 3482 angeli

2080 3486 2134 3539 in
2169 3485 2318 3540 bono
2352 3481 2684 3551 conﬁrmati,
2714 3481 3103 3540 nos'minime?
3131 3481 3343 3553 p.558.

3081 3671 3372 3685 Μ

3373 3672 3656 3686 MO

398 3675 822 3700 εε-ι-ε--ε

1697 3835 2315 3955 ΙΟΒΙΟΥ

779 4053 886 4108 ΕΙΣ
936 4054 1023 4110 ΤΟ
1048 4056 1158 4110 AIA
1185 4055 1251 4109 T1
1286 4057 1329 4109 0
1360 4055 1516 4109 ΥΙΟΣ
1546 4054 1906 4110 ΕΣΔΡΚΩΘΗ
1931 4059 1971 4111 Κ

2096 4059 2240 4114 ΟΥΧ
2282 4058 2326 4115 0
2365 4061 2596 4114 ΠΛἹῊΡ
2652 4062 2696 4114 H
2727 4061 2815 4114 Tt)
2839 4059 3139 4115 ΠΝΕΥΜΛ
3172 4058 3268 4130 (Ι).

1655 4397 2254 4523 κΙΟΒΙΙ

492 4635 844 4710 QUIESTIO
883 4637 1146 4711 QUARE
1178 4636 1438 4699 FILIUS
1469 4637 1956 4699 INCARNATUS
1999 4636 2160 4712 EST,
2206 4639 2359 4698 NON
2395 4639 2658 4699 AUTEM
2703 4640 2948 4700 PATER
2978 4639 3138 4703 AUT'
3176 4639 3551 4701 SPIBlTUS.

1463 4789 1592 4845 Anc.
1619 4787 1752 4853 MAI,
1791 4787 1968 4843 Class.
1997 4789 2154 4843 Auct.
2188 4798 2227 4844 t.
2263 4789 2330 4854 Χ,
2375 4807 2426 4862 p.
2460 4789 2579 4846 601.

457 5092 536 5145 A'.
586 5088 756 5162 [Cod.
786 5104 841 5162 p.
869 5090 992 5163 Αἱ]
1055 5091 1161 5146 Σὺν
1207 5093 1346 5163 αὑιῇ
1391 5091 1455 5163 τῇ
1492 5093 1614 5166 ῥίζῃ
1649 5097 1745 5150 καὶ
1771 5097 1849 5168 τῷ
1877 5095 1967 5150 θε-

2145 5096 2186 5151 l.
2245 5097 2300 5150 In
2352 5098 2470 5167 ipso
2518 5095 2792 5166 principio
2843 5107 2898 5152 et
2945 5096 3304 5154 fundamento
3336 5099 3661 5154 oeconomia

389 5183 559 5254 μελίῳ
589 5183 690 5254 τῆς
713 5184 1027 5254 οἰκονομίας
1062 5184 1277 5256 πρόεισι
1307 5185 1402 5237 καὶ
1431 5186 1700 5256 μηνύεται
1733 5191 1766 5258 ή
1796 5188 1970 5256 αἰτία,

383 5273 453 5327 δι’
483 5275 552 5345 ῆν
603 5275 634 5327 ὁ
680 5274 807 5338 Υἱὸς
853 5275 949 5328 καὶ
987 5273 1162 5344 Λόγος
1194 5274 1486 5345 ὲσαρκὼθη
1514 5293 1526 5306 ⁸
1567 5279 1730 5347 μόνον
1757 5279 1879 5350 οὐχὶ
1905 5280 1972 5333 δι’

387 5363 569 5417 αὐτῶν
599 5363 712 5418 τῶν
741 5365 1088 5437 πραγμάτων
1129 5365 1270 5436 ὑπὲρ
1299 5366 1498 5421 ἑαυτοῦ
1529 5369 1971 5441 ἀπολογουμένου

387 5453 480 5508 τοῦ
520 5455 658 5510 Θεοῦ
701 5457 876 5527 Λόγου
897 5500 911 5522 ,
960 5459 1055 5512 καὶ
1089 5457 1163 5529 μὴ
1191 5457 1390 5522 ἐῶντος
1419 5460 1724 5514 πλανᾶσθαι
1753 5465 1884 5532 περὶ
1913 5464 1974 5516 τὸ

388 5545 631 5619 ζήτημα,
659 5546 796 5603 ἀλλὰ
824 5549 943 5620 μεθ’
971 5547 1172 5604 ἑαυτοῦ
1203 5549 1303 5622 τὴν
1325 5550 1480 5604 λύσιν
1510 5553 1610 5623 τῆς
1631 5553 1866 5626 ἀπορίας
1887 5554 1976 5623 φέ-

2075 5187 2476 5242 incarnationis
2503 5186 2754 5257 praeferri
2783 5187 2948 5244 debet
2987 5199 3044 5244 et
3067 5189 3302 5244 indicari
3331 5205 3518 5254 causa,
3558 5206 3661 5246 cur

2078 5280 2248 5334 Filius
2291 5288 2346 5334 et
2379 5278 2623 5334 Verbum
2658 5279 2975 5336 incarnatus
3005 5281 3104 5345 sit;
3148 5297 3274 5336 cum
3327 5281 3441 5336 fere
3491 5281 3660 5338 rebus

2077 5373 2210 5440 ipsis
2245 5387 2399 5426 suam
2437 5371 2613 5442 ipsius
2645 5388 2866 5428 causam
2896 5373 3157 5429 defendat
3186 5374 3280 5429 Dei
3309 5373 3576 5438 Verbum,
3603 5383 3660 5430 ct

2075 5464 2129 5517 in
2179 5462 2550 5534 exquisitione
2597 5465 2773 5520 errari
2803 5481 2914 5521 non
2964 5467 3140 5529 sinat,
3191 5466 3287 5520 sed
3337 5479 3450 5535 pra:
3475 5465 3658 5535 seipso

2077 5553 2414 5610 dillicultatis
2458 5555 2794 5613 solutionem
2843 5555 3006 5613 ferat.
3042 5557 3180 5613 Illud
3225 5558 3393 5630 igitur
3413 5571 3656 5628 praepe

461 5728 538 5799 (1)
577 5729 710 5812 Erat
775 5731 892 5812 haec
937 5733 1140 5812 prima_
1177 5735 1412 5812 quaestio
1451 5735 1674 5812 operis_
1706 5735 1964 5812 inscripti
2065 5738 2193 5792 212.
2223 5739 2521 5812 Sequentia
2551 5754 2772 5811 quoque
2805 5739 3110 5812 fragmenta
3139 5755 3206 5796 es
3262 5738 3461 5798 eodem
3485 5754 3654 5812 opere

385 5800 740 5876 Qixovogtxil,
768 5800 844 5854 De
874 5800 1285 5876 incarnatione,
1317 5821 1347 5860 ιι
1383 5800 1542 5860 Jobio
1570 5806 1784 5874 scripti,
1821 5800 1966 5876 quod

390 5868 737 5938 deperditum
791 5887 930 5942 opus
975 5873 1196 5942 copiose
1252 5868 1524 5932 describit
1561 5868 1792 5932 Photius
1835 5868 1962 5932 cod.

2079 5820 2296 5880 sumpta
2319 5809 2590 5866 videntur.
