4078 6428
517 440 659 503 33M

1854 445 2051 506 JOBII
2102 445 2446 507 MONACHI

3638 452 3784 529 3316

513 545 769 599 attiorem
808 561 1060 615 praecone
1096 563 1284 602 voccm
1321 548 1533 605 habens
1558 591 1573 613 ,
1620 553 1766 621 quod
1819 563 1877 608 ut
1916 555 2101 609 nutrix

2211 573 2419 627 ροντος.
2474 555 2624 628 Αὐτὴ
2667 555 2797 624 γοῦν
2843 557 2875 626 ἡ
2913 556 3086 627 φάτνη
3129 556 3372 626 κήρυκος
3404 561 3788 629 μεγαλοφωνὼ

516 635 829 704 aniplexum
879 645 962 691 est
1012 638 1211 707 pannis
1262 640 1569 695 involutum
1620 642 1895 709 Verbum,
1950 647 2099 716 quod

514 726 646 781 clim
678 726 922 795 qua-dam
950 743 1015 781 cx
1046 728 1381 785 animalibus
1412 731 1715 803 secundum
1740 733 1915 804 legem
1946 734 2102 806 puris

513 834 569 879 et
605 824 855 894 impuris,
892 826 1060 883 boves
1091 837 1146 884 et
1172 829 1357 884 asinos
1389 829 1777 902 hospitabatur
1802 840 1861 886 et
1889 834 2101 887 nutric-

514 916 626 971 bat.
676 918 773 973 llis
816 920 1191 976 omenduntur
1244 921 1366 976 duae
1411 923 1605 979 mundi
1656 932 1874 995 partes;
1920 924 2102 983 bobus

513 1009 760 1077 quidem,
811 1011 901 1067 ille
939 1013 1072 1083 jugo
1107 1014 1244 1084 legis
1274 1015 1584 1071 submissus
1610 1016 1799 1082 lsrael,
1842 1026 1899 1073 et
1943 1033 2099 1072 man-

511 1102 637 1157 data
671 1119 894 1159 servare
923 1106 1137 1175 iussus;
1189 1108 1360 1162 asinis
1386 1118 1593 1172 autem,
1629 1112 1876 1180 gentium
1912 1110 2101 1164 multi-

513 1196 671 1260 tudo,
704 1196 882 1252 libera
918 1198 1141 1268 quidem
1174 1215 1203 1253 a
1235 1200 1544 1272 legisjugo,
1574 1202 1669 1257 sed
1701 1202 2100 1257 daemoniorum

512 1287 655 1341 facta
719 1289 881 1344 sedes
934 1298 990 1343 et
1045 1291 1333 1346 cathedra.
1392 1293 1651 1348 llabacuc
1703 1293 2102 1350 incarnationis

512 1380 962 1437 circumstantias
1003 1383 1353 1453 praadicens:
1400 1385 1466 1440 In
1506 1387 1677 1441 medio
1713 1388 1936 1441 duorum
1985 1389 2103 1442 ani-

515 1473 737 1527 malium
763 1487 1119 1544 cognoscatur,
1146 1477 1316 1532 dicit‘
1345 1495 1360 1543 ;
1388 1478 1555 1535 Verbi
1582 1479 1730 1533 enim
1767 1479 2102 1534 intermedio

510 1565 866 1635 coniungitur
904 1569 1056 1622 natio
1105 1580 1360 1638 utraque,
1397 1579 1453 1624 et
1489 1570 1706 1626 medius
1764 1571 1945 1641 paries
1991 1571 2102 1626 sol-

513 1659 691 1723 vitur;
726 1674 851 1712 nam
892 1659 956 1719 In
1005 1660 1212 1719 Christo
1255 1661 1383 1718 Jcsu
1432 1679 1537 1716 non
1585 1672 1663 1718 est
1695 1664 1905 1719 ercus
1936 1680 2102 1735 neque

509 1748 758 1816 Iudicas,
814 1766 982 1822 neque
1032 1753 1361 1809 circumcisio
1417 1770 1584 1826 neque
1643 1756 1981 1826 prwputium.
2040 1754 2099 1809 ln

514 1843 893 1899 testimonium
944 1843 1145 1911 horum
1198 1845 1474 1903 dictorum
1524 1862 1756 1917 magnus
1803 1846 2101 1918 Gregorius

509 1935 644 1991 dicit
670 1953 684 1989 ε
719 1955 738 1987 ι
767 1936 1019 2007 Praesepe
1050 1937 1242 2001 adora,
1277 1954 1373 2008 per
1401 1939 1571 2009 quod,
1611 1939 1741 1995 dum
1768 1939 1886 2001 sine
1930 1940 2102 2001 verbo

510 2040 658 2089 cras,
693 2028 939 2091 nutritus
968 2042 1028 2082 es
1059 2043 1088 2081 a
1122 2026 1336 2094 Verbo;
1371 2037 1427 2083 et
1458 2044 1726 2099 cognosce
1758 2039 1819 2092 ut
1849 2030 1949 2084 bos
1975 2045 2103 2101 pos-

513 2132 785 2182 sessorem
835 2124 1014 2182 tumn,
1060 2117 1230 2178 Isaias
1267 2121 1515 2190 pmcipit
1544 2121 1703 2187 tihi’,
1740 2130 1796 2177 et
1820 2122 1965 2184 sicut
1989 2123 2100 2183 asi-

513 2225 619 2277 nus
649 2223 892 2278 praesepe
939 2210 1147 2263 domini
1192 2210 1295 2276 tui,
1344 2212 1459 2266 sive
1493 2227 1523 2265 e
1560 2212 1716 2282 puris
1771 2212 2104 2277 animalibus

514 2305 686 2360 unum
724 2297 816 2363 sit,
852 2312 906 2352 et
939 2298 1042 2353 sub
1071 2298 1189 2369 lege
1221 2299 1465 2355 Verbum
1496 2299 1929 2366 ruminantihus,
1953 2310 2009 2357 et
2034 2302 2099 2358 ad

511 2387 844 2443 sacrificium
874 2389 1038 2459 aptis,
1068 2390 1184 2444 sive
1210 2405 1276 2445 ex
1304 2390 1535 2460 impuris
1563 2391 1630 2446 ad
1667 2400 1884 2463 tempus
1904 2403 1959 2449 et
1991 2403 2102 2449 non

511 2481 657 2550 aptis
693 2479 990 2546 sacriﬁcio,
1039 2491 1096 2537 et
1137 2497 1204 2536 ex
1258 2481 1548 2552 gentilium
1597 2492 1773 2553 parte.
1823 2504 1842 2536 ι
1877 2484 2104 2557 Magnus

512 2588 732 2642 quoque
795 2573 1071 2628 Basilius:
1118 2592 1136 2625 ε
1200 2574 1315 2629 Etsi
1368 2574 1663 2631 haereticus
1714 2574 1960 2647 prmsep'e
2019 2578 2101 2633 illi

509 2666 828 2735 exprobret,
853 2682 953 2736 per
979 2667 1148 2735 quod,
1182 2667 1314 2722 dum
1347 2669 1466 2723 sine
1495 2669 1664 2724 verbo
1689 2678 1832 2736 erat,
1860 2656 2104 2727 nutritus

509 2768 597 2819 est
633 2776 663 2813 a
699 2758 890 2814 verbo.
942 2780 962 2812 ›

583 2852 647 2905 ll.
685 2850 956 2917 Quoniam
998 2852 1268 2923 baptisma
1309 2853 1625 2925 adoptionis
1650 2855 1806 2928 origo
1833 2865 1937 2919 est,
1974 2856 2101 2927 Spi-

514 2944 622 2997 ritu
662 2944 939 2999 ditl‘erenti
1002 2945 1168 3001 modo
1215 2947 1376 3002 electi
1421 2947 1659 3015 fuimus;
1707 2951 1913 3006 etenim
1974 2966 2101 3005 cum

517 3037 859 3104 baptismatis
905 3036 1181 3107 principio
1222 3046 1279 3094 et
1313 3039 1528 3109 origine
1556 3038 1796 3111 Spiritus
1842 3057 2103 3112 corpora-

513 3131 642 3195 liter
694 3128 854 3183 nobis
902 3128 1161 3184 informa
1203 3130 1476 3187 columbze
1517 3146 1575 3186 se
1605 3132 1863 3201 praebuit,
1890 3142 2099 3189 etcum

2201 666 2389 719 τερον,
2447 642 2535 702 οἷα
2573 649 2771 719 τροφὸς
2805 647 3179 719 ὑποδεξαμένη
3208 650 3667 719 σπαργανωθέντα
3694 654 3790 709 τὸν

2203 746 2378 811 Λόγον
2399 782 2412 806 ,
2461 743 2497 813 ἥ
2542 758 2674 796 ποτε
2709 742 2819 796 τῶν
2848 741 3062 809 ἀλόγων
3092 743 3203 795 τῶν
3229 742 3307 814 τῷ
3331 743 3479 813 νόμῳ
3505 744 3785 816 καθαρῶν,

2204 838 2298 891 καὶ
2321 834 2653 906 ἀκαθάρτων
2676 832 2839 905 βοῶν,
2862 833 2957 886 καὶ
2981 833 3118 887 ὖνων
3143 830 3433 905 δεξαμένη,
3451 835 3546 889 καὶ
3561 836 3789 907 τροφός·

2201 924 2282 991 οἷς
2301 926 2555 997 δηλοῦται
2574 925 2642 979 τά
2657 924 2752 979 δύο
2779 922 2874 976 τοῦ
2897 925 3104 995 κόσμου
3122 923 3380 995 διχοτομή
3389 941 3558 993 ματα,
3577 925 3666 980 διὰ
3688 926 3790 997 μὲν

2199 1020 2310 1074 τῶν
2345 1017 2505 1088 βοῶν,
2544 1016 2669 1086 ὀτῷ
2697 1014 2793 1071 τοῦ
2831 1017 2997 1086 νόμου
3036 1014 3187 1086 ζυγῷ
3219 1016 3504 1078 ὑποτεθεὶς
3549 1016 3785 1090 Ἰσραὴλ⁴

2203 1112 2298 1165 καὶ
2324 1106 2562 1182 ἐργάτης
2587 1104 2726 1163 εἶναι
2755 1107 2861 1161 τῶν
2890 1108 3121 1161 ἐντολῶν
3149 1106 3482 1178 ὲπιταχθείς·
3501 1107 3659 1162 διὰδὲ
3680 1109 3790 1164 τᾶν

2201 1206 2365 1269 ὄνων,
2391 1206 2425 1274 ἡ
2459 1204 2567 1256 τῶν
2594 1200 2766 1255 ὲθνῶν
2794 1200 3028 1271 πληθὺς,
3062 1202 3096 1270 ἠ
3118 1199 3361 1270 νομικῶν
3393 1198 3492 1270 μὲν
3527 1199 3791 1270 ἐλευθέρα

2203 1297 2402 1365 ζυγῶν,
2438 1295 2775 1365 ὑπόστρωμα
2800 1294 2858 1347 δὲ
2887 1294 2978 1346 καὶ
3002 1292 3242 1363 καθέδρα
3268 1292 3561 1362 δαιμονίων
3586 1292 3801 1363 τυγχά-

2202 1399 2392 1439 νουσα.
2426 1381 2540 1436 Καὶ
2572 1381 2897 1452 ’Δμὸακοὺμ
2925 1380 2995 1434 τά
3022 1380 3119 1451 τῆς
3145 1381 3460 1452 οἰκονομίας
3484 1381 3788 1453 προλέγων,

2214 1477 2313 1527 Ἐν
2351 1473 2525 1543 μέσῳ
2572 1472 2684 1527 δύο
2726 1471 2884 1536 ζώων
2926 1471 3295 1541 γνωσθήσῃ,
3333 1472 3536 1542 φησίν·
3582 1474 3650 1543 τῇ
3678 1471 3793 1542 γὰρ

2202 1566 2297 1622 τοῦ
2329 1566 2504 1635 Λόγου
2541 1564 2793 1636 μεσιτείᾳ
2825 1564 3162 1617 συνάπτεται
3188 1563 3340 1626 ἔθνος
3367 1564 3659 1635 ἑκάτερον,
3695 1563 3792 1617 καὶ

2202 1660 2295 1714 τοῦ
2328 1657 2588 1731 φραγμοῦ
2617 1660 2679 1710 τὺ
2710 1656 3027 1726 μεσότοιχον
3053 1654 3262 1713 λύεται·
3299 1655 3403 1713 Ἐν
3425 1654 3534 1724 γὰρ
3558 1652 3791 1723 Χριστῷ

2202 1752 2408 1822 Ἰησοῦ
2438 1753 2548 1805 οὐκ
2584 1749 2755 1805 ἐστιν
2786 1751 3021 1814 ’Ἕλλην
3053 1747 3150 1801 καί
3185 1745 3493 1812 Ἰουδαῖος,
3527 1749 3598 1800 οὐ
3627 1761 3792 1813 nept-

2203 1844 2355 1917 τομὴ
2388 1844 2487 1899 καὶ
2519 1843 2911 1911 ἀκροϐυστία.
2946 1843 3054 1894 Καὶ
3088 1841 3298 1912 μάρτυς
3324 1838 3433 1892 τῶν
3456 1838 3788 1910 εἰρημένων,

2135 1902 2175 1956 Β
2205 1941 2231 1994 ὃ
2260 1902 2320 1993 τε
2339 1902 2528 2016 ’μέγας
2556 1902 2859 2009 Γ-ρηγόριος
2886 1902 3100 2006 λέγων’.
3118 1953 3135 1985 ι
3169 1902 3282 2004 ἰΓίγιν
3310 1902 3524 2001 φάτνην
3549 1902 3792 2003 sipoch-

2170 2096 2177 2099 _
2206 2049 2390 2102 νησον,
2424 2029 2490 2083 δι’
2516 2029 2582 2102 ἢν
2610 2028 2806 2096 ἄλογος
2835 2026 2910 2081 ὢν
2940 2026 3184 2097 ἐτράφης
3215 2025 3321 2078 ὑπὸ
3345 2024 3441 2078 τοῦ
3465 2025 3656 2094 λόγου·
3694 2025 3792 2077 καὶ

2205 2125 2374 2194 γνῶθι
2418 2122 2492 2186 ὡς
2532 2120 2660 2193 βοῦς
2691 2120 2783 2174 τὸν
2815 2120 3155 2189 κτησάμενον
3179 2160 3193 2184 ,
3233 2117 3462 2180 Ἡσαΐας
3507 2114 3790 2171 διακελεύ-

2205 2215 2325 2269 εταί
2357 2232 2439 2267 σοι
2464 2228 2479 2244 ⁸
2514 2212 2606 2266 καὶ
2635 2211 2711 2273 ὡς
2735 2210 2856 2273 ὖνος
2884 2207 2981 2280 τὴν
3009 2209 3219 2279 φάτνην
3249 2207 3341 2259 τοῦ
3368 2204 3560 2275 κυρίου
3597 2204 3786 2269 αὑτοῦ,

2205 2310 2314 2365 εἴτε
2363 2308 2471 2362 τῶν
2525 2304 2782 2376 καθαρῶν
2826 2321 2912 2367 τις
2950 2300 3034 2368 εἴ,
3084 2305 3178 2357 καὶ
3221 2301 3325 2356 ὑπὸ
3353 2301 3444 2354 τὸν
3491 2300 3654 2369 νόμον
3692 2296 3790 2351 καὶ

2209 2392 2562 2473 μηρυκισμῖιν
2593 2395 2906 2466 ἀναγόντων
2936 2394 3030 2448 τοῦ
3054 2397 3229 2463 Λόγου
3257 2435 3271 2459 ,
3307 2393 3402 2446 καὶ
3432 2392 3571 2463 πρὸς
3596 2389 3791 2442 θυσίαν

2204 2494 2526 2565 ἐπιτηδείων
2547 2533 2562 2557 ,
2593 2490 2703 2544 εἴτε
2765 2487 2876 2542 τῶν
2906 2485 3232 2557 ἀκαθάρτων
3258 2485 3397 2549 τέως
3428 2485 3525 2538 καὶ
3551 2482 3790 2545 ἀθύτων,

2207 2587 2303 2641 καὶ
2358 2585 2460 2655 τῆς
2508 2582 2732 2652 ὲθνικῆς
2774 2581 3012 2652 μερίδος·
3037 2597 3057 2632 ι
3102 2580 3196 2633 καὶ
3225 2578 3253 2632 6
3283 2578 3459 2650 μέγας
3483 2575 3790 2639 Βασίλειος,

2210 2696 2228 2730 ι
2279 2678 2344 2733 Εἰ
2392 2676 2490 2735 καὶ
2536 2675 2637 2745 τὴν
2682 2672 2892 2744 φάτνην
2947 2673 2976 2724 6
3020 2669 3294 2739 αἱρετικὸς
3340 2666 3489 2738 αὐτῷ
3514 2665 3789 2730 όνειδίσει,

2203 2775 2269 2826 δι’
2304 2768 2371 2845 ἦς
2408 2770 2603 2839 ἄλογος
2633 2766 2708 2822 ῶν
2746 2765 2961 2837 ἐτράφη
2993 2764 3098 2817 ὑπὸ
3123 2763 3216 2817 τοῦ
3241 2761 3426 2827 λόγου.
3461 2777 3480 2811 ι
3762 2800 3769 2801 κ

2276 2864 2348 2917 8'.
2375 2862 2454 2933 [p.
2483 2858 2598 2933 90.]
2621 2860 2748 2913 Ὅτι
2778 2857 2838 2912 τὸ
2861 2856 3143 2927 βάπτισμα
3163 2852 3263 2924 τῆς
3285 2850 3564 2914 υἱοθεσίας
3586 2850 3619 2919 ἡ
3638 2848 3790 2919 ῥίζα,

2202 2957 2278 3027 τῷ
2327 2954 2609 3025 Πνεύματι
2650 2950 3016 3019 διαφερόντως
3034 2943 3519 3014 ἀποκεκλήρωται·
3553 2942 3648 2994 καὶ
3680 2940 3791 3010 γὰρ

2208 3050 2347 3119 μετά
2393 3049 2493 3110 τῆς
2545 3044 2636 3098 τοῦ
2684 3041 3064 3112 βαπτίσματος
3113 3039 3289 3109 ἀρχῆς
3319 3052 3379 3087 τε
3416 3034 3511 3088 καὶ
3544 3031 3698 3104 ῥίζης
3732 3032 3794 3083 τὸ

2206 3138 2429 3209 Πνεῦμα
2458 3135 2785 3208 σωματικῶς
2814 3135 2945 3204 ἡμῖν
2974 3133 3033 3184 ὲν
3061 3130 3191 3193 εἴδει
3222 3129 3552 3205 περιστερᾶς
3596 3122 3801 3193 ἐπεδή-

511 3221 897 3290 puriﬁcationc
928 3221 1021 3290 qui
1049 3237 1251 3292 purum
1283 3223 1451 3278 eilicit
1476 3223 1642 3279 simul
1677 3234 2007 3294 praestatur;
2044 3237 2101 3281 et

2211 3247 2411 3300 μησεν,
2438 3230 2533 3283 καὶ
2557 3226 2633 3297 τῷ
2657 3221 2987 3297 καθαρισμῷ
3012 3222 3074 3276 τὸ
3094 3219 3464 3291 καθαροποιὸν
3486 3235 3549 3271 συ
3559 3214 3799 3288 μπροέρ-

509 3316 657 3371 sicut
699 3314 921 3369 Christo
966 3314 1316 3383 corporalem
1368 3316 1717 3371 celebramus
1750 3327 1966 3382 ortum,
2006 3319 2103 3373 Dei

515 3405 978 3460 manifestationis
1023 3405 1171 3465 diem
1208 3406 1566 3471 honorantes,
1621 3409 1676 3461 in
1710 3424 1821 3479 quo
1849 3408 2021 3464 Filius
2048 3410 2105 3463 in

513 3508 658 3563 terra
729 3498 871 3552 risus
922 3506 1019 3562 est,
1075 3505 1125 3552 et
1201 3513 1322 3551 cum
1395 3497 1691 3554 hominibus
1766 3500 2103 3556 concersatus

511 3600 589 3655 est
612 3592 660 3655 ³;
698 3590 774 3644 ita
807 3589 1101 3652 luminum.
1138 3590 1190 3649 id
1228 3598 1334 3656 est,
1370 3590 1794 3655 illuminationis
1826 3592 1976 3648 diem
2006 3593 2100 3649 Dei

512 3682 975 3737 nianifestationis
1000 3681 1224 3737 nomine
1257 3681 1607 3749 decorantes,
1634 3700 1744 3739 non
1779 3686 1964 3741 minus
2000 3685 2103 3756 ipsi

509 3775 875 3843 corporaliter
919 3775 1204 3845 apparenti
1262 3774 1493 3845 Spiritui
1551 3777 1924 3834 celebramus.
1972 3778 2103 3833 Ideo

516 3881 709 3922 recens
744 3866 1056 3936 baptizatis,
1086 3877 1145 3922 ut
1174 3877 1511 3938 cognoscant
1558 3880 1615 3925 et
1644 3860 1873 3926 credant
1922 3870 2106 3941 digni-

511 3965 680 4013 tatem
706 3957 944 4026 Spiritus
978 3958 1074 4029 qui
1106 3959 1417 4028 puriticavit
1449 3968 1505 4016 et
1531 3963 1898 4026 consecravit,
1925 3964 2103 4017 arrha:

512 4050 641 4105 da'a
687 4060 817 4105 sunt
866 4050 993 4106 ﬁdei
1035 4050 1278 4123 Spiritus
1328 4052 1493 4118 dona,
1548 4069 1743 4109 verum
1792 4054 2106 4124 adoptionis

513 4140 732 4212 pignus.
764 4140 897 4197 Cum
925 4146 1067 4198 enim
1097 4143 1199 4212 ﬁlii
1229 4144 1372 4210 estis,
1402 4143 1538 4199 dicit
1570 4144 1888 4213 Apostolus,
1929 4147 2105 4199 immi-

508 4234 579 4295 sit
611 4236 750 4297 Deus
779 4233 1026 4303 spiritum
1054 4233 1177 4288 Filii
1218 4236 1302 4289 sui
1344 4235 1400 4289 in
1431 4234 1593 4290 corda
1624 4235 1868 4301 vestra‘;
1901 4245 1957 4291 et
1987 4235 2106 4292 Sal-

511 4335 704 4379 valor:
740 4326 857 4380 Nisi
886 4328 1002 4397 quis
1041 4337 1257 4382 renatus
1289 4328 1541 4399 fuerit’ea:
1578 4343 1719 4397 aqua
1750 4335 1800 4381 et
1835 4327 2097 4400 Spiritu“.
2144 4360 2147 4363 <

511 4448 585 4460 -—-
628 4418 726 4472 Vos
777 4428 955 4472 autem
1004 4418 1408 4485 baptizabimini
1450 4420 1507 4473 in
1553 4426 1738 4473 sancto
1797 4417 1999 4490 Spiritu
2053 4432 2102 4476 et

509 4510 702 4581 igne“;
755 4519 811 4563 et
867 4511 1063 4565 beatus
1106 4511 1397 4566 Joannes:
1451 4509 1516 4564 In
1578 4512 1675 4564 hoc
1722 4513 2076 4581 cognoscimus

512 4602 767 4671 quoniam
789 4602 844 4656 in
870 4600 984 4671 ipso
1018 4616 1314 4665 manemus,
1333 4609 1382 4654 ct
1413 4603 1602 4672 ipsein
1634 4603 1777 4659 nobis
1799 4620 1863 4658 ea:
1894 4603 2098 4676 Spiritu

512 4711 669 4764 quem
712 4693 855 4758 dedit
899 4692 1044 4748 nobis
1067 4693 1116 4755 ⁷;
1153 4701 1210 4747 et
1250 4693 1489 4748 Paulus:
1522 4694 1586 4750 In
1613 4712 1715 4765 quo
1744 4697 1941 4768 signati
1976 4699 2096 4753 estis

511 4787 568 4839 in
599 4786 738 4856 diem
773 4783 1219 4856 redemptionis";
1248 4791 1305 4837 et
1331 4785 1499 4839 multa
1527 4786 1749 4841 similia.

2207 3322 2385 3394 χεται,
2419 3319 2514 3372 καὶ
2541 3316 2732 3387 ὥσπερ
2753 3313 2977 3386 Χριστῷ
3004 3313 3096 3366 τὸν
3123 3309 3434 3381 σωματικὴν
3457 3307 3795 3381 ἑορτάζομεν

2206 3415 2399 3479 τόκον,
2451 3408 2778 3479 θεοφανείας
2830 3403 3206 3476 ἐντρυφῶντες
3246 3403 3496 3473 ἡμέραν,
3532 3398 3627 3455 τοῦ
3656 3397 3792 3453 Υἱοῦ

2204 3504 2302 3561 ἐπί
2334 3502 2442 3572 τῆς
2465 3502 2577 3572 γῆς
2599 3500 2889 3570 ὀφθέντος
2909 3497 3008 3552 καὶ
3028 3498 3150 3563 τοῖς
3174 3494 3508 3563 ἀνθρώποις
3526 3508 3795 3547 συνανα-

2204 3595 2580 3667 στραφέντος
2603 3610 2618 3624 ·
2668 3591 2812 3646 οὕτω
2840 3593 2934 3645 καὶ
2973 3589 3071 3661 τὴν
3099 3587 3208 3641 τῶν
3232 3587 3446 3651 φώτων,
3489 3585 3654 3656 ῆγουν
3695 3581 3791 3644 τοῦ

2204 3691 2557 3761 φωτίσματος
2602 3684 2819 3756 ἡμέραν
2858 3679 3179 3750 θεοφανείας
3212 3678 3559 3760 προσηγορίᾳ
3582 3675 3793 3745 τιμῶν-

2203 3802 2316 3848 τες,
2352 3783 2454 3836 οὐκ
2482 3779 2724 3841 ἔλαττον,
2762 3776 2859 3830 καὶ
2889 3775 3038 3845 αὐτῷ
3063 3770 3441 3843 σωματοειδῶς
3469 3768 3792 3837 ἐπιφανέντι

2207 3870 2671 3941 συνεπιτελοῦμεν
2701 3867 2776 3939 τῷ
2801 3866 3104 3935 Πνεύματι.
3133 3864 3224 3917 Διδ
3250 3864 3345 3919 καὶ
3368 3865 3480 3925 τοῖς
3503 3858 3791 3914 νεεῦαπτί-

2208 3983 2353 4029 στοις
2386 3965 2522 4036 πρὸς
2552 3962 2754 4032 γνῶσιν
2786 3961 2880 4013 καὶ
2910 3960 3174 4013 πίστωσιν
3199 3956 3300 4027 τῆς
3326 3954 3421 4008 τοῦ
3448 3952 3795 4024 καθήραντος

2206 4059 2298 4111 καὶ
2327 4055 2712 4119 τελειώσαντος
2741 4052 2881 4107 Πνεύ
2890 4067 3058 4122 ματος
3090 4049 3268 4115 ἀξίας,
3303 4046 3559 4119 ἀρραϐὼν
3590 4044 3796 4099 ἐδίδοτο

2206 4151 2304 4220 τῆς
2350 4148 2591 4212 πίστεως
2635 4144 2731 4201 τοῦ
2772 4143 3095 4215 Πνεῦματος
3133 4142 3201 4195 τά
3232 4141 3569 4213 χαρίσματα,
3599 4136 3661 4190 τὸ
3689 4135 3797 4205 τῆς

2206 4241 2478 4304 υἱοθεσίας
2504 4239 2672 4303 ὅντως
2691 4230 2963 4308 ἐνέχυρον·
2994 4237 3123 4289 Ὅτι
3141 4233 3249 4304 γάρ
3270 4234 3410 4287 ἐστε
3431 4230 3568 4293 υἱοὶ,
3599 4229 3792 4299 φησὶν,

2203 4332 2635 4400 ἐξαπέστειλεν
2670 4331 2704 4383 ὀ
2737 4330 2881 4396 Θεὸς
2922 4328 2989 4382 τό
3026 4326 3271 4396 Πνεῦμα
3295 4324 3403 4379 τοῦ
3436 4324 3571 4378 Υιοῦ
3601 4320 3795 4375 αὐτοῦ

2204 4430 2275 4482 ἐν
2320 4426 2452 4493 ταῖς
2494 4423 2764 4492 καρδίαις
2808 4421 2971 4490 ὑμῶν
2997 4437 3011 4452 ο
3066 4420 3160 4472 καὶ
3184 4419 3212 4470 ὁ
3236 4418 3459 4487 Σωτήρ·
3491 4416 3558 4470 Et
3583 4412 3668 4482 μή
3698 4425 3794 4477 τις

2205 4513 2471 4584 γεννηθῇ
2500 4513 2576 4567 δι’
2602 4511 2820 4576 ὓδατος
2844 4509 2941 4563 καὶ
2965 4508 3330 4577 Πνεύματος·
3364 4510 3481 4568 καὶ,
3514 4501 3703 4572 Ὑμεῖς
3723 4501 3797 4556 δὲ

2208 4605 2706 4675 βαπτισθήσεσθε
2737 4604 2806 4657 ἐν
2832 4603 3132 4670 Πνεύματι
3156 4599 3304 4670 ἁγίῳ
3336 4597 3435 4651 καί
3464 4596 3611 4664 πυρί
3630 4612 3645 4626 ·
3695 4595 3794 4647 καὶ

2205 4701 2234 4753 ό
2266 4698 2538 4768 μακάριος
2572 4695 2861 4764 Ἰωάννης·
2909 4692 3012 4746 Ἐν
3036 4684 3225 4755 τούτῳ
3252 4688 3623 4759 γινώσκομεν
3701 4686 3795 4738 ὅτι

2202 4793 2273 4846 ὲν
2299 4789 2460 4856 αὐτῷ
2482 4787 2770 4860 μένομεν,
2794 4785 2894 4840 καί
2920 4783 3104 4851 αὐτὸς
3132 4784 3203 4838 ἐν
3227 4781 3373 4852 ἡμῖν
3397 4780 3466 4835 ἐκ
3486 4777 3593 4834 τοῦ
3609 4778 3797 4835 Uret}.

506 4893 700 4945 ματος
731 4871 804 4930 οὗ
835 4875 1059 4944 ἔδωκεν
1093 4875 1264 4964 ἡμῖν·
1308 4876 1402 4948 καὶ
1446 4878 1473 4930 ό
1508 4878 1752 4944 Παῦλος·
1800 4882 1894 4937 Ἑν
1918 4876 1965 4950 ᾧ
1993 4883 2439 4954 ἐσφραγίσθητε
2470 4885 2553 4949 εἰς
2614 4877 2845 4949 ἡμέραν
2903 4874 3399 4944 ἀπολυτρώσεως·
3466 4875 3559 4928 καὶ
3618 4871 3795 4927 πολλά

508 4985 757 5024 τηαυτα.

583 5061 673 5118 lll.
709 5064 769 5117 In
808 5064 984 5134 majus
1005 5062 1254 5120 debitum
1295 5079 1547 5122 crescere
1572 5067 1736 5123 docet
1770 5068 2094 5141 (parabola),

510 5168 624 5211 non
653 5154 882 5208 omnino
905 5153 1054 5209 idem
1080 5153 1222 5221 ﬁeri,
1250 5155 1413 5225 quale
1440 5164 1527 5212 est
1557 5172 1800 5227 praesens
1825 5158 2095 5231 debitum.

511 5244 661 5299 Dixit
696 5244 850 5315 enim
902 5245 1071 5312 istud,
1127 5255 1186 5303 ut
1228 5248 1469 5314 videtur,
1522 5255 1781 5319 tanquam
1827 5252 2013 5319 justus
2043 5260 2100 5306 et

515 5334 769 5390 minister
818 5331 926 5392 hoc
972 5338 1290 5406 postulans;
1346 5339 1602 5409 quamvis
1649 5342 1989 5397 contrarium
2041 5342 2096 5396 in

510 5425 834 5483 hominibus
870 5429 1152 5499 plerisque
1182 5429 1520 5485 inveniatur.
1560 5429 1695 5485 Nam
1730 5433 1864 5498 justi
1900 5449 2096 5489 omnes

509 5529 613 5593 per
656 5516 941 5586 virtutem,
994 5519 1099 5575 etsi
1143 5521 1202 5575 in
1249 5518 1437 5591 aliquo
1461 5522 1616 5590 prius
1645 5522 1996 5592 peccaverint
2035 5533 2096 5578 ut

511 5596 785 5675 homines,
834 5609 1132 5682 puriﬁcati,
1184 5618 1243 5667 et
1282 5611 1469 5668 debita
1518 5611 1588 5666 ad
1630 5612 1999 5684 quadruplum
2038 5623 2098 5669 ut

511 5699 774 5771 Zachmus
803 5703 1103 5771 solventes,
1140 5713 1198 5774 et
1231 5703 1553 5776 multiplicis
1580 5703 1845 5761 sudorum
1886 5722 2099 5765 merce-

586 5813 606 5848 ί
639 5816 862 5889 ΔΗίιιιςιο.
895 5835 971 5882 ιιι,
1008 5819 1063 5874 9.
1142 5821 1161 5852 ²
1196 5818 1301 5874 Isa.
1337 5834 1374 5889 ι,
1408 5818 1462 5873 2.
1522 5818 1588 5889 *ξ
1621 5819 1834 5875 Bnruch
1897 5838 1976 5889 ιιι,
2022 5822 2108 5876 '58.

512 5885 587 5956 Ἰ
630 5886 785 5947 Joan.
824 5905 907 5959 ut,
956 5891 1036 5947 l9.
1116 5889 1137 5920 ⁸
1170 5885 1372 5969 Ερὴεεζ
1416 5904 1489 5955 tv,
1521 5886 1607 5941 50.

2276 5069 2350 5121 I".
2394 5064 2485 5138 [p.
2518 5058 2669 5134 189.]
2718 5059 2806 5114 Ἐν
2831 5060 2946 5123 τοῖς
2974 5055 3184 5111 πλείοσι
3211 5054 3273 5108 τὸ
3298 5051 3514 5122 ὀφεῖλον
3539 5051 3793 5120 γίνεσθαι

2202 5164 2447 5217 διδάσκει
2471 5200 2485 5222 ,
2520 5158 2583 5211 οὐ
2612 5157 2674 5210 τδ
2703 5156 2922 5217 πάντως
2965 5151 3141 5216 οὕτως
3164 5151 3471 5220 γινόμννον·
3524 5143 3639 5201 οἷόν
3669 5149 3793 5201 ἐστι

2204 5257 2297 5310 καὶ
2325 5255 2386 5307 τὸ
2417 5250 2591 5322 παρόν
2610 5266 2626 5281 ·
2659 5244 2784 5302 εἷπε
2813 5246 2922 5315 γὰρ
2948 5244 3105 5299 τοῦτο
3135 5243 3277 5297 κατά
3301 5240 3363 5293 τὸ
3387 5239 3557 5305 εἰκὸς,
3589 5239 3666 5301 ὡς
3694 5239 3792 5293 τοῦ

2201 5346 2450 5408 δικαίου,
2504 5342 2599 5396 καὶ
2643 5337 2740 5394 τοῦ
2783 5337 3080 5392 ἀκολούθου
3112 5333 3273 5390 τοῦτο
3302 5328 3667 5395 ἀπαιτοῦντος
3690 5347 3702 5358 °
3740 5334 3795 5384 εί

2203 5438 2297 5490 καὶ
2321 5433 2630 5489 τούναντίον
2653 5434 2712 5486 ὲν
2742 5432 2856 5494 τοῖς
2886 5429 3159 5491 πλείστοις
3181 5426 3288 5481 τῶν
3308 5424 3612 5495 ἀνθρώπων
3642 5422 3796 5477 ἐστιν

2203 5529 2405 5600 εὑρεῖν.
2442 5527 2507 5580 Οί
2553 5527 2652 5596 μὲν
2691 5522 2801 5593 γὰρ
2842 5521 3042 5575 δίκαιοι
3081 5518 3281 5582 πάντες
3319 5516 3410 5570 διὰ
3441 5515 3541 5585 τῆς
3563 5513 3791 5607 ἀρετῆς,

2204 5620 2253 5672 εἰ
2286 5619 2381 5671 καί
2415 5636 2468 5671 τι
2503 5618 2860 5685 προήμαρτον
2886 5614 2961 5673 ὡς
2990 5612 3268 5681 ἀνθρωττοι
3292 5649 3307 5673 ,
3361 5607 3792 5680 καθαρισθέντις

2205 5712 2299 5778 καὶ
2345 5710 2407 5763 τὸ
2439 5709 2600 5781 χρέος
2630 5704 3093 5770 πολυπλασίωςὼς
3114 5703 3420 5772 όΖακιαῖος
3473 5701 3789 5767 ἀποδόντες,

2245 5824 2266 5854 ⁸
2295 5822 2469 5877 Galat.
2513 5838 2584 5889 iv,
2626 5819 2679 5875 6.
2813 5820 2832 5850 ⁸
2869 5816 3023 5883 Joan.
3065 5830 3145 5882 ιιι,
3179 5811 3233 5865 5.
3347 5812 3366 5843 ⁸
3399 5811 3534 5880 Luc.
3576 5827 3658 5889 ιιι,
3699 5813 3790 5869 16.
