4078 6400
431 380 573 451 1817

1689 383 1798 448 ΒΕ
1833 377 2421 446 lN-CARNATIONE.

2275 277 2361 294 "“

3547 365 3688 433 3318

433 491 531 547 καὶ
549 489 629 544 ἔτι
656 489 883 561 μυρίους
907 488 1158 561 ίδρώτων-
1179 490 2002 563 μισθοὺς·δφειλόμενοι,“Ἐο’ται

2123 487 2194 540 lis
2243 485 2487 541 debitam
2539 479 2948 552 praestationem
3001 487 3316 547 sperantes,
3352 478 3467 534 Erit
3514 483 3682 546 enim,

428 581 562 654 γὰρ,
582 585 768 653 φησὶν,
795 585 828 637 ό
838 582 1056 651 μισθός
1075 583 1244 652 ὑμῶν
1263 585 1456 650 πολὺς
1479 585 1549 639 ἐν
1569 587 1691 654 τοῖς
1707 587 2004 656 οὐρανοῖς,

2109 577 2243 631 dicit
2269 575 2570 645 Scriptura,
2603 587 2790 626 merces
2814 580 2988 624 vestra
3017 567 3188 624 multa
3215 572 3270 624 in
3298 569 3482 634 casio”,
3502 587 3690 640 quam-

430 675 480 727 εί
511 674 606 726 καὶ
639 675 857 743 μικροῖς
885 672 1175 726 ὑπέκειντο
1207 674 1681 745 πλημμελήμασιν
1705 718 1719 742 ,
1755 677 2008 745 ἀγαπῶσι

2123 668 2193 722 vis
2227 666 2443 722 levibus
2481 663 2850 736 subjiciantur
2897 662 3145 726 oll‘ensis,
3181 663 3417 716 multum
3457 663 3690 733 diligunt

431 760 569 814 πολὺ
592 776 604 790 ⁸
660 761 723 814 τὸ
765 762 821 814 δὲ
869 760 976 816 τῶν
1007 761 1348 832 ἁμαρτωλῶν
1374 762 1530 834 ἡμῶν
1561 762 1763 833 πλῆθος
1796 767 2010 835 μυρίοις

2123 773 2344 828 nosque,
2383 764 2740 828 peccatorum
2774 755 2955 820 turba,
2994 752 3142 808 mille
3179 760 3461 808 scatentes
3496 752 3693 807 vulte-

432 852 689 922 βρύοντες
718 851 902 904 ἕλκεσι
925 892 939 916 ,
985 855 1081 906 καὶ
1109 853 1184 916 ὡς
1214 854 1363 918 εἰκὸς
1391 855 1566 908 πολλὰ
1594 857 1688 910 καὶ
1711 855 1789 927 τῷ
1816 855 2010 925 βαπτί-

431 961 600 1014 σματι
619 987 634 1008 ,
687 943 782 997 καὶ
813 944 890 1007 ὡς
915 943 1090 1008 ἄλλως
1117 946 1449 1016 χρηστότητι
1479 946 1600 1018 θείᾳ
1628 947 2008 1017 συγχωρηθέν-

428 1049 520 1094 τες
549 1033 644 1086 καὶ⁵
673 1033 799 1087 καθ³
824 1034 1038 1103 ἡμέραν
1068 1033 1402 1098 ἀδικοῦντες,
1438 1035 1542 1089 καὶτ
1563 1038 1670 1090 τῶν
1701 1035 1852 1107 παρά
1875 1036 2010 1091 Θεοῦ

429 1129 650 1182 πάντων
696 1129 917 1198 ἀγαθῶν
974 1129 1119 1200 ὑπὲρ
1163 1131 1289 1192 τοὺς
1334 1128 1587 1197 ἀγαθοὺς
1627 1127 2012 1192 ἀπολαύοντες,

434 1220 608 1288 μικρὰ
662 1221 762 1289 τῆς
816 1219 1192 1289 ἀνεχομένης,
1256 1221 1350 1272 καὶ
1402 1217 1614 1289 μεγάλα
1665 1219 2014 1288 δωρουμένης

430 1310 582 1373 θείας
606 1311 823 1379 ἀγάπης
847 1309 1226 1380 φροντίζομεν.
1247 1309 1305 1363 ’0
1328 1309 1427 1380 μὲν
1449 1309 1558 1380 γάρ
1583 1309 1704 1362 Ἰὼϐ
1729 1311 2016 1380 ἄμεμπτος

429 1402 507 1454 ὢν
532 1444 547 1468 ,
598 1401 674 1463 ὡς
723 1403 820 1456 καὶ
861 1402 1011 1456 ἄλλοι
1045 1401 1167 1454 κατ’
1196 1403 1404 1454 ἐκεῖνον
1440 1399 1646 1470 μυρίοι,
1685 1401 2014 1472 ὑπερηγάπα

434 1493 524 1546 τὸν
565 1491 734 1557 Θεὸν,
792 1491 866 1562 μὴ
920 1490 1136 1562 μετρῶν
1186 1491 1322 1562 πρὸς
1362 1491 1430 1544 τὰ
1466 1491 1616 1561 αὑτῷ
1650 1494 2016 1562 πεπραγμένα

431 1583 523 1636 τὸν
574 1583 788 1655 ἔρωτα·
849 1582 1052 1646 Ἰούδας
1098 1581 1438 1654 δὲ,κλέπτης
1469 1580 1567 1648 ὢν,
1606 1582 1698 1634 καὶ
1735 1586 2017 1652 μιαιφόνος

432 1676 526 1729 τὸν
555 1675 759 1745 τρόπον
779 1715 794 1741 ,
842 1675 938 1728 καὶ
970 1675 1031 1728 οὑ
1066 1676 1229 1746 μόνον
1261 1673 1322 1727 τὸ
1345 1675 1454 1728 πᾶν
1481 1674 1730 1743 ἀφεθεὶς,
1761 1675 1894 1728 ἀλλὰ
1923 1677 2016 1729 καὶ

2112 850 2287 914 ribus,
2310 858 2387 915 et,
2413 856 2473 902 ut
2498 847 2718 902 videtur
2747 846 2958 910 multis,
2990 844 3338 914 baptismate,
3367 852 3424 897 et
3441 845 3577 896 alias
3602 843 3695 896 bo-

2114 943 2288 996 nitate
2322 941 2420 996 Dei
2454 939 2726 1003 mundati,
2759 946 2816 992 et
2856 938 2910 992 iu
2943 937 3063 992 dies
3088 944 3400 1006 peccantes,
3427 943 3484 990 et
3513 937 3696 990 omni-

2113 1033 2216 1086 bus
2245 1047 2367 1102 quae
2421 1046 2489 1085 ex
2539 1031 2650 1085 Deo
2707 1029 2940 1084 veniunt
2983 1027 3144 1082 bonis
3178 1027 3350 1095 magis
3388 1041 3552 1096 quam
3592 1026 3694 1096 ipsi

2115 1123 2243 1176 boni
2293 1121 2570 1187 fruentes,
2614 1119 2769 1191 parvi
2826 1135 2934 1174 nos
2987 1117 3347 1174 sustinentem
3389 1124 3446 1171 et
3505 1115 3696 1170 multis

2114 1211 2276 1266 donis
2297 1211 2668 1265 cumulantem
2699 1209 2796 1265 Dei
2848 1207 3173 1264 charitatem
3202 1206 3559 1261 aestimamus.
3592 1203 3695 1260 Job

2113 1302 2260 1356 enim
2297 1317 2407 1355 non
2441 1315 2711 1370 querens,
2746 1307 2806 1354 ut
2835 1298 2985 1353 mille
3017 1296 3162 1352 circa
3196 1297 3349 1351 illum
3379 1296 3492 1360 alii,
3523 1295 3695 1350 Deum

2114 1391 2526 1462 praadiligebat,
2585 1404 2690 1444 nec
2742 1387 3096 1444 dilectionem
3153 1386 3220 1440 ad
3269 1401 3357 1441 res
3412 1400 3536 1455 qum
3588 1384 3696 1438 sibi

2115 1481 2510 1552 contingebant
2534 1481 2892 1536 metiebatur.
2923 1478 3094 1536 ludas
3123 1488 3305 1532 autem
3331 1477 3472 1531 latro
3498 1475 3694 1536 lactus,

2115 1583 2171 1628 et
2197 1573 2474 1628 homicida
2499 1573 2606 1629 hoc
2631 1572 2818 1638 modo,
2850 1587 2976 1626 cum
3001 1585 3112 1625 non
3139 1570 3320 1624 solum
3341 1567 3420 1622 illi
3447 1565 3696 1620 omnium

2117 1667 2407 1735 culparum
2433 1666 2619 1732 venia,
2650 1665 2747 1721 sed
2795 1665 2962 1720 etiam
3001 1663 3122 1718 aliis
3142 1662 3362 1740 veniam
3397 1659 3566 1715 dandi
3603 1674 3698 1730 po-

433 1768 547 1829 τοῖς
595 1764 773 1830 ἄλλοις
822 1766 1040 1834 ἀφιέναι
1086 1759 1338 1832 ἐξουσίαν
1382 1765 1652 1838 εἰληφὼς,
1699 1766 1894 1837 φονεὺς
1921 1766 2014 1819 τοῦ

2123 1763 2288 1810 testas
2330 1753 2474 1811 facta
2521 1761 2690 1820 esset,
2740 1752 3113 1810 benefactoris
3161 1751 3246 1808 sui
3295 1748 3616 1806 interfector
3645 1757 3698 1802 et

435 1855 726 1926 εὐεργέτου
757 1828 856 1909 καὶ
874 1828 1153 1928 ’προδότης
1181 1855 1418 1925 ἐγένετοο
1457 1828 1550 1911 καὶ
1580 1828 1756 1928 οί-μέν
1773 1828 2014 1910 Ἰουδαῖοι

2123 1846 2354 1902 traditor
2374 1846 2632 1902 inventus
2655 1855 2759 1903 est.
2791 1845 2965 1902 Judzei
2997 1844 3222 1915 quidem
3251 1842 3486 1898 multum
3509 1840 3697 1895 dilecti
3786 1920 3791 1924 _

434 1947 552 2000 λίαν
598 1947 956 2018 ἀγαπώμενοι
1006 1948 1099 2002 καὶ
1140 1948 1428 2013 ἀκςὺοντες
1476 1949 1570 2002 τοὺ
1615 1949 1715 2014 τάς
1748 1950 2020 2021 ἁμαρτίας

434 2039 613 2093 αὑτῶν
659 2041 874 2111 ἀφιέναι
921 2039 1272 2111 βουληθέντος
1304 2081 1318 2106 ,
1369 2041 1616 2110 λέγοντος
1649 2057 1663 2072 ·
1728 2045 1849 2097 Οὐκ
1906 2038 2018 2110 ἥλ-

437 2131 545 2186 οον
575 2133 629 2184 εί
666 2130 752 2200 μὴ
804 2133 890 2197 εἰς
931 2131 1005 2185 τὰ
1045 2132 1310 2199 πρόϐατα
1346 2135 1418 2186 τὰ
1459 2133 1816 2186 ἀπολωλότα
1849 2133 2020 2187 οἴκου

446 2223 730 2292 Ἰσραὴλ,
772 2225 995 2279 ἐδίωκον
1035 2227 1128 2278 καὶ
1167 2225 1590 2295 ἀπεστρέφοντο,
1629 2228 1679 2278 oi
1719 2226 1780 2278 δὲ
1818 2226 2020 2278 ἐθνικοὶ

434 2315 728 2379 ἀκούοντες
773 2317 833 2370 τδ
853 2357 868 2382 ,
933 2319 1055 2371 Οὐκ
1081 2317 1212 2370 ἔστι
1242 2316 1435 2370 καλὸν
1472 2317 1681 2373 λαϐεῖν
1709 2319 1817 2371 τὸν
1839 2317 2021 2386 ἄρτον

433 2406 552 2458 τῶν
581 2405 840 2472 τέκνων,
879 2409 977 2461 καὶ
1013 2407 1222 2462 δοῦναι
1253 2410 1582 2476 κυναρίοις,
1614 2409 1981 2481 προσέτρεχον
2000 2425 2015 2440 ο

436 2500 532 2551 καὶ
578 2499 859 2570 συντόμως
891 2500 940 2552 οἱ
967 2500 1165 2554 δίκαιοι
1196 2500 1295 2571 τὴν
1322 2500 1513 2572 στενήν
1539 2500 1630 2554 καὶ
1654 2500 2020 2573 τεθλιμμένην

432 2589 746 2656 όῖεὑοντες,
793 2591 887 2644 καὶ
929 2594 1063 2662 πυρὶ
1113 2592 1207 2646 καὶ
1251 2593 1455 2664 σιδήρῳ
1503 2592 1973 2665 παραϐαλλόμενοι
2000 2634 2016 2661 ,

432 2682 582 2750 ὅμως
614 2684 957 2754 παρέμειναν
977 2725 993 2750 ,
1035 2684 1198 2738 πλέον
1227 2687 1321 2741 καὶ
1351 2687 1512 2741 πλέον
1541 2689 1640 2756 τῆς
1667 2689 1888 2759 ἀγάπης
1919 2688 2016 2744 τοῦ

433 2773 568 2825 Θεοῦ
611 2775 895 2844 ἐχόμενοι·
947 2776 996 2828 oi
1041 2776 1097 2829 δὲ
1134 2776 1471 2849 ἁμαρτωλοὶ,
1507 2779 1604 2830 καλ⁸
1638 2778 2015 2848 εὑθηνοῢντες,

434 2865 528 2917 καὶ
579 2867 659 2928 είς
707 2866 799 2920 τὸν
845 2867 1021 2922 αἰῶνα
1090 2867 1230 2922 κατά
1279 2868 1378 2940 τὴν
1424 2869 1647 2940 Γραφὴν
1694 2871 2018 2940 κατέχοντες

437 2954 670 3010 πλούτου
691 2999 707 3025 ,
755 2958 836 3028 τῷ
879 2959 1262 3031 εὑεργετοῦντι
1288 2960 1406 3031 Θεῷ
1434 2961 1534 3015 οὑκ
1556 2962 2014 3033 εὐγνωμονοῦσιν.

437 3047 498 3100 Εἰ
523 3049 617 3102 οὖν
647 3051 723 3121 μὴ
746 3052 886 3105 κατά
908 3052 1001 3104 τὸν
1025 3051 1288 3123 λεχθέντα
1315 3054 1518 3107 σκοπὸν
1541 3053 1700 3107 τοῦτο
1729 3056 1823 3125 νοή
1833 3072 2014 3126 σομεν,

2119 1945 2176 1992 et
2205 1935 2494 1992 audientes
2541 1936 2720 2003 illum,
2767 1937 2863 2006 qui
2909 1943 3132 2006 peccata
3179 1948 3372 1989 eorum
3420 1930 3701 1986 dimittere

2121 2029 2362 2095 volebat,
2414 2028 2689 2084 dicentem
2721 2045 2734 2082 :
2775 2026 2892 2082 Non
2926 2028 3043 2082 veni
3075 2026 3176 2080 nisi
3208 2024 3278 2078 ad
3309 2040 3426 2078 oves
3467 2022 3700 2094 perditas

2120 2119 2308 2175 domus
2342 2119 2592 2186 Israel”,
2633 2121 2945 2192 rejecerunt
2973 2125 3030 2173 et
3053 2117 3179 2172 odio
3204 2114 3550 2179 habuerunt;
3582 2112 3705 2167 eth-

2122 2213 2232 2268 nici
2256 2222 2442 2270 autem
2474 2213 2764 2270 audientes
2785 2226 2898 2267 non
2920 2225 3043 2268 esse
3072 2210 3264 2265 bonum
3285 2220 3490 2263 sumere
3511 2221 3702 2276 panem

2119 2305 2353 2374 ﬁliorum
2379 2314 2427 2360 et
2444 2307 2653 2360 mittere
2685 2303 3390 2369 canibus“,'accurrerunt.
3424 2297 3543 2356 Uno
3575 2312 3704 2351 vcr-

2122 2396 2214 2461 bo,
2245 2397 2378 2468 justi
2421 2407 2708 2468 angustam
2753 2405 2810 2451 et
2839 2402 3046 2451 arctam
3077 2393 3222 2447 viam
3253 2389 3450 2454 secuti,
3497 2390 3622 2460 igne
3649 2396 3705 2442 et

2120 2489 2269 2545 ferro
2301 2489 2539 2560 probati,
2574 2488 2936 2544 nihilominus
2966 2491 3412 2557 permanserunt,
3442 2481 3614 2553 magis
3639 2495 3706 2535 ac

2120 2581 2294 2654 magis
2341 2581 2396 2637 in
2430 2582 2602 2637 Deum
2650 2580 2947 2637 dilectione
3002 2585 3351 2634 crescentes:
3382 2580 3709 2646 peccatores

2119 2696 2325 2757 autem,
2356 2689 2412 2743 in
2447 2690 2618 2744 rebus
2647 2689 2929 2760 prosperis
2953 2687 3265 2751 constituti,
3292 2693 3348 2741 et
3370 2683 3437 2740 ad
3466 2693 3702 2752 tempus,

2119 2790 2182 2837 ut
2205 2781 2341 2836 dicit
2362 2780 2667 2852 Scriptura,
2691 2781 2914 2836 divitias
2937 2782 3306 2852 possidentes,
3334 2775 3704 2831 benefacienti

2119 2873 2232 2928 Deo
2280 2887 2391 2928 non
2435 2881 2620 2943 gratos
2653 2889 2712 2929 se
2756 2873 3025 2944 praebent.
3077 2873 3130 2928 Si
3182 2875 3349 2945 igitur
3399 2869 3704 2924 secundum

2119 2976 2329 3032 dictum
2365 2976 2713 3047 propositum
2739 2976 2873 3032 illud
2917 2983 3375 3048 reputaverimus,
3408 2974 3540 3046 quid
3576 2987 3706 3044 age-

2121 3083 2244 3122 mus
2275 3068 2330 3122 in
2357 3067 2618 3138 parabola
2643 3068 2923 3123 contraria
2963 3068 3231 3125 dicente?
3257 3069 3315 3122 ln
3353 3083 3461 3137 qua
3491 3064 3582 3118 ille
3617 3065 3706 3117 cui

399 3139 489 3208 ,τί
522 3142 819 3212 ποιήσομεν
853 3147 916 3214 τῇ
951 3145 1211 3216 τάναντία
1251 3145 1486 3216 λεγούσῃ
1531 3146 1848 3218 παραϐολῇ,
1892 3150 1951 3201 ὲν

2123 3157 2302 3214 decies
2329 3158 2500 3213 millia
2528 3160 2730 3213 talenta
2759 3159 2988 3214 remissa
3011 3167 3159 3225 sunt,
3193 3159 3346 3228 parvi
3375 3155 3708 3213 remittentis

435 3233 466 3283 ό
515 3232 584 3286 τὰ
632 3234 804 3305 μυρία
851 3235 1092 3290 τάλαντα
1139 3237 1550 3308 συγχωρηθεὶς,
1606 3238 1780 3310 μικρὰ
1804 3241 1904 3310 τῆς
1931 3239 2024 3294 τοῦ

437 3327 890 3397 συγχωρήσαντος
915 3327 1136 3396 ἀγάπης
1161 3329 1476 3400 φροντίσας,
1518 3330 1660 3384 κατά
1687 3330 1782 3383 τοῦ
1809 3332 2028 3385 συνδού-

438 3417 533 3470 λου
565 3419 740 3488 ὲμάνη
765 3433 779 3448 ⁸
829 3421 897 3472 δι’
927 3415 988 3473 οὗ
1023 3419 1193 3489 μέσου
1225 3421 1319 3473 καὶ
1349 3420 1441 3474 τὸν
1470 3423 1750 3493 Δεσπότην
1780 3422 2025 3495 ὕϐρισεν,

441 3508 495 3562 si
520 3524 583 3577 γε
615 3510 712 3578 τῆς
746 3510 912 3563 αὑτοῦ
947 3510 1364 3580 φιλανθρωπίας
1395 3511 1456 3563 τὸ
1488 3512 1557 3565 τὰ
1583 3513 1693 3566 τῶν
1714 3515 1918 3568 δούλων
1949 3519 2029 3580 εἰς

440 3600 632 3652 ἑαυτὸν
689 3601 1084 3671 ἀναδέχεσθαι,
1144 3601 1293 3670 παρ’
1331 3594 1393 3654 οὗ
1444 3602 1541 3654 καὶ
1582 3604 1672 3669 τὸ,
1725 3606 1850 3673 Ἐφ’
1875 3605 2031 3660 ὅσον

438 3689 765 3754 ἐποιήσατε
786 3690 876 3742 ἐνὶ
900 3691 1126 3744 τούτων
1150 3689 1267 3744 τῶν
1286 3692 1651 3760 ἐλαχίστων,
1683 3695 1814 3763 ἐμοὶ
1833 3696 2029 3764 ἐποιή-

440 3794 610 3833 σατε.
648 3781 719 3832 Τὸ
750 3781 879 3834 αὑτδ
906 3783 1124 3852 νοητέον
1170 3783 1262 3835 καὶ
1302 3787 1430 3852 περὶ
1463 3783 1562 3852 τῆς
1587 3785 1904 3855 παραϐολῆς
1933 3788 2026 3840 τοῦ

441 3868 654 3923 ἀσώτου
691 3872 782 3924 καὶ
813 3870 905 3924 τοῦ
935 3872 1214 3940 σώφρονος
1243 3872 1351 3925 τῶν
1380 3872 1473 3926 δύο
1498 3872 1745 3944 ἀδελφῶν
1769 3893 1783 3906 ·
1820 3877 1920 3946 οὑχ
1951 3878 2027 3942 ὡς

440 3961 629 4018 τούτου
663 3964 879 4025 πάντως
909 3962 1053 4017 οὑτω
1079 3965 1438 4036 προελθόντος
1463 4004 1478 4030 ,
1531 3967 1647 4019 ἀλλ’
1683 3967 1758 4031 ὡς
1790 3969 1891 4038 τῆς
1920 3970 2028 4023 τῶν

442 4053 789 4122 πραγμάτων
853 4053 1179 4119 ἀκολουθίας
1225 4055 1368 4110 οὕτω
1411 4056 1586 4110 ταῦτα
1619 4059 1743 4112 καθ’
1772 4061 2028 4117 ὑπόθεσιν

441 4143 781 4215 ἀπαιτούσης
805 4185 820 4210 ,
863 4146 958 4198 καὶ
994 4148 1283 4217 μονονουχὶ
1325 4149 1425 4220 τῆς
1460 4149 1681 4220 Γραφῆς
1709 4153 1770 4205 τὸ
1796 4152 2028 4223 μέγεθος

443 4237 537 4306 τῆς
567 4239 648 4300 είς
674 4239 821 4308 ἡμᾶς
850 4237 1166 4309 φιλοτιμίας
1194 4240 1289 4294 τοῦ
1316 4239 1452 4294 Θεοῦ
1480 4240 1568 4296 διὰ
1593 4242 1799 4298 τούτων
1825 4245 2029 4300 ἐπιδει-

442 4329 711 4398 κνυούσης
737 4370 753 4394 ,
809 4330 906 4385 καὶ
950 4331 1100 4402 ἡμᾶς
1149 4330 1543 4403 ὲντρεποὺσης,
1580 4331 1636 4385 εἴ
1660 4350 1725 4402 γε
1757 4335 1896 4401 δέον,
1933 4337 2026 4391 τοῦ

439 4419 653 4474 ἀσώτου
681 4421 760 4493 τῷ
788 4422 959 4494 πατρῖ
995 4422 1438 4492 προδραμόντας,
1475 4427 1568 4478 καὶ
1596 4424 2028 4498 ἐξομολογουμέ-

2129 3247 2458 3304 charitatem
2501 3249 2782 3305 aestimans
2810 3264 2911 3303 suo
2941 3265 3208 3304 conservo
3243 3249 3416 3303 iratus
3448 3256 3562 3312 est;
3607 3247 3709 3300 ita-

2129 3355 2238 3409 que
2285 3341 2581 3396 Dominum
2626 3341 2829 3412 injuria
2881 3341 3084 3407 all'ecit,
3138 3341 3230 3411 qui
3279 3357 3377 3410 per
3423 3338 3709 3393 hominum

2131 3445 2380 3486 amorem
2430 3431 2489 3485 in
2541 3446 2600 3486 se
2648 3446 2938 3486 servorum
2969 3446 3193 3485 suorum
3230 3430 3460 3500 injurias
3485 3428 3709 3498 recipit;

2129 3524 2267 3579 dicit
2299 3523 2445 3580 enim
2473 3543 2486 3577 :
2520 3523 2670 3588 Quod
2700 3524 2925 3593 feceritis
2953 3525 3044 3578 uni
3095 3539 3158 3576 ea:
3189 3524 3267 3576 his
3312 3522 3562 3585 minimis,
3587 3520 3712 3574 mihi

2129 3617 2402 3685 fecistis".
2432 3615 2578 3670 Idem
2605 3616 2944 3670 censendum
2971 3631 3056 3670 εει
3081 3616 3148 3670 de
3179 3614 3437 3684 parabola
3475 3613 3712 3668 duorum

2129 3704 2384 3772 fratrum,
2422 3704 2642 3775 prodigi
2681 3713 2738 3759 et
2769 3705 3064 3776 sapientis;
3105 3719 3216 3758 non
3244 3703 3398 3773 quasi
3425 3703 3569 3756 idem
3594 3717 3714 3755 om—

2128 3797 2260 3851 nino
2290 3797 2631 3867 propositum
2655 3796 2754 3862 'sit,
2791 3796 2888 3852 sed
2925 3811 3111 3850 rerum
3149 3794 3494 3850 connexione
3518 3793 3711 3848 eadem

2129 3887 2430 3942 secundum
2462 3887 2809 3958 hypothesim
2842 3886 3177 3956 postulante,
3221 3895 3277 3939 et
3315 3885 3392 3939 ita
3427 3882 3712 3952 Scriptura

2127 3979 2564 4051 magnitudinem
2613 3979 2710 4034 Dei
2756 3977 3112 4034 liberalitatis
3148 3992 3278 4046 erga
3305 3991 3405 4030 nos
3429 3973 3515 4028 his
3548 3973 3714 4026 rebus

2127 4068 2474 4136 ostendente,
2508 4078 2564 4124 et
2590 4085 2693 4124 nos
2720 4069 3042 4133 inducente,
3074 4066 3121 4122 si
3151 4081 3291 4136 opus
3318 4065 3410 4129 sit,
3436 4072 3497 4118 ut
3517 4079 3709 4117 curra-

2128 4177 2252 4217 mus
2289 4161 2356 4216 ad
2388 4169 2596 4231 patrem
2631 4160 2870 4231 prodigi,
2893 4171 2948 4214 et
2969 4157 3333 4213 conﬁteantur
3376 4157 3451 4210 ita
3485 4154 3712 4223 petitio-

2128 4249 2228 4310 nes
2255 4255 2309 4309 in
2341 4254 2574 4310 salutem
2606 4253 2779 4322 accipi
2798 4270 2821 4319 ;.
2846 4251 3089 4307 vicissim
3137 4265 3358 4321 quoque
3384 4249 3578 4312 Deum,
3609 4247 3714 4301 etsi

2129 4360 2240 4399 non
2273 4345 2413 4414 grati
2437 4343 2728 4410 fuerimus,
2761 4353 2858 4399 aut
2889 4356 3002 4397 non
3042 4341 3441 4412 rogaverimus,
3473 4337 3718 4392 liberali-

2135 4444 2246 4491 tate
2285 4437 2385 4491 uti.
2429 4435 2554 4490 Haec
2601 4435 2770 4505 igitur
2799 4434 3080 4506 parabola.
3131 4443 3188 4498 et
3225 4431 3438 4502 prodigi
3472 4428 3717 4483 necessi-

439 4527 563 4575 νους
610 4489 755 4565 οὑτω
807 4512 878 4565 τά
905 4489 1062 4583 ⁷πρὸς
1106 4489 1382 4581 σωτηρίαν
1427 4489 1714 4585 αἰτήματα
1740 4489 2020 4587 λήιίίεσθαι.

2143 4530 2270 4584 tatis
2316 4530 2580 4594 narratio,
2629 4537 2832 4584 nostra:
2871 4526 3225 4598 malignitatis
3263 4521 3715 4595 magnitudinem,

439 4604 514 4656 Τὸ
543 4602 784 4674 ἔμπαλιν
827 4603 857 4656 ὁ
891 4603 1025 4668 Θεὸς
1063 4605 1198 4674 μηδὲ
1232 4605 1678 4676 εὑγνωμονηθεὶς
1701 4647 1715 4672 ,
1773 4609 1910 4678 μηδὲ
1941 4614 2030 4665 αἰ-

440 4697 628 4766 τηθεὶς
659 4695 1028 4765 φιλοτιμεῖται
1048 4713 1064 4728 ο
1100 4699 1134 4766 ή
1163 4696 1258 4750 οὖν
1287 4700 1386 4769 τῆς
1410 4698 1754 4770 παραϐολῆς,
1791 4701 1888 4754 καὶ
1917 4704 2030 4759 τῶν

2138 4630 2194 4675 et
2233 4620 2566 4676 ineffabilem
2597 4620 2695 4676 Dei
2731 4635 2871 4692 erga.
2889 4619 3144 4674 homines
3171 4632 3429 4672 amorem
3446 4614 3642 4688 probat
3664 4621 3718 4666 et

2136 4711 2190 4764 in
2223 4712 2545 4771 memoriam
2586 4720 2828 4768 revocat.

439 4791 669 4845 δεόντων
689 4791 964 4863 διήγησις,
993 4789 1090 4845 τοῦ
1118 4793 1356 4862 πλήθους
1381 4793 1482 4863 τῆς
1507 4793 1667 4865 ἡμῶν
1691 4794 1910 4864 κακίας,
1932 4799 2023 4854 καὶ
2057 4803 2156 4874 τῆς
2204 4807 2414 4876 ἀφάτου
2467 4804 2561 4860 τοῦ
2602 4803 2741 4858 Θεοῦ
2783 4801 3209 4878 φιλανθρωπίας,
3281 4795 3499 4867 ἔλεγχός
3576 4796 3713 4872 ἐστι,

441 4884 535 4936 καὶ
567 4883 896 4954 ὑπόμνησις.

510 4977 591 5028 Δ’.
626 4973 706 5047 [ρ.
737 4973 890 5047 ML]
926 4976 1002 5029 Οὑ
1034 4977 1144 5049 γὰρ
1177 4978 1319 5033 κατά
1350 4977 1450 5048 τὴν
1477 4975 1663 5049 κοινὴν
1697 4980 1794 5034 καὶ
1820 4983 2025 5054 συνήθη

440 5070 547 5125 τῶν
576 5071 714 5132 ὅλων
743 5069 1137 5141 δημιουργίαν,
1175 5073 1334 5142 Λόγῳ
1367 5075 1461 5126 καὶ
1488 5074 1589 5143 τὴν
1613 5073 1894 5144 ἡμετέραν
1921 5077 2024 5144 φύ-

444 5178 529 5215 σιν
579 5160 885 5216 ἀνέπλασεν
911 5177 926 5193 ·
983 5162 1109 5216 ἀλλ’
1157 5164 1296 5234 ὅπερ
1343 5163 1431 5216 ἐπ’
1460 5163 1674 5228 οὑδενὸς
1714 5165 1822 5218 τῶν
1852 5164 2026 5221 ἄλλων

441 5254 725 5324 ἠνέσχετο,
757 5252 856 5308 οὑκ
884 5254 971 5306 ἐπ’
995 5253 1275 5322 ἀγγέλων,
1313 5254 1414 5308 οὑκ
1444 5256 1529 5308 ἐπ’
1558 5254 1726 5327 ἄλλης
1753 5256 1897 5321 τινος
1922 5257 2025 5327 φὺ-

444 5363 613 5409 σεως,
647 5343 808 5400 τοῦτο
839 5345 933 5398 ἐπὶ
959 5349 1027 5417 τῇ
1059 5347 1168 5400 τῶν
1188 5346 1494 5418 ἀνθρώπων
1521 5348 1730 5418 ὑπέστη
1756 5350 2024 5422 σωτηρίᾳ.

443 5439 591 5491 Ἀντὶ
614 5436 877 5491 δεσπότου
907 5437 1017 5510 γάρ
1044 5438 1229 5502 δοῦλος
1268 5438 1640 5510 χρηματίσας,
1671 5439 1900 5504 εἰκότως
1928 5443 2030 5497 καὶ

442 5527 763 5582 καταλιπεῖν
791 5528 861 5581 τὰ
884 5528 1240 5598 ἐννενήκοντα
1266 5529 1420 5583 ἐννέα
1444 5527 1594 5598 λέγει
1619 5530 1890 5600 πρόϐατα,
1923 5530 2022 5602 τὴν

441 5622 522 5686 εἰς
572 5621 701 5675 ἀλλο
753 5619 1183 5692 παραδοξότερον
1241 5623 1336 5676 καὶ
1388 5620 1838 5694 θαυμασιώτερον
1883 5616 2022 5686 εἶδος

2205 4987 2301 5044 1V.
2326 4986 2446 5042 Non
2472 4984 2622 5040 enim
2654 4999 2752 5054 per
2772 4997 3120 5038 communem
3152 4989 3208 5036 et
3231 4978 3490 5035 omnibus
3524 4993 3714 5030 assue-

2135 5087 2244 5133 tam
2283 5075 2686 5146 operationem,
2719 5073 2899 5129 Verbo
2929 5082 3174 5128 nostram
3219 5080 3472 5125 naturam
3516 5068 3718 5121 forma.

2130 5167 2245 5230 vit;
2295 5165 2389 5220 sed
2438 5164 2584 5234 quod
2634 5163 2686 5217 in
2741 5162 2922 5218 nullos
2956 5162 3095 5217 alios
3124 5160 3388 5223 ostendit,
3433 5172 3610 5226 neque
3662 5159 3716 5210 in

2130 5255 2373 5324 angelos,
2423 5265 2603 5322 neque
2649 5251 2885 5322 alicujus
2925 5257 3149 5306 naturaa-
3183 5256 3484 5313 creaturas,
3521 5247 3626 5302 hoc
3659 5246 3715 5300 in

2130 5344 2417 5398 hominum
2465 5343 2698 5399 salutem
2737 5340 3031 5410 disposuit.
3067 5339 3282 5394 Etenim
3310 5352 3415 5409 pro
3445 5337 3583 5392 hero
3614 5351 3716 5392 suo

2129 5450 2321 5491 servus
2343 5435 2595 5504 loquens,
2620 5432 2822 5487 merito
2845 5431 3096 5502 linquere
3120 5445 3315 5485 novem
3337 5437 3394 5484 et
3416 5428 3716 5499 nonaginta

2129 5542 2258 5582 oves
2290 5526 2446 5592 dicit,
2483 5540 2608 5580 cum
2651 5524 2709 5581 in
2737 5523 2900 5580 aliam
2934 5521 3333 5578 mirabiliorem
3369 5530 3426 5576 et
3453 5527 3716 5592 praestan-

2133 5619 2331 5674 tiorem
2383 5616 2577 5673 faciem
2641 5615 3020 5688 operationem
3083 5615 3428 5672 immutatam
3475 5625 3598 5673 esse
3654 5623 3711 5669 et

516 5803 536 5834 ’
572 5801 762 5862 Matth.
805 5818 857 5866 ν,
895 5802 985 5858 1'2.
1062 5801 1102 5831 '°
1141 5802 1330 5860 Matth.
1364 5804 1566 5867 xv,2l.
1647 5802 1692 5834 “
1729 5801 1864 5856 ibid.
1906 5800 1997 5856 26.
2079 5799 2116 5830 ”
2153 5797 2347 5894 Matth.
2384 5813 2507 5867 xxv,
2549 5797 2640 5853 40.
