4078 6386
477 350 625 417 3323
1230 324 1233 327 “
1715 347 1780 410 s.
1816 345 2047 408 PETRI
2084 341 2494 406 LAODICENI
3601 336 3747 406 31m

478 494 669 556 pertus
696 489 781 537 est
840 494 1004 551 quem
1032 495 1155 535 cum
1182 479 1445 550 praedicta
1472 476 1739 534 orationis
1769 476 2071 533 Dominicae
2099 476 2418 546 paraphrasi
2452 475 2619 538 edita,
2655 490 2757 531 nec
2785 491 2896 531 non
2927 492 3051 532 cum
3078 476 3406 533 Possiniano
3434 475 3745 548 fragmento

484 572 797 640 conferens,
833 571 1062 642 cognovi
1105 572 1334 627 omnino
1381 581 1545 642 atque
1590 570 1879 625 evidenter
1914 584 2001 624 me
2035 568 2185 623 Petri
2214 567 2513 623 Laudiceni
2539 582 2682 638 opus
2718 568 2774 623 in
2810 569 3065 625 manibus
3093 567 3320 636 habere,
3349 571 3479 640 quia
3509 580 3745 639 uterque

486 661 577 715 ille
625 659 826 715 citatus
859 660 1038 725 locus,
1069 658 1126 713 in
1158 674 1328 729 opere
1361 658 1657 717 Laodiceni
1692 658 1915 728 legitur.
1952 655 2079 711 Ilaec
2113 656 2182 710 de
2226 671 2414 724 opere.
2449 654 2569 710 .lam
2596 654 2678 710 de
2712 657 2951 712 auctoris
2990 664 3150 711 aetate
3190 656 3326 728 quid
3358 656 3582 723 dicam}
3638 656 3750 712 nisi

487 751 634 821 quod
669 760 780 806 tum
813 753 866 806 in
894 752 1062 806 citato
1088 751 1461 805 Maurinorum
1493 751 1636 814 loco,
1666 759 1780 804 tum
1804 749 1967 803 etiam
1995 748 2049 801 in
2080 747 2260 802 indice
2287 746 2622 803 Bibliotheca:
2656 747 2765 801 PP.
2796 758 2839 802 t.
2867 748 2912 813 l,
2938 748 3135 804 Petrus
3164 748 3256 804 hic
3279 750 3514 819 septimo
3537 747 3748 803 saeulo

490 838 948 908 conjecturaliter
982 837 1280 897 addicitur.
1317 846 1376 890 ut
1409 835 1608 892 Coccio
1639 836 1871 906 aliisque
1904 834 2147 905 placuit:
2180 837 2329 906 quod
2357 837 2404 891 si
2435 851 2566 892 vere
2605 836 2926 903 aﬂirmatur,
2956 837 3224 893 habemus
3246 848 3528 893 auctorem
3555 836 3744 892 hercle

489 932 730 983 'veterem
765 936 823 984 et
848 930 1251 985 aestimabilem.
1290 933 1480 987 Trium
1520 940 1703 986 autem
1738 931 1884 985 Petri
1924 930 2177 986 codicum
2207 931 2329 985 Vat.
2375 931 2689 1000 praecipuus
2718 930 2955 999 scriptus
2987 928 3089 983 fuit
3116 930 3168 983 in
3201 928 3460 983 Armenia
3484 927 3743 982 Theodo-

494 1020 695 1088 siopoli
730 1022 901 1086 (nunc
930 1021 1252 1089 Erzerum);
1304 1022 1662 1091 quamobrem
1709 1036 1902 1075 versus
1944 1034 2165 1087 quoque
2210 1019 2537 1073 Armeniaca
2574 1019 2760 1089 lingua
2806 1018 3115 1088 litterisque
3147 1019 3443 1088 conscripti
3476 1018 3531 1071 in
3563 1015 3747 1071 fronte

491 1104 700 1161 codicis
730 1117 878 1161 sunt.
929 1107 1122 1163 Obiter
1167 1118 1351 1162 autem
1395 1108 1504 1171 aio,
1550 1107 1691 1161 duos
1732 1106 1927 1160 Petros
1964 1104 2470 1175 Theodosiopoleos
2508 1105 2797 1175 episcopos
2823 1106 3117 1160 memorari
3154 1105 3207 1159 in
3246 1104 3500 1176 Lequinii
3531 1103 3749 1159 Oriente

493 1190 619 1246 Chr.
654 1201 696 1246 t.
727 1192 769 1257 l,
798 1193 905 1247 col.
932 1192 1060 1257 457,
1094 1192 1220 1247 458.
1257 1195 1647 1247 Verumtamen
1675 1198 1865 1245 noster
1892 1189 2180 1246 Laodiceae
2207 1198 2528 1246 constanter
2549 1192 2864 1261 appellatur
2888 1192 3204 1262 episcopus.
3231 1192 3291 1247 In
3323 1192 3474 1246 calce
3510 1189 3753 1259 denique

492 1279 734 1350 scriptor
765 1280 976 1336 codicis
1009 1281 1096 1335 vel
1122 1280 1380 1335 dominus
1409 1279 1486 1334 ita
1528 1278 1600 1333 de
1638 1293 1698 1333 se
1726 1278 1973 1348 loquitur
1994 1280 2194 1348 partim
2228 1276 2505 1333 distinctis
2528 1277 2749 1344 litteris,
2780 1278 2980 1347 partim
3007 1278 3445 1350 monocondylis,
3490 1276 3754 1333 mendose

496 1384 677 1433 tamen
703 1373 1037 1442 quandoque
1068 1380 1125 1426 et
1152 1372 1353 1426 solace
1378 1384 1393 1423 :
1425 1369 1681 1440 Ἰωάννης
1716 1369 2106 1439 πρωτοσπαθάι

2145 1385 2212 1432 ιος
2233 1368 2315 1440 τῷ
2341 1367 2635 1439 ἀξιώματι.
2658 1368 2796 1424 Item
2820 1386 2836 1422 :
2858 1366 2921 1424 Ὀ
2948 1367 3440 1439 πρωτοσπαθάριος
3453 1366 3706 1436 Ἰωάννης
3725 1365 3755 1419 6

496 1462 626 1536 δχῆς
656 1464 777 1534 (sic)
802 1461 1090 1531 ἐπιδίδωμι
1120 1460 1185 1515 τδ
1205 1459 1700 1535 Τετραευαγγέλιον
1748 1459 1911 1513 τοῦτο
1954 1458 2222 1530 Γερμανῷ
2252 1461 2416 1531 χάριν
2459 1461 2681 1531 μνήμης
2724 1459 2823 1514 τοῦ
2858 1461 3068 1531 πατρός
3102 1475 3207 1531 μου
3232 1458 3329 1513 τοῦ
3355 1457 3759 1531 πρωτοσπαθα-

499 1557 617 1624 ρίου
656 1552 925 1608 Ἰωάννου.
959 1552 1101 1608 Tum
1121 1551 1392 1622 prolixius
1417 1568 1433 1604 :
1480 1549 1706 1625 Ἰωάννῃ
1727 1549 1807 1621 τῷ
1827 1550 2250 1623 παναμαρτωλῷ
2281 1551 2379 1604 καὶ
2407 1551 2888 1623 πρωτοσπαθαρίῳ
2905 1553 2955 1606 oi
2974 1549 3452 1621 ἀναγινώσκοντες
3484 1549 3583 1605 καὶ
3610 1549 3761 1620 ὠφε-

495 1644 714 1707 λοῦντες
740 1644 851 1712 (dic
878 1642 1273 1713 ὠφεληθέντες)
1304 1643 1368 1697 ἐκ
1388 1639 1484 1695 τοῦ
1509 1642 2019 1712 τετραευαγγελίου,
2053 1641 2399 1713 εὖχεσθέμοι
2414 1642 2503 1696 διὰ
2528 1643 2622 1697 τὸν
2644 1642 2869 1713 Κύριον·
2898 1642 3122 1714 καὶγὰρ
3156 1640 3316 1710 κάγὼ
3340 1642 3400 1695 ἑν
3424 1641 3761 1713 ἀμετρήτοις

495 1735 796 1802 ἁμαρτίαις
825 1733 1106 1803 ὑπάρχων,
1140 1733 1233 1785 καὶ
1264 1730 1366 1784 οὐκ
1386 1729 1516 1785 ἄλλο
1542 1746 1597 1784 τι
1626 1729 1830 1796 ἀγαθὸν
1854 1732 1914 1785 ἐν
1942 1731 2080 1802 τῷδε
2104 1731 2185 1802 τῷ
2215 1730 2318 1803 βίῳ
2339 1730 2556 1803 πράξας
2584 1733 2615 1785 ὸ
2635 1731 3004 1803 ταλαίπωρος,
3034 1732 3185 1802 ὅμως
3216 1728 3351 1784 8εοῦ
3378 1726 3761 1795 εὐδοκοῦντος,

497 1815 695 1884 πεῖραν
743 1812 836 1866 καὶ
869 1810 1035 1865 πόθον
1062 1811 1174 1866 τῶν
1191 1812 1357 1868 θείων
1386 1813 1740 1886 γραμμάτων
1769 1813 2046 1885 ἀράμενος
2064 1854 2080 1880 ,
2112 1813 2208 1869 καὶ
2239 1815 2299 1867 έν
2332 1815 2400 1884 τῇ
2432 1812 2873 1868 Θεοδοσιουπδλει
2884 1814 3006 1873 τάδε
3031 1817 3101 1875 τὰ
3121 1817 3257 1886 άγια
3277 1816 3760 1891 διερμηνευομένη»

496 1904 805 1974 Εὐαγγὲλια
833 1902 1093 1975 ἐντυχὼν,
1121 1905 1249 1960 ὅθεν
1278 1906 1373 1962 καὶ
1392 1907 1747 1980 ὠνησάμενος
1773 1908 1880 1962 ὑπὸ
1900 1908 2009 1963 τῶν
2037 1908 2265 1963 δικαίων
2312 1906 2466 1978 ἐμῶν
2507 1908 2773 1980 καμάτων
2802 1911 2966 1976 εὐθὺς
3003 1915 3097 1966 καὶ
3120 1911 3484 1973 άνακαινίσας
3513 1914 3612 1968 καὶ
3658 1930 3760 1970 κο-

497 2000 732 2066 σμήσας,
771 2000 908 2070 μετὰ
940 2000 1037 2054 καὶ
1065 1998 1352 2056 κοτζάκων
1372 1998 1674 2070 ἀσημένων
1694 1998 2009 2067 (ornatibus
2032 2011 2107 2068 ar;

2144 1999 2311 2054 anteis
2329 1998 2374 2065 ?)
2402 2000 2484 2057 είς
2515 2002 2862 2070 μνημόσυνον
2886 2002 3064 2072 κάμοῦ
3090 2002 3187 2057 καὶ⁵
3216 2003 3326 2058 τῶν
3346 2002 3499 2074 ἐμῶν
3529 2006 3754 2076 γονέων·

496 2090 578 2147 διδ
602 2088 902 2153 παρακαλῶ
928 2089 1097 2158 ὑμᾶς,
1131 2082 1177 2142 ὧ
1208 2089 1565 2159 φιλόχριστοι,
1597 2081 1679 2151 οἷς
1704 2087 1750 2142 δ’
1771 2086 1839 2142 ἂν
1866 2086 2005 2158 μετὰ
2041 2087 2103 2141 τὸ
2124 2087 2447 2159 τελευτῆσαί
2474 2105 2543 2159 με
2574 2089 2782 2163 τύχοιή
2818 2092 2949 2162 ἁγία
2971 2092 3113 2167 αὕτη
3139 2095 3320 2161 δέλτος
3350 2097 3453 2153 οὐκ
3482 2098 3764 2170 ἀμνήμων

496 2181 799 2251 γενήσομαι
836 2181 931 2252 ἀφ’
961 2182 1086 2253 (sic)
1122 2182 1299 2251 ὑμᾶς·
1340 2180 1477 2253 ὅπερ
1533 2181 1888 2252 συγχωρήσαι
1941 2180 1969 2234 ὁ
1998 2179 2151 2243 Θεός.
2227 2182 2483 2251 Ἰωάννης
2521 2185 2914 2253 γραμματικὸς
2964 2186 3289 2260 σπαθάριος.
3336 2188 3536 2255 Ἔθους
3566 2192 3761 2262 ,ςψιθ’,

497 2272 639 2328 6719
680 2273 905 2345 (Christi
931 2273 1120 2345 1211).
1161 2273 1272 2330 Nos
1304 2274 1491 2344 itaque
1519 2273 1725 2330 edituri
1783 2273 1838 2328 in
1872 2274 2236 2345 sequentibus
2270 2274 2435 2330 tomis
2466 2274 2543 2347 (l)
2573 2275 2680 2331 hoc
2712 2275 2858 2332 Petri
2886 2293 3053 2350 opus,
3080 2293 3255 2349 pauca
3288 2297 3441 2339 nunc
3468 2284 3765 2342 deﬂorabia

496 2380 640 2430 mus,
673 2365 764 2421 illa
792 2367 1071 2433 videlicet,
1108 2383 1229 2439 qua:
1260 2369 1315 2425 in
1355 2380 1594 2439 quatuor
1618 2367 1931 2438 Evangeliis
1982 2368 2047 2422 ad
2089 2365 2193 2423 SS.
2235 2369 2596 2426 Eucharistiae
2629 2372 2949 2444 mysterium
2978 2374 3292 2444 pertinent;
3333 2379 3548 2435 scilicet
3578 2388 3639 2437 nt
3664 2379 3765 2438 do-

494 2458 675 2546 ctrina
703 2459 977 2517 catholica
1009 2462 1277 2519 adversus
1303 2463 1640 2518 contrariam
1678 2465 1930 2520 haeresim
1958 2463 2327 2536 undecunque
2355 2468 2736 2523 conﬁrmetur.

535 2628 730 2686 Matth.
758 2647 882 2704 cap.
914 2657 956 2701 ι,
985 2649 1041 2712 γ..
1066 2635 1119 2690 3.
1143 2633 1534 2712 Ικάᾳε-ακεειη
1552 2639 1736 2708 genuit
1753 2639 1957 2697 Phares
1992 2649 2045 2694 et
2108 2647 2145 2705 Α

2194 2640 2432 2709 Ἰούδας
2453 2639 2522 2695 δὲ
2548 2640 2839 2712 ἐγέννησε
2874 2642 2984 2712 τὸν
3013 2641 3201 2712 Φαρὲς
3239 2642 3340 2697 καί
3373 2642 3483 2698 τὸν
3509 2642 3669 2712 Ζαρὰ
3700 2645 3772 2700 ἐκ

984 2703 1189 2760 larunt
1232 2706 1296 2759 de
1324 2703 1577 2764 ΤΙΜΜῆ
2111 2703 2150 2705 ἡ
2407 2703 2424 2709 ⁷
2591 2703 2594 2709 ’

2111 2703 2150 2705 ἡ
2407 2703 2424 2709 ⁷
2591 2703 2603 2711 ⁷
2748 2703 2759 2712 ’
2829 2711 2939 2782 τῆς
2979 2703 3204 2784 Cap-ap:

570 2812 714 2868 Petri
762 2813 1068 2874 Laodiceni.
1102 2816 1341 2874 Gloriari
1390 2819 1694 2876 virtutibus
1746 2834 2102 2893 proavorum,

2258 2826 2487 2895 Πέτρου
2513 2825 2871 2894 Λαοδικέως.
2921 2826 2998 2881 Τὸ
3025 2829 3151 2891 ταῖς
3173 2825 3282 2882 τῶν
3322 2827 3606 2898 προγόνων
3640 2827 3774 2881 καλ-

498 2918 706 2974 ncque,
755 2920 816 2961 se
839 2920 907 2961 ex
931 2909 1169 2979 propriis
1195 2910 1472 2967 aestimare
1498 2911 1661 2967 bonis
1688 2913 1849 2984 longe
1889 2910 2083 2967 absur—

2185 2916 2519 2983 λωπίζεσθαι
2544 2920 2784 2987 ἀρεταῖς,
2813 2921 2907 2972 καὶ
2946 2918 3023 2989 μὴ
3066 2920 3191 2984 ταῖς
3221 2918 3456 2985 οἰκείαις
3517 2918 3777 2990 σεμνύνε-

499 2993 789 3050 dissimum
810 3004 918 3063 est,
936 3007 995 3054 et
1015 2999 1207 3056 virtuti
1225 3016 1357 3058 sane
1377 3002 1633 3073 capitale.
1657 3002 1803 3075 Ergo
1823 3012 2079 3074 propter-

2190 3008 2335 3074 σθαι,
2393 3009 2674 3073 παντελῶς
2727 3011 2845 3063 ἐστι
2908 3007 3362 3081 μοχθηρώτατον,
3425 3009 3527 3067 καὶ
3573 3010 3779 3083 ἀρετῆς

495 3099 562 3139 ea
611 3095 839 3141 curator
888 3088 1065 3144 nostri
1106 3087 1331 3161 generis
1377 3091 1635 3149 Christus
1681 3094 1829 3150 Deus
1866 3106 2080 3159 noster,

2188 3098 2557 3170 ἀναιρετικόν.
2586 3098 2687 3153 Διά
2704 3116 2791 3153 τοι
2810 3099 2972 3154 τοῦτο
2996 3102 3026 3154 ό
3045 3100 3141 3154 τοῦ
3163 3100 3439 3172 ἡμετέρου
3464 3100 3656 3173 γένους
3677 3117 3777 3172 κη.

495 3191 609 3230 non
632 3177 810 3233 solum
834 3176 902 3233 ad
931 3194 1155 3249 pravam
1178 3180 1336 3237 istam
1365 3181 1752 3240 inductionem
1774 3185 2085 3254 exstirpan-

2188 3189 2372 3261 δεμὼν
2425 3189 2661 3262 Χριστὸς
2689 3192 2717 3245 ό
2742 3190 2876 3255 Θεδς
2904 3192 3091 3263 ἡμῶν,
3128 3192 3190 3246 ού
3237 3192 3400 3263 μόνον
3445 3192 3691 3256 ἐντολαῖς
3715 3208 3779 3245 τε

496 3267 622 3331 dam
645 3268 771 3324 luce
797 3269 977 3340 palam
1000 3271 1291 3341 praeceptis
1311 3283 1369 3328 et
1403 3272 1895 3331 adhortationibus
1926 3276 2088 3332 incu-

2189 3284 2287 3336 καὶ
2339 3281 2702 3354 παραινέσεσι
2750 3280 2849 3353 τὴν
2907 3282 3171 3354 τοιαύτην
3219 3283 3459 3356 ἀναιρῶν
3525 3283 3782 3352 φαίνεται

497 3359 639 3425 buit,
665 3374 858 3414 verum
884 3359 1053 3416 etiam
1073 3360 1232 3416 exiis
1252 3364 1476 3432 proavis
1507 3365 1660 3421 nasci
1692 3365 1959 3421 sustinuit
1987 3367 2085 3438 qui

2192 3373 2483 3444 ὑπόληψιν,
2521 3373 2658 3428 ἀλλὰ
2681 3374 2777 3428 καὶ
2808 3375 2873 3429 εκ
2904 3375 3165 3430 τοιούτων
3219 3375 3502 3446 προγόνων
3525 3372 3781 3442 γενέσθαι

498 3450 603 3505 sibi
617 3451 806 3521 gloria:
816 3467 932 3507 non
943 3459 1153 3519 essent,
1174 3452 1384 3510 docens
1400 3470 1502 3513 nos
1518 3457 1613 3527 qui
1632 3458 1688 3512 in
1707 3458 1885 3528 ipsum
1901 3458 2086 3514 credi-

2191 3465 2544 3530 κατεδέξατο,
2579 3459 2782 3536 ἀφ’ὧν
2820 3467 2920 3521 οὐκ
2955 3465 3071 3520 ἔστι
3096 3465 3422 3532 δοξάζεσθαι
3443 3482 3458 3496 ο
3511 3465 3782 3519 διδάσκων

497 3541 702 3606 (limus,
757 3541 1029 3613 majorum
1058 3544 1298 3602 virtutes
1340 3555 1438 3601 aut
1460 3547 1595 3602 vitia
1619 3548 1758 3602 nihil
1787 3547 2084 3604 admodum

2190 3560 2340 3629 ἡμᾶς
2358 3559 2484 3622 τοὺς
2501 3560 2581 3622 είς
2599 3559 2760 3612 αὑτὸν
2781 3558 3220 3623 πεπιστευκότας
3246 3557 3347 3622 τὰς
3367 3560 3477 3612 τῶν
3497 3557 3782 3629 προγόνων

499 3642 686 3691 nostra
740 3633 952 3689 referre
1012 3644 1357 3707 reputantes,
1401 3654 1592 3695 curam
1647 3641 1825 3696 nostri
1867 3642 2082 3712 gerere,

2193 3651 2394 3721 ἀρετάς
2423 3667 2480 3704 τε
2505 3650 2603 3703 καὶ
2631 3650 2831 3714 κακίας
2859 3652 2940 3714 είς
2963 3649 3119 3704 οὐδὲν
3143 3647 3552 3719 λογιζομένους,
3575 3648 3779 3718 ἐπιμε-

498 3725 768 3795 nobisque
809 3726 1118 3795 attendere,
1168 3729 1225 3783 in
1265 3729 1557 3802 ofﬁcioque
1595 3732 1846 3787 versari:
1880 3732 2087 3802 quibus

2192 3740 2403 3794 λείσθαι
2452 3741 2686 3805 ἑαυτῶν,
2733 3742 2828 3796 καὶ
2860 3742 3123 3811 πράττειν
3164 3741 3233 3794 τὰ
3263 3741 3488 3795 δέοντα³
3520 3739 3615 3809 ἀφ’
3636 3732 3713 3795 ὧν
3747 3742 3781 3811 ἡ

499 3831 567 3875 ex
604 3816 771 3871 rebus
832 3828 1149 3874 nostrarum
1180 3820 1345 3877 nobis
1377 3822 1653 3878 constabit
1700 3823 1850 3878 salus
1877 3823 2088 3878 anima-

1993 3839 2088 3878 na-
2194 3831 2300 3885 τῶν
2330 3831 2519 3901 ψυχῶν
2552 3832 2711 3903 ἡμῶν
2754 3831 3000 3903 σωτηρία
3024 3832 3154 3902 ἡμῖν
3172 3833 3603 3902 προσγενήσεται

503 3923 646 3963 τυιιι.

538 4020 673 4092 Cap.
712 4024 940 4098 xxx,_ll.
985 4024 1090 4098 Qtti
1125 4027 1269 4081 dixit
1306 4028 1458 4081 illis:
1491 4026 1614 4098 Non
1634 4042 1813 4081 omnes
1845 4028 2059 4096 capiunt
2130 4007 2148 4062 Ι

2212 4033 2274 4086 '0
2311 4031 2380 4085 δὲ
2442 4027 2576 4086 εἷπε
2632 4031 2837 4097 αὐτοῖς
2870 4046 2884 4061 ’
2934 4031 3018 4084 Οὐ
3078 4029 3306 4098 πάντες
3362 4028 3629 4098 χωροῦσι
3677 4030 3792 4084 τὸν

744 4095 954 4149 rerbum
989 4096 1149 4164 illud,
1190 4100 1280 4151 sed
1314 4099 1500 4167 quibus
1535 4097 1718 4151 datum
1746 4104 1844 4150 est.
1910 4095 1913 4096 ⁷

1910 4095 1913 4096 ν
2483 4102 2670 4171 λόγον
2692 4095 2931 4168 τοῦτον,
2960 4101 3100 4155 ἀλλ’
3119 4095 3211 4166 οἷς
3243 4095 3493 4171 δίδοται.

570 4206 717 4263 Petri
737 4207 1039 4265 Laodiceni.
1066 4209 1193 4266 Haec
1222 4210 1475 4265 doctrina
1504 4224 1632 4264 cum
1659 4208 1729 4263 ab
1754 4208 1917 4264 initio
1946 4225 2085 4280 pro-

2265 4215 2492 4283 Πέτρου
2522 4212 2879 4279 Λαοδικέως.
2913 4213 3043 4266 Ὅτε
3074 4211 3136 4277 ἐξ
3167 4211 3344 4282 ἀρχῆς
3388 4209 3584 4281 ἐλέχθη
3616 4213 3646 4264 ὁ
3692 4210 3788 4264 λό-

494 4301 674 4370 posita
713 4309 819 4364 est,
847 4315 959 4356 non
988 4301 1215 4372 penitus
1252 4316 1374 4356 eam
1418 4299 1969 4370 comprehenderunt
2004 4302 2090 4357 di-

2189 4321 2306 4374 γος,
2351 4305 2457 4359 οὐκ
2480 4304 2713 4375 ἐνόησαν
2741 4303 2906 4358 αὐτὸν
2933 4303 2985 4356 ot
3018 4301 3282 4372 μαθηταί.
3305 4302 3444 4355 Νυνὶ
3468 4301 3527 4354 δὲ
3555 4303 3789 4371 νοήσαν-

495 4391 726 4460 scipuli.
770 4392 932 4449 Nune
985 4400 1171 4448 autem
1206 4408 1266 4446 re
1296 4392 1566 4447 attentius
1597 4400 1908 4462 perSpecta,
1945 4408 2083 4448 con-

2185 4411 2277 4458 τες
2332 4392 2724 4466 ἀκριϐέστερον
2778 4391 3157 4462 θορυϐοῦνται.
3209 4392 3271 4444 Et
3327 4391 3437 4462 γὰρ
3492 4391 3580 4444 διὰ
3629 4391 3793 4445 τοῦτο

496 4483 819 4538 turbantur.
853 4483 910 4539 Si
947 4485 1121 4550 enim,
1155 4483 1382 4539 aiebant
1411 4483 1518 4552 ipsi
1546 4497 1759 4550 secum,
1785 4491 2082 4554 propterea

2191 4485 2378 4555 φησὶν,
2408 4484 2696 4556 ήνώθησαν
2726 4483 2979 4553 ἀλλήλοις
3005 4482 3083 4546 ὡς
3129 4481 3197 4536 ἂν
3228 4475 3366 4535 ὦσιν
3399 4482 3459 4536 ἓν
3478 4498 3492 4512 ’
3536 4482 3632 4535 καὶ
3674 4500 3787 4553 μη-

494 4573 781 4644 conjuncti
833 4582 963 4628 sunt
1004 4573 1091 4627 vir
1143 4583 1199 4627 et
1234 4573 1437 4628 mulier
1488 4584 1548 4628 ιιι
1602 4588 1771 4628 unum
1800 4575 1911 4645 jam
1944 4576 2080 4640 sint,

2189 4575 2384 4630 δέποτε
2442 4572 2858 4628 διασπασθῶσιν
2920 4569 3016 4627 ἀπ’
3047 4570 3313 4643 ἀλλήλων.
3346 4572 3467 4627 Κᾶν
3534 4573 3791 4644 μοχθηρὰ

499 4681 677 4737 neque
707 4682 969 4741 umquam
1006 4666 1076 4720 ab
1123 4663 1360 4721 invicem
1393 4665 1749 4734 divellantur,
1781 4680 2083 4738 quantum-

2192 4669 2226 4740 ἡ
2260 4666 2396 4736 γυνὴ
2444 4668 2541 4722 καὶ
2593 4664 2868 4737 θηριώδης
2916 4660 3161 4736 suum
3189 4666 3252 4719 οὐ
3287 4665 3558 4738 συμφέρει
3597 4664 3790 4735 γαμῆ-

498 4755 585 4811 vis
644 4756 919 4814 tervicosa
948 4763 1006 4811 et
1037 4763 1335 4810 contumax
1379 4757 1581 4812 mulier
1604 4757 1697 4823 sit,
1717 4773 1827 4813 non
1858 4758 2085 4829 expedit

2194 4777 2304 4813 σαι.
2345 4757 2567 4812 Βέλτιον
2621 4758 2732 4829 γὰρ
2765 4756 2840 4827 μὴ
2879 4758 3078 4826 γαμεῖν
3117 4756 3277 4820 ὅλως,
3314 4757 3411 4810 καὶ
3446 4756 3575 4820 τοὺς
3625 4773 3795 4826 φυσι-

498 4846 732 4902 nuhcre.
771 4845 1096 4903 Consultius
1127 4846 1275 4901 enim
1305 4856 1391 4903 est
1419 4847 1703 4903 abstinere
1730 4849 1945 4920 nuptiis
1967 4865 2086 4905 om-

2194 4849 2323 4913 κοὺς
2356 4847 2702 4921 πειρασμοὺς
2743 4845 3061 4914 ὑπομένειν,
3096 4845 3130 4913 ἦ
3173 4847 3398 4912 γυναικὶ
3434 4845 3783 4916 συναφθῆναι

498 4932 652 5000 nino,
704 4948 760 4994 et
798 4937 1214 4993 etl‘crvescentis
1273 4948 1484 4994 natura;
1556 4948 1739 4995 mutus
1795 4950 2081 5012 utcunque
2196 4943 2430 5014 πονηρᾷ.

496 5029 812 5098 opprimere
843 5028 1116 5091 carlibctn,
1166 5046 1330 5100 quam
1388 5030 1607 5086 mulieri
1698 5033 1976 5101 pervicaci
2046 5040 2146 5086 aut
2183 5033 2324 5087 male
2389 5038 2638 5098 moratae,
2695 5029 2922 5085 vinculo
2974 5034 3140 5084 tantae
3192 5027 3626 5083 necessitudinis
3697 5041 3792 5081 ε,-

497 5122 682 5189 tritzg’.

567 5234 678 5300 (lat)
721 5235 1304 5297 xxvt,':?.6.thmntibus
1325 5248 1499 5293 autem
1518 5240 1611 5292 eis.
1632 5268 1698 5277 —
1720 5238 2079 5292 Immensu-

2271 5231 2629 5285 Ἐσθιόντων
2667 5228 2734 5281 δὲ
2765 5226 2984 5282 αὐτῶν.
3013 5257 3081 5266 -
3137 5226 3453 5296 Ἑρμηνεία.
3511 5224 3664 5278 Μετὰ
3722 5234 3793 5287 τδ

498 5341 603 5379 rio.
625 5326 915 5395 Postquam
937 5329 1249 5384 recessisset
1266 5329 1292 5384 J
1301 5331 1453 5393 udas,
1481 5330 1706 5385 tradidit
1726 5328 1977 5384 undecim
1993 5345 2082 5384 sa—

2197 5326 2427 5392 ὲξ;λ3εἰν
2474 5324 2566 5376 τὸν
2620 5323 2845 5381 Ἰούδαν,
2902 5316 3491 5390 παρέδωκενόΚύριος
3541 5319 3656 5378 τοῖς
3701 5317 3793 5371 ἒν-

497 5425 840 5471 cramentum
890 5419 1188 5483 Dominus.
1241 5422 1353 5491 jam
1407 5424 1572 5476 modo
1623 5437 1905 5490 passurus.
1951 5420 2086 5487 Qui-

2197 5420 2326 5471 δεκα
2377 5418 2437 5469 τὸ
2499 5418 2828 5487 μυστήριον,
2883 5413 2960 5474 ὡς
3017 5411 3227 5480 μέλλων
3293 5410 3481 5462 λοιπὸν
3539 5407 3739 5463 παθεῖν
3775 5427 3792 5442 ⁸

500 5508 626 5564 tiam
658 5518 842 5565 autem
894 5512 1088 5567 dicunt
1136 5513 1291 5570 Iuda:
1335 5514 1502 5569 etiam
1552 5514 1707 5568 illum
1760 5512 2088 5582 impertiisse

2205 5510 2347 5571 τινὲς
2393 5507 2449 5562 δέ
2500 5514 2698 5577 φασιν,
2745 5507 2828 5558 ὅτι
2879 5505 2973 5558 καὶ
3018 5502 3095 5573 τῷ
3142 5502 3317 5572 Ἰούδᾳ
3357 5501 3632 5572 μετέδωκε
3679 5501 3797 5556 τῶν

504 5609 874 5666 sacramenta,
928 5617 1108 5671 neque
1158 5604 1238 5658 sic
1275 5619 1402 5658 cum
1449 5611 1692 5658 mutasse
1737 5603 2093 5658 sententiam.

2213 5599 2550 5672 μυστηρίων,
2614 5598 2708 5650 καὶ
2759 5596 2880 5650 οὐδὲ
2931 5594 3103 5660 οὔτως
3156 5592 3468 5666 μετεόλήθη
3492 5610 3507 5625 δ
3555 5590 3646 5647 διὰ
3696 5591 3796 5647 οὖν

585 5776 662 5849 (ι)
700 5778 849 5833 Dicm
887 5793 1204 5851 supremum
1253 5781 1389 5835 υίιὶἰι
1423 5778 1776 5834 doctissimus
1813 5778 2108 5833 cardiuaiis
2149 5796 2195 5851 p1

1890 5778 2108 5833 rdinaiis
2149 5778 2471 5851 priusquam
2498 5774 2791 5834 consilium
2829 5772 2936 5855 hoc
2967 5771 3196 5847 exsequi
3228 5770 3500 5842 potuerit.
