4078 6388
384 430 527 497 3³25
850 482 851 485 η
1346 430 1949 491 COMMEN‘TARIUS
1995 429 2075 488 ΙΝ
2114 430 2191 490 1V
2227 428 2683 493 EVANGELIA.
3527 423 3672 493 3325

385 545 482 603 τοῦ
506 542 693 599 λαϐεῖν
705 542 802 598 τὸν
822 541 1010 615 ἄρτον,
1030 543 1124 597 καὶ
1145 543 1564 615 εύχαριστῆσαι,
1587 544 1828 599 διδάσκει
1848 560 1977 607 τους

2078 546 2371 616 Accipiens
2406 565 2571 618 porro
2605 561 2798 618 panem
2834 554 2888 600 et
2922 544 3125 616 gratias
3156 556 3345 616 agens.
3371 540 3670 614 discipula.

392 638 644 712 μαθητὰς
694 636 1043 709 εὐχαριστεῖν
1091 632 1175 700 οἷς
1224 637 1539 708 ἐδωρήσατο
1570 637 1658 691 διὰ
1690 636 1784 690 τοῦ
1845 636 1975 696 ἰδίου

2079 638 2240 693 docet
2269 640 2473 709 gratias
2519 655 2677 711 agere
2712 649 2937 709 propter
2981 653 3044 692 ea
3078 653 3199 707 quae
3234 653 3331 706 per
3363 637 3669 707 passionem

387 732 616 795 πάθους,
635 729 705 785 δι’
726 723 790 784 οὗ
814 729 912 784 καὶ
931 729 998 784 τὰ
1021 729 1273 801 σύμϐολα
1292 730 1522 795 γίνεται,
1551 729 1801 799 σώματος
1821 730 1979 799 ἐχόν-

2079 748 2233 787 suam
2264 733 2509 796 donavit.
2536 743 2761 804 prepter
2790 747 2952 801 quam
2982 739 3038 783 et
3058 730 3304 799 symbula
3346 742 3669 799 proponun-

388 842 497 900 των
522 823 743 892 μνήμην
776 821 871 874 καὶ
908 820 1145 890 αἵματος
1176 837 1190 852 ⁸
1230 820 1309 874 διὸ
1335 820 1508 874 ταῦτα
1537 820 1864 889 παραδιδοὺς
1887 820 1978 872 ἐπὶ

2082 834 2172 879 ιιιι·
2197 825 2448 894 corporis
2473 833 2529 878 et
2563 822 2848 894 sanguinis
2880 823 3001 890 ejus
3022 820 3344 875 memoriam
3375 816 3669 884 habentia;

389 908 452 962 τὸ
477 908 649 971 πάθος
679 908 895 973 ἐγένετο
917 923 935 940 ο
963 907 1059 962 καὶ
1098 906 1209 979 γὰρ
1244 908 1339 961 τοῦ
1369 909 1536 976 ἄρτου
1566 908 1813 978 μετέχων
1833 949 1848 973 ,
1882 907 1977 962 τοῦ

2084 916 2317 986 ideoque
2365 917 2454 971 illa
2495 915 2783 984 discipulis
2830 914 3053 968 tradens
3106 911 3342 980 passioni
3393 911 3672 979 proximus

395 1000 646 1072 σώματος
692 1002 788 1056 τοῦ
821 1002 1026 1073 Κυρίου
1062 1000 1471 1072 μεταλαμϐάνει
1510 1018 1525 1033 ο
1556 1002 1619 1054 οὐ
1651 1001 1761 1073 γάρ
1808 1018 1979 1074 προσ-

2080 1017 2220 1061 erat.
2270 1005 2372 1073 Qui
2416 1008 2563 1061 enim
2605 1006 2731 1077 pani
2764 1006 3156 1069 communicat,
3207 1020 3409 1075 corpus
3455 1002 3670 1058 Domini

394 1093 591 1162 ἔχομεν
619 1096 684 1163 τῇ
722 1092 884 1160 φύσει
930 1092 1037 1145 τῶν
1086 1091 1363 1160 αἰσθητῶν
1414 1092 1817 1162 προκειμένων,
1863 1091 1978 1145 ἀλλ’

2081 1097 2404 1168 participat;
2440 1115 2546 1152 non
2580 1099 2725 1152 enim
2775 1114 2958 1152 rerum
2995 1098 3341 1152 sensibilium
3377 1112 3499 1165 qua:
3542 1110 3664 1163 pro-

394 1184 670 1253 ἁνάγομεν
711 1183 810 1256 τὴν
852 1183 1029 1255 ψυχὴν
1076 1184 1166 1237 διὰ
1196 1183 1437 1246 πίστεως
1467 1183 1562 1237 ἐπὶ
1588 1183 1653 1236 τδ
1677 1184 1772 1236 τοῦ
1802 1183 1979 1251 Λόγου

2082 1199 2366 1261 ponuntur
2393 1201 2643 1245 naturam
2674 1191 3035 1254 attendimus,
3066 1191 3162 1244 sed
3194 1189 3261 1243 ad
3297 1190 3476 1259 ipsum
3508 1185 3670 1240 Verbi

396 1277 587 1348 σῶμα·
629 1278 690 1331 οὐ
727 1277 841 1347 γὰρ
870 1273 1011 1339 εἷπε,
1049 1276 1220 1330 Τοῦτό
1246 1279 1363 1330 ἐστι
1398 1275 1461 1329 τὸ
1505 1274 1797 1346 σύμϐολον,
1822 1275 1978 1337 ἀλλὰ,

2083 1299 2306 1352 corpus,
2340 1298 2438 1351 per
2474 1282 2664 1344 ﬁdem,
2707 1282 2947 1335 animam
2994 1281 3323 1346 attollimus;
3369 1295 3479 1333 non
3522 1278 3670 1332 enim

399 1370 583 1425 Τοῦτο
621 1369 742 1439 μού
790 1369 923 1423 ἐστι
970 1368 1036 1422 τὸ
1086 1367 1260 1437 σῶμα
1288 1367 1575 1431 δεικτικῶς
1598 1408 1614 1432 ,
1662 1367 1751 1420 ἴνα
1789 1367 1866 1438 μὴ
1895 1383 1983 1420 v0-

2082 1376 2242 1439 dixit,
2293 1373 2405 1429 lloc
2437 1384 2520 1429 est
2543 1374 2881 1447 symbolum,
2918 1374 3039 1438 sed,
3077 1389 3275 1442 panem
3309 1371 3671 1443 indigilando.

400 1461 532 1534 μίσῃ
552 1478 638 1525 τις
660 1461 832 1514 τύπον
854 1457 1086 1514 εἶναιτὰ
1112 1460 1435 1530 φαινόμενα·
1457 1459 1628 1513 εἰπὼν
1652 1459 1731 1524 δὲ,
1760 1458 2003 1527 Λάϐετε,

2083 1466 2194 1522 Hoc
2216 1475 2294 1520 est
2325 1483 2535 1537 corpus,
2566 1481 2636 1521 ne
2671 1466 2812 1522 forte
2839 1467 2963 1536 quis
2994 1466 3221 1536 ﬁgurant
3270 1480 3392 1518 esse
3437 1471 3673 1525 tantum,

397 1552 635 1623 φάγετε,
684 1553 785 1625 τὴν
818 1552 998 1607 αἰτίαν
1026 1551 1270 1606 διδάσκει
1299 1551 1395 1606 τοῦ
1431 1551 1673 1617 πάθους,
1701 1553 1783 1606 ὅτι
1819 1551 1985 1605 ἕνεκα

2083 1577 2206 1632 qna
2239 1562 2356 1616 visu
2381 1561 2870 1632 percipiebantnr,
2934 1567 3269 1615 autumaret.
3314 1558 3553 1613 Dicenda
3573 1570 3673 1609 au-

396 1644 489 1698 τοῦ
524 1645 682 1699 λῦσαι
708 1645 807 1715 τὴν
835 1645 1108 1715 ἁμαρτίαν
1138 1643 1235 1698 τεῦ
1280 1644 1489 1714 κόσμου
1541 1641 1762 1696 ἔπαθεν.
1787 1642 1983 1697 -Καί

2086 1662 2218 1717 tem,
2246 1653 2512 1723 Accipite,
2536 1652 2877 1717 manducata,
2899 1666 3121 1708 causam
3150 1649 3423 1721 passionis
3446 1647 3672 1709 indicat.

394 1736 599 1793 λαϐὼν
613 1737 922 1804 ποτήριον.
943 1736 1345 1807 -οἘρμηνιία.
1377 1736 1650 1799 Ὡσαύτως
1680 1736 1778 1790 καὶ
1806 1736 1867 1790 τὸ
1885 1753 1982 1790 πο-

2085 1764 2145 1802 se
2172 1746 2427 1801 videlicet
2464 1744 2592 1799 ideo
2632 1728 2854 1814 passum
2880 1756 3003 1798 esse
3028 1751 3090 1797 ut
3118 1741 3358 1796 solveret
3388 1746 3673 1809 peccatum

396 1836 585 1901 τήριον
622 1829 826 1896 λαθὼν,
858 1830 953 1884 τοῦ
985 1831 1194 1892 πάθους
1228 1830 1393 1883 αὑτοῦ
1426 1830 1859 1900 ὑπομιμνήσκει*
1888 1831 1983 1883 καὶ
2016 1895 2054 1907 ﬁ
2089 1839 2301 1894 ιηιιιιάί.
2343 1869 2408 1879 -
2447 1838 2516 1893 Et
2556 1837 2776 1892 calicem
2836 1836 3122 1907 accipiens.
3145 1834 3677 1888 ——lu11:arat:n'no.
3762 1828 3774 1837 "

398 1895 642 1977 διδάσκει
671 1895 836 1976 πάλιν
869 1923 1233 1992 εὐχαριστῶν,
1265 1924 1349 1975 ὅτι
1385 1922 1502 1991 μετ’
1533 1895 1885 1991 εὐχαριστίας
1902 1922 1985 1975 δεῖ

2086 1931 2354 1987 Similiter
2382 1940 2438 1983 et
2460 1929 2685 1985 calicem
2718 1929 2999 1997 accipiens
3026 1915 3301 1996 passionis
3331 1938 3445 1978 sua:
3482 1920 3678 1977 memi-

399 2016 574 2066 ⁸νοεῖν
602 2014 661 2066 τ’)
694 2015 992 2083 μυστήριον
1022 2031 1037 2046 ο
1069 2014 1127 2067 ὲν
1151 2012 1208 2066 δὲ
1235 2013 1314 2082 τῷ
1343 2011 1521 2082 καιρῷ
1542 2012 1637 2089 τῷ
1667 2012 1857 2081 Πάσχα
1885 2028 1983 2082 με·

2087 2023 2189 2083 nit,
2221 2036 2519 2089 rursusque
2558 2027 2766 2081 monet,
2791 2032 2917 2071 eum
2948 2015 3248 2086 gratiarum
3280 2011 3496 2066 actione
3523 2024 3678 2078 pera-

402 2104 647 2157 ταδέδωσι
675 2107 743 2157 τὰ
772 2102 1031 2173 μυστικὰ,
1056 2102 1145 2157 ἵνα
1173 2101 1322 2173 δείξῃ
1348 2103 1430 2155 ὅτι
1461 2082 1631 2167 τύπος
1665 2097 1736 2174 ἦν
1775 2103 1982 2168 ἐκεῖνα,

2087 2113 2324 2185 gendum
2346 2127 2467 2166 esse
2484 2117 2909 2165 sacramentum.
2922 2107 2982 2160 In
2998 2115 3242 2174 tempore
3259 2111 3441 2156 autem
3454 2098 3679 2153 Pascha

396 2195 560 2248 τοῦτο
580 2195 637 2249 δὲ
667 2194 919 2266 ἀλήθεια⁹
944 2194 1025 2247 διὸ
1057 2193 1151 2248 καὶ
1173 2194 1415 2264 ἑσπέρας
1440 2195 1679 2263 ἐγένετο,
1706 2194 1795 2248 ἐπ’
1816 2194 1986 2266 ἐσχά-

2088 2202 2375 2271 discipulis
2403 2198 2650 2268 impertit
2667 2204 3032 2258 sacramenta,
3058 2201 3117 2247 ut
3138 2189 3428 2262 signiﬁcet,
3450 2188 3679 2256 antiqua

400 2304 492 2340 του
526 2286 637 2342 τῶν
691 2286 897 2358 καιρῶν
922 2327 936 2347 ,
970 2286 1100 2339 ὅταν
1133 2284 1242 2339 ἔδει
1270 2286 1341 2339 τὰ
1371 2285 1581 2355 νόμιμα
1615 2285 1933 2340 παύσασθαι
1967 2302 1982 2318 °

2090 2294 2340 2348 umbram
2378 2291 2547 2346 fuisse
2578 2300 2813 2352 tantum,
2842 2287 2949 2341 hoc
2975 2294 3156 2341 autem
3193 2299 3314 2338 esse
3343 2281 3633 2336 veritatem
3664 2295 3680 2332 :

400 2379 480 2431 διὸ
509 2379 604 2432 καί
634 2395 789 2449 φησι,
830 2377 1011 2431 Τοῦτο
1035 2377 1277 2443 ποιεῖτε,
1311 2377 1389 2442 ὡς
1414 2376 1625 2431 ἐκείνου
1669 2378 1819 2448 ἡμᾶς
1875 2378 1984 2431 ἀπ-

2089 2385 2446 2455 quamobrem
2474 2391 2530 2436 et
2563 2395 2816 2450 vespere,
2849 2378 2902 2433 id
2946 2386 3034 2433 est
3076 2377 3131 2432 in
3171 2373 3438 2431 extremis
3467 2380 3680 2441 tempo-

402 2473 575 2535 ά,ων·
618 2470 877 2542 μνησθεὶς
909 2470 965 2523 δὲ
1013 2470 1278 2541 διαθήκης
1310 2470 1404 2523 καί⁸
1432 2470 1686 2540 αἵματος,
1714 2469 1987 2523 δείκνυσιν

2090 2478 2265 2540 ribus,
2310 2475 2650 2530 celebratum
2696 2480 2814 2535 est,
2865 2486 2991 2526 cum
3028 2471 3136 2541 jam
3185 2472 3469 2537 oporteret
3512 2463 3680 2520 ﬁnem

402 2563 483 2613 δτι
523 2561 709 2632 μέλλει
737 2559 1019 2629 τελευτᾷνο
1050 2561 1142 2612 καὶ
1174 2558 1283 2630 γὰρ
1321 2558 1420 2628 τὴν
1444 2558 1712 2630 διαθήκην
1735 2559 1834 2629 τὴν
1859 2576 1987 2612 και-

2089 2567 2340 2636 aecipere
2366 2570 2707 2619 sacramenta
2730 2563 2897 2633 legis;
2925 2560 3162 2628 ideoque
3184 2558 3338 2619 dicit,
3364 2556 3475 2611 Hoc
3496 2556 3679 2625 facite,

402 2654 497 2720 γὴν
520 2652 581 2705 τὸ
610 2646 747 2721 αἷμα
777 2651 944 2705 αὑτοῦ
984 2651 1269 2721 συνίστησι
1304 2667 1319 2681 ·
1346 2650 1422 2714 ὠς
1455 2651 1552 2703 καὶ
1595 2650 1694 2720 τὴν
1725 2653 1985 2717 παλαιὰν,

2089 2674 2192 2714 nos
2220 2658 2479 2712 videlicet
2521 2672 2551 2710 a
2598 2656 2713 2725 lege
2744 2668 3030 2709 revocans.
3060 2651 3472 2706 Testamentum
3494 2655 3680 2701 autem

400 2744 462 2796 τὸ
489 2738 632 2814 αἷμα
664 2742 774 2796 τῶν
806 2742 1098 2814 προϐάτων
1122 2759 1140 2777 ο
1174 2743 1268 2795 καὶ
1301 2742 1411 2813 γὰρ
1434 2744 1665 2797 κάκεῖνα
1697 2743 1785 2797 διὰ
1815 2743 1988 2798 ταῦτα

2090 2759 2148 2807 et
2190 2750 2518 2819 sanguinem
2570 2760 2918 2809 memorans,
2954 2759 3013 2799 se
3065 2757 3191 2797 mox
3217 2740 3546 2796 moriturum
3592 2738 3682 2793 in-

404 2836 623 2902 ὲγένετο
646 2851 658 2865 ⁸
694 2835 1039 2906 γευσάμενος
1063 2835 1120 2889 δὲ
1143 2834 1240 2888 τοῦ
1269 2836 1533 2905 ποτηρίου
1558 2876 1573 2901 ,
1617 2835 1989 2890 ἀποτάσσεται

2091 2843 2250 2898 nuit:
2284 2857 2487 2897 novum
2532 2840 2681 2895 enim
2732 2846 3122 2893 testamentum
3165 2834 3486 2905 sanguinem
3519 2846 3681 2887 suum

401 2927 479 2995 τῷ
513 2927 813 2999 σωματικῷ
841 2928 1079 2996 πόματι·
1105 2926 1288 2981 καινὸν
1310 2928 1373 2981 δέ
1399 2945 1523 2981 τινα
1561 2928 1767 2999 τρόπον
1788 2929 1991 2999 εὐφρο-

2091 2950 2214 2990 esse
2244 2933 2508 2997 declarat,
2546 2940 2705 2986 vetus
2747 2945 2899 2994 vero,
2947 2928 3272 2999 sanguinem
3310 2925 3680 2999 victimarum,

404 2994 1023 3087 u'ivqgvémy'yénstat
1071 3021 1183 3083 τοῖς
1234 3019 1525 3089 μαθηταῖς,
1583 2994 1652 3091 ήν
1702 2994 1991 3092 μετὰ-τὴν

2093 3028 2364 3098 siquidem
2407 3027 2495 3081 illa
2527 3024 2796 3081 sacrilicia
2831 3030 3057 3092 propter
3086 3020 3212 3076 novi
3248 2994 3563 3075 testamenti
3592 3032 3684 3073 sa-

404 3109 701 3161 ἀνὰστασιν
754 3109 948 3175 ἔδειξε,
984 3110 1178 3180 φαγὼν
1232 3112 1329 3166 καὶ
1390 3112 1555 3179 πιὼν,
1611 3116 1797 3169 οὐκέτι
1849 3116 1994 3170 κατὰ

2094 3118 2303 3174 criﬁcia
2335 3116 2587 3172 instituta
2619 3124 2766 3170 sunt.
2798 3112 3030 3169 Gustato
3076 3116 3261 3166 autem
3311 3108 3485 3164 calice
3533 3105 3683 3161 vale-

401 3200 624 3270 γρείαν,
679 3201 816 3254 ἀλλὰ
848 3202 1213 3273 πιστούμενος
1240 3206 1342 3276 τὴν
1377 3205 1556 3277 ἀληθῆ
1607 3207 1703 3261 τοῦ
1738 3207 1992 3280 σώματος

2096 3212 2233 3266 dicit
2272 3209 2520 3265 terrestri
2552 3207 2741 3278 potui;
2788 3218 3104 3274 novumque
3155 3200 3434 3272 quoddam
3480 3198 3686 3256 la‘titia

403 3293 564 3358 ιρύσιν
590 3308 603 3323 ’
633 3292 912 3363 βασιλείαν
941 3295 1049 3367 γὰρ
1078 3296 1214 3350 Θεοῦ
1238 3296 1335 3352 νῦν
1362 3298 1462 3369 τὴν
1493 3299 1791 3354 ἀνάστασιν
1838 3300 1990 3368 λέγει

2095 3316 2270 3373 genus
2294 3298 2583 3369 discipulis
2608 3296 2924 3366 pollicetur,
2958 3308 3144 3363 quam,
3174 3299 3298 3362 post
3323 3287 3686 3345 resurrectio-

403 3379 567 3433 αὑτοῦ
594 3395 608 3409 ⁸
632 3382 846 3467 καινὸν
871 3382 928 3434 δέ
962 3401 1104 3454 φησι
1136 3385 1227 3439 διὰ
1256 3387 1318 3440 τὸ
1347 3392 1714 3460 καινοπρεπές
1748 3408 1762 3423 ·
1798 3391 1989 3465 ἐπειδὴ

2097 3410 2223 3449 nem
2244 3435 2259 3458 ,
2294 3388 2695 3452 manifestavit,
2738 3385 3036 3442 comedens
3075 3392 3132 3438 et
3173 3382 3403 3446 bibens,
3439 3395 3548 3435 non
3573 3379 3684 3451 jam

402 3470 683 3545 ἄφθαρτον
714 3473 854 3545 ἔχων
882 3474 1070 3528 λοιπὸν
1097 3476 1193 3530 τοῦ
1226 3477 1513 3547 μέλλοντος
1543 3482 1740 3546 αἰῶνος
1779 3485 1991 3554 μυστή-

2099 3494 2327 3554 pr0pter
2368 3480 2790 3542 necessitatem,
2837 3491 3030 3531 verum
3069 3482 3130 3529 ut
3167 3472 3458 3527 veritatem
3504 3470 3688 3525 carnis

404 3582 519 3636 ριον
544 3582 557 3597 ·
584 3561 650 3637 ἧς
673 3568 722 3620 οί
751 3565 899 3636 ἅγιοι
925 3567 1228 3635 τεύξονται,
1250 3565 1319 3641 ἦς
1347 3570 1498 3639 λέγει
1518 3574 1613 3625 καὶ
1643 3575 1839 3629 ἑαυτὸν
1870 3593 1986 3629 κοι-

2098 3592 2211 3631 suae
2257 3580 2534 3629 assereret
2578 3570 2830 3641 (regnum
2875 3566 3023 3622 enim
3075 3565 3172 3619 Dei
3220 3561 3685 3619 resurrectionem

401 3660 592 3713 νωνείν
654 3676 669 3692 ·
730 3660 920 3733 ἐπειδὴ
971 3661 1073 3730 τὴν
1126 3662 1406 3733 ἡμετέραν
1458 3666 1736 3734 σωτηρίαν
1779 3668 1988 3738 τροφὴν

2099 3674 2293 3731 vocat;
2334 3680 2529 3719 novum
2561 3669 2745 3716 autem
2777 3668 2939 3713 vocat
2967 3656 3193 3711 calicem
3237 3663 3461 3724 propter
3491 3666 3687 3722 super—

402 3751 607 3806 οξκιίαν
624 3751 903 3823 λογίζεται
919 3770 933 3783 ·
960 3754 1100 3825 μετὰ
1130 3753 1224 3809 οὖν
1246 3754 1345 3828 τὴν
1373 3758 1645 3831 μυστικὴν
1668 3759 1987 3830 παράδοσιν,

2101 3754 2408 3810 naturalem
2439 3753 2560 3823 ejus
2590 3748 2938 3821 dignitatem,
2979 3743 3184 3815 quippe
3225 3757 3352 3821 cum
3399 3741 3687 3810 incorrup-

402 3865 455 3901 κ.
487 3863 536 3899 τ.
569 3846 620 3900 λ.
764 3868 783 3875 ν
1732 3856 1735 3857 ⁷
2104 3848 2257 3903 tibile
2283 3847 2395 3917 jam
2427 3844 2719 3899 habiturus
2750 3839 2823 3895 sit
2846 3836 3068 3893 venturi
3099 3833 3284 3890 saeculi
3318 3830 3688 3909 mysterium).

405 3952 509 4009 qua
534 3939 707 3994 sancti
736 3938 1008 4006 fruentur,
1033 3942 1299 4013 cujusque
1321 3942 1581 4012 seipsum
1650 3942 1883 3999 afﬁrmat
1940 3957 2063 3999 esse
2099 3940 2423 4012 participem
2476 3954 2489 3990 :
2538 3933 2743 3989 etenim
2802 3947 2965 3986 suum
3031 3943 3153 3983 esse
3207 3926 3392 3982 cibum
3455 3924 3690 3979 salutem

404 4043 646 4094 nostram
695 4035 957 4091 declarat.
1006 4038 1198 4109 Igitur,
1239 4048 1530 4110 postquam
1567 4040 1755 4096 divina
1803 4047 2144 4096 sacramenta
2190 4031 2475 4104 discipulis
2520 4029 2767 4094 tradidit,
2797 4036 2906 4084 etc.

474 4126 582 4182 Kal
636 4126 965 4181 ἐσθιόντων
1016 4127 1326 4183 αὐτῶν.-
1361 4128 1681 4200 Ἐρμηνεία.
1736 4129 1836 4183 Διὰ
1872 4129 1995 4183 τού-

2167 4125 2335 4181 Marc.
2385 4138 2494 4188 xlv,
2529 4120 2621 4175 22.
2661 4118 2731 4174 Et
2764 4117 3209 4173 manducantibm
3253 4114 3384 4170 illis.
3407 4145 3474 4155 —-
3497 4115 3689 4169 Iuren-

406 4237 513 4275 των
569 4219 889 4291 παρέδωκεν
959 4220 1072 4282 τοῖς
1152 4219 1421 4290 μαθηταῖς
1445 4261 1460 4283 ,
1511 4221 1661 4285 ὅπως
1725 4218 1996 4273 ἐπιτελεῖν

2099 4231 2373 4273 ιιιιετιιτιο.
2397 4215 2503 4270 Per
2527 4212 2643 4268 bam
2662 4210 2831 4267 verba
2852 4210 3045 4266 docuit
3065 4208 3387 4279 discipulos,
3413 4206 3692 4276 quomodo

404 4313 602 4373 αὐτοὺς
655 4310 934 4381 προσῆκεν
976 4308 1079 4376 τῆς
1129 4310 1325 4379 καινῆς
1371 4310 1639 4381 διαθήκης
1675 4311 1736 4365 τὸ
1786 4312 1996 4384 μυστήο

2101 4311 2327 4364 deceret
2380 4306 2507 4362 novi
2540 4302 2879 4383 .testamenti
2940 4311 3347 4358 sacramentum
3406 4312 3689 4368 peragere.

409 4421 523 4471 ριον
551 4419 566 4434 ⁸
612 4402 703 4457 διὰ
746 4401 857 4474 γὰρ
898 4400 1057 4454 τοῦτο
1106 4402 1403 4472 εὐλόγησεν
1446 4403 1545 4456 καὶ⁵
1592 4399 1787 4469 εἶπεν,
1822 4403 1998 4467 διδοὺς

2101 4407 2232 4461 ideo
2276 4404 2425 4459 enim
2472 4401 2790 4465 benedixit,
2845 4399 3126 4468 verbaque
3170 4405 3516 4467 opportuna,
3558 4394 3690 4448 dum

406 4496 589 4557 αύτοῖς
632 4493 960 4565 μεταλαϐεῖν
1006 4492 1042 4548 ἃ
1087 4494 1364 4563 προσῆκον
1389 4490 1493 4565 ἦν,
1540 4495 1628 4548 ἵνα
1669 4497 1871 4550 ἐκείνοι
1904 4495 1994 4550 διὰ

2103 4504 2511 4552 sacramentum
2560 4492 2666 4547 illis
2718 4490 2987 4553 traderet,
3031 4487 3430 4559 pronuntiavit,
3478 4493 3539 4539 ut
3591 4485 3690 4549 illi,

410 4589 509 4658 μὲν
553 4589 653 4658 τῆς
702 4586 952 4656 εὐλογίας
1005 4586 1102 4641 καὶ
1171 4586 1526 4656 εὐχαριστίας
1578 4587 1856 4658 μάθωσιν,
1919 4588 1997 4652 ὡς

2105 4606 2136 4644 a
2173 4587 2561 4643 benedictione
2594 4594 2650 4640 et
2696 4584 2997 4655 gratiarum
3029 4581 3266 4644 actione,
3300 4578 3690 4649 intelligerent,

345 4640 863 4757 ⁸)ἰμε,γᾶιλά.,ἀληθείης
894 4640 990 4733 καὶ
1015 4678 1201 4748 πάσης
1238 4640 1599 4749 εὐχαριστίας
1640 4678 1767 4745 ἄξια
1810 4640 1878 4732 τά

2104 4696 2236 4735 vere
2284 4693 2478 4749 magna
2520 4691 2645 4732 esse
2675 4690 2796 4746 quae
2835 4658 2935 4744 per
2975 4671 3179 4728 Christi
3224 4672 3532 4741 passionem
3577 4667 3692 4721 dis-

406 4772 499 4824 τοῦ
531 4770 771 4843 Χριστοῦ
797 4771 1009 4835 πάθους
1032 4769 1462 4841 οίκονομηθέντα
1495 4787 1511 4802 ο
1541 4763 1616 4824 ὧν
1642 4770 1698 4824 δὲ
1731 4769 2001 4839 σύμϐολον

2103 4780 2332 4841 pensata
2364 4776 2515 4835 sunt,
2546 4782 2896 4838 quorumque
2923 4765 3253 4837 symbolum.
3292 4763 3409 4818 haec
3433 4761 3691 4833 mysteria

409 4864 581 4916 ταῦτα
649 4862 1020 4916 ἐπιτελεῖσθαι
1086 4862 1407 4932 παρέδωκεν
1434 4862 1640 4925 αὐτοῖς.
1691 4860 1789 4914 Διὰ
1818 4860 1875 4914 δὲ
1909 4859 2000 4913 τοῦ

2105 4861 2238 4932 ipsis
2252 4857 2582 4916 celebranda
2602 4857 2845 4912 tradidit.
2863 4856 3061 4912 Diecns
3075 4865 3259 4911 autem
3277 4854 3409 4909 :Hoc
3420 4862 3493 4908 est
3506 4870 3694 4924 corpus

336 4964 339 4967 λ
409 4954 606 5020 εἰπεῖν,
641 4953 823 5008 Τοῦτό
849 4954 1025 5007 ἐστιν
1053 4955 1122 5006 τὸ
1152 4951 1329 5023 σῶμά
1355 4969 1498 5022 μου,
1551 4952 1666 5017 καὶ,
1704 4951 1886 5007 Τοῦτο
1932 4968 1946 5004 ι

2104 4958 2301 5013 meum,
2343 4959 2420 5014 et,
2454 4948 2552 5003 Hic
2593 4953 2670 5001 est
2702 4947 2923 5017 sanguis
2969 4961 3135 5010 meus,
3178 4943 3421 5000 declarat
3452 4942 3694 5011 discipu-

411 5041 554 5113 ιιῖιιά
587 5062 725 5115 μου.
761 5044 841 5100 δτι
873 5045 966 5099 τὸν
999 5046 1098 5114 μὲν
1128 5046 1297 5117 ἄρτον
1330 5044 1689 5116 προτιθέντας
1728 5042 1867 5115 μετὰ
1901 5042 2001 5115 τὴν

2103 5043 2187 5099 los
2216 5041 2441 5107 debere,
2492 5048 2785 5111 postquam
2832 5052 3029 5111 panem
3072 5036 3415 5109 propositum
3464 5034 3695 5090 benedi-

411 5137 788 5206 εύχαριστίαν,
821 5138 1104 5205 προσῆκεν
1127 5137 1329 5201 αὐτοὺς
1357 5136 1611 5208 σώματος
1640 5134 1882 5206 νομίζειν
1912 5152 2003 5205 με·

2103 5132 2307 5196 xerint,
2337 5131 2504 5203 hujus
2531 5131 2692 5201 panis
2715 5131 3163 5186 communionem
3186 5144 3287 5199 pro
3304 5126 3695 5183 communione

410 5228 802 5299 ταλαμϐάνειν,
863 5229 927 5282 τὸ
958 5228 1017 5282 δὲ
1058 5230 1320 5300 ποτήριον
1364 5230 1423 5282 ὲν
1457 5228 1610 5295 τάξει
1639 5228 1737 5283 τοῦ
1770 5228 2001 5300 αἵματος

2102 5223 2355 5299 corporis
2373 5225 2460 5279 sui
2486 5224 2758 5294 accipere,
2787 5223 3029 5292 itemque
3052 5220 3280 5277 calicem
3308 5235 3408 5289 pro
3428 5217 3694 5289 sanguine

411 5321 879 5393 ἠγεῖσθαιοοπερὶ
923 5319 961 5375 ἃ
1006 5321 1069 5375 τὸ
1124 5320 1298 5384 πάθος
1351 5321 1572 5391 ἐγένετο
1598 5321 1693 5375 ἰπὶ
1723 5323 1879 5393 κοινῇ
1931 5324 1998 5393 τῇ

2103 5317 2280 5388 ipsius
2297 5316 2525 5381 habere,
2549 5315 2605 5370 in
2626 5315 2851 5385 quibus,
2878 5330 3047 5370 carne
3071 5313 3331 5367 videlicet
3352 5319 3407 5366 et
3427 5314 3694 5381 sanguine

412 5413 630 5468 τάντων
676 5414 922 5486 σωτηρίᾳ
964 5432 1024 5469 τε
1061 5415 1155 5468 καὶ
1192 5415 1384 5483 ἀφέσει
1437 5412 1545 5467 τῶν
1591 5414 2001 5486 ἡμαρτημένων

2102 5424 2228 5473 suo,
2250 5408 2527 5478 passionis
2592 5407 2916 5478 mysterium
2973 5405 3415 5469 consummavit,
3468 5411 3695 5473 propter

412 5506 597 5566 αὐτοῖς
628 5520 644 5535 ο
682 5504 715 5574 ή
750 5504 860 5574 γὰρ
893 5505 989 5557 ἐπὶ
1038 5504 1254 5568 τούτοις
1297 5502 1558 5574 γινομένη
1610 5503 1824 5569 πίστις,
1861 5502 1998 5573 ὁμοῦ

2102 5516 2450 5558 communem
2479 5500 2768 5554 hominum
2798 5500 3032 5554 salutem
3058 5506 3117 5555 et
3166 5495 3545 5553 remissionem
3567 5510 3696 5565 pec-

412 5606 471 5643 τε
504 5589 612 5643 τῶν
639 5589 1038 5661 πληρωθέντων
1057 5590 1352 5662 ὁμολογίαν
1378 5593 1514 5663 ἔχει,
1539 5591 1635 5645 καὶ⁹
1661 5591 1764 5663 τὴν
1803 5608 1998 5663 μετου-

2105 5604 2354 5650 calorum
2387 5611 2401 5647 :
2440 5593 2577 5648 ﬁdes
2605 5592 2755 5648 enim
2802 5592 2921 5648 haec
2964 5591 3294 5661 suscipiens,
3343 5588 3694 5661 impletorum

416 5683 538 5736 σέαν
565 5684 662 5751 τῆς
694 5684 948 5752 ἀφέσεως
982 5685 1274 5757 χαρίζεται
1320 5687 1437 5749 τοῖς
1484 5683 1835 5739 πιστεύουσιν
1857 5701 1871 5717 ·
1915 5685 1996 5739 δι-

2107 5686 2498 5758 mysteriorum
2562 5683 2966 5740 confessionem
3034 5684 3238 5748 habet,
3297 5682 3696 5751 credentesque

418 5773 600 5829 δάσκει
633 5791 690 5828 τε
721 5776 796 5845 μὴ
838 5777 975 5844 πρὸς
1008 5776 1107 5850 τὴν
1146 5776 1310 5847 φύσιν
1352 5778 1565 5849 ἀφορᾷν
1612 5776 1722 5831 τῶν
1773 5794 1996 5849 προκει-

2108 5787 2460 5847 peccatorum
2506 5775 2849 5831 rcmissionis
2880 5776 3192 5847 participat.
3226 5776 3397 5831 Docet
3429 5784 3693 5847 pneterta

420 5868 618 5935 μένων,
657 5866 795 5924 ἀλλὰ
821 5867 908 5924 διὰ
953 5869 1051 5943 τῆς
1081 5870 1374 5953 γινομένης
1418 5870 1504 5927 ἐπ’
1544 5868 1730 5935 αὐτοῖς
1779 5869 1999 5949 εὐχαρι-

2109 5888 2217 5936 non
2249 5870 2659 5943 propositorum
2702 5878 2952 5927 naturam
2991 5869 3296 5937 attendere,
3339 5869 3433 5924 sed
3464 5869 3692 5925 credcr~
