4078 6398
422 424 566 490 3327
1663 429 1723 486 S.
1772 428 1995 486 PETRI

2140 425 2447 487 DDICENI
3561 419 3706 486 3328

428 536 595 608 quod,
640 552 743 615 per
785 539 1080 610 gratiarum
1115 537 1387 591 actionem
1438 552 1603 607 super
1647 538 1758 593 illis
1789 538 2011 603 factam,

2140 542 2274 615 ῖτίας
2306 541 2478 595 ταῦτα
2507 543 2689 596 ἐκεῖνα
2723 538 2864 598 εἶναι
2898 541 3177 595 πιστεύειν
3196 555 3210 570 °
3248 541 3278 594 6
3309 539 3418 611 γὰρ
3438 537 3707 605 ζωοποιδς

431 644 630 699 corpus
687 632 744 685 et
798 630 1019 701 sanguis
1058 628 1267 684 Christi
1309 627 1449 683 facta
1492 637 1667 684 sunt:
1718 629 2017 686 Viviﬁcans

2140 631 2214 684 τοῦ
2241 631 2377 685 Θεοῦ
2400 633 2573 701 Λόγος
2599 634 2810 697 ἑνώσας
2834 631 2996 687 αὑτὸν
3024 634 3090 703 τῇ
3124 630 3234 703 ἰδίᾳ
3261 630 3462 704 σαρκὶ,
3492 630 3617 685 καθ’
3645 629 3708 684 ὃν

434 719 581 777 enim
623 719 719 776 Dei
748 720 985 775 Verbum
1009 761 1024 784 ,
1052 720 1296 790 seipsum
1330 716 1566 789 [πορεῖαι
1615 721 1769 775 carni
1809 722 2010 776 unicus

437 812 597 867 modo
628 828 791 881 quem
823 813 939 881 ipse
968 812 1141 875 novit,
1175 812 1347 882 ipsam
1372 810 1743 867 vivificantem
1773 828 1896 868 esse
1927 813 2022 867 de-

436 903 680 967 claravit,
712 903 902 969 Pam's,
935 904 1213 972 inquiens,
1244 920 1399 974 quem
1428 919 1521 974 ego
1563 904 1719 968 dabo,
1743 921 1868 958 caro
1906 920 2022 958 mea

436 1004 703 1062 estquam
753 1010 846 1064 ego
902 994 1037 1049 dabo
1084 1010 1178 1061 pro
1221 995 1405 1048 mundi
1450 997 1639 1059 rita‘;
1676 1006 1732 1049 et
1781 996 2020 1049 iterum:

435 1081 550 1136 Nisi
580 1084 1026 1139 manducaveritis
1068 1102 1283 1138 carnem
1316 1085 1436 1140 Filii
1464 1087 1691 1140 hominis
1720 1096 1768 1140 et
1796 1086 2025 1141 biberitis

437 1174 553 1241 ejus
575 1175 909 1243 sanguinem,
939 1192 1044 1229 non
1073 1177 1328 1230 habebitis
1372 1178 1537 1230 vitam
1557 1187 1812 1231 aeternam
1841 1180 1881 1230 ³.
1914 1177 2027 1233 Hoc

440 1264 607 1335 igitur
660 1265 930 1322 facientes
986 1268 1153 1322 vitam
1214 1269 1267 1322 in
1333 1269 1493 1323 nobis
1556 1269 1844 1324 habemus.
1881 1270 2029 1325 Dixit

439 1356 588 1409 enim
621 1373 633 1407 :
673 1355 776 1420 Qui
811 1358 1096 1415 manducet
1132 1375 1302 1412 meam
1350 1376 1587 1424 carnem,
1615 1369 1665 1414 et
1692 1361 1816 1414 bibit
1856 1378 2029 1416 meum

430 1448 775 1516 sanguinem,
807 1448 862 1501 in
894 1465 975 1501 me
1010 1457 1188 1502 manet
1245 1458 1292 1502 et
1322 1465 1415 1519 ego
1448 1450 1504 1502 in
1531 1447 1624 1502 illo
1659 1450 1699 1503 ³.
1731 1450 2031 1520 Oportebat

439 1539 587 1593 enim
615 1538 766 1592 illum
801 1540 1023 1609 quidem
1060 1540 1115 1593 in
1150 1540 1311 1595 nobis
1344 1556 1441 1609 per
1480 1548 1733 1595 sanctum
1759 1541 2027 1610 Spiritum

445 1628 607 1683 modo
631 1628 916 1685 divinitate
934 1630 1097 1701 digno
1120 1630 1391 1693 habitare,
1410 1631 1739 1701 corporibus
1756 1646 1884 1686 vero
1901 1648 2029 1686 nos-

444 1719 547 1774 tris
572 1735 669 1788 per
694 1730 937 1776 sanctam
975 1722 1149 1791 ipsius
1178 1737 1398 1778 carnem
1416 1722 1791 1793 etpretiosum
1808 1724 2033 1796 sangui-

444 1826 571 1865 nem
594 1812 974 1868 commisceri:
1000 1812 1148 1883 quod
1177 1822 1235 1868 et
1263 1828 1588 1869 concessum
1617 1814 1905 1877 habemus,
1938 1833 2035 1885 per

444 1901 889 1957 benedictionem
904 1904 1198 1970 viviﬁcam,
1218 1906 1321 1960 sub
1348 1905 1532 1974 specie
1560 1906 1720 1976 panis
1737 1914 1794 1962 et
1810 1906 1947 1971 vini,
1964 1922 2034 1961 ne

444 1991 586 2047 forte
611 1993 934 2049 hebesceret
956 1996 1131 2065 pietas
1168 2005 1379 2060 nostra,
1408 1996 1543 2050 dum
1570 2011 1793 2052 carnem
1821 2005 1876 2051 et
1899 2013 2032 2052 san-

445 2084 666 2152 guinem
690 2088 972 2156 proposita
1004 2088 1253 2143 videmus
1277 2089 1329 2143 in
1352 2089 1711 2144 ecclesiarum
1747 2089 2032 2144 altaribus.

444 2174 908 2234 Condescendens
925 2180 1095 2246 enim,
1123 2191 1183 2234 ut
1205 2182 1378 2234 Deum
1407 2181 1588 2247 decet,
1617 2179 2036 2237 inﬁrmitatibus

446 2269 674 2335 nostris,
708 2270 833 2341 pani
866 2271 1051 2327 oblato
1085 2272 1348 2327 virtutem
1392 2274 1519 2328 vita;
1561 2275 1835 2341 immittit,
1880 2286 1939 2330 et
1977 2274 2036 2330 in

445 2376 602 2418 suam
633 2377 855 2418 carnem
882 2372 1232 2428 transmutat,
1261 2376 1319 2420 ut
1344 2366 1397 2420 in
1427 2368 1874 2423 communionem
1900 2368 2037 2422 vivi-

444 2449 604 2507 ﬁcam
639 2453 795 2508 illum
836 2455 1161 2520 habeamus,
1195 2466 1250 2511 et
1296 2458 1452 2526 quasi
1498 2474 1724 2529 germen
1770 2462 1894 2515 vita:
1943 2460 2038 2515 ﬁat

446 2542 608 2598 nobis
655 2558 861 2614 corpus
921 2545 1071 2608 vitm,
1118 2545 1255 2601 Cum
1303 2554 1487 2603 autem
1539 2548 1676 2604 dicit
1720 2553 2036 2621 sanguinem

445 2652 605 2691 suum
635 2654 731 2708 pro
758 2636 943 2692 multis
970 2632 1211 2708 effusum.
1233 2653 1337 2705 pro
1368 2639 1627 2695 omnibus
1649 2640 1884 2696 eﬂ‘usum
1912 2659 2036 2697 esse

444 2727 758 2797 signiﬁcat:
794 2726 940 2783 Unus
985 2730 1147 2794 enim,
1182 2729 1360 2800 inquit
1393 2732 1617 2798 Paulus,
1652 2751 1748 2803 pro
1792 2736 2035 2789 omnibus

445 2826 687 2873 mortuus
725 2829 822 2886 est,
853 2828 911 2873 ut
929 2821 1053 2891 jam
1088 2838 1193 2875 non
1220 2824 1320 2878 sibi
1340 2825 1544 2889 vivant,
1572 2826 1664 2879 sed
1695 2824 1780 2880 illi
1819 2829 1908 2897 qui
1938 2844 2034 2898 pro

443 2911 573 2979 ipsis
600 2921 836 2967 mortuus
881 2922 957 2967 est
1003 2921 1054 2966 et
1087 2915 1447 2970 resurrexit‘.
1495 2917 1668 2972 Porro
1728 2920 2034 2975 notandum

446 3016 551 3073 est,
576 3008 726 3077 quod
752 3009 942 3076 Judas,
969 3010 1137 3066 etiam
1166 3021 1291 3082 post
1318 3015 1704 3085 mysteriorum
1737 3016 2037 3087 participa-

446 3099 675 3161 tionem,
716 3103 869 3172 juxta
910 3102 1075 3159 Lucze
1122 3105 1523 3171 narrationem,
1568 3105 1715 3162 idem
1745 3111 2033 3176 remansit,

2121 719 2259 777 οἶδεν
2293 724 2496 792 τρόπον
2528 724 2711 795 αὐτὸς,
2743 724 3005 787 ζωοποιδν
3029 721 3309 792 ἀπέφηνεν
3364 722 3535 787 αὑτήν
3562 738 3575 752 ’
3599 720 3708 789 ἔφη

2122 814 2252 883 γὰρ,
2298 815 2381 868 ὃτι
2425 814 2487 868 '0
2537 814 2716 891 ἄρτος
2756 814 2827 868 ὃν
3017 812 3228 875 δώσω,
3283 814 3322 881 ἡ
3375 812 3533 879 σάρξ
3585 812 3708 879 μού

2123 902 2318 967 ἐστιν,
2357 904 2437 971 ἢν
2473 905 2590 975 ἐγὼ
2620 905 2791 959 δώσω
2824 904 2975 974 ὑπὲρ
3004 902 3244 972 τῆς-τοῦ
3278 903 3510 971 κόσμου
3536 899 3707 968 ζωῆς.

2125 994 2222 1047 καὶ
2248 996 2429 1048 πάλιν·
2466 998 2602 1051 Ἐὰν
2630 996 2711 1066 μὴ
2738 997 2969 1067 φάγητε
3013 998 3132 1066 τὴν
3159 995 3361 1065 σάρκα
3407 994 3515 1049 τοῦ
3570 992 3710 1047 Υιοῦ

2128 1085 2232 1139 τοῦ
2277 1087 2630 1154 ἀνθρώπου,
2665 1089 2766 1144 καὶ
2820 1089 2997 1158 πίητε
3035 1088 3224 1144 αὐτοῦ
3260 1087 3329 1142 τὸ
3374 1081 3519 1155 alga
3542 1124 3557 1151 ,
3598 1086 3712 1140 οὐκ

2127 1176 2296 1245 ἔχετε
2350 1177 2505 1247 ζωὴν
2559 1180 2802 1235 αἰώνιον
2849 1195 2864 1210 °
2903 1178 3101 1234 οὐκοῦν
3155 1178 3317 1232 τοῦτο
3375 1177 3661 1240 ποιοῦντες
3691 1216 3709 1239 .

2129 1268 2273 1337 ζωὴν
2305 1268 2503 1339 ἔχομεν
2533 1271 2596 1325 ἐν
2620 1271 2838 1336 ἑαυτοῖς
2861 1271 3026 1326 αὐτόν
3050 1287 3063 1302 ·
3099 1271 3204 1342 ἔφη
3225 1270 3353 1340 γάρ’
3388 1269 3451 1322 Ὃ
3479 1266 3714 1337 τρώγων

2124 1376 2245 1426 μου
2284 1360 2400 1427 τὴν
2434 1360 2655 1429 σάρκα,
2687 1361 2787 1416 καὶ
2816 1363 3010 1416 πίνων
3037 1378 3157 1431 μου
3184 1359 3261 1414 t6
3279 1354 3459 1428 αζμα,
3483 1358 3556 1412 ἐν
3581 1356 3714 1427 ἐμοὶ

2126 1451 2312 1519 μένει,
2337 1452 2499 1522 κάγὼ
2526 1453 2597 1507 ἐν
2631 1452 2815 1520 αὐτῷ.
2850 1454 3001 1508 Ἔδει
3030 1454 3142 1525 γὰρ
3165 1452 3329 1507 αὐτὸν
3355 1450 3444 1505 διὰ
3478 1451 3579 1513 μὲν
3612 1447 3711 1502 τοῦ

2134 1543 2289 1611 ἁγίου
2314 1543 2635 1614 Πνεύματος
2664 1547 2723 1597 ἐν
2753 1547 2885 1615 ἡμῖν
2935 1544 3181 1614 γίνεσθαι
3224 1541 3563 1614 θεοπρεπῶς·
3583 1558 3713 1595 συν-

2135 1633 2531 1704 ανακίρνασθαι
2590 1634 2648 1689 δὲ
2685 1634 2874 1707 ὥσπερ
2896 1638 3008 1699 τοῖς
3038 1635 3330 1706 ἡμετέροις
3356 1632 3603 1703 σώμασιν
3625 1632 3717 1686 διὰ

2134 1726 2233 1795 τῆς
2266 1726 2428 1795 ἁγίας
2471 1725 2640 1780 αὑτοῦ
2682 1726 2885 1796 σαρκὸς
2915 1727 3010 1780 καὶ
3046 1725 3142 1779 τοῦ
3175 1723 3358 1796 τιμίου
3390 1723 3648 1793 αἵματος·
3685 1722 3716 1775 ὃ

2137 1815 2200 1884 δὴ
2230 1816 2324 1870 καὶ
2354 1817 2669 1888 ἐσχήκαμεν
2697 1817 2779 1879 είς
2807 1816 3058 1885 εὐλογίαν
3077 1815 3340 1880 ζωοποιδν
3371 1815 3445 1878 ὡς
3466 1815 3525 1867 ὲν
3561 1812 3718 1882 ἄρτῳ

2136 1925 2196 1961 τε
2234 1908 2330 1961 καὶ
2348 1905 2499 1979 οἴνῳ,
2537 1907 2625 1962 ἵνα
2679 1911 2753 1979 μὴ
2793 1909 3291 1977 ἀποναρκῆσωμεν,
3327 1907 3507 1977 σάρκα
3535 1922 3594 1958 τε
3622 1905 3719 1958 καὶ

2136 1989 2276 2063 αἷμα
2308 1996 2644 2065 προκείμενα
2671 1998 2958 2064 βλέποντες
2979 2000 3034 2051 ὲν
3063 1998 3244 2065 ἁγίαις
3277 1996 3580 2067 τραπέζαις
3606 1994 3719 2053 τῶν

2150 2073 2518 2155 Ἐκκλησιῶῧ’
2588 2085 3095 2155 συγκαθιστάμενος
3146 2086 3255 2159 γὰρ
3288 2086 3367 2149 ὡς
3412 2084 3544 2148 Θεὸς
3595 2086 3720 2151 ταῖς

2134 2176 2433 2245 ἡμετέραις
2458 2175 2767 2239 ἀσθενείαις
2802 2175 2979 2245 ἐνίησι
3014 2177 3128 2240 τοῖς
3156 2173 3535 2245 προκειμένοις
3555 2172 3720 2228 δύνα-

2141 2283 2233 2336 μιν
2260 2265 2430 2337 ζωῆς,
2483 2269 2577 2320 καὶ
2611 2267 2933 2337 μεθίστησιν
2987 2267 3126 2320 αύτά
3158 2265 3294 2336 πρὸς
3323 2266 3607 2335 ἐνέργειαν
3629 2264 3720 2320 διὰ

2138 2358 2237 2427 τῆς
2262 2356 2457 2411 ἑαυτοῦ
2480 2359 2704 2430 σαρκὸς,
2734 2359 2822 2412 ἵνα
2851 2360 2932 2423 είς
2967 2356 3184 2429 μέθεξιν
3213 2357 3479 2421 ζωοποιὸν
3502 2355 3721 2427 ἔχωμεν

2136 2452 2296 2516 αὐτὰ,
2325 2449 2420 2504 καὶ
2448 2444 2558 2504 οἷον
2579 2450 2801 2520 σπέρμα
2820 2449 3107 2515 ζωοποιον,
3124 2448 3321 2519 εὑρεθῇ
3348 2448 3408 2502 τὸ
3431 2448 3591 2519 σῶμα
3617 2451 3719 2519 τῆς

2137 2542 2302 2610 ζωῆς.
2334 2541 2473 2609 Περὶ
2517 2538 2766 2594 πολλῶν
2826 2539 2895 2593 δὲ
2949 2540 3366 2609 ὲκχυνόμενον
3416 2538 3592 2606 λέγων
3650 2538 3722 2591 τὸ

2136 2628 2298 2701 αᾷια,
2328 2633 2388 2687 τὸ
2411 2633 2540 2704 περὶ
2573 2633 2790 2686 πάντων
2811 2631 2959 2701 λέγει
2979 2647 2992 2661 '
3023 2627 3129 2697 Εἷς
3154 2631 3287 2703 γάρ,
3319 2630 3396 2695 ὥς
3425 2628 3724 2703 φησιῐιαῠ-

2137 2724 2248 2790 λος,
2270 2726 2423 2794 ὑπὲρ
2438 2725 2683 2779 πάντων
2703 2723 3024 2790 ἀπέθανεν,
3059 2725 3161 2778 ινα
3183 2727 3238 2779 oi
3272 2723 3491 2791 πάντες
3504 2722 3724 2793 μηκέτι

2136 2816 2373 2884 ἑαυτοῖς
2399 2815 2598 2883 ζῶσιν,
2621 2816 2783 2871 ἀλλὰ
2811 2814 2893 2883 τῷ
2922 2816 3078 2884 ὑπὲρ
3124 2814 3326 2871 αὐτῶν
3353 2815 3725 2871 ἀποθανόντι

2138 2908 2236 2961 καὶ
2276 2906 2594 2976 ἐγερθέντι.
2636 2907 2835 2961 ’ἰστέον
2897 2905 2955 2959 δὲ
2989 2906 3075 2959 ὅτι
3117 2905 3213 2960 καὶ
3252 2904 3360 2959 τῶν
3401 2904 3723 2975 μυστηρίων

2140 2998 2433 3071 μετασχὼν
2466 3000 2495 3052 6
2545 2997 2766 3063 Ἰούδας,
2792 2999 2869 3063 ὡς
2899 3002 2929 3053 6
2963 3002 3176 3062 Λουκᾶς
3203 3015 3392 3069 φησιν,
3452 2996 3669 3067 ἔμεινεν
3696 2999 3726 3049 6

2138 3091 2301 3153 αὐτός
2318 3106 2333 3120 °
2358 3091 2452 3143 καὶ
2479 3088 2580 3159 τῆς
2602 3088 3050 3161 φρικωδεστάτης
3074 3087 3394 3152 ἀπολαύσας
3417 3088 3724 3157 τραπέζης,

446 3205 628 3262 neque
657 3194 944 3249 tremenda
973 3194 1178 3252 fruitus
1213 3212 1401 3254 mensa
1420 3239 1436 3263 ,
1471 3207 1717 3255 mutatus
1748 3209 1834 3256 est
1862 3220 1876 3256 :
1908 3202 2035 3258 Post

2140 3185 2200 3237 οὐ
2263 3181 2620 3255 μετεϐάλετο·
2691 3181 2796 3252 ἔφη
2843 3181 2986 3252 γάρ’
3017 3183 3181 3237 Μετὰ
3231 3180 3407 3236 τοῦτο
3435 3178 3728 3249 εἰσῆλθεν

444 3283 556 3336 haec
582 3283 751 3347 enim,
790 3284 971 3353 inquit
999 3287 1356 3357 evangelista,
1385 3287 1620 3343 introivit
1651 3290 1708 3343 in
1735 3306 1853 3345 eum
1873 3290 2035 3347 Sata—

446 3389 545 3427 nas
567 3374 612 3438 ⁵,
669 3374 844 3444 ipsius
872 3376 1085 3432 scilicet
1113 3393 1318 3448 corpus
1338 3379 1499 3434 nihili
1529 3379 1757 3436 faciens.
1785 3382 2039 3439 Christus

446 3474 656 3528 autem,
684 3467 988 3536 proditoris
1030 3470 1431 3540 impudentiam
1462 3470 1723 3539 irridens,
1748 3489 1857 3528 non
1886 3476 2039 3531 cohi-

452 3556 575 3612 buit
607 3573 756 3621 eum,
792 3560 1046 3629 quamvis
1079 3562 1268 3617 omnia
1312 3563 1513 3629 sciens,
1556 3563 1652 3619 sed
1696 3565 1950 3634 probavit
1978 3583 2037 3623 se

448 3643 589 3701 nihil
618 3663 809 3703 eorum
851 3665 974 3720 qua:
1011 3650 1080 3705 ad
1126 3653 1530 3708 correctionem
1561 3655 1681 3725 ejus
1710 3656 1892 3712 facere
1936 3674 2037 3727 po-

446 3746 653 3804 terant,
688 3740 984 3812 negligere.
1023 3741 1338 3799 Secundum
1370 3753 1553 3801 autem
1588 3746 1815 3802 Joannis
1842 3764 2035 3802 narra-

448 3820 683 3895 tionem,
705 3831 893 3887 Judas
927 3842 1056 3889 ante
1104 3835 1317 3892 exierat
1363 3854 1379 3892 :
1426 3852 1536 3893 non
1587 3840 1738 3894 enim
1771 3840 2034 3907 decebat,

445 3917 652 3977 Christi
674 3924 968 3981 occisionis
994 3927 1333 3993 ministrum,
1356 3930 1614 3986 salutaris
1632 3926 2045 3994 communioni!

449 4014 768 4082 receptione
819 4018 1132 4073 consecrari
1178 4036 1539 4091 :quanquam
1586 4022 1735 4076 enim
1785 4020 2041 4075 Christus

447 4107 631 4162 omnia
654 4107 758 4161 alia
785 4108 1082 4178 opprobria
1112 4111 1400 4183 sustinuit,
1422 4112 1527 4168 hoc
1556 4121 1740 4167 tamen
1765 4111 1842 4167 illi
1871 4111 2038 4183 inﬂigi

448 4213 558 4251 non
591 4199 921 4267 permissum
953 4210 1057 4255 est.

515 4289 649 4344 Luc.
708 4306 841 4353 xxn,
907 4292 990 4346 l9.
1047 4292 1116 4347 Et
1186 4302 1398 4365 accepto
1467 4296 1873 4365 pane,gratias
1914 4296 2037 4365 egit.

449 4410 514 4422 -—
536 4380 970 4438 iNTERPRETATIO.
1013 4383 1122 4454 Ego
1156 4402 1273 4438 sum
1311 4386 1469 4454 panis
1502 4367 1664 4447 virus,
1694 4387 1785 4451 qui
1825 4387 1888 4439 de
1917 4387 2041 4441 cwlo

446 4472 727 4530 descendit.
748 4484 796 4526 et
825 4477 986 4528 vitam
1005 4484 1227 4545 prwstat
1260 4476 1478 4539 mundo,
1507 4475 1642 4530 dicit
1668 4476 1873 4532 alicubi
1911 4478 2041 4532 Sal-

2144 3279 2230 3343 είς
2258 3277 2447 3332 αὐτὸν
2474 3279 2506 3331 ό
2544 3273 2838 3341 Σατανᾶς,
2872 3274 3038 3327 αὐτοῦ
3076 3273 3326 3344 σώματος
3345 3272 3726 3342 καταφρονῶν.

2158 3367 2321 3422 Ἀλλά
2374 3369 2473 3436 τῆς
2506 3364 2892 3438 ἀναισχυντίας
2943 3365 3259 3435 καταγελῶν
3315 3363 3409 3419 τοῦ
3440 3364 3728 3437 προδότου,

2143 3463 2244 3515 οὐκ
2272 3459 2546 3514 ἐκώλυσεν
2578 3458 2746 3513 αὐτὸν
2775 3460 2803 3513 ὀ
2832 3459 3090 3531 Χριστὸς,
3121 3457 3301 3512 καίτοι
3330 3458 3512 3511 πάντα
3542 3454 3724 3521 εἰδὼς,

2143 3552 2358 3615 δεικνὺς
2389 3552 2470 3605 ὅτι
2501 3551 2653 3604 οὐδὲν
2695 3550 3112 3622 παραλιμπάνει
3173 3548 3283 3603 τῶν
3319 3550 3400 3610 είς
3439 3547 3729 3619 διόρθωσιν

2144 3643 2426 3714 ἡκόντων·
2496 3642 2573 3707 ὡς
2636 3642 2693 3696 δὲ
2736 3642 2990 3711 Ἰωάννης
3038 3643 3223 3711 φησὶν,
3276 3640 3359 3693 ὅτι
3398 3638 3731 3710 προεξῆλθεν

2159 3735 2390 3798 Ἰούδας-ο
2414 3734 2474 3787 ού
2503 3735 2613 3805 γὰρ
2649 3733 2716 3787 ἂν
2747 3730 2970 3799 ἐδέξατο
3001 3733 3100 3803 τῆς
3142 3729 3412 3802 σωτηρίου
3439 3729 3731 3793 κοινωνίας

2146 3828 2235 3879 τὸν
2269 3827 2436 3909 τύπον
2458 3830 2486 3880 6
2516 3827 2614 3898 τῆς
2632 3826 3062 3896 Χριστοκτονίας
3084 3824 3363 3895 ὑπηρέτης
3383 3839 3397 3854 ·
3423 3824 3473 3876 εί
3503 3822 3614 3892 γὰρ
3630 3823 3731 3877 καὶ

2147 3919 2214 3971 τὰ
2238 3918 2372 3972 ἄλλα
2398 3918 2573 3973 πάντα
2602 3919 2832 3990 ἤνεγκεν
2856 3922 2885 3973 ὁ
2909 3918 3167 3990 Χριστὸς,
3201 3915 3338 3971 ἀλλὰ
3359 3913 3522 3969 τοῦτο
3543 3914 3732 3969 οὐκέτι

2150 4011 2534 4084 συγκεχώρητο
2562 4012 2733 4086 αὐτῷ.

2218 4285 2325 4341 Καὶ
2381 4284 2585 4340 λαϐὼν
2629 4285 2813 4352 ἄρτον
2863 4280 3337 4354 εὐχαριστήσας.
3393 4280 3737 4351 --⁹Ερμη-

2149 4381 2284 4434 νεία.
2347 4377 2497 4447 Ἐγώ
2543 4381 2662 4447 εἰμι
2707 4381 2738 4431 ό
2779 4377 2960 4445 ἄρτος
3000 4380 3033 4431 ό
3074 4373 3206 4440 ζῶν,
3261 4376 3293 4429 ὁ
3345 4373 3415 4427 ἐκ
3474 4371 3581 4427 τοῦ
3631 4373 3737 4426 οὐ·

2142 4470 2334 4540 ριινοῦ
2367 4470 2647 4536 καταϐὰς,
2683 4462 2954 4536 καῖ’ζωὴν
2975 4467 3179 4532 διδοὺς
3206 4459 3287 4531 τῷ
3330 4466 3568 4533 κόσμῳ,
3599 4463 3737 4534 φησί

450 4574 650 4619 vator:
689 4566 735 4618 si
767 4566 883 4634 quis
904 4566 1303 4621 manducauerit
1350 4582 1414 4619 ea:
1463 4567 1558 4620 hoc
1600 4583 1757 4636 pane,
1797 4570 1933 4624 vivet
1976 4570 2029 4623 in

2148 4581 2249 4617 που
2281 4565 2308 4617 6
2358 4563 2552 4634 Σωτήρ
2575 4578 2588 4592 ·
2612 4561 2723 4616 ἐάν
2775 4579 2867 4626 τις
2919 4558 3080 4630 φάγῃ
3121 4559 3190 4612 ἐκ
3240 4559 3456 4612 τούτου
3486 4554 3594 4610 τοῦ
3628 4555 3739 4623 dp-

449 4666 727 4723 orternum,
749 4666 856 4713 etc.
880 4656 1275 4712 Manducantes
1299 4656 1465 4731 igitur
1499 4673 1721 4713 carnem
1745 4658 2042 4716 Salvatoris

451 4750 623 4820 nostri
671 4750 801 4806 Jesu
854 4748 1094 4813 Christi,
1150 4758 1207 4804 et
1253 4748 1511 4805 bibentes
1560 4751 1681 4822 ejus
1717 4752 2041 4823 sanguinem

452 4843 619 4897 vitam
668 4841 938 4907 habemus
973 4840 1029 4895 in
1066 4838 1342 4897 nobismet
1386 4840 1542 4910 ipsis,
1588 4850 1696 4897 etc.
1730 4842 1903 4898 Porro
1941 4860 2042 4899 ne-

451 4948 604 4990 cesse
635 4941 755 4989 erat
803 4948 978 5003 genus
1011 4930 1336 4998 humanum,
1375 4933 1540 4988 morti
1574 4933 1897 5000 obnoxium,
1930 4950 2041 4990 non

451 5024 560 5080 alio
619 5023 787 5079 modo
841 5023 910 5078 ad
974 5023 1449 5093 incorruptionem
1516 5024 1810 5094 pervenire
1863 5043 1877 5080 :
1931 5041 2043 5081 non

450 5119 599 5174 enim
677 5118 783 5173 hoc
859 5118 1123 5189 possibile
1196 5117 1430 5182 fuisset,
1514 5119 1622 5174 nisi
1698 5119 2043 5190 unigenitum

452 5209 548 5264 Dei
603 5208 880 5276 Verbum,
930 5226 1131 5280 corpus
1179 5219 1432 5267 nostrum
1480 5226 1641 5266 suum
1694 5210 1937 5277 faciens,
1977 5227 2045 5266 ex

456 5301 688 5357 muliere
737 5302 1044 5358 secundum
1098 5318 1322 5359 carnem
1381 5311 1540 5358 natus
1599 5302 1827 5367 fuisset,
1875 5318 2046 5373 seque

456 5392 637 5462 ipsum
667 5392 829 5449 nobis
861 5393 1177 5459 insevisset,
1203 5410 1369 5450 unam
1396 5408 1633 5477 massam
1658 5410 1758 5466 per
1783 5396 2045 5451 unionem

356 5508 363 5515 ι
456 5480 793 5537 iudivuisam
841 5482 1086 5541 eﬂiciens
1119 5503 1132 5540 :
1165 5485 1406 5541 Verbum
1445 5486 1630 5550 enim,
1679 5485 1775 5555 qui
1815 5487 1962 5542 Deus
1992 5497 2049 5541 ct

458 5571 567 5627 vita
620 5579 745 5637 est,
790 5576 944 5631 unita
1001 5577 1106 5634 sibi
1145 5577 1249 5648 ipsi
1292 5593 1464 5634 carne
1504 5577 1761 5643 mortali,
1799 5578 1971 5650 ipsam
2016 5596 2043 5632 a

461 5665 690 5733 mortuis
734 5670 1112 5726 resuscitatam
1144 5672 1340 5727 mortis
1365 5678 1421 5727 et
1452 5669 1827 5739 corruptionis
1854 5669 2045 5724 victri-

534 5844 547 5890 τ
585 5843 741 5900 Joau.
774 5862 847 5917 γι,
879 5848 969 5905 52.
1051 5851 1069 5883 ²
1108 5847 1244 5905 ibid.
1279 5843 1368 5905 Si.
1447 5848 1462 5875 ‘
1503 5847 1635 5907 ibid.
1671 5849 1758 5903 57.

1838 5848 1854 5877 ‘
1892 5847 1933 5901 il
1961 5847 2085 5901 Cor.
2125 5862 2175 5912 v,
2211 5846 2292 5899 15.

2147 4653 2451 4722 του,ζιὶσει
2475 4656 2563 4720 εις
2582 4654 2690 4708 τὸν
2716 4650 2923 4715 αἰῶνα,
2964 4669 3021 4707 κ.
3044 4668 3095 4704 τ.
3128 4648 3178 4705 λ.
3212 4647 3423 4703 Οὐκοῦν
3459 4646 3739 4707 ἐσθίοντες

2148 4748 2246 4817 τὴν
2273 4748 2451 4817 σάρκα
2474 4745 2570 4800 τοῦ
2620 4745 2872 4816 Σωτῆρος
2909 4742 3069 4814 ἡμῶν
3114 4739 3288 4814 Ἰησοῦ
3339 4737 3602 4810 Χριστοῦ,
3638 4738 3739 4791 καὶ

2150 4839 2398 4902 πίνοντες
2421 4836 2586 4892 αὐτοῦ
2608 4837 2671 4891 τὸ
2687 4830 2851 4906 αἷμα,
2884 4834 3030 4907 ζωὴν
3060 4833 3259 4906 ἔχομεν
3282 4833 3341 4887 ὲν
3379 4832 3599 4893 ἑαυτοῖς
3621 4839 3734 4886 etc.

2154 4931 2301 4984 Ἔδει
2329 4929 2507 4983 τοίνυν
2523 4926 2912 4997 τδνᾶνθρωπον
2934 4924 3348 4997 κεκρατημένον
3374 4922 3611 4993 θανάτῳ,
3633 4921 3742 4973 οὐκ

2149 5022 2326 5086 ἄλλως
2359 5022 2495 5091 πρὸς
2533 5017 2848 5092 ἀφθαρσίαν
2873 5017 3207 5089 ἀναδραμεῖν
3225 5033 3238 5047 ο
3264 5015 3389 5071 ἐπεὶ
3409 5016 3470 5068 ού
3507 5013 3738 5067 δυνατὸν

2149 5107 2238 5183 ἦν,
2279 5111 2328 5163 εί
2361 5110 2437 5181 μὴ
2480 5109 2571 5164 τὸν
2628 5108 2896 5180 μονογενῆ
2946 5107 3041 5162 τοῦ
3079 5105 3216 5160 Θεοῦ
3265 5105 3439 5174 Λόγον
3474 5103 3741 5173 lateantq-

2153 5203 2387 5274 σάμενον
2418 5202 2482 5255 τὸ
2508 5200 2671 5273 σῶμα
2693 5202 2874 5271 ἡμῶν,
2906 5197 3237 5271 γεννηθῆναί
3265 5214 3325 5250 τε
3360 5194 3504 5251 κατά
3552 5193 3740 5266 σάρκα

2150 5297 2213 5350 ὲκ
2228 5297 2484 5365 γυναικός
2504 5312 2517 5327 ο
2547 5296 2644 5349 καὶ
2667 5294 2861 5349 ἑαυτὸν
2889 5295 3024 5365 ἡμῖν
3056 5292 3406 5362 ὲμφυτεύσας
3424 5289 3483 5343 ἓν
3504 5287 3739 5357 φύραμα

2153 5388 2403 5456 γενέσθαι
2419 5387 2542 5441 καθ’
2568 5387 2761 5441 ἕνωσιν
2783 5386 3148 5441 ἀδιάσπαστον
3165 5400 3177 5412 ·
3198 5381 3407 5445 ὲνώσας
3427 5381 3535 5450 γὰρ
3550 5377 3736 5447 ἑαυτῷ

2155 5482 2254 5550 τὴν
2288 5480 2503 5551 θανάτῳ
2531 5480 2763 5551 κάτοχον
2811 5477 2992 5550 σάρκα
3026 5476 3160 5539 Θεὸς
3212 5472 3289 5528 ὢν
3322 5476 3351 5528 6
3405 5471 3578 5539 Λόγος
3640 5472 3739 5523 xat

2154 5572 2290 5643 ζωὴ,
2330 5572 2641 5643 ἀναστήσας
2662 5570 2837 5642 αὐτὴν
2868 5571 2933 5623 ἐκ
2960 5566 3192 5639 νεκρῶν,
3218 5563 3452 5620 θανάτου
3482 5563 3579 5618 καὶ
3603 5561 3739 5631 φθο-

2156 5644 2256 5736 ρέις
2288 5664 2538 5736 ἀπέφηνε
2566 5663 2875 5736 κρείττονα,
2921 5661 3015 5716 καὶ
3035 5657 3394 5731 ,ἀπεσὸδησεν
3427 5652 3598 5726 αὐτῆς
3634 5650 3740 5727 τὴν

2371 5847 2389 5877 ⁸
2434 5845 2591 5901 Joan.
2618 5854 2731 5907 λιιι,
2770 5843 2857 5899 '27.
